4120 6310
207 327 353 381 1177

502 455 647 503 ΚΕΦ.
683 448 757 506 Δ¹.
788 452 1015 509 Ζήτήσις
1049 452 1163 520 περὶ
1186 446 1542 518 καθαρισμοῦ.

283 541 523 611 Ἐγένετο
594 570 658 578 -
733 540 1088 610 καθαρισμοῦ.
1156 537 1383 607 Ἐγένετο
1461 531 1689 599 διάλεξις
1766 538 1822 589 ἐκ

209 639 314 681 τῶν
363 630 612 701 μαθητῶν
664 627 901 680 Ἰωάννου
937 630 1066 701 πρὸς
1122 622 1381 680 Ἰουδαῖον
1422 645 1555 690 τινα,
1596 632 1819 678 Βοιπτισ-

210 721 372 771 θέντα
402 720 547 788 παρὰ
571 726 669 769 τῶν
700 717 947 789 μαθητῶν
978 723 1069 768 τοῦ
1102 723 1355 790 Χριστοῦ.
1395 714 1454 767 Ἠ
1496 712 1555 767 δὲ
1596 715 1824 776 ζήτησις

209 804 275 865 ἦν
324 811 449 881 περὶ
498 808 855 879 καθαρισμοῦ,
887 809 1006 863 ἤτοι
1036 804 1425 878 βαπτίσματος,
1458 805 1523 865 ὡς
1569 810 1660 857 τοῦ
1700 807 1819 877 παρ’

206 896 399 958 αὐτοῖς
426 894 575 948 πλέον
602 914 652 947 τι
681 902 772 947 τοῦ
804 903 903 946 τῶν
933 896 1179 967 μαθητῶν
1206 894 1316 966 (42)
1345 896 1574 966 ἔχοντος.
1598 892 1822 951 Ζηλοτυ-

204 994 433 1048 πούντες
460 987 562 1059 γὰρ
603 987 903 1058 ἑπεχείρουν
931 985 1143 1037 πείθειν.

285 1257 489 1305 Καὶ-
539 1250 808 1325 βαπτίζει.
840 1252 923 1311 Μὴ
973 1247 1279 1313 δυνηθέντες
1317 1258 1498 1304 πεῖσαι
1548 1253 1635 1303 τὸν
1695 1250 1820 1303 Ἰου-

203 1339 387 1406 δαῖον,
433 1338 587 1400 ἦλθον
632 1345 759 1415 πρὸς
794 1345 880 1393 τὸν
930 1336 1256 1393 διδάσκαλον
1302 1340 1514 1405 ἑαυτῶν,
1547 1344 1638 1392 καὶ
1680 1336 1817 1392 εἷπον

199 1433 287 1484 ὅτι
328 1431 402 1503 ⁷ῼ
434 1433 498 1483 σύ
532 1434 935 1503 μεμαρτύρηκας
964 1438 1195 1483 τοσαῦτα
1219 1435 1308 1481 καὶ
1334 1437 1575 1499 τοιαῦτα,
1606 1429 1661 1481 ὃν
1724 1426 1819 1481 διὰ

201 1528 306 1582 σῆς
365 1526 658 1594 μαρτυρίας
711 1516 988 1589 ἐδόξασας,
1024 1519 1173 1581 οὗτος
1224 1519 1555 1595 ἁντιπράττει
1596 1538 1699 1583 σοι,
1727 1523 1816 1570 xui

198 1610 512 1684 ὑφαρπάζει
540 1613 635 1668 τὴν
676 1606 833 1672 δόξαν
875 1628 990 1663 σου.
1024 1608 1136 1662 Ἔτι
1178 1604 1237 1661 δὲ
1284 1608 1620 1684 παρακνίζειν
1661 1608 1814 1660 αὐτὸν

194 1698 487 1768 ἐθέλοντες,
525 1701 890 1774 προστιθέασι·

268 1792 390 1841 Καὶ
420 1820 488 1829 —
518 1788 691 1843 αὐτόν.
727 1790 785 1841 Σὶ
813 1786 1306 1859 καταλιμπάνοντες.

263 1880 568 1953 ’Λ-πεκρίθη
649 1909 720 1918 —
792 1877 1032 1951 ούρανοῦ.
1111 1877 1184 1928 Ού
1256 1874 1475 1929 δύναται
1545 1879 1815 1950 ἄνθρωπος

188 1967 276 2041 ἀφ’
348 1967 540 2020 ἑαυτοῦ
602 1966 877 2039 λαμϐάνειν
930 1962 1079 2018 οὐδὲν
1132 1960 1360 2018 τοιουτᾶν
1415 1963 1519 2018 οἷον
1576 1966 1812 2041 οὐράνιον

184 2062 276 2111 καὶ
336 2058 507 2112 θεῖον.
572 2061 732 2114 Γήῑνα
768 2058 869 2130 γὰρ
925 2059 1013 2107 καὶ
1062 2053 1359 2130 ἀνθρώπινα
1386 2054 1565 2107 πολλοὶ
1625 2054 1811 2107 πολλά-

185 2169 274 2211 κις

188 2240 602 2312 μυστικώτερον
657 2238 746 2307 μεν
806 2236 1054 2307 ύπέφηνεν
1111 2236 1192 2285 ὅτι
1267 2233 1361 2286 οὐκ
1416 2236 1554 2286 ἔστιν
1616 2234 1811 2307 ἄνθρω-

368 2150 458 2198 καὶ
526 2143 609 2217 ἀφ’
679 2145 871 2197 ἑαυτῶν
910 2143 1255 2217 λαμϐάνουσι.
1289 2152 1448 2197 Τοῦτο
1521 2140 1579 2196 δὲ
1636 2143 1807 2210 εἰπὼν,

188 2348 288 2389 πος
352 2324 545 2392 ἁπλῶς,
581 2322 709 2376 ἀλλὰ
764 2328 852 2375 καὶ
905 2328 1051 2385 Θεὸς
1110 2329 1450 2397 φανερώτερον
1500 2320 1559 2375 δὲ
1616 2319 1810 2381 ἐδήλω-

195 2437 282 2470 σεν
352 2418 433 2465 ὅτι
479 2414 535 2464 ἐκ
599 2420 732 2466 Θεοῦ
788 2411 931 2465 ἔλαϐε
986 2416 1044 2464 τὸ
1096 2409 1416 2475 δοξάζεσθαι
1468 2417 1557 2463 καὶ
1621 2414 1810 2473 πάντας

194 2505 529 2580 ἐφέλκεσθαι.

273 2681 423 2747 Εἶτα,
456 2680 563 2733 ἐπεὶ
602 2685 696 2739 τὴν
745 2680 904 2733 αὐτοῦ
956 2684 1253 2752 μαρτμρίαν
1298 2677 1640 2750 προεϐάλοντο
1679 2682 1810 2751 πρὸς

202 2768 575 2841 ύποϐιϐασμὸν
629 2778 719 2822 τού
784 2776 1038 2843 Χριστοῦ,
1102 2771 1394 2840 περιτρέπει
1446 2768 1641 2823 ταύτην
1692 2766 1807 2818 κατ’

202 2861 399 2921 αὐτῶν,
428 2864 514 2910 καὶ
548 2857 634 2910 ἀπ’
673 2858 831 2918 αὐτῆς
882 2856 1069 2929 μᾶλλον
1121 2853 1385 2907 δείκνυσιν
1435 2852 1619 2907 ἐκεῖνον
1662 2856 1812 2929 ὑπερ-

200 2952 454 3019 κείμενον.
497 2952 646 3017 Λέγει
672 2949 793 3021 γὰρ’

280 3034 439 3087 Αύτοὶ
506 3067 572 3074 -
650 3034 862 3089 ἐκείνου.
947 3033 1350 3107 Ἀπεσταλμένος
1434 3033 1539 3105 εἰμὶ
1622 3036 1808 3107 ἔμπροο

1189 308 1559 375 COMMENT.
1606 319 1670 375 IN
1709 319 2060 377 JOANNEM.
2100 353 2168 363 —
2207 322 2365 379 CAP.
2408 324 2498 379 III.

1854 444 1902 499 A

3450 324 3590 380 M78

2291 450 2441 505 CAP.
2521 452 2607 506 IV.
2644 451 2727 507 De
2760 451 3204 521 puriﬁcatione.

2005 538 2168 593 Vers.
2201 544 2287 595 25.
2330 539 2518 596 Facta
2552 546 2635 596 est
2690 572 2755 581 —
2791 541 3233 609 puriﬁcatione.
3282 544 3459 599 Facta
3493 546 3585 599 est

1932 627 2254 699 disputatio
2297 644 2369 683 ex
2412 628 2717 701 discipulis
2765 630 3012 686 Joannis
3055 632 3341 687 adversus
3386 648 3589 702 quem-

1930 716 2070 773 dam
2093 717 2367 772 Judasum
2396 733 2432 773 a
2452 717 2662 773 Christi
2686 718 2994 791 discipulis
3011 719 3399 792 baptizatum.
3419 721 3590 787 Quae-

1932 805 2046 861 stio
2073 811 2273 862 autem
2304 810 2431 862 erat
2456 806 2528 863 de
2562 807 2991 879 puriﬁcatione,
3037 810 3159 865 sive
3201 810 3584 880 baptismate,

1931 899 2214 967 tanquam
2244 896 2541 968 baptisma
2559 913 2764 953 eorum
2789 898 3049 969 amplius
3079 898 3375 971 quiddam
3397 899 3589 956 habe-

1933 992 2015 1040 ret
2040 1001 2219 1057 super
2276 986 2583 1058 baptisma
2629 987 3068 1059 discipulorum
3117 989 3354 1056 Christi,
3398 1005 3589 1044 aemu-

1929 1075 2150 1130 latione
2210 1074 2509 1147 siquidem
2587 1076 2820 1132 accensi
2901 1076 2962 1131 id
3038 1077 3399 1149 persuadere
3459 1077 3589 1150 (dd)

1929 1164 2323 1219 conabantur.

1998 1253 2161 1309 Vers.
2220 1258 2309 1310 26.
2366 1255 2448 1310 Et
2507 1286 2571 1298 -υ
2636 1254 2918 1325 baptizat.
2975 1257 3122 1311 Cum
3144 1256 3423 1312 Judaeum
3465 1257 3590 1312 vin-

1929 1358 2059 1398 cere
2103 1358 2222 1397 non
2253 1349 2514 1414 possent,
2557 1350 2848 1399 venerunt
2886 1344 2963 1401 ad
3005 1345 3364 1416 magistrum
3413 1362 3590 1401 suum

1927 1448 1997 1488 ac
2047 1433 2324 1487 dixerunt
2380 1449 2392 1486 :
2441 1432 2558 1500 Ille,
2619 1433 2694 1488 de
2747 1450 2870 1504 quo
2925 1438 3089 1491 tanta
3132 1450 3201 1490 ac
3243 1434 3385 1491 talia
3428 1434 3587 1491 testi«

1924 1521 2137 1577 ﬁcatus
2175 1537 2258 1587 es,
2305 1538 2488 1594 quem
2537 1526 2642 1577 tuo
2691 1524 3035 1579 testimonio
3080 1524 3442 1595 gloriﬁcasti,
3490 1524 3587 1579 hic

1926 1616 2093 1668 tuum
2149 1627 2370 1666 munus
2426 1616 2633 1667 contra
2686 1616 2741 1667 te
2783 1618 3033 1678 exercet,
3090 1618 3378 1686 tuamque
3431 1612 3589 1684 rapit

1925 1700 2192 1770 gloriam.
2246 1704 2310 1755 Et
2354 1700 2597 1773 insuper
2649 1718 3002 1774 exasperare
3043 1702 3209 1758 illum
3264 1703 3583 1774 cupientes,

1848 1797 1895 1852 B
1924 1790 2285 1847 addiderunt
2319 1807 2332 1845 :

1994 1880 2156 1936 Vers.
2184 1884 2273 1935 26.
2305 1881 2381 1935 Et
2414 1911 2478 1920 -
2510 1896 2663 1936 eum.
2701 1883 2775 1937 'I‘e
2818 1880 3039 1937 relicto.

1996 1972 2137 2025 Vers
2162 1974 2249 2025 27.
2294 1970 2607 2037 Respondit
2655 2002 2721 2011 ——
2776 1972 2936 2027 ccelo.
2994 1974 3121 2027 Non
3166 1976 3362 2044 potest
3394 1971 3583 2027 homo

1924 2075 1961 2115 a
2000 2057 2201 2130 seipso
2245 2062 2365 2114 tale
2406 2058 2723 2130 quippiam
2771 2058 3062 2131 accipere,
3104 2063 3302 2131 utpote
3346 2058 3585 2115 caeleste

1921 2163 1991 2204 ac
2030 2147 2299 2203 divinum
2336 2163 2519 2204 :nam
2563 2153 2861 2204 terrenum
2883 2164 2954 2204 ac
2983 2148 3317 2206 humanum
3360 2147 3583 2220 saepius

1921 2238 2102 2293 etiam
2160 2253 2197 2293 a
2263 2236 2476 2308 seipsis
2528 2237 2846 2311 accipiunt.
2918 2241 3035 2295 Hoc
3087 2243 3289 2295 autem
3354 2238 3583 2302 dicens,

1922 2326 2147 2382 occulte
2203 2326 2441 2398 quidem
2496 2327 2771 2392 ostendit,
2827 2327 3122 2382 Christum
3183 2342 3304 2383 non
3361 2326 3587 2399 simpli-

1922 2417 2063 2471 citer
2099 2416 2407 2471 hominem
2452 2430 2602 2481 esse,
2662 2416 2765 2471 sed
2828 2416 3005 2471 etiam
3060 2418 3246 2471 Deum
3317 2430 3331 2471 :
3394 2416 3582 2471 mani-

1920 2505 2064 2560 feste
2129 2520 2266 2558 vero
2320 2504 2767 2568 demonstravit,
2822 2504 2987 2575 quod
3028 2519 3064 2560 a
3096 2506 3215 2559 Deo
3273 2508 3582 2575 acceperat

1921 2598 1984 2649 ut
2022 2592 2451 2662 gloriﬁcaretur
2514 2607 2845 2663 omnesque
2900 2592 3239 2648 attraheret.

1992 2680 2212 2736 Deinde
2242 2681 2380 2751 quia
2408 2681 2656 2736 Joannis
2688 2681 3096 2737 testimonium
3128 2681 3207 2737 ad
3230 2680 3442 2738 Christi
3471 2682 3580 2737 im-

1920 2770 2311 2825 minutionem
2327 2775 2798 2840 assumpserant,
2825 2775 3128 2841 retorquet
3155 2771 3348 2842 ipsum
3371 2776 3577 2826 contra

1919 2875 2041 2924 eos,
2076 2862 2130 2914 et
2159 2858 2237 2914 ab
2262 2875 2330 2915 eo
2363 2860 2557 2929 magis
2573 2859 3009 2916 ostenditillum
3028 2860 3140 2915 sibi
3162 2859 3573 2932 praapositum.

1918 2948 2010 3005 Ait
2036 2947 2196 3004 enim
2224 2967 2236 3007 :

1992 3040 2244 3095 Vers.28.
2279 3037 2402 3107 Ipsi
2433 3069 2499 3079 —
2531 3039 2729 3095 illum.
2758 3038 2976 3095 Missus
3019 3055 3154 3094 sum
3196 3042 3332 3095 ante
3383 3038 3573 3106 illum,

205 3126 326 3177 σθεν
387 3122 599 3189 ἐκείνου,
658 3128 773 3182 ἤτοι
837 3120 1079 3185 διάκονος
1125 3127 1215 3175 καὶ
1245 3124 1503 3196 ὑπηρέτης
1533 3121 1713 3177 αύτού.
1748 3128 1807 3175 Ei

1934 3128 2039 3183 sive
2072 3127 2339 3184 minister
2370 3144 2439 3184 ac
2471 3145 2683 3185 servus
2702 3130 2852 3200 ejus.
2885 3129 2942 3185 Si
2972 3144 3115 3199 ergo
3138 3145 3341 3184 meum
3360 3129 3574 3200 produ-

207 3213 298 3267 οὖν
329 3217 421 3272 τήν
466 3212 591 3286 ἐμὴν
644 3213 755 3285 (43)
801 3212 1150 3287 προϐάλλεσθε
1194 3216 1507 3287 μαρτυρίαν,
1536 3214 1666 3270 αὕτη
1697 3216 1806 3285 μεί-

208 3304 336 3363 ζονα
366 3301 550 3355 ἐκεῖνον
578 3301 704 3375 ἐμαρ
713 3305 837 3376 τύρη
848 3322 951 3355 σεν.

278 3391 337 3442 Ὀ
384 3423 449 3433 ——
518 3393 678 3445 ἐστίν.
740 3392 925 3457 Αὐτὸς,
990 3392 1100 3463 (4-4)
1160 3394 1184 3443 ὁ
1234 3394 1371 3463 ἔχων
1430 3394 1524 3448 τὴν
1580 3393 1802 3463 νύμφην,

205 3482 366 3543 αὐτὸς
401 3483 515 3535 ἐστι
564 3487 799 3553 νυμφίος,
862 3485 1023 3552 ἤγουν
1072 3484 1271 3554 κύριος.
1325 3483 1516 3553 Νύμφη
1580 3484 1668 3549 μεν
1718 3476 1805 3531 οὖν

204 3574 229 3624 ὁ
283 3570 403 3632 λαὸς
451 3582 547 3623 των
620 3581 839 3638 πιστῶν,
893 3573 922 3629 ἡ
984 3572 1269 3631 Ἐκκλησία
1349 3579 1610 3643 μυστικῶς
1682 3589 1808 3622 συν-

203 3666 467 3732 απτομένη
504 3658 595 3713 δ’ιά
627 3667 865 3722 πίστεως·
898 3667 1110 3733 νυμφίος
1143 3658 1201 3714 δε
1230 3662 1254 3712 ὁ
1288 3663 1535 3735 Χριστὸς,
1570 3658 1807 3735 ἀρρήτως

205 3752 482 3801 συνάπτων
565 3750 730 3820 ἑαυτῴ
794 3756 876 3802 καὶ
949 3750 1147 3803 οἰκείων
1202 3752 1396 3808 ταύτην
1465 3747 1802 3820 ἐπιλεγείσαν·

201 3837 347 3889 Ἐπεὶ
395 3844 485 3891 καὶ
538 3838 771 3911 ἀλλαχοῦ
825 3841 1029 3911 γάμους
1075 3840 1187 3912 (li-5)
1229 3842 1286 3892 τὸ
1320 3840 1585 3912 πρᾶγμαὸ
1626 3838 1803 3913 Σωτῆρ

198 3926 492 3999 ὠνόμασεν.

266 4016 333 4069 ’0
386 4016 444 4072 δὲ
520 4018 660 4091 φίλος
721 4051 786 4059 -
852 4025 1096 4091 νυμφίου.
1155 4020 1417 4095 Ἀνωτέρω
1474 4022 1563 4087 μὶν
1623 4016 1805 4072 διάκοο

193 4127 283 4159 νον
348 4114 437 4160 καὶ
482 4110 763 4180 ὑπηρέτην,
815 4107 1034 4161 ἐνταυθα
1092 4105 1151 4162 δὲ
1208 4108 1349 4181 φίλον
1394 4108 1573 4161 ἑαυτὸν
1612 4107 1802 4161 ἐκείνου

196 4195 352 4248 καλεῖ
398 4197 491 4248 οὐκ
532 4195 755 4269 ἓπαίρων
803 4197 1001 4261 ἑαυτὸν,
1031 4194 1155 4251 οὐδὲ
1206 4198 1510 4270 κομπάζων,
1542 4196 1669 4250 ἀλλὰ
1711 4202 1803 4255 την

199 4284 288 4336 ἐπὶ
341 4293 411 4355 τῷ
464 4286 576 4356 (46)
628 4288 899 4357 πράγματι
930 4288 1105 4360 χαρὰν
1159 4283 1536 4359 ἐνδεικνύμενος
1584 4283 1677 4339 διὰ
1713 4294 1804 4347 τῆς

198 4382 294 4425 τοῦ
354 4374 496 4446 φῦου
550 4380 929 4450 προσηγορίας.
1011 4377 1131 4447 Οὐχ
1197 4380 1331 4427 οὕτω
1399 4379 1498 4450 γὰρ
1558 4378 1606 4427 οἱ
1672 4376 1806 4432 ὑπη-

198 4464 347 4535 ρέται
403 4469 687 4537 χαίρουσιν
736 4467 783 4516 ἓν
833 4472 942 4526 τοῖς
991 4467 1183 4536 γάμοις
1234 4473 1332 4516 τῶν
1382 4470 1594 4538 κυρίων,
1629 4468 1697 4525 ως
1754 4466 1803 4517 οἱ
1835 4500 1882 4556 D

201 4550 363 4623 φίλοι.

271 4641 339 4693 ”Ο
398 4638 456 4695 δὲ
512 4641 648 4713 λέγει
706 4648 938 4695 τοιοῦτον
971 4641 1132 4711 ἐστιν,
1164 4644 1244 4695 ὅτι
1282 4642 1501 4702 Ἐκεῖνος
1558 4645 1648 4714 μέν
1692 4640 1801 4694 ἐστι

199 4736 415 4804 νυμφίος
463 4736 553 4784 xui
606 4735 814 4804 Κύριος·
875 4730 971 4802 ἐγὼ
1027 4728 1087 4783 δέ
1139 4731 1283 4804 φίλος
1311 4735 1400 4783 καὶ
1429 4735 1798 4803 νυμφαγωγὸς,

202 4818 256 4879 ὃς
337 4821 569 4882 ἑστηκὼς
624 4818 731 4879 ἤδη
814 4824 883 4883 ὡς
957 4818 1154 4882 ἀνύσας
1226 4824 1318 4878 τὴν
1402 4824 1799 4892 νυμφαγωγίαν,

200 4913 293 4959 καὶ
340 4912 408 4971 ὡς
464 4908 749 4984 πληρώσας
812 4914 867 4963 τὸ
902 4908 1252 4981 ὶντεταλμένον
1308 4929 1421 4982 μοι,
1479 4913 1569 4962 καὶ
1620 4908 1798 4962 λοιπὸν

200 4995 401 5049 ἁκούων
428 4996 587 5050 αὐτοῦ
615 4996 981 5070 διαλεγομένου
1028 5001 1155 5072 πρὸς
1182 5002 1278 5058 τὴν
1314 5001 1516 5072 νύμφην
1564 5003 1654 5051 καὶ
1709 4999 1797 5073 ῥυ-

1915 3217 2044 3274 citis
2079 3216 2500 3283 testimonium,
2525 3217 2670 3273 illud
2705 3217 2997 3288 majorem
3026 3217 3187 3273 hunc
3212 3232 3347 3273 esse
3376 3216 3575 3273 testiﬁ-

1915 3311 2117 3363 catum
2141 3312 2248 3362 est.

1986 3398 2145 3451 Vers.
2180 3399 2267 3451 '29.
2302 3396 2416 3463 Qui
2444 3427 2511 3436 —
2540 3401 2640 3452 est.
2690 3398 2839 3467 Ipse,
2880 3394 2984 3467 qui
3034 3410 3325 3466 sponsam
3370 3394 3571 3460 habet,

1915 3502 2173 3558 sponsus
2203 3490 2291 3541 est
2318 3486 2411 3541 vel
2437 3485 2739 3541 dominus.
2768 3484 3297 3555 Sponsasiquidem
3314 3484 3575 3555 populus

1917 3580 2003 3631 est
2026 3574 2299 3642 ﬁdelium,
2330 3574 2453 3630 sive
2488 3574 2745 3631 Ecclesia
2774 3573 3011 3645 mystice
3039 3589 3143 3644 per
3156 3572 3335 3628 ﬁdem
3352 3573 3572 3629 coadu-

1914 3672 2074 3729 nata;
2099 3680 2359 3735 sponsus
2388 3680 2530 3720 vero
2557 3663 3018 3726 Christus,hanc
3045 3662 3421 3719 ineﬂ‘abiliter
3455 3661 3571 3718 sibi

1914 3752 2287 3817 coadunans,
2319 3752 2785 3825 etapproprians
2811 3767 2881 3807 ac
2915 3750 3164 3821 eligens.
3197 3751 3357 3807 Unde
3372 3756 3427 3807 et
3454 3750 3575 3807 Sal-

1913 3846 2083 3899 vator
2112 3858 2237 3898 rem
2268 3842 2426 3898 hanc
2454 3841 2697 3913 nuptias
2729 3840 2873 3897 alibi
2910 3840 3257 3913 appellavit.

1985 4018 2144 4075 Vers.
2172 4023 2260 4075 29.
2292 4018 2535 4075 Amicus
2565 4023 2763 4074 autem
2788 4048 2839 4058 -
2876 4017 3094 4085 sponsi.
3141 4016 3420 4089 Superius
3445 4018 3576 4090 qui-

1913 4108 2051 4164 dem
2080 4108 2345 4180 seipsum
2372 4124 2609 4164 servum
2628 4123 2698 4162 ac
2724 4106 3191 4172 ministrum,hic
3206 4110 3405 4161 autem
3421 4108 3569 4163 ami-

1912 4212 2048 4252 cum
2064 4196 2215 4251 illius
2245 4200 2447 4252 vocat:
2466 4212 2582 4251 non
2598 4196 2862 4266 seipsum
2887 4193 3173 4251 extollens
3196 4194 3572 4266 autjactans,

1913 4285 2018 4341 sed
2048 4284 2105 4340 in
2124 4286 2239 4341 hoc
2266 4284 2502 4355 negotio
2528 4283 2820 4357 gaudium
2844 4283 3269 4339 demonstrans
3295 4300 3400 4354 per
3423 4284 3573 4339 ami-

1913 4374 1967 4430 ci
1996 4374 2480 4447 appellationem.
2517 4378 2710 4446 Neque
2740 4374 2897 4428 enim
2930 4374 3008 4429 ita
3049 4374 3314 4442 gaudent
3340 4373 3483 4428 servi
3511 4374 3571 4430 in

1914 4464 2134 4536 nuptiis
2160 4464 2539 4521 dominorum
2572 4463 2723 4520 sicut
2753 4463 2954 4521 amici.

1984 4642 2154 4708 Quod
2184 4658 2325 4713 ergo
2349 4641 2514 4707 dicit,
2552 4640 2927 4697 tantumdem
2967 4645 3075 4711 est,
3125 4656 3195 4696 ac
3243 4640 3292 4695 si
3328 4638 3569 4697 diceret.

1910 4731 2007 4787 Ille
2037 4730 2281 4804 quidem
2308 4746 2567 4804 sponsus
2589 4735 2677 4786 est
2706 4746 2775 4787 ac
2804 4731 3107 4796 Dominus;
3125 4745 3236 4800 ego
3258 4744 3400 4785 vero
3427 4730 3576 4787 ami-

1910 4836 2013 4875 cus
2039 4836 2109 4876 ac
2139 4835 2377 4892 sponsas
2406 4818 2635 4886 ductor,
2665 4819 2768 4891 qui
2802 4824 2966 4875 stans
2991 4819 3115 4889 jam
3145 4823 3201 4875 et
3230 4818 3455 4890 nuptiis
3484 4818 3571 4875 in-

1909 4909 2162 4965 tendens
2206 4908 2603 4980 perﬁciendis,
2662 4907 2948 4981 quodque
2990 4908 3135 4964 mihi
3188 4908 3430 4979 jussum
3484 4913 3576 4966 est

1908 4996 2249 5069 adimplens
2281 5002 2338 5053 et
2379 4996 2589 5053 exinde
2632 4996 2883 5053 audiens
2920 4997 3121 5069 ipsum
3162 5013 3301 5053 cum
3340 5012 3567 5070 sponsa

1427 5176 1647 5247 Variae
1683 5176 2015 5246 lectiones
2061 5183 2130 5245 et
2168 5185 2371 5243 notas.

273 5376 384 5449 (42)
438 5381 669 5449 Χριστοῦ
716 5373 1156 5449 perspicuitatis
1196 5391 1382 5449 causa
1426 5374 1798 5449 addendum,

196 5445 372 5536 (ἦρος
398 5445 856 5518 Chi‘ysostomus
888 5445 1069 5502 etiam
1116 5445 1314 5512 habet,
1355 5450 1514 5503 tome
1562 5447 1703 5512 VIII,
1738 5462 1795 5518 p.

201 5518 303 5571 165
333 5517 390 5571 F.
517 5517 524 5518 ί

272 5588 386 5658 (43)
425 5587 757 5663 Προϐάλεσθε
790 5596 851 5643 Α.

269 5763 395 5839 (dd)
422 5762 491 5822 Id
510 5764 891 5839 persuadere,
935 5765 1005 5826 Id
1034 5780 1155 5825 non
1193 5769 1281 5825 est
1310 5764 1371 5824 in
1402 5765 1624 5830 ϐαδιοοι

1986 5374 2100 5446 (44)
2126 5372 2188 5428 Ὀ
2219 5373 2435 5446 omum
2464 5372 2521 5446 Β,

1986 5443 2102 5514 (45)
2133 5445 2317 5500 Veluti
2356 5444 2555 5500 Matth.
2589 5457 2729 5507 χχιι,
2771 5447 2824 5507 2,
2867 5443 3000 5500 coll.
3044 5448 3097 5513 9,
3138 5448 3221 5503 I5.

1983 5516 2095 5589 (46)
2136 5517 2254 5570 Ἐπὶ
2290 5524 2387 5567 τῶν
2416 5515 2732 5592 πραγμάτων
2763 5515 2828 5577 Α,
2921 5521 2931 5534 ”
