4120 6310
635 331 776 390 1179

1948 330 2290 388 EUTHYMII
2342 329 2698 387 ZAGABENI

3903 333 4022 390 1180

633 460 1090 532 colloquentem,
1123 458 1408 530 illamque
1437 460 1905 530 componentem
1919 457 2297 512 acinstruen-

2409 457 2676 529 θμίζοντος
2707 458 2868 518 αὐτὴν
2887 464 2978 511 καὶ
2997 455 3354 528 παιδεύοντος,
3385 463 3558 533 χαίρω
3589 455 3706 512 διὰ.
3737 464 3833 517 τὴν
3868 465 4019 531 φωνὴν

634 553 776 618 tem,
809 549 1049 619 gaudeo
1078 553 1320 620 propter
1356 547 1513 603 hanc
1539 547 1667 618 ejus
1706 562 1939 610 vocem,
1967 561 2104 619 qua;
2144 544 2297 602 adeo

636 638 827 695 dulcis
857 643 961 703 est,
999 637 1152 694 adeo
1181 635 1411 704 efﬁcax,
1459 637 1611 693 adeo
1661 636 1960 692 salutaris.

711 820 871 872 Vers.
891 820 978 872 29.
1020 817 1150 871 Hoc
1172 846 1233 856 —
1251 815 1559 886 impletum
1585 821 1690 871 est.
1717 815 1863 871 Cum
1893 814 1976 870 illi
2003 828 2296 886 sponsam

638 906 1006 972 tradiderim,
1030 921 1100 961 ac
1117 906 1510 961 commissum
1529 904 1671 960 mihi
1696 904 2114 968 ministerium,
2139 902 2298 958 utdi-

639 1000 797 1051 ctum
811 1002 922 1058 est,
942 993 1331 1066 impleverim.
1356 994 1436 1048 Illi
1471 1009 1613 1064 ergo
1639 993 1934 1066 putabant
1961 997 2296 1064 praecepto-

635 1101 765 1141 rem
816 1101 995 1140 suum
1049 1083 1555 1155 exasperandum,
1605 1091 1663 1139 et
1699 1083 1777 1138 ad
1849 1082 2296 1138 aemulationem

639 1172 997 1229 irritandum
1031 1175 1199 1245 :ipse
1231 1188 1388 1237 vero,
1423 1189 1559 1228 cum
1591 1173 1873 1243 praedicta
1920 1171 2161 1235 diceret,
2205 1185 2297 1226 os-

636 1263 842 1333 tendit,
876 1265 1042 1334 quod
1075 1278 1194 1318 non
1228 1262 1420 1317 solum
1449 1277 1568 1316 non
1599 1261 1981 1317 aemularetur
2012 1276 2147 1315 eum
2191 1259 2296 1331 qui

637 1351 826 1421 gloria
853 1357 1178 1422 superaret,
1218 1352 1323 1406 sed
1357 1352 1642 1424 gauderet
1703 1354 1903 1423 potius
1952 1355 2015 1406 ut
2043 1350 2148 1422 qui
2178 1349 2295 1404 hoc

636 1448 1035 1514 procurasset.
1071 1442 1290 1498 Deinde
1313 1444 1490 1497 etiam
1532 1441 1605 1496 de
1634 1441 1832 1497 futuro
1849 1441 2187 1513 prophetat.

711 1622 872 1675 Vers.
899 1624 986 1676 30.
1017 1619 1199 1675 Illum
1223 1651 1282 1660 —
1306 1619 1517 1675 minui.
1544 1620 1713 1675 Minui
1739 1636 1752 1674 :
1782 1618 2296 1691 quemadmodum

639 1707 852 1764 lucifer
886 1714 1015 1764 orto
1056 1708 1201 1764 sole.

708 1798 884 1854 Vides
913 1813 1034 1870 quo
1051 1803 1224 1869 pacto
1242 1798 1532 1870 paulatim
1549 1797 1936 1866 acingeniose
1967 1796 2301 1852 illorumin-
2334 1810 2376 1866 Β

637 1888 864 1943 vidiam
883 1887 1177 1950 cohibeat,
1193 1903 1260 1942 ac
1276 1887 1976 1958 impossibiliatentantes
2001 1886 2302 1942 ostendat?

635 1976 776 2032 Ideo
805 1978 964 2031 enim
997 1977 1191 2031 adhuc
1223 1993 1294 2031 eo
1324 1977 1558 2030 vivente
1590 1981 1645 2031 et
1675 1976 2013 2047 baptizante
2042 1976 2302 2046 disposi-

637 2070 766 2120 tum
793 2070 901 2130 est,
933 2069 995 2120 ut
1020 2066 1098 2120 ita
1121 2065 1302 2132 ﬁeret,
1328 2081 1444 2138 quo
1476 2065 1675 2135 ipsum
1706 2065 2066 2120 excellentia:
2088 2066 2300 2121 Christi

636 2159 849 2211 testem
890 2155 1178 2209 haberent
1207 2154 1324 2209 ﬁde
1355 2154 1605 2226 dignum
1639 2154 1774 2209 etin
1805 2155 1969 2208 nullo
2006 2155 2304 2210 contradi-

639 2259 770 2300 cere
802 2249 1045 2315 possent
1078 2260 1091 2298 :
1124 2244 1276 2299 unde
1303 2261 1412 2299 nec
1435 2260 1470 2299 a
1497 2243 1693 2314 seipso
1708 2244 1834 2298 haec
1860 2243 2024 2313 dixit,
2054 2245 2157 2301 sed
2185 2245 2298 2300 illis

642 2331 1112 2405 impellentibus.

712 2513 874 2567 Vers.
919 2516 1008 2568 31.
1061 2511 1170 2580 Qui
1213 2543 1281 2553 —
1329 2520 1432 2569 est.
1495 2512 1602 2578 Qui
1656 2512 1911 2568 ccelestis
1964 2519 2069 2578 est,
2111 2513 2304 2584 major

641 2602 926 2658 omnibus
961 2607 1068 2669 est,
1120 2607 1177 2656 et
1236 2602 1370 2657 ideo
1423 2618 1536 2670 ego
1589 2617 1834 2675 quoque
1889 2603 2087 2658 minor
2141 2620 2299 2658 sum.

714 2691 810 2747 Vel
842 2691 1011 2746 aliter
1042 2691 1178 2758 :Qui
1201 2692 1451 2747 caelestis
1477 2698 1583 2758 est,
1614 2692 1776 2746 nullo
1816 2697 1966 2764 eget,
2018 2693 2168 2749 etita
2199 2709 2303 2747 nec

642 2796 779 2836 meo
809 2787 942 2851 eget
971 2781 1319 2836 testimonio
1351 2782 1475 2852 ipse
1510 2780 1622 2836 sibi
1655 2781 1976 2837 sufﬁciens.

712 2957 855 3012 Vers
886 2961 975 3012 31.
1015 2956 1129 3024 Qui
1157 2989 1224 2996 —
1252 2965 1354 3013 est.
1392 2957 1559 3016 Sicut
1588 2958 1734 3013 illud
1766 2959 1840 3012 de
1881 2959 1999 3024 illo,
2033 2959 2115 3015 ita
2148 2966 2204 3016 et
2230 2960 2304 3014 is-

640 3045 749 3101 tud
777 3045 883 3117 (ee)
916 3046 1122 3102 deisto
1148 3047 1321 3113 dicit;
1351 3063 1489 3102 nam
1511 3046 1611 3118 qui
1642 3063 1672 3102 θ
1708 3053 1860 3102 terra
1879 3047 2298 3119 profectusest,

641 3141 911 3192 terrenus
937 3142 1046 3203 est,
1079 3135 1200 3190 sive
1231 3136 1472 3191 inferior
1503 3135 1926 3208 illorsiquidem
1959 3135 2174 3192 malum
2209 3155 2303 3194 su-
2335 3173 2376 3228 ο

639 3241 896 3299 pernum
926 3230 1013 3280 est
1043 3230 1098 3280 et
1127 3225 1450 3289 excelsum,
1485 3233 1639 3281 terra
1665 3242 1806 3282 vero
1837 3227 2067 3282 inferna
2108 3232 2162 3282 et
2197 3229 2304 3283 hu-

641 3314 819 3370 milis.

714 3406 874 3458 Vers.
893 3407 979 3459 31.
1009 3404 1082 3458 Et
1099 3405 1347 3460 deterra
1375 3405 1660 3475 loquitur.
1692 3405 2305 3478 Atquidivinaloque-

638 3493 834 3550 batur.
878 3493 993 3548 Sed
1029 3494 1540 3566 quemadmodum
1573 3495 1834 3549 Christus
1873 3495 1932 3549 in
1964 3495 2308 3566 praeceden-

637 3583 801 3637 tibus
833 3582 1012 3638 dixit:
1043 3583 1112 3638 Si
1135 3587 1371 3638 terrena
1409 3583 1541 3639 dixi
1571 3583 1731 3639 vobis
1759 3591 1810 3639 et
1843 3600 1961 3639 non
1995 3585 2303 3650 creditis“,

637 3675 941 3727 terrenum
955 3687 1174 3727 vocans
1187 3672 1454 3729 divinam
1469 3673 2123 3742 regenerationemznon
2141 3673 2308 3746 quod

642 3765 876 3816 terrena
901 3765 1076 3826 esset,
1112 3761 1212 3816 sed
1245 3762 1300 3816 in
1318 3762 1766 3833 comparatione
1796 3768 2026 3817 aeternas
2058 3778 2306 3828 genera-

642 3849 816 3906 tionis
837 3867 978 3915 suaa,
997 3866 1131 3923 quas
1145 3867 1385 3905 omnem
1411 3867 1654 3906 sensum
1696 3868 2061 3923 omnemque
2081 3853 2309 3908 excedit

641 3939 1006 3994 intellectum
1033 3958 1045 3992 :
1070 3939 1142 3994 ita
1169 3945 1223 3994 et
1241 3955 1399 3994 nunc
1413 3941 1674 3994 Joannes
1695 3941 1766 3994 de
1793 3947 1946 3995 terra
1964 3941 2198 4013 seloqui
2222 3941 2308 3996 di-

641 4029 740 4096 cit,
757 4029 814 4084 in
832 4028 1282 4099 comparatione
1305 4029 1843 4098 supernaturalium
1861 4030 2073 4085 Christi
2091 4046 2308 4086 sermo-

641 4133 788 4172 num
823 4133 837 4172 :
871 4117 1189 4172 ostendens
1221 4132 1330 4170 sua
1357 4133 1484 4171 esse
1524 4133 1712 4188 parva
1752 4134 1821 4172 ac
1851 4118 2013 4181 vilia,
2056 4119 2105 4173 si
2137 4120 2205 4173 ad
2237 4135 2309 4174 ea

642 4221 778 4277 quae
805 4204 961 4259 illius
991 4210 1179 4270 erant,
1227 4205 1625 4260 conferantur.
1681 4209 1828 4261 Nam
1871 4209 2021 4261 sicut
2051 4223 2156 4278 per
2186 4223 2309 4262 caa-

639 4293 768 4349 lum
795 4291 1092 4362 signiﬁcat
1123 4293 1447 4362 excelsum,
1482 4294 1561 4350 ita
1587 4310 1692 4366 per
1719 4302 1932 4350 terram
1957 4295 2305 4367 depressum

642 4397 714 4439 ac
751 4381 988 4438 humile.

714 4471 877 4537 Vers,
919 4472 1008 4526 31.
1036 4470 1145 4538 Qui
1175 4503 1243 4512 —
1280 4477 1373 4525 est.
1417 4471 1579 4527 Idem
1610 4487 1850 4527 rursum
1881 4473 2038 4539 dicit,
2084 4490 2304 4530 sermo-

643 4576 784 4616 nem
823 4560 1216 4618 conﬁrmans.

710 4651 873 4708 Vers.
905 4651 1089 4705 32.Et
1120 4681 1189 4690 —
1245 4654 1569 4706 attestatur.
1614 4651 2044 4722 Metaphoricus
2105 4668 2302 4709 sermo

641 4742 731 4794 est
762 4738 839 4793 ab
866 4739 979 4799 his,
1007 4739 1109 4810 qui
1142 4755 1211 4792 ea
1248 4754 1384 4810 quae
1414 4738 1819 4806 testiﬁcantur,
1852 4741 1980 4795 visu
2011 4745 2068 4796 et
2097 4742 2300 4799 auditu

637 4832 1008 4898 acceperunt.
1045 4827 1244 4900 Neque
1266 4829 1424 4883 enim
1449 4829 1556 4898 ipsi
1592 4844 1744 4898 Opus
1776 4835 1900 4884 erat
1942 4831 2297 4898 cognitione,

637 4932 773 4988 quae
805 4933 838 4971 a
869 4917 999 4972 visu
1038 4916 1126 4971 vel
1157 4918 1365 4972 auditu
1395 4917 1756 4988 procederet,
1794 4934 1931 4973 cum
1955 4926 2167 4976 natura
2190 4920 2302 4976 sci-

637 5009 727 5060 ret
755 5005 980 5073 omnia,
1005 5010 1208 5077 utpote
1237 5005 1533 5076 perfectus
1575 5007 1750 5071 Deus,
1800 5007 1905 5079 qui
1944 5009 2111 5064 nullo
2149 5009 2302 5064 indi-

640 5099 738 5164 get
766 5095 870 5149 sed
898 5094 1040 5168 quia
1069 5093 1330 5167 perfecta
1359 5094 1420 5151 in
1441 5095 1618 5151 nobis
1647 5097 1906 5165 cognitio
1937 5096 2014 5153 ab
2045 5099 2138 5154 his
2168 5115 2302 5171 pro-

639 5183 896 5250 ducitur,
920 5189 1099 5256 atque
1120 5183 1288 5239 illum
1299 5185 1321 5258 j
1335 5185 1648 5240 udicamus
1665 5185 1783 5241 fide
1795 5185 2068 5254 dignum,
2085 5189 2189 5260 qui
2207 5205 2295 5256 ea,

639 5270 715 5327 de
751 5272 973 5343 quibus
1011 5271 1376 5344 testiﬁcatur,
1399 5273 1532 5330 visu
1561 5274 1792 5347 accepit
1821 5274 1913 5331 vel
1941 5276 2152 5333 auditu
2181 5295 2194 5334 :
2225 5278 2300 5335 ab

713 5475 763 5512 ⁸⁸
786 5477 954 5533 Joan.
995 5494 1053 5544 κ,
1095 5481 1150 5545 8,
1186 5481 1271 5538 l2.

1865 5608 2088 5679 Variae
2125 5609 2456 5680 lectiones
2495 5621 2561 5680 et
2598 5620 2803 5682 notae.

717 5755 829 5829 (47)
871 5759 998 5834 Περὶ
1028 5754 1188 5809 αὑτοῦ
1229 5759 1300 5815 Α.

2405 546 2584 611 αὐτοῦ,
2616 552 2710 607 τὴν
2753 551 2889 600 οὕτω
2929 548 3191 621 γλυκεῖαν,
3231 553 3328 607 τὴν
3369 550 3531 612 οὕτως
3566 547 3902 622 ἐπέραστον,
3933 551 4008 605 τήν

2404 636 2539 688 οὕτω
2577 642 2833 712 σωτήριον
2845 679 2858 693 .

2477 812 2618 870 Αὕτη
2683 843 2754 854 -
2821 813 3175 886 πεπλήρωται.
3273 809 3607 887 Παραδοντος
3692 812 3881 883 ἐκείνῳ
3933 817 4012 869 τὴν

2403 904 2629 974 νύμφην,
2685 907 2776 955 καὶ
2835 902 3248 976 πεπληρωκότος,
3306 905 3371 964 ὡς
3423 906 3654 978 εἶρηταε,
3721 906 3820 961 τὴν
3866 900 4014 972 ἔγχει-

2404 987 2678 1066 ρισθεῖσαν
2726 1011 2818 1064 μοι
2867 989 3159 1050 διακονίαν.
3223 993 3440 1046 Ἐκεῖνοι
3515 994 3610 1065 μὲν
3699 989 3797 1044 οὖν
3876 996 4009 1063 ᾤοντο

2405 1081 2741 1155 παρακνίζειν
2791 1084 2878 1133 τὸν
2946 1078 3269 1134 διδάσκαλον
3319 1082 3529 1149 ἑαυτῶν,
3589 1087 3697 1134 καὶ
3752 1081 3828 1143 εἰς
3884 1081 4011 1142 ζηλο-

2405 1175 2592 1222 τυπίαν
2637 1169 2903 1244 ἐρεθίζειν·
2939 1170 3089 1232 αὐτὸς
3145 1167 3223 1238 δὲ,
3263 1173 3331 1222 τὰ
3380 1171 3608 1246 ῥηθέντα
3659 1170 3850 1238 εἰπὼν,
3905 1166 4010 1221 ἔδει·

2409 1259 2485 1322 ξεν
2535 1261 2615 1311 ὅτι
2661 1258 2720 1311 ού
2769 1264 2921 1331 μόνον
2979 1260 3039 1312 οὑ
3090 1259 3376 1320 ζηλοτυποῖ
3438 1256 4003 1332 παρευδοκιμούμινος,

2408 1347 2514 1400 ἀλλ’
2562 1350 2640 1401 ὅτι
2679 1353 2768 1400 καὶ
2816 1348 3002 1411 μᾶλλον
3052 1353 3255 1422 χαίρει,
3306 1353 3396 1402 xui
3425 1351 3505 1402 ὃτι
3543 1355 3646 1401 καὶ
3681 1349 3847 1409 αὐτὸς
3877 1356 4004 1400 τοῦτο

2409 1435 2752 1499 ἐσπούδαζεν.
2827 1436 2953 1492 Εἶτα
3008 1441 3321 1512 προφητεύει
3378 1443 3468 1492 καὶ
3541 1443 3675 1512 περὶ
3747 1445 3845 1490 τοῦ
3912 1437 4005 1510 μελ-

2407 1529 2601 1590 λοντος.

2477 1621 2701 1672 Ἐκεῖνον
2748 1649 2816 1660 -
2876 1617 3236 1672 ἐλαττοῦσθαι.
3288 1616 3679 1672 Ἐλαττοῦσθαι
3741 1619 3831 1684 ὡς,
3884 1616 4006 1676 ἡλίου

2410 1705 2781 1777 ἀνατείλαντος,
2809 1707 3091 1781 ἑωσφόρον.

2482 1795 2631 1859 Εἶδες
2685 1806 2794 1859 πῶς
2850 1797 3020 1871 ἡρέμα
3062 1801 3153 1850 καὶ
3197 1797 3507 1870 εὐμηχάνως
3565 1801 3672 1854 τὴν
3736 1795 4003 1870 βασκανίαν

2411 1887 2580 1940 αὑτῶν
2657 1886 2988 1959 ἐσωφρόνισε,
3088 1892 3178 1939 καὶ
3257 1883 3540 1948 ἀδυνάτοις
3624 1885 3999 1961 ἐπιχειροῦντας

2413 1976 2575 2041 ἔδειξε
2607 1995 2620 2044 ;
2656 1981 2749 2030 Διά
2809 1985 2960 2030 τοῦτο
2998 1980 3098 2052 γὰρ
3161 1981 3246 2029 xui
3289 1978 3628 2049 ᾠκονομήθη,
3697 1981 3778 2029 ἐτι
3833 1976 3995 2036 ζῶντος

2415 2069 2576 2120 αὑτοῦ
2622 2073 2710 2120 καὶ
2759 2067 3128 2140 βαπτίζοντος,
3176 2075 3344 2120 ταῦτα
3390 2068 3664 2138 γενέσθαι,
3729 2068 3814 2118 ἱνα
3866 2065 3989 2115 αὑτὸν

2415 2158 2716 2220 ἀξιόπιστον
2769 2160 3010 2232 μάρτυρα
3051 2165 3147 2218 τῆς
3198 2159 3468 2228 ὑπεροχῆς
3519 2159 3724 2228 ἔχωσι,
3779 2159 3866 2206 καὶ
3905 2172 3991 2224 με·

2417 2243 2575 2320 δεμία
2644 2249 2843 2307 τούτοις
2912 2245 3178 2317 ἀντιλογία
3237 2245 3623 2319 περιλειφθείη.
3710 2240 3847 2297 Ούδὶ
3907 2243 3981 2310 γὰρ

2416 2335 2499 2408 ἀφ’
2585 2335 2768 2388 ἑαυτοῦ
2840 2342 3008 2388 ταῦτα
3067 2332 3222 2400 εἶπεν,
3293 2333 3400 2386 ἀλλ’
3473 2333 3686 2387 ἐκείνων
3755 2348 3984 2407 παρορμη-

2417 2428 2612 2478 σάντων
2622 2469 2633 2480 ,

2483 2515 2542 2567 Ὀ
2575 2545 2638 2558 —
2667 2513 2824 2567 ἐστιν.
2860 2513 2920 2567 Ὀ
2952 2513 3247 2588 ἐπουράνιος
3271 2513 3462 2586 μείζων
3508 2515 3725 2565 πάντων
3766 2511 3884 2574 ἔστι,
3909 2503 3975 2559 διὰ

2413 2614 2566 2658 τούτο
2591 2607 2738 2675 κάγω
2766 2603 2986 2656 ἐλάττων
3014 2604 3193 2660 αὑτοῦ,

2483 2695 2552 2747 ’Ἡ
2608 2700 2696 2746 καὶ
2746 2693 2946 2767 ἑτέρως’
2978 2694 3036 2745 Ὀ
3076 2693 3382 2766 ἐπουράνιος
3435 2690 3752 2763 ἀπροσδεὴς
3806 2689 3962 2741 πάντων

2415 2785 2546 2850 ἐστὶ,
2589 2781 2681 2836 διὰ
2733 2790 2883 2835 τοῦτο
2931 2779 3056 2836 ούδε
3098 2790 3188 2842 τῆς
3219 2781 3342 2854 ἐμῆς
3361 2777 3687 2858 προσδεῖται
3710 2778 3952 2853 μαρτυρίας,

2415 2873 2572 2934 αὑτὸς
2594 2872 2758 2944 ἑαυτῷ
2789 2871 2978 2946 ἀρκῶν.

2481 2961 2539 3013 Ὁ
2617 2994 2682 3001 ——
2749 2964 2909 3014 ἐστίν.
2974 2959 3173 3034 Ὠσπερ
3224 2959 3383 3012 ἐκεῖνο
3438 2963 3561 3034 περὶ
3623 2959 3814 3024 ἐκείνου,
3855 2951 3941 3004 οὕτω

2412 3057 2502 3104 καὶ
2551 3059 2703 3103 τοῦτο
2737 3055 2854 3124 περὶ
2896 3051 3006 3123 (47)
3069 3050 3254 3102 ἑαυτοῦ
3318 3048 3473 3121 λέγει,
3523 3051 3618 3102 ὅτι
3663 3048 3774 3101 ὁῶν
3813 3043 3851 3094 ἐκ
3878 3044 3936 3093 τίῖ

2412 3151 2513 3214 γῆς
2557 3141 2610 3192 ἐκ
2653 3150 2749 3202 τῆς
2798 3149 2899 3212 γῆς
2947 3139 3110 3210 ἐστιν,
3161 3144 3324 3210 ἤγουν
3372 3141 3630 3192 ὑποκάτω
3682 3127 3921 3214 ἐκείνου,ᾑί

2413 3234 2512 3305 γὰρ
2571 3234 2656 3282 καὶ
2709 3233 2734 3282 ὁ
2787 3230 3003 3305 οὐρανὸς
3041 3232 3129 3302 μὲν
3185 3229 3353 3282 ἐπάνω
3394 3233 3483 3281 καὶ
3531 3223 3857 3301 ὑψηλὸς,ἠίἧ
3881 3208 3921 3263 δέ

2415 3322 2658 3372 ὑποκάτω
2687 3325 2776 3371 καὶ
2804 3324 3033 3378 ταπεινή.

2490 3414 2591 3462 Καὶ
2641 3408 2694 3461 ἐκ
2743 3417 2836 3470 τῆς
2864 3417 2963 3479 ’γῆς
3005 3408 3162 3462 λαλεῖ.
3218 3411 3318 3460 Καὶ
3366 3411 3468 3480 μὴν
3512 3408 3635 3460 θεῖα
3676 3402 3825 3458 ἐλάλει·
3865 3386 3936 3444 ἀλλ’

2418 3500 2590 3570 ὥσπερ
2651 3499 2675 3548 ὁ
2728 3501 2961 3571 Χριστὸς
3038 3495 3310 3572 προλαϐὼν
3361 3499 3589 3571 εἴρηκενο
3652 3494 3708 3548 Εἰ
3767 3490 3819 3540 τὰ
3863 3481 3942 3532 ἐπὶ·

2417 3606 2535 3658 γεια
2619 3583 2757 3639 εἶπον
2818 3589 2958 3660 ὑμῖν,
3029 3592 3117 3639 xui
3179 3585 3237 3638 ού
3303 3588 3602 3638 πιστεύετεο
3651 3583 3837 3651 ἕπίγιιον
3885 3587 3941 3619 λε·

2416 3697 2520 3747 γων
2590 3681 2683 3734 τὴν
2751 3678 2888 3728 θείαν
2960 3674 3314 3747 ἀναγέννησινσ
3391 3674 3486 3727 οὑκ
3544 3668 3719 3728 ἕπειδὴ
3781 3665 3945 3731 iam!“

2420 3761 2502 3830 ἦν,
2558 3764 2686 3816 ἀλλὰ
2724 3768 2854 3839 πρὸς
2908 3767 3186 3839 σύγκρισιν
3245 3772 3337 3824 τῆς
3387 3767 3698 3837 προαιωνίου
3729 3759 3804 3808 καὶ
3850 3751 3939 3838 ὑπερ

2417 3861 2533 3904 νοῦν
2585 3858 2674 3905 καὶ
2727 3853 2875 3925 λόγον
2926 3858 3212 3926 γεννήσεως
3280 3853 3462 3905 αὑτοῦ·
3515 3853 3652 3904 οὕτω
3702 3850 3779 3898 xui
3821 3845 3888 3889 νῦν
3925 3849 3942 3879 ο

2425 3943 2668 4004 Ἰωάννης
2717 3941 2769 3993 ἐκ
2824 3951 2917 4006 τῆς
2947 3951 3042 4014 γῆς
3092 3942 3259 3995 λαλεῖν
3317 3941 3496 3994 ἑαυτὸν
3537 3940 3670 4011 λέγει
3707 3935 3816 4007 πρὸς
3849 3941 3939 3989 σνἹ·

2418 4052 2594 4107 κρισιν
2623 4041 2720 4084 τῶν
2743 4033 3012 4107 ὑπερφυῶν
3055 4032 3220 4104 λόγων
3259 4039 3352 4084 τοῦ
3382 4038 3636 4106 Χριστοῦ,
3658 4022 3860 4080 δεικνύων
3882 4028 3938 4062 οτι

2418 4125 2482 4174 τὰ
2515 4123 2699 4173 ἑαυτοῦ
2717 4125 2881 4195 μικρὰ
2905 4127 2993 4174 xui
3020 4121 3191 4180 εὐτελῆ
3216 4129 3326 4182 τοίς
3350 4119 3542 4173 ἑκείνου
3565 4108 3930 4192 παραϐαλλόμεναι

2421 4213 2663 4284 Καθάπερ
2715 4213 2816 4286 γάρ
2873 4207 2965 4264 διὰ
3004 4219 3093 4263 τοῦ
3146 4210 3364 4283 ούρανοῦ
3413 4213 3472 4262 τὸ
3523 4208 3706 4281 ὑψηλὸν
3738 4195 3928 4270 ἀμφαίνείι

2419 4300 2554 4352 οὑτω
2584 4305 2672 4352 καὶ
2702 4297 2795 4352 διὰ
2817 4309 2909 4361 τῆς
2937 4309 3040 4373 γῆς
3069 4304 3126 4353 τὸ
3148 4304 3408 4354 ταπεινόν.

2488 4478 2548 4530 Ὀ
2594 4509 2663 4517 —
2725 4477 2858 4530 ἐστί.
2918 4481 2986 4530 Τὸ
3043 4477 3168 4530 αύτὸ
3225 4477 3362 4549 λέγει
3410 4476 3586 4540 πάλιν,
3626 4466 3803 4545 βεϐαιῶν
3856 4468 3920 4502 τον

2414 4567 2588 4639 λόγον.

2487 4663 2585 4709 Καὶ
2648 4685 2702 4697 -·
2765 4663 3035 4731 μαρτυρεῖ.
3090 4657 3444 4730 Μεταφορικὸς
3491 4657 3516 4706 ὁ
3557 4655 3676 4719 λόγος
3720 4655 3798 4687 απσ
3834 4655 3888 4731 χ’,

2413 4746 2527 4817 ὄψει
2582 4751 2670 4798 καὶ
2750 4744 2878 4817 ἀκοῇ
2952 4743 3375 4818 παραλαϐόντων,
3429 4744 3462 4796 ἃ
3499 4734 3794 4821 μαρτυρούΜξ
3833 4718 3890 4821 θ’*

2410 4839 2508 4907 γὰρ
2561 4835 2711 4895 αὖτὸς
2769 4831 2934 4887 ἐδεῖτο
2985 4841 3246 4905 γνώσεως,
3294 4842 3390 4896 τῆς
3435 4833 3486 4896 ἐξ
3512 4808 3907 4907 ὁράσεως-ὴῂακοῆξ

3720 4635 3798 4687 ἀπὸ
3832 4632 3905 4676 τῶν

2411 4923 2754 4996 ἐγγινομένης,
2819 4926 2970 4996 φύσει
3036 4925 3207 4976 πάντα
3263 4919 3436 4988 εἰδώς,
3498 4925 3564 4983 ὡς
3615 4904 3804 5002 uana“);

2410 5013 2597 5075 τέλειος
2671 5016 2820 5075 Θεὸς
2897 5011 3004 5065 ἀλλ’
3099 5008 3379 5085 ἐπειδήπερ
3460 5012 3588 5084 ἡμῖν
3659 5003 3685 5061 ἡ
3754 4980 3918 5087 by“;

2408 5112 2597 5176 γνῶσις
2656 5102 2712 5155 ἐκ
2769 5105 2960 5155 τούτων
3006 5101 3280 5174 ἐγγίνεται,
3338 5106 3429 5153 xui
3490 5099 3757 5164 ἀξιόπιστον
3797 5087 3922 5178 ξΡί⁷⁰’

2409 5211 2500 5265 μεν
2539 5195 2624 5244 τὸν
2677 5192 2707 5251 ἣ
2750 5191 2865 5262 ὄψει
2900 5192 2928 5250 ἦ
2977 5190 3105 5264 ἀκοῇ
3153 5189 3547 5265 παραλαϐόντα,
3595 5187 3695 5258 περὶ
3719 5176 3772 5227 ὧν
3789 5179 3928 5275 ’φατ’

2407 5281 2594 5353 γέλλει,
2651 5280 2752 5334 ἀπὸ
2808 5289 2905 5334 τῶν
2960 5283 3081 5356 παρ’
3159 5283 3284 5354 ἡμῖν
3355 5285 3446 5334 καὶ
3504 5280 3573 5332 τὰ
3633 5272 3732 5344 περὶ
3783 5265 3928 5314 ἑκείνου
