4120 6310
148 370 300 425 1181

1212 326 1586 417 (ΞΟΜΜΕΝΤ.
1633 365 1704 421 IN
1741 365 2083 422 JOANNEM.
2123 399 2189 408 —
2220 367 2374 423 CAP.
2418 366 2518 421 III.

3416 362 3557 420 “82

152 502 476 549 πιστοῦται.
534 493 701 547 Εἰπων
756 490 911 561 οὖν,ὃ
964 494 1151 567 ἑώρακε
1174 493 1264 543 καὶ
1303 483 1328 538 ὃ
1362 478 1579 558 ἤκουσε,
1623 500 1775 545 τοῦτο

1897 494 1976 548 bis
2002 509 2136 564 quin
2166 493 2321 565 apud
2352 509 2462 547 nos
2494 498 2652 557 sunt,
2677 494 3030 565 comprobat
3049 492 3227 547 etiam
3248 505 3385 564 quae
3411 493 3555 546 sunt

152 590 474 658 μαρτυρεῖ·
505 591 755 644 ταπεινῶς
810 587 898 655 μὲν
952 579 1058 635 εἶπε
1116 579 1208 635 διὰ
1236 584 1328 639 τὴν
1377 571 1643 633 ἀσθένειαν
1676 590 1774 634 τῶν

152 673 513 747 ἀκροωμένων
556 690 568 702 ·
602 668 753 725 οὐδὲν
798 669 857 725 δὲ
886 674 1050 747 ἕτερον
1099 679 1232 725 εἶπεν
1272 672 1300 731 ἡ
1337 669 1418 722 ὅτι
1448 665 1611 731 ἁληθῆ
1646 691 1776 746 μαρ-

150 770 337 836 τυρεῖ.
379 766 477 815 Καὶ
506 764 604 836 γὰρ
642 767 731 813 καὶ
762 762 877 832 (48)
909 764 1078 834 ἡμεῖς,
1137 764 1256 814 ὅταν
1295 760 1409 833 (49)
1440 759 1656 833 θέλωμεν
1690 759 1775 832 βε-

151 850 406 903 ϐαιῶσαι
434 855 549 925 περί
574 871 709 911 τινος
739 852 819 903 ὅτι
842 849 1006 910 ἀληθῆ
1039 851 1193 922 λέγει,
1227 854 1388 924 φαμεν
1420 850 1496 903 ὅτι
1530 850 1555 903 ὃ
1582 850 1775 924 ἑώρακε

147 946 250 993 καὶ
284 941 409 1013 (50)
438 940 651 1008 ἢκουσε,
676 947 827 993 τοῦτο
847 948 1118 1017 μαρτυρεῖ.

233 1120 445 1172 Λοιπὸν
494 1114 603 1184 οὖν,
686 1119 807 1170 ὅταν
862 1116 1055 1192 ἀκούῃς
1108 1122 1194 1171 καὶ
1260 1117 1419 1171 αὑτοῦ
1484 1117 1715 1189 λέγοντος
1758 1134 1772 1150 ⁸

149 1210 362 1269 Καθὼς
394 1206 583 1277 ἀκούω,
617 1211 775 1281 κρίνω
804 1226 815 1237 ·
842 1212 927 1260 καὶ
968 1207 1119 1261 πάλιν
1147 1226 1161 1238 °
1192 1208 1249 1261 Ἠ
1299 1208 1391 1281 ἐμὴ
1436 1204 1645 1279 διδαχὴ
1680 1207 1774 1260 ούκ

147 1300 308 1349 ἔστιν
344 1294 465 1368 ἐμὴ,
520 1295 648 1347 ἀλλὰ
695 1304 787 1349 τοῦ
830 1296 1126 1368 πέμψαντός
1178 1317 1241 1370 με
1284 1314 1296 1327 ⁸
1355 1302 1445 1348 καὶ
1491 1295 1641 1357 αὖθις
1674 1302 1771 1350 ’Ἃ

146 1390 381 1445 ἤκουσα
406 1387 531 1457 παρ’
557 1385 736 1450 αὐτοῦ,
794 1394 959 1438 ταῦτα
995 1387 1125 1458 λέγω
1158 1387 1226 1449 εἰς
1266 1391 1352 1439 τόν
1409 1392 1624 1459 κόσμον,
1684 1391 1774 1438 καὶ

148 1478 262 1529 ὅσα
338 1483 561 1527 τοιαῦτα
595 1492 608 1505 ⁶
658 1480 883 1547 γίνωσκε
935 1478 1015 1528 ὅτι
1067 1477 1399 1549 οἰκονομικῶς
1446 1479 1510 1529 τὰ
1558 1478 1776 1529 τοιαῦτά

149 1584 353 1637 φησιν,
394 1565 475 1614 ἱνα
504 1567 655 1635 μόνον
679 1560 805 1636 δόξῃ
844 1562 1009 1623 ἀληθῆ
1044 1564 1229 1635 λέγειν,
1272 1562 1365 1617 διὰ
1390 1568 1447 1617 τό
1494 1569 1651 1637 μήπω
1680 1570 1774 1623 τὴν

146 1659 550 1727 προσήκουσαν
600 1657 719 1727 περὶ
772 1652 928 1705 αὐτοῦ
987 1650 1143 1716 δόξαν
1197 1656 1336 1726 ἔχειν
1395 1658 1513 1716 τούς
1588 1653 1773 1727 ἀκροα-

147 1746 276 1805 τάς.

1885 581 2059 636 illius.
2095 583 2301 636 Dicens
2340 597 2501 653 ergo,
2562 582 2733 647 Quod
2786 582 2950 647 vidit,
2980 582 3267 654 quodque
3296 579 3548 644 audivit,

1886 671 1999 726 hoc
2025 675 2333 726 attestatur
2352 688 2363 725 :
2382 672 2590 726 humili
2616 672 2797 727 modo
2815 676 3054 744 propter
3076 670 3416 726 auditorum
3441 669 3553 724 im-

1885 759 2257 816 becillitatem
2289 761 2517 817 locutus
2546 766 2657 828 est,
2690 776 2897 816 verum
2959 759 3103 816 nihil
3154 759 3317 815 aliud
3358 757 3551 813 innuit

1883 865 2070 921 quam
2092 851 2139 904 si
2157 851 2398 905 dixisset
2431 867 2443 905 :
2474 851 2623 906 Vera
2644 850 3009 906 testiﬁcatur.
3026 849 3327 921 Siquidem
3346 847 3549 903 volen-

1886 945 1969 994 tes
1993 940 2066 995 de
2097 940 2298 1012 aliquo
2319 940 2631 1003 afﬁrmare,
2658 940 2821 1012 quod
2842 956 2980 995 vera
2998 940 3174 1007 dicat,
3194 938 3548 1005 asserimus,

1885 1044 2023 1084 eum
2056 1029 2115 1084 id
2146 1028 2460 1099 testiﬁcari,
2489 1029 2656 1102 quod
2687 1029 2833 1084 vidit
2857 1034 2913 1084 et
2950 1028 3194 1084 audivit.

1954 1118 2206 1179 Quando
2238 1120 2412 1186 igitur
2441 1118 2639 1190 ipsum
2685 1118 2947 1173 audieris
2994 1117 3291 1172 dicentem
3325 1133 3339 1172 :
3380 1116 3548 1172 Sicut

1884 1209 2064 1264 audio
2077 1209 2289 1278 Judico
2308 1209 2438 1275 “;et
2454 1208 2859 1263 rursuszea
2870 1207 3147 1262 doctrina
3166 1222 3283 1261 non
3300 1212 3383 1261 est
3398 1220 3548 1270 mea,

1883 1298 1984 1353 sed
2011 1300 2138 1367 ejus
2159 1299 2265 1369 qui
2293 1296 2448 1352 misit
2480 1312 2570 1352 me
2592 1297 2638 1332 ⁸⁸
2673 1314 2687 1362 ;
2716 1302 2772 1351 et
2802 1298 3014 1351 iterum
3042 1314 3054 1348 :
3078 1296 3213 1360 Quae
3243 1294 3450 1350 audivi
3474 1294 3550 1349 ab

1884 1403 1947 1443 eo
1979 1388 2105 1442 hac
2129 1388 2339 1456 loquor
2366 1387 2428 1441 in
2455 1386 2745 1441 mundum
2788 1388 2861 1452 ⁸⁸,
2904 1390 2961 1441 et
3002 1400 3381 1456 quaecunque
3413 1386 3555 1438 sunt

1886 1476 2123 1544 similia,
2159 1476 2306 1530 scito
2347 1475 2485 1529 talia
2516 1474 2948 1545 dispensatorie
2980 1474 3223 1536 dixisse,
3260 1471 3456 1527 solum
3489 1476 3553 1525 ut

1888 1565 2159 1620 videatur
2189 1580 2324 1619 vera
2340 1564 2641 1629 dicere,eo
2673 1562 2839 1635 quod
2870 1578 3199 1632 congruam
3225 1561 3300 1616 de
3326 1576 3395 1615 eo
3423 1560 3552 1632 opi-

1886 1656 2122 1709 nionem
2156 1654 2429 1709 nondum
2459 1652 2751 1709 haberent
2781 1652 3098 1707 auditores.

235 1838 347 1885 Και
393 1863 461 1871 —
508 1830 775 1903 λαμϐάνει.
827 1828 1020 1894 Οὐδεὶς
1069 1840 1167 1884 τῶν
1216 1831 1775 1887 ἆπιστούντων.Τούτο

1957 1834 2120 1888 Vers.
2142 1837 2227 1889 32.
2252 1834 2326 1888 Et
2352 1864 2421 1874 —
2442 1832 2681 1901 accipit.
2713 1831 2913 1887 Nullus
2935 1830 3302 1885 inﬁdelium.
3330 1828 3446 1884 Hoc
3476 1844 3555 1885 au

154 1918 217 1973 δὲ
254 1925 384 1994 περὶ
406 1928 504 1971 τῶν
532 1918 860 1979 ἀναισθήτων
888 1918 1158 1973 Ἰουδαίων
1207 1925 1403 1997 εἴρηκεν
1435 1925 1459 1974 ό
1493 1923 1729 1984 Ἰωάννης
1760 1939 1771 1952 '

152 2010 450 2085 ἐξαιρέτως
472 2006 530 2062 δὲ
553 2016 671 2084 περὶ
710 2020 808 2062 τῶν
840 2010 1025 2063 ἑαυτοῦ
1054 2014 1323 2083 μαθητῶν,
1364 2022 1463 2065 τῶν
1508 2014 1607 2065 ύπό
1634 2014 1773 2085 φιλο-

152 2097 354 2163 δοξίας
397 2104 486 2151 καὶ
528 2098 825 2172 βασκανίας
874 2102 1210 2175 παρακνίζειν
1262 2102 1416 2153 αὑτὸν
1451 2100 1775 2177 ἐπιχειρούν-

148 2210 283 2242 τοηκ

224 2284 286 2330 Ὀ
324 2275 499 2329 λαϐὼν
531 2308 598 2317 -
629 2277 759 2332 ἔστί.
797 2279 1162 2352 Ἐσφροίγίσιν,
1215 2284 1382 2351 ἤγουν
1447 2280 1772 2353 ἐϐεϐαίωσεν,

138 2365 363 2430 ἔδειξεν
385 2368 464 2418 ὅτι
486 2368 511 2418 ό
542 2372 717 2442 Πατὴρ
757 2367 945 2430 ἀληθής
974 2372 1136 2425 ἐστιν.
1209 2369 1337 2422 Εἶτα
1392 2372 1772 2431 κατασκευάζει

142 2462 204 2511 τὸ
247 2458 444 2533 ῥηθέν.

220 2546 337 2599 “Ov
358 2549 456 2621 γὰρ
487 2578 553 2588 ——
593 2546 758 2604 λαλεῖ.
821 2548 964 2600 Ἐπεὶ
1006 2551 1129 2622 γὰρ,
1174 2547 1553 2622 ἀπεσταλμένος
1593 2555 1680 2619 ὤν,
1710 2555 1775 2602 τὰ

152 2638 387 2713 ῥήματα
409 2644 499 2687 τοῦ
531 2644 664 2689 Θεοῦ
690 2636 850 2700 λαλεῖ,
891 2637 1068 2689 λοιπόν
1101 2640 1125 2689 ό
1166 2641 1254 2709 μὲν
1279 2638 1445 2689 λαϐὼν
1492 2639 1648 2690 αὐτοῦ
1680 2646 1772 2698 τὴν

160 2730 469 2800 μαρτυρίαν
498 2730 588 2776 καὶ
618 2728 879 2777 πιστεύων
922 2726 1061 2796 αύτῷ
1110 2726 1433 2789 ἐϐεϐαίωσεν,
1477 2724 1665 2789 ἔδειξεν
1697 2731 1774 2779 ὅτι

163 2818 189 2868 ὁ
221 2818 362 2874 Θεὸς
410 2811 604 2873 ἀληθής
632 2813 787 2883 ἐστιν,
823 2815 847 2865 ό
876 2814 1182 2875 ἁποστεῦας
1224 2815 1397 2878 αὐτόν,
1423 2812 1622 2875 οὗτινός
1672 2817 1772 2869 εἰσι

164 2906 235 2955 τὰ
265 2904 485 2975 ῥήματα
515 2899 549 2952 ἀ
576 2900 719 2953 λαλεῖ
747 2918 759 2932 ·
796 2904 820 2952 ό
858 2899 915 2953 δε
965 2908 1035 2975 μὴ
1082 2902 1250 2954 λαϐὼν
1281 2903 1456 2969 αὐτὴν,
1486 2910 1575 2957 καὶ
1608 2904 1771 2957 ἀπισ-

165 3000 269 3043 τῶν
301 2988 461 3059 αὐτῷ,
488 2990 783 3043 τούναντίον
809 2998 965 3057 ποιεῖ,
997 2996 1086 3044 καὶ
1112 2989 1261 3044 οὐδὲν
1296 2993 1460 3066 ἕτερον
1502 2993 1529 3052 ἦ
1566 2991 1774 3067 προδή-

164 3080 269 3140 λως
307 3080 583 3150 θεομαχεῖ.

253 3256 392 3333 Ὀρα
432 3266 540 3321 πῶς
595 3258 784 3321 αὐτοὺς
838 3258 1061 3312 ἐντεῦθεν
1116 3259 1336 3333 ἐφόϐησε
1360 3266 1449 3313 καὶ
1471 3262 1775 3328 κατέπληξε,

180 3349 446 3423 μαθόντας
512 3350 592 3401 ὅτι
640 3350 664 3400 ὁ
717 3352 1025 3424 παρακούων
1104 3352 1262 3402 αὑτοῦ
1342 3355 1623 3423 παρακούει
1687 3361 1779 3405 τοῦ

181 3446 320 3491 Θεοῦ
350 3443 441 3489 τοῦ
493 3438 792 3509 πέμψαντος
850 3439 1023 3491 αὐτόν.
1075 3439 1252 3501 Δείξας
1299 3446 1465 3492 τοίνυν
1533 3446 1624 3499 τὴν
1703 3439 1782 3494 δι-

182 3524 479 3579 δασκαλίαν
539 3527 694 3579 αὐτοῦ
767 3526 1070 3591 ἀξιόπιστον
1120 3527 1219 3580 ἀπὸ
1276 3536 1366 3581 τοῦ
1420 3534 1640 3602 Πατρός,
1676 3527 1780 3583 δεί-

179 3635 365 3667 κνυσιν
397 3616 559 3674 αύτὴν
622 3616 923 3680 ἀξιόπιστον
972 3622 1060 3670 καὶ
1113 3617 1213 3669 ἀπὸ
1244 3626 1333 3670 τοῦ
1365 3617 1519 3690 ἁγίου
1554 3623 1784 3693 Πνεύμα-

178 3722 287 3762 τος.

253 3792 331 3843 Οὐ
370 3825 436 3833 -
470 3801 696 3867 Πνεῦμα.
755 3795 830 3847 Ού
886 3799 1272 3871 μεμετρημένην
1327 3793 1549 3849 δίδωσιν
1595 3798 1781 3868 αύτῷὸ

184 3885 367 3955 Πατὴρ
400 3886 491 3940 τὴν
521 3891 613 3934 τοῦ
638 3887 930 3956 Πνεύματος
955 3885 1222 3957 ἐνέργειαν,
1258 3887 1429 3960 ὥσπερ
1457 3894 1564 3946 τοῖς
1610 3888 1783 3949 ἄλλοις

182 3969 490 4040 ἀγίοις,ἀλλ’
515 3970 797 4046 ἀμέτρητον
828 3976 940 4045 ἔχει
964 3978 1156 4032 ταύτην
1187 3979 1275 4026 καὶ
1306 3976 1446 4041 ὃλην,
1470 3979 1534 4035 ὡς
1556 3978 1777 4049 όμοφυῆ.

182 4066 393 4132 Πνεῦμα
411 4064 511 4134 γὰρ
542 4070 628 4112 νῦν
654 4061 788 4132 λέγει
815 4066 907 4121 τὴν
942 4070 1034 4115 τοῦ
1070 4066 1359 4136 πνεύματος
1407 4064 1680 4139 ἐνέργειαν.
1710 4070 1779 4118 Τό

188 4156 395 4222 Πνεῦμα
424 4153 512 4222 μὲν
551 4153 651 4223 γὰρ
708 4150 987 4225 ἀμέτρητον
1016 4191 1029 4204 .
1064 4154 1093 4211 ἡ
1128 4151 1352 4226 ἐνέργεια
1410 4150 1467 4206 δὲ
1504 4154 1662 4205 αὐτοῦ
1692 4174 1778 4227 με·

182 4246 501 4312 τρεῖταικαί
538 4237 835 4313 ὃιανέμεται
892 4241 1005 4295 κατ’
1057 4241 1203 4305 eam
1269 4252 1369 4295 τῶν
1420 4242 1778 4316 λαμϐανόντων

182 4327 365 4386 αὐτὴν.

253 4499 459 4566 Ἐδειξε
513 4500 572 4557 δὲ
646 4508 739 4564 τὴν
824 4502 1179 4558 διδασκαλίαν
1242 4506 1401 4560 αὑτοῦ
1477 4506 1779 4569 ἀξιόπιστον

184 4590 286 4643 ἀπὸ
344 4601 434 4645 τοῦ
472 4597 670 4667 Πατρός
707 4599 798 4647 καὶ
837 4603 927 4647 του
984 4595 1136 4667 ἁγίου
1198 4600 1512 4668 Πνεύματος,
1565 4596 1668 4667 οὐχ
1715 4599 1779 4657 ὡς

184 4676 427 4753 δεομένου
478 4692 573 4745 τῆς
624 4684 809 4737 ἐκεῖθεν
873 4684 1201 4748 ἀξιοπιστίας
1232 4703 1243 4715 ·
1279 4685 1423 4758 ἀρκεῖ
1468 4688 1570 4759 γὰρ
1624 4685 1779 4748 αύτός
1810 4675 1851 4728 D

1671 4774 1779 4825 ἀλλ’

184 4856 364 4919 ἐπειδὴ
415 4867 502 4914 τόν
540 4867 629 4934 μὲν
690 4868 891 4939 Πατέρα
944 4862 1240 4934 ἐγίνωσκον,
1295 4870 1384 4916 καὶ
1430 4867 1506 4916 ὅτι
1570 4866 1777 4935 Πνεύμοί

185 4770 367 4841 ἐαυτῷ,
395 4783 487 4834 τῆς
517 4774 675 4834 αὐτῆς
719 4775 896 4834 αὐτοῖς
949 4775 1016 4825 ὧν
1059 4778 1258 4846 φύσεως
1310 4780 1399 4827 καὶ
1441 4775 1587 4837 ἀξίας
1621 4794 1633 4806 '

184 4946 324 5000 ἐστιν
374 4951 679 5021 ἠπίσταντο,
729 4956 815 5005 τόν
870 4956 988 5005 Υὶόν
1047 4949 1105 5005 δὲ
1164 4955 1402 5024 ἠγνόουν,
1437 4952 1525 5006 ἀπ’
1576 4953 1776 5005 ἐκείνων

257 5130 299 5163 ⁵⁷
332 5131 505 5185 Joan.
548 5147 603 5197 v,
646 5134 714 5186 3O
801 5131 847 5165 ⁵⁸
878 5132 1049 5186 Joan.
1092 5148 1191 5198 vu,
1226 5133 1312 5187 16.

1888 1930 2002 1979 tem
2025 1923 2097 1979 de
2128 1922 2441 1977 insensatis
2467 1922 2689 1977 Judieis
2731 1921 2879 1975 dixit
2907 1922 3190 1984 Joannes,
3230 1918 3552 1990 praesertim

1888 2018 2087 2067 autem
2111 2013 2184 2066 de
2206 2011 2508 2083 discipulis
2528 2012 2672 2075 suis,
2698 2011 2797 2080 qui
2834 2026 2972 2065 eum
3001 2010 3059 2064 in
3087 2008 3467 2064 ambitionem
3496 2013 3552 2062 et

1888 2095 2178 2156 invidiam
2206 2100 2509 2172 impellere
2540 2100 2938 2156 conabantur.

1959 2281 2123 2335 Vers.
2152 2280 2239 2335 33.
2294 2280 2405 2347 Qui
2452 2280 2678 2348 accepit
2714 2311 2797 2320 -—
2840 2280 2937 2333 sit.
2987 2277 3355 2346 Obsignavit,
3424 2276 3551 2331 sive

1885 2370 2283 2433 conﬁrmavit,
2328 2369 2781 2432 demonstravit,
2832 2367 2999 2438 quod
3039 2369 3207 2421 Pater
3240 2381 3405 2420 verax
3446 2364 3547 2420 sit.

1887 2458 2107 2513 Deinde
2139 2458 2295 2527 quod
2319 2457 2542 2511 dictum
2572 2463 2676 2521 est,
2714 2456 2945 2526 probat.

1956 2547 2117 2601 Vers.
2150 2550 2236 2601 3i.
2271 2546 2327 2599 Is
2353 2547 2500 2599 enim
2532 2560 2700 2615 quem
2724 2575 2791 2585 —
2819 2544 3104 2614 loquitur.
3131 2540 3549 2613 Siquidem(ee)

1884 2651 1951 2689 ex
1985 2652 2101 2706 quo
2142 2637 2189 2688 is
2236 2637 2333 2705 qui
2369 2634 2584 2687 missus
2612 2639 2720 2696 est,
2747 2633 2927 2687 verba
2964 2634 3063 2686 Dei
3094 2632 3373 2703 loquitur,
3405 2646 3544 2684 con-

1884 2740 2139 2795 sequens
2172 2729 2257 2777 est
2315 2730 2374 2778 ut
2425 2724 2525 2795 qui
2588 2723 2988 2777 testimonium
3046 2724 3173 2792 ejus
3222 2720 3545 2791 sumpserit

1882 2813 2053 2884 eique
2095 2812 2421 2875 crediderit,
2466 2812 2777 2867 conﬁrmet
2826 2827 2895 2867 ac
2944 2811 3335 2876 demonstret,
3378 2808 3545 2880 quod

1884 2904 2039 2956 Deus
2064 2918 2245 2957 verax
2277 2902 2369 2971 sit,
2396 2901 2499 2974 qui
2531 2902 2729 2972 ipsum
2781 2901 2940 2956 misit
2983 2905 3040 2956 et
3095 2902 3267 2971 cujus
3299 2904 3439 2954 sunt
3476 2913 3548 2954 ea

1883 3008 2018 3064 quae
2040 2992 2303 3063 loquitur
2333 2990 2664 3056 verba.Qui
2692 2994 2894 3046 autem
2940 3006 3063 3045 non
3105 2989 3354 3060 suscipit
3382 3003 3544 3065 eum,

1884 3098 1991 3136 nec
2018 3081 2200 3136 credit
2221 3082 2292 3146 ei,
2318 3081 2683 3137 contrarium
2701 3079 2841 3137 facit
2863 3096 2875 3134 :
2898 3096 3008 3136 nec
3025 3079 3186 3135 aliud
3212 3080 3333 3150 agit
3358 3094 3545 3150 quam

1814 3212 1855 3267 Ο
1891 3171 2198 3227 manifeste
2238 3176 2444 3227 contra
2477 3173 2661 3225 Deum
2693 3176 2939 3241 pugnat.

1962 3260 2102 3315 Vide
2141 3260 2450 3332 quomodo
2501 3259 2639 3314 hinc
2666 3274 2771 3313 eos
2816 3262 3045 3324 terreat,
3099 3273 3239 3312 cum
3288 3256 3541 3322 discant,

1889 3350 2051 3422 quod
2082 3350 2183 3421 qui
2210 3348 2286 3403 illi
2320 3348 2671 3403 inobediens
2700 3352 2806 3413 est,
2830 3348 2948 3401 Deo
2972 3346 3322 3401 iuobediens
3338 3351 3425 3400 est
3442 3346 3545 3416 qui

1892 3439 2050 3494 misit
2106 3440 2325 3510 ipsum.
2372 3440 2692 3508 Postquam
2732 3452 2874 3505 ergo
2931 3434 3368 3490 demonstravit
3418 3435 3544 3506 ejus

1890 3529 2225 3584 doctrinam
2255 3542 2385 3581 esse
2408 3527 2523 3580 ﬁde
2546 3525 3007 3595 dignam,idque
3029 3540 3065 3580 a
3085 3524 3271 3589 Patre,
3298 3523 3547 3579 demon-

1891 3622 2211 3674 stratnunc
2242 3616 2400 3672 idem
2440 3620 2497 3671 et
2522 3630 2557 3670 a
2584 3614 2793 3685 Spiritu
2823 3618 3053 3670 sancto.

1960 3794 2123 3849 Vers.
2158 3795 2243 3849 34.
2276 3792 2413 3846 Νοη
2441 3822 2505 3831 -
2526 3790 2832 3858 Spiritum.
2861 3794 2987 3847 Non
3002 3795 3411 3846 mensuratam
3442 3789 3548 3847 dat

1892 3885 2004 3955 ipsi
2035 3885 2194 3939 Pater
2231 3881 2481 3953 Spiritus
2505 3881 2805 3945 virtutem,
2827 3880 2977 3935 sicut
2998 3880 3127 3935 aliis
3146 3880 3365 3935 sanctis
3394 3896 3407 3934 :
3442 3880 3547 3935 sed

1887 3973 2043 4028 hanc
2069 3973 2195 4026 sine
2226 3985 2500 4025 mensura
2538 3968 2714 4024 habet
2744 3984 2813 4023 ac
2846 3973 3052 4034 totam,
3078 3974 3362 4039 tanquam
3395 3968 3548 4039 ejus-

1889 4063 2027 4117 dem
2055 4065 2281 4116 naturee
2313 4061 2425 4129 (θ’).
2457 4058 2911 4130 Spiritumenim
2930 4073 3088 4113 nunc
3120 4057 3547 4128 dicit,Spiritus

1888 4150 2216 4206 efﬁcaciam
2248 4164 2317 4203 ac
2351 4148 2646 4203 virtutem.
2708 4146 3015 4219 Siquidem
3063 4146 3393 4202 mensurari
3423 4160 3547 4200 non

1888 4244 2082 4312 potest
2108 4238 2355 4310 Spiritus
2384 4253 2395 4291 :
2432 4237 2614 4291 virtus
2641 4242 2841 4292 autem
2865 4237 3053 4308 ipsius
3085 4240 3546 4291 mensuraturac

1887 4330 2185 4394 dividitur,
2217 4329 2387 4399 juxta
2408 4342 2637 4393 eorum,
2653 4328 2755 4399 qui
2775 4326 2938 4382 illam
2956 4326 3330 4398 participant,
3355 4324 3547 4395 digni-

1887 4424 2088 4475 tatem.

1957 4505 2396 4561 Demonstravit
2449 4520 2591 4576 ergo
2645 4504 2983 4560 doctrinam
3040 4504 3196 4559 illius
3243 4518 3371 4559 esse
3422 4502 3541 4558 ﬁde

1886 4598 2126 4666 dignam
2162 4612 2197 4651 a
2226 4596 2392 4650 Patre
2423 4600 2477 4650 et
2503 4594 2717 4666 Spiritu
2748 4598 2953 4649 sancto
2985 4610 2999 4659 ;
3027 4609 3148 4649 non
3178 4593 3351 4664 quasi
3383 4592 3543 4647 illinc

1888 4691 2057 4756 egeat
2087 4684 2317 4739 testium
2342 4682 2786 4755 approbatione,
2829 4683 2932 4754 qui
2954 4682 3064 4737 soli
3094 4682 3207 4737 sibi
3236 4681 3544 4736 sufﬁciens

1888 4781 1996 4838 est,
2029 4774 2297 4845 ejusdem
2328 4789 2465 4828 cum
2485 4773 2566 4827 eis
2589 4771 2891 4841 dignitatis
2911 4778 2967 4827 et
2994 4776 3242 4836 naturae,
3270 4771 3375 4827 sed
3399 4771 3544 4842 quia.

1890 4869 2113 4919 l’atrem
2140 4861 2601 4931 cognoscebant,
2634 4865 2691 4915 et
2719 4860 2880 4931 quod
2900 4861 3144 4931 Spiritus
3167 4866 3320 4915 esset
3348 4859 3546 4914 crede-

1887 4953 2053 5016 bant,
2077 4951 2288 5007 Filium
2302 4957 2499 5006 autem
2518 4950 2887 5020 ignorabant,
2903 4950 3246 5022 opinionem
3272 4965 3458 5021 quam
3471 4948 3546 5004 de

1391 5134 1437 5167 59
1477 5132 1648 5188 Joan.
1690 5148 1809 5200 Vlll,
1840 5135 1931 5187 26.

1403 5284 1621 5352 Varia).
1664 5284 1985 5353 lectiones
2020 5292 2086 5349 et
2131 5291 2333 5350 notae.

258 5478 365 5554 (te)
400 5479 523 5554 Καί,
556 5480 696 5547 post
723 5479 844 5554 γάρ,
888 5477 1065 5535 abest
1093 5486 1149 5533 B.

258 5548 371 5620 (49)
405 5548 625 5622 Θέλομεν
652 5556 715 5605 Α.

257 5730 359 5804 (ee)
388 5730 479 5804 Ita
507 5738 559 5787 et
589 5732 763 5798 istud,
788 5734 906 5789 etc.
944 5734 1030 5804 Ita
1057 5736 1113 5787 et
1132 5731 1248 5789 hoc
1277 5732 1352 5787 de
1373 5731 1777 5804 se.Siquidem,

186 5805 293 5870 etc,
323 5802 471 5868 Quia
496 5804 679 5874 enim,
720 5819 856 5861 cum
886 5802 1112 5860 missus
1143 5804 1235 5875 sit,
1253 5804 1437 5861 verba
1475 5802 1600 5861 Dei.

1958 5478 2073 5553 (50)
2107 5482 2208 5531 Καὶ
2239 5478 2265 5531 ὃ
2289 5481 2502 5537 ἤκουσε.
2540 5481 2602 5533 Δ.

1963 5729 2051 5802 (π)
2072 5728 2358 5798 Ejusdem
2387 5736 2645 5788 naturae.
2680 5731 2861 5795 Forte,
2888 5726 3070 5786 simul
3098 5733 3329 5785 natam.
