4120 6310
597 311 738 372 1179

1910 311 2252 368 EUTHYMII
2303 309 2660 368 ZAGABENI

3853 312 3983 370 H80

595 442 1051 514 colloquentem,
1083 439 1369 512 illamque
1399 440 1866 511 componentem
1881 437 2259 492 acinstruen-

2375 437 2639 509 θμίζοντος
2668 438 2829 498 αὐτὴν
2849 444 2939 491 καὶ
2959 435 3317 508 παιδεύοντος,
3347 443 3525 513 χαίρω
3555 435 3648 491 διὰ
3679 443 3780 496 τὴν
3817 445 3982 510 φωνην

596 535 738 600 tem,
771 530 1010 601 gaudeo
1040 533 1281 601 propter
1318 529 1474 584 hanc
1501 527 1628 598 ejus
1667 542 1901 591 vocem,
1929 541 2066 600 quas
2106 525 2258 582 adeo

598 619 788 676 dulcis
818 624 923 685 est,
960 618 1113 675 adeo
1143 616 1373 684 efﬁcax,
1421 617 1572 674 adeo
1623 617 1922 673 salutaris.

672 800 834 854 Vers.
852 801 940 853 29.
983 798 1112 852 Hoc
1134 827 1195 837 —
1213 796 1521 866 impletum
1547 802 1651 851 est.
1679 795 1824 851 Cum
1855 795 1937 850 illi
1965 808 2257 867 sponsam

600 887 968 954 tradiderim,
993 902 1062 942 ac
1079 887 1472 942 commissum
1490 885 1634 940 mihi
1657 885 2076 949 ministerium,
2101 882 2259 938 utdi-

601 981 884 1040 ctumest,
903 975 1292 1047 impleverim.
1317 974 1399 1030 Illi
1433 990 1575 1045 ergo
1600 974 1895 1047 putabant
1923 977 2258 1045 praecepto-

597 1081 728 1122 rem
778 1082 958 1121 suum
1011 1064 1516 1136 exasperandum,
1567 1071 1625 1119 et
1661 1064 1739 1118 ad
1811 1063 2259 1119 armulationem

602 1153 960 1210 irritandum
993 1157 1161 1226 :ipse
1193 1169 1350 1217 vero,
1385 1169 1522 1208 cum
1553 1153 1835 1224 praedicta
1882 1151 2123 1216 diceret,
2167 1166 2260 1206 os-

598 1244 804 1314 tendit,
838 1245 1005 1315 quod
1037 1259 1157 1298 non
1190 1243 1382 1297 solum
1410 1258 1530 1297 non
1561 1242 1943 1298 aemularetur
1974 1257 2110 1296 eum
2153 1239 2258 1311 qui

599 1333 788 1403 gloria
815 1338 1141 1403 superaret,
1180 1333 1284 1388 sed
1320 1333 1604 1405 gauderet
1666 1335 1865 1403 potius
1914 1335 1976 1385 ut
2005 1331 2111 1403 qui
2140 1329 2258 1384 hoc

598 1428 998 1495 procurasset.
1034 1423 1252 1479 Deinde
1276 1424 1452 1478 etiam
1495 1422 1567 1477 de
1596 1422 1794 1478 futuro
1810 1422 2150 1494 prophetat.

673 1603 834 1656 Vers.
861 1604 948 1657 30.
979 1600 1162 1656 Illum
1184 1631 1244 1640 —
1268 1599 1480 1655 minui.
1506 1600 1675 1655 Minui
1701 1617 1714 1654 :
1745 1598 2260 1672 quemadmodum

603 1688 816 1745 lucifer
848 1694 978 1745 orto
1018 1688 1163 1745 sole.

671 1778 848 1834 Vides
875 1794 997 1850 quo
1013 1783 1187 1850 pacto
1204 1778 1495 1850 paulatim
1511 1794 1576 1833 ac
1591 1778 1898 1846 ingeniose
1930 1776 2160 1832 illorum
2177 1777 2262 1832 in-
2296 1791 2339 1846 Β

601 1868 827 1923 vidiam
846 1868 1140 1931 cohibeat,
1155 1883 1223 1922 ac
1238 1867 1632 1938 impossibilia
1646 1871 1939 1922 tentantes
1963 1867 2265 1922 ostendat?

597 1957 740 2012 Ideo
768 1959 926 2012 enim
959 1957 1154 2012 adhuc
1186 1973 1257 2011 eo
1287 1957 1521 2010 vivente
1552 1961 1608 2011 et
1637 1956 1976 2027 baptizante
2005 1956 2266 2026 disposi-

599 2050 729 2101 tum
756 2050 864 2110 est,
895 2050 958 2101 ut
983 2047 1061 2100 ita
1082 2045 1264 2112 ﬁeret,
1291 2061 1406 2118 quo
1439 2046 1637 2116 ipsum
1669 2045 2029 2100 excellentiae
2051 2046 2263 2101 Christi

599 2140 812 2191 testem
853 2136 1142 2190 haberent
1170 2135 1286 2189 ﬁde
1317 2135 1570 2206 dignum
1602 2135 1736 2189 etin
1767 2135 1931 2189 nullo
1969 2135 2267 2191 contradi-

602 2240 733 2280 cere
764 2229 1007 2295 possent
1041 2241 1053 2279 :
1087 2225 1239 2280 unde
1266 2241 1375 2279 nec
1398 2241 1433 2280 a
1459 2223 1656 2295 seipso
1670 2224 1796 2279 haec
1823 2223 1986 2293 dixit,
2017 2225 2118 2281 sed
2147 2225 2260 2279 illis

605 2312 1074 2386 impellentibus.

675 2493 838 2548 Vers.
882 2497 971 2549 3t.
1024 2492 1133 2560 Qui
1177 2524 1244 2534 ——
1291 2500 1396 2549 est.
1458 2492 1566 2559 Qui
1619 2492 1874 2548 caelestis
1927 2498 2031 2558 est,
2073 2494 2267 2564 major

604 2583 889 2638 omnibus
923 2589 1030 2650 est,
1083 2587 1140 2637 et
1199 2583 1333 2637 ideo
1387 2598 1498 2651 ego
1552 2597 1796 2654 quoque
1852 2583 2049 2638 minor
2103 2599 2261 2638 sum.

677 2671 773 2727 Vel
805 2671 974 2727 aliter
1005 2671 1143 2738 :Qui
1165 2672 1414 2727 ccelestis
1440 2678 1546 2738 est,
1577 2672 1739 2726 nullo
1779 2677 1930 2744 eget,
1981 2673 2130 2728 etita
2161 2689 2266 2727 nec

606 2777 742 2817 meo
772 2767 906 2831 eget
935 2761 1282 2816 testimonio
1314 2762 1438 2833 ipse
1473 2761 1586 2816 sibi
1618 2760 1939 2816 sufﬁciens.

675 2937 818 2992 Vers
849 2942 938 2993 3t.
979 2937 1092 3005 Qui
1119 2969 1188 2976 —
1216 2945 1317 2994 est.
1355 2937 1522 2996 Sicut
1551 2938 1698 2993 illud
1729 2938 1802 2992 de
1844 2938 1962 3004 illo,
1995 2939 2078 2994 ita
2111 2945 2167 2995 et
2192 2940 2266 2994 is-

603 3026 712 3082 tud
741 3025 846 3098 (ee)
879 3027 1085 3082 deisto
1111 3027 1284 3094 dicit;
1313 3043 1452 3081 nam
1474 3026 1574 3098 qui
1605 3043 1636 3082 e
1671 3032 1823 3082 terra
1841 3027 2142 3099 profectus
2156 3035 2260 3095 est,

605 3121 874 3172 terrenus
901 3122 1010 3183 est,
1043 3115 1163 3170 sive
1194 3115 1435 3170 inferior
1466 3115 1888 3188 illo:siquidem
1922 3115 2136 3171 crelum
2172 3135 2266 3173 su-

602 3221 858 3278 pernum
889 3211 976 3261 est
1006 3210 1061 3260 et
1090 3206 1414 3269 excelsum,
1449 3213 1602 3260 terra
1628 3222 1770 3261 vero
1800 3207 2030 3262 inferna
2071 3211 2125 3262 et
2159 3208 2267 3262 hu-

603 3294 782 3350 milis.

676 3386 942 3439 Vers.3l.
973 3384 1047 3438 Et
1063 3385 1311 3439 deterra
1339 3385 1623 3454 loquitur.
1655 3384 2268 3457 Atquidivinaloque-

601 3473 798 3530 batur.
842 3473 957 3528 Sed
992 3474 1504 3545 quemadmodum
1536 3474 1797 3528 Christus
1836 3475 1895 3528 in
1927 3475 2272 3546 praeceden-

599 3563 764 3617 tibus
797 3562 976 3617 dixit:
1007 3563 1076 3618 Si
1099 3567 1336 3618 terrena
1373 3562 1505 3618 dixi
1534 3563 1695 3618 vobis
1723 3570 1774 3618 et
1806 3579 1924 3618 non
1957 3564 2266 3630 creditis“,

600 3656 905 3707 terrenum
919 3666 1138 3707 vocans
1151 3652 1418 3709 divinam
1433 3652 2088 3722 regenerationemznon
2105 3653 2271 3725 quod

606 3745 840 3796 terrena
864 3745 1040 3806 esset,
1076 3741 1177 3795 sed
1209 3742 1264 3796 in
1282 3741 1729 3812 comparatione
1759 3747 1990 3797 aeternae
2021 3757 2270 3807 genera-

604 3830 780 3887 tionis
801 3847 942 3895 suze,
961 3846 1095 3903 quae
1109 3847 1349 3886 omnem
1376 3847 1619 3886 sensum
1660 3847 2024 3903 omnemque
2044 3833 2272 3887 excedit

605 3918 971 3974 intellectum
997 3938 1009 3972 :
1034 3919 1106 3973 ita
1133 3925 1187 3974 et
1205 3935 1362 3974 nunc
1376 3920 1637 3974 Joannes
1658 3921 1730 3974 de
1757 3927 1909 3975 terra
1928 3920 2162 3992 seloqui
2186 3921 2272 3976 di-

605 4008 704 4077 cit,
720 4009 778 4064 in
796 4008 1246 4080 comparatione
1269 4008 1807 4078 supernaturalium
1825 4009 2038 4064 Christi
2055 4025 2270 4065 sermo-

605 4113 753 4152 num
787 4112 801 4152 :
835 4097 1153 4152 ostendens
1184 4112 1295 4150 sua
1320 4112 1448 4151 esse
1488 4113 1676 4168 parva
1716 4113 1785 4152 ac
1815 4097 1976 4161 vilia,
2020 4098 2069 4152 si
2101 4100 2170 4152 ad
2200 4113 2272 4154 ea

605 4201 742 4256 quas
769 4184 925 4239 illius
955 4190 1142 4250 erant,
1191 4184 1588 4240 conferantur.
1644 4189 1792 4240 Nam
1835 4188 1984 4241 sicut
2015 4202 2120 4258 per
2149 4202 2272 4241 coe-

604 4273 732 4329 lum
759 4272 1056 4342 signiﬁcat
1087 4273 1410 4342 excelsum,
1446 4274 1525 4330 ita
1551 4289 1656 4346 per
1683 4281 1896 4330 terram
1921 4275 2269 4347 depressum

607 4378 678 4419 ac
715 4361 952 4418 humile.

677 4451 841 4517 Vers,
883 4452 972 4506 31.
1000 4450 1108 4518 Qui
1139 4482 1207 4491 —
1243 4457 1337 4505 est.
1381 4451 1542 4507 Idem
1573 4467 1813 4507 rursum
1845 4453 2002 4519 dicit,
2047 4469 2267 4510 sermo-

607 4556 749 4596 nem
789 4540 1180 4598 conﬁrmans.

675 4631 838 4688 Vers.
869 4630 1054 4684 32.Et
1084 4661 1153 4670 —
1209 4634 1533 4685 attestatur.
1579 4630 2008 4701 Metaphoricus
2069 4648 2265 4689 sermo

605 4722 696 4774 est
727 4718 804 4773 ab
831 4718 944 4780 his,
971 4719 1075 4790 qui
1107 4734 1175 4772 ea
1213 4735 1349 4790 quae
1379 4718 1783 4785 testiﬁcantur,
1815 4721 1944 4775 visu
1975 4725 2032 4776 et
2061 4721 2264 4778 auditu

602 4812 972 4878 acceperunt.
1009 4807 1209 4879 Neque
1231 4809 1389 4863 enim
1413 4809 1520 4878 ipsi
1557 4824 1708 4878 opus
1740 4815 1864 4864 erat
1906 4811 2261 4879 cognitione,

601 4912 738 4968 quae
770 4913 803 4951 a
834 4897 965 4952 visu
1002 4896 1091 4952 vel
1122 4897 1329 4953 auditu
1359 4897 1720 4967 procederet,
1758 4914 1895 4954 cum
1919 4905 2130 4956 natura
2154 4900 2265 4956 sci-

601 4989 692 5041 ret
720 4986 945 5054 omnia,
970 4991 1172 5057 utpote
1201 4985 1497 5057 pert'ectus
1539 4987 1714 5051 Deus,
1764 4987 1870 5059 qui
1909 4988 2075 5044 nullo
2115 4989 2266 5044 indi-

605 5079 703 5145 get
731 5075 835 5129 sed
863 5074 1005 5147 quia
1034 5075 1296 5146 perfecta
1324 5075 1385 5131 in
1405 5075 1583 5131 nobis
1611 5078 1870 5145 cognitio
1901 5076 1978 5133 ab
2009 5079 2102 5134 his
2133 5095 2266 5151 pro-

603 5162 862 5230 ducitur,
885 5168 1064 5236 atquc
1085 5163 1253 5220 illum
1264 5164 1613 5238 judicamus
1630 5164 1748 5220 ﬁde
1759 5165 2033 5235 dignum,
2049 5168 2154 5240 qui
2171 5185 2258 5236 ea,

603 5251 680 5307 de
717 5252 938 5323 quibus
975 5251 1341 5323 testiﬁcatur,
1364 5253 1497 5309 visu
1526 5254 1757 5327 accepit
1787 5254 1878 5310 vel
1905 5256 2115 5313 auditu
2145 5274 2158 5314 ε
2190 5258 2265 5315 ab

678 5455 729 5492 ⁸⁸
751 5456 919 5512 Joan.
960 5474 1018 5524 ι,
1061 5461 1115 5524 8,
1151 5461 1236 5518 l2.

2367 525 2546 591 αὐτοῦ,
2578 531 2672 587 τὴν
2714 531 2850 580 οὕτω
2890 527 3153 600 γλυκεῖαν,
3192 533 3291 586 τὴν
3332 529 3497 591 οὕτως
3533 527 3856 602 ἐπέραστον,
3887 530 3971 585 τὴν

2365 616 2501 669 οὕτω
2539 622 2818 692 σωτήριον.

2438 792 2579 850 Αὕτη
2645 824 2715 834 -
2782 792 3138 866 πεπλήρωται.
3235 789 3567 867 Παραδόντος
3638 791 3832 862 ἐκείνῳ
3889 796 3976 848 τήν

2365 885 2590 955 νύμφην,
2647 887 2737 935 καὶ
2797 881 3210 956 πεπληρωκότος,
3267 885 3333 944 ὡς
3385 885 3606 958 εἴρηται,
3665 886 3768 941 τὴν
3818 880 3979 952 ἄγχει-

2366 967 2640 1046 ρισθεῖσαν
2688 991 2779 1045 μοι
2829 969 3120 1030 διακονίαν,
3186 972 3403 1025 Ἐκεῖνοι
3479 974 3570 1044 μεν
3645 968 3744 1024 οὖν
3829 975 3974 1043 ᾤοντο

2367 1062 2703 1136 παρακνίζειν
2752 1063 2840 1114 τὸν
2909 1058 3231 1114 διδάσκαλον
3280 1061 3494 1128 ἑαυτῶν,
3553 1066 3643 1113 καὶ
3699 1059 3778 1123 εἰς
3837 1059 3976 1122 ζηλο-

2367 1155 2553 1203 τυπίαν
2599 1149 2865 1224 ἐρεθίζειν·
2901 1150 3052 1213 αὐτὸς
3107 1147 3186 1218 δὲ,
3226 1152 3292 1203 τὰ
3343 1151 3568 1225 ῥηθέντα
3610 1149 3802 1218 εἰπὼν,
3861 1145 3976 1201 ἔδει·

2371 1239 2447 1302 ξεν
2497 1241 2577 1291 ὅτι
2623 1239 2682 1291 ού
2731 1244 2883 1311 μόνον
2942 1239 3001 1292 ού
3052 1239 3338 1300 ζηλοτυποῖ
3400 1235 3970 1312 παρευδοκιμούμενος,

2370 1327 2476 1380 ἀλλ’
2524 1331 2603 1380 ὃτι
2641 1333 2731 1380 καὶ
2778 1328 2964 1391 μᾶλλον
3015 1333 3218 1402 χαίρει,
3269 1333 3357 1381 καὶ
3388 1330 3469 1381 ὅτι
3508 1333 3599 1381 καὶ
3628 1328 3799 1389 αὐτὸς
3833 1335 3974 1380 τοῦτο

2371 1415 2715 1480 ἐσπούδαζεν.
2789 1415 2914 1472 Εἶτα
2969 1421 3283 1491 προφητεύει
3340 1423 3431 1470 καὶ
3504 1423 3623 1492 περὶ
3696 1424 3798 1471 τοῦ
3871 1417 3974 1491 μέλα

2369 1509 2563 1570 λοντος.

2439 1601 2664 1652 Ἐκεῖνον
2711 1629 2779 1639 —
2838 1597 3199 1651 ἐλαττοῦσθαι.
3251 1596 3628 1652 Ἐλαττοῦσθαι
3691 1599 3786 1665 ὥς,
3843 1596 3975 1656 ἡλίου

2372 1685 2743 1757 ἀνατείλαντος,
2772 1687 3032 1761 ἑωσφόρον
3043 1731 3053 1741 .

2444 1775 2594 1840 Εἶδες
2647 1785 2756 1839 πῶς
2813 1777 2983 1851 ἠρέμα
3025 1782 3116 1830 καὶ
3160 1776 3470 1849 εὐμηχάνως
3527 1780 3624 1833 τὴν
3689 1775 3974 1850 βασκανίαν

2373 1867 2542 1920 αύτῶν
2619 1866 2951 1939 ἐσωφρόνισε,
3051 1871 3140 1919 καὶ
3220 1863 3502 1928 ἀδυνάτοις
3582 1863 3973 1941 ἐπιχειροῦντας

2375 1956 2538 2020 ἔδειξε
2569 1974 2582 2023 ;
2618 1961 2711 2010 Διά
2771 1965 2922 2010 τοῦτο
2961 1959 3060 2032 γὰρ
3124 1961 3209 2008 καὶ
3253 1957 3584 2029 ᾠκονομήθη,
3649 1961 3732 2009 ἐτι
3792 1957 3969 2016 ζῶντος

2377 2048 2538 2100 αὐτοῦ
2584 2052 2673 2099 καὶ
2721 2046 3091 2119 βαπτίζοντος,
3139 2054 3307 2099 ταῦτα
3353 2047 3618 2117 γενέσθαι,
3685 2048 3773 2098 ’ἱνα
3828 2046 3966 2096 αὑτὸν

2377 2138 2679 2199 άξιόπιστον
2732 2139 2973 2211 μάρτυρα
3014 2145 3110 2198 τῆς
3161 2139 3431 2209 ὑπεροχῆς
3483 2137 3680 2207 ἔχωσι,
3738 2139 3829 2187 καὶ
3872 2153 3968 2206 μη-

2380 2223 2537 2299 δεμία
2606 2229 2806 2286 τούτοις
2875 2224 3141 2296 ἀντιλογία
3201 2225 3579 2298 περιλειφθείη.
3666 2221 3810 2276 Ούδὶ
3876 2225 3960 2294 γὰρ

2379 2314 2462 2387 ἀφ’
2548 2315 2730 2368 ἑαυτοῦ
2803 2322 2971 2367 ταῦτα
3029 2311 3185 2379 εἶπεν,
3257 2313 3364 2366 ἀλλ’
3435 2311 3642 2366 ἐκείνων
3714 2330 3964 2388 παρορμησ

2380 2407 2574 2457 σάντων
2585 2448 2596 2459 .

2446 2495 2505 2548 Ὀ
2537 2525 2601 2538 —-
2630 2493 2787 2546 ἐστιν.
2823 2493 2882 2546 Ὀ
2914 2492 3210 2568 ἐπουράνιος
3234 2492 3426 2565 μείζων
3471 2493 3684 2545 πάντων
3728 2491 3854 2558 ἐστὶ,
3881 2485 3957 2542 διὰ

2376 2593 2528 2638 τοῦτο
2551 2586 2700 2655 κάγω
2729 2582 2948 2636 ἐλάττων
2977 2583 3157 2639 αύτόῦ.

2446 2674 2515 2727 ’Ἡ
2571 2679 2659 2725 καὶ
2709 2673 2909 2746 ἑτέρως·
2941 2674 3000 2726 Ὀ
3040 2672 3345 2745 ἐπουράνιος
3399 2668 3714 2742 ἀπροσδεὴς
3772 2671 3947 2722 πάντων

2378 2764 2509 2830 ἐστὶ,
2552 2760 2644 2816 διὰ
2696 2770 2847 2815 τοῦτο
2895 2760 3019 2815 οὐδε
3062 2769 3152 2822 τῆς
3182 2761 3306 2834 ἐμῆς
3325 2756 3647 2837 προσδεῖται
3671 2761 3938 2834 μαρτυρίας,

2378 2853 2535 2914 αὑτός
2557 2852 2722 2923 ἑαυτῷ
2753 2851 2941 2926 ἀρκῶν.

2444 2941 2502 2994 ²Ο
2581 2973 2646 2981 --
2713 2943 2872 2993 ἐστίν.
2937 2939 3137 3013 Ὠσπερ
3188 2939 3346 2992 ἐκεῖνο
3402 2942 3519 3013 περὶ
3574 2938 3785 3008 ἐκείνου,
3829 2935 3931 2988 οὕτω

2375 3036 2465 3083 καὶ
2514 3039 2667 3084 τοῦτο
2701 3035 2818 3104 περὶ
2859 3030 2970 3102 (47)
3033 3031 3218 3082 ἑαυτοῦ
3281 3027 3437 3100 λέγει,
3488 3030 3569 3080 ὅτι
3622 3031 3648 3081 ὁ
3679 3030 3740 3079 ὢν
3783 3025 3827 3076 ἐκ
3857 3029 3929 3079 τῆς

2375 3130 2474 3193 γῆς
2520 3120 2573 3172 ἐκ
2617 3129 2712 3182 τῆς
2761 3129 2863 3191 γῆς
2911 3119 3074 3189 ἐστιν,
3125 3123 3287 3190 ἤγουν
3335 3120 3583 3170 ὑποκάτω
3644 3112 3914 3171 inmutari

2375 3213 2476 3284 ’γάρ
2534 3214 2620 3261 καὶ
2672 3211 2697 3262 ὁ
2751 3210 2967 3285 οὐρανὸς
3005 3212 3093 3281 μὲν
3149 3208 3316 3261 ἐπάνω
3357 3212 3448 3260 καὶ
3495 3205 3758 3279 ὑψηλὸς,ἡ
3789 3206 3842 3271 γῆ
3869 3193 3916 3248 δὲ

2377 3301 2621 3352 ὑποκάτω
2651 3303 2740 3350 καὶ
2768 3304 2996 3357 ταπεινή.

2453 3393 2553 3441 Καὶ
2605 3387 2659 3440 ἐκ
2706 3396 2800 3450 τῆς
2829 3396 2926 3459 γῆς
2968 3387 3126 3442 λαλεῖ,
3182 3391 3282 3440 Καὶ
3329 3391 3432 3459 μὴν
3477 3388 3590 3438 θεῖα
3639 3384 3803 3439 ἐλάλει·
3848 3372 3932 3428 ἀλλ’

2381 3480 2554 3550 ὥσπερ
2615 3479 2639 3529 ὁ
2693 3480 2925 3550 Χριστὸς
3002 3475 3274 3552 προλαϐὼν
3323 3479 3542 3550 εἴρηκεν·
3611 3475 3674 3528 Εἰ
3737 3473 3796 3523 τὰ
3846 3465 3939 3518 ἐπί-

2379 3585 2498 3638 γεια
2582 3563 2720 3618 εἷπον
2781 3569 2922 3638 ύμῖν,
2993 3571 3082 3618 καὶ
3143 3565 3202 3618 ού
3267 3567 3556 3617 πιστεύετε’
3611 3563 3819 3633 ἰπίγειον
3871 3555 3938 3606 λέ-

2379 3676 2484 3727 γων
2554 3660 2647 3714 τὴν
2715 3657 2852 3708 θείαν
2924 3654 3278 3726 ἀναγεννησιν·
3355 3653 3450 3706 ούκ
3506 3649 3688 3710 ἓπειδὴ
3757 3648 3942 3717 ίπίγειος

2383 3741 2466 3809 ἧν,
2521 3744 2649 3796 ἀλλὰ
2687 3747 2817 3819 πρὸς
2872 3747 3151 3819 σύγκρισιν
3209 3751 3301 3803 τῆς
3350 3747 3667 3816 προαιωνίου
3701 3743 3784 3790 καὶ
3836 3736 3936 3802 ὑπὲρ

2381 3840 2496 3884 νοῦν
2549 3838 2638 3885 καὶ
2690 3832 2839 3904 λόγον
2891 3837 3176 3906 γεννήσεως
3245 3832 3426 3884 αὐτοῦ·
3479 3831 3617 3883 οὕτω
3672 3833 3756 3881 καὶ
3805 3832 3880 3875 νῦν
3921 3837 3939 3868 ο

2388 3923 2632 3984 Ἰωάννης
2681 3921 2733 3973 ἐκ
2787 3931 2882 3984 τῆς
2911 3931 3006 3994 γῆς
3056 3921 3224 3974 λαλεῖν
3253 3921 3459 3993 ,ἑαυτὸν
3501 3920 3638 3991 λέγει
3679 3919 3800 3990 πρὸς
3838 3930 3939 3979 συγ·

2382 4031 2558 4086 κρισιν
2586 4021 2684 4064 τῶν
2706 4013 2976 4086 ὑπερφυῶν
3019 4011 3184 4083 λόγων
3224 4019 3316 4064 τοῦ
3345 4017 3600 4086 Χριστοῦ,
3625 4005 3851 4061 δεικνύων
3876 4003 3939 4051 ότι

2381 4104 2447 4153 τὰ
2478 4102 2663 4153 ἑαυτοῦ
2681 4104 2845 4174 μικρὰ
2869 4106 2958 4154 καὶ
2984 4100 3155 4159 εύτελῆ
3180 4107 3289 4161 τοίς
3313 4098 3506 4152 ἐκείνου
3527 4093 3932 4173 παραϐαλλόμενα.

2385 4192 2627 4264 Καθάπερ
2679 4192 2780 4266 γάρ
2836 4187 2930 4242 διὰ
2969 4198 3058 4242 τοῦ
3110 4190 3328 4263 ούρανοῦ
3377 4193 3436 4241 τὸ
3487 4187 3681 4260 ὑψηλὸν
3718 4183 3932 4256 ἐμφαίνει,

2383 4279 2518 4331 οὕτω
2547 4285 2637 4332 καὶ
2666 4276 2758 4332 διὰ
2782 4288 2874 4341 τῆς
2902 4288 3004 4352 γῆς
3034 4282 3090 4332 τὸ
3112 4283 3372 4334 ταπεινόν.

2451 4458 2511 4510 Ὀ
2558 4489 2626 4497 --
2690 4457 2822 4510 ἐστί.
2882 4460 2950 4510 Τὸ
3008 4457 3133 4510 αὐτὸ
3189 4457 3326 4529 λέγει
3374 4455 3550 4518 πάλιν,
3594 4450 3795 4527 βεϐαιῶν
3855 4443 3928 4492 τὸν

2378 4547 2552 4619 λόγον.

2452 4641 2549 4689 Καὶ
2612 4664 2666 4676 --
2730 4641 2999 4711 μαρτυρεῖ.
3054 4637 3409 4710 Μεταφορικὸς
3454 4635 3479 4685 ό
3521 4634 3656 4700 λόγος
3706 4622 3795 4673 ἀπό
3835 4635 3918 4711 των

3892 4699 3904 4716 3

2377 4725 2491 4797 ἅψει
2546 4729 2635 4778 καὶ
2715 4723 2842 4796 ἀκοῇ
2916 4722 3340 4797 παραλαϐόντων,
3393 4723 3426 4775 ἃ
3463 4720 3794 4794 μαρτυροῦσιν.
3839 4709 3906 4753 Ου

2374 4795 2472 4887 γάρ
2525 4815 2676 4874 αὐτὸς
2733 4795 2897 4867 ἐδεῖτο
2949 4795 3210 4886 γνώσεως,
3258 4821 3355 4874 τῆς
3399 4812 3450 4876 ἐξ
3476 4801 3740 4886 ὁράσεωςῆ
3776 4795 3922 4887 ἀκοῆς

2375 4903 2719 4975 ἐγγινομένης,
2783 4906 2934 4975 φύσει
3000 4905 3171 4956 πάντα
3227 4899 3402 4966 εἰδώς,
3461 4903 3528 4962 ὡς
3584 4889 3803 4951 ἀνενδεὴς
3852 4885 3932 4975 ξαὶ

2373 4971 2562 5054 τέλειος
2635 4971 2798 5054 Θεὸςσί
2861 4991 2968 5044 ἀλλ’
3063 4987 3344 5064 ἐπειδήπερ
3425 4991 3552 5063 ἡμῖν
3635 4987 3664 5046 ἡ
3744 4971 3935 5051 ἀκριϐὴς

2371 5090 2562 5155 γνῶσις
2620 5081 2676 5134 ἐκ
2733 5084 2924 5134 τούτων
2970 5081 3244 5154 ἐγγίνεται,
3303 5085 3393 5133 καὶ
3454 5077 3747 5143 ἀξιόπιστον
3794 5069 3941 5142 κρίνα·

2373 5191 2464 5244 μεν
2502 5175 2589 5224 τὸν
2640 5171 2671 5230 ἦ
2714 5170 2829 5241 ὄψει
2864 5171 2892 5230 ἦ
2942 5169 3069 5244 ἀκοῇ
3117 5168 3510 5245 παραλαϐόντα,
3559 5170 3674 5241 περὶ
3702 5162 3764 5214 ὧν
3798 5156 3946 5224 ἀπαγ-

2371 5260 2559 5334 γέλλεὶ,
2616 5259 2716 5313 ἀπὸ
2771 5269 2869 5313 τῶν
2923 5263 3044 5335 παρ’
3123 5262 3248 5333 ἡμῖν
3319 5265 3411 5313 καὶ
3469 5260 3536 5312 τὰ
3604 5257 3718 5329 περὶ
3778 5247 3949 5303 ἑκείνου

1829 5587 2052 5659 Variae
2089 5589 2421 5660 lectiones
2460 5600 2526 5660 et
2562 5600 2767 5662 notae.

681 5736 794 5809 (47)
837 5738 963 5812 Περὶ
993 5734 1154 5789 αὐτοῦ
1193 5739 1264 5795 Α.
