4120 6310
150 383 303 437 1181

1221 332 1594 421 ΟΟΜΜΕΝΤ.
1642 372 1715 429 IN
1753 375 2093 431 .IOANNEM.
2133 408 2200 417 —
2231 375 2385 431 CAP.
2428 375 2528 430 IlI.

3426 371 3568 429 “82

1323 480 1339 496 η
1378 482 1398 497 ρ.

148 514 486 559 πιστοῦται.
544 504 710 558 Εἰπων
764 502 919 573 οὖν,ὃ
972 505 1157 577 ἑώρακε
1180 498 1275 552 καὶ
1318 504 1343 537 ο
1374 501 1588 565 ηκουσε,
1633 509 1786 554 τοῦτο

1909 503 1987 557 bis
2014 518 2147 573 quae
2177 502 2331 573 apud
2363 518 2473 557 nos
2504 507 2663 565 sunt,
2687 502 3041 573 comprobat
3060 501 3239 556 etiam
3259 514 3396 573 quae
3422 502 3565 554 sunt

150 602 441 669 μαρτυρεῖ
471 610 484 624 ·
514 603 764 655 ταπεινῶς
820 598 907 666 μὲν
961 589 1066 646 εἶπε
1124 589 1217 645 διὰ
1246 586 1341 643 τὴν
1388 575 1654 642 ἀσθένειαν
1688 600 1785 643 τῶν

150 684 523 757 ἀκροωμένων
566 701 578 713 ·
613 680 762 736 οὐδὲν
808 680 866 736 δὲ
895 684 1059 758 ἕτερον
1108 690 1242 735 εἶπεν
1283 678 1311 739 ἢ
1348 676 1429 729 ὅτι
1458 673 1622 740 ἀληθῆ
1658 700 1786 755 μαρ-

148 780 336 846 τυρεῖ,
380 776 487 825 Καὶ
517 775 614 847 γὰρ
651 778 740 824 καὶ
772 772 886 844 (li-8)
919 774 1087 844 ἡμεῖς,
1146 773 1266 823 ὅταν
1306 769 1419 841 (49)
1450 768 1667 842 θέλωμεν
1701 768 1786 841 βε-

149 860 411 913 ϐαιῶσαι
444 866 560 935 περί
584 882 718 922 τινος
750 864 829 913 ὅτι
853 860 1015 920 ἀληθῆ
1049 861 1202 933 λέγει,
1237 863 1398 934 φαμεν
1431 860 1507 912 ὅτι
1541 858 1566 913 ὃ
1593 860 1785 933 ἑώρακε

146 956 250 1003 καὶ
284 950 417 1023 (50)
449 951 661 1018 ἢκουσε,
686 958 837 1004 τοῦτο
856 958 1128 1027 μαρτυρεῖ.

232 1130 456 1181 Λοιπὸν
505 1124 613 1194 οὖν,
696 1130 817 1180 ὅταν
873 1127 1065 1202 ἀκούῃς
1117 1132 1204 1181 καὶ
1270 1127 1430 1180 αὐτοῦ
1494 1126 1726 1199 λέγοντος
1768 1144 1783 1159 ⁸

149 1219 366 1279 Καθὼς
401 1216 594 1287 ἀκούω,
629 1222 786 1291 κρίνω
814 1236 826 1247 ·
854 1222 937 1271 καὶ
978 1218 1129 1271 πάλιν
1158 1237 1171 1249 ·
1202 1218 1259 1271 Ἠ
1310 1217 1402 1290 ἐμὴ
1447 1214 1656 1289 διδαχὴ
1692 1217 1785 1269 ούκ

147 1306 310 1357 ἔστιν
348 1304 477 1378 ἐμὴ,
530 1306 659 1358 ἀλλὰ
706 1315 798 1359 τοῦ
841 1306 1137 1378 πέμψαντός
1188 1327 1252 1380 με
1294 1324 1307 1336 ·
1365 1311 1455 1358 καὶ
1501 1305 1652 1367 αὖθις
1685 1312 1782 1359 ’Ἃ

148 1397 387 1452 ἤκουσα
416 1398 543 1467 παρ’
568 1395 747 1461 αὐτοῦ,
804 1404 969 1449 ταῦτα
1006 1397 1135 1467 λέγω
1169 1397 1237 1459 εἰς
1276 1400 1363 1448 τόν
1419 1402 1635 1469 κόσμον,
1695 1400 1785 1448 καὶ

149 1485 264 1535 ὅσα
341 1493 571 1537 τοιαῦτα
606 1503 619 1516 ⁸
670 1490 894 1557 γίνωσκε
946 1488 1026 1538 ὅτι
1078 1487 1411 1558 οἰκονομικῶς
1456 1489 1521 1538 τά
1570 1487 1787 1539 τοιαύτά

148 1592 355 1644 φησιν,
399 1575 486 1625 ἱνα
515 1578 667 1645 μόνον
690 1571 817 1647 δόξῃ
856 1573 1020 1633 ἀληθῆ
1056 1574 1241 1645 λέγειν,
1284 1572 1376 1627 διὰ
1402 1578 1459 1627 τὸ
1506 1579 1662 1647 μήπω
1692 1579 1785 1633 τὴν

147 1668 561 1733 προσήκουσαν
612 1668 729 1738 περὶ
784 1663 940 1716 αὐτοῦ
998 1661 1154 1726 δόξαν
1209 1667 1347 1736 ἔχειν
1407 1668 1525 1725 τοὺς
1600 1663 1784 1737 ἀκροα-

148 1753 279 1813 τάς.

1896 590 2069 645 illius.
2104 592 2311 645 Dicens
2350 606 2511 661 ergo,
2572 591 2743 657 Quod
2797 589 2961 655 vidit,
2991 590 3278 662 quodque
3307 588 3558 653 audivit,

1896 680 2009 735 hoc
2036 684 2343 735 attestatur
2363 697 2374 734 :
2392 680 2601 735 humili
2626 681 2807 735 modo
2826 685 3065 752 propter
3087 678 3427 735 auditorum
3452 678 3564 732 im-

1896 768 2268 825 becillitatem
2299 770 2528 827 locutus
2556 775 2668 837 est,
2701 785 2907 824 verum
2970 768 3113 824 nihil
3166 767 3329 823 aliud
3368 766 3562 822 innuit

1893 874 2080 930 quam
2103 860 2149 914 si
2168 860 2409 914 dixisset
2441 876 2454 914 :
2485 860 2633 915 Vera
2654 859 3020 914 testiﬁcatur.
3038 857 3339 930 Siquidem
3358 856 3560 911 volen-

1896 954 1980 1004 tes
2004 949 2077 1005 de
2107 949 2308 1021 aliquo
2330 950 2641 1013 afﬁrmare,
2669 948 2832 1021 quod
2852 964 2991 1004 vera
3008 949 3185 1016 dicat,
3205 946 3559 1013 asserimus,

1895 1054 2034 1093 eum
2066 1038 2126 1093 id
2157 1037 2470 1108 testiﬁcari,
2500 1038 2666 1110 quod
2697 1038 2843 1093 vidit
2868 1042 2924 1093 et
2961 1037 3205 1092 audivit.

1965 1127 2216 1189 Quando
2248 1129 2422 1196 Igitur
2452 1128 2650 1199 ipsum
2695 1126 2957 1182 audieris
3004 1125 3303 1181 dicentem
3336 1140 3350 1181 :
3392 1125 3558 1180 Sicut

1895 1218 2075 1273 audio
2088 1218 2299 1287 Judico
2319 1218 2449 1283 ‘7;et
2466 1217 2869 1273 rursum:Mea
2880 1216 3158 1271 doctrina
3176 1230 3295 1269 non
3310 1220 3393 1270 est
3409 1229 3558 1279 mea,

1894 1308 1995 1363 sed
2022 1309 2149 1376 ejus
2170 1308 2275 1378 qui
2304 1306 2458 1361 misit
2492 1322 2581 1361 me
2602 1305 2648 1341 ⁵⁸
2684 1322 2698 1371 ;
2726 1310 2782 1359 et
2812 1307 3025 1360 iterum
3052 1322 3065 1357 :
3088 1305 3223 1368 Qum
3254 1303 3461 1359 audivi
3485 1303 3560 1358 ab

1895 1412 1959 1452 eo
1990 1397 2117 1451 hac
2141 1398 2349 1465 loquor
2376 1396 2439 1451 in
2466 1395 2757 1450 mundum
2799 1396 2872 1461 δ’,
2914 1399 2971 1449 et
3013 1408 3391 1464 quaecunque
3424 1395 3565 1446 sunt

1897 1485 2134 1553 similia,
2170 1485 2317 1539 scito
2358 1484 2496 1538 talia
2527 1483 2959 1553 dispensatorie
2991 1482 3235 1544 dixisse,
3271 1480 3467 1535 solum
3500 1485 3563 1534 ut

1899 1574 2170 1629 videatur
2201 1588 2335 1628 vera
2351 1573 2653 1637 dicere,eo
2685 1571 2850 1643 quod
2882 1586 3210 1640 congruam
3236 1569 3311 1624 de
3337 1584 3407 1624 eo
3435 1568 3563 1640 opi-

1898 1665 2134 1719 nionem
2168 1662 2440 1718 nondum
2471 1661 2763 1716 haberent
2793 1660 3111 1715 auditores.

238 1847 350 1894 Και
400 1873 471 1881 -
518 1840 787 1914 λαμϐάνει.
839 1839 1032 1905 Οὐδεὶς
1080 1851 1178 1895 τῶν
1228 1841 1786 1897 ἀπιστούντων.Τούτο

1968 1843 2131 1897 Vers.
2154 1846 2239 1897 32.
2264 1843 2337 1897 El
2364 1873 2433 1882 —
2454 1840 2692 1909 accipit.
2725 1839 2925 1895 Nullus
2948 1837 3314 1893 inﬁdelium.
3342 1836 3458 1891 Hoc
3488 1852 3565 1893 au

158 1924 222 1981 δὲ
258 1936 391 2004 περὶ
417 1939 515 1982 τῶν
543 1929 871 1989 ἀναισθήτων
900 1928 1169 1983 Ἰουδαίων
1219 1936 1414 2007 εἴρηκεν
1447 1934 1471 1984 6
1505 1932 1740 1994 Ἰωάννης
1771 1948 1783 1961 ⁸

158 2016 461 2095 ἐξαιρέτως
482 2018 541 2072 δὲ
565 2026 683 2094 περὶ
721 2030 819 2073 τῶν
852 2021 1037 2074 ἑαυτοῦ
1066 2024 1335 2093 μαθητῶν,
1375 2031 1474 2075 τῶν
1520 2024 1619 2075 ὑπὸ
1646 2023 1785 2095 φιλο-

159 2103 361 2171 δοξίας
408 2114 498 2162 καὶ
540 2108 838 2182 βασκανίας
885 2112 1222 2186 παρακνίζειν
1273 2112 1428 2163 αὐτόν
1463 2111 1787 2186 ἐπιχειρούν-

158 2216 292 2251 των.

236 2293 300 2339 Ὀ
333 2286 511 2340 λαϐὼν
542 2319 609 2327 —
640 2286 772 2343 ἐστί.
809 2289 1174 2362 Ἐσφράγίσεν,
1228 2294 1393 2360 ἤγουν
1458 2289 1783 2362 ἐϐεϐαίωσεν,

164 2372 372 2440 ἔδειξεν
395 2379 476 2429 ὅτι
498 2378 523 2429 6
555 2383 729 2452 Πατὴρ
769 2377 956 2440 ἀληθής
987 2381 1148 2435 ἐστιν.
1222 2379 1349 2432 Εἶτα
1403 2381 1785 2441 κατασκευάζει

166 2468 229 2516 τὸ
271 2468 456 2541 ῥηθέν.

241 2554 346 2609 “Ov
368 2559 468 2631 γὰρ
499 2588 565 2598 —
604 2556 770 2614 λαλεῖ.
833 2558 976 2610 Ἐπεὶ
1018 2561 1141 2633 γὰρ,
1185 2557 1564 2632 ἀπεσταλμένος
1605 2565 1692 2629 ὧν,
1722 2564 1787 2613 τὰ

169 2643 399 2716 ῥήματα
420 2654 511 2698 τοῦ
543 2654 676 2699 Θεοῦ
702 2647 862 2711 λαλεῖ,
903 2648 1080 2699 λοιπόν
1113 2650 1137 2699 6
1178 2651 1266 2719 μὲν
1291 2648 1457 2699 λαϐὼν
1504 2649 1659 2700 αὐτοῦ
1691 2656 1783 2709 τὴν

175 2740 481 2810 μαρτυρίαν
510 2740 600 2786 καὶ
630 2739 891 2787 πιστεύων
934 2736 1073 2807 αὐτῷ
1122 2735 1445 2800 ἐϐεϐαίωσεν,
1490 2734 1677 2799 ἔδειξεν
1709 2741 1785 2790 ὅτι

178 2822 203 2872 6
236 2828 373 2885 Θεὸς
422 2821 616 2884 ἀληθής
643 2823 799 2893 ἐστιν,
835 2826 859 2875 6
888 2824 1193 2885 ἀποστείλας
1236 2825 1409 2889 αὐτόν,
1435 2822 1634 2887 οὗτινός
1684 2827 1785 2879 εἰσι

178 2912 247 2960 τὰ
277 2912 497 2983 ῥήματα
527 2909 561 2963 ἀ
588 2911 732 2963 λαλεῖ
758 2929 772 2942 ·
808 2914 832 2963 6
870 2910 928 2964 δε
977 2918 1048 2984 μὴ
1094 2912 1262 2965 λαϐὼν
1294 2913 1469 2980 αὐτὴν,
1499 2920 1586 2967 καὶ
1619 2914 1782 2967 ἀπισ-

177 3006 280 3047 τῶν
312 2998 473 3069 αύτῷ,
500 3000 795 3053 τούναντίον
821 3010 977 3067 ποιεῖ,
1009 3006 1098 3054 καὶ
1124 2999 1273 3055 οὐδὲν
1308 3003 1473 3077 ἕτερον
1514 3003 1542 3063 ἦ
1578 3002 1787 3077 προδή-

177 3085 281 3148 λως
318 3090 594 3161 θεόμαχεῖ.

264 3264 404 3343 Ὀρα
444 3276 552 3331 πῶς
607 3268 796 3331 αὐτοὺς
850 3268 1073 3323 ἐντεῦθεν
1128 3270 1348 3343 ἐφόϐησε
1372 3276 1461 3323 καὶ
1483 3273 1786 3339 κατέπληξε,

192 3359 457 3428 μαθόντας
524 3360 604 3412 ὅτι
652 3360 676 3411 6
730 3362 1037 3433 παρακούων
1116 3362 1274 3413 αὑτοῦ
1354 3365 1636 3433 παρακούει
1700 3372 1790 3415 τοῦ

194 3454 331 3498 Θεοῦ
362 3453 452 3499 τόύ
505 3449 804 3520 πέμψαντος
862 3449 1035 3501 αὐτόν.
1087 3450 1263 3512 Δείξας
1311 3455 1477 3502 τοίνυν
1546 3456 1635 3510 τὴν
1715 3450 1795 3505 δι-

195 3530 491 3589 δασκαλίαν
551 3538 706 3590 ἀύτοῡ
779 3537 1082 3601 ἀξιόπιστον
1132 3537 1231 3591 ἀπὸ
1288 3547 1378 3591 τοῦ
1431 3544 1652 3612 Πατρός,
1689 3538 1793 3594 δεί-

193 3643 377 3677 κνυσιν
410 3626 571 3685 αὐτὴν
634 3626 935 3690 ἀξιόπιστον
984 3632 1072 3680 καὶ
1125 3628 1225 3680 ἀπὸ
1256 3636 1345 3681 τοῦ
1377 3627 1531 3700 ἀγίου
1566 3634 1796 3703 Ιινεύμα-

192 3730 299 3772 τος.

266 3803 343 3854 Οὐ
382 3835 448 3844 -
483 3811 708 3877 Πνεῦμα.
767 3805 842 3857 Οὐ
898 3809 1284 3880 μεμετρημένην
1339 3803 1561 3859 δίδωσιν
1607 3809 1793 3879 αύτῷὸ

198 3893 379 3965 Πατὴρ
412 3896 503 3951 τὴν
534 3902 625 3945 τοῦ
650 3896 942 3966 Πνεύματος
967 3895 1234 3967 ἐνέργειαν,
1270 3898 1441 3970 ὥσπερ
1469 3905 1576 3957 τοῖς
1622 3898 1795 3960 ἄλλοις

197 3977 503 4050 ἀγίοις,ἀλλ’
526 3980 809 4056 ἀμέτρητον
840 3987 952 4055 ἔχει
975 3988 1168 4042 ταύτην
1199 3990 1287 4037 καὶ
1319 3986 1458 4052 ὅλην,
1483 3989 1546 4046 ὡς
1568 3988 1789 4059 ὀμοφυῆ.

198 4075 406 4143 Πνεῦμα
424 4074 523 4145 γὰρ
554 4080 640 4123 νῦν
667 4072 800 4143 λέγει
827 4077 919 4131 τὴν
954 4080 1046 4125 τοῦ
1082 4077 1371 4146 πνεύματος
1420 4074 1693 4149 ἐνέργειαν.
1722 4081 1792 4129 T6

203 4165 407 4233 Πνεῦμα
436 4164 524 4233 μὲν
563 4164 663 4234 γὰρ
720 4160 999 4235 ἀμέτρητον
1029 4201 1041 4214 .
1076 4164 1105 4221 ἡ
1140 4162 1365 4236 ἐνέργεια
1422 4160 1479 4216 δὲ
1516 4164 1674 4216 αὐτοῦ
1704 4185 1790 4237 με·

198 4257 396 4322 τρεῖται
424 4256 513 4303 καὶ
550 4248 847 4324 διανέμεται
904 4252 1017 4305 κατ’
1069 4251 1215 4315 ἀξιαν
1281 4262 1381 4305 τῶν
1431 4253 1790 4327 λαμϐανόντων

199 4338 378 4397 αὐτὴν,

268 4510 471 4577 Ἔδειξε
525 4511 585 4567 δὲ
658 4519 751 4574 τὴν
836 4512 1191 4569 διδασκαλίαν
1255 4516 1413 4570 αὐτοῦ
1490 4516 1791 4579 ἀξιόπιστον

200 4600 299 4655 ἀπὸ
356 4611 447 4656 τοῦ
484 4608 681 4677 Πατρός
719 4610 810 4657 καὶ
848 4614 939 4657 του
996 4605 1148 4677 ἁγίου
1211 4610 1524 4678 Πνιύματος,
1577 4606 1681 4677 οὐχ
1728 4609 1791 4667 ὡς

201 4687 439 4765 δεομένου
490 4703 585 4755 τῆς
636 4694 820 4749 ἐκεῖθεν
885 4695 1213 4758 ἀξιοπιστίας
1244 4713 1256 4725 ·
1291 4696 1435 4767 ἀρκεῖ
1480 4698 1582 4769 γὰρ
1636 4696 1792 4759 αὐτὸς
1822 4686 1863 4739 Ῑ)

202 4780 379 4853 ἑαυτῷ,
407 4793 499 4844 τῆς
529 4784 687 4845 αὐτῆς
731 4784 908 4845 αὐτοῖς
961 4786 1028 4835 ὧν
1071 4789 1270 4857 φύσεως
1323 4791 1411 4837 καὶ
1454 4784 1599 4847 ἀξίας
1633 4804 1645 4816 ·
1684 4784 1791 4835 ἀλλ’

201 4867 375 4929 ἐπειδὴ
428 4877 513 4924 τόν
552 4877 641 4945 μεν
702 4879 903 4949 Πατέρα
956 4874 1253 4945 ἐγίνωσκον,
1308 4880 1397 4926 καὶ
1442 4877 1518 4925 ὅτι
1582 4876 1789 4946 Πνεῦμα

201 4958 336 5011 ἐστιν
385 4962 691 5032 ἠπίσταντο,
741 4967 827 5015 τὸν
882 4967 1000 5015 Υὶόν
1058 4961 1117 5016 δὲ
1176 4966 1414 5034 ἠγνόουν,
1449 4962 1537 5015 ἀπ’
1588 4963 1788 5015 ἐκείνων

270 5142 312 5175 ⁵⁷
344 5142 517 5195 Joan.
561 5158 615 5207 v,
658 5144 725 5197 3O
813 5142 860 5176 ⁵⁸
890 5143 1061 5197 Joan.
1104 5158 1203 5207 vu,
1238 5143 1324 5196 16.

1899 1938 2013 1988 tem
2036 1932 2109 1988 de
2139 1932 2453 1986 insensatis
2478 1930 2700 1985 Judaeis
2743 1928 2892 1984 dixit
2918 1930 3201 1992 Joannes,
3242 1926 3563 1998 praisertim

1899 2027 2098 2077 autem
2122 2022 2195 2075 de
2218 2020 2520 2092 discipulis
2539 2020 2683 2083 suis,
2710 2019 2808 2089 qui
2846 2035 2984 2073 eum
3012 2018 3070 2072 in
3099 2016 3478 2072 ambitionem
3507 2021 3563 2071 et

1900 2104 2189 2165 invidiam
2216 2108 2520 2181 impellere
2551 2109 2949 2165 conabantur.

1970 2290 2135 2344 Vers.
2164 2288 2251 2344 33.
2306 2289 2417 2356 Qui
2464 2289 2690 2357 accepit
2726 2319 2808 2329 -—
2851 2288 2948 2341 sit.
2998 2285 3366 2354 Obsignavit,
3434 2285 3560 2340 sive

1897 2379 2295 2443 conﬁrmavit,
2339 2378 2793 2441 demonstravit,
2844 2375 3011 2447 quod
3050 2377 3218 2429 Pater
3251 2390 3416 2430 verax
3457 2374 3557 2429 sit.

1899 2468 2118 2523 Deinde
2151 2467 2307 2537 quod
2331 2467 2555 2521 dictum
2583 2472 2689 2531 est,
2726 2465 2958 2536 probat.

1967 2557 2129 2611 Vers.
2161 2560 2248 2611 3i.
2283 2556 2339 2610 Is
2365 2557 2513 2610 enim
2544 2570 2713 2626 quem
2736 2586 2803 2594 —
2832 2554 3116 2625 loquitur.
3143 2550 3561 2624 Siquidem(ee)

1896 2662 1963 2700 ex
1996 2662 2113 2717 quo
2153 2648 2201 2699 is
2248 2647 2345 2717 qui
2381 2644 2597 2698 missus
2625 2650 2732 2707 est,
2760 2643 2939 2698 verba
2976 2644 3074 2697 Dei
3106 2643 3385 2714 loquitur,
3418 2657 3556 2695 con-

1896 2750 2151 2806 sequens
2184 2740 2269 2789 est
2326 2742 2386 2789 ut
2438 2735 2537 2805 qui
2600 2735 3001 2788 testimonium
3058 2734 3186 2803 ejus
3235 2730 3557 2802 sumpserit

1895 2824 2065 2895 eique
2107 2824 2433 2887 crediderit,
2479 2823 2790 2877 conﬁrmet
2838 2838 2907 2877 ac
2957 2822 3348 2886 demonstret,
3390 2818 3557 2891 quod

1896 2915 2050 2967 Deus
2078 2928 2257 2967 verax
2289 2912 2381 2981 sit,
2409 2912 2511 2985 qui
2544 2912 2742 2983 ipsum
2793 2912 2953 2966 misit
2995 2916 3052 2967 et
3107 2912 3278 2982 cujus
3311 2915 3451 2965 sunt
3488 2924 3559 2964 ea

1895 3018 2030 3075 quas
2051 3002 2315 3073 loquitur
2346 3002 2676 3067 verba.Qui
2704 3005 2906 3057 autem
2952 3016 3075 3056 non
3117 3000 3366 3071 suscipit
3394 3014 3555 3075 eum,

1897 3108 2003 3147 nec
2030 3091 2213 3146 credit
2233 3092 2304 3156 ei,
2330 3091 2694 3147 contrarium
2713 3090 2853 3147 facit
2874 3106 2887 3144 :
2910 3106 3019 3146 nec
3036 3090 3198 3145 aliud
3224 3091 3345 3160 agit
3370 3104 3556 3161 quam

1826 3222 1867 3279 Ε
1903 3181 2210 3236 manifeste
2250 3185 2456 3237 contra
2489 3183 2673 3235 Deum
2705 3187 2951 3251 pugnat.

1974 3271 2114 3325 Vide
2154 3270 2462 3341 quomodo
2513 3269 2651 3324 hinc
2678 3284 2783 3323 eos
2828 3272 3057 3333 terreat,
3111 3284 3250 3323 cum
3300 3267 3553 3334 discant,

1902 3361 2063 3433 quod
2094 3361 2195 3432 qui
2222 3359 2299 3413 illi
2332 3358 2683 3413 inobediens
2712 3364 2818 3424 est,
2842 3359 2960 3412 Deo
2983 3357 3335 3411 inobediens
3350 3362 3437 3410 est
3455 3357 3558 3427 qui

1904 3450 2063 3505 misit
2118 3450 2337 3521 ipsum.
2384 3450 2705 3519 Postquam
2745 3463 2886 3515 ergo
2944 3445 3381 3501 demonstravit
3430 3446 3557 3517 ejus

1902 3539 2237 3595 doctrinam
2268 3553 2397 3592 esse
2420 3537 2536 3591 tide
2558 3536 3020 3606 dignam,idque
3042 3551 3078 3591 θ.
3098 3535 3284 3599 Patre,
3311 3534 3560 3589 demon-

1904 3632 2224 3684 stratnunc
2254 3627 2413 3683 idem
2453 3631 2509 3681 et
2534 3641 2569 3681 a
2597 3624 2805 3695 Spiritu
2836 3630 3065 3681 sancto.

1973 3805 2135 3859 Vers.
2171 3805 2256 3859 34.
2289 3803 2425 3857 Non
2454 3832 2517 3842 —
2538 3801 2845 3868 Spiritum.
2874 3804 2999 3857 Non
3015 3806 3424 3857 mensuratam
3454 3800 3561 3857 dat

1903 3895 2016 3965 ipsi
2048 3895 2206 3949 Pater
2243 3892 2493 3964 Spiritus
2518 3891 2819 3955 virtutem,
2840 3891 2989 3946 sicut
3010 3891 3141 3945 aliis
3158 3890 3377 3945 sanctis
3407 3906 3420 3945 :
3454 3891 3559 3945 sed

1901 3984 2056 4038 hanc
2082 3983 2207 4038 sine
2238 3996 2513 4035 mensura
2551 3979 2727 4035 habet
2756 3996 2826 4034 ac
2859 3984 3065 4044 totam,
3091 3984 3374 4050 tanquam
3408 3978 3560 4049 ejus-

1901 4074 2040 4127 dem
2069 4077 2294 4126 naturae
2327 4072 2438 4140 (ff).
2470 4069 2924 4141 Spiritumenim
2942 4083 3100 4124 nunc
3133 4068 3559 4139 dicit,Spiritus

1901 4160 2228 4217 efficaciam
2261 4176 2330 4213 ac
2364 4158 2659 4213 virtutem.
2720 4158 3028 4230 Siquidem
3076 4156 3405 4212 mensurari
3436 4171 3559 4211 non

1900 4256 2095 4323 potest
2121 4249 2368 4321 Spiritus
2397 4264 2408 4302 ε
2446 4248 2627 4302 virtus
2654 4252 2853 4302 autem
2878 4248 3065 4319 ipsius
3098 4251 3558 4302 mensuraturac

1899 4340 2198 4405 dividitur,
2229 4339 2399 4410 juxta
2421 4353 2650 4404 eorum,
2666 4338 2767 4410 qui
2788 4337 2951 4392 illam
2968 4337 3343 4409 participant,
3367 4336 3559 4406 digni-

1898 4434 2100 4485 tatem.

1968 4516 2409 4572 Demonstravit
2462 4531 2603 4587 ergo
2658 4515 2996 4571 doctrinam
3053 4514 3209 4570 illius
3256 4529 3385 4569 esse
3436 4513 3553 4568 ﬁde

1898 4608 2138 4677 dignam
2174 4622 2209 4661 a
2238 4607 2405 4661 Patre
2436 4611 2490 4660 et
2516 4605 2729 4676 Spiritu
2761 4608 2965 4660 sancto
2998 4621 3012 4670 ;
3040 4620 3160 4660 non
3190 4604 3363 4675 quasi
3395 4602 3555 4657 illinc

1900 4702 2069 4766 egeat
2100 4696 2329 4750 testium
2355 4693 2799 4765 approbatione,
2842 4693 2945 4765 qui
2966 4692 3076 4747 soli
3107 4692 3220 4747 sibi
3250 4691 3556 4746 sufﬁciens

1901 4791 2008 4849 est,
2042 4785 2310 4856 ejusdem
2341 4800 2478 4838 cum
2498 4784 2579 4837 eis
2602 4782 2904 4851 dignitatis
2924 4788 2981 4837 et
3007 4786 3255 4846 naturae,
3283 4781 3387 4836 sed
3412 4781 3556 4852 quia

1902 4880 2125 4929 l’atrem
2152 4871 2614 4942 cognoscebant,
2648 4876 2704 4925 et
2731 4870 2892 4941 quod
2913 4872 3157 4941 Spiritus
3180 4876 3333 4925 esset
3361 4869 3559 4925 crede-

1899 4964 2066 5026 bant,
2090 4961 2300 5017 Filium
2314 4967 2512 5017 autem
2530 4959 2900 5030 ignorabant,
2915 4960 3259 5032 opinionem
3285 4975 3470 5031 quam
3484 4958 3557 5014 de

1403 5144 1449 5177 ⁸⁹
1489 5142 1660 5198 Joan.
1703 5158 1822 5211 Vlll,
1854 5146 1944 5197 26.

1415 5294 1633 5362 Varias
1676 5294 1997 5363 lectiones
2032 5302 2099 5360 et
2145 5301 2345 5361 notae.

271 5490 377 5564 μᾷ)
412 5490 535 5564 Καί,
569 5491 708 5557 post
735 5489 856 5564 γάρ,
900 5487 1077 5546 abest
1105 5495 1161 5544 B.

270 5560 384 5629 (49)
416 5559 637 5632 θέλομεν
665 5567 727 5616 Α.

270 5740 371 5814 (ee)
400 5740 491 5814 Ita
519 5748 571 5797 et
600 5741 776 5807 istud,
801 5745 918 5798 etc.
956 5743 1042 5814 ita
1069 5745 1126 5797 et
1145 5741 1260 5798 hoc
1289 5741 1364 5797 de
1385 5742 1788 5814 se.Siquidem,

204 5815 306 5880 etc,
336 5812 484 5878 Quia
509 5814 691 5883 enim,
733 5828 869 5870 cum
900 5812 1124 5870 missus
1155 5814 1248 5884 sit,
1266 5814 1449 5871 verba
1487 5812 1612 5871 Dei.

1970 5488 2085 5563 (50)
2120 5492 2220 5541 Καὶ
2251 5489 2278 5541 ὃ
2302 5491 2515 5547 ἢκουσε.
2551 5490 2615 5543 Δ.

1975 5739 2064 5811 (π)
2084 5738 2370 5808 Ejusdem
2399 5746 2657 5797 naturas.
2691 5740 2872 5803 Forte,
2899 5735 3081 5794 simul
3108 5740 3340 5821 natam.
