4120 6310
648 319 787 376 1183

2007 320 2359 381 EUTHYMII
2398 319 2733 383 ZIGABENI

3940 326 4063 380 1184

647 445 763 502 hoc
791 461 919 502 esse
946 445 1284 520 oportebat,
1311 446 1389 505 ab
1417 445 1530 504 illis
1552 448 1887 513 conﬁrmat,
1910 448 2052 506 talia
2071 448 2303 520 dispen-

2426 451 2514 507 τὴν
2548 452 2666 523 περὶ
2696 450 2816 523 (51)
2840 452 3026 502 τούτου
3054 445 3212 513 δόξαν
3243 454 3578 515 συνίστησιν,
3609 450 3995 519 οἰκονομικῶς
4017 471 4064 502 τε

647 535 865 592 satorie
901 535 1180 609 loquens,
1217 542 1275 593 et
1305 536 1595 609 paulatim
1626 554 1731 594 eos
1770 538 1988 594 ducere
2054 542 2308 597 tentans.

719 714 961 786 Oportet
989 730 1154 786 ergo,
1182 730 1319 787 qum
1350 716 1411 771 in
1442 715 1756 788 Scripturis
1788 716 1984 789 posita
2010 721 2167 783 sunt,
2194 731 2310 773 non

652 803 1002 877 simpliciter
1034 820 1396 877 percurrere,
1430 804 1530 862 sed
1552 810 1609 861 et
1637 806 1890 861 dicentis
1919 807 2310 862 intentionem

647 892 945 965 inquirere
997 898 1053 950 et
1110 893 1452 950 auditorum
1484 894 1970 951 imbecillitatem.
2002 894 2311 967 Siquidem

644 997 841 1054 neque
889 987 1279 1055 praceptores
1318 983 1523 1039 omnia
1575 983 1798 1053 dicunt,
1830 989 1893 1039 ut
1944 983 2152 1040 volunt
2205 984 2311 1040 sed

645 1070 929 1145 pleraque
959 1072 1112 1128 sicut
1142 1072 1322 1143 exigit
1350 1072 1675 1129 intellectus
1696 1072 2107 1130 institutorum
2133 1093 2146 1133 :
2175 1074 2311 1131 Non

639 1166 831 1231 potui,
850 1162 1062 1235 inquit,
1088 1164 1249 1234 loqui
1267 1163 1428 1220 vobis
1445 1169 1730 1235 tanquam
1756 1164 2312 1234 spiritualibus,sed

648 1256 933 1322 tanquam
947 1252 1314 1315 carnalibus,
1329 1253 1421 1309 lac
1440 1253 1602 1309 vobis
1648 1258 1852 1323 potum
1871 1254 2027 1322 dedi,
2045 1270 2163 1310 non
2176 1254 2313 1311 soli-

643 1341 785 1396 dum
815 1341 1008 1397 cibum
1040 1343 1109 1394 ⁸ο.
1137 1342 1267 1397 Non
1318 1342 1510 1414 potuit
1538 1347 1760 1409 autem,
1794 1348 2036 1415 propter
2072 1343 2308 1400 illorum

642 1424 1081 1503 impotentiam.

716 1522 878 1576 Vers.
895 1524 980 1577 35.
1004 1522 1185 1578 Pater
1197 1521 1393 1591 diligit
1416 1523 1661 1578 Filium.
1682 1522 1829 1589 Quia
1851 1524 2011 1595 prius
2028 1522 2263 1580 dixerat
2287 1541 2302 1579 :
2378 1577 2385 1581 .

646 1611 821 1676 Quem
856 1611 1003 1667 Deus
1030 1609 1209 1675 misit,
1229 1627 1302 1666 ne
1341 1627 1415 1667 ex
1440 1610 1557 1667 hoc
1587 1618 1867 1684 putarent
1905 1612 2148 1669 alterius
2175 1628 2304 1669 eum

642 1714 776 1755 esse
832 1707 1061 1755 naturae
1117 1700 1537 1756 subservientis
1568 1716 1637 1757 ac
1678 1700 1984 1773 subjectae,
2039 1706 2211 1757 curat
2240 1701 2299 1757 id

2420 545 2638 591 τοιαῦτα
2673 540 3014 611 φθεγγόμενος
3042 544 3133 592 καὶ
3169 542 3306 592 κατὰ
3355 539 3541 612 μικρὸν
3602 540 3817 600 αὐτούς
3857 538 4064 610 ἀνάγει)

2419 632 2759 700 πειρώμενος,

2493 722 2604 791 Χρὴ
2637 721 2808 770 τοίνυν
2832 721 2904 790 μὴ
2938 717 3051 790 (52)
3084 717 3259 780 ἀπὶώς
3298 721 3365 770 τὰ
3412 717 3461 770 ἐν
3489 726 3610 779 ταῖς
3667 724 3939 792 Γραφαίς
3968 739 4065 770 κει-

2419 825 2546 879 μενα
2575 810 2946 879 παρατρέχειν,
2977 805 3109 860 ἀλλὰ
3162 813 3252 860 καὶ
3304 810 3391 860 τόν
3442 810 3639 861 σκοπόν
3675 816 3780 860 τοῦ
3815 808 4061 879 λέγοντος

2420 894 2692 958 ἐξετάζειν.
2726 900 2816 947 καὶ
2848 899 2941 955 τὴν
2970 894 3235 949 ἀσθένειαν
3274 905 3373 948 τῶν
3405 894 3731 950 ἀκουόντων.
3770 897 3866 949 Οὐ
3899 900 4059 948 πέντε

2417 986 2516 1058 γὰρ
2552 986 2601 1037 οἰ
2654 981 2996 1051 διδάσκαλοι,
3048 987 3115 1047 ὡς
3156 984 3453 1057 βούλονται,
3488 989 3768 1057 λέγουσιν,
3820 985 3974 1038 ἀλλὰ
4007 992 4054 1036 τι

2418 1072 2597 1138 πολλὰ,
2633 1076 2704 1137 ὡς
2733 1076 2760 1133 ἡ
2794 1073 2893 1137 ἕξις
2926 1072 3138 1127 ἀπαιτεῖ
3168 1082 3267 1126 τῶν
3302 1070 3337 1127 δ
3344 1062 3734 1146 ιδασκομένων.
3774 1081 3943 1133 Φησὶ

2418 1167 2509 1215 καὶ
2533 1161 2735 1223 Παῦλος
2757 1182 2770 1195 ·
2806 1161 2917 1215 Οὐκ
2958 1158 3228 1222 ἠδυνήθην
3258 1164 3379 1236 ύμῖν
3412 1161 3643 1221 λαλῆσαι
3685 1165 3769 1226 ὡς
3816 1184 4049 1235 πνενμ-

2418 1259 2599 1318 τικοίς,
2654 1251 2762 1303 ἀλλ’
2812 1254 2882 1314 ὡς
2935 1258 3222 1327 σαρκικοῖς.
3292 1251 3436 1305 Γάλα
3483 1254 3621 1324 ὑμᾶς
3673 1251 3959 1319 ἐπότισα,
4006 1274 4047 1306 εν

2420 1338 2629 1413 βρῶμα.
2663 1341 2775 1393 Οὐκ
2820 1338 3061 1400 ἠδυνήθη
3124 1337 3183 1394 δὲ
3243 1343 3387 1417 παρὰ
3448 1346 3537 1400 τὴν
3572 1344 3796 1394 ἐκείνων
3861 1340 4047 1396 ἀδυνα-

2417 1435 2562 1502 μίαν.

2485 1518 2544 1571 Ὀ
2626 1523 2805 1592 Πατὴρ
2895 1517 3073 1590 ἀγαπᾶ
3148 1523 3236 1572 τὸν
3296 1522 3436 1574 Υὶόν.
3514 1520 3658 1572 Ἐπεὶ
3767 1522 4049 1594 προὶαεςν

2418 1605 2551 1662 εἶπεν
2614 1610 2695 1660 ὅτι
2757 1607 2849 1661 Ὃν
2909 1607 3201 1662 ἀπέστειλεν
3262 1610 3288 1662 ὁ
3357 1612 3495 1681 Θεὸς,
3559 1611 3645 1661 ἱνα
3712 1615 3801 1682 μὴ

2419 1700 2498 1750 θεν
2552 1702 2841 1770 νομίσωσιν
2916 1698 3086 1770 ἑτέρας
3156 1697 3311 1750 αὐτὸν
3372 1696 3504 1750 εἶναι
3580 1701 3823 1770 φύσεως,

3891 1610 4051 1663 ἐντεῦ-

3922 1721 4045 1753 υπε-

642 1788 806 1860 quod
834 1788 1061 1844 dictum
1079 1794 1185 1855 est,
1212 1795 1265 1845 et
1286 1789 1448 1845 hunc
1462 1790 1748 1861 praedicat
1769 1790 1977 1846 Filium
1991 1790 2122 1861 ejus
2151 1806 2299 1856 esse,

2426 1783 2687 1860 δεεστέρας
2726 1786 2842 1859 (53)
2887 1792 2976 1840 καὶ
3035 1784 3360 1852 διακονικῆς,
3414 1789 3682 1861 θεραπεύει
3747 1792 3815 1840 τὸ
3870 1790 4045 1864 ῥηθὲν,

643 1876 741 1949 qui
773 1877 931 1934 misit
958 1894 1094 1934 eum
1132 1878 1337 1951 :quod
1371 1879 1419 1932 si
1469 1878 1665 1945 Filius,
1722 1884 1877 1935 certe
1924 1886 1982 1935 et
2028 1878 2303 1951 ejusdem

645 1964 1041 2022 substantiis:
1090 1970 1145 2023 et
1197 1966 1247 2022 si
1300 1966 1572 2032 dilectus,
1615 1968 1817 2040 utique
1865 1968 2060 2024 omnis
2107 1970 2211 2041 qui
2249 1969 2303 2025 ei

641 2054 880 2121 resistit,
921 2056 1076 2111 Patri
1103 2056 1224 2127 ejus
1248 2056 1484 2113 resistit.

715 2235 872 2289 Vers.
929 2234 1017 2290 35.
1073 2234 1149 2289 Et
1209 2265 1275 2275 -—
1327 2237 1479 2305 ejus.
1532 2234 1839 2307 Tanquam
1896 2236 2049 2291 Deus
2097 2236 2304 2292 omnia

642 2321 902 2378 habebat
933 2322 1176 2379 :Omnia
1208 2322 1505 2396 siquidem
1524 2339 1636 2391 per
1658 2324 1847 2396 ipsum
1862 2325 2032 2396 facta
2056 2330 2191 2381 sunt
2210 2326 2255 2361 δι
2287 2340 2301 2381 :

642 2411 772 2467 haec
801 2417 999 2469 tamen
1022 2411 1200 2469 etiam
1220 2412 1383 2469 dedit
1410 2413 1462 2469 ei
1483 2418 1766 2486 tanquam
1795 2413 2045 2470 homini.
2082 2416 2305 2471 Conve-

645 2499 831 2557 nienti
869 2508 1070 2557 autem
1103 2501 1281 2558 modo
1319 2502 1547 2558 dictum
1598 2508 1703 2569 est,
1756 2502 1987 2573 Diligit,
2022 2508 2078 2559 et
2104 2503 2300 2569 Dedit,

646 2591 798 2646 sicut
830 2590 980 2648 inter
1002 2590 1279 2647 homines
1306 2591 1541 2648 dicitur.
1573 2592 1771 2648 Solent
1812 2608 2077 2665 namque
2109 2596 2305 2663 patres

647 2678 892 2749 diligere
930 2679 1106 2749 ﬁlios,
1142 2681 1350 2752 eisque
1382 2681 1612 2737 tradere
1646 2698 1781 2755 qua:
1813 2698 1921 2737 sua
1962 2686 2122 2738 sunt.

718 2769 882 2824 Vers.
911 2772 996 2825 36.
1028 2770 1141 2837 Qui
1186 2801 1253 2809 —-
1293 2774 1579 2826 aeternam.
1626 2770 1931 2827 Credendo
1982 2770 2043 2825 in
2093 2771 2301 2828 doctri-

649 2874 792 2913 nam
822 2858 963 2924 Filii,
997 2859 1172 2931 eique
1195 2858 1556 2914 obediendo.

719 2948 874 3002 Vers.
899 2950 987 3003 36.
1023 2946 1137 3014 Qui
1164 2979 1234 2988 —
1261 2948 1464 3004 vitam.
1502 2948 1760 3005 Diximus
1789 2949 2090 3023 superius,
2144 2949 2304 3020 quod

646 3035 769 3092 vita
796 3043 1020 3093 aeterna
1064 3037 1139 3093 sit
1164 3041 1222 3094 et
1250 3034 1483 3093 dicatur
1531 3039 1651 3095 vita
1679 3038 1876 3106 beata,
1908 3054 2045 3111 qua
2085 3039 2304 3096 sanctis

647 3126 948 3182 convenit.

720 3217 884 3273 Vers.
916 3217 1010 3274 36.
1048 3216 1167 3274 Sed
1195 3248 1262 3258 —
1295 3232 1447 3275 eum.
1480 3221 1606 3274 Non
1637 3217 1785 3275 dixit
1814 3219 1901 3274 ira
1933 3218 2078 3290 Filii,
2116 3234 2305 3291 quan-

649 3321 836 3378 quam
856 3304 1036 3362 Filius
1049 3306 1121 3362 sit
1126 3306 1148 3378 j
1158 3306 1506 3364 udicaturus
1533 3324 1545 3363 :
1562 3306 1666 3364 sed
1689 3306 1875 3363 Patris
1894 3307 2047 3364 iram
2060 3308 2306 3365 commi-

649 3402 846 3467 natur,
877 3397 1070 3467 magis
1095 3412 1198 3453 eos
1223 3397 1431 3453 timere
1454 3396 1680 3455 volens.
1702 3398 1868 3464 Quod
1887 3404 2086 3454 autem
2119 3397 2306 3455 addit,

647 3485 851 3542 Manet
879 3501 1062 3556 super
1110 3502 1265 3555 eum,
1303 3487 1683 3543 tantumdem
1716 3492 1821 3552 est.
1857 3502 1929 3544 ac
1958 3487 2007 3543 si
2037 3487 2260 3544 diceret
2291 3504 2304 3542 :

646 3574 1039 3646 Nequaquam
1068 3576 1272 3647 ipsum
1298 3574 1559 3646 effugiet,
1588 3591 1823 3647 semper
1847 3592 1982 3632 eum
2007 3575 2234 3648 puniet.

716 3664 966 3720 CAPJV.
1009 3665 1171 3721 Vers.
1206 3667 1257 3721 1.
1307 3666 1381 3722 Ut
1405 3696 1471 3706 —
1509 3668 1668 3721 Vers.
1696 3668 1748 3721 3.
1785 3666 2112 3722 Galilaeam.
2154 3663 2309 3721 Reli-

644 3754 775 3825 quit
806 3752 1103 3824 Judteam,
1134 3759 1455 3826 amputans
1492 3754 1762 3827 ipsorum
1815 3753 2126 3811 invidiam.

718 3844 881 3900 Vers.
911 3846 965 3900 4.
1008 3843 1326 3913 Oportebat
1352 3874 1422 3885 —
1450 3846 1809 3901 Samariam.
1850 3843 2309 3901 Ostenditevan-

648 3931 878 4001 gelista,
900 3931 1104 3989 fecisse
1131 3950 1270 3989 eum
1315 3949 1441 3989 rem
1472 3933 1827 4005 quamdam,
1879 3949 1997 3989 non
2031 3931 2206 4004 quasi
2235 3948 2305 3988 ex

646 4020 969 4094 proposito,
1000 4021 1105 4077 sed
1130 4028 1419 4094 tanquam
1436 4023 1753 4078 occasione
1781 4023 1890 4078 viae
1914 4039 1928 4078 :
1953 4023 2012 4077 in
2038 4021 2131 4077 his
2151 4021 2309 4076 vide.

644 4108 800 4173 licet,
839 4126 977 4180 qum
1041 4127 1179 4166 cum
1239 4109 1596 4167 Samaritide
1658 4116 1791 4167 acta
1848 4116 2000 4177 sunt,
2064 4115 2309 4182 propter

645 4196 987 4253 Iudaeorum
1014 4198 1303 4254 adversus
1339 4199 1745 4256 Samaritanos
1775 4203 2205 4270 contemptum.

718 4288 852 4342 Erat
871 4292 1071 4343 autem
1092 4288 1356 4343 Samaria
1375 4287 1538 4357 regio
1556 4288 1836 4358 quaedam
1858 4289 2055 4344 varias
2080 4288 2306 4344 habens

645 4374 907 4431 civitates
961 4382 1015 4432 et
1072 4391 1283 4448 pagos.
1351 4376 1416 4431 In
1458 4378 1570 4432 hac
1609 4383 1807 4433 autem
1841 4376 1985 4433 olim
2024 4376 2306 4433 Israelita:

641 4463 999 4521 habitabant
1027 4480 1039 4520 :
1073 4464 1288 4521 deinde
1310 4471 1445 4537 post
1467 4464 1705 4522 diversa
1730 4466 1885 4523 bella
1914 4482 2014 4522 rex
2036 4466 2299 4538 Assyrio-

642 4570 780 4611 rum
810 4570 944 4611 eam
966 4555 1318 4622 devastavit,
1350 4561 1406 4612 et
1432 4560 1642 4627 captos
1659 4555 1829 4613 duxit
1853 4556 1912 4612 in
1932 4556 2305 4629 Babylonem

644 4659 715 4700 ac
736 4658 769 4698 e
792 4642 1154 4717 Babyloniis,
1181 4643 1366 4700 Medis
1393 4649 1450 4701 et
1470 4645 1709 4702 Chaldis
1735 4645 1926 4701 mistee
1943 4661 2008 4701 os
2029 4645 2306 4701 homines

717 4820 765 4855 ⁸ο
805 4820 824 4873 ι
855 4819 983 4875 Cor.
1008 4834 1088 4884 ιιι,
1134 4825 1183 4886 1,
1216 4824 1275 4876 2.
1349 4822 1394 4858 ⁶¹
1426 4821 1600 4877 Joan.
1636 4821 1693 4890 1,
1733 4822 1788 4878 3.

2414 1882 2504 1929 κςιὶ
2542 1875 2886 1949 ἀνακηρύττει
2947 1884 3127 1929 τοῦτον
3184 1880 3305 1929 Υίὸν
3362 1884 3453 1929 τοῦ
3495 1875 3952 1939 ἀποστείλαντος.
3994 1881 4051 1933 ΕΞ

2413 1968 2510 2039 γὰρ
2569 1968 2707 2030 Υἱός,
2778 1967 2884 2039 ἄρα
2949 1970 3039 2018 καὶ
3095 1967 3369 2039 ὁμοούσιος

2414 2056 2518 2127 ἄρα
2571 2061 2675 2115 πᾶς
2732 2057 3070 2129 προσκρούων
3112 2055 3270 2120 αὐτῶ,
3324 2061 3397 2125 τῷ
3448 2058 3617 2128 Πατρὶ
3663 2054 3840 2108 αὐτοῦ
3878 2077 4047 2133 προτ-

3428 1985 3442 1999 ο
3494 1969 3584 2017 καὶ
3636 1965 3683 2017 εἰ
3740 1965 4047 2038 ἀγαπητὴ.

2413 2147 2610 2218 κρούει.

2488 2238 2587 2287 Καὶ
2622 2265 2686 2274 -
2717 2233 2896 2286 αὐτοῦ.
2932 2235 3109 2286 Πάντα
3138 2230 3277 2305 εἶχεν
3309 2235 3379 2295 ὡς
3409 2236 3539 2295 Θεός
3569 2251 3580 2264 ·
3614 2235 3815 2286 Πάντα
3844 2240 3955 2309 γαρ
3982 2235 4043 2287 δι’

2414 2324 2572 2376 αὐτοῦ
2599 2322 2791 2395 ἐγένετο
2818 2340 2829 2352 ·
2860 2319 3059 2375 δέδωκε
3085 2318 3143 2374 δὲ
3174 2322 3311 2393 αὐτῷ
3339 2330 3506 2375 ταῦτα
3525 2327 3616 2375 καὶ
3641 2326 3711 2384 ὡς
3744 2322 4035 2397 ἀνθρώπῳ.

2413 2416 2481 2465 Τό
2510 2409 2569 2465 6":
2599 2414 2808 2484 Ἀγαπᾷ
2836 2416 2925 2464 καὶ
2944 2415 3001 2463 τὸ
3036 2407 3262 2464 Δέδωκεν
3302 2410 3770 2484 ἀνθρωποπρεπσός
3805 2417 4030 2488 εἴρηκεν

2415 2501 2629 2554 εἰώθασι
2657 2502 2759 2574 γὰρ
2782 2502 2830 2552 οἱ
2860 2504 3073 2573 πατέρες
3112 2496 3318 2571 ἀγαπᾷν
3344 2503 3465 2561 τούς
3493 2502 3657 2566 υἱούς,
3712 2508 3815 2555 καὶ
3874 2523 4035 2578 παρα-

2414 2598 2605 2663 χωρεῖν
2629 2589 2807 2650 αὐτοῖς
2836 2597 2935 2641 τῶν
2965 2585 3136 2643 ἰδίων.

2484 2770 2541 2822 Ὀ
2566 2801 2631 2808 -
2662 2769 2888 2823 αἰώνιον.
2918 2768 2975 2821 Ὀ
3000 2769 3260 2821 πιστεύων
3290 2766 3362 2830 εἰς
3404 2770 3500 2825 τὴν
3532 2763 3908 2822 διδασκαλίαν
3943 2778 4020 2822 τοῦ

2416 2862 2559 2925 Υἱοῦ,
2586 2860 2611 2910 ὁ
2638 2861 2938 2931 πειθόμενος
2967 2856 3132 2928 αὐτῷ.

2482 2948 2541 3001 Ὀ
2575 2979 2629 2988 -—
2653 2949 2812 3009 ζωήν.
2848 2950 3236 3022 Προειρήκαμεν
3261 2946 3340 2999 ὅτι
3379 2945 3489 3007 ζωὴ
3530 2944 3751 3010 αἰώνιός
3788 2946 3903 3002 ἐστι
3934 2953 4002 3000 καὶ

2412 3038 2614 3110 λέγεται
2648 3039 2673 3096 ἦ
2706 3040 2811 3100 ζωὴ
2845 3039 2875 3096 ἠ
2909 3040 3161 3111 μακαρία,
3191 3037 3222 3095 ἠ
3254 3034 3611 3113 ἁγιοπρεπήςπ

2487 3215 2620 3268 Ἀλλ’
2646 3247 2715 3257 -
2746 3215 2919 3270 αὐτόν.
2970 3214 3079 3267 Οὐκ
3127 3210 3262 3267 εἶπεν
3289 3214 3319 3273 ἠ
3373 3213 3501 3288 ὀργὴ
3531 3222 3627 3267 τοῦ
3674 3217 3805 3279 Tim),
3826 3216 3991 3264 uitet

2416 3313 2506 3360 τοῦ
2536 3308 2659 3358 Υὶοῡ
2680 3312 2855 3380 κρῖναι
2882 3303 3170 3377 μέλλοντος,
3207 3301 3335 3355 ἀλλὰ
3364 3307 3457 3362 τὴν
3493 3302 3657 3379 ὀργὴν
3707 3311 3798 3356 τοῦ
3814 3305 4005 3378 Πατρός

2419 3396 2599 3458 αὐτοῖς
2625 3394 2961 3469 ἐπικρέμασε,
2989 3392 3180 3467 μᾶλλον
3210 3391 3442 3465 φοϐῆσαι
3489 3390 3833 3466 βουλόμενος.
3867 3397 3933 3446 τό
3958 3388 4009 3445 δι

2421 3491 2570 3538 Μενεῐ
2596 3483 2676 3536 ἐπ’
2706 3483 2884 3552 αὐτὸν,
2918 3481 3034 3536 ἀντὶ
3061 3489 3174 3547 τοῦ,
3208 3478 3476 3535 Οὐδέποτε
3524 3479 3894 3541 ἀποστήσεται
3936 3483 4015 3535 αύ-

2419 3581 2532 3641 τοῡ,
2574 3569 2823 3634 διηνεκῶς
2850 3571 3063 3626 κολάσει
3083 3570 3260 3626 αὐτόν.

2488 3662 2576 3725 Ὠς
2604 3693 2659 3702 ——
2698 3659 2994 3716 Γαλιλαίαν.
3028 3660 3224 3733 Ἀφῆκε
3250 3664 3344 3718 τὴν
3384 3656 3673 3732 Ἰουδαίαν,
3698 3666 4015 3737 περικόπτων

2418 3756 2512 3811 τὴν
2544 3755 2837 3805 Βασκανίαν
2868 3749 3059 3804 αὐτῶν.

2490 3838 2637 3894 Ἔδει
2668 3872 2735 3882 —
2765 3847 3077 3914 Σαμαρειας.
3102 3843 3370 3893 Δείκνυσιν
3400 3839 3557 3893 αὐτὸν
3582 3841 3610 3893 ὀ
3646 3840 4017 3914 εύαγγελιστὴς

2419 3931 2478 3984 ού
2503 3931 2888 4004 προηγούμενον
2939 3931 3108 4003 ἔργον,
3165 3927 3271 3981 ἀλλ’
3302 3924 3431 3981 ὀδοῦ
3463 3931 3745 4006 πάρεργον,
3788 3934 3858 3983 τὰ
3894 3934 4016 3984 κατὰ

2417 4025 2510 4079 τὴν
2542 4015 2898 4093 Σαμαρείτιδα
2949 4022 3253 4090 ποιούμενον
3302 4014 3397 4071 διὰ
3449 4023 3545 4078 τὴν
3607 4028 3706 4073 τῶν
3750 4019 4012 4075 Ἰουδαίων

2416 4111 2543 4183 πρὸς
2566 4112 2686 4170 τοὺς
2715 4112 3041 4184 Σαμαρείτας
3056 4107 3310 4179 ὑποψίαν.

2485 4286 2545 4339 Ἠ
2605 4288 2869 4360 Σαμάρεια
2922 4283 2982 4340 δε
3032 4291 3192 4363 χώρα
3268 4306 3345 4349 τις
3415 4283 3479 4346 ἧν
3559 4288 3679 4360 (54)
3735 4285 4011 4362 διαφόρους

2418 4378 2623 4447 ἔχουσα
2649 4375 2825 4437 πόλεις
2853 4380 2943 4429 καὶ
2988 4381 3184 4449 κώμας.
3243 4381 3324 4429 Ἐν
3374 4379 3536 4449 ταύτῃ
3595 4373 3655 4429 δὲ
3709 4376 3865 4429 πάλαι
3916 4380 4004 4448 μὲν

2420 4466 2744 4539 Ἰσραηλῖται
2796 4469 3060 4537 κατῴκουν
3094 4482 3108 4496 ·
3157 4465 3369 4538 ὕστερον
3422 4461 3502 4525 δε,
3559 4467 3689 4538 μετά
3734 4461 4003 4537 διαφορους

2418 4559 2672 4627 πολέμους
2726 4551 3003 4627 ἐρημώσας
3064 4554 3226 4614 αὐτὴν
3284 4557 3310 4608 ό
3366 4553 3607 4627 βασιλεὺς
3692 4552 3993 4623 Ἀσσυρίων,

2420 4648 2537 4705 τοὺς
2591 4642 2988 4716 ὑπολειφθέντας
3060 4646 3149 4718 μεν
3208 4644 3276 4705 εἰς
3363 4642 3624 4697 Βαϐυλῶνα
3675 4642 3982 4706 κατήγαγεν,

1854 4999 2075 5070 Variae
2129 5000 2460 5068 lectiones
2505 5008 2572 5067 et
2607 5007 2812 5066 notae.

716 5192 828 5337 (Si;
862 5199 987 5267 Περὶ
1012 5196 1205 5247 τούτων
1238 5202 1299 5249 Α.

716 5266 807 5337 (52
875 5266 1161 5322 Praeclare
1225 5266 1286 5322 in

711 5266 828 5337 (52)
875 5266 1161 5340 Prendere
1225 5266 1297 5340 in
1331 5267 1488 5323 hanc
1530 5282 1654 5324 rem
1723 5268 2199 5340 'l'heophylactus
2241 5270 2300 5324 in

643 5337 1056 5410 Evangeliuin
1088 5339 1337 5410 Joannis
1393 5356 1453 5410 p.
1522 5342 1631 5410 ’ῖθῆ
1683 5344 1757 5397 Α.
1792 5337 1977 5393 Ταῦτα
2008 5343 2190 5410 πάντα
2238 5344 2304 5394 τὰ

642 5411 860 5482 ταπεινςὶ
908 5414 993 5461 καὶ
1036 5407 1220 5473 ἀνάξια
1264 5407 1520 5463 δοκοῦντα
1573 5407 1665 5472 τῖῑς
1704 5420 1794 5464 τοῦ
1821 5414 1944 5464 Υὶοῦ
1993 5409 2171 5482 δόξης,
2211 5410 2304 5482 διὰ

640 5482 758 5539 τοὺς
816 5479 1074 5553 ἀκροατάς
1128 5486 1352 5555 εῖν-αις
1410 5482 1516 5554 οὐχ
1700 5484 1846 5555 ἡμεῖς
1914 5486 2045 5559 πρὸς
2092 5479 2166 5536 τάν
2208 5480 2305 5537 δό-

643 5568 787 5629 ματα
847 5554 1050 5629 τούτοις
1128 5553 1405 5628 χρώμεθα.
1471 5553 1963 5629 Ἑλίχθησάνῌγὰρ
2023 5563 2130 5616 τοῖς
2178 5554 2302 5610 ἁπο-

645 5620 849 5699 σίόλοις
926 5626 1057 5699 πρὸς
1128 5620 1478 5699 παρηγορίαν.
1546 5620 2075 5699 AlideUChry'sost.
2154 5631 2298 5683 tom.

644 5692 886 5765 YHLp.
948 5692 1054 5749 468
1117 5692 1481 5752 Δίὐὶὶὺειω
1519 5696 1795 5757 nonnulii
1861 5692 2046 5753 nostri
2101 5699 2300 5754 seculi

642 5763 917 5823 homines
938 5765 1062 5823 haec
1093 5781 1288 5823 secum
1320 5773 1684 5842 reputarent,
1718 5784 1827 5827 nec
1860 5770 2064 5828 totices
2104 5772 2301 5847 explo-

2412 5214 2511 5255 sas
2538 5197 2850 5270 Opiniones
2878 5211 3064 5254 vanas
3113 5212 3199 5270 ac
3241 5195 3614 5260 temerarias,
3672 5209 3743 5270 ac
3788 5194 3839 5270 si
3865 5212 4019 5253 nova

2455 5265 3101 5341 roferrent,repeterent
3127 5268 3219 5341 ad
3235 5283 3524 5341 nauseam
3540 5265 4017 5341 prudentiorum.

2443 5341 2741 5398 mitandus
2763 5337 2919 5397 esset
2959 5340 3324 5412 Eustathius,
3357 5338 3461 5412 qui
3488 5337 3573 5394 ita
3598 5337 3825 5412 alicubi
3858 5340 3935 5396 de
3966 5355 4021 5396 se

2412 5413 2555 5488 dicit
2583 5430 2600 5467 :
2630 5412 2806 5488 Ἡμεῖς
2829 5414 2930 5488 γὰρ
2963 5411 3022 5463 ού
3075 5419 3229 5485 μυῖαι
3265 5408 3595 5488 τομῑςῖλκεσιν
3626 5408 3980 5488 ἰγιζοξνουσαι
4006 5431 4018 5446 ·

2413 5485 2663 5557 μέλισσαι
2692 5481 2752 5537 δὲ
2790 5481 3023 5537 τοῦ’τῶν
3061 5481 3274 5557 μουσῶν
3319 5482 3566 5555 λειμῶνος
3625 5481 3683 5534 τό
3739 5482 4020 5537 κάλλιστον

2415 5555 2705 5617 ἆπανθίζου
2714 5573 2824 5611 σαι.

2490 5628 2606 5699 (53)
2639 5630 2700 5680 Δί
2724 5625 3048 5698 interponit
3071 5631 3135 5682 Α.
3169 5629 3338 5684 Forte
3366 5645 3421 5679 τε
3449 5623 3658 5699 voluit.

2485 5696 2598 5771 (54)
2632 5696 2914 5780 Διαγόρονς
2938 5700 3148 5774 ἔχουσα
3170 5702 3349 5778 κώμας
3371 5701 3461 5755 καὶ
3497 5696 3675 5764 πόλεις
3704 5701 3767 5755 Α.
