4120 6310
114 376 291 428 1185

1252 324 1635 420 ΟΟΜΜΕΝΤ.
1680 368 1753 423 IN
1792 369 2139 426 JOANNEM.
2181 403 2246 413 —
2287 372 2445 429 CAP.
2484 374 2571 427 ιν.

3429 377 3568 432 1186

112 502 185 551 ἐκ
238 498 618 551 Βαϐαλὼνίων
644 493 703 549 δε
745 503 833 549 καὶ
863 495 1055 556 Μήδων
1099 502 1186 549 καὶ
1226 466 1515 547 Χαλδαίων
1561 492 1794 565 μιγάδας

1912 510 2278 568 congregans
2337 497 2395 552 in
2470 513 2541 552 ea
2580 497 2848 554 habitare
2897 499 3049 554 fecit.
3088 499 3299 555 Valens
3359 505 3563 557 autem

115 591 492 661 ἀνθρώπους
562 592 868 656 συναγαγὼν
940 587 1038 639 ἐκεῖ
1100 586 1209 658 (ὃὸ)
1268 574 1561 644 κατῴκισε·
1627 584 1799 647 Δεῖξαι

121 675 196 731 δὲ
251 676 605 749 βουλόμενος
653 677 677 726 ό
733 680 862 737 Θεὸς
906 678 983 728 ὅτι
1043 674 1113 728 δι’
1174 676 1435 748 αμαρτιαν
1481 669 1798 735 ἐξεδόθησαν

120 773 264 826 τοῖς
362 768 691 838 Ἀσσυρίοις
746 769 794 815 oi
1050 764 1397 838 Ἰσραηλῖται,
1475 768 1563 814 καὶ
1614 763 1671 814 οὗ
1723 752 1798 813 δι’

126 852 481 919 ἀσθένειαν,
569 852 767 913 λέοντας
858 853 1085 924 ἐπαφῆκε
1163 861 1268 915 τοῖς
1355 849 1798 924 ἐγκατοικισθεῐσι

128 940 501 1016 βαρϐάροις,
600 944 719 1013 ὅπερ
798 944 974 1014 μαθὼν
1041 945 1065 994 ό
1129 942 1377 1015 βασιλεὺς
1455 947 1545 993 καὶ
1611 944 1793 1008 συνεὶς,

127 1037 373 1103 πέμπει
443 1034 578 1105 ἱερέα
642 1039 741 1083 τῶν
808 1032 1166 1105 Ἰσραηλιτῶν,
1252 1028 1639 1107 παραδωσοντα
1707 1027 1797 1080 κά-

128 1126 367 1182 κείνοις
418 1124 505 1172 τόν
551 1128 641 1173 τοῦ
694 1130 825 1173 Θεοῦ
870 1126 1043 1193 νόμον,
1109 1124 1189 1173 ἱνα
1236 1131 1324 1181 τῆς
1378 1120 1477 1173 απὸ
1520 1128 1617 1172 τῶν
1664 1118 1796 1169 λεόν-

129 1230 257 1262 των
319 1210 503 1281 λύμης
550 1209 936 1280 ἀπαλλαγῶσιν.
990 1210 1073 1273 Ἐξ
1130 1212 1373 1283 ἡμισείας
1421 1208 1479 1262 δὲ
1528 1214 1645 1261 τότε
1703 1216 1796 1267 τῆς

134 1294 434 1355 ἀσεϐείας
518 1293 853 1363 ἀποστάντες,
931 1295 1145 1369 ὕστερον
1214 1295 1447 1356 ὁλοτελῶς
1524 1290 1797 1350 ἀπεπήδη-

131 1404 252 1437 σαν
332 1393 450 1435 τῶν
512 1381 747 1435 εἰδώλου·
804 1384 936 1443 πλὴν
1000 1385 1057 1435 οὐ
1108 1386 1297 1458 μικρὰν
1356 1383 1500 1455 εἶχον
1550 1386 1623 1435 ἔτι
1674 1385 1797 1457 πρὸς

133 1476 285 1535 τοὺς
334 1470 647 1534 Ἰουδαίους
685 1470 958 1547 διαφοράν.
1001 1479 1168 1534 Μόνας
1205 1476 1307 1547 γὰρ
1360 1477 1455 1535 τὰς
1513 1474 1800 1532 Μωσαῑκας

137 1561 404 1634 βίϐλους
474 1560 773 1633 δεχόμενοι,
834 1573 929 1613 τῶν
973 1563 1136 1615 ἄλλων
1185 1562 1243 1615 οὗ
1283 1562 1474 1621 πολλὴν
1533 1562 1797 1614 ἐποιοῦντο

138 1652 322 1723 λόγον
335 1695 347 1705 .

232 1743 283 1811 ’ξ-
319 1744 371 1811 οίο
438 1736 608 1803 Ἄξιον
657 1742 769 1811 (57)
829 1741 985 1793 εἰπεῖν
1048 1743 1196 1793 ’τόθεν
1247 1745 1297 1793 οἵ
1339 1749 1652 1816 Σαμαρεῖται
1706 1745 1796 1798 τὴν

151 1834 555 1905 προσηγορίαν
607 1834 802 1888 ταύτην
860 1828 1058 1883 ἔλαϐον.

150 1925 259 1972 καὶ
345 1919 573 1981 Ἠσαίας
638 1925 817 1991 φησιν,
880 1919 936 1971 ’Π
1008 1920 1199 1991 κεφαλὴ
1258 1925 1492 1992 Σομόρων
1552 1921 1790 1993 Ἐφραίμ.

150 2011 164 2030 ’
178 2009 315 2063 AD.‘

153 2098 319 2151 λῖται
380 2096 629 2168 ἐλέγοντο.
687 2104 887 2170 Χρόνου
956 2095 1014 2150 δὲ
1079 2104 1346 2169 προϊόντος
1404 2102 1795 2174 προσέκρουσαν

400 2011 449 2059 οἱ
496 2017 867 2072 κατοικοῦντες,
916 2009 974 2060 ου
1030 2017 1363 2083 Σαμαρεῖται,
1424 2008 1531 2060 ἀλλ’
1590 2011 1797 2082 Ἰσραη-

156 2198 241 2259 τῷ
310 2194 454 2257 Οεῲ,
518 2191 606 2238 καὶ
665 2186 1029 2259 βασιλεύοντος
1091 2191 1250 2241 Φακεὲ
1317 2187 1533 2241 ἀνελθὼν
1592 2187 1795 2260 aea/me

160 2278 439 2347 Φαλασὰρ
506 2275 678 2337 πόλεις
754 2295 805 2328 τε
872 2273 969 2328 εἷλε
1043 2276 1235 2339 πολλὰς
1301 2281 1390 2329 καὶ
1455 2276 1659 2329 ἐπέθετο
1726 2286 1796 2347 τῷ

160 2365 342 2435 Ἠλᾲ,
386 2370 471 2417 καὶ
525 2363 709 2416 ἀνελὼν
766 2366 940 2430 αὐτὸν,
994 2367 1155 2424 Ὠσηὲ
1203 2371 1295 2425 τὴν
1346 2364 1611 2438 βασιλείαν
1671 2364 1799 2419 ἔδω-

167 2475 283 2509 κεν.
354 2456 473 2507 Ἐπὶ
517 2462 695 2507 τουτον
753 2454 906 2507 ἐλθὼν
965 2456 990 2507 ό
1048 2455 1411 2529 Σαλμανασαρ,
1486 2456 1585 2507 εἷλε
1633 2456 1799 2516 πόλεις

170 2545 361 2617 ἐτέρας
412 2548 501 2596 καὶ
558 2545 846 2618 ὑποφόρους
898 2543 1135 2603 ἐποίησεν
1171 2563 1182 2572 ³
1214 2545 1370 2605 αὐτὸς
1427 2541 1484 2596 δὲ
1531 2548 1659 2617 πρός
1703 2549 1797 2602 τὴν

170 2642 282 2685 τῶν
348 2632 608 2684 Αἰθιόπων
696 2638 950 2705 κατέφυγε
1015 2638 1347 2705 συμμαχίαν.
1426 2640 1591 2703 Ἔγνω
1647 2641 1797 2685 τοῦτο

170 2724 197 2773 ό
248 2722 570 2793 Ἀσσύριος,
616 2726 703 2772 καὶ
749 2721 1180 2795 ἐπιστρατεύσας,
1237 2726 1324 2773 καὶ
1381 2719 1564 2771 ἀνελὼν
1623 2720 1793 2786 αὐτόν,

174 2812 365 2863 οὐκέτι
424 2814 478 2861 τό
524 2812 659 2869 ἔθνος
717 2809 819 2861 ἐκεῖ
885 2814 1048 2881 μένειν
1105 2809 1320 2881 ἀφίησιν
1356 2827 1367 2839 ·
1411 2808 1535 2860 ἀλλα
1584 2813 1797 2871 τούτους

178 2904 274 2972 μεν
328 2898 393 2957 εἰς
430 2896 700 2949 Βαϐυλῶνα
740 2902 954 2969 ἤγαγεν,
1008 2899 1194 2950 ἐκεῖθεν
1236 2895 1294 2950 δὲ
1339 2900 1455 2955 ἔθνη
1495 2897 1550 2948 ἐκ
1605 2896 1794 2970 διαφό-

181 3008 290 3060 ρων
360 2991 527 3037 τόπων
604 2985 833 3056 ἀγαγὼν,
917 3007 1204 3057 κατῳκισεν
1268 2987 1315 3039 ἐν
1383 2996 1443 3059 τῇ
1513 2994 1793 3061 Σαμαρείᾳ,

183 3077 326 3126 ὥστε
375 3073 550 3125 λοιπόν
595 3073 797 3146 ἀσφαλῆ
851 3076 990 3147 αὐτῷ
1042 3081 1133 3134 τὴν
1194 3075 1367 3149 ἀρχὴν
1420 3073 1567 3143 εἶναι,
1619 3087 1715 3129 τῶν
1747 3080 1796 3129 οἱ

1904 586 2055 640 Deus
2072 587 2404 651 ostendere,
2425 587 2587 659 quod
2613 603 2731 642 non
2756 592 2991 660 propter
3007 589 3440 659 impotentiam,
3458 591 3565 645 sed

1904 676 2159 746 peccatis
2172 676 2544 744 exigentibus
2562 676 2963 732 traditiessent
2985 677 3341 749 Babyloniis,
3363 679 3563 733 leones

1904 763 2180 819 barbaris
2218 780 2352 819 eam
2394 764 2865 820 inhabitantibus
2906 767 3149 822 immisit
3185 784 3196 820 :
3258 768 3415 838 quod
3461 784 3564 823 rex

1904 851 2154 907 audiens
2211 856 2269 907 et
2307 852 2656 922 intelligens,
2694 853 2865 907 mittit
2917 854 2991 908 ad
3045 871 3142 908 eos
3200 856 3562 912 sacerdotem

1903 940 2327 1005 Israelitarum,
2355 942 2457 1013 qui
2492 942 2744 996 traderet
2773 942 2947 996 etiam
2981 942 3095 997 illis
3133 945 3229 999 Dei
3264 944 3477 1013 legem,
3504 950 3566 1001 ut

1904 1045 1938 1085 a
1964 1036 2124 1101 peste
2154 1029 2397 1085 leonum
2445 1029 2856 1085 liberarentur.
2893 1030 2974 1085 Ex
3000 1048 3070 1086 eo
3128 1048 3269 1102 ergo
3300 1040 3561 1106 tempore

1902 1119 2119 1190 partim
2143 1119 2219 1174 ab
2246 1119 2549 1191 impietate
2576 1124 2943 1174 recesserunt
2969 1137 2982 1175 :
3011 1122 3396 1192 postmodum
3422 1139 3564 1178 vero

1903 1209 2159 1279 perfecte
2192 1207 2353 1263 idola
2373 1208 2754 1279 reliquerunt.
2774 1207 3198 1264 Verumtamen
3227 1210 3566 1283 aliquantu-

1902 1296 2026 1351 lum
2060 1297 2254 1352 adhuc
2277 1304 2400 1352 erat
2421 1297 2564 1368 ipsis
2578 1296 2895 1353 discrimen
2917 1314 2951 1353 a
2969 1298 3206 1353 Judaeis.
3242 1301 3394 1355 Nam
3425 1300 3566 1354 solis

1904 1385 2082 1439 Mosis
2138 1385 2303 1441 libris
2367 1387 2679 1457 susceptis,
2743 1391 3085 1441 caaterorum
3122 1403 3241 1443 non
3276 1405 3563 1458 magnam

1904 1472 2210 1529 habebant
2247 1474 2563 1531 rationem.

1974 1655 2015 1721 -ι-
2038 1652 2367 1707 Dicendum
2391 1658 2500 1717 est,
2538 1653 2694 1708 unde
2722 1655 3080 1709 Samaritani
3114 1655 3232 1710 sint
3258 1655 3561 1728 appellati.

1903 1741 2174 1795 Samaria
2206 1757 2380 1797 mons
2420 1742 2729 1805 erat,sicut
2757 1742 2934 1797 etiam
2972 1743 3117 1799 dixit
3144 1743 3347 1801 Isaias.
3386 1745 3567 1816 Caput

1136 1835 1299 1905 Σομόρ
1362 1834 1471 1905 δοος
1529 1828 1609 1893 ἦν,
1660 1832 1794 1882 καθὰ

1912 1829 2196 1898 Ephraim
2235 1829 2507 1886 Samaria
2533 1831 2726 1895 “.0ui
2759 1837 2958 1887 autem
2981 1832 3413 1898 inhabitabant,
3445 1850 3565 1888 non

1907 1918 2281 1985 Samaritani,
2330 1919 2434 1974 sed
2488 1918 2761 1975 Israelita:
2822 1920 3190 1976 dicebantur.
3260 1923 3564 1993 Temporis

1904 2013 2105 2062 autem
2139 2022 2484 2078 progressu,
2510 2024 2646 2063 cum
2674 2008 3000 2064 irritassent
3026 2010 3370 2079 Dominum,
3394 2015 3452 2066 et
3479 2027 3568 2066 re-

1905 2101 2115 2166 gnaret
2142 2097 2381 2165 Phacee,
2406 2097 2739 2153 ascendens
2760 2098 3325 2170 Theglat-Phalasar
3348 2100 3567 2156 multas

1904 2184 2034 2241 tulit
2055 2185 2343 2249 civitates,
2386 2192 2442 2240 et
2472 2186 2530 2241 in
2566 2186 2724 2241 Elam
2764 2186 2930 2241 irruit
2960 2187 3207 2260 ipsoque
3238 2187 3565 2253 interfecto,

1907 2278 2052 2333 Osee
2078 2292 2329 2346 regnum
2363 2276 2619 2332 tradidit.
2656 2277 3041 2333 Postmodum
3068 2294 3203 2333 vero
3235 2280 3565 2335 ascendens

1909 2363 2287 2421 Salmanasar
2317 2364 2570 2436 reliquas
2600 2364 2732 2419 tulit
2772 2366 3057 2433 civitates,
3099 2365 3351 2436 fecitque
3386 2365 3562 2419 tribu-

1908 2454 2114 2519 tarias;
2141 2453 2237 2507 hic
2258 2457 2458 2507 autem
2478 2452 2554 2507 ad
2584 2452 2932 2523 rhthiopum
2953 2453 3216 2521 confugit
3243 2454 3562 2508 auxilium:

1907 2540 2333 2611 quodaudiens
2352 2541 2632 2611 Assyrius
2664 2544 2868 2610 parato
2887 2541 3142 2595 exercitu
3172 2541 3369 2612 ipsum
3393 2540 3567 2597 inter-

1907 2628 2068 2696 emit,
2111 2644 2305 2699 neque
2358 2634 2591 2697 gentem
2623 2627 2840 2682 diutius
2871 2628 2952 2682 ibi
2994 2644 3232 2684 manere
3274 2630 3563 2701 permisit,

1907 2716 2011 2769 sed
2033 2715 2395 2769 hosdnxitin
2411 2714 2819 2786 Babyloniam,
2854 2722 2909 2770 et
2935 2716 3071 2771 inde
3096 2716 3270 2771 variis
3287 2718 3564 2786 gentibus

1906 2803 2134 2858 eductis
2161 2804 2217 2857 in
2244 2804 2511 2859 Samaria
2531 2804 2801 2859 habitare
2824 2803 2976 2869 fecit,
3005 2805 3330 2877 utprOpriis
3357 2806 3567 2861 subdi-

1907 2893 1976 2947 tis
2005 2892 2206 2947 locum
2238 2892 2703 2964 possidentibus,
2747 2893 2990 2949 ﬁrmum
3044 2894 3155 2950 sibi
3207 2894 3568 2966 relinqueret

1904 2982 2331 3055 principatum.
2356 2981 2565 3037 Volens
2603 2988 2802 3038 autem
2850 2984 3002 3038 Deus
3059 3000 3222 3039 suam
3256 2985 3566 3039 ostendere

1905 3071 2254 3144 potentiam,
2278 3070 2552 3145 quodque
2570 3086 2688 3127 non
2705 3073 3365 3144 propterimpotentiam
3393 3073 3568 3128 tradi-

182 3168 338 3215 κείων
380 3161 604 3234 ἐχόντων
640 3167 726 3215 τόν
772 3169 951 3222 τόπον,
1002 3165 1305 3237 Βουλόμενος
1351 3163 1410 3218 δὲ
1456 3168 1479 3217 ό
1523 3170 1641 3227 Θεὸς
1688 3163 1794 3219 διῖ-

1912 3161 2053 3216 derit
2080 3161 2334 3224 Iudaeos,
2372 3160 2475 3215 sed
2504 3167 2740 3233 propter
2769 3177 2977 3215 eorum
3007 3168 3265 3233 peccata.
3294 3160 3565 3215 Barbaris

186 3254 277 3315 ξαι
308 3257 398 3310 τὴν
426 3252 585 3305 αὐτου
608 3249 851 3325 δύναμιν,
870 3259 959 3306 καὶ
986 3256 1054 3315 ὡς
1079 3255 1137 3306 οὐ
1157 3251 1229 3307 δι’
1262 3255 1526 3308 ἀσθένειαν
1554 3252 1795 3318 ἐξέδωκεν

183 3338 504 3405 Ἰουδαίους,
538 3341 664 3393 ἀλλὰ
693 3338 766 3394 δι’
790 3342 1057 3418 ἁμαρτίας
1086 3343 1275 3412 αὐτῶν,
1308 3343 1559 3416 ἐπαφίησι
1590 3344 1795 3406 λέοντας

184 3439 298 3491 τοῖς
333 3430 623 3505 βαρϐάροις
657 3451 669 3462 ·
713 3437 908 3505 χρόνον
964 3428 1023 3484 δί
1071 3437 1358 3506 προιόντος,
1418 3441 1519 3485 τῶν
1570 3430 1793 3485 εἰδώλων

185 3524 279 3572 καὶ
305 3530 400 3581 τῆς
427 3516 740 3581 δυσσεϐείας
772 3520 1098 3579 ἀπέστησαν.

514 3616 662 3663 ΚΕΦ.
704 3610 781 3664 Ε’.
814 3616 935 3683 Περὶ
964 3618 1057 3670 τῆς
1083 3608 1478 3685 Σαμαρείτιδος.

266 3695 520 3768 Ἔρχεται
561 3730 627 3738 -
662 3700 841 3753 αὑτοῦ.
900 3701 1094 3752 Ἐκεῖνο
1136 3703 1191 3751 τό
1232 3705 1427 3775 χωρίον
1458 3697 1518 3758 ἦν
1583 3704 1639 3753 τό
1679 3701 1790 3753 κατ’

191 3783 445 3859 ἐξαίρετον
480 3784 628 3839 δοθὲν
660 3796 731 3858 τῷ
759 3789 973 3860 Ἰωσὴφ,
1006 3789 1270 3861 λεγόμενον
1311 3794 1517 3862 Σίκιμα.

261 3873 355 3928 Ἦν
384 3907 451 3915 -
494 3876 694 3930 Ἰακώϐ.
742 3883 921 3949 thr/fx:
968 3877 1102 3949 λέγει
1132 3882 1189 3930 τό
1230 3884 1407 3952 φρέαρ,
1448 3881 1512 3939 ὡς
1554 3883 1790 3950 πηγαζον

191 3966 432 4020 κάτωθεν.
490 3966 749 4019 Ἐκαλεῖτο
809 3964 867 4019 δὲ
928 3976 1022 4019 του
1080 3966 1287 4037 Ἰακὼϐ,
1345 3970 1413 4029 ὡς
1460 3970 1583 4043 παρ’
1631 3969 1789 4020 αὐτοῦ

194 4053 391 4126 ὀρυγέν.

260 4142 316 4194 Ὀ
371 4141 457 4195 οὖν
517 4149 723 4204 Ἰησοῦς
777 4176 842 4184 -
892 4146 1034 4202 ἕκτη.
1098 4151 1429 4207 Κεκοπιακὼς
1485 4149 1621 4198 κατὰ
1694 4151 1787 4205 τὴν

1376 4238 1477 4309 γὰρ
1546 4232 1786 4308 βαδίζων

194 4322 322 4373 οὕτω
380 4325 619 4375 σύντονον
668 4321 888 4375 ἐποιεῖτο
934 4329 1026 4382 τὴν
1084 4320 1386 4399 ὁδοιπορίαν
1439 4327 1503 4384 ὡς
1557 4330 1646 4377 καὶ
1692 4345 1785 4378 κο-

194 4412 397 4463 πιάσαι.

196 4228 430 4290 ἰδιότητα
501 4242 591 4294 τῆς
674 4232 1086 4308 ἀνθρωπότητος.
1154 4236 1290 4307 Πεζῇ

262 4505 321 4551 Τί
387 4497 447 4553 δέ
505 4500 618 4553 ἐστι
691 4504 746 4554 τό
804 4502 1108 4563 Ἐκαθέζετο
1185 4502 1382 4571 οὖτωςς
1449 4500 1669 4571 ’Δπλῶς,
1718 4506 1787 4565 ὡς

1905 3250 2105 3305 leones
2143 3248 2389 3305 immisit
2422 3265 2434 3304 :
2481 3250 2759 3321 temporis
2810 3256 3009 3304 autem
3053 3266 3370 3321 progressu
3404 3249 3565 3303 idola

1904 3355 2043 3394 cum
2086 3339 2210 3394 suis
2237 3338 2642 3410 impietatibus
2678 3337 3046 3408 abjecerunt.

2353 3516 2503 3572 CAP.
2540 3517 2600 3569 V.
2630 3517 2714 3571 De
2754 3515 3160 3571 Samaritana.

1974 3608 2137 3662 Vers.
2167 3612 2215 3662 5.
2260 3606 2425 3663 Venit
2474 3636 2537 3645 —
2569 3622 2689 3660 suo.
2727 3604 3014 3659 Praedium
3056 3605 3199 3659 illud
3233 3608 3378 3671 erat,
3406 3604 3562 3676 quod

1901 3702 2065 3753 extra
2124 3700 2344 3751 sortem
2391 3695 2549 3749 dedit
2613 3694 2796 3749 .lacob
2833 3694 3065 3765 Joseph,
3135 3699 3191 3749 et
3256 3694 3561 3750 dicebatur

1904 3784 2149 3841 Sikima.

1972 3876 2128 3928 Vers.
2162 3875 2215 3928 6.
2248 3874 2402 3929 Erat
2434 3903 2502 3913 —
2531 3872 2725 3927 Iacob.
2784 3874 3029 3927 Putenm
3063 3876 3254 3937 vocat,
3307 3871 3557 3937 fontem,

1897 3963 2041 4037 quia
2070 3978 2102 4017 e
2133 3960 2669 4018 subterraneoloco
2687 3958 2962 4015 manabat
2988 3976 2998 4013 :
3024 3959 3336 4016 dicebatur
3353 3967 3557 4016 autem

1894 4052 2087 4125 ipsius
2126 4051 2326 4115 Jacob,
2360 4066 2430 4106 eo
2455 4050 2620 4122 quod
2650 4050 2847 4122 ipsum
2879 4047 3143 4105 fodisset.

1967 4142 2127 4198 Vers.
2179 4142 2233 4194 6.
2288 4141 2444 4195 Jesus
2492 4154 2624 4210 ergo
2666 4170 2729 4178 —-
2784 4146 2973 4195 sexta.
3038 4138 3336 4211 Fatigatus
3389 4140 3562 4209 juxta

1895 4230 2283 4287 humanitatis
2344 4229 2786 4301 proprietatem.
2843 4230 2989 4284 Cum
3029 4226 3190 4283 enim
3248 4228 3429 4299 pedes
3469 4228 3555 4283 in-

1895 4321 2146 4385 cederet,
2191 4320 2344 4375 adeo
2406 4318 2787 4374 vehementer
2850 4315 3215 4380 ambulabat,
3266 4322 3329 4373 ut
3376 4317 3555 4373 etiam

1894 4409 2265 4479 fatigaretur.

1967 4498 2119 4565 Quid
2176 4503 2263 4554 est
2314 4503 2535 4561 autem,
2591 4496 2755 4567 quod
2823 4495 3079 4560 additur,
3132 4494 3369 4551 Sedebat
3408 4495 3489 4550 sic
3527 4500 3552 4549 .9

196 4590 367 4661 ἔτυχεν
423 4588 499 4642 ἐπ’
562 4587 804 4663 ἐδάφους.
850 4594 919 4644 Τό
959 4558 1150 4663 ἄτυφον
1202 4558 1382 4664 γὰρνόΙ
1412 4590 1563 4663 λόγος
1594 4558 1787 4644 διδάσ;

1912 4558 2245 4661 Simpliciter
2296 4558 2582 4651 videlicet,
2610 4558 2792 4658 prout
2841 4601 2967 4640 sese
3008 4558 3177 4640 locus
3221 4583 3553 4639 offerebat:

197 4696 287 4732 κει.

267 4854 559 4916 Ἐκαθέζετο
593 4852 651 4908 δὲ
679 4859 738 4908 τό
789 4864 940 4928 σῶμα
989 4853 1345 4925 διαναπαύων,
1388 4878 1478 4909 και
1521 4863 1639 4933 περὶ
1690 4863 1784 4916 τὴν

200 4948 361 5014 πηγὴν
392 4943 697 5017 ἀναψύχων.
755 4945 888 4997 Αὐτὸ
932 4948 1033 5019 γὰρ
1077 4956 1168 5007 τῆς
1220 4950 1417 5021 ἡμέρας
1465 4944 1525 5005 ἦν
1572 4951 1630 4999 τό
1697 4966 1784 5019 με-

204 5037 453 5104 σαίτατον,
500 5034 583 5086 ὅτι
638 5033 815 5085 λοιπόν
861 5035 886 5086 ό
934 5034 1077 5098 ἣλιος
1118 5033 1463 5110 σφοδρότερον
1515 5038 1780 5090 καθικνεῖ-

276 5271 318 5306 ⁶²
345 5271 456 5329 lsa.
489 5284 587 5341 vn,
620 5270 676 5323 9.

1892 4678 2005 4744 vel,
2047 4678 2235 4733 humi.
2258 4679 2634 4731 Demonstrat
2663 4674 2944 4746 siquidem
2976 4688 3174 4727 sermo
3196 4672 3354 4745 quod
3380 4675 3553 4729 omni

1892 4767 2050 4824 fastu
2076 4772 2321 4822 careret.

1966 4856 2451 4919 Sedebatautem,
2474 4871 2688 4927 corpus
2710 4851 3304 4921 refocillans,etjuxta
3324 4850 3551 4908 fontem

1891 4960 2187 5009 recreans,
2251 4950 2370 5000 erat
2425 4946 2583 4999 enim
2634 4942 2929 5007 meridies,
2977 4941 3219 5013 quando
3249 4940 3339 4997 sol
3383 4941 3557 4997 vehe-

1890 5034 2149 5092 mentius
2197 5035 2466 5091 humana
2520 5032 2751 5103 attingit
2803 5046 3075 5104 corpora.
3123 5028 3317 5086 Simul
3372 5029 3553 5087 etiam

1409 5419 1630 5489 Variae
1676 5418 2004 5488 lectiones
2044 5428 2110 5487 et
2139 5426 2323 5486 notas

292 5644 370 5714 53)
414 5649 719 5715 Κατῲκησεν
751 5645 815 5714 Α,
845 5643 1023 5700 male.

294 5720 372 5783 56)
398 5719 464 5768 οε
493 5717 711 5772 omittit
740 5718 805 5771 Β.

291 5788 368 5864 57)
422 5789 555 5845 Haec
586 5793 794 5845 neuter
822 5803 1095 5845 meorum
1142 5786 1444 5863 agnoscit.
1505 5788 1794 5861 Excerpta

1902 5647 2101 5700 autem
2134 5646 2273 5696 sunt
2300 5641 2630 5713 partim_ex
2675 5640 3048 5713 Chrysostrt.
3077 5640 3218 5707 Vlll,
3250 5656 3311 5711 p.
3344 5642 3459 5705 I77,
3494 5643 3559 5695 C’

1902 5715 2119 5787 partim
2151 5728 2221 5768 ex
2249 5711 2704 5785 Theophylacto,
2734 5726 2794 5784 p.
2825 5713 2930 5767 606
2966 5712 3027 5765 Β.
