4120 6310
658 349 799 410 1187

2013 350 2197 409 EUTH
2207 350 2362 408 YMII
2412 347 2749 413 ZIGABENI

3927 360 4037 417 1188

653 479 981 551 discipulos
1010 479 1411 554 exspectabat,
1453 480 1556 555 qui
1588 480 1859 538 abierant
1886 482 1945 535 ut
1965 479 2131 535 cibos
2161 493 2307 535 eme-

2434 498 2519 531 ται
2575 488 2674 532 τῶν
2727 479 3060 554 ἀνθρωπίνων
3119 483 3375 554 σωμάτων
3399 499 3411 513 ’
3443 483 3553 556 οἶμα
3623 481 3696 537 δί
3768 490 3864 537 καὶ
3945 492 4037 547 τοὺς

652 576 799 626 rent.
835 570 978 629 Vide
1020 576 1221 628 autem
1260 572 1647 641 evangelistas
1676 570 2045 641 diligentiam
2087 582 2322 640 :neque

653 662 814 716 enim
860 661 1008 716 dixit
1067 676 1081 716 :
1126 661 1281 717 Hora
1327 665 1455 717 erat
1502 666 1682 725 sexta,
1744 659 1845 715 sed
1888 660 2075 731 ferme
2124 664 2319 723 sexta,

654 748 910 805 istruens
924 764 1051 815 nos,
1073 765 1147 805 ne
1183 751 1363 805 etiam
1388 748 1640 805 minima
1660 748 2195 821 parvipendamus,
2214 746 2321 802 sed

651 839 712 894 in
737 838 832 894 his
850 854 980 911 quae
1004 854 1132 895 sese
1163 839 1418 895 offerunt
1452 840 1754 895 veritatem
1786 843 2102 894 sectemur.
2130 836 2321 909 Siqui-

652 927 793 983 dem
824 943 899 983 ne
924 926 1288 984 affirmando
1318 933 1559 996 erraret,
1605 927 1919 982 dictionem
1953 926 2231 992 correxit,
2261 928 2321 980 et

653 1017 1132 1088 coniecturaliter
1160 1016 1393 1073 locutus
1423 1020 1529 1072 est.

724 1197 881 1251 Vers.
910 1201 965 1251 7.
1018 1196 1185 1252 Venit
1213 1227 1281 1236 —
1325 1210 1550 1267 aquam.
1590 1195 1732 1250 lnde
1773 1194 1933 1250 enim
1963 1193 2317 1249 hauriebant

651 1301 875 1358 aquam
897 1301 963 1341 ac
990 1286 1295 1351 bibebant,
1319 1286 1421 1358 qui
1450 1284 1671 1341 dictam
1695 1284 1992 1340 civitatem
2015 1282 2314 1339 inhabita-

649 1374 816 1441 bant,
857 1389 926 1429 eo
965 1375 1129 1447 quod
1160 1375 1338 1448 pauci
1362 1376 1532 1443 juxta
1563 1375 1761 1429 locum
1792 1378 1987 1428 essent
2020 1373 2199 1442 putei.

721 1466 947 1519 νει-επ.
971 1463 1202 1519 Πίσίι-
1234 1463 1522 1519 utbibam.
1547 1462 2065 1527 Quemadmodum
2092 1461 2151 1517 in
2173 1461 2310 1530 ficu,

648 1569 775 1623 quae
787 1553 1017 1608 exaruit
1036 1556 1102 1618 ⁸³,
1118 1552 1266 1609 ﬁcus
1280 1553 1620 1625 requirebat
1635 1568 1753 1607 non
1770 1558 2006 1623 propter
2031 1552 2311 1618 esuriem,

648 1641 755 1696 sed
792 1641 1229 1712 dispensatorie
1269 1656 1472 1711 agens.
1533 1648 1591 1696 ut
1620 1647 1864 1712 accepta
1889 1640 2211 1696 occasione
2236 1641 2313 1697 ad

650 1730 1003 1787 miraculum
1030 1731 1354 1802 perveniret
1383 1747 1394 1786 :
1427 1730 1507 1787 ita
1526 1735 1583 1786 et
1605 1746 1765 1785 nunc
1795 1730 1870 1786 de
1899 1729 2072 1786 fonte
2091 1746 2312 1801 aquam

2430 570 2666 640 μαθητὰς
2719 567 2949 642 ἀνέμενεν
2996 568 3309 635 ἀπελθόντας
3390 572 3457 634 εἰς
3542 571 3766 646 ἀγορὰν
3847 585 4035 647 τροφῶν.

2427 656 2565 731 Ὀρα
2630 654 2689 710 δε
2741 666 2831 711 τοῦ
2895 659 3263 732 εὐαγγελιστοῦ
3319 667 3414 722 τὴν
3467 661 3760 736 ἀκρίϐειαν
3797 681 3811 694 ⁸
3856 665 3913 715 οῦ
3957 670 4033 735 γὰο

2430 742 2583 815 εἶπεν,
2610 746 2748 821 Ὠρα
2776 745 2838 807 ἦν
2863 750 3009 815 ἕκτη,
3058 749 3166 801 ἀλλ’
3219 752 3347 804 ὡσεὶ
3396 751 3518 811 ἕκτη
3544 772 3558 785 -
3594 749 3890 806 παιδεύων
3927 756 4035 824 ἡμᾶς

2427 834 2558 908 μηθ’
2591 835 2674 889 ἐπὶ
2712 846 2824 899 τοῖς
2854 837 3163 911 ἐλαχίστοις
3200 836 3526 915 ἀδιαφορεῑν,
3560 840 3708 894 ἀλλὰ
3744 848 3840 894 καὶ
3875 841 3922 894 ἐν
3950 852 4029 905 τοῖς

2426 934 2684 998 τυχοῦσιν
2707 925 3035 986 ἐπιτηδεύειν
3065 926 3328 987 ἆὶήθειαν.
3360 929 3473 984 Ἵνα
3513 934 3618 1004 γὰρ
3659 936 3743 1004 μὴ
3785 931 4028 1004 impios-

2426 1033 2569 1086 μενος
2596 1018 2723 1077 ἴσως
2744 1014 2991 1090 ἀποτύχῃ
3002 1060 3015 1085 ,
3050 1016 3264 1071 ἐκόλασε
3299 1023 3394 1078 τὴν
3422 1019 3573 1087 λέξιν,
3622 1025 3729 1073 καὶ
3767 1040 4022 1092 στοχαστι-

2424 1112 2524 1164 κῶς
2548 1104 2727 1168 ἔλεξεν.

2496 1192 2751 1267 Ἔρχεται
2779 1226 2848 1236 —
2890 1192 3057 1270 ὕδωρ.
3113 1197 3336 1250 Ἐκεῖθεν
3374 1200 3476 1274 γὰρ
3508 1201 3556 1251 οἱ
3612 1206 3721 1262 τῆς
3784 1200 4021 1275 εἰρημένης

2423 1284 2618 1346 πόλεως
2645 1280 2946 1359 ὑδρεύοντο,
3002 1281 3096 1338 διὰ
3141 1289 3202 1339 τὸ
3249 1291 3321 1359 μὴ
3355 1290 3533 1360 συχνὰ
3561 1293 3784 1362 φρέατα
3827 1294 3938 1362 περὶ
3962 1296 4018 1340 τὸν

2423 1392 2579 1425 τοπον
2612 1392 2759 1428 ειναι.

2496 1466 2648 1533 Λέγει
2696 1494 2762 1503 -
2807 1471 2962 1516 πιεῖν.
3004 1462 3209 1539 Ὠσπερ
3256 1464 3343 1518 ἐπὶ
3391 1474 3486 1529 τῆς
3540 1465 3906 1540 ξηρανθείσης
3956 1485 4015 1517 σλ-

2422 1561 2521 1615 κῆς
2579 1553 2639 1604 ού
2699 1560 2884 1605 πεινῶν
2944 1552 3118 1614 ἐζήτει
3178 1562 3334 1623 σῦκα,
3405 1554 3512 1607 ἀλλ’
3579 1556 3903 1629 οἰκονομῶν,
3962 1555 4019 1605 ἱνα

2423 1642 2725 1716 εὐαφόρμως
2770 1640 2851 1694 ἐπὶ
2903 1646 2997 1700 τὴν
3055 1644 3476 1719 θαυματουργίαν
3527 1645 3657 1719 ἔλθη
3699 1665 3715 1678 ·
3774 1646 3909 1699 οὕτω
3953 1652 4016 1695 ιιι

2421 1751 2508 1783 νυν
2538 1730 2621 1783 ἐπὶ
2663 1739 2758 1793 τῆς
2785 1740 2961 1803 πηγῆς
2992 1731 3051 1783 οὗ
3103 1728 3274 1804 διψῶν
3319 1732 3488 1794 ἐζήτει
3534 1730 3719 1809 ὕδωρ,
3771 1733 3878 1786 ἀλλ’
3914 1733 4016 1785 οἰιοσ

648 1821 927 1894 postulat,
971 1836 1090 1876 non
1121 1821 1246 1876 sitis
1285 1836 1491 1889 causa,
1525 1819 1631 1874 sed
1687 1819 2142 1891 dispensatorie,
2185 1835 2307 1892 quo

2424 1828 2606 1892 νομῶν,
2650 1822 2733 1871 ἶνα
2770 1820 3074 1894 εύαφόρμως
3219 1828 3431 1894 γυναικὶ
3477 1820 3778 1895 διαλεχθῇ.
3834 1828 4011 1896 Προιγὶ-

646 1916 857 1967 nactus
920 1910 1299 1966 occasionem
1351 1925 1488 1965 cum
1532 1909 1775 1964 muliere
1831 1909 2310 1981 colloqueretur;

646 1997 998 2072 praesciebat
1020 1999 1181 2053 enim
1214 1997 1402 2069 ipsam
1456 1996 1819 2053 credituram
1866 1997 2313 2069 multorumque

646 2087 782 2143 fidei
813 2102 1061 2143 causam
1089 2084 1348 2141 futuram
1382 2106 1394 2139 :
1430 2085 1680 2158 ideoque
1698 2092 1903 2141 exorta
1916 2085 2312 2143 collocutione

648 2192 874 2249 aquam
904 2175 1171 2248 reliquit.

716 2268 883 2322 Vers.
915 2266 969 2319 8.
1003 2264 1291 2334 Discipuli
1311 2293 1379 2305 ——
1409 2266 1473 2318 ut
1498 2270 1767 2321 emerent.
1801 2263 2106 2336 Siquidem
2135 2264 2312 2321 viati-

646 2371 784 2412 cum
833 2369 954 2410 non
1010 2353 1398 2421 contulerant,
1447 2351 1636 2409 edocti
1675 2358 1944 2409 ventrem
1975 2352 2307 2424 despicere,

644 2460 756 2501 nec
821 2444 1036 2500 anxius
1085 2443 1269 2516 ipsius
1320 2457 1523 2513 gerere
1575 2442 1954 2515 obsequium,
1997 2442 2102 2498 sed
2172 2448 2315 2499 tunc

649 2533 844 2591 solum
883 2534 1071 2606 ipsius
1109 2532 1332 2589 habere
1361 2548 1589 2601 curam,
1635 2548 1774 2588 cum
1831 2531 1911 2588 ad
1939 2531 2056 2588 hoc
2098 2536 2315 2590 natura

653 2626 910 2695 cogeret.

727 2715 843 2770 Cur
854 2716 1056 2768 autem
1084 2716 1224 2766 tunc
1239 2711 1596 2766 miraculum
1617 2715 1888 2783 operatus
1907 2725 2029 2765 non
2051 2715 2138 2767 est
2159 2711 2317 2767 circa

654 2801 819 2859 cibos
851 2800 1279 2872 discipulorum
1299 2799 1328 2853 ?
1359 2800 1527 2866 Quia,
1553 2801 1598 2855 si
1626 2800 1831 2855 omnia
1857 2805 2143 2872 tauquam
2159 2800 2315 2855 Deus

656 2890 1004 2948 mirabiliter
1022 2894 1306 2960 operatus
1328 2887 1554 2952 fuisset,
1576 2903 1962 2961 nequaquam
1979 2889 2163 2944 homo
2186 2904 2315 2944 esse

654 2981 911 3038 creditus
930 2979 1129 3034 fuisset
1149 2993 1162 3044 ;
1181 2977 1697 3050 quemadmodum
1718 2994 1747 3032 e
1765 2977 2015 3042 diverso,
2037 2978 2084 3032 si
2104 2978 2314 3035 omnia

654 3076 933 3142 tanquam
962 3068 1145 3124 homo
1176 3065 1425 3133 fecisset,
1454 3069 1634 3122 Deum
1654 3082 1782 3122 esse
1804 3067 1968 3121 nullo
1997 3066 2314 3122 modocre-

654 3159 961 3216 didissent.
1022 3158 1175 3248 Ideo
1224 3156 1592 3248 quandoque
1631 3161 1720 3248 fut
1772 3156 1955 3248 homo
2006 3163 2308 3229 operatur,
2349 3191 2391 3248 Ο

654 3250 996 3316 ostendens,
1019 3246 1184 3320 quod
1227 3246 1409 3302 homo
1462 3246 1536 3301 sit
1583 3262 1597 3313 ;
1627 3245 1923 3301 interdum
1945 3261 2105 3316 vero,
2136 3248 2311 3319 quasi

655 3343 808 3397 Deus
839 3337 1135 3395 mirabilia
1172 3341 1473 3410 operatur.

726 3429 898 3486 Solus
930 3432 1128 3484 autem
1161 3426 1408 3483 sedebat
1434 3425 1595 3482 circa
1633 3425 1879 3489 fontem,
1898 3442 1968 3481 ex
1997 3426 2110 3482 hoc
2131 3426 2309 3482 etiam

653 3519 997 3584 ostendens,
1026 3517 1191 3590 quod
1231 3520 1386 3571 esset
1416 3530 1451 3570 a
1478 3515 1637 3571 fastu
1666 3515 1918 3570 alienus.

725 3611 884 3663 Vers.
918 3609 971 3662 9.
1007 3605 1152 3662 Dicit
1182 3635 1243 3646 -
1271 3603 1677 3662 Samaritam's.
1722 3608 1847 3660 Non
1881 3605 2311 3662 commercium

651 3695 895 3761 habent,
915 3696 1037 3751 sive
1067 3710 1188 3751 non
1200 3695 1673 3759 communicant,
1689 3694 1853 3766 ipsos
1866 3693 2306 3761 abominantes,

651 3791 940 3860 tanquam
981 3784 1177 3842 solum
1218 3786 1277 3840 in
1310 3789 1476 3857 parte
1499 3784 1902 3857 judaizantes.

724 3875 837 3933 Sed
868 3873 1314 3931 undeJudaaum
1336 3889 1467 3929 esse
1498 3873 1779 3944 cognovit
1806 3873 1836 3929 *ἲ
1860 3872 1948 3928 Ab
1970 3872 2176 3928 habitu
2207 3876 2311 3929 aut

649 3963 832 4022 etiam
885 3980 922 4020 a
966 3962 1218 4036 loquela.
1262 3965 1408 4018 Nam
1440 3960 1704 4018 Christus
1742 3961 1993 4034 quidem
2020 3968 2309 4035 tanquam

647 4072 769 4111 non
795 4054 1112 4124 vulgariter
1135 4052 1396 4117 Iudaeus,
1432 4050 1728 4107 sedetiam
1758 4053 1934 4116 Deus,
1964 4056 2311 4123 contempta

649 4142 1000 4216 hujusmodi
1031 4141 1429 4205 observantia,
1459 4140 1734 4211 captabat
1768 4155 1885 4195 non
1911 4140 2310 4195 Samaritano-

647 4249 783 4289 rum
817 4236 1045 4289 tantum
1087 4227 1693 4299 familiaritatem,sed
1718 4234 1774 4285 et
1803 4235 2152 4285 cunctarum
2183 4228 2308 4284 ubi-

648 4337 765 4396 que
795 4320 1083 4394 gentium.
1149 4318 1524 4377 Samaritana
1569 4333 1713 4374 vero
1773 4317 2119 4374 existimans
2168 4333 2308 4374 eum

650 4426 918 4486 peccare,
949 4408 1323 4482 corripientis
1374 4423 1540 4464 more
1571 4407 1649 4464 ad
1680 4406 2035 4463 memoriam
2078 4406 2309 4464 reducit

645 4501 1142 4559 observationem.

717 4590 878 4647 Vers.
917 4593 998 4646 t0.
1034 4587 1342 4661 Respondit
1375 4618 1440 4629 —
1472 4587 1687 4644 vivam.
1710 4586 1866 4645 Hinc
1897 4586 2077 4659 plane
2117 4586 2310 4643 mani-

646 4681 860 4737 festum
892 4685 976 4735 est
1001 4676 1167 4751 quod
1198 4676 1352 4733 sitim
1395 4676 1781 4742 simulaverit,
1818 4679 1883 4731 ut
1909 4678 1987 4731 ad
2015 4691 2079 4732 se
2106 4690 2308 4731 erran-

648 4778 763 4828 tem
819 4770 1158 4834 attraberet,
1215 4785 1283 4824 ac
1322 4767 1639 4823 locutionis
1675 4765 1784 4822 reti
1851 4769 2190 4822 venaretur.
2225 4766 2309 4823 Si-

646 4861 828 4918 tiebat
884 4863 1060 4924 certe,
1104 4857 1213 4915 sed
1243 4858 1566 4915 errantium
1613 4855 2082 4922 conversionem,
2123 4871 2306 4928 quam

644 4946 823 5007 etiam'
865 4951 922 5007 in
984 4964 1269 5022 processu
1333 4962 1512 5002 suum
1566 4950 1742 5001 vocat
1781 4945 2004 5011 cibum,
2047 4945 2300 5002 dicens:

643 5041 810 5097 Meus
828 5024 981 5095 bilius
1006 5049 1108 5102 est,
1134 5043 1196 5091 ut
1218 5035 1445 5105 faciam
1470 5036 1831 5090 voluntatem
1856 5035 2001 5103 ejus,
2026 5036 2132 5104 qui
2146 5033 2304 5090 misit

642 5147 732 5186 me
759 5130 805 5164 ⁸⁸
839 5147 853 5197 ;
886 5143 1047 5183 nunc
1087 5141 1227 5181 vero
1267 5124 1349 5181 ait
1377 5140 1389 5178 ;
1430 5123 1492 5178 Si
1514 5123 1693 5180 scires
1724 5124 1941 5178 donum
1972 5123 2095 5190 Dei,
2129 5124 2179 5178 si
2208 5139 2303 5178 co-

642 5213 1289 5290 gnosceres,quidnam
1318 5212 1409 5281 sit,
1442 5212 1608 5285 quod
1640 5212 1826 5269 donat
1847 5213 2021 5268 Deus.
2057 5211 2301 5269 Dicebat

714 5397 762 5433 ⁸³
788 5394 989 5453 Matth.
1017 5409 1136 5461 XXI,
1175 5391 1244 5449 18
1279 5408 1293 5464 ;
1324 5393 1579 5462 Marem,
1608 5391 1697 5447 12.
1772 5390 1822 5428 ⁶⁴
1849 5391 2023 5451 Joan.
2063 5406 2143 5456 ιν,
2172 5392 2261 5458 34,

2420 1928 2587 1962 νωσκε
2609 1910 2711 1982 γὰρ
2744 1909 2906 1968 αὐτὴν
2927 1912 3318 1964 πιστεύσουσαν
3347 1918 3436 1966 καὶ
3473 1913 3697 1974 πολλοῖς
3726 1912 3898 1965 αἰτίαν
3923 1914 4013 1962 πίει

2421 2016 2551 2060 τεως
2586 2002 2936 2070 γενησομένην
2969 2016 2984 2032 ο
3019 1996 3105 2052 διὸ
3135 2004 3246 2068 καὶ,
3293 2009 3389 2064 τῆς
3428 1997 3719 2066 διαλέξεως
3763 2000 4004 2073 ἁψάμενος,

2422 2087 2589 2159 ἀφῆκε
2627 2090 2685 2140 τὸ
2720 2087 2831 2159 (58)
2860 2085 3026 2162 ὕδωρ.

2494 2268 2560 2319 0i
2583 2268 2686 2339 γὰρ
2716 2268 2953 2339 μαθηταὶ
2978 2298 3048 2308 —-
3072 2266 3425 2343 ἀγοράσωσιν.
3455 2269 3571 2322 Ούκ
3592 2269 3889 2343 ἐπεφέροντο
3908 2264 3997 2337 (59)

2421 2358 2523 2430 γὰρ
2556 2352 2761 2427 ἐφόδια,
2794 2353 3157 2420 παιδευθέντες
3187 2367 3522 2431 καταφρονεῖν
3552 2363 3810 2433 γαστρὸς,
3841 2361 3917 2409 καὶ
3937 2357 3989 2426 μέ

2423 2441 2883 2517 περισπούδαστον
2909 2448 3156 2517 ἡγεῖσθαι
3200 2452 3287 2506 τὴν
3318 2448 3655 2521 λειτούργίαν
3688 2449 3862 2511 αὐτῆς,
3897 2443 3991 2495 ἀλλὰ

2424 2540 2539 2588 τότε
2566 2538 2719 2607 μόνον
2761 2533 3160 2611 ἕπιστρίφεσθαι
3189 2540 3405 2605 ταύτης,
3434 2540 3519 2591 ὅτε
3564 2538 3754 2591 λοιπὸν
3798 2538 3825 2595 ἡ
3868 2537 3986 2607 φύσις

2426 2623 2639 2696 ἐπείγοι.

2498 2720 2615 2776 Πῶς
2684 2710 2773 2766 οὖν
2848 2713 2942 2767 οὐκ
3022 2716 3490 2790 ἐθαυματούργησε
3561 2723 3660 2771 καὶ
3737 2722 3837 2770 τότε
3894 2714 3976 2785 πῆοὶ

2424 2805 2514 2863 τὰς
2552 2806 2741 2876 τροφὰς
2792 2812 2893 2856 τῶν
2932 2806 3216 2877 μαθητῶν;
3251 2811 3393 2859 Διότι
3436 2805 3521 2858 ὂὰν
3578 2809 3753 2861 πάντα
3793 2808 3846 2865 ὡς
3882 2803 3974 2857 Θεὸς

2424 2891 2801 2966 ἕτερατούργει,
2883 2893 3156 2952 ἠπιστήθη
3232 2894 3292 2947 ἆν
3366 2897 3448 2949 ὅτι
3527 2897 3795 2970 ἅνθρωπός
3853 2890 3961 2951 ἔστιν,

2424 2984 2596 3054 ὥσπερ
2667 2981 2820 3033 πάλιν
2886 2981 2972 3035 ἐὰν
3042 2985 3211 3036 πάντα
3295 2986 3364 3045 ὠς
3429 2986 3712 3061 ἄνθρωπος
3768 2986 3955 3053 ἔπραττε),

2422 3071 2731 3129 ἠπιστήσθη
2759 3068 2819 3122 ἃν
2851 3073 2930 3123 ὅτι
2963 3076 3091 3135 Θεός
3132 3072 3266 3126 ἰστι.
3313 3076 3409 3127 Διὰ
3453 3082 3622 3130 τοῦτο
3675 3077 3783 3129 ποτε
3808 3072 3878 3142 ,ὧν
3908 3066 3953 3119 δῖ

2422 3160 2690 3232 ἄνθρωπος
2767 3163 3003 3233 πράττει,
3080 3161 3304 3235 βεϐαιῶν
3395 3166 3476 3216 ὅτι
3549 3166 3795 3241 ἅνθρωπός
3843 3154 3935 3204 ἐστι’

2423 3252 2542 3302 ποτὶ
2590 3245 2649 3302 δὶ
2686 3253 2751 3311 ὡς
2798 3253 2929 3313 Θεὸς
2979 3259 3329 3327 τερατουργεῖ,
3379 3256 3728 3328 πιστούμενος
3768 3251 3826 3302 im
3857 3244 3949 3298 Θεὸς

2423 3356 2551 3391 εστι.
2983 3396 2996 3409 ί

2491 3432 2655 3489 Μόνος
2685 3425 2745 3482 δι
2773 3428 3038 3490 ἕκαθέζετο
3067 3432 3213 3506 παρὰ
3250 3439 3314 3505 τῇ
3357 3439 3503 3505 πηγῇ
3544 3428 3801 3486 παιδεύων
3828 3424 3894 3475 καὶ
3920 3416 3959 3468 ἃ

2421 3519 2606 3569 τούτου
2632 3521 2690 3570 τὸ
2720 3519 2934 3591 ἄτυφον.

2497 3609 2645 3678 Λέγει
2690 3637 2761 3647 --
2803 3612 3162 3683 Σαμαρείταις.
3212 3608 3287 3661 Oti
3339 3618 3708 3685 συγχρῶνται,
3754 3609 3885 3676 ἤγουν
3919 3594 3960 3647 οὗ

2420 3703 2745 3765 κοινωνοῦσι,
2820 3693 3218 3771 βδελυττόμενοι
3278 3701 3492 3761 τούτους
3543 3701 3618 3762 ὡς
3675 3697 3724 3760 ἐξ
3770 3691 3960 3766 ἡμισείας

2424 3780 2813 3848 ἰουδαίζοντας.

2491 3873 2646 3926 Ἀλλὰ
2725 3876 2878 3928 πόθεν
2962 3878 3091 3948 ἰγνιι
3178 3878 3257 3930 ὅτι
3331 3873 3598 3940 Ἰουδαῖός
3677 3864 3954 3935 intum“

2418 3970 2508 4015 τοῦ
2571 3970 2872 4036 σχήματος,
2926 3969 2958 4024 ἦ
3035 3970 3125 4018 καὶ
3174 3964 3272 4019 ἁπὸ
3322 3974 3413 4027 τῆς
3479 3962 3757 4029 διαλίξεως.
3803 3957 3850 4008 ὀ

2421 4049 2507 4104 οὖν
2542 4056 2790 4125 Χριστὸς,
2819 4055 2902 4106 οἶα
2929 4058 3001 4127 μὴ
3052 4053 3222 4116 ἅπλῶς
3265 4052 3541 4121 Ἰουδαῖος,
3586 4054 3704 4108 ἀλλὰ
3726 4053 3800 4102 καὶ
3835 4044 3948 4101 Θεόςυ

2420 4139 2637 4217 παρεῖδε
2652 4147 2746 4201 τὴν
2766 4147 3011 4202 τοιαύτην
3027 4150 3417 4220 παρατήρησιν,
3441 4145 3864 4220 προοιμιαζόμενος
3883 4132 3949 4184 τὴν

2420 4232 2696 4299 οἰκείωσιν,
2750 4232 2808 4285 οὐ
2854 4238 3007 4306 μόνον
3061 4243 3162 4287 τῶν
3211 4242 3561 4310 Σαμαρειτῶν,
3614 4231 3725 4286 ὰ)λὰ
3768 4227 3839 4278 καὶ
3870 4225 3946 4271 τῶν

2421 4321 2731 4395 ἁπανταχοῦ
2754 4330 2856 4395 γῆς
2880 4321 3052 4379 ἆθνῶν.
3083 4323 3143 4377 Ἡ
3180 4321 3239 4378 δι
3268 4331 3598 4397 Σαμαρεῖτις,
3618 4321 3791 4393 οἰομένη
3805 4315 3944 4397 τοῦτ⁰ἶ⁹

2418 4394 2769 4485 ἁμαρτάνειν,
2795 4407 3102 4488 διορθοῦται
3159 4394 3806 4488 δῆθεννύπομιμνήσκουσα
3850 4394 3939 4467 ""f’i

2416 4508 2478 4560 τῆ
2490 4520 2512 4562 ς
2538 4505 2816 4577 παρατηρή
2827 4520 2975 4564 σεως.

2489 4572 2772 4665 Ἀπεξιρίθη
2848 4622 2918 4632 --
2988 4592 3115 4653 ζῶν,
3197 4592 3458 4646 Ἐντεῦθεν
3513 4592 3712 4666 μα’λιστα

2417 4682 2482 4741 ὡς
2522 4680 2775 4755 ὑπεκρίθη
2820 4685 2936 4733 τότε
2974 4684 3067 4739 τὴν
3126 4677 3310 4752 δίψαν,
3354 4683 3439 4734 ἵνα
3490 4681 3622 4753 ἐγγὺς
3666 4669 3821 4755 iam“
3841 4674 3917 4710 την

2414 4766 2766 4842 πλανωμένην,
2798 4774 2888 4822 καὶ
2938 4771 3165 4843 θηρεύσῃ
3211 4778 3282 4841 τῷ
3315 4767 3511 4842 δικτύῳ
3562 4774 3644 4825 τῆς
3684 4748 3915 4850 litabit“;-

2415 4853 2613 4928 Ἐδίψα
2692 4861 2783 4931 μὶν
2866 4861 2989 4933 γὰρ,
3059 4857 3189 4911 ἀλλὰ
3278 4864 3368 4917 τὴν
3446 4868 3548 4912 τῶν
3613 4848 3924 4933 enim?”

2413 4928 2730 5020 ἔπιστροφῆν
2762 4966 2777 4981 ·
2824 4928 2949 5002 ετὲιί
2982 4952 3073 5001 καὶ
3120 4953 3335 5022 προῖὼν,
3386 4945 3529 5002 ἴδιον
3575 4945 3739 5021 βρῶμα
3780 4928 3933 5022 ταύτης

2411 5011 2579 5106 καλεῖ,
2633 5011 2794 5109 λὸγων
2831 5055 2846 5071 ο
2899 5038 3054 5109 Ἐμὸν
3112 5011 3331 5112 βρῶμά⁷
3381 5036 3543 5105 ἔστιν,
3736 5025 3844 5079 ποιῶ

2416 5103 2614 5196 θέλημα
2683 5103 2776 5178 τοῦ
2826 5103 3161 5198 πέμψαντός·
3380 5131 3490 5179 Νῦν
3529 5103 3535 5105 1
3575 5120 3635 5177 δέ
3688 5120 3838 5198 φησινῖ
3895 5103 3941 5198 εἰ

2411 5193 2562 5286 ᾔδεις
2635 5216 2730 5273 τὴν
2795 5193 2994 5290 δωρεὰν
3045 5220 3139 5268 τοῦ
3192 5193 3346 5268 ὸεοῦ·
3419 5214 3464 5267 εἰ
3526 5211 3771 5287 ἐγίνωσκες
3820 5193 3944 5250 ὁποῖα

1848 5597 2075 5667 Variae
2120 5596 2458 5667 lectiones
2502 5605 2569 5666 et
2608 5606 2812 5666 notae.

712 5794 829 5868 (58)
865 5800 1109 5847 Τοιοῦτον
1139 5792 1460 5866 interponit
1489 5799 1554 5849 A.

2483 5794 2599 5869 (59)
2635 5792 2936 5871 Ἐπεφίρετο
2958 5794 3028 5855 Α.
