4120 6310
223 374 391 432 1189

1283 333 1666 432 ΟΟΜΜΕΝΤ,
1716 375 1785 433 IN
1823 376 2173 435 JOANNEM.
2218 410 2275 420 —
2323 380 2483 437 CAP.
2531 384 2628 440 1v.

3492 388 3635 443 1190

224 501 504 577 δωρεῖται
582 503 606 554 ό
677 507 817 564 Θεός.
896 503 1042 574 Ελεγε
1094 499 1151 554 δὲ
1222 496 1374 549 τοῦτο
1446 495 1563 565 περὶ
1648 501 1849 573 ἑαυτοῦ,

1971 509 2169 560 autem
2195 506 2308 561 hoc
2340 509 2409 561 de
2445 506 2663 578 seipso,
2699 508 2988 579 paulatim
3020 526 3081 565 se
3107 510 3185 566 illi
3214 512 3625 579 manifestans,

222 596 382 645 κατὰ
454 595 639 667 μικρὸν
706 592 884 644 ἑαυτὸν
951 591 1328 644 ἀποκαλύπτων
1387 589 1540 656 αντῇ,
1611 594 1675 653 ὡς
1739 593 1859 665 ἀξία

221 684 505 743 τοιαύτης
583 677 952 747 διδασκαλίας,
1027 678 1120 733 διὰ
1204 683 1257 733 :6
1334 677 1462 749 πρὸς
1538 676 1858 757 ἐπιστροφὴν

223 769 296 822 ἐπ
304 775 400 829 ιτὴ
412 767 451 823 δ
454 790 553 822 ειον
585 770 716 829 αὐτῆ
727 792 767 832 ς.

304 857 500 932 ’Υδωρ
534 857 591 912 δὲ
629 859 730 920 ζῶν
787 860 1024 931 ὠνόμασε
1071 863 1129 911 τό
1182 866 1321 931 νᾶμα
1369 868 1463 921 τῆς
1505 856 1857 921 διδασκαλίας

225 947 453 1000 αὐτοῦ·
501 945 645 1021 ὕδωρ
704 951 813 1020 μεν,
870 951 951 1001 ὅτι
1007 945 1161 1007 δίκην
1232 946 1422 1009 ὓδατος
1473 952 1714 1022 καθαίρει
1770 953 1856 1001 τὸν

220 1038 419 1112 ῥύπον
474 1047 568 1099 τῆς
622 1037 901 1111 ἁμαρτίας,
975 1042 1064 1089 καὶ
1113 1036 1340 1090 σϐεννύει
1391 1042 1485 1096 τὴν
1541 1038 1705 1110 φλόγα
1758 1048 1855 1090 τῶν

217 1128 457 1192 παθῶν,
489 1132 578 1179 καὶ
611 1129 875 1200 θεραπεύει
907 1132 1001 1185 τὴν
1050 1136 1146 1188 τῆς
1186 1126 1430 1187 ἀπιστίας
1462 1127 1723 1202 ξηρότητα
1766 1134 1854 1180 καὶ

220 1215 519 1289 ἀκαρπίαν
544 1232 557 1245 ·
592 1221 690 1278 ζῶν
722 1213 799 1277 δὲ,
827 1219 889 1276 ὡς
923 1215 1124 1268 ἀένναον
1151 1222 1237 1267 καὶ
1268 1216 1574 1274 ἀεικίνητον.
1609 1222 1721 1275 Ζωὴ
1753 1220 1852 1290 γαρ

217 1304 450 1368 ὕδατος
481 1308 535 1357 τό
564 1307 701 1357 νάειν
739 1310 829 1356 καὶ
863 1306 1140 1357 κινεῖσθαι.

302 1400 465 1454 Φησὶ
509 1391 623 1447 δὲὸ
682 1394 794 1463 (60)
829 1399 1207 1468 Χρυσόστομος
1264 1390 1407 1467 ὕδωρ
1466 1399 1563 1457 ζὼν
1621 1398 1853 1448 νοεῖσθαι

216 1489 325 1543 τὴν
372 1486 547 1555 χάριν
590 1490 679 1535 τοῦ
725 1484 864 1535 θείου
900 1486 1211 1553 Πνεύματος.
1260 1490 1423 1535 Τοῦτο
1457 1487 1557 1558 γὰρ
1597 1481 1852 1559 διαφόρως

218 1574 622 1645 ὀνομάζεσθαι,
674 1576 801 1646 πρὸς
866 1574 955 1632 τὰς
1014 1569 1295 1647 διαφόρους
1358 1576 1611 1645 ἐνεργείας
1668 1573 1849 1636 αὑτοῦ,

217 1672 320 1715 νῦν
367 1664 468 1734 μὲν
495 1658 660 1735 ὕδωρ,
712 1661 891 1713 ἄλλοτε
926 1658 985 1713 δε
1038 1669 1171 1734 πῦρ·
1223 1658 1499 1734 αλλ’ὖδωρ
1554 1665 1662 1733 μὲν,
1715 1660 1852 1715 διότι

221 1754 486 1824 καθάπερ
548 1755 605 1802 τό
662 1747 806 1824 ὕδωρ
862 1749 915 1812 ἐξ
966 1750 1187 1825 οὐρανοῦ
1241 1754 1417 1802 κατιόν
1470 1752 1711 1810 ζωοποιεῖ
1762 1756 1852 1802 καὶ

1971 600 2033 649 ut
2070 611 2204 666 quae
2233 596 2330 651 tali
2357 596 2628 653 doctrina
2666 597 2851 667 digna
2880 604 3057 667 esset,
3092 616 3161 657 eo
3191 602 3359 674 quod
3388 603 3465 659 ad
3488 620 3628 661 con-

1970 683 2301 741 versionem
2346 690 2489 756 apta
2527 692 2699 741 esset.

2038 866 2270 933 Aquam
2329 864 2527 919 vivam
2571 870 2792 931 autem,
2848 867 3169 938 appellavit
3200 868 3478 927 doctrinae
3503 888 3626 927 suae

1966 949 2191 1005 fluenta
2224 967 2237 1016 ;
2271 967 2490 1022 aquam
2510 953 2776 1024 quidem,
2805 955 3016 1024 quiain
3036 957 3283 1013 modum
3310 975 3627 1031 aquaesor-

1966 1039 2072 1092 des
2123 1040 2319 1106 abluit,
2354 1042 2752 1115 flammasque
2777 1044 3158 1101 aﬂ'ectionum
3189 1048 3535 1119 exstinguit,
3569 1054 3625 1107 et

1966 1129 2392 1186 incredulitatis
2410 1131 2730 1188 siccitatem
2760 1149 2827 1188 ac
2859 1133 3395 1194 infructuositatem
3434 1145 3622 1197 curat.

1968 1216 2171 1274 Vivam
2199 1236 2357 1275 vero.
2391 1222 2563 1292 quasi
2609 1238 2934 1293 perennem
2979 1240 3338 1298 semperque
3375 1234 3621 1286 motam.

1963 1306 2147 1376 Aqute
2174 1308 2331 1363 enim
2375 1310 2495 1365 vita
2530 1309 2712 1365 ﬂuere
2744 1318 2830 1365 est
2857 1329 2925 1367 ac
2961 1316 3204 1369 moveri.

2036 1397 2181 1451 Dicit
2229 1402 2428 1453 autem
2462 1398 2921 1470 Chrysostomus
2956 1418 3180 1473 aquam
3215 1403 3407 1461 vivam
3447 1406 3626 1462 divini

1966 1485 2214 1555 Spiritus
2278 1487 2531 1555 gratiam
2598 1510 2608 1540 :
2655 1488 2951 1559 siquidem
2990 1491 3168 1545 variis
3222 1493 3418 1548 modis
3463 1495 3625 1551 hunc

1963 1573 2047 1629 ait
2074 1574 2381 1645 appellari,
2398 1576 2566 1644 juxta
2581 1576 2842 1631 diversas
2859 1577 2968 1648 ipsi
2982 1596 3046 1633 us
3060 1581 3625 1651 operationes,nunc

1962 1677 2206 1732 aquam,
2241 1678 2399 1715 nunc
2429 1663 2630 1732 ignem
2675 1681 2687 1730 ;
2731 1680 2954 1735 aquam
2986 1666 3253 1737 quidem,
3287 1670 3431 1741 quia
3471 1671 3623 1727 sicut

1962 1766 2119 1821 aqua
2140 1750 2212 1804 de
2244 1750 2393 1805 coelo
2420 1751 2787 1807 descendens
2811 1754 2991 1809 nutrit
3036 1771 3106 1809 ac
3140 1756 3409 1823 viviﬁcat,
3460 1774 3623 1814 cum-

222 1844 442 1914 τρέφει,
490 1844 579 1892 καὶ
645 1835 908 1912 μονοειδὲς
976 1841 1029 1891 ὃν
1095 1840 1281 1914 ἐνεργεῖ
1334 1840 1688 1911 πολυτρόπως,
1742 1839 1849 1891 λευ-

1971 1855 2077 1910 que
2112 1838 2284 1893 unius
2324 1840 2394 1893 sit
2434 1840 2673 1910 speciei,
2708 1842 2868 1896 vario
2902 1843 3081 1898 modo
3122 1850 3403 1915 operatur
3430 1845 3620 1903 :deal-

224 1939 428 1982 καίνον
466 1932 555 2001 μὲν
599 1928 647 1980 ἐν
694 1934 872 2002 κρίνῳ,
924 1929 1156 2000 μελαῖνον
1214 1925 1272 1981 δὲ
1336 1928 1381 1980 ἐν
1433 1930 1545 1999 (6|)
1596 1933 1847 2003 ναρκίσῳ,

228 2020 553 2093 ἐρυθραῖνον
606 2015 665 2070 δε
722 2016 769 2069 ἐν
820 2014 982 2092 ῥόδῳ,
1041 2019 1363 2091 πορφυρίζον
1413 2014 1471 2070 δὲ
1526 2017 1572 2069 ἐν
1628 2021 1707 2089 ῖῳ,
1762 2023 1850 2069 καὶ

226 2109 527 2181 γλυκαῖνον
574 2110 663 2179 μὲν
719 2106 801 2159 ἐπὶ
852 2114 947 2168 τῆς
999 2115 1180 2173 συκῆς,
1212 2115 1480 2180 πικραῖνον
1514 2104 1571 2159 δὲ
1628 2106 1711 2159 ἐπὶ
1761 2116 1850 2169 τῆς

232 2198 517 2270 ὰψίνθου·
579 2196 713 2249 οὕτω
767 2200 856 2249 καὶ
911 2200 969 2249 τὸ
1048 2198 1179 2248 θεῖον
1244 2204 1471 2268 Πνενμα,
1534 2195 1585 2259 ἐξ
1633 2196 1850 2269 οὐρανοῦ

229 2289 431 2341 κατιόν
466 2286 710 2346 ζωοποιεί
755 2289 845 2337 καὶ
873 2288 1041 2359 τρέφει
1071 2290 1165 2344 τὴν
1208 2284 1413 2357 ψυχὴν,
1443 2290 1532 2337 καὶ
1575 2284 1624 2337 ἓν
1673 2285 1745 2350 ὃν,
1780 2286 1851 2348 εἰς

234 2375 540 2449 διαφόρους
583 2374 831 2446 ἐνεργείας
864 2370 1060 2448 διαιρεῖ
1116 2379 1210 2432 τὴν
1240 2377 1401 2446 χάριν
1458 2378 1547 2425 καὶ
1576 2371 1798 2446 δύναμιν
1832 2391 1844 2403 ·

233 2476 347 2541 πῦρ
388 2461 634 2536 δεδιότι,
677 2465 910 2536 καθάπερ
958 2467 1013 2515 τὸ
1040 2471 1142 2536 πῦρ
1175 2460 1433 2535 μονοειδὲς
1488 2464 1541 2515 ὃν
1585 2461 1849 2538 διαφόρως

234 2557 457 2627 ἐνεργεῖ,
492 2556 781 2627 θερμαῖνον,
803 2554 1004 2625 φλέγον,
1030 2554 1272 2625 φωτίζον,
1296 2554 1545 2626 καθαῖρον
1571 2569 1583 2581 '
1615 2554 1749 2604 οὕτω
1777 2550 1844 2611 δὴ

232 2651 331 2698 καὶ
367 2646 426 2697 τό
460 2646 590 2696 θεῖον
624 2650 851 2715 Πνεῦμα.

317 2738 476 2804 Λέγει
532 2764 594 2774 —-
644 2733 782 2797 ζῶν;
836 2737 918 2791 Μὴ
978 2729 1263 2790 δυνηθεῖσα
1320 2739 1509 2789 νοῆσαι
1557 2734 1613 2782 τὸ
1670 2730 1843 2804 ῥηθὲν,

239 2828 583 2877 ὑπώπτευσεν
632 2823 713 2874 ὅτι
744 2818 887 2895 ὕδωρ
941 2822 1042 2881 ζὼν
1068 2821 1199 2893 λέγει
1234 2823 1292 2872 τὸ
1356 2820 1455 2873 ἀπὸ
1482 2828 1573 2871 τοῦ
1632 2824 1845 2892 φρέατος

244 2913 463 2981 ἐκείνου,
514 2914 582 2971 ὡς
634 2910 918 2971 ἁναϐλύζον
971 2916 1060 2963 καὶ
1110 2910 1398 2982 ἁλλόμενον,
1454 2913 1543 2960 καὶ
1595 2910 1848 2965 ὑπενόησε

245 3002 476 3075 ῥηθῆναι
540 3003 625 3052 τὸν
678 2999 848 3071 λόγον,
906 3002 975 3061 ὡς
1049 2999 1235 3052 ἐκείνου
1309 2996 1595 3071 δυναμένου
1663 3016 1849 3049 συντο-

250 3095 479 3163 μώτερον
529 3088 892 3160 ἀνιμήσασθαι
957 3085 1028 3141 δι’
1100 3085 1338 3162 ἀνδρείαν
1583 3091 1672 3138 καὶ
1735 3085 1847 3137 ἐπι-

250 3199 316 3237 τη
326 3175 359 3231 δ
363 3184 590 3238 ειότητα.

324 3271 460 3329 Τέως
514 3265 573 3321 δὲ
622 3270 797 3340 κύριον
872 3267 1027 3320 αὐτόν
1092 3270 1507 3343 προσηγόρευσε,
1585 3270 1851 3338 νομίσασα

249 3360 413 3429 μέγαν
459 3356 587 3409 εἶναί
628 3377 765 3412 τινα.
813 3361 908 3410 Καὶ
959 3360 1059 3431 γὰρ
1109 3361 1351 3425 ἤκουσεν,
1414 3356 1523 3428 (63)
1592 3355 1652 3408 Εἰ
1704 3352 1851 3427 ᾔδεις

247 3447 322 3504 τίς
354 3443 492 3497 ἐστιν
523 3448 547 3497 ό
602 3445 758 3517 λέγων
792 3452 895 3512 σοὶ,
956 3452 1045 3506 Δός
1102 3465 1191 3517 μοι
1252 3453 1403 3509 πιεῖν,
1462 3449 1551 3497 καὶ
1603 3447 1667 3496 τὰ
1697 3444 1845 3506 ἐξῆς’

247 3538 340 3586 καὶ
396 3535 585 3587 αὐτίκα
612 3540 884 3607 τετίμηκεν
932 3535 1083 3587 αὐτὸν
1117 3544 1178 3608 τῇ
1218 3537 1432 3607 τοιαύτη
1492 3539 1847 3608 προσηγορίᾳ,

249 3627 341 3675 καὶ
380 3626 506 3695 μετὰ
533 3626 711 3686 πάσης
748 3624 1022 3687 ἐπιεικείας
1078 3629 1167 3677 καὶ
1224 3626 1289 3676 τὰ
1316 3622 1473 3676 λοιπά
1531 3620 1564 3675 δ
1572 3623 1846 3695 ιαλέγεται.

246 3709 522 3785 Ἀντλημα
561 3711 621 3766 δὲ
652 3734 783 3786 φησι
812 3719 870 3766 τὸ
913 3713 1136 3786 ἀγγεῖον.

323 3806 407 3859 Μὴ
454 3834 522 3842 -
579 3803 777 3864 αὐτοῦς
834 3808 931 3855 Καὶ
985 3803 1033 3855 οἰ
1089 3808 1417 3874 Σαμαρεῖται,
1470 3798 1705 3875 πατρίδα
1754 3804 1848 3858 τὴν

250 3893 540 3963 Σαμάρειαν
606 3889 712 3949 ἤδη
768 3896 1090 3962 κεκτημένοι,
1150 3896 1346 3962 πατέρα
1419 3890 1593 3941 λοιπον
1652 3890 1849 3949 ἑαυτοῖς

252 3978 597 4054 ἐπεγράφοντο
638 3984 724 4032 τόν
752 3980 961 4045 Ἰακὼϐ,
1014 3982 1083 4038 ὡς
1130 3984 1461 4052 προκάτοχον
1516 3984 1603 4030 καὶ
1652 3983 1851 4051 πατέρα

251 4079 345 4131 τῆς
403 4074 643 4131 τοιαύτης
706 4070 874 4122 αὐτῶν
925 4065 1196 4143 πατρίδος,
1264 4067 1534 4121 κάντεῦθεν
1601 4069 1848 4121 εἰσώθουν

253 4158 465 4221 ἑαυτοὺς
488 4160 557 4221 εἰς
587 4164 680 4218 τὴν
714 4155 1010 4216 Ἰουδαῑκήν
1041 4158 1313 4229 εὐγένειαν,

324 4341 457 4390 Φασὶ
503 4334 563 4388 δέ
617 4357 767 4401 τινες,
828 4339 907 4389 ὅτι
950 4339 977 4395 ἡ
1040 4344 1345 4411 Σαμαρεῖτις
1402 4336 1531 4393 αὕτη
1564 4340 1714 4406 γυνὴ,
1756 4339 1847 4388 καὶ

252 4426 405 4478 άλλοκ
484 4426 660 4478 πολλοὶ
734 4435 832 4477 τῶν
910 4431 1004 4484 τήν
1075 4429 1362 4498 Σαμάρειαν
1420 4426 1714 4492 οἰκούντων,
1797 4424 1849 4486 ἐξ

254 4514 436 4567 Ἰακὼϐ
462 4519 550 4589 μὲν
577 4516 741 4568 εἷλκον
765 4519 821 4567 τὸ
859 4520 1024 4587 γένος,
1047 4515 1573 4587 αἰχμαλωτισθέντων
1608 4509 1666 4565 δὲ
1689 4512 1847 4564 πάλαι

250 4613 346 4657 τῶν
374 4610 636 4678 προγόνων
668 4605 855 4670 αὐτῶν,
887 4609 977 4656 καὶ
1008 4600 1398 4656 δουλευσάντων
1438 4606 1581 4675 παρὰ
1606 4601 1845 4654 Βαϐυλω-

250 4699 391 4764 νίοις,
447 4692 672 4767 μιγάδες
730 4694 875 4747 οὗτοι
923 4701 1156 4752 συνῆσαν
1207 4699 1314 4753 τοῖς
1361 4695 1722 4765 Σαμαρείταις,
1774 4699 1845 4763 τῷ

252 4792 431 4856 μακρῷ
457 4788 633 4857 χρόνῳ
662 4788 752 4836 καὶ
782 4789 898 4844 ταῖς
925 4781 1269 4858 πολυτρόποις
1301 4787 1590 4857 συμφεραῖς
1616 4782 1747 4855 πρὸς
1780 4784 1848 4833 τὰ

253 4869 449 4924 ἐκείνων
475 4876 504 4931 ἧ
516 4875 577 4931 θη
602 4873 970 4945 μεταστάντες.

319 4960 386 5014 ’Ἦ
416 4966 615 5035 πατέρα
643 4961 983 5034 ἐπεγράφοντο
1016 4964 1101 5012 τόν
1130 4958 1332 5025 Ἰακὼϐ,
1375 4960 1445 5021 ὡς
1485 4958 1540 5012 ἐκ
1572 4955 1843 5015 Χαλδαίων

251 5055 335 5103 καὶ
363 5049 517 5102 αὐτόν
548 5050 756 5102 ἕλκοντα
784 5054 839 5101 τὸ
878 5053 1041 5121 γένος.

320 5145 471 5211 Λέγει
524 5136 583 5191 δέ
634 5148 720 5190 νῦν
778 5141 806 5196 ἡ
870 5146 1171 5210 Σαμαρεῖτις
1224 5140 1303 5190 ὅτι
1333 5138 1392 5191 Εἰ
1448 5140 1517 5209 μὴ
1574 5142 1691 5211 περὶ
1721 5138 1843 5188 τού-

250 5249 337 5282 του
361 5229 521 5301 λέγεις
559 5236 648 5281 τοῦ
681 5225 893 5293 ὕδατος,
956 5233 1027 5300 μὴ
1074 5231 1139 5280 σὺ
1178 5231 1370 5301 μείζων
1409 5223 1456 5280 εἶ
1506 5233 1599 5279 τοῦ
1645 5228 1839 5301 πατρὸς

1961 1926 2114 1981 bans
2144 1926 2204 1980 in
2242 1927 2382 1991 lilio,
2442 1929 2764 1999 denigrans
2793 1929 2852 1984 in
2886 1933 3171 1996 narcisso,
3204 1934 3517 1989 rubricans
3557 1935 3621 1991 in

1960 2031 2118 2080 rosa,
2155 2015 2579 2087 purpurissans
2637 2018 2695 2071 in
2747 2018 2924 2083 viola,
2967 2020 3279 2076 dulcerans
3322 2021 3383 2076 in
3416 2021 3620 2089 ﬁcu,a-

1963 2104 2255 2159 maricans
2294 2104 2353 2159 in
2398 2104 2697 2162 absinthio
2732 2128 2744 2159 :
2796 2107 2875 2162 ita
2904 2108 3142 2163 divinus
3169 2126 3412 2182 quoque
3437 2112 3620 2182 Spiri-

1961 2198 2055 2249 tus
2088 2192 2161 2248 de
2183 2193 2330 2248 coelo
2344 2193 2737 2259 descendens,
2763 2196 3027 2252 nutritae
3044 2198 3299 2254 viviﬁcat
3324 2199 3619 2267 animam,

1960 2298 2220 2354 cumque
2253 2298 2409 2338 unus
2452 2283 2526 2338 sit
2559 2284 2737 2339 variis
2776 2286 3216 2357 operationibus
3245 2289 3499 2357 gratiam
3528 2291 3622 2346 di-

1958 2372 2107 2427 vidit
2133 2387 2202 2426 ac
2247 2371 2546 2427 virtutem.
2592 2373 2747 2442 Ignis
2777 2390 3017 2445 quoque
3045 2375 3258 2431 dicitur
3297 2378 3440 2449 quia
3468 2382 3621 2437 sicut

1957 2460 2131 2531 ignis,
2168 2476 2301 2514 cum
2337 2461 2509 2515 unius
2532 2461 2605 2515 sit
2643 2463 2880 2531 speciei,
2914 2463 3109 2518 varios
3141 2464 3321 2519 habet
3350 2466 3614 2535 eﬂectus,

1959 2549 2334 2616 calefaciens,
2368 2548 2775 2619 inﬂammans,
2806 2550 3154 2607 illuminans
3185 2559 3241 2608 et
3268 2554 3614 2627 puriﬁcans,

1956 2638 2033 2693 ita
2073 2652 2210 2691 sane
2251 2642 2306 2691 et
2332 2637 2569 2691 divinus
2610 2638 2885 2708 Spiritus.

2027 2727 2188 2780 Vers.
2208 2727 2292 2779 11.
2311 2726 2719 2782 Dicit—vivam
2738 2728 2766 2782 ‘?
2780 2729 2922 2783 Cum
2939 2728 3015 2794 id,
3035 2730 3199 2801 quod
3224 2730 3448 2787 dictum
3465 2738 3612 2803 erat,

1959 2831 2077 2870 non
2093 2819 2287 2885 posset
2304 2816 2359 2869 in
2374 2814 3095 2887 telligere,suspicabatur,
3113 2820 3275 2890 quod
3292 2837 3515 2894 aquam
3532 2824 3617 2879 vi-

1957 2920 2095 2959 vam
2128 2903 2360 2970 diceret,
2385 2905 2663 2959 haustam
2698 2906 2776 2959 ab
2803 2908 3015 2962 eodem
3045 2911 3363 2981 puteo,qni
3389 2927 3615 2983 aquam

1957 2992 2255 3047 emittebat
2308 3008 2378 3048 ac
2435 2994 2714 3049 scaturire
2775 2993 3025 3050 faciebat
3085 3015 3098 3048 :
3149 3002 3206 3051 et
3232 2998 3613 3069 opinabatur,

1959 3082 2179 3137 dictum
2220 3098 2353 3136 esse
2384 3086 2632 3137 verbum
2658 3082 2822 3149 illud,
2855 3085 3023 3155 quasi
3052 3092 3255 3157 posset
3284 3086 3411 3158 ipse
3441 3089 3616 3144 citius

1890 3204 1930 3261 ρ
1960 3170 2217 3235 haurire,
2242 3188 2311 3226 eo
2330 3171 2493 3243 quod
2526 3171 2726 3226 fortior
2751 3179 2907 3228 esset
2927 3175 3236 3246 magisque
3265 3176 3538 3232 idoneus.

2029 3258 2263 3315 Interim
2331 3266 2517 3315 autem
2558 3260 2876 3315 Dominum
2932 3269 3104 3317 vocat
3161 3280 3319 3329 eum,
3368 3271 3612 3335 putans,

1962 3364 2247 3419 magnum
2264 3350 2523 3419 aliquem
2546 3365 2693 3404 esse.
2711 3350 2988 3405 Audierat
3006 3368 3267 3423 namque
3280 3353 3611 3411 dicentem:

1958 3438 2022 3494 Si
2049 3438 2233 3507 scires,
2264 3439 2362 3509 qui
2398 3439 2471 3493 sit
2497 3438 2601 3509 qui
2628 3439 2917 3505 dicittibi,
2940 3442 3025 3494 Da
3045 3440 3193 3495 milii
3221 3447 3280 3494 ut
3311 3442 3527 3510 bibam,
3560 3451 3618 3502 et

1959 3533 2173 3582 caetera
2206 3543 2218 3581 :
2252 3527 2385 3582 ideo
2418 3526 2616 3582 statim
2677 3526 2778 3581 tali
2811 3528 3005 3598 ipsum
3046 3529 3302 3585 honorat
3352 3532 3617 3602 appella-

1958 3617 2137 3685 tione,
2178 3620 2397 3672 etcum
2432 3615 2597 3671 omni
2632 3618 3095 3674 mansuetudine
3134 3618 3367 3691 reliqua
3408 3622 3614 3692 prolo-

1960 3706 2176 3777 quitur.

2021 3797 2188 3850 .Vers.
2224 3798 2305 3849 12.
2339 3796 2494 3851 Num
2530 3826 2590 3836 —
2630 3797 2751 3865 eius
2781 3797 2811 3851 ?
2850 3796 3204 3853 Samaritani
3236 3799 3438 3869 etiam,
3477 3816 3619 3859 cum

1953 3886 2079 3954 jam
2114 3884 2443 3941 Samariam
2480 3886 2736 3955 patriam
2752 3886 3142 3957 possiderent,
3168 3888 3354 3944 Jacob
3378 3905 3620 3962 quoque

1958 3978 2188 4045 patrem
2208 3989 2383 4028 suum
2414 3973 2819 4045 appellabant,
2854 3980 3139 4047 tanquam
3162 3976 3287 4046 jam
3315 3977 3460 4032 olim
3484 3994 3620 4049 pos-

1960 4078 2256 4117 sessorem
2273 4078 2344 4117 ac
2366 4068 2596 4133 patrem
2619 4062 2796 4133 hujus
2825 4064 3093 4133 ipsorum
3122 4066 3323 4133 patriae
3353 4084 3367 4118 :
3393 4072 3449 4121 et
3477 4067 3619 4124 hinc

1959 4167 2087 4207 sese
2124 4150 2508 4207 intrudebant
2538 4151 2597 4206 in
2624 4166 2974 4221 generosam
3004 4154 3329 4210 Judeeorum
3368 4170 3617 4225 genera-

1958 4240 2206 4296 tionem.

2030 4330 2284 4396 Quidam
2313 4335 2515 4388 autem
2536 4331 2761 4400 dicunt,
2791 4332 2943 4388 hanc
2974 4332 3304 4399 mulierem,
3340 4334 3614 4409 aliosque

1958 4419 2248 4490 plurimos
2283 4420 2611 4476 Samariam
2643 4420 3024 4478 incolentium
3086 4438 3121 4478 a
3149 4423 3332 4479 Jacob
3364 4424 3616 4480 descen-

1959 4508 2119 4563 disse
2152 4526 2164 4563 :
2194 4508 2337 4563 olim
2358 4515 2556 4564 autem
2586 4510 3064 4581 progenitoribus
3087 4512 3297 4582 captis,
3328 4528 3399 4568 ac
3428 4513 3617 4585 Baby-

1956 4597 2180 4653 loniam
2216 4598 2275 4652 in
2304 4598 2642 4654 servitutem
2665 4598 2881 4665 ductis,
2911 4599 3021 4654 hos
3042 4600 3428 4656 Samaritanis
3452 4616 3614 4658 com-

1960 4686 2185 4752 mistos,
2218 4692 2272 4742 et
2309 4703 2448 4741 cum
2466 4687 2550 4742 eis
2592 4692 2879 4751 versatos,
2907 4687 3088 4757 longo
3113 4694 3381 4761 tempore
3411 4690 3617 4747 varlis—

1955 4790 2073 4847 que
2098 4775 2532 4831 calamitatibus
2562 4774 2635 4831 ad
2670 4790 2881 4832 eorum
2911 4792 3105 4833 mores
3156 4782 3611 4839 transmutatos.

2025 4957 2137 5009 Aut
2190 4953 2486 5010 vocabant
2523 4958 2750 5025 patrem
2803 4954 3011 5021 Jacob,
3045 4971 3113 5013 eo
3145 4957 3304 5029 quod
3344 4962 3397 5013 et
3449 4958 3543 5015 hic
3577 4976 3614 5017 ει

1953 5044 2242 5101 Chaldaeis
2282 5060 2472 5113 genus
2507 5050 2781 5101 traxerat.

2026 5134 2168 5189 Dicit
2220 5150 2361 5203 ergo
2410 5149 2569 5188 nunc
2628 5135 3049 5191 Samaritana:
3104 5137 3271 5197 Quod
3315 5136 3362 5192 si
3396 5138 3468 5193 de
3500 5138 3612 5196 hac

1949 5240 2071 5280 non
2100 5222 2362 5296 loqueris
2384 5238 2574 5295 aqua:
2606 5240 2749 5280 num
2790 5228 2848 5279 tu
2890 5226 3085 5296 major
3111 5241 3169 5283 es
3193 5229 3367 5296 patre
3412 5233 3611 5285 nostro

1479 5400 1701 5475 Variae
1726 5401 2054 5472 lectiones
2095 5409 2162 5469 et
2184 5408 2388 5469 notae.

338 5671 424 5747 6t)
470 5679 750 5735 Scribitur
793 5671 1031 5732 duobus
1064 5694 1154 5743 σσ,
1191 5672 1273 5731 uti
1302 5673 1623 5731 Hentenius
1656 5671 1836 5729 etiam

338 5605 427 5677 60)
464 5607 628 5662 Tom.
662 5606 887 5677 Vlll,p.
920 5604 1031 5677 Δ183
1058 5604 1124 5659 D.

315 5606 427 5806 ξω

338 5683 424 5747 6t)

248 5749 321 5807 ha
366 5758 437 5806 et.

2016 5600 2133 5673 (92)
2161 5595 2503 5673 ξΑνδρίανγᾼ.

2020 5670 2129 5741 (93)
2158 5670 2298 5722 Ὀτι
2314 5671 2480 5726 addit
2518 5675 2586 5728 Α.
