4120 6310
597 381 728 434 1191

1915 370 2268 431 EUTHYMII
2321 373 2644 431 ZlGABENl

3889 376 3995 429 1192

592 503 784 568 Iacob,
801 504 908 575 qui
922 501 1255 560 deditnobis
1267 507 1507 572 puteum
1521 500 1681 556 hunc
1701 504 1826 557 tam
1841 499 2156 563 celebrem,
2192 504 2244 555 ul

2366 502 2509 574 ἡμῶν
2557 499 2766 568 Ἰακὼϐ,
2814 501 2868 562 ὃς
2925 497 3115 554 ἔδωκεν
3170 503 3297 573 ἡμῖν
3353 504 3410 553 τὸ
3479 505 3673 575 φρέαρ
3751 506 3898 552 τουτὶ
3953 506 3993 551 τό

594 593 899 648 meliorem
922 592 1121 664 possis
1139 593 1281 647 dare
1299 606 1519 662 aquam
1537 590 1747 656 ‘iQuod
1764 594 1966 646 autem
1989 589 2250 646 additur.

594 683 666 737 Et
694 683 808 754 ipse
831 698 905 738 ea:
931 697 994 738 eo
1019 683 1180 746 bibit,
1223 687 1276 738 et
1314 681 1426 749 ﬁlii
1454 683 1582 750 ejus
1628 687 1680 736 et
1733 695 1949 750 pecora
1975 682 2122 748 eius,
2175 680 2252 735 ad

592 771 779 843 ipsius
805 772 963 844 putei
994 771 1236 827 laudem
1267 771 1489 826 dictum
1523 776 1634 827 est.
1675 773 1821 826 Nam
1856 771 1905 824 si
1943 768 2251 825 meliorem

593 859 775 916 alium
807 860 1132 926 habuisset,
1167 875 1543 930 nequaquam
1573 875 1710 914 cum
1759 864 1884 915 tota
1909 857 2136 914 familia
2181 874 2254 913 ex

591 948 708 1005 hoc
736 949 994 1005 bibisset.
1021 950 1333 1022 Reliquum
1357 953 1448 1004 est
1476 949 1671 1019 igitur,
1702 952 1785 1013 ut,
1812 949 1857 1004 si
1892 947 2082 1021 possis
2109 947 2253 1003 dare

592 1038 920 1104 meliorem,
955 1039 1149 1110 major
1180 1038 1265 1093 sis
1293 1036 1502 1094 Jacob.

666 1127 812 1186 Haec
840 1128 1042 1200 itaque
1070 1129 1447 1185 Samaritana
1486 1126 1560 1182 de
1599 1126 1787 1183 Jacob
1817 1142 1956 1183 cum
1987 1141 2058 1182 eo
2087 1125 2254 1198 loqui

593 1223 932 1289 perseverat
963 1217 1106 1288 (gg),
1159 1222 1394 1288 optans,
1436 1215 1599 1289 quod
1640 1215 1872 1288 quaerit,
1924 1214 2184 1270 invenire
2237 1231 2251 1266 :

589 1305 775 1361 Judaei
815 1322 954 1361 vero
1011 1307 1186 1361 etiam
1228 1305 1497 1378 lapidare
1528 1321 1664 1360 eum
1719 1304 2049 1374 tentabant,
2102 1303 2251 1358 dum

590 1394 896 1450 Abraham
937 1395 1154 1451 faceret
1213 1395 1600 1450 mentionem.
1647 1393 1966 1460 Quomodo
2011 1409 2154 1462 ergo
2183 1409 2254 1448 az-

590 1500 780 1557 quum
845 1491 1014 1549 esset,
1071 1491 1134 1540 ut
1188 1483 1536 1555 hujusmodi
1590 1484 1892 1556 repelleret
1943 1483 2252 1539 mulierem

591 1573 944 1637 studiosam,
975 1573 1244 1629 discendi
1277 1573 1532 1643 avidam,
1566 1589 1636 1630 ac
1659 1574 1856 1645 juvari
1889 1573 2250 1644 cupientem.

663 1753 826 1808 Vers.
859 1753 945 1809 l3.
975 1753 1283 1822 Respondit
1315 1784 1384 1793 —
1411 1756 1642 1809 iterum.
1678 1752 1778 1809 Siti
1806 1769 2000 1826 aquae.

663 1840 828 1899 Vers.
863 1843 950 1898 14.
987 1842 1261 1913 Quisquis
1290 1874 1358 1881 —
1384 1851 1682 1899 zternum.
1725 1845 2065 1914 Nenaquam
2100 1839 2255 1897 sitiet
2291 1861 2334 1914 Β

589 1946 864 2002 unquam
896 1932 1323 1987 incredulitatis
1356 1933 1465 1987 siti.

663 2021 827 2075 Vers.
876 2020 964 2075 14.
998 2020 1108 2077 Sed
1136 2051 1204 2060 —
1234 2036 1422 2092 aquae.
1482 2023 1587 2076 Per
1615 2020 1841 2076 fontem
1898 2020 2256 2092 signiﬁcavit

589 2109 1049 2181 perpetuitatem
1076 2124 1146 2164 ac
1176 2108 1572 2178 integritatem
1599 2109 1952 2181 hujusmodi
1983 2125 2180 2182 aqua.

663 2197 827 2254 Vers.
859 2197 946 2254 14.
979 2198 1262 2254 Salieutis
1295 2229 1361 2239 --
1401 2202 1699 2255 aeternam.
1755 2198 2138 2256 Scaturientis
2175 2197 2254 2254 ad

590 2285 777 2342 vitam
816 2291 1122 2354 aeternam,
1156 2303 1227 2342 eo
1253 2287 1415 2359 quod
1449 2288 1628 2343 vitam
1656 2287 1916 2361 prasbeat
1944 2293 2252 2344 aeternam.

590 2374 732 2431 Vide
758 2382 982 2446 autem,
1027 2378 1206 2448 quod,
1243 2393 1377 2432 cum
1420 2377 1632 2433 mulier
1689 2376 1955 2444 dixisset,
2002 2377 2158 2433 Num
2191 2382 2253 2431 tu

589 2467 787 2535 major
813 2481 872 2522 es
921 2470 1088 2537 patre
1140 2469 1339 2522 nostro
1377 2466 1572 2532 Jacob,
1632 2482 1754 2522 non
1796 2466 1944 2523 dixit
1996 2466 2252 2538 :Utique

587 2553 786 2624 major
815 2570 951 2609 sum
981 2572 994 2622 ;
1025 2554 1322 2610 videretur
1349 2555 1509 2610 enim
1561 2555 1830 2627 seipsum
1867 2555 2112 2627 jactare,
2147 2553 2254 2610 sed

588 2641 668 2698 ab
715 2642 802 2696 bis
861 2660 991 2715 quae
1034 2642 1200 2709 dixit,
1263 2642 1377 2699 hoc
1430 2643 1644 2700 intulit.
1715 2647 1863 2700 Nam
1915 2643 2254 2700 differentia

589 2746 880 2804 aquarum
897 2731 1291 2787 differentiam
1316 2731 1898 2804 infertpraabentium
1930 2732 2083 2797 illas,
2111 2747 2251 2787 cum

587 2819 930 2876 naturaliter
959 2836 1121 2888 aqua
1158 2820 1258 2874 illa
1288 2825 1694 2886 consumatur,
1722 2822 1850 2877 haec
1889 2827 2088 2877 autem
2120 2836 2251 2893 per-

586 2914 767 2980 petuo
793 2915 1053 2964 maneat.

658 2998 818 3053 Vers.
853 2999 943 3055 15.
979 2998 1136 3054 Dicit
1167 3029 1233 3038 --
1282 3000 1363 3055 ad
1393 2999 1814 3056 hauriendum.
1844 3000 2139 3056 Paulatim
2172 3001 2252 3057 ad

583 3086 940 3155 dogmatum
967 3087 1378 3143 celsitudinem
1399 3089 1852 3160 provehitur.Ab
1883 3090 2245 3162 aquarenim,

2363 589 2688 664 περιϐόητον,
2741 592 2824 642 ἶνα
2872 596 2960 642 καὶ
3000 587 3130 664 δύνῃ
3181 586 3363 642 δοῦναι
3407 597 3689 665 κρεῖττον
3729 585 3993 662 ὗδοιρ;Τὸ

2367 677 2444 748 ὁὶ,
2481 685 2579 733 Καὶ
2613 680 2762 741 αὐτὸς
2796 679 2850 742 ἐξ
2878 680 3037 732 αὐτοῦ
3069 683 3196 746 ἔπιε,
3225 684 3314 732 καὶ
3344 682 3392 732 οἱ
3422 681 3550 731 υἱοὶ
3588 679 3800 745 αὑτοῦ,
3846 685 3928 729 καὶ
3949 685 3993 730 τά

2365 771 2635 844 θρέμματα
2685 769 2863 835 αὐτού,
2898 773 3028 843 πρὸς
3069 771 3274 821 ἔπαινον
3324 776 3415 820 τοῦ
3464 770 3757 821 τοιούτου
3809 773 3994 841 φρέατος

2363 861 2583 933 εἴρηται9
2610 861 2689 911 ὅτι
2720 859 2805 911 ἐὰν
2831 856 2970 931 εἶχεν
2992 859 3160 931 ἕτερον
3185 866 3436 931 κρεῖττον,
3471 858 3588 910 οὐκ
3639 859 3713 909 οἶδ
3749 856 3809 908 ἐκ
3835 861 3988 908 τοὺτει

2363 950 2470 999 ἔπιε
2499 952 2727 1000 πανοικὶ.
2757 951 2956 1002 Λοιπὸν
2982 944 3091 1016 οὖν,
3117 947 3162 999 εἰ
3184 951 3248 1000 σύ
3281 943 3462 999 δύναιο
3507 943 3732 999 δοῦναι
3764 955 3990 1021 κρεῖττον,

2363 1037 2554 1110 μείζων
2593 1034 2641 1090 εἶ
2673 1044 2765 1090 τοῦ
2792 1036 2999 1092 Ἰακώϐ.

2432 1126 2488 1180 Ἠ
2521 1129 2610 1199 μὶν
2663 1123 2751 1179 οὖν
2801 1134 3104 1201 Σαμαρεῖτις
3152 1127 3284 1185 αὕτη
3324 1135 3635 1200 προσηνῶς
3703 1125 3856 1196 αύτῷ
3904 1145 3993 1198 περι

2361 1223 2453 1269 τοὺ
2526 1215 2713 1268 Ἰακὼϐ
2791 1213 3108 1288 διαλέγεται,
3193 1221 3283 1268 καὶ
3353 1219 3698 1288 παραμένει,
3780 1217 3991 1268 ποθοῦσα

2363 1308 2524 1380 εὑρεῖν
2559 1309 2617 1357 τό
2659 1307 3004 1378 ζητούμενον
3061 1308 3111 1358 οἱ
3163 1302 3224 1358 δὲ
3278 1302 3543 1358 Ἰουδαῖοι
3613 1310 3721 1357 καὶ
3787 1305 3989 1363 λιθάζετι

3193 1221 3283 1268 καὶ
3353 1219 3698 1288 παραμένει,

2364 1396 2516 1447 αὐτόν
2566 1394 2936 1470 ἐπεχείρησαν,
2992 1398 3074 1447 ὅτε
3139 1403 3230 1447 τοῦ
3301 1393 3556 1468 Ἀϐραὰμ
3626 1393 3982 1468 ἐμνημόνευσε.

2364 1493 2482 1546 Πῶς
2525 1483 2613 1538 οὖν
2666 1485 2797 1546 εἰκὸς
2847 1482 2909 1543 ἦν
2965 1484 3367 1557 ἀποστραφῆναι
3427 1488 3714 1542 τοιαύτην
3791 1491 3988 1556 γυναῖκα

2366 1572 2661 1628 σπουδαίαν
2751 1579 2840 1627 καὶ
2919 1573 3174 1646 φιλομαθῆ
3262 1579 3353 1626 καὶ
3442 1573 3812 1647 γλιχομένην
3888 1573 3984 1642 ὠφε-

2363 1664 2424 1723 λη
2434 1667 2610 1724 θῆναι.

2436 1756 2718 1827 Ἀπεκρίθη
2754 1785 2822 1795 -
2853 1754 3024 1807 πάλιν.
3061 1753 3224 1824 Δίψαν
3251 1750 3464 1815 ὕδατος.

2433 1843 2524 1905 ’⁷ος
2555 1875 2622 1884 -
2654 1843 2834 1898 αἰῶνα.
2868 1843 2944 1896 0'3
2971 1847 3042 1916 μὴ
3077 1840 3286 1916 διψήσῃ
3319 1845 3459 1907 ποτε,
3513 1847 3626 1900 τὴν
3665 1841 3725 1904 ἐξ
3758 1840 3982 1896 ἀπιστίας

2367 1931 2552 2004 δίψαν.

2437 2022 2592 2075 Ἀλλὰ
2641 2053 2709 2064 -
2736 2019 2950 2084 ὕδατος.
2985 2023 3079 2075 Διὰ
3115 2029 3211 2083 τῆς
3276 2029 3453 2092 πηγῆς
3511 2024 3579 2073 τὸ
3651 2019 3861 2072 ἆένναον
3905 2022 3974 2067 καὶ

2367 2111 2621 2173 ἀνελλιπὲς
2645 2119 2736 2165 τοῦ
2766 2114 3005 2164 τοιούτου
3037 2107 3230 2172 ὕδατος
3263 2108 3516 2182 ἐνέφηνεν.

2437 2201 2739 2273 Ἀλλομένου
2810 2231 2876 2244 --
2945 2200 3171 2254 αἰώνιον.
3234 2197 3659 2260 Ἀναϐλύζοντος
3723 2199 3837 2267 (64)
3894 2192 3966 2246 διὰ

2367 2290 2500 2350 ζωὴν
2567 2289 2791 2353 αἰώνιον,
2839 2289 2911 2350 εἰς
2958 2291 3018 2340 τὸ
3059 2291 3309 2361 παρέχειν
3364 2286 3507 2347 ζωὴν
3565 2286 3806 2338 αἰώνιον.
3857 2282 3966 2355 ’ροα

2367 2375 2426 2432 δε
2468 2387 2573 2439 πῶς
2631 2378 2896 2451 εἰρηκυίας
2939 2386 3030 2437 τῆς
3083 2380 3346 2448 γυναικός,
3406 2379 3493 2434 Μὴ
3548 2379 3623 2428 σὺ
3698 2375 3879 2447 μείζων
3926 2368 3958 2421 εἰ

2365 2477 2456 2521 τοῦ
2531 2474 2727 2543 πατρὸς
2791 2469 2936 2539 ἡμῶν
2991 2465 3200 2532 Ἰακὼϐ,
3279 2465 3374 2518 οὐκ
3432 2461 3552 2518 εἶπε
3617 2469 3725 2518 Καὶ
3796 2462 3954 2534 μείζων

2366 2557 2508 2629 εἰμί·
2557 2553 2702 2619 ἔδοξε
2760 2558 2863 2630 γὰρ
2915 2557 2975 2606 ἄν
3024 2557 3348 2628 κομπάζειν·
3399 2553 3484 2625 ἀφ’
3553 2553 3627 2604 ὧν
3679 2549 3741 2604 δε
3789 2553 3942 2620 εἴρηκε,

2364 2655 2516 2699 τοῦτο
2570 2649 2966 2698 κατεσκεύασεν.
3029 2643 3088 2696 ’Π
3161 2639 3388 2716 διαφορὰ
3431 2645 3544 2717 γὰρ
3617 2650 3722 2694 τῶν
3773 2634 3942 2690 ὑδάτων

2364 2739 2457 2792 τὴν
2489 2730 2742 2809 διαφορὰν
2785 2742 2886 2786 τῶν
2915 2737 3252 2809 παρεχόντων
3300 2731 3436 2784 αύτά
3473 2735 3766 2806 κηρύττει·
3795 2729 3929 2791 ἐκείνῳ

2363 2827 2454 2897 μὲν
2473 2826 2574 2900 γὰρ
2605 2832 2677 2894 τῷ
2715 2819 2877 2876 ὕδατι
2904 2825 3060 2896 φύσις
3090 2819 3447 2887 δαπανᾶσθαι,
3479 2825 3666 2892 τούτῳ
3720 2815 3774 2871 δὲ
3798 2814 3927 2884 ττηῂ-

2366 2915 2471 2975 ζειν
2495 2911 2595 2971 ἀεί,

2439 3007 2590 3074 Λέγει
2657 3033 2724 3043 --
2791 3000 3005 3056 ἀντλεῖν.
3070 3003 3214 3054 Κατὰ
3276 3003 3461 3074 μικρὸν
3537 2999 3779 3071 ἀνάγεται
3831 2995 3917 3062 πρὸς

2365 3096 2420 3144 τό
2451 3101 2548 3145 τῶν
2594 3087 2871 3164 δογμάτων
2920 3090 3071 3161 ὕψος.
3107 3090 3235 3141 Ἀπὸ
3297 3098 3390 3151 τῆς
3438 3089 3722 3165 ὑπεροχῆς
3767 3085 3900 3153 755M?

582 3191 769 3248 quam
840 3176 1062 3242 tribuit,
1122 3179 1488 3248 prastantia,
1534 3177 1695 3235 hunc
1744 3195 1875 3234 esse
1964 3180 2244 3250 majorem

2366 3178 2588 3234 δίδωσιν
2650 3177 2863 3247 ὕδατος,
2924 3181 3137 3252 μείζονα
3192 3186 3371 3230 τοῦτον
3422 3186 3518 3230 τοῦ
3611 3173 3771 3232 Ἰακὼϐ
3806 3183 3890 3219 tot!

2474 3274 2483 3278 -
2800 3274 2808 3278 -
2869 3271 2887 3278 ..
3035 3273 3042 3278 .
3143 3268 3154 3278 υ
3203 3272 3212 3278 .
3403 3271 3413 3278 .
3618 3264 3683 3278 ..σε
3793 3252 3877 3278 \-}__

580 3263 768 3320 Jacob
789 3264 990 3332 credit,
1010 3265 1294 3338 quodque
1314 3265 1742 3322 excellentioris
1767 3275 1994 3323 natura:
2021 3283 2244 3340 aquam

579 3353 816 3417 tribuat,
842 3353 1150 3424 intelligit:
1178 3355 1447 3411 nondum
1474 3362 1675 3411 autem
1698 3356 1956 3428 perfecte
1990 3372 2242 3426 cognos-

577 3441 675 3508 cit,
707 3448 810 3498 aut
838 3444 974 3515 quis
1003 3442 1096 3508 sit,
1129 3443 1233 3516 qui
1258 3442 1415 3500 hanc
1444 3443 1646 3514 donet,
1679 3451 1783 3501 aut
1827 3446 1974 3518 quid
2015 3446 2115 3501 illa
2169 3448 2244 3502 sit

576 3546 754 3603 aqua,
786 3531 1442 3605 percipit;suspicatur
1473 3537 1673 3590 tamen
1722 3534 1784 3590 id
1830 3535 1992 3608 quod
2040 3535 2238 3603 datur,

572 3620 689 3677 tale
729 3621 1044 3694 quippiam
1104 3638 1254 3686 esse,
1308 3622 1473 3695 quod
1506 3624 1665 3679 sitim
1695 3623 1850 3680 hanc
1897 3623 2240 3680 sensibilem

571 3709 848 3781 perimat.
908 3713 1034 3766 Non
1091 3715 1178 3766 est
1230 3727 1370 3782 ergo
1419 3711 1562 3767 levis
1596 3712 1727 3768 haec
1771 3712 2001 3779 mulier,
2047 3729 2240 3785 neque

570 3799 730 3854 enim
791 3804 1093 3872 utcunque
1124 3801 1387 3873 suscepit
1435 3817 1509 3857 ea
1536 3819 1673 3874 quae
1729 3802 2103 3868 dicebantur,
2138 3804 2239 3858 sed

567 3893 706 3960 post
725 3887 970 3959 longam
989 3889 1544 3961 interrogationem;
1574 3907 1768 3964 neque
1791 3908 2030 3948 rursum
2053 3893 2240 3948 incre-

567 3976 713 4032 dula
733 3993 804 4033 ac
835 3979 1228 4035 contentiosa.
1248 3982 1392 4034 Nam
1423 3995 1562 4034 cum
1594 3981 1884 4052 majorem
1907 3997 2045 4037 eum
2077 3982 2239 4038 inve-

566 4065 774 4132 nisset,
815 4082 1006 4138 quam
1033 4067 1218 4122 Jacob
1251 4083 1394 4132 ,non
1425 4071 1757 4139 permansit
1786 4070 1849 4124 in
1877 4076 2238 4142 praesumpta

567 4154 872 4225 opinione.
921 4155 1097 4225 Atqui
1125 4155 1344 4211 Judaeis
1388 4156 1540 4212 dixit
1580 4157 1838 4214 Christus
1880 4175 1892 4213 :
1933 4159 2042 4224 Qui
2083 4160 2236 4217 venit

567 4242 639 4298 ad
676 4258 786 4313 me,
819 4260 938 4299 non
961 4246 1171 4300 esuriet
1201 4253 1280 4302 :et
1307 4248 1410 4318 qui
1432 4247 1622 4304 credit
1641 4249 1698 4303 in
1719 4265 1828 4315 me,
1854 4265 1972 4305 non
1987 4249 2140 4306 sitiet
2170 4250 2235 4306 in

570 4338 854 4389 aeternum
877 4333 924 4368 ⁵⁵
951 4349 964 4399 ;
998 4331 1078 4388 illi
1108 4339 1306 4390 autem
1335 4351 1454 4391 non
1474 4336 1669 4393 solum
1687 4353 1811 4394 non
1832 4337 2233 4403 crediderunt,

569 4420 678 4477 sed
707 4425 764 4477 et
801 4420 1233 4478 oﬁendiculum
1257 4440 1328 4480 ex
1357 4435 1428 4480 eo
1459 4426 1626 4495 passi
1654 4431 1808 4483 sunt.

638 4511 808 4568 Vers.
856 4513 940 4566 l6.
984 4510 1148 4568 Dixit
1181 4543 1251 4554 —
1279 4514 1418 4570 huc.
1476 4516 1621 4570 Cum
1651 4515 1896 4571 instaret
1945 4520 2000 4572 et
2025 4532 2230 4589 appre-

566 4601 831 4657 hendere
858 4600 1047 4668 vellet,
1077 4603 1158 4658 ait
1191 4621 1202 4658 :
1234 4603 1368 4674 Abi,
1406 4620 1546 4661 voca
1575 4605 1771 4660 virum
1805 4613 1966 4662 tuum
2006 4613 2057 4663 et
2099 4609 2234 4663 veni

569 4690 700 4758 huc,
731 4690 1048 4756 simulans,
1071 4692 1232 4764 quod
1253 4693 1434 4749 etiam
1451 4693 1616 4749 illum
1642 4710 1777 4750 cum
1799 4711 1869 4750 ea
1896 4698 2231 4752 communi-

569 4795 702 4835 care
731 4783 1031 4852 oporteret
1058 4780 1114 4836 in
1157 4781 1338 4838 dono.
1389 4783 1564 4855 Atqui
1595 4789 1844 4839 noverat
1873 4801 2006 4840 eam
2041 4786 2230 4843 virum

567 4867 898 4940 legitimum
913 4885 1034 4924 non
1047 4869 1500 4943 habere,utpote
1516 4873 1720 4929 omnia
1734 4875 2014 4941 sciens;id
2032 4881 2226 4932 tamen

567 4957 809 5014 volebat
853 4960 1048 5030 ipsam
1107 4959 1322 5026 dicere,
1358 4966 1420 5017 ut
1458 4963 1835 5035 apprehensa
1887 4963 2226 5029 occasione,

568 5061 705 5119 quae
735 5048 891 5104 circa
915 5063 1050 5104 eam
1081 5047 1443 5120 acciderant,
1473 5051 1876 5124 prophetaret,
1911 5052 2230 5127 ipsamque

647 5227 694 5263 ⁸⁵
734 5229 904 5286 toan.
944 5241 1024 5294 vn,
1049 5229 1140 5285 35.

2357 3274 2690 3340 πεπίστευκε,
2728 3274 2818 3322 καὶ
2862 3271 2942 3321 ὅτι
2994 3273 3083 3340 μὲν
3134 3268 3311 3341 ἐτέρας
3353 3271 3564 3339 φύσεως
3610 3264 3746 3338 ὕδωρ
3789 3252 3894 3310 διδω-

2358 3379 2439 3412 σιν
2483 3358 2800 3432 ὑψηλοτέρας
2851 3358 3054 3416 ἐνόησεν
3081 3376 3091 3386 ·
3141 3360 3285 3409 οὔπω
3339 3353 3400 3409 δε
3445 3360 3502 3408 τὸ
3566 3357 3743 3410 τέλειον
3785 3351 3901 3416 ἓγιω·

2354 3452 2470 3501 οὔτε
2511 3452 2611 3522 γὰρ
2660 3453 2736 3508 τίς
2789 3446 2929 3499 ἐστιν
2983 3448 3010 3499 ό
3043 3454 3195 3498 τοῦτο
3251 3441 3462 3512 διδοὺς,
3519 3448 3668 3509 οὔτε,
3717 3445 3762 3492 τί
3806 3435 3910 3487 ἐστιν

2351 3545 2524 3603 τοῦτο,
2578 3535 2873 3590 κατέλαϐεν.
2919 3533 3161 3589 ’Υπέλαϐε
3215 3531 3274 3587 δε
3311 3537 3366 3587 τό
3422 3530 3703 3607 διδόμενον
3757 3525 3910 3592 ἀναιρε-

2351 3629 2494 3679 τικὸν
2539 3627 2824 3698 τυγχάνειν
2883 3628 3072 3684 ταύτης
3129 3631 3224 3685 τῆς
3297 3619 3461 3694 δίψης
3513 3632 3615 3683 τῆς
3685 3617 3909 3698 αἰσθητῆς.

2352 3719 2484 3768 Οὔτε
2514 3712 2600 3767 οὖν
2642 3714 2845 3777 εὔκολος
2904 3716 2933 3772 ἡ
2966 3717 3097 3784 γυνὴ
3152 3713 3318 3770 αὖτη’
3375 3712 3434 3764 ού
3490 3715 3597 3783 γὰρ
3652 3706 3802 3762 ἁπλῶς
3826 3695 3909 3750 ἐδέ-

2351 3805 2474 3867 ξατο
2519 3806 2586 3856 τὰ
2630 3803 2898 3876 λεγόμενα,
2959 3800 3088 3854 ἀλλὰ
3143 3803 3275 3874 μετὰ
3320 3800 3515 3862 πολλῆς
3574 3799 3907 3861 cuiatem-'6'

2350 3897 2462 3946 οὔτε
2529 3892 2748 3954 ἀπειθὴς
2812 3896 2903 3944 καὶ
2968 3891 3283 3962 φιλόνεικος·
3379 3891 3612 3963 εὑροῦσα
3678 3887 3767 3957 γὰρ
3837 3877 3904 3926 τὸν

2348 3987 2564 4056 μείζονα
2612 3990 2704 4034 τοὺ
2765 3978 2970 4045 Ἰακὼϐ,
3046 3979 3140 4032 οὐκ
3189 3979 3478 4051 ἐναπερεινε
3556 3986 3616 4051 τῇ
3676 3965 3900 4046 προλήψει·

2353 4077 2536 4124 Καίτοι
2565 4076 2654 4124 καὶ
2684 4067 2964 4130 Ἰουδαίοις
3006 4065 3164 4134 εἶπεν,
3196 4070 3278 4120 ὃτι
3322 4067 3380 4120 Ὀ
3406 4067 3680 4141 ἐρχόμενος
3724 4059 3830 4131 πρὸς
3849 4068 3896 4122 με

2349 4161 2406 4214 οὗ
2439 4165 2509 4233 μὴ
2543 4162 2764 4233 πεινάσῃ
2793 4177 2805 4189 ·
2839 4163 2930 4212 καὶ
2959 4160 2986 4210 ὁ
3025 4160 3284 4211 πιστεύων
3311 4157 3379 4218 εἰς
3401 4155 3490 4228 ἐμὲ
3516 4157 3578 4209 ού
3618 4158 3683 4226 μὴ
3729 4144 3891 4233 δι’ίέσξ

2346 4256 2554 4304 πώποτε
2581 4266 2595 4281 θ
2653 4248 2761 4302 ἀλλ’
2810 4248 2868 4301 ού
2921 4252 3075 4321 μόνον
3129 4246 3223 4300 ούκ
3287 4245 3618 4308 ἑπιστευσαν,
3677 4237 3782 4291 ἀλλὰ
3818 4247 3886 4282 καί

2348 4335 2868 4398 ἐσκανδαλίσθησαν,

2425 4522 2578 4590 Λέγει
2641 4547 2710 4556 —-
2770 4511 2974 4570 ἐνθάδε.
3033 4515 3360 4586 Ἐγκειμένης
3413 4518 3500 4565 καὶ
3545 4509 3765 4572 ζητούσης
3807 4511 3873 4591 ἀς

2347 4605 2472 4673 ϐεῖν,
2536 4607 2692 4678 λέγεῖο
2748 4604 2963 4677 Ὕπαγε,
3037 4603 3250 4656 κάλεσον
3301 4607 3388 4654 τὸν
3442 4599 3602 4673 ἄνδρα
3655 4611 3741 4650 σου»
3792 4597 3862 4629 καί

2347 4695 2458 4749 ἄλθε
2490 4693 2694 4767 ἐνθάδε,
2749 4697 3196 4769 προσποιούμενος
3225 4695 3304 4745 ὅτι
3324 4697 3437 4767 χρὴ
3491 4690 3679 4742 κάκεῖνον
3719 4685 3852 4774 to?"

2680 4752 2694 4767 ,
2789 4752 2798 4769 .
3046 4752 3058 4767 .
3181 4752 3191 4754 -
3324 4752 3378 4767 ιν.
3731 4761 3746 4774 .

2343 4794 2506 4844 νῆσαι
2530 4787 2694 4859 ταύτῃ
2739 4791 2832 4838 τοῦ
2863 4780 3059 4858 δώρου.
3105 4788 3206 4837 Καὶ
3235 4784 3315 4835 ὅτι
3354 4785 3446 4854 μεν
3487 4778 3570 4832 οὐκ
3610 4752 3856 4864 ἔχεξῃαξῗρθξ

2342 4880 2562 4949 νόμιμον
2651 4873 2950 4948 ἐγίνωσκεν,
3061 4874 3126 4934 ὡς
3225 4873 3399 4925 πάντα
3484 4865 3622 4926 εἰδώς
3683 4853 3863 4949 istum?

2343 4961 2404 5018 δε
2458 4968 2654 5024 ταύτην
2713 4965 2868 5018 εἰπεῖν
2922 4964 3005 5015 ὅτι
3050 4961 3144 5016 οὐκ
3200 4963 3315 5034 ἔχει
3368 4955 3560 5034 ἄνδρα,
3612 4943 3870 5040 MANV?

2341 5055 2656 5130 προφάσεως
2710 5049 3054 5128 δραξάμενος,
3105 5052 3439 5125 «paen-mam?
3490 5050 3560 5100 τὰ
3613 5035 3710 5096 κατ’
3752 5035 3875 5083 αὐτὴν

1800 5355 2029 5426 Variae
2056 5356 2380 5427 lectiones
2420 5366 2486 5426 et
2522 5365 2730 5428 notae.

643 5545 760 5616 (64)
797 5545 1237 5617 Praepositiones
1275 5550 1348 5612 εἰς
1400 5555 1458 5607 et
1510 5548 1605 5605 διὰ
1657 5553 1778 5610 suis
1833 5553 1978 5611 locis
2034 5559 2230 5612 motas

575 5617 846 5674 arbitror.
882 5617 978 5669 Διά
1029 5624 1185 5674 certe
1237 5621 1329 5677 his
1359 5622 1561 5678 locum
1602 5625 1700 5710 vix
1739 5625 1956 5682 habere
2019 5631 2228 5699 potest,

2343 5557 2512 5612 Forte
2564 5553 2885 5612 Hentenius
2931 5554 3201 5614 invenit:
3251 5550 3634 5612 Δναϐλύζοντος
3666 5541 3728 5600 εἰς
3775 5529 3885 5594 ζωὴν

2341 5626 2550 5680 αἰώνιον
2580 5623 2675 5680 διὰ
2697 5632 2756 5680 τὸ
2782 5631 3054 5703 παρέχειν.

648 5793 764 5866 (gg)
790 5791 1359 5866 Loquiperseverat.
1389 5797 1742 5857 humaniter
1793 5801 2155 5875 colloquitur
2172 5808 2229 5862 et
2259 5808 2570 5878 permanet
