4120 6310
190 350 358 419 1193

1250 304 1627 414 COMMENT.
1681 356 1753 417 IN
1790 354 2141 420 JOANNEM.
2170 395 2237 406 -
2266 365 2417 422 CAP.
2452 366 2540 422 1v.

3453 364 3593 430 “94

183 492 295 541 καὶ
334 484 376 541 δ
384 488 704 561 ιορθώσηται
756 490 967 547 ταύτην.
1003 486 1148 541 Θελει
1204 477 1308 554 γὰρ
1348 472 1443 521 τῶν
1481 481 1822 560 προρῥήσιων

1940 490 2266 561 corrigeret.
2285 491 2420 546 Vult
2442 491 2601 547 enim
2628 490 3044 550 vaticiniorum
3072 508 3143 550 ac
3164 494 3590 554 miraculorum

185 583 297 630 καὶ
338 586 447 629 τῶν
480 579 755 650 θαυμάτων
798 580 891 641 τὰς
916 579 1149 650 ἀφορμὰς
1172 569 1297 647 παρ’
1338 561 1502 621 αὐτῶν
1544 571 1823 649 λαμϐάνειν

184 676 305 720 τῶν
344 671 689 742 προσιόντων,
719 670 853 719 ὥστε
877 671 965 718 καὶ
1009 671 1102 724 τήν
1141 672 1233 717 τοῦ
1263 655 1549 724 κενοδοξεῖν
1580 668 1823 720 ὑπόνοιαν

189 753 544 827 διαφεύγειν,
568 759 658 807 καὶ
690 756 1012 808 οἰκειοῦσθαι
1041 754 1231 827 μᾶλλον
1262 752 1470 815 αὐτούς.
1509 758 1577 807 Τὸ
1603 760 1693 829 μεν
1721 761 1820 831 γὰρ

187 844 380 897 εἰπεῖν
426 849 828 918 προηγουμένως
877 847 956 896 ὅτι
1002 843 1309 916 Πολύγαμος
1329 848 1562 915 γέγονας,
1607 852 1697 897 καὶ
1735 853 1821 897 νῦν

187 935 364 1005 ἔχεις
400 930 573 1008 ἄνδρα
622 935 941 1008 παράνομον,
973 935 1188 1007 ἄκαιρον
1219 930 1394 985 ἐδόκει
1444 938 1533 986 καὶ
1560 941 1817 1007 περιττόνο

185 1027 257 1076 τὸ
300 1021 372 1076 δὲ
402 1025 525 1097 παρ’
553 1023 711 1083 αὐτῆς
740 1023 965 1075 λαϐόντα
991 1028 1083 1081 την
1125 1023 1295 1075 αἰτίαν
1352 1020 1559 1097 σφόδρα
1586 1026 1821 1099 εὔκαιρον

187 1117 299 1165 καὶ
341 1110 646 1166 ἀκόλουθον.

276 1203 575 1276 Ἀπεκρίθη
610 1232 677 1242 -—
709 1197 899 1276 ἄνδρα.
934 1201 1155 1273 Οἰομένη
1185 1204 1310 1276 πρός
1348 1202 1615 1274 ἄνθρωπον
1647 1201 1820 1264 ἁπλως

191 1288 586 1363 διαλέγεσθαι,
611 1290 923 1364 ἐπεχείρησε
946 1290 1137 1359 λαθεῖν,
1170 1295 1480 1363 κρύπτουσα
1512 1294 1569 1343 τό
1592 1291 1819 1367 αἰσχρόν

187 1388 300 1435 τοῦ
332 1382 658 1455 πράγματος.

280 1473 450 1541 Λέγει
508 1502 577 1509 -
632 1469 862 1543 εῖρηκας.
918 1467 1204 1542 Ἀψάμενος
1264 1471 1521 1543 ἀφορμῆς,
1579 1472 1645 1532 ὡς
1686 1473 1821 1544 εἴρη-

189 1579 318 1625 ται,
359 1561 678 1632 προφητεύει
721 1563 809 1611 καὶ
842 1556 1104 1631 διελέγχει
1149 1560 1365 1628 ταύτην,
1407 1558 1635 1631 ἀκριϐῶς
1689 1561 1822 1630 ἄγαν

194 1652 335 1711 τούς
422 1667 477 1700 τε
553 1652 798 1720 φανερούς
873 1653 963 1699 καὶ
1059 1652 1313 1720 νόμίμους
1389 1645 1582 1721 ἄνδρας
1659 1649 1823 1711 αὐτῆς

196 1739 482 1809 ἀριθμῶν,
531 1741 737 1788 καὶτὸν
796 1744 882 1787 νῦν
911 1736 1156 1811 λαθραῖον
1208 1741 1297 1787 καὶ
1350 1740 1646 1811 παράνομον
1698 1737 1821 1790 ἀπο-

1934 579 2277 635 occasiones
2308 580 2386 635 ab
2415 580 2508 635 his
2538 597 2673 652 quin
2707 582 3080 655 contingunt,
3114 584 3403 656 accipere,
3440 592 3504 643 ut
3534 592 3591 644 et

1931 683 2105 723 vanae
2132 669 2332 738 glorise
2358 669 2759 741 suspicionem
2791 672 3021 737 devitet,
3054 680 3109 728 et
3136 689 3237 730 eos
3278 674 3391 731 sibi
3422 675 3591 734 fami-

1930 754 2199 812 liariores
2228 757 2457 813 reddat.
2497 758 2799 831 Siquidem
2833 760 2949 816 alio
2982 762 3164 817 modo
3203 761 3424 820 dicere:
3460 766 3591 822 Fre-

1931 850 2178 916 quenter
2207 852 2393 917 nupta
2424 846 2604 916 fuisti,
2633 854 2688 903 et
2726 863 2886 904 nunc
2916 850 3045 905 viro
3070 850 3281 921 juncta
3314 868 3376 908 es
3408 854 3590 925 illegi-

1933 935 2098 1002 timo,
2123 935 2607 1007 intempestivum
2634 936 2954 993 videbatur
2971 944 3149 1010 atque
3173 940 3545 1013 superﬂuum
3574 966 3586 998 :

1930 1029 2175 1095 accepta
2206 1041 2346 1080 vero
2374 1024 2451 1081 ab
2484 1042 2551 1081 ea
2575 1041 2780 1092 causa,
2809 1030 3227 1100 tempestivum
3255 1038 3381 1087 erat
3408 1038 3588 1104 atque

1931 1128 2325 1185 consequens.

2001 1203 2162 1258 Vers.
2190 1207 2270 1257 17.
2306 1204 2622 1272 Respondit
2649 1236 2716 1244 -
2741 1205 2956 1262 virum.
2991 1209 3210 1263 Putans
3237 1208 3587 1282 simpliciter

1931 1307 2068 1346 cum
2091 1290 2332 1346 homine
2354 1291 2538 1364 loqui,
2564 1294 2850 1351 occultata
2871 1296 2954 1351 rei
2976 1296 3364 1368 turpitudine,
3384 1297 3587 1357 fallere

1932 1395 2066 1435 eum
2109 1380 2464 1435 conabatur.

2003 1469 2157 1522 Vers.
2198 1472 2279 1521 17.
2314 1468 2715 1537 Respondit—
2735 1470 2898 1525 Vers.
2936 1474 3018 1526 18.
3050 1471 3273 1529 dixisti.
3306 1476 3583 1546 Accepta,

1935 1556 2235 1612 utdictum
2266 1563 2370 1622 est,
2396 1558 2709 1613 occasione
2730 1560 3061 1630 pr0phetat,
3083 1577 3339 1634 eamque
3365 1565 3582 1633 arguit,

1934 1646 2307 1700 adamussim
2344 1647 2592 1701 omnino
2632 1647 2977 1704 manifestos
3018 1666 3087 1705 ac
3124 1649 3421 1719 legitimos
3453 1654 3584 1723 ejus

1931 1734 2088 1789 viros
2119 1750 2501 1800 enumerans,
2544 1740 2599 1790 et
2629 1752 2785 1802 eum,
2819 1738 2922 1808 qui
2966 1754 3126 1793 nunc
3164 1740 3431 1795 occultus
3461 1746 3588 1798 erat

199 1826 518 1878 καλύπτων.
586 1830 738 1878 Πέντε
805 1828 892 1897 μὲν
970 1828 1070 1897 γὰρ
1145 1822 1343 1899 ἄνδρας
1416 1828 1543 1897 ἔσχε
1602 1836 1821 1901 φανερῶς

1940 1840 2001 1878 ac
2033 1823 2374 1892 illegitimus
2405 1824 2814 1879 manifestans.
2848 1828 2995 1881 Nam
3017 1828 3284 1899 quinque
3310 1830 3464 1884 viros
3482 1845 3585 1901 pa-

198 1918 353 1966 κατά
391 1910 660 1985 διαδοχήν
686 1933 698 1945 ·
732 1920 882 1965 τοῦτο
904 1917 1004 1987 γάρ
1039 1912 1294 1965 ἀκώλυτον
1333 1910 1393 1971 ἦν
1437 1933 1449 1945 ·
1470 1922 1560 1965 τοῦ
1587 1920 1821 1987 πέμπτου

202 2001 270 2057 δὲ
330 2003 761 2068 τελευτησαντος,
813 2004 906 2056 οὐκ
961 2003 1035 2054 ἔτι
1086 2002 1262 2054 λοιπόν
1310 1998 1483 2063 οὐδεὶς
1544 2004 1699 2061 αὐτην
1732 2024 1824 2076 φα-

198 2101 376 2166 νερῶς
423 2092 491 2154 είς
521 2100 746 2164 γυναῖκα
800 2090 972 2143 λαϐεῖν
1021 2091 1287 2151 ἠθέλησεν.
1337 2092 1478 2148 Αὕτη
1534 2089 1591 2144 δὲ
1634 2097 1704 2164 μὴ
1741 2097 1820 2165 φέο

194 2201 394 2256 ρουσοι
440 2186 532 2239 τὴν
573 2180 869 2254 ἐπιθυμίαν,
924 2180 1168 2253 λαθραῖον
1194 2177 1308 2252 εἶχε
1336 2184 1419 2233 τὸν
1460 2180 1587 2252 αὐτῇ
1638 2200 1823 2251 συγγι-

190 2276 449 2342 νόμενόν,
478 2273 544 2322 Οἱ
591 2273 738 2322 πέντε
767 2273 857 2343 μὲν
906 2266 992 2321 οὖν
1024 2266 1205 2343 ἄνδρες
1250 2266 1409 2329 αύτῆς
1452 2266 1605 2335 ἦσαν,
1640 2266 1735 2322 διὰ
1762 2273 1820 2321 τὸ

190 2363 436 2433 φανερόν
471 2376 483 2389 ”
509 2360 534 2411 ὁ
568 2356 625 2412 δὲ
651 2364 765 2412 τότε
793 2362 1104 2432 μιγνύμενος
1142 2360 1235 2411 οὐκ
1261 2355 1321 2417 ἦν
1354 2358 1479 2432 ἀνὴρ
1514 2362 1695 2429 αὐτῆς,
1729 2355 1822 2411 διὰ

190 2453 255 2502 τό
286 2448 577 2521 λαθραῖον.

277 2539 420 2610 [Ἰού
480 2536 592 2609 (65)
657 2536 809 2608 ἁγίου
860 2536 1102 2609 Μαξίμου
1137 2555 1149 2569 ⁸

198 2629 297 2682 λου
365 2632 458 2685 τὴν
512 2625 836 2700 ἀνθρωπίνην
894 2629 1046 2698 φύσιν
1099 2624 1361 2676 λαϐοῦσαν
1408 2629 1556 2677 πέντε
1613 2629 1819 2697 νόμους,

1181 2535 1239 2588 Ὁ
1275 2542 1581 2608 Σαμαρεῖτις
1619 2532 1819 2594 ὑπεδή-

208 2720 278 2778 ὡς
347 2713 564 2787 ἄνδρας,
622 2720 707 2766 τόν
760 2735 814 2767 τε
870 2713 917 2766 ἐν
974 2722 1045 2785 τῷ
1099 2710 1407 2785 παραδείσῳ
1485 2710 1701 2765 δοθέντα
1748 2721 1820 2784 τῷ

213 2803 421 2876 Ἀδὰμ,
449 2808 538 2855 καὶ
566 2807 649 2856 τὸν
678 2803 820 2866 ἐκτός
866 2811 957 2855 τοῦ
1013 2800 1338 2877 παραδείσου
1390 2809 1463 2872 τῷ
1499 2801 1638 2872 αὐτῷ
1668 2801 1820 2853 πάλιν

220 2893 466 2961 δοθέντα,
516 2897 606 2945 καὶ
688 2896 774 2944 τόν
851 2900 942 2944 τοῦ
995 2891 1106 2963 (66)
1156 2899 1269 2945 Νῶε
1328 2894 1462 2942 κατά
1518 2894 1604 2942 τόν
1657 2911 1821 2942 κατα-

221 2983 479 3052 κλυσμόν,
524 2986 613 3033 καὶ
668 2984 753 3034 τόν
805 2989 876 3051 τῷ
915 2980 1155 3053 Ἀϐραὰμ
1198 2984 1316 3052 περὶ
1374 2987 1463 3040 τῆς
1518 2989 1818 3054 περιτομῆς,

221 3074 316 3121 καὶ
367 3073 453 3121 τὸν
507 3078 577 3139 τῷ
626 3070 764 3140 αὐτῷ
790 3070 941 3122 πάλιν
992 3075 1108 3142 περὶ
1165 3077 1256 3129 τῆς
1310 3072 1445 3120 κατά
1499 3073 1583 3121 τόν
1641 3070 1822 3123 ἰσαάκ

227 3160 455 3219 θυσίας’
487 3156 595 3210 ἀλλ’
660 3158 804 3210 οὖτοι
860 3162 948 3230 μὲν
1002 3160 1051 3209 οἱ
1102 3161 1249 3211 πέντε
1284 3158 1549 3228 παρῆλθον
1577 3164 1666 3211 καὶ
1717 3160 1820 3211 οἷον

226 3248 339 3319 (67)
397 3246 811 3306 ἀποτεθνήκεσαν
872 3265 883 3277 ⁸
937 3244 1048 3319 εἶχε
1107 3242 1165 3299 δε
1227 3251 1340 3299 τότε
1396 3250 1481 3299 τὸν
1520 3253 1818 3300 Μωσαῑκόν·

228 3336 340 3389 Οὔκ
368 3334 427 3395 ἦν
469 3334 527 3389 δὲ
549 3337 693 3396 οὗτος
724 3336 837 3407 (68)
880 3334 1006 3409 ἀνὴρ
1040 3336 1216 3406 αὐτῆς,
1270 3336 1298 3394 ἢ
1335 3337 1414 3387 ὅτι
1453 3336 1509 3387 ού
1562 3337 1679 3389 καθ’
1711 3336 1827 3389 ὁλό-

225 3424 416 3497 κληρον
480 3425 750 3499 ἐστέργετό
799 3443 850 3476 τι
889 3429 977 3475 καὶ
1038 3422 1375 3494 ἐφυλάσσετο,
1424 3425 1451 3482 ἣ
1514 3426 1592 3476 ὅτι
1645 3424 1702 3476 ού
1734 3422 1826 3477 διὰ

227 3518 436 3579 παντὸς,
493 3514 623 3566 άλλά
682 3517 847 3589 μέχρι
899 3521 991 3573 τῆς
1053 3520 1145 3563 τοῦ
1216 3520 1453 3585 Σωτῆρος
1520 3510 1820 3584 ἐπιδημίας,

229 3598 385 3660 ἐδόθη
433 3612 495 3675 τῇ
557 3605 692 3654 κατά
746 3606 862 3662 τοὺς
893 3598 1181 3661 Ἰουδαίους
1207 3605 1357 3673 φύσει
1394 3610 1490 3654 τῶν
1519 3601 1821 3677 ἀνθρώπων,

227 3690 441 3743 ’Έκτοτε
490 3690 547 3744 δὲ
606 3692 699 3743 οὐκ
743 3688 803 3749 ἦν
859 3690 985 3763 ἀνὴρ
1041 3692 1213 3750 αὐτῆς,
1250 3691 1401 3743 εὓλου
1445 3695 1638 3749 ταύτην
1666 3691 1823 3765 ἀρμο-

230 3778 445 3849 ζομένου
496 3781 681 3851 ἐαυτῷ,
735 3779 867 3851 λέγω
921 3776 1013 3843 δὴ,
1076 3787 1166 3830 τοῦ
1247 3780 1579 3850 εὐαγγελικού
1640 3787 1818 3852 νόμου.

230 3873 391 3944 Φρέαρ
423 3873 512 3942 μὲν
565 3865 652 3922 οὖν
698 3877 788 3920 τού
846 3867 1030 3920 Ἰακὼϐ
1068 3870 1096 3926 ἡ
1129 3871 1242 3919 θεία
1267 3867 1379 3919 ἐστὶ
1415 3874 1587 3940 Γραφή
1632 3886 1643 3897 ·
1677 3866 1821 3943 ὕδωρ

232 3954 291 4009 δὲ
316 3962 498 4011 τούτου
530 3960 559 4017 ἡ
607 3961 796 4017 ταύτης
825 3965 1021 4028 γνῶσις
1050 3974 1062 3985 ⁸
1105 3955 1265 4027 βάθος
1313 3953 1370 4007 δὲ
1428 3961 1485 4008 τό
1540 3956 1700 4029 βάθος
1725 3967 1823 4009 τῶν

230 4050 499 4120 νοημάτων
539 4064 550 4075 ·
591 4046 827 4119 ἄντλημα
859 4043 917 4097 δὲ
949 4047 975 4103 ἡ
1011 4041 1102 4097 διὰ
1156 4053 1252 4096 τῶν
1307 4048 1626 4119 γραμμάτων
1658 4048 1825 4117 μάθη-

235 4156 313 4197 σις
364 4145 455 4189 τού
509 4140 645 4190 θείου
694 4135 846 4207 λόγον
902 4135 964 4193 ἢν
1027 4135 1119 4186 ούκ
1146 4132 1337 4205 εἷχενό
1372 4138 1578 4209 Κύριος,
1610 4138 1676 4197 ὡς
1699 4135 1825 4187 αὐτὸ

228 4233 378 4278 τοῦτο
401 4230 565 4297 Λόγος
613 4230 703 4277 καὶ
736 4224 1044 4295 αύτοσοφία,
1095 4228 1183 4274 καὶ
1231 4223 1289 4274 ού
1336 4228 1422 4281 τὴν
1455 4221 1548 4276 διὰ
1584 4226 1827 4298 γραμμά-

232 4334 327 4365 των
379 4317 608 4386 μάθησιν
665 4310 854 4375 διδους
885 4320 995 4374 τοῖς
1050 4314 1312 4384 μαθηταῖς
1367 4312 1547 4378 αὐτοῦ,
1585 4312 1709 4364 ἀλλά
1734 4318 1827 4372 τὴν

234 4399 324 4455 διὰ
344 4410 695 4476 πνευματικῆς
721 4404 963 4477 χάριτος.
992 4400 1015 4475 ]

306 4498 455 4565 Λέγει
487 4524 553 4534 -
588 4492 791 4546 σύ.ούκ
816 4488 1165 4566 ἐδυσχέρανεν
1188 4489 1497 4562 ἐλεγχθεῖσα
1527 4487 1822 4565 προδηλως,

236 4579 355 4635 οὐδὲ
387 4581 535 4657 ὕϐριν
564 4583 805 4653 ἡγήσατο
853 4584 939 4632 τὸν
971 4580 1204 4652 ἔλεγχον,
1239 4578 1367 4630 ἀλλὰ
1392 4579 1709 4651 ἐκπλαγεῖσα
1734 4584 1825 4638 τὴν

236 4668 610 4747 ἀκριϐεστάτην
648 4675 943 4745 πρόγνωσιν
972 4669 1149 4733 αὐτοῦ,
1179 4674 1485 4727 κατενόησεν
1542 4670 1620 4721 ὅτι
1672 4674 1827 4730 ὄντως

236 4767 502 4835 προφήτης
534 4760 701 4816 ἐστίν,
734 4764 917 4833 Θεωρῶ
946 4760 1069 4831 γὰρ,
1104 4763 1281 4830 φησὶ),
1312 4761 1429 4816 ἤτοι
1450 4762 1683 4831 Συνίημι,
1703 4755 1835 4812 Εἶται

241 4846 385 4901 οὐδὲν
419 4848 667 4922 βιωτικόν
689 4849 844 4901 αὐτόν
875 4848 1059 4924 ἐρωτᾷ,
1086 4846 1213 4899 ἀλλὰ
1226 4843 1634 4922 περὶδογμάτων
1658 4848 1824 4909 εὐθύς.

238 4942 367 4996 Φησὶ
403 4941 504 5012 γὰρ
534 4955 548 4970 ο

306 5118 369 5170 0i
452 5118 668 5191 πατέρες
744 5144 815 5157 -
888 5119 1217 5191 προσκυνεῖν.
1270 5116 1504 5190 Πατέρας
1578 5109 1685 5168 εἶπε
1742 5117 1826 5167 τόν

1929 1911 2050 1968 lam
2083 1919 2137 1968 et
2158 1913 2488 1967 successive
2519 1913 2833 1979 habuerat,
2864 1915 3156 1986 siquidem
3189 1916 3303 1972 hoc
3334 1918 3585 1988 permis-

1932 2018 2065 2056 sum
2087 2007 2249 2056 erat:
2275 2002 2485 2073 quinto
2507 2006 2707 2057 autem
2733 2008 2989 2069 mortuo,
3020 2004 3219 2059 nullus
3239 2021 3372 2060 eam
3399 2007 3587 2062 mani-

1930 2089 2073 2145 feste
2125 2092 2184 2145 in
2236 2105 2484 2145 uxorem
2529 2090 2795 2162 accipere
2836 2091 3022 2147 voluit
3063 2114 3075 2147 :
3118 2093 3251 2165 ipsa
3281 2110 3421 2149 vero
3462 2111 3585 2151 non

1932 2179 2128 2234 ferens
2161 2179 2726 2251 concupiscentiam,
2772 2180 2885 2236 sibi
2924 2181 3155 2236 occulte
3195 2183 3584 2254 conjunctum

1929 2268 2211 2324 habebat.
2259 2268 2532 2340 Quinque
2574 2284 2715 2339 ergo
2760 2269 2871 2323 viri
2910 2268 3143 2327 fuerant
3184 2273 3394 2343 ipsius,
3441 2274 3586 2345 quia

1929 2355 2241 2411 manifeste
2274 2358 2572 2428 conjuncti
2607 2379 2617 2410 :
2653 2358 2701 2412 is
2732 2361 2956 2425 autem,
2983 2360 3076 2413 cui
3107 2375 3266 2415 nunc
3302 2363 3586 2418 commis-

1929 2446 2191 2510 cebatur,
2235 2463 2379 2499 suus
2419 2461 2540 2500 non
2590 2451 2735 2512 erat,
2784 2461 2854 2501 eo
2898 2447 3059 2518 quod
3097 2448 3365 2504 occultus
3408 2456 3581 2506 esset.

1999 2536 2040 2603 -ι-
2070 2535 2111 2603 -ι-
2144 2534 2337 2589 Sancti
2373 2533 2607 2589 Maximi
2646 2550 2658 2587 :
2702 2533 2901 2589 Mulier
2940 2536 3317 2591 Samaritana
3361 2537 3582 2606 signiﬁ-

1929 2622 2105 2678 cabat
2121 2627 2398 2677 naturam
2418 2622 2773 2685 humanam,
2796 2638 2932 2694 quae
2958 2623 3222 2695 quinque
3243 2624 3402 2697 leges
3419 2642 3585 2682 acce-

1929 2716 2112 2782 perat,
2134 2718 2423 2781 tanquam
2443 2710 2619 2777 viros,
2635 2711 2915 2765 nimirum
2930 2711 3123 2781 legem
3138 2712 3365 2770 Adamo
3378 2714 3583 2771 datam

1928 2800 1987 2853 in
2007 2798 2287 2870 paradiso
2302 2804 2356 2852 et
2371 2803 2529 2853 extra
2551 2798 2904 2870 paradisum
2917 2799 3111 2855 eidem
3129 2816 3338 2857 rursus
3350 2801 3583 2871 datam,

1929 2889 2131 2943 datam
2157 2889 2274 2942 Noe
2298 2892 2558 2958 tempore
2579 2887 2802 2954 diluvii,
2826 2888 3168 2945 Abrahamo
3190 2890 3264 2946 de
3278 2892 3586 2948 circumci-

1930 2977 2096 3032 sione
2114 2980 2169 3032 et
2186 2992 2389 3031 rursus
2406 2977 2598 3032 eidem
2618 2976 2820 3032 datam
2837 2977 2911 3033 de
2924 2978 3130 3034 Isaaco
3149 2979 3546 3037 sacriﬁcando
3569 2999 3583 3036 :

1932 3065 2037 3120 sed
2056 3066 2147 3121 hae
2169 3065 2437 3138 quinque
2451 3081 2483 3137 p
2496 3066 2921 3122 raeterierantet
2935 3068 3107 3139 quasi
3123 3073 3367 3124 mortuae
3378 3074 3547 3126 erant
3568 3089 3581 3127 :

1931 3154 2190 3210 habebat
2221 3160 2419 3210 autem
2462 3161 2601 3210 tunc
2634 3156 2970 3211 Mosaicam.
3015 3157 3125 3211 Sed
3166 3157 3292 3212 haec
3328 3158 3424 3213 lex
3462 3174 3584 3216 non

1883 3246 1900 3267 ‘
1930 3250 2053 3301 erat
2076 3245 2318 3301 maritus
2349 3246 2503 3316 ejus,
2540 3245 2626 3300 vel
2652 3246 2817 3317 quod
2844 3261 2963 3301 non
2996 3250 3117 3301 tota
3145 3246 3505 3315 diligebatur
3529 3252 3587 3304 et

1932 3334 2304 3397 servabatur,
2344 3333 2451 3399 vel,
2487 3335 2651 3403 quod
2683 3349 2802 3388 non
2836 3334 2915 3389 ad
2958 3349 3136 3388 omne
3172 3339 3427 3405 tempus,
3476 3336 3583 3391 sed

1932 3426 2163 3478 tantum
2204 3438 2392 3494 usque
2423 3421 2498 3476 ad
2537 3422 2859 3476 adventum
2913 3422 3233 3477 servatoris
3274 3423 3415 3479 data
3460 3428 3586 3479 erat

1932 3510 2195 3565 Judaicae
2214 3516 2437 3566 naturae
2459 3511 2759 3564 humanae.
2789 3510 3012 3565 Exinde
3034 3526 3169 3565 vero
3201 3526 3320 3566 non
3344 3517 3469 3567 erat
3496 3512 3587 3568 vir

1934 3600 2083 3670 ejus,
2120 3616 2253 3654 cum
2304 3599 2422 3654 alia
2461 3614 2595 3652 eam
2645 3598 2756 3653 sibi
2802 3598 3122 3669 junxisset,
3160 3598 3251 3653 lex
3297 3599 3584 3656 nimirum

1934 3690 2295 3757 evangelica.
2340 3688 2557 3742 Puteus
2592 3688 2766 3756 igitur
2806 3687 3028 3754 Jacobi,
3071 3694 3162 3743 est
3205 3704 3375 3743 sacra
3434 3690 3587 3745 Scri-

1934 3784 2109 3849 ptura
2136 3792 2147 3829 :
2180 3793 2335 3849 aqua
2357 3792 2493 3830 vero
2519 3777 2663 3847 ejus,
2687 3776 2866 3847 hujus
2889 3777 3185 3845 cognitio:
3215 3777 3585 3849 profunditas

1934 3871 2158 3930 autem,
2181 3866 2559 3937 profunditas
2588 3868 3049 3921 sententiarum:
3080 3867 3391 3922 haustrum
3422 3883 3581 3931 vero,

1934 3954 2185 4010 eruditio
2233 3954 2395 4009 verbi
2435 3954 2615 4009 divini
2664 3971 2800 4026 quas
2852 3954 2917 4010 ﬁt
2961 3971 3065 4027 per
3104 3956 3346 4021 litteras,
3398 3972 3584 4028 quam

1935 4043 2225 4098 Dominus
2258 4060 2375 4099 non
2401 4044 2624 4109 habuit,
2654 4060 2790 4098 cum
2817 4044 2943 4115 ipse
2968 4045 3219 4099 Verbum
3249 4045 3321 4099 sit
3350 4062 3420 4100 ac
3444 4061 3585 4102 vera

1935 4134 2256 4204 Sapientia,
2294 4149 2553 4204 cumque
2583 4133 2889 4204 discipulis
2922 4134 3045 4188 suis
3076 4148 3195 4189 non
3228 4149 3335 4206 per
3365 4134 3586 4190 litteras

1933 4222 2160 4278 dederit
2185 4222 2600 4292 eruditionem,
2639 4222 2739 4278 sed
2768 4238 2874 4295 per
2904 4224 3154 4295 gratiam
3190 4222 3581 4296 spiritualem.

2005 4496 2163 4549 Vers.
2209 4492 2291 4549 l9.
2322 4491 2470 4547 Dicit
2506 4522 2576 4533 —-
2626 4497 2710 4547 tu.
2763 4493 2886 4547 Non
2928 4490 3171 4564 indigne
3215 4488 3364 4557 tulit,
3421 4490 3586 4564 quod

1934 4581 2246 4638 manifeste
2308 4584 2674 4649 argueretur,
2734 4596 2929 4651 neque
2982 4596 3090 4652 pro
3147 4582 3365 4651 injuria
3417 4581 3589 4635 duxit

1932 4670 2423 4742 increpationem,
2445 4668 2547 4723 sed
2566 4668 2861 4723 admirata
2885 4668 3204 4740 perfectam
3230 4670 3359 4739 ejus
3382 4670 3588 4739 cogni-

1933 4760 2175 4824 tionem,
2212 4774 2347 4813 vere
2386 4757 2741 4828 prophetam
2798 4772 2937 4810 eum
2996 4772 3127 4811 esse
3172 4757 3583 4829 deprehendit.

1944 4848 2132 4913 Video,
2165 4846 2357 4918 inquit
2388 4846 2531 4911 sive,
2575 4844 2857 4913 Intelligo.
2894 4847 2959 4899 Et
2986 4844 3198 4901 exinde
3229 4845 3377 4901 nihil
3415 4862 3588 4901 mun-

1935 4937 2160 4993 danum
2194 4941 2297 4992 aut
2335 4934 2664 5005 temporale
2693 4950 2831 4989 eum
2863 4934 3206 5005 interrogat,
3240 4934 3345 4991 sed
3385 4935 3585 4992 statim

1935 5026 2008 5081 de
2035 5025 2437 5095 dogmatibus.
2464 5022 2555 5079 Ait
2583 5022 2744 5078 enim
2784 5039 2797 5078 :

2008 5116 2165 5170 Vers.
2204 5113 2292 5169 20.
2324 5114 2539 5171 Patres
2570 5142 2637 5152 —
2680 5112 2952 5169 adorare.
2999 5111 3200 5170 Patres
3229 5111 3376 5169 dixit
3400 5109 3587 5172 Abra-

1432 5318 1657 5390 Variae
1706 5318 2033 5391 lectiones
2075 5330 2140 5390 et
2181 5330 2381 5390 notae.

305 5540 419 5625 (ϐό)
450 5545 582 5625 ilaac
637 5544 884 5614 uterque
916 5539 1105 5597 codex
1143 5538 1383 5625 exhibet
1425 5543 1483 5600 in
1538 5540 1826 5615 margine.

245 5620 553 5671 IIentenius
585 5630 827 5685 prorsus
857 5630 979 5669 non
1007 5620 1297 5685 agnoscit.

307 5688 416 5759 (66)
443 5684 630 5743 Etiam
658 5684 753 5741 hic
778 5694 850 5756 τῷ
890 5684 1294 5742 scribendum.

511 5782 746 5840 PATROL.
778 5780 883 5840 Gn.
926 5780 1191 5851 CXXIX“

2012 5546 2123 5617 (67)
2164 5546 2272 5600 Pro
2304 5536 2757 5604 ἀπετεθνήκεισαν,

2013 5610 2137 5685 (68)Δ
2165 5617 2226 5671 In
2258 5619 2461 5674 Latino
2492 5619 2619 5674 haec
2651 5618 2824 5675 valde
2855 5610 3211 5685 claudicant,
3236 5629 3373 5675 cum
3395 5616 3492 5675 lea:
3514 5618 3591 5679 sit

1940 5682 2316 5745 femininum.

3274 5787 3489 5860 38‘.
