4120 6310
618 301 759 358 1195

614 428 758 485 ham
819 431 877 483 et
929 431 1094 483 Isaac
1108 469 1121 483 .

615 517 920 574 Abraham
949 517 1006 571 in
1033 517 1132 571 illo
1161 523 1362 571 monte
1379 514 1663 570 obtulisse
1690 518 1850 570 Isaac
1874 515 1988 568 Deo
2020 513 2081 568 in
2107 513 2268 569 liolo~

616 614 912 662 caustum.
946 608 1060 659 Aut
1090 615 1285 676 patres
1319 603 1467 658 dixit
1493 601 1677 657 Jacob
1707 610 1763 657 et
1794 603 1943 656 filios
1961 601 2110 673 ejus.
2134 601 2266 656 Jam

615 698 793 752 Jacob
823 695 902 749 ibi
933 694 1231 749 constituit
1253 692 1434 747 altare
1452 698 1508 746 et
1539 691 1811 746 adoravit
1841 691 2044 745 Deum.
2073 689 2270 746 Mulier

613 787 813 857 itaque
849 784 1244 856 quiestionem
1295 781 1624 852 proposuit,
1676 788 1894 851 putans
1951 779 2267 835 Samarita-

613 890 830 930 norum
876 874 1097 944 dogma
1135 871 1347 926 melius
1385 886 1514 924 esse
1560 886 1742 941 quam
1794 869 2158 930 Iudaeorum,
2212 872 2269 922 et

613 962 1054 1021 honoratiorem
1096 961 1292 1016 locum
1326 976 1454 1014 esse
1488 959 1702 1013 montis
1735 957 1910 1022 illius,
1934 973 2120 1028 quam
2142 957 2268 1011 Hie-

612 1053 936 1123 rosolyma.
972 1051 1232 1106 L‘hristus
1267 1064 1404 1103 vero
1439 1048 1699 1118 primum
1735 1047 1925 1103 elevat
1957 1046 2268 1118 utriusque

612 1142 729 1197 loci
766 1141 1140 1210 dignitatem,
1187 1153 1258 1193 eo
1295 1136 1460 1208 quod
1493 1136 1652 1191 brevi
1686 1135 1950 1190 futurum
1989 1140 2170 1198 esset,
2208 1139 2268 1189 ut

612 1231 806 1286 cultus
836 1229 1070 1284 divinus
1101 1228 1157 1282 in
1193 1231 1443 1298 utroque
1469 1229 1763 1288 cessaret;
1791 1224 2007 1279 deinde
2023 1224 2268 1279 Iudaeos

612 1319 925 1392 praeponit,
959 1323 1014 1372 et
1045 1315 1433 1389 postmodum
1464 1313 1646 1370 divini
1676 1315 1869 1369 cultus
1897 1313 2117 1382 dogma
2140 1329 2268 1369 ma-

611 1409 871 1466 nifestat.

685 1678 844 1732 Vers.
903 1679 990 1730 2|.
1050 1673 1150 1729 Ait
1202 1704 1270 1714 —
1323 1678 1564 1742 patrem.
1605 1673 1646 1740 -ι-
1693 1671 1734 1740 -ι-
1774 1670 2137 1742 Sophoniae;
2195 1673 2264 1728 Et

607 1768 935 1826 adorabunt
965 1780 1090 1821 eum
1120 1761 1361 1834 quilibet
1387 1776 1461 1817 ex
1491 1761 1617 1816 luco
1638 1776 1740 1816 suo
1766 1761 1833 1811 ⁸⁸.

680 1856 758 1910 Ex
785 1855 899 1909 hoc
927 1851 1194 1924 prmdicit
1218 1848 1669 1905 dissolutionem
1709 1847 2041 1903 Samaritici
2085 1849 2262 1904 simul

607 1951 665 2002 et
709 1944 940 1999 Judaici
977 1941 1188 2000 cultus,
1235 1954 1420 2010 quam
1469 1936 1635 2007 passi
1693 1945 1848 2001 sunt,
1889 1939 2261 1994 exterminati

608 2039 746 2106 post
771 2031 981 2086 Christi
1006 2028 1346 2100 pas-sionem
1376 2041 1412 2080 a
1435 2025 1736 2080 Romanis.
1760 2027 1863 2081 Per
1890 2025 2100 2082 horam
2125 2042 2262 2082 vero

607 2121 864 2189 intellige
896 2123 1158 2188 tempus.

679 2211 837 2265 Vers.
869 2213 959 2265 22.
1014 2208 1114 2262 Vos
1143 2237 1204 2245 —
1235 2203 1466 2260 scimus.
1497 2201 1854 2274 Quanquam
1906 2203 2068 2258 enim
2098 2219 2262 2257 eum-

605 2299 745 2355 dem
779 2299 962 2354 Deum
992 2295 1276 2352 colebant
1317 2291 1672 2350 Samaritani
1721 2297 1778 2346 et
1815 2291 2026 2356 Judaei,
2061 2297 2260 2347 tamen

607 2387 958 2446 Samaritani
979 2383 1356 2454 ignorabant,
1387 2380 1553 2453 quod
1584 2380 1856 2436 omnium
1881 2381 2143 2450 gentium
2171 2397 2261 2436 es-

605 2484 691 2534 set
719 2476 1009 2533 Dominus
1051 2473 1496 2544 :opinabantur
1535 2469 1852 2541 siquidem,
1909 2469 2074 2541 quod
2116 2469 2258 2525 solis

604 2563 997 2624 Samaritanis
1016 2569 1194 2634 atque
1219 2559 1440 2616 Judaeis
1463 2558 1892 2614 dominaretur.
1913 2558 2100 2613 Judaei
2129 2574 2259 2613 vero

601 2653 1068 2725 cognoscebant,
1101 2649 1265 2722 quod
1290 2649 1560 2704 omnium
1595 2648 1860 2718 gentium
1893 2653 2044 2704 esset
2068 2648 2258 2703 Domi-

599 2760 714 2801 nus
739 2743 1129 2813 omnipotens.
1161 2739 1297 2793 Ideo
1326 2737 1470 2793 dixit
1503 2737 1578 2792 ad
1613 2736 1772 2792 illam
1800 2754 1812 2790 :
1856 2738 1960 2792 Vos
1987 2738 2257 2793 adoratis

603 2833 750 2904 quod
767 2830 1022 2894 nescitis,
1045 2829 1160 2884 hoc
1186 2832 1294 2891 est,
1323 2827 1493 2896 cujus
1520 2830 1871 2896 potestatem
1897 2841 2016 2881 non
2037 2842 2258 2896 cogno-

603 2922 803 2986 scitis;
837 2926 892 2974 et
925 2919 1191 2989 seipsum
1229 2913 1444 2970 Judaiis
1499 2915 1973 2981 connumeravit,
2009 2914 2252 2970 dicens:

600 3011 716 3066 Nos
769 3009 1084 3065 adoramus
1140 3004 1294 3076 quod
1346 3003 1583 3067 scimus,
1635 3003 1776 3074 quia
1825 3009 1878 3058 et
1927 3019 1997 3058 ex
2038 3003 2254 3059 Judaais

1947 283 2295 353 EUTHYMII
2335 279 2666 353 ZIGABENI

1204 427 1380 482 Vetus
1435 423 1732 496 siquidem
1791 424 2038 480 historia
2097 425 2259 480 tradit

2382 423 2622 497 Ἀϐρααμ
2672 429 2762 478 καὶ
2799 429 2885 477 τὸν
2916 425 3117 479 Ἰσαάκ.
3163 431 3263 479 Καὶ
3318 427 3416 498 γὰρ
3458 424 3509 476 ἐν
3549 422 3744 495 ἕκείνῳ
3820 432 3914 494 τῷ
3953 430 4055 496 ᾅδει

3915 299 4059 354 119ἕ

2379 513 2524 584 λόγος
2553 511 2777 586 ἀρχαῖος
2834 517 3028 589 ἱστορεῖ
3075 518 3160 567 τὸν
3208 513 3448 587 Ἀϐραὰμ
3491 511 3923 585 ἀνενηνοχέναι
3973 519 4054 564 τόν

2379 602 2560 655 Ἰσαὰκ
2609 603 2679 664 εἰς
2751 605 2938 656 θυσίαν
2988 612 3058 674 τῷ
3125 611 3258 674 Θεῷ.
3315 602 3385 656 ’Ἡ
3444 605 3683 674 πατέρας
3745 598 3896 654 εἷπε
3971 608 4053 654 τόν

2377 690 2566 744 Ἰακὼϐ
2588 697 2677 744 καὶ
2702 696 2822 752 τους
2861 695 3001 752 υἱοὺς
3030 692 3211 744 αὐτοῦ.
3248 697 3347 744 Καὶ
3377 694 3478 763 γὰρ
3531 693 3557 742 ὁ
3610 689 3851 743 Ἰακὼϐ
3889 695 4051 746 ἔσπ-

3890 786 4042 832 Θεοί».

3813 870 4038 940 οἰομετδξ

2379 801 2462 833 σεν
2520 780 2622 833 ἐκεῖ
2666 783 3040 854 θυσιαστήριον
3087 786 3177 834 xui
3239 784 3596 853 προσεκύνησε
3665 785 3767 831 τὸν

2374 870 2431 922 Ἦ
2492 873 2581 942 μὲν
2614 865 2701 922 οὖν
2735 875 2865 941 γυνὴ
2923 876 3230 944 προσήγαγε
3281 874 3373 927 τὴν
3425 869 3721 941 ἐρώτησιν,

2375 965 2604 1029 κρεῖττον
2654 954 2781 1010 εἶναι
2807 963 2863 1010 τὸ
2905 955 3080 1031 δόγμα
3109 968 3207 1010 τῶν
3239 966 3563 1032 Σαμαρειτῶν
3595 960 3764 1032 παρὰ
3804 963 3920 1010 τὸν
3952 968 4036 1009 τέω

2377 1043 2668 1111 Ἰουδαίων,
2698 1053 2786 1099 καὶ
2817 1051 2903 1099 τόν
2935 1054 3088 1100 τόπον
3134 1066 3437 1122 τιμιωτερον
3465 1055 3555 1099 τοῦ
3607 1051 3795 1118 ᾆοους
3832 1047 4032 1098 ἐκείνοι

2375 1139 2518 1207 παρά
2571 1139 2655 1188 τόν
2707 1145 2803 1187 τῶν
2857 1135 3224 1212 Ἱεροσολύμων
3258 1154 3270 1166 ⁸
3315 1138 3340 1188 ό
3394 1134 3454 1188 δὲ
3499 1140 3750 1209 Χριστὸς
3815 1145 4032 1208 πρώτη

2375 1228 2465 1297 μεν
2509 1229 2597 1278 καὶ
2650 1223 2948 1300 ἀμφοτερων
2979 1235 3079 1278 τῶν
3131 1231 3300 1278 τόπων
3362 1223 3563 1298 ἀναιρεῖ
3591 1227 3665 1276 τα
3717 1226 4024 1298 πρεσϐεῖα.

2378 1309 2472 1366 διὰ
2497 1317 2555 1365 τό
2611 1313 2806 1386 μέλλειν
2855 1317 2976 1367 ὅσον
3025 1318 3168 1366 οὔπω
3234 1317 3497 1372 παυθῆναι
3548 1316 3649 1374 τὰς
3694 1313 3750 1364 ἐν
3804 1317 4029 1372 ἐκείνοις

3913 1405 4022 1473 (δςι

2375 1496 2750 1566 συνετωτέρους
2780 1507 2794 1522 ⁶
2826 1495 3000 1545 ἔπειτα
3042 1498 3341 1566 παρανοίγει
3392 1495 3449 1544 τὸ
3500 1487 3690 1564 δόγμα
3727 1501 3841 1553 τῆς
3877 1493 4026 1545 εὐσε-

2374 1579 2534 1643 ϐείας.

2373 1401 2611 1477 λατρείας
2682 1419 2694 1432 ·
2748 1400 2860 1456 εἶτα
2933 1403 3205 1476 ἀποφαίνει
3273 1407 3392 1466 τοὺς
3489 1399 3818 1465 Ἰουδαίους

2443 1674 2598 1741 Λέγει
2629 1702 2687 1711 —-
2713 1676 2891 1746 πατρί.
2913 1669 3182 1743 [Σοφονίου
3211 1672 3344 1742 (ἹΟ).
3372 1675 3471 1724 Καὶ
3509 1677 4022 1743 προσκυνήσουσαν

2301 1769 2341 1823 Β
2373 1759 2512 1829 αὐτῷ
2539 1759 2757 1822 ἕκαστος
2789 1759 2842 1811 ἐκ
2864 1768 2955 1812 τοῦ
2981 1765 3140 1812 τόπου
3174 1760 3354 1813 αὐτοῦ.
3395 1761 3412 1831 ]

2443 1849 2700 1900 Ἐντεῦθεν
2739 1857 3094 1921 προαναφωνεῖ
3130 1854 3222 1907 τὴν
3264 1849 3548 1902 κατάλυσιν
3601 1859 3708 1912 τῆς
3740 1857 4020 1925 Σαμαρει-

2369 1945 2520 2000 τικῆς
2551 1939 2680 2010 ὁμοῦ
2707 1943 2793 1990 καὶ
2823 1935 3123 1999 Ἰουδαϊκῆς
3142 1939 3396 2012 λατρείας,
3426 1939 3485 1996 ἢν
3520 1941 3881 1992 πεπόνθασιν
3917 1941 4019 2003 ἑξο-

2370 2026 2719 2100 λοθρευθέντες
2748 2029 2848 2079 ὑπὸ
2902 2027 3169 2100 Ῥωμαίων
3226 2031 3358 2101 μετά
3413 2033 3507 2087 τὴν
3538 2036 4012 2102 χριστοκτονίαν,

2369 2115 2532 2188 Ὠραν
2566 2112 2625 2168 δε
2647 2122 2747 2168 νόει
2773 2119 2861 2168 τὸν
2899 2121 3099 2190 καιρόν.

2439 2203 2607 2275 ’Υμεῖς
2668 2235 2736 2244 ——
2792 2202 3028 2277 οἴδαμεν.
3084 2205 3145 2258 Εἰ
3198 2207 3296 2280 γὰρ
3356 2211 3446 2258 καὶ
3506 2209 3596 2258 τὸν
3638 2206 3814 2258 αὐτὸν
3873 2213 4007 2261 Grai:

2369 2292 2604 2346 ἐσέϐοντο
2661 2301 2976 2366 Σαμαρεῖται
3037 2300 3128 2347 καὶ
3169 2291 3423 2348 Ἰουδαῖοι
3493 2313 3505 2325 ·
3593 2293 3732 2348 ἀλλὰ

2366 2390 2530 2457 ρεῖται
2581 2385 2670 2455 μεν
2741 2385 2956 2455 ἠγνόουν
3044 2386 3122 2436 ὅτι
3199 2387 3400 2436 πάντων
3476 2393 3575 2437 τῶν
3647 2383 3822 2437 ἐθνῶν
3895 2393 3998 2440 Κύ-

2366 2477 2477 2544 ριός
2538 2470 2648 2524 ἔστι
2705 2491 2718 2504 ο
2777 2477 2943 2545 μόνων
2999 2477 3100 2546 γὰρ
3156 2482 3478 2549 Σαμαρειτῶν
3547 2479 3642 2526 καὶ
3696 2473 3992 2529 Ἰουδαίων

2369 2558 2644 2621 δεσπόζειν
2694 2561 2848 2613 αὐτὸν
2893 2561 3248 2634 ὑπελάμϐανον
3301 2582 3313 2594 ·

3828 2305 4003 2368 Σαμα-

3366 2559 3624 2616 Ἰουδαῖοι
3682 2559 3749 2616 δε
3808 2564 3986 2636 ἐγίνω-

2369 2669 2490 2702 σκον
2539 2651 2620 2701 ὅτι
2657 2652 3026 2726 παντοκράτωρ
3074 2654 3210 2705 ἐστί.
3271 2653 3364 2704 Διά
3417 2659 3569 2704 τοῦτο
3624 2656 3769 2725 πρὸς
3827 2656 3981 2713 amitis

2366 2736 2501 2792 εἶπεν
2555 2742 2634 2792 ὁτι
2698 2739 2869 2812 Ὑμεῖς
2927 2743 3264 2814 προσκυνεῖτε
3295 2740 3320 2792 ὃ
3386 2740 3480 2792 οὐκ
3543 2737 3751 2809 οἴδατε,

2366 2827 2525 2895 ἐστιν,
2572 2828 2631 2880 οὗ
2710 2833 2803 2887 τὴν
2861 2827 3100 2891 ἐξουσίαν
3161 2829 3254 2881 οὐκ
3341 2826 3540 2884 οἴδατε.

3837 2764 3974 2797 τουτο

3617 2836 3721 2883 Καὶ
3800 2835 3966 2885 ἔαυτον

2367 2913 2425 2970 δε
2457 2917 2697 2980 συνέταξε
2727 2926 2836 2976 τοῖς
2866 2916 3165 2981 Ἰουδαίοις.
3222 2918 3395 2989 Ἡμεῖς
3420 2921 3547 2992 γὰρ,
3591 2925 3752 2992 φησί,
3811 2943 3957 2996 προσ-

2365 3015 2613 3078 κυνοῦμεν
2645 3006 2670 3058 ὃ
2703 3003 2918 3079 οἴδαμεν
2959 3025 2970 3037 ·
2997 3003 3137 3059 διότι
3163 3013 3253 3059 καὶ
3279 3004 3624 3070 ἕξἸουδαίων
3657 3008 3942 3076 ἐϐλάστησε,

602 3107 726 3156 erat
745 3098 1112 3172 progenitus,
1144 3100 1200 3150 et
1221 3094 1612 3150 Samaritanus
1633 3093 1876 3148 Judasus
1922 3094 2252 3150 videbatur.

2375 3100 2451 3148 καὶ
2482 3091 2740 3158 Ἰουδαῖος
2772 3105 2834 3169 τῇ
2875 3093 3212 3170 Σαμαρείτιδι
3243 3093 3435 3160 ἔδοξεν.
3471 3094 3602 3151 Εἶτα
3655 3098 3811 3170 ἐπείγει
3854 3105 3928 3148 καί

603 3189 828 3245 Deinde
856 3189 1033 3242 etiam
1059 3185 1304 3248 inducit,
1339 3183 1505 3254 quod
1546 3182 1742 3252 majus
1773 3188 1896 3238 est:

671 3279 834 3334 Vers.
866 3281 954 3332 22.
986 3275 1131 3342 Quia
1180 3304 1241 3314 —
1275 3277 1374 3328 est.
1437 3271 1948 3328 Samaritanorum
1987 3273 2144 3327 salus
2183 3290 2254 3330 ex

597 3369 821 3426 Judaeis
842 3372 930 3422 est
957 3383 972 3431 ;
996 3381 1136 3420 nam
1177 3362 1256 3418 ab
1294 3361 1404 3417 illis
1442 3361 1776 3416 didicerunt
1816 3361 1999 3416 Deum
2039 3378 2254 3432 cogno-

601 3473 784 3522 scere,
827 3462 884 3512 et
924 3453 1086 3509 idola
1129 3467 1424 3523 respuere.
1471 3452 1585 3505 Aut
1635 3449 1753 3504 alio
1805 3451 2031 3506 modo:
2082 3451 2253 3507 Salus

603 3544 812 3602 mundi
841 3560 910 3599 ex
945 3541 1169 3597 Judaais
1208 3544 1316 3606 est,
1362 3555 1501 3594 cum
1531 3537 1609 3594 ab
1638 3538 1722 3593 eis
1752 3537 2016 3594 Christus
2067 3539 2139 3594 sit
2167 3540 2252 3595 in-

599 3637 904 3692 carnatus.

673 3725 829 3779 Vers.
861 3725 951 3777 23.
998 3718 1113 3776 Sed
1156 3749 1219 3758 —
1265 3717 1522 3774 veritate.
1570 3715 1675 3773 Ubi
1723 3715 1963 3771 Judaeos
1996 3718 2254 3773 Samari-

600 3812 754 3870 tanis
782 3808 1223 3883 praeposuisset,
1252 3822 1489 3861 rursum
1521 3821 1681 3860 nunc
1709 3805 1927 3860 Iudaeis
1959 3807 2254 3877 prmponit

599 3901 986 3966 Christianos,
1019 3903 1082 3952 ut
1111 3895 1451 3969 suspicione
1490 3898 1689 3950 careat
1712 3895 1993 3964 praalatio,
2036 3901 2092 3950 et
2133 3911 2251 3950 non

599 3993 883 4062 appareat
908 3985 1128 4043 Judaais
1173 3983 1492 4051 gratiﬁcari
1534 3989 1822 4054 tanquam
1853 3983 2110 4038 Iudaeus.
2146 3984 2252 4039 Ubi

599 4085 800 4135 autem
823 4077 961 4131 dixit
993 4091 1006 4130 :
1052 4073 1210 4129 Venit
1243 4081 1490 4140 tempus,
1518 4086 1592 4126 ne
1635 4077 1889 4143 putaret,
1918 4072 2057 4126 illud
2084 4071 2256 4128 diffe-

598 4162 1202 4234 rendum,subjunxit
1225 4178 1237 4215 :
1259 4161 1333 4216 Et
1356 4176 1515 4216 nunc
1535 4167 1636 4226 est,
1662 4161 1782 4215 sive
1801 4161 1928 4232 jam
1959 4161 2252 4227 imminet,

599 4253 798 4309 instat.

675 4344 851 4396 Veros
895 4339 1036 4395 item
1086 4337 1433 4394 adoratores
1464 4335 1606 4392 dicit
1637 4353 1739 4392 eos
1769 4338 1872 4409 qui
1919 4338 1980 4393 in
2034 4356 2093 4394 se
2136 4355 2253 4395 cre-

601 4432 772 4497 dunt,
799 4428 905 4502 qui
926 4429 1001 4484 de
1032 4427 1287 4483 Ecclesia
1325 4432 1482 4494 sunt,
1514 4431 1802 4499 tanquam
1830 4443 1969 4484 vere
1995 4429 2255 4485 colentes
2290 4457 2334 4512 D

602 4527 659 4578 et
689 4535 809 4576 non
847 4520 908 4574 in
936 4517 1163 4573 umbris
1193 4514 1535 4584 servientes,
1571 4517 1721 4572 sicut
1745 4517 1935 4573 Judaei
1977 4525 2031 4573 et
2055 4520 2256 4575 Sama-

601 4610 817 4677 ritani;
863 4624 1008 4664 nam
1061 4605 1250 4662 omnis
1293 4605 1510 4660 horum
1562 4607 1813 4661 servitus
1868 4607 2084 4663 umbra
2135 4613 2260 4663 erat

603 4704 660 4755 et
704 4699 898 4770 ﬁgura
953 4695 1227 4752 veritatis.
1283 4694 1411 4749 Veri
1459 4710 1600 4766 ergo
1640 4695 1985 4752 adoratores
2042 4696 2258 4752 adora-

601 4789 755 4844 bunt
785 4789 1020 4844 Patrem
1065 4785 1276 4842 nonin
1307 4798 1575 4855 corpore,
1623 4785 1726 4839 sed
1754 4785 1812 4840 in
1860 4786 2086 4858 spiritu,
2141 4787 2256 4841 hoc

603 4883 714 4944 est,
743 4893 864 4934 non
895 4892 1001 4950 per
1028 4871 1365 4946 corporales
1394 4873 1683 4938 victimas,
1718 4873 1825 4930 sed
1854 4890 1961 4947 per
1982 4874 2254 4947 spiritua-

675 5057 723 5091 ⁶⁶
759 5054 1013 5126 Sophon.
1046 5069 1107 5118 ll,
1151 5055 1233 5107 il.

2365 3187 2422 3236 τό
2443 3184 2640 3256 μεῖξον.

2434 3272 2646 3325 Ὀτι-
2677 3271 2837 3326 εστίν.
2883 3273 2940 3327 Ἡ
2995 3279 3230 3349 σωτηρία
3274 3283 3373 3327 τῶν
3427 3283 3760 3349 Σαμαρειτῶν
3788 3276 3945 3328 ἐκτῶν

2365 3359 2635 3415 Ἰουδαίων
2683 3361 2822 3414 ἐστίν
2872 3378 2883 3390 ⁸
2933 3361 2986 3425 ἐξ
3043 3363 3210 3416 αὐτῶν
3261 3367 3364 3436 γὰρ
3422 3367 3611 3436 ἔμαθον
3653 3363 3850 3418 εἰδέναι
3881 3369 3956 3417 τὸν

2363 3454 2512 3514 Θεὸν,
2544 3455 2633 3502 xui.
2662 3456 3072 3522 καταγινώσκειν
3100 3461 3198 3503 τῶν
3225 3449 3467 3508 εἰδώλων.
3515 3460 3585 3506 Ἦ
3617 3459 3710 3506 καὶ
3741 3455 3923 3526 ἑτέρως
3948 3497 3960 3509 .

2359 3541 2417 3592 Ἠ
2451 3543 2688 3613 σωτηρία
2713 3547 2803 3591 τοῦ
2834 3544 3036 3612 κόσμου
3063 3538 3116 3592 ἐκ
3146 3549 3246 3592 τῶν
3272 3539 3565 3609 Ἰουδαίων,
3590 3541 3643 3605 ἐξ
3667 3543 3840 3595 αὐτῶν
3868 3549 3962 3618 γὰρ

2361 3629 2388 3680 ό
2418 3631 2646 3700 Χριστὸς
2686 3625 3094 3701 ἕνηνθρώπησεν.

2434 3715 2574 3769 ’Λλλ⁹
2606 3747 2670 3756 -
2704 3715 2937 3774 ἀλήθεια.
2974 3721 3311 3792 Προτιμὴσας
3356 3727 3454 3770 τῶν
3487 3726 3818 3792 Σαμαρειτῶν
3851 3727 3966 3783 τοὺς

2361 3801 2672 3870 Ἰουδαίους,
2733 3813 2820 3856 νῦν
2869 3813 3103 3880 προτιμᾷ
3157 3807 3312 3859 πάλιν
3366 3817 3464 3859 τῶν
3521 3805 3793 3862 Ἰουδαίων
3849 3817 3966 3873 τοὺς

2363 3899 2727 3969 Χριστιανοὺς,
2766 3896 2848 3946 ἶνα
2877 3893 3165 3956 ἀνύποπτος
3195 3898 3224 3955 ἠ
3256 3901 3580 3969 προτίμησις
3633 3902 3850 3969 γένηται
3880 3908 3962 3953 καὶ

2361 3988 2433 4056 μὴ
2469 3980 2597 4056 δόξῃ
2627 3985 3086 4056 καταχαρίζεσθαι
3112 3993 3218 4046 τοῖς
3260 3981 3562 4051 Ἰουδαίοις,
3589 3989 3655 4048 ὡς
3684 3985 3955 4052 Ἰουδαῖος.

2363 4071 2530 4125 Εἰπὼν
2560 4069 2618 4124 δὲ
2647 4073 2726 4124 ὅτι
2752 4071 3008 4145 Ἔρχεται
3045 4075 3172 4148 ὧρα,
3205 4076 3286 4125 ἵνα
3341 4079 3413 4146 μὴ
3444 4080 3637 4149 νομίσῃ
3687 4075 3955 4149 βραδύνειν

2363 4160 2546 4227 αὐτὴν,
2578 4163 2898 4234 προσέθηκεν
2924 4164 3004 4214 ὅτι
3033 4167 3132 4216 Καὶ
3176 4171 3263 4215 νῦν
3293 4162 3455 4229 ἐστιν,
3511 4169 3672 4236 ἤγουν
3703 4165 3951 4226 ἐνέστηκεν

2365 4246 2500 4308 ἤδη.

2437 4339 2741 4401 Ἀληθινοὺς
2795 4335 2852 4391 δὲ
2904 4343 3272 4414 προσκυνητάς
3328 4341 3463 4413 λέγει
3516 4347 3638 4404 τοὺς
3691 4347 3943 4397 πιστεύον-

2365 4429 2458 4490 τάς
2489 4428 2560 4490 εἰς
2615 4427 2791 4493 αὐτόν,
2857 4433 2976 4491 τοὺς
3033 4437 3123 4490 τῆς
3183 4429 3492 4492 Ἐκκλησίας
3531 4434 3602 4496 ὡς
3651 4431 3843 4493 ἀληθῶς
3868 4437 3937 4484 σέ-

2367 4515 2572 4581 ϐοντας,
2607 4521 2696 4569 καὶ
2740 4517 2834 4569 οὐκ
2865 4515 2913 4569 ἐν
2979 4525 3148 4580 σκιαῖς
3207 4517 3548 4592 λατρεύοντας
3595 4525 3662 4582 ὡς
3714 4517 3930 4573 Ἰουδαῖοι

2367 4612 2456 4658 καὶ
2507 4614 2845 4679 Σαμαρεῖται.
2910 4613 3067 4660 Πᾶσα
3113 4611 3214 4682 γὰρ
3261 4610 3291 4667 ἠ
3352 4609 3561 4684 λατρεία
3603 4613 3781 4660 τούτων
3811 4607 3918 4656 σκιὰ

2369 4693 2430 4754 ἦν
2489 4699 2580 4748 καὶ
2637 4699 2976 4768 προτύπωσις
3042 4705 3138 4758 τῆς
3185 4695 3450 4762 ἀληθείας.
3510 4697 3657 4748 Οὗτοι
3720 4699 3826 4765 γοῦν
3865 4691 3911 4742 οἰ

2369 4783 2603 4843 ἀληθινοὶ
2657 4789 3020 4858 προσκυνηταὶ
3087 4785 3403 4860 λατρεύουσι
3474 4785 3582 4860 CH)
3639 4791 3711 4856 τῷ
3774 4785 3926 4855 “arpi.

2366 4873 2460 4926 οὐκ
2508 4873 2559 4927 ἕν
2613 4879 2816 4948 σώματι
2875 4871 2984 4927 ἀλλ’
3033 4873 3081 4928 ἓν
3129 4879 3405 4950 πνεύματι,
3467 4879 3730 4930 τουτέστιν
3777 4872 3826 4927 οὐ
3851 4867 3937 4926 διὰ

1801 5177 2026 5246 Varias
2062 5176 2396 5246 lectiones
2437 5189 2501 5246 et
2535 5189 2733 5248 notae.

679 5377 792 5449 (69)
843 5381 1215 5448 Συνετωτέρους
1261 5373 1434 5449 abest
1471 5377 1535 5430 A.
1590 5374 1712 5430 Hoc
1759 5373 2050 5430 vocabulo
2091 5374 2258 5449 vide-

608 5453 702 5506 tur
734 5445 996 5504 H'entenii
1027 5445 1205 5503 etiam
1244 5447 1430 5501 codex
1485 5449 1764 5502 caruisse.
1808 5449 1958 5515 Ergo
2007 5445 2260 5501 reddidit

603 5522 872 5592 praefert,
900 5522 1156 5576 Sensum
1195 5535 1334 5587 ergo
1387 5519 1693 5592 expressit,
1750 5535 1866 5592 non
1903 5517 2262 5592 vocabulum

608 5589 897 5662 ἀποφαίνει.
982 5596 1238 5663 Προτῗιμᾲ,
1299 5595 1563 5663 προκρίνει
1635 5589 1806 5644 nimis
1882 5590 2168 5644 recedunt
2227 5605 2263 5644 a

607 5679 878 5721 meorum
909 5662 1086 5716 codd.
1114 5662 1381 5716 lectione.

681 5733 793 5817 (70)
827 5733 958 5790 Haec
987 5737 1232 5810 uterque
1259 5733 1317 5786 in
1349 5730 1640 5810 margine.
1670 5730 1891 5790 Eadem
1917 5731 2099 5789 etiam
2123 5730 2258 5791 cod.

2372 5377 2431 5454 r_\r
2452 5374 2629 5454 habet
2656 5375 3040 5454 in_contextu,
3060 5447 3071 5454 .
3088 5379 3748 5454 ροϐε-προσκυνήσετςτῷ
3777 5383 3952 5454 Πατρίξ

2377 5449 2439 5501 Et
2464 5447 2708 5518 quidem
2730 5447 2934 5521 litteris
2953 5447 3558 5521 majusculis,qni_bus
3573 5447 3799 5521 reliqua
3812 5447 3955 5508 sacri

2375 5526 2679 5572 contextus
2704 5519 2914 5588 scripta
2959 5524 3114 5574 sunt.
3143 5521 3238 5574 Est
3261 5519 3404 5587 ergo
3433 5519 3549 5575 hoc
3582 5519 3956 5579 manifestum

2375 5588 2652 5661 indicium
2685 5589 2985 5661 particulae
3017 5606 3086 5644 ex
3119 5591 3376 5661 marg.in
3400 5597 3628 5646 textum
3650 5593 3954 5650 translatae.

2447 5659 2558 5730 (8|)
2592 5659 2758 5733 Forte
2792 5660 3183 5733 λατρεύσουσιν,
3226 5659 3290 5716 αὶ
3317 5662 3495 5718 habet
3522 5663 3870 5722 Hentenius.
3900 5668 3956 5724 In

2375 5734 2600 5789 textum
2627 5732 2805 5789 etiam
2835 5732 2922 5790 est
2949 5738 3429 5817 προσκυνήσουσιν,
