4120 6310
71 400 199 463 19⁵7

1147 364 1533 451 COMMENT.
1577 397 1651 455 1N
1685 400 2037 459 JOANNEM.
2078 433 2146 445 -
2186 376 2342 462 CAP.
2374 406 2462 462 1v.

3338 408 3472 465 1198

57 538 423 604 Ρωριοεϊιεεῶν
481 533 668 584 θυσιῶν
724 531 850 584 ἀλλὰ
896 528 987 584 διὰ
1034 521 1421 596 πνευματαῶν,
1471 530 1566 579 καὶ
1619 527 1711 580 ούκ

1859 542 1947 596 es;
1976 542 2085 583 nec
2116 546 2175 584 in
2209 530 2437 586 umbris
2469 535 2523 586 et
2552 529 2778 603 ﬁguris,
2817 530 2922 587 sed
2952 546 3010 587 in
3052 530 3323 599 veritate;
3364 548 3472 589 nec

57 642 89 670 ν
134 627 367 682 σκιαῖς
398 626 486 673 καὶ
514 623 695 683 τύποις
726 619 830 673 ἀλλ’
875 620 921 673 ἐν
954 620 1187 690 ἀληθείᾳ,
1220 611 1310 662 καὶ
1348 610 1407 664 οὗ
1438 618 1583 688 τόπῳ
1619 622 1712 675 τὴν

58 714 336 782 ,ατρείαν
386 712 786 783 περιγράφοντες
837 714 904 773 ὡς
949 706 1199 763 Ἰουδαῖοι
1238 707 1328 755 καὶ
1378 711 1709 781 Σαμαρεῖται,

57 796 168 849 ιλλ’
228 796 293 849 ἐν
352 804 515 851 παντὶ
554 804 695 871 τόπῳ
724 809 818 862 τῆς
860 796 1169 859 δεσποτείας
1205 794 1366 848 αὐτοῦ
1397 795 1714 868 εὐλογοῦντες

57 890 143 938 ’ὸν
187 890 329 961 Κύρ
340 908 437 942 ιον.

128 980 294 1049 Περὶ
366 984 459 1029 τοῦ
500 981 699 1051 Πατρός
747 975 805 1029 δι
858 981 1015 1050 μόνον
1045 984 1131 1029 νῦν
1176 984 1402 1029 ποιεῖται
1452 979 1537 1027 τὸν
1567 974 1715 1045 λόγον

57 1059 160 1115 ῗιά
189 1070 309 1122 τὴν
378 1064 644 1119 ἀσθένειαν
671 1074 759 1127 τῆς
787 1071 1051 1138 γυναικὸς·
1099 1066 1190 1118 οὐκ
1236 1062 1342 1117 ἔδει
1386 1068 1489 1139 γὰρ
1531 1063 1715 1138 ἀθρόον

57 1152 210 1224 εὐτῇ
262 1158 337 1205 τὸ
385 1151 564 1228 δόγμα
592 1164 963 1230 προσαγαγεῖν.

141 1246 273 1295 Καὶ
344 1246 449 1317 γὰρ
506 1273 570 1287 -
619 1245 798 1301 αὐτόν.
859 1244 1075 1316 Ἵὶγουν,
1145 1245 1201 1296 ού
1277 1246 1528 1305 τυπικούς
1609 1241 1714 1293 ἀλλ’

57 1330 414 1397 ἀληθινοὺς,
488 1334 547 1386 ού
627 1343 929 1407 σωματικῶς
999 1336 1211 1395 θύοντας
1293 1332 1420 1384 ἀλλὰ
1492 1351 1719 1403 πνευμα-

57 1430 274 1483 τικῶς.
354 1423 526 1476 Εἰπὼν
594 1421 652 1476 δε
708 1423 787 1475 ὃτι
840 1430 1016 1491 Ζητεί,
1094 1422 1321 1494 ἐνέφηνεν
1385 1422 1465 1473 ὂτί
1530 1420 1719 1494 ἀπαρέ-

58 1528 288 1563 σκει-αι
361 1520 422 1584 τῇ
478 1521 661 1585 νομικῇ
722 1513 953 1587 λατρεία,
1000 1517 1090 1564 καὶ
1141 1512 1317 1563 λοιπὸν
1378 1507 1719 1582 συγκαταϐα-

57 1608 253 1662 τικῶς
326 1601 498 1659 αὐτὴν
554 1600 890 1673 ἐνομοθέτησε
954 1600 1117 1653 πάλαι
1186 1605 1276 1652 καὶ
1353 1606 1720 1671 συνεχώρησεν

61 1686 231 1762 ἄχρι
263 1694 397 1743 τότε
430 1687 522 1743 διὰ
551 1695 643 1749 τὴν
674 1700 772 1743 τῶν
809 1690 1060 1763 Ἐϐραίων
1090 1692 1381 1762 παχύτητα
1429 1693 1520 1740 καὶ
1571 1686 1723 1739 ἀσθέ-

65 1796 264 1832 νειαν.

165 1872 411 1941 Πνεῦμα
481 1900 545 1909 -
627 1876 935 1942 προσκυνεῖν
949 1913 961 1924 .
1100 1875 1325 1939 Πνεῦμα,

73 1954 425 2028 ἀσώματος·
480 1954 564 2010 διὸ
620 1963 709 2010 καὶ
774 1961 896 2019 τοὺς
969 1956 1310 2029 λατρεύοντας
1376 1956 1517 2025 αύτῷ
1576 1974 1726 2007 πνευ-

81 2055 361 2114 ματικῶς
430 2052 538 2119 χρή
607 2046 889 2121 λατρεύειν,
944 2050 1034 2097 καὶ
1080 2044 1170 2096 ούκ
1235 2044 1283 2095 ἐν
1341 2050 1467 2114 σκιᾴ
1523 2042 1627 2094 ἀλλ’
1680 2042 1727 2094 ἐν

84 2131 366 2208 ἀληθείᾳ·
434 2143 587 2187 τοῦτο
638 2137 738 2209 γὰρ
800 2137 1087 2209 θεοπρεπὴς
1148 2138 1237 2185 καὶ
1288 2132 1605 2192 κατάλληλος
1643 2131 1729 2183 λα-

85 2228 279 2293 τρεία.
320 2228 651 2296 [[νευματικὴ
686 2221 745 2276 δε
773 2223 987 2298 λατρεία
1014 2222 1156 2274 ἐστὶν
1197 2224 1226 2281 ἡ
1261 2224 1726 2296 ταπεινοφροσύνη-

92 2314 295 2364 Θυσία
348 2316 471 2385 γὰρ,
534 2318 683 2385 φησὶ,
740 2322 809 2384 τῷ
864 2320 977 2382 Θεῷ
1030 2319 1232 2383 πνεῦμα
1278 2316 1727 2384 συντετριμμένον’

99 2404 202 2452 καὶ
263 2404 297 2460 ἡ
358 2406 659 2477 προσευχή’
717 2410 893 2454 Θῦσον
930 2404 1053 2476 γὰρ,
1086 2406 1237 2473 φησὶ,
1284 2409 1355 2470 τῷ
1391 2409 1504 2472 Θεῷ
1546 2402 1731 2452 θῦσίαν

104 2491 396 2551 αἰνέσεως·
457 2496 546 2543 καὶ
576 2490 746 2552 ἁπλῶς
798 2498 947 2543 πᾶσα
999 2494 1319 2563 πνευματικὴ
1370 2489 1545 2563 ἀρετίν
1608 2491 1734 2544 Τότε

106 2581 221 2654 γὰρ
236 2622 250 2643 ,
346 2585 526 2652 φησὶν,
592 2581 646 2633 εύ
656 2578 893 2641 δοκήσεις

109 2672 300 2723 ταῦθα
392 2668 418 2721 6
433 2673 706 2727 ικαιοσύνη
718 2692 739 2731 ς
823 2672 1097 2740 νοουμένης

971 2582 1159 2632 θυσίαν
1231 2576 1589 2639 δικαιοσύνης·
1661 2578 1734 2630 ἐν·

1192 2667 1474 2727 καθολικῶς
1555 2670 1701 2725 πάση
1713 2687 1735 2728 ς

118 2755 325 2829 ἀρετῆς
355 2755 425 2811 δι’
455 2760 513 2819 ἧς
543 2760 568 2811 ὁ
596 2760 863 2830 ἄνθρωπος
894 2754 1217 2811 δικαιοῦται.

799 2847 1082 2917 Ἰλιγγίασε
1150 2846 1266 2915 (7'2)
1327 2848 1457 2918 πρὸς
1520 2849 1580 2897 τὸ
1638 2854 1737 2897 τῶν

126 2935 394 3007 ῥηθέντων
478 2935 628 3007 ὒψος,
697 2941 785 2987 καὶ
832 2935 1009 2987 λοιπὸν
1067 2933 1372 3008 ἀπαγορεύει
1459 2939 1553 2992 τὴν
1618 2940 1737 3009 περὶ

202 2853 365 2920 Λέγει
414 2878 479 2889 -
530 2849 716 2899 πάντα.

130 3030 236 3072 τῶν
297 3026 540 3076 τοιούτων
596 3023 870 3096 ἀκρόασιν,
945 3022 1100 3076 Ἀλλά
1180 3024 1332 3075 ποθεν
1396 3029 1742 3098 Σαμαρείταις

132 3108 444 3183 προσδοκία
493 3121 583 3173 τῆς
642 3121 732 3164 τοῦ
800 3119 1033 3184 Χριστοῦ
1091 3108 1401 3185 ἐπιδημίας
1459 3113 1587 3165 Ἀπὸ
1644 3122 1743 3164 τῶν

138 3206 440 3253 Μωσαῐκῶν
508 3208 739 3277 Γραφῶν.
798 3200 1033 3274 Ἔγραψε
1103 3204 1205 3276 γὰρ
1273 3209 1533 3263 Μωῦσῆς·
1610 3208 1738 3273 Προ-

142 3293 316 3359 φήτην
389 3293 509 3365 ύμῖν
582 3291 866 3350 ἀναστήσει
945 3294 1130 3365 Κύριος
1212 3293 1237 3342 ὁ
1305 3296 1434 3352 Θεὸς
1513 3290 1568 3342 ἐκ
1647 3300 1747 3342 τῶν

146 3376 383 3453 ἀδελφῶν
416 3384 578 3455 ὑμῶν,
608 3384 677 3443 ὡς
709 3380 812 3453 ἐμέ·
841 3380 998 3433 αὑτοῦ
1034 3379 1341 3435 ἀκούσεσθε.

218 3476 375 3543 Λέγει
422 3502 489 3510 —
542 3490 643 3525 σοι.
708 3474 829 3531 Τοῖς
1058 3466 1338 3531 Ἰουδαίοις
1416 3470 1751 3543 ἐπικειμένοις

150 3563 241 3610 καὶ
342 3560 599 3630 λέγουσιν·
712 3558 843 3621 “Eas;
936 3563 1061 3612 ποτε
1151 3565 1243 3617 τὴν
1335 3559 1522 3630 ψυχὴν
1602 3561 1749 3631 ἡμῶν

430 3648 536 3700 εἰπε
606 3650 750 3721 ἡμῖν,
847 3648 889 3699 εἰ
971 3652 1035 3699 σὺ
1112 3645 1159 3700 εἶ
1229 3650 1254 3699 6
1332 3653 1580 3721 Χριστός·
1658 3649 1751 3700 οῦκ

342 3560 599 3630 λέγουσιν·
712 3560 843 3621 “Eas;
936 3563 1061 3612 ποτε
1151 3565 1243 3617 τὴν

154 3650 313 3718 αἴρεις
338 3666 350 3710 ;

159 3731 463 3809 ἀπεκρίνατο
508 3745 659 3789 τοῦτο
721 3746 917 3808 σαφῶς.
981 3740 1155 3808 Ταύτῃ
1213 3734 1272 3788 δε
1322 3737 1511 3788 αὐτίκα
1571 3737 1751 3789 ἑαυτὸν

160 3820 484 3893 ἐφανέρωσεν·
537 3826 981 3899 εύγνωμονεστέρα
1055 3828 1156 3898 γὰρ
1230 3825 1393 3877 αὐτῶν
1456 3822 1536 3883 ἧν.
1592 3827 1753 3879 Ἐκεῖ-

160 3930 238 3963 νοι
284 3918 367 3983 μεν
410 3917 534 3987 γὰρ,
581 3914 685 3984 οὐχ
739 3915 818 3965 ἵνα
867 3917 1223 3965 πιστεύσωσιν
1272 3912 1489 3974 ἐζήτουν
1550 3917 1750 3987 μαθεῖν,

166 4000 265 4053 ἀλλ’
294 4005 414 4077 ὑπερ
468 4011 559 4056 τοῦ
607 4000 938 4075 κωμῳδῆσαι
988 4002 1162 4055 αὐτὸν·
1210 4002 1342 4061 αύτη
1399 4000 1457 4056 δι
1510 4006 1757 4075 μαθοῦσα

166 4092 453 4147 επίστευσε.

241 4187 336 4233 Καὶ
388 4213 457 4223 -
531 4180 718 4237 αὐτοῦ.
792 4180 906 4235 Ἐπὶ
962 4183 1148 4253 τούτῳ,
1209 4181 1319 4235 ἀντὶ
1372 4190 1483 4249 τοῦ,
1552 4186 1755 4237 Τούτων

171 4268 459 4342 λεγομένων.

245 4364 337 4411 Καὶ
373 4390 439 4399 -
477 4358 663 4417 ἐλάλει,
718 4358 839 4411 Ὀτι
892 4360 1199 4423 τηλικοῦτος
1236 4366 1304 4413 ὤν
1353 4364 1481 4434 μετά
1516 4366 1760 4433 γυναικὸς

178 4446 390 4509 εὐτελοῦς
421 4445 697 4521 διελέγετο.

246 4534 419 4599 Οὐδεὶς
478 4569 545 4579 -
619 4538 820 4603 αὐτῆς
892 4538 1197 4611 Ἐσίγησαν,
1272 4548 1522 4612 τιμῶντες
1581 4541 1757 4593 αὐτὸν.

180 4624 567 4701 Πεπαιδευμένοι
616 4631 716 4703 γὰρ
772 4632 830 4681 τὸ
886 4634 956 4701 μὴ
1012 4631 1183 4682 πάντα
1230 4632 1297 4681 τὰ
1348 4637 1437 4682 τοῦ
1496 4627 1762 4683 διδασκά-

181 4712 264 4767 λου
318 4718 768 4792 περιεργάζεσθαι.
842 4716 986 4789 Ἅμα
1038 4714 1097 4769 δὲ
1167 4722 1257 4769 καὶ
1327 4716 1605 4789 ἐγίνωσκον
1682 4718 1761 4771 ὃτι

184 4812 280 4865 τοῖς
350 4808 592 4878 ψυχικοῖς
664 4808 961 4880 τραύμασιν
1028 4806 1194 4868 αὐτῆς
1259 4808 1533 4881 φάρμακον
1601 4807 1763 4860 ἐπιτί-

192 4894 347 4950 θησιν.

257 5028 295 5063 ⁸⁷
328 5028 468 5085 Psal.
507 5046 552 5095 L,
592 5032 673 5085 19.
752 5029 798 5065 ⁸⁸
844 5026 996 5085 Psal.
1049 5045 1204 5100 xux,
1250 5030 1331 5084 14.

1411 5031 1459 5066 ⁸³
1491 5030 1647 5087 Psal.
1676 5048 1726 5102 ι,
1770 5036 1857 5087 2t.

1819 623 2045 679 cultum
2107 620 2239 675 loco
2301 620 2876 684 circumscribentes,
2945 620 3125 676 veluti
3170 621 3355 677 Judaei
3418 628 3473 677 et

1824 710 2200 775 Samaritani,
2231 710 2337 764 sed
2381 710 2437 764 in
2480 709 2645 764 omni
2690 708 2821 765 loco
2864 708 3291 766 dominationis
3339 712 3471 781 ejus

1821 800 2239 857 benedicentes
2286 798 2627 853 Dominum.

1897 980 1976 1033 De
2029 977 2156 1033 solo
2199 982 2399 1033 autem
2449 977 2617 1031 Patre
2684 975 2819 1032 facit
2881 992 3038 1032 nunc
3083 977 3468 1043 mentionem,

1825 1073 2065 1140 propter
2104 1066 2366 1121 mulieris
2411 1065 2873 1121 imbecillitatem
2911 1081 2923 1120 :
2963 1082 3155 1139 neque
3194 1066 3354 1121 enim
3391 1083 3476 1123 re-

1827 1157 2137 1229 pcntinum
2170 1156 2287 1225 (hh)
2318 1154 2542 1226 dogma
2576 1170 2911 1227 proponere
2951 1155 3003 1212 ei
3033 1156 3363 1229 oportebat.

1896 1247 2057 1301 νει-ε.
2102 1245 2189 1299 23.
2238 1244 2392 1299 Nam
2425 1250 2483 1299 et
2514 1275 2580 1283 —
2620 1246 2833 1313 ipsum.
2872 1246 3015 1301 Puta
3062 1260 3182 1301 uon
3213 1244 3478 1315 ﬁgurati-

1830 1352 1954 1397 vos,
1992 1334 2096 1389 sed
2123 1350 2324 1401 veros;
2367 1349 2487 1388 non
2519 1333 2923 1405 corporaliter,
2959 1334 3063 1390 sed
3098 1335 3478 1407 spiritualiter

1827 1424 2235 1482 immolantes.
2264 1423 2466 1477 Dicens
2488 1427 2687 1479 autem
2717 1440 2730 1477 :
2756 1423 2992 1490 Qum-it,
3014 1424 3291 1488 ostendit,
3311 1424 3479 1496 quod

1828 1513 1977 1585 legis
2017 1512 2349 1567 immolatio
2392 1511 2751 1583 displiceret,
2798 1516 2856 1566 et
2891 1527 3034 1567 sane
3076 1512 3219 1567 olim
3265 1513 3480 1568 conde-

1830 1602 2173 1659 scendendo
2205 1606 2492 1656 statuerat
2519 1601 2701 1667 illam,
2734 1605 2790 1656 et
2817 1617 3004 1673 usque
3031 1600 3108 1656 ad
3138 1602 3199 1656 id
3242 1605 3479 1673 tempus

1833 1692 2210 1757 sustinuerat,
2254 1695 2492 1762 propter
2520 1690 2897 1745 Hebraeorum
2928 1689 3397 1746 imbecillitatem
3423 1695 3481 1747 et

1832 1781 2312 1838 crassitudinem.

1457 1869 1724 1918 τουτέστιν
1759 1884 1802 1937 Β
1903 1872 2064 1926 Vers.
2102 1870 2189 1924 2's.
2231 1869 2579 1937 Spiritus—
2606 1870 2878 1925 adorare.
2920 1868 3191 1940 Spiritus,
3228 1869 3341 1924 hoc
3372 1874 3480 1936 est,

1836 1961 2221 2032 incorporeus
2253 1958 2421 2014 :ideo
2444 1959 2621 2014 etiam
2652 1958 2908 2013 colentes
2929 1974 3067 2014 eum
3100 1958 3487 2029 spiritualiter

1838 2051 2029 2106 colere
2072 2052 2324 2120 oportet,
2373 2063 2494 2102 non
2544 2047 2605 2102 in
2666 2047 2903 2113 umbra,
2956 2047 3059 2102 sed
3094 2047 3153 2101 in
3196 2046 3479 2113 veritate;

1838 2139 1961 2194 haec
1992 2137 2149 2192 enim
2180 2138 2541 2191 conveniens
2582 2141 2686 2201 est,
2736 2150 2805 2191 ac
2848 2136 3034 2190 Deum
3073 2134 3258 2190 decet.
3310 2135 3485 2207 Spiri-

1839 2226 2015 2284 tualis
2061 2232 2260 2281 autem
2300 2225 2514 2290 cultus,
2557 2225 2677 2280 sive
2707 2224 2900 2281 latria.
2936 2228 3025 2279 est
3048 2224 3235 2281 animi
3284 2226 3487 2280 mode-

1841 2317 1954 2372 stia
1987 2331 1998 2369 :
2032 2315 2426 2382 Sacriﬁcium,
2453 2314 2663 2385 inquit,
2694 2315 2810 2369 Deo
2830 2314 3069 2383 spiritus
3098 2313 3375 2369 contritus
3406 2315 3487 2383 ‘7;

1840 2412 1897 2462 et
1949 2405 2132 2460 oratis
2195 2426 2207 2458 :
2259 2404 2568 2471 Sacri/ica,
2630 2403 2727 2468 ait,
2782 2404 2899 2458 Deo
2947 2402 3308 2470 sacriﬁcium
3371 2404 3492 2458 lau-

1840 2496 1931 2550 dis
1962 2494 2049 2559 6';
2092 2497 2167 2557 et,
2202 2496 2265 2547 ut
2292 2508 2410 2546 uno
2442 2492 2621 2546 verbo
2654 2491 2873 2560 dicam,
2915 2492 3113 2547 omnis
3146 2493 3332 2547 virtus
3372 2492 3485 2564 spi-

1841 2581 2068 2639 ritualis
2100 2603 2111 2637 :
2148 2581 2308 2634 Tunc
2327 2579 2673 2649 acceptabis,
2702 2580 2912 2651 inquit,
2941 2580 3296 2649 sacriﬁcium
3315 2580 3494 2651 justi-

1844 2673 1942 2726 tiae
1971 2673 2039 2737 σθ,
2074 2669 2175 2723 ubi
2226 2669 2405 2723 dictio
2442 2668 2712 2739 Iustitiae,
2753 2683 2861 2740 pro
2896 2670 3061 2725 omni
3090 2669 3300 2726 virtute
3340 2670 3497 2727 acci-

1844 2760 2023 2833 pitur,
2057 2773 2161 2831 per
2188 2773 2375 2830 quam
2418 2758 2603 2813 homo
2629 2758 2824 2828 justus
2868 2756 3139 2814 efﬁcitur.

1917 2848 2080 2903 Vers.
2123 2853 2210 2903 25.
2244 2850 2330 2902 Ait
2360 2878 2427 2888 -—
2457 2847 2678 2903 omnia.
2709 2847 2981 2904 Inhiabat
3005 2849 3082 2904 ad
3114 2863 3323 2904 eorum
3364 2864 3494 2921 qua

1848 2939 2008 2995 dicta
2038 2943 2194 3005 sunt,
2218 2937 2665 3001 sublimitatem,
2699 2938 2804 2993 sed
2830 2937 3009 2994 modo
3026 2938 3323 3010 desperat,
3362 2955 3502 3010 pos-

1852 3028 2124 3083 sedeillis
2138 3026 2363 3083 audire.
2397 3026 2510 3082 Sed
2530 3027 2685 3081 unde
2709 3028 3097 3083 Samaritanis
3131 3028 3502 3099 exspectatio

1854 3118 2147 3174 adventus
2187 3112 2443 3172 Christi?
2482 3117 2525 3169 Α
2568 3116 2839 3171 Mosaicis
2892 3116 3214 3188 scripturis.
3259 3116 3504 3189 Scripsit

1856 3208 2015 3263 enim
2062 3209 2249 3262 Moses
2284 3224 2297 3261 :
2336 3206 2675 3275 Prophetam
2714 3205 3014 3261 suscitabit
3054 3206 3205 3262 vobis
3246 3206 3398 3261 Deus
3434 3206 3507 3261 de

1854 3296 2155 3367 fratribus
2185 3296 2389 3351 vestris
2418 3311 2429 3348 :
2465 3298 2746 3366 tanquam
2774 3310 2864 3351 me
2893 3295 3062 3351 illum
3082 3294 3331 3351 audietis
3361 3296 3433 3350 το.

1929 3474 2090 3528 Vers.
2134 3475 2224 3527 26.
2274 3470 2430 3526 Dicit
2486 3501 2553 3510 —
2597 3476 2808 3527 tecum.
2860 3469 3085 3526 Judaeis
3149 3470 3511 3529 instantibus

1858 3579 1928 3618 ac
1966 3561 2343 3617 dicentibus:
2377 3560 2759 3629 Quoadusque
2805 3560 3057 3614 animam
3104 3566 3372 3617 nostram
3417 3578 3513 3616 su-

1860 3666 2119 3720 spensam
2162 3656 2317 3704 tenes
2350 3650 2377 3704 ‘?
2416 3648 2512 3704 dic
2556 3650 2734 3712 nobis,
2786 3664 2865 3703 an
2914 3655 2973 3704 tu
3014 3648 3089 3704 sis
3133 3649 3401 3705 Christus
3442 3651 3511 3706 τί.

1862 3745 1987 3797 Non
2018 3738 2326 3810 respondit
2357 3738 2468 3793 hoc
2516 3737 2826 3793 manifeste
2859 3756 2873 3807 ;
2917 3738 3056 3793 huic
3107 3746 3303 3794 autem
3337 3740 3515 3811 proti-

1862 3846 1977 3886 nus
2019 3845 2079 3883 se
2113 3830 2309 3899 ipsum
2353 3826 2792 3893 manifestavit;
2837 3844 2970 3881 nam
2999 3827 3119 3883 haec
3152 3829 3377 3901 aequior
3404 3828 3515 3883 illis

1863 3922 2004 3974 erat.
2035 3917 2340 3990 Siquidem
2372 3916 2487 3987 ipsi
2520 3932 2639 3971 non
2673 3916 3075 3981 utcrederent,
3100 3917 3323 3972 discere
3352 3934 3520 3990 quie-

1863 4009 2095 4072 rebant,
2129 4006 2231 4061 sed
2276 4012 2337 4060 ut
2373 4005 2871 4076 reprehenderent
2904 4022 2916 4058 :
2952 4006 3083 4077 ipsa
3132 4022 3273 4062 vero
3316 4006 3518 4062 statim

1866 4102 2185 4170 postquam
2232 4094 2458 4158 didicit,
2502 4094 2768 4150 credidit.

1940 4188 2097 4241 Vers.
2138 4184 2225 4238 27.
2252 4184 2326 4237 Et
2362 4214 2431 4225 —
2462 4184 2605 4253 ejus.
2640 4183 2705 4239 In
2738 4184 2869 4253 hoc,
2904 4184 2963 4240 id
2990 4188 3100 4254 est,
3132 4185 3224 4240 his
3255 4185 3448 4242 dictis.

1941 4363 2102 4417 Vers.
2134 4366 2219 4417 27.
2240 4361 2325 4416 Ac
2356 4392 2419 4401 —
2456 4363 2787 4432 loqueretur
2813 4360 2980 4427 Quod
3019 4378 3155 4417 cum
3186 4361 3314 4417 talis
3341 4369 3521 4431 esset,

1871 4468 2009 4508 cum
2036 4450 2134 4506 vili
2168 4450 2415 4506 muliere
2455 4450 2809 4521 disputaret.

1946 4540 2107 4596 Vers.
2150 4541 2235 4596 37.
2287 4540 2469 4595 Nemo
2517 4570 2575 4579 -
2628 4539 2736 4595 illa
2768 4539 2795 4592 i’
2833 4537 3187 4607 Tacuerunt,
3235 4541 3522 4597 honorem

1871 4630 1982 4702 ipsi
2020 4628 2396 4695 deterentes;
2438 4627 2737 4700 siquidem
2780 4628 3049 4683 instructi
3097 4635 3284 4695 erant,
3330 4629 3418 4701 (ii)
3452 4646 3525 4685 ne

1870 4718 2075 4775 omnia
2116 4718 2381 4785 magistri
2422 4716 2577 4772 facta
2612 4720 2845 4771 curiose
2884 4717 3249 4789 inquirerent
3289 4735 3302 4773 ε
3350 4718 3527 4774 simul

1871 4808 2047 4864 etiam
2072 4807 2338 4861 sciebant
2363 4805 2528 4878 quod
2561 4804 2962 4878 spiritualibus
2994 4806 3147 4861 illius
3182 4807 3525 4864 vulneribus

1874 4896 2269 4969 pharmacum
2309 4898 2663 4966 apponeret.

1934 5031 1984 5066 ⁷ο
2015 5031 2180 5085 Deut.
2208 5044 2361 5095 xvm,
2404 5033 2484 5085 t5.
2559 5030 2604 5065 τί
2634 5029 2802 5084 Joan.
2837 5047 2891 5094 x,
2926 5029 3019 5085 24.

1389 5208 1605 5277 Variae
1638 5208 1960 5278 lectiones
1992 5219 2049 5276 ct
2088 5219 2288 5277 notae.

264 5363 363 5431 (72)
381 5365 499 5417 Non
514 5359 665 5432 cepit
693 5360 802 5415 hoc
826 5359 1165 5432 Hentenius.
1189 5362 1285 5415 Est
1302 5360 1460 5415 enim
1489 5360 1765 5429 vertigine

203 5436 403 5505 corripi,
425 5431 598 5504 quod
616 5432 763 5505 solet
782 5431 1049 5505 accidere
1080 5432 1151 5487 iis
1168 5434 1270 5502 qui
1288 5432 1520 5487 excelsa
1540 5433 1767 5487 intuen-

204 5512 303 5575 tur,
330 5503 417 5560 aut
442 5503 511 5559 ex
538 5504 667 5560 loco
698 5504 854 5559 edito
881 5503 1153 5559 deorsum
1180 5509 1461 5575 spectant.
1494 5504 1769 5560 Reddidit

273 5697 381 5824 (έιὴ)
403 5700 809 5768 Repentinum.
845 5702 1121 5771 Repente.
1154 5699 1248 5754 Est
1274 5697 1433 5755 enim
1456 5696 1643 5773 ἀθροὸν
1665 5698 1767 5754 ad-

273 5787 278 5802 '
320 5786 452 5824 tum.

218 5786 449 5828 CPDIUHL

276 5842 350 5918 (ἡ)
374 5841 662 5916 Siquidem
680 5840 958 5900 instructi
974 5847 1162 5909 erant,
1191 5846 1301 5899 etc.
1329 5842 1479 5899 Bene
1497 5841 1658 5899 enim
1681 5840 1765 5901 in-

1876 5362 1973 5434 ita,
2010 5377 2078 5416 ac
2111 5359 2158 5415 si
2191 5359 2469 5434 repererit
2502 5360 2711 5434 κέχηνε,
2748 5358 2910 5434 quod
2942 5362 3141 5434 ipsum
3166 5378 3285 5419 non
3314 5361 3533 5420 absur-

1875 5432 2021 5512 dum
2045 5438 2152 5512 est.
2190 5432 2522 5512 quosensu
2560 5432 2875 5504 Gregorius
2904 5432 3039 5490 Naz.
3093 5452 3151 5509 p.
3200 5436 3317 5500 159,
3350 5435 3524 5492 dixit:

1877 5510 2014 5579 Πρὸς
2060 5509 2175 5565 τοὺς
2216 5509 2456 5580 ἀστέρας.

1875 5698 2057 5755 stituti
2096 5704 2203 5765 est,
2254 5714 2373 5755 non
2435 5700 2641 5757 omnia
2707 5700 2969 5759 doctoris
3026 5700 3264 5760 curiose
3337 5701 3529 5778 inqui-

1874 5786 2024 5827 rere.
