4120 6310
713 377 852 438 1199

784 507 942 561 Vers.
979 505 1064 561 28.
1099 505 1348 576 Reliquit
1380 500 1618 558 —Vers.
1639 502 1727 557 29.
1763 503 2032 558 Christus
2060 504 2088 557 γ
2114 504 2365 558 Venerat
2396 505 2442 554 Α

713 595 791 650 ad
831 595 1172 650 sensibilem
1223 595 1465 658 tontem,
1512 598 1568 646 et
1600 591 1822 645 invenit
1862 591 2314 647 intellectualem
2350 613 2361 644 :

711 689 891 756 atque
909 699 1163 740 accensa
1187 688 1275 738 est
1292 684 1427 754 igne
1447 679 1844 753 spiritualium
1865 680 2188 744 undarum,
2213 680 2364 735 adeo

711 778 775 828 ut
811 780 868 828 et
896 772 1173 845 hydriam
1207 772 1561 842 relinqueret
1585 776 1641 824 et
1687 772 2096 824 necessitatem
2129 775 2368 841 propter

711 877 898 933 quam
925 866 1267 923 accesserat,
1302 865 1676 930 curreretque
1717 858 1775 912 in
1807 857 2126 922 civitatem,
2163 875 2231 913 ac
2262 873 2368 928 po-

712 950 920 1021 pulum
953 965 1196 1005 omnem
1237 949 1313 1004 ad
1342 951 1542 1003 Jesum
1585 947 1904 1002 attraheret
1937 964 1950 1001 :
1986 947 2208 1002 docens
2230 963 2362 1010 nos,

711 1057 850 1095 cum
882 1039 1213 1110 spiritualia
1245 1038 1402 1093 nacti
1431 1037 1736 1100 fuerimus,
1772 1036 2119 1108 temporalia
2149 1041 2367 1092 cuncta

711 1129 1035 1200 despicere.

780 1223 843 1272 Et
884 1217 1070 1274 videte
1117 1215 1380 1271 mulieris
1434 1215 1814 1288 sapientiam.
1869 1217 1995 1271 Non
2037 1215 2227 1271 dixit:
2265 1215 2367 1270 Ve-

713 1306 850 1370 nite,
895 1305 1083 1361 videte
1124 1305 1446 1371 Christum,
1497 1321 1623 1360 cum
1665 1309 1867 1360 tamen
1922 1305 2185 1360 crederet
2235 1319 2366 1360 esse

713 1395 1029 1460 Christum,
1080 1410 1152 1450 ne
1191 1393 1265 1448 de
1306 1393 1649 1465 hujusmodi
1691 1410 1752 1447 re
1784 1409 1818 1448 a
1859 1393 2055 1465 seipsa
2093 1393 2366 1462 judicare

714 1481 1010 1538 videretur
1042 1499 1054 1537 :
1089 1483 1422 1537 maximum
1467 1481 1628 1537 enim
1662 1480 1975 1537 videbatur
2005 1496 2366 1552 cognoscere

711 1586 844 1626 eum
881 1571 982 1643 qui
1019 1571 1500 1643 exspectabatur,
1554 1570 1658 1626 sed
1704 1569 1852 1625 alios
1904 1577 2077 1625 vocat
2117 1570 2361 1641 iudices.

715 1662 899 1732 thue
923 1660 1052 1715 illos
1080 1661 1273 1729 magis
1312 1660 1590 1726 attrahat,
1616 1659 1787 1715 offert
1817 1659 1902 1715 eis
1941 1659 2122 1714 veluti
2151 1675 2365 1731 quam-

2058 369 2396 433 EUTHYMII
2430 363 2762 432 ZIGABEN‘t
3967 375 4021 430 na:

2542 499 2758 572 Ἀφῆκεν
2811 531 2880 540 -
2931 503 3193 574 Χριστόςς
3266 498 3449 552 Ἦλθεν
3504 498 3604 551 ἐπὶ
3689 504 3791 557 τὴν
3846 500 4021 556 aia-9rd

2472 594 2668 660 πηγὴν,
2720 591 2942 661 εύροῦσα
3013 585 3072 641 δε
3125 593 3219 646 τὴν
3272 592 3461 646 νοητὴν
3523 587 3718 648 οὓτως
3771 587 3959 659 ἀνήρθη
4005 610 4020 638 .-

2472 683 2601 752 πυρὶ
2651 686 2752 729 τῶν
2816 686 3172 750 πνευματικῶν
3239 680 3479 749 ναμάτων
3548 681 3626 737 ὡς
3679 683 3778 730 καὶ
3834 681 3890 729 τὸ
3943 681 4021 748 ἐπ

2476 767 2696 839 ἀφεῖναι,
2765 771 2855 818 καὶ
2928 771 3021 825 τὴν
3095 771 3280 840 χρείαν
3337 763 3410 819 δι’
3462 771 3525 825 ἧν
3610 771 3942 841 παρεγένετο,
3992 788 4022 816 ιι

2477 853 2693 929 δραμεῖν
2725 855 2796 915 εἰς
2841 861 2933 914 τὴν
2986 855 3149 921 πόλιν,
3208 860 3297 907 καὶ
3353 856 3523 907 πάντα
3591 859 3690 907 τὸν
3743 853 3910 926 δῆμον
3949 857 4021 907 Em

2478 964 2569 996 σαι
2620 948 2744 1019 πρὸς
2796 949 2882 996 τὸν
2921 947 3148 1011 Ἰησοῦν,
3193 941 3521 997 παιδεύουσα
3576 946 3760 1016 ἡμᾶς,
3813 945 3925 996 ὃταν
3957 946 4020 994 ἐπ’.

2474 1053 2651 1106 χωμεν
2725 1041 3114 1106 πνευματικοῖς,
3186 1035 3438 1110 ύπερορᾲν
3512 1035 3748 1086 πάντων
3806 1043 3901 1085 τῶν
3962 1032 4021 1102 ξε,

2476 1130 2659 1176 τικῶν.

2548 1216 2649 1264 Καὶ
2709 1211 2805 1286 ὁρα
2859 1217 3041 1284 σοφίαν
3075 1216 3340 1284 γυναικός.
3394 1211 3503 1265 Ούκ
3559 1209 3708 1278 εἷπε,
3744 1218 3909 1268 Δεῦτε,
3955 1207 4021 1261 ia‘:

2474 1303 2560 1351 τὸν
2631 1304 2878 1374 Χριστὸν,
2934 1305 3106 1354 καίτοι
3180 1303 3506 1354 πιστεύουσα
3593 1301 3687 1353 ὃτι
3772 1303 3798 1352 ὁ
3871 1308 4021 1372 Χριςτπς

2476 1389 2638 1454 ἐστιν,
2700 1391 2781 1442 ἱνα
2832 1395 2903 1462 μή
2959 1387 3090 1463 δοξη
3140 1395 3329 1464 κρίνειν
3383 1390 3466 1462 ἀφ’
3516 1393 3731 1452 ἓαυτῆς
3784 1396 3895 1462 περὶ
3944 1391 4021 1443 πῖπ-

2474 1482 2660 1530 κούτου
2724 1482 3050 1553 πράγματος·
3130 1485 3376 1552 μέγιστον
3433 1482 3537 1553 γὰρ
3614 1477 3800 1532 ἰδὸκει
3875 1484 3924 1530 τὸ
3973 1497 4014 1526 ετ

2473 1576 2665 1639 γνῶναι
2715 1573 2801 1621 τὸν
2854 1565 3304 1641 προσδοκώμενον·
3364 1567 3470 1622 ἀλλ’
3527 1569 3756 1642 ἐτέρους
3805 1568 3935 1620 καλεῖ
3967 1587 4021 1616 τι

2474 1661 2584 1721 τὰς,
2633 1657 2717 1710 ἱνα
2762 1662 2853 1710 καὶ
2889 1658 3076 1729 μᾶλλον
3129 1658 3316 1720 αὐτούς
3369 1657 3778 1717 ἐπισπάσηται.
3841 1662 4021 1727 [lyctius

710 1747 852 1804 dam
871 1765 1092 1815 escam,
1119 1764 1359 1803 suorum
1383 1748 1654 1803 videlicet
1681 1753 2056 1820 peccatorum
2088 1748 2353 1803 detectio-

2477 1743 2535 1798 δὲ
2595 1749 2813 1810 τούτοις,
2875 1748 3105 1820 καθάπερ
3158 1767 3208 1799 τι
3282 1743 3484 1821 δελεαρ,
3585 1753 3692 1806 τὴν
3773 1746 4020 1811 inani-4:»

708 1853 869 1892 nem.
906 1837 1133 1894 Sciebat
1162 1837 1524 1908 enim,quod
1560 1837 1607 1892 si
1633 1836 2110 1892 sermonesillius
2146 1836 2233 1891 vel
2264 1852 2362 1892 so-

707 1925 832 1980 lum
863 1932 1188 1995 gustarent,
1227 1927 1500 1996 protinus
1539 1931 1597 1980 et
1635 1925 1748 1997 ipsi
1790 1926 2172 1980 irretirentur.
2203 1926 2365 1982 Num

711 2015 806 2070 hic
834 2023 909 2071 est
956 2014 1220 2070 Christus
1252 2012 1279 2066 ?
1305 2015 1417 2070 hoc
1457 2023 1559 2079 est,
1595 2017 1744 2070 Num
1777 2013 2044 2069 fortassis
2077 2015 2173 2070 hic
2217 2021 2308 2070 est
2337 2017 2364 2071 ?

709 2105 860 2159 Nam
900 2103 1233 2159 haesitando
1259 2103 1538 2174 loquitur,
1569 2109 1857 2175 tanquam
1889 2103 2279 2170 addubitans,
2303 2110 2366 2161 ut

709 2189 783 2244 ab
811 2187 925 2243 illis
955 2187 1128 2244 detur
1160 2187 1472 2244 sententia.

772 2366 930 2421 Vers.
957 2370 1045 2422 30.
1083 2365 1399 2425 Exierunt.
1448 2397 1515 2406 —
1546 2367 1704 2420 Vers.
1747 2364 1835 2421 31.
1872 2366 2122 2424 Comede.
2153 2367 2362 2423 Viden-

707 2461 792 2509 tes
845 2470 978 2510 eum
1027 2456 1101 2510 ab
1143 2454 1351 2510 itinere
1402 2453 1719 2521 defessum,
1776 2460 1834 2510 et
1884 2455 1958 2510 ab
2012 2456 2361 2512 imminente

705 2544 882 2600 solari
933 2543 1165 2609 ardore,
1207 2543 1502 2613 rogabant
1549 2559 1707 2599 eum.
1755 2547 1904 2600 Nam
1954 2545 2068 2602 hoc
2124 2546 2184 2600 in
2227 2545 2360 2602 loco

702 2633 914 2706 ἠρώτων
948 2633 1109 2688 idem
1154 2633 1475 2702 signiﬁcat,
1531 2634 1695 2705 quod
1742 2635 2245 2703 deprecabantur;
2297 2635 2358 2690 id

701 2728 902 2778 autem
939 2722 1308 2777 vehementis
1335 2727 1420 2777 est
1463 2723 1706 2789 amoris,
1751 2739 1871 2778 non
1911 2725 2281 2780 temeritatis.

772 2812 940 2867 Vers.
971 2813 1057 2867 32.
1090 2812 1174 2865 At
1201 2810 1307 2865 ille
1335 2842 1404 2851 —
1443 2811 1608 2865 Vers.
1631 2815 1718 2867 33.
1754 2812 1920 2878 Quod
1937 2812 2129 2868 ederet
2161 2814 2188 2868 ‘I
2224 2819 2354 2885 Ipse

699 2900 943 2972 quidem
959 2899 1158 2955 cibum
1178 2899 1432 2967 dicebat,
1450 2899 1762 2954 hominum
1782 2902 2062 2974 salutem;
2081 2902 2354 2974 discipuli

701 3004 838 3044 vero
864 2988 937 3043 de
969 2988 1104 3042 cibo
1135 2987 1392 3042 sensibili
1438 2987 1850 3056 intelligentes,
1888 2989 2169 3045 haesitant
2204 2991 2355 3046 inter

2473 1843 2574 1888 τῶν
2647 1831 2790 1887 ἰδίων
2849 1837 3138 1910 ἁμαρτιῶν.
3204 1835 3481 1907 Ἐγίνωσκε
3541 1839 3652 1910 γὰρ
3731 1840 3802 1898 ὡς
3854 1836 3894 1888 εἰ
3932 1841 4017 1906 nam

2473 1925 2763 1994 γεύσωνται
2838 1933 2937 1976 τῶν
2982 1925 3146 1996 λόγων
3198 1925 3378 1994 αύτοῦ,
3441 1928 3926 1996 σαγηνευθήσονται
3973 1943 4015 1970 xz

3081 2017 3150 2066 Τὸ
3231 2011 3308 2077 δε,
3389 2020 3535 2072 Μήτι

2474 2106 2741 2175 Χριστὸς;
2802 2101 2917 2155 ἀντὶ
2988 2111 3101 2166 τοῦ,
3163 2110 3376 2161 Μήποτε
3462 2104 3625 2167 οὗτος
3695 2104 3874 2167 ﬁeri»;

2475 2012 2623 2065 αύτοὶ
2686 2018 3002 2087 παραυτίκα.
3081 2017 3150 2066 Τὸ
3231 2012 3308 2077 δε,
3389 2020 3535 2072 Μήτι
3628 2017 3780 2076 οὗτος
3844 2015 4013 2066 iam:

2473 2195 2701 2265 κρίνεται
2754 2194 2877 2265 γὰρ,
2933 2193 3037 2244 οἷον
3112 2188 3488 2264 ἐπιδιστάζειν,
3548 2193 3693 2246 ὥστε
3739 2191 3854 2265 παρ’
3906 2190 4008 2241 triti.»

2472 2282 2711 2351 γενέσθαι
2743 2285 2836 2338 τὴν
2866 2285 3060 2355 κρίσιν.

2541 2367 2783 2430 Ἐξῆλθον
2857 2399 2928 2410 —
2999 2371 3148 2441 φάγε.
3211 2369 3460 2444 Ὀρῶντες
3540 2370 3706 2423 αὐτὸν
3761 2372 4001 2439 κεκινηκότα.

2472 2459 2571 2509 ὑπὸ
2614 2477 2668 2509 τε
2714 2466 2804 2518 τῆς
2832 2455 3137 2532 ὁδοιπορίας
3191 2465 3282 2512 καὶ
3338 2468 3431 2521 τῆς
3481 2459 3812 2533 ἐπικειμένης
3857 2457 4004 2513 illa?!

2473 2547 2678 2618 φλογὸς,
2711 2548 2924 2622 ἠρώτων
2957 2548 3134 2613 αὐτὸν,
3169 2548 3282 2605 ἢτοι
3312 2549 3648 2622 παρεκάλουν
3678 2555 3858 2621 φαγεῖν·
3898 2551 3995 2594 τούκ

2472 2632 2530 2688 δὲ
2560 2635 2926 2709 φιλοστοργίας
2951 2633 3031 2702 ἦν,
3067 2637 3124 2688 ού
3151 2643 3476 2710 προπετείας.

2537 2725 2595 2777 Ὀ
2645 2722 2703 2778 δὲ
2755 2755 2817 2766 -—
2875 2733 3084 2798 φαγείν;
3139 2727 3305 2788 Αὐτὸς
3357 2730 3447 2798 μὲν
3525 2727 3731 2801 βρῶσιν
3781 2724 3885 2794 ὓεγε
3927 2722 3984 2773 τὲ)

2470 2820 2731 2887 σωτηρίαν
2787 2823 2887 2866 τῶν
2946 2813 3244 2889 ἀνθρώπων
3297 2819 3345 2868 οἱ
3381 2818 3631 2888 μαθηται
3682 2813 3737 2868 δι
3770 2807 3977 2885 nauigar-

2469 2922 2598 2965 σεως
2651 2904 2912 2966 αἰσθητῆς
2971 2911 3199 2965 νοοῦντες
3262 2903 3523 2978 ἀποροῦσι
3602 2909 3729 2981 πρὸς
3778 2899 3966 2956 antis-ar

2464 2991 2784 3051 ηύλαϐοῦντο
2807 2996 2908 3068 γὰρ
2941 2992 3126 3046 ἐκεῖνον
3156 2993 3436 3066 ἐρωτῆσαι.
3473 3000 3680 3048 Λοιπὸν
3701 2990 3775 3046 οὖν
3793 2988 3964 3061 ἑρμινςπι

702 3093 766 3132 se
803 3092 815 3132 :
851 3092 993 3132 nam
1019 3076 1185 3131 illum
1216 3076 1581 3146 interrogare
1610 3077 1982 3134 verebantur.
2019 3082 2180 3134 Tunc
2209 3096 2352 3151 ergo
2393 3073 2433 3127 C
2463 3085 2553 3134 τὸν
2577 3081 2746 3154 λόγον.

700 3167 952 3222 verbum
990 3168 1426 3236 interpretatur.

771 3254 932 3310 Vers.
975 3257 1062 3310 34.
1119 3254 1272 3308 Dicit
1316 3285 1383 3294 —
1417 3270 1584 3322 opus.
1632 3254 1919 3311 Voluntas
1977 3257 2187 3323 Patris,
2245 3260 2348 3331 qui

699 3345 903 3416 ipsum
936 3345 1196 3408 miserat,
1239 3349 1293 3397 et
1330 3359 1482 3413 opus
1523 3344 1678 3398 illius
1711 3345 1940 3400 Christo
1991 3347 2346 3416 injunctum,

701 3433 862 3488 salus
923 3438 1008 3488 est
1056 3432 1370 3486 hominum
1415 3449 1426 3485 :
1472 3432 1628 3487 hanc
1676 3438 1876 3489 autem
1927 3440 2094 3489 vocat
2146 3437 2344 3492 cibum

701 3540 900 3592 suum,
947 3524 1271 3578 ostendens
1303 3537 1404 3593 per
1461 3523 1618 3578 hanc
1674 3539 1883 3578 vocem
1955 3524 2344 3594 desiderium,

697 3612 862 3684 quod
892 3612 965 3666 de
1005 3611 1317 3666 hominum
1354 3610 1606 3667 habebat
1643 3612 1852 3667 salute.
1889 3616 2033 3668 Nam
2067 3615 2214 3670 sicut
2243 3616 2348 3687 qui

697 3700 838 3766 edit,
871 3700 1073 3756 cibum
1102 3699 1467 3771 concupiscit
1509 3716 1522 3754 :
1557 3699 1638 3755 ita
1667 3704 1724 3755 et
1747 3700 1872 3772 ipse
1905 3702 2219 3758 hominum
2254 3721 2347 3760 sa-

695 3789 901 3845 lutem.
933 3788 1078 3843 Dicit
1121 3793 1324 3844 autem
1371 3804 1434 3842 se
1481 3804 1518 3844 a
1560 3789 1724 3844 Patre
1769 3791 2027 3856 missum,
2083 3792 2173 3848 vel
2223 3799 2347 3849 tan-

695 3893 878 3951 quam
898 3877 1099 3943 homo,
1128 3877 1217 3933 vel
1238 3876 1392 3932 sicut
1408 3876 1662 3933 Verbum
1677 3879 1836 3949 quod
1856 3895 1891 3934 a
1905 3882 2068 3937 Patre
2091 3897 2344 3952 genera-

693 3973 808 4030 tur,
841 3967 928 4022 vel
959 3965 1114 4022 Patri
1141 3966 1432 4021 honorem
1464 3965 1808 4023 deferendo.

762 4056 926 4110 Vers.
977 4056 1066 4110 35.
1131 4055 1334 4110 Nonne
1397 4085 1466 4094 —-
1524 4057 1672 4124 jam.
1754 4057 2033 4129 Discipuli
2095 4061 2343 4132 quidem

692 4144 766 4198 de
818 4143 1079 4199 sensibili
1112 4157 1306 4198 messe
1355 4142 1652 4209 dicebant,
1703 4145 1828 4217 ipse
1861 4163 1999 4202 vero
2036 4148 2110 4203 de
2181 4150 2344 4206 intel-

690 4231 928 4288 lectuali
976 4247 1135 4286 nunc
1182 4231 1464 4302 loquitur,
1514 4239 1569 4287 et
1607 4233 1762 4288 hanc
1794 4236 2052 4290 ostendit
2101 4237 2337 4294 instare.

692 4319 986 4389 Regiones
1032 4319 1342 4392 appellans
1380 4321 1819 4378 multitudinem
1862 4325 2223 4382 venientium
2263 4329 2341 4384 ad

691 4425 754 4464 se
804 4408 1359 4475 Samaritanorum;
1395 4409 1563 4465 albas
1613 4417 1811 4466 autem
1853 4412 1992 4468 dicit
2042 4430 2163 4483 eas,
2211 4423 2340 4472 tan-
2377 4428 2420 4483 1)

690 4513 877 4570 quam
909 4497 984 4553 ad
1013 4497 1194 4552 fidem
1239 4504 1480 4569 paratos
1512 4499 1665 4554 illos.
1717 4501 1868 4556 Nam
1903 4508 1956 4556 et
1986 4502 2138 4558 ﬁdes
2187 4523 2342 4563 mes-

693 4585 775 4642 sis
831 4591 940 4649 est,
990 4602 1126 4658 quae
1173 4587 1247 4642 ab
1291 4587 1633 4642 infidelitate
1683 4589 1916 4645 metitur
1967 4594 2055 4646 vel
2103 4610 2340 4666 separa-

692 4681 804 4742 tur,
855 4679 912 4730 et
961 4675 1262 4730 confertur
1311 4674 1387 4731 ad
1438 4675 1761 4732 Christum.
1813 4681 2338 4743 Quemadmodum

687 4763 848 4819 enim
889 4762 1040 4819 alba:
1080 4767 1309 4832 segetes
1353 4769 1575 4837 paratae
1619 4771 1759 4821 sunt
1797 4767 1872 4823 ad
1935 4786 2208 4837 messem,
2258 4775 2341 4830 ita

688 4855 745 4907 et
784 4851 864 4906 illi
914 4850 992 4906 ad
1035 4851 1235 4906 ﬁdem.

757 4940 926 4996 Vers.
989 4939 1075 4995 36.
1132 4941 1206 4994 Et
1251 4971 1319 4980 —
1387 4941 1621 5009 accipit.
1683 4947 1744 4999 Et
1799 4947 1900 5017 qui
1957 4948 2100 5003 tales
2174 4953 2339 5010 metit

684 5029 977 5098 regiones,
1014 5029 1457 5084 retributionem
1515 5048 1548 5085 a
1611 5035 1723 5088 Deo
1756 5036 1982 5094 sumit:
2032 5038 2334 5096 universa.

683 5118 796 5172 lius
835 5133 1094 5188 namque
1148 5118 1409 5189 loquitur
1439 5120 1531 5174 hic
1563 5121 1637 5176 de
1693 5124 1977 5180 omnibus
2012 5128 2334 5186 Samarita-

683 5205 778 5262 nis
808 5221 878 5262 ac
907 5206 1147 5270 Judmis,
1173 5206 1271 5278 qui
1306 5213 1473 5262 erant
1500 5209 1800 5266 credituri.

761 5296 916 5350 Vers.
972 5295 1058 5351 36.
1091 5297 1158 5350 Et
1203 5325 1274 5336 —
1311 5303 1616 5353 aeternam.
1667 5299 1776 5364 Qui
1823 5303 2168 5362 sensibilem
2220 5323 2339 5364 me-

683 5381 752 5440 tit
792 5397 1023 5454 agrum,
1057 5390 1381 5456 congregat
1427 5385 1684 5444 fructum
1725 5387 1802 5444 ad
1837 5390 2016 5448 vitam
2067 5399 2336 5468 tenpora-

683 5469 823 5538 lem,
852 5471 947 5529 hic
973 5480 1170 5531 autem
1201 5473 1279 5532 ad
1309 5475 1491 5532 vitam
1533 5482 1843 5538 aeternam.

2533 3175 2686 3242 Λέγει
2743 3201 2811 3212 -
2867 3175 3034 3246 ἔργον.
3110 3172 3325 3245 Θελημα
3379 3168 3474 3230 ι·οᾶ
3543 3173 3794 3246 πέμψαντος
3844 3159 3945 3210 thin

2463 3264 2686 3335 Ματρὸς,
2731 3267 2819 3314 καὶ
2869 3265 3013 3334 ἔργον
3059 3261 3220 3313 αὐτοῦ
3267 3260 3502 3332 ἐπιταγεν
3555 3263 3710 3332 αὐτῷ,
3749 3248 3955 3319 twn?“

2457 3360 2554 3403 τῶν
2611 3349 2910 3422 ἀνθρώπων.
2987 3353 3194 3407 Ταύτην
3252 3347 3311 3402 δε
3385 3349 3599 3424 βρῶσιν
3650 3352 3804 3404 ἑαυτοῦ
3848 3336 3960 3392 καὶεί.

2461 3436 2554 3491 διὰ
2609 3447 2703 3499 τῆς
2752 3438 2932 3500 λέξεως
3006 3441 3200 3500 ταύτης
3275 3437 3531 3512 ἕμφαίνων
3619 3445 3708 3498 τήν
3767 3428 3963 3495 ἐπιθυμέω

2457 3536 2552 3589 τῆς
2603 3533 2866 3599 σωτηρίας
2917 3537 3014 3580 τῶν
3063 3526 3364 3600 ἀνθρώπων.
3396 3527 3603 3602 *Ωσπερ
3644 3530 3735 3599 γὰρ
3776 3521 3966 3591 ὁτρώγθυν

2458 3616 2698 3688 ἐπιθυμεῖ
2741 3624 2831 3677 τῆς
2889 3614 3155 3690 βρώσεως,
3207 3600 3343 3669 οὕτῶ
3399 3622 3488 3670 καὶ
3536 3618 3690 3676 αὐτὸς
3735 3620 3809 3669 τῆς
3851 3617 3965 3656 σωτη·

2454 3709 2574 3778 ρίας
2625 3707 2791 3777 ἡμῶν.
2843 3707 3147 3777 Πεμφθῆναι
3190 3703 3250 3758 δε
3309 3709 3451 3780 παρὰ
3504 3715 3602 3759 τοῦ
3635 3704 3805 3774 Πατρός
3841 3708 3963 3766 φησιν,

2455 3795 2522 3854 ὡς
2551 3793 2840 3868 ἄνθρωπος,
2884 3798 2912 3852 ἤ
2955 3799 3040 3846 καὶ
3073 3797 3138 3855 ὡς
3169 3799 3334 3866 Λόγος
3366 3793 3421 3847 ἐκ
3449 3803 3538 3848 τοῦ
3573 3797 3865 3867 γεννήσαντος
3892 3796 3964 3829 νῦν·

2455 3885 2484 3940 ἦ
2511 3887 2599 3934 καὶ
2638 3886 2706 3945 ὡς
2729 3892 2891 3954 τιμῶν
2922 3887 3010 3936 τὸν
3037 3885 3267 3958 Πατέρα.

2525 3971 2648 4043 Οὐχ
2700 4002 2764 4014 ““’
2793 3969 2922 4032 ἤδη·
2978 3975 3044 4026 Οἱ
3093 3957 3328 4045 μαθηταὶ
3370 3976 3460 4045 μὲν
3509 3977 3624 4044 περὶ
3663 3975 3740 4022 τοῦ
3773 3957 3963 4016 αἰσθητοῦ

2455 4063 2704 4134 θερισμοῦ
2774 4061 2964 4132 ἔλεγονο
3040 4063 3192 4123 αὐτὸς
3264 4058 3322 4114 δὲ
3393 4069 3481 4114 νῦν
3555 4064 3665 4136 περὶ
3711 4060 3787 4108 τοῦ
3828 4059 3959 4100 νοητον

2454 4169 2602 4221 φησι,
2678 4154 2769 4202 καὶ
2846 4147 3086 4203 δείκνυσι
3142 4159 3321 4204 τοῦτον
3390 4149 3656 4203 ἐνεστῶτα·
3700 4147 3848 4216 χώρας
3894 4147 3957 4201 μέν

2453 4237 2716 4310 ὀνομάζων
2770 4242 2836 4291 τὰ
2883 4237 3122 4292 δείκνυσι
3174 4248 3350 4292 τοῦτον
3405 4242 3666 4292 ἐνεστῶτα·
3715 4232 3856 4303 χάραῖ
3891 4235 3953 4288 με’

2452 4327 2717 4400 ὀνομάζων
2752 4331 2818 4380 τά
2871 4329 3043 4388 πλήθη
3089 4338 3187 4382 τῶν
3230 4329 3522 4404 ἐρχομένων
3574 4323 3668 4386 ἤδη
3713 4308 3949 4392 πρόςαῧτσν

2453 4425 2800 4492 Σαμαρειτῶν
2861 4417 3041 4479 λευκὰς
3099 4415 3158 4470 δὲ
3222 4418 3385 4479 αὐτὰς
3439 4418 3621 4481 καλῶν,
3673 4414 3726 4468 ὡς
3773 4403 3947 4492 ﬁt?”

2451 4511 2576 4582 πρὸς
2625 4512 2821 4562 πίστιν·
2879 4511 3143 4582 (θερισμὸς
3179 4509 3279 4583 γάρ
3324 4512 3416 4559 καὶ
3452 4508 3498 4567 ἡ
3527 4511 3702 4564 πίστις,
3732 4488 3944 4578 θεοίξονῗα

2451 4595 2552 4649 ἀπὸ
2581 4604 2674 4658 τῆς
2721 4597 2833 4668 (73)
2883 4595 3153 4663 ἀπιστίας,
3207 4601 3298 4650 καὶ
3343 4597 3711 4669 συγκομίζουσα
3735 4593 3834 4649 ’5“;
3871 4585 3936 4663 fl”

2450 4690 2694 4760 Χριστὸν.
2752 4685 2950 4759 “nemp
2999 4689 3098 4761 γὰρ
3151 4688 3218 4738 τὰ
3268 4685 3426 4738 λευκὰ
3469 4681 3619 4756 γήδια
3652 4677 3787 4737 ἕτοιμα
3827 4668 3921 4724 πίθος

2453 4776 2694 4848 θερισμόν
2726 4774 2877 4846 εἰσιν,
2901 4774 3034 4828 οὑτω
3063 4773 3292 4828 κάκεῖνοι
3323 4778 3453 4850 πρὸς
3476 4778 3640 4826 πίστιν.

2521 4956 2622 5004 Καὶ
2663 4983 2732 4993 —
2787 4951 3056 5025 λαμϐάνει.
3106 4956 3206 5006 Καὶ
3255 4953 3280 5005 ὁ
3337 4952 3550 5024 θερίζων
3588 4931 3940 5030 τοιαύταῇκωρῗξ

2853 5009 2862 5025 ι
3044 5006 3053 5008 ἡ
3389 5006 3398 5024 ⁸
3458 5006 3476 5012 ’
3784 5016 3793 5030 ν

2451 5041 2670 5112 ἀμοιϐὴν
2702 5043 2756 5092 ἔκ
2788 5050 2920 5094 Θεοῦ
2948 5040 3215 5114 λαμϐάνει.
3248 5041 3653 5110 Καθολικὼτιρον
3675 5029 3754 5101 γὰρ
3781 5006 3944 5109 metu?!

2449 5135 2564 5204 περὶ
2593 5133 2796 5183 πάντων
2825 5135 2957 5204 λέγει
2987 5141 3086 5183 τῶν
3117 5131 3395 5204 μελλόντων
3427 5129 3674 5182 πιστεύειν
3697 5112 3947 5184 Σαμαρίαν

2449 5225 2536 5272 καὶ
2556 5217 2844 5276 Ἰουδαίων.

2524 5315 2624 5363 Καὶ
2671 5341 2738 5351 ——
2784 5309 3010 5368 αἰώνιον.
3039 5309 3098 5364 Ὀ
3147 5312 3236 5384 μὲν
3297 5311 3509 5385 θερίζων
3555 5296 3818 5359 αἰσθητδνΊ

2453 5401 2663 5471 συνάγει
2702 5403 2901 5474 καρπὸν
2948 5401 3021 5463 εἰς
3069 5400 3208 5462 ζωὴν
3259 5403 3599 5475 πρόσκαιρον*
3650 5387 3778 5444 οὗτος

2452 5488 2590 5549 ζωὴν
2617 5488 2841 5544 αἰωνιον.

3823 5275 3951 5341 ἡδίονι

3819 5369 3867 5426 δὲ
3903 5360 3952 5421 εἰς

1883 5668 2106 5740 Variae
2143 5671 2472 5744 lectiones
2522 5685 2588 5744 et
2639 5685 2840 5746 notae.

751 5801 865 5887 (7'3)
897 5817 998 5878 τῆς
1036 5813 1249 5874 omittit
1279 5804 1338 5874 B.
