4120 6310
102 290 279 348 ’1201

198 414 345 469 Ἰνα
452 446 525 455 —
595 415 829 487 θερίζων.

112 508 419 558 τοιούτου
455 511 678 576 καρποῦ,
708 508 795 557 καὶ
822 506 846 556 6
879 510 1091 578 σπείρας
1116 506 1245 576 ὁμοῦ
1274 494 1441 569 χαίρῃ
1470 504 1561 553 καὶ
1601 504 1625 553 6
1656 505 1791 575 θερί-

120 615 265 663 σας,
322 594 626 667 βλέποντες
665 594 815 646 αὐτόν
848 597 1173 665 συναχθέντα
1214 591 1340 653 ἐκεῖ,
1377 592 1617 654 καὶτοὺς
1667 595 1791 665 ὑπὲρ

118 684 326 735 αὐτοῦ
382 684 619 755 μισθούς
650 684 778 756 ὁμοῦ
809 684 1159 756 κομιζόμενοι,
1188 684 1212 734 6
1243 684 1334 755 μὲν
1377 681 1446 742 ὡς
1482 688 1718 755 σπείρας,
1768 683 1793 734 6

126 769 202 825 δὲ
243 774 332 833 ὡς
375 774 621 847 θερίσας.

217 954 557 1025 Σπείροντες
610 952 698 1022 μὲν
764 946 853 1003 οὖν
904 951 1033 1004 εἰσιν
1088 954 1136 1005 οἱ
1212 959 1491 1025 προφῆται,
1561 959 1794 1012 Μωυσῆς

126 1043 236 1089 καὶ
298 1041 359 1091 οἱ
421 1042 531 1112 μετ’
590 1039 794 1105 ἐκεῖνον,
858 1037 941 1092 οἶα
1000 1046 1296 1111 σπείραντες
1344 1043 1437 1102 τὰς
1491 1045 1610 1115 περὶ
1667 1049 1795 1113 Χρι-

134 1134 293 1179 στοῦ
365 1128 702 1203 προρρήσεις,
769 1130 1047 1203 θερίζοντες
1100 1127 1157 1183 δὲ
1214 1133 1262 1182 οἱ
1318 1129 1619 1182 ἀπόστολοι·
1656 1132 1793 1202 θερί-

136 1233 362 1278 σαντες
460 1223 575 1279 τοὺς
640 1217 941 1292 ἀνθρώπους
1015 1218 1113 1270 ἀπὸ
1183 1228 1277 1281 τῆς
1358 1218 1621 1283 ἀπιστίας,
1707 1223 1796 1271 καὶ

1575 1308 1795 1360 αἰωνίων

142 1311 609 1377 συγκομίσαντες
693 1307 764 1369 εἰς
844 1310 937 1370 τὰς
1030 1307 1300 1371 ἀποθήκας
1382 1317 1481 1360 τῶν

138 1402 417 1451 σκηνῶν.

226 1482 328 1536 Ἐν
390 1515 464 1524 -
512 1487 745 1558 θερίζων.
796 1491 853 1538 Ὀ
901 1485 1047 1557 λόγος
1086 1486 1112 1537 ὁ
1174 1485 1412 1549 ἀληθινὸς
1465 1496 1556 1548 τῆς
1611 1506 1798 1560 παροι-

134 1576 315 1642 μίας.

220 1660 398 1733 Ἐγὼ
456 1694 523 1703 —-
588 1665 949 1717 κεκοπιάκατε.
1036 1665 1123 1725 Εἰς
1174 1665 1201 1717 ὃ
1261 1664 1367 1737 οὐχ
1442 1667 1588 1739 ὑμεῖς
1649 1684 1795 1718 κεκο-

132 1769 176 1801 π
186 1769 288 1803 ιακ
296 1771 418 1805 σιτ-ε
427 1795 439 1809 .

219 1839 442 1893 ’Ἄλλοι
522 1873 590 1881 -
654 1841 1031 1899 εἰσεληλύθατε.
1090 1850 1267 1895 Ταῦτα
1346 1843 1481 1915 λέγει
1548 1840 1794 1896 δεικνύων

140 1929 235 1980 ὅτι
296 1934 385 1982 τὸ
444 1930 772 2004 ἐγχειρισθὲν
826 1934 1026 1992 τούτοις
1079 1935 1246 2005 ἔργον,
1303 1929 1488 2006 ῥᾴδιόν
1542 1931 1654 1984 ἐστι
1704 1936 1794 1983 καὶ

139 2019 415 2085 εὔκολον,
490 2024 578 2071 καὶ
633 2022 821 2093 θάρσος
878 2021 1053 2082 αὐτοῖς
1110 2020 1335 2073 ἐντεῦθεν
1389 2020 1671 2089 ἐμϐάλλων,
1731 2025 1793 2080 ὡς

145 2116 252 2160 τοῦ
330 2110 725 2181 ἐπιπονωτέρου
791 2113 1224 2181 προανυσθέντος.
1281 2112 1349 2165 Τὸ
1415 2115 1640 2182 σπείρειν
1702 2114 1792 2182 μὲν

146 2200 261 2271 γὰρ
327 2200 476 2271 μετὰ
528 2202 686 2250 πόνου
742 2203 832 2250 καὶ
890 2195 1131 2271 βραδέως
1181 2203 1401 2269 γίνεται,
1456 2202 1512 2250 τὸ
1574 2199 1792 2272 θερίζειν

155 2282 221 2338 δὲ
255 2290 407 2359 μετά
447 2284 663 2348 ἀνέσεως
693 2292 781 2338 καὶ
816 2291 1039 2357 ταχέως
1083 2290 1172 2339 καὶ
1202 2294 1291 2339 τοῦ
1334 2291 1529 2361 σπόρου
1561 2290 1707 2360 ἔργον
1733 2290 1791 2339 τὸ

160 2376 323 2450 θέρος
340 2422 356 2434 ,

236 2472 541 2539 Τροπικαῖς
601 2462 659 2518 δὲ
714 2470 802 2517 καὶ
855 2473 1228 2539 μεταφορικαίς
1293 2470 1554 2537 κέχρηται
1623 2465 1790 2528 λέξεσι

162 2554 456 2627 πολλαχοῦ
507 2562 599 2607 τοῦ
666 2554 1006 2625 Εύαγγελίου,
1067 2564 1226 2608 ποιῶν
1286 2559 1377 2611 την
1433 2550 1788 2606 διδασκαλίαν

166 2641 653 2717 ἑμφαντικωτέραν,
695 2649 784 2695 καὶ
831 2648 924 2701 τὴν
964 2650 1172 2715 μνήμην
1219 2651 1319 2694 τῶν
1371 2642 1650 2711 λεγομένων
1699 2662 1790 2713 μο-

165 2736 487 2805 νιμωτέραν,
548 2729 639 2784 διὰ
694 2740 794 2783 τῶν
856 2736 1124 2805 γνωρίμων
1193 2731 1397 2782 εἰκόνων
1476 2735 1566 2781 καὶ
1620 2749 1787 2804 παρα-

168 2816 478 2892 δειγμάτων
532 2828 628 2879 τῆς
676 2819 790 2889 (74)
846 2822 935 2890 μεν
980 2816 1234 2890 ἡδύτερον
1281 2814 1622 2889 εἰσδυομένης
1670 2826 1785 2878 ταῖς

171 2906 384 2975 ἀκοαῖς,
454 2915 565 2967 τῆς·
630 2908 743 2978 (75)
799 2905 856 2959 6“:

171 2994 399 3069 καρδίᾳ.
431 3000 530 3048 Καὶ
558 2995 787 3053 αἰσθητά
818 3000 906 3068 μὲν
935 2999 1000 3048 τὰ
1023 2997 1251 3070 ῥήματα,
1288 2998 1611 3068 πνευματικά
1643 2993 1700 3048 δὲ
1721 3000 1784 3048 τά

935 2906 1219 2981 βαθύτερον
1278 2905 1648 2977 ἐντυπουμένης
1720 2916 1780 2979 τῇ

174 3089 437 3156 νοήματα.

253 3174 340 3228 Ἐκ
370 3208 431 3215 -
464 3174 706 3232 ἐποίησα.
743 3176 920 3227 Πάντα
946 3178 1134 3232 νόησον
1165 3177 1230 3226 τὰ
1258 3179 1374 3246 περὶ
1402 3178 1524 3235 τούς
1562 3172 1779 3248 ἄνδρας,

177 3268 269 3316 καὶ
299 3268 386 3317 τὸν
417 3264 511 3317 οὐκ
542 3260 729 3337 ἄνδρα.
768 3262 833 3316 Ἦ
864 3267 953 3316 καὶ
978 3263 1108 3316 ἄλλα
1131 3267 1259 3326 ἴσως
1286 3262 1417 3316 εἶπεν
1444 3264 1573 3337 αὐτῇ
1622 3264 1781 3317 πολλά

177 3356 525 3427 κεκρυμμένα.

249 3528 332 3591 Ὠς
368 3562 430 3570 —-
453 3531 575 3605 παρ’
607 3530 784 3592 αὐτοῖς
809 3530 946 3602 (76).
984 3530 1309 3606 Παρεκάλουν
1336 3530 1511 3587 αύτόν.

252 3802 354 3850 Καὶ
386 3827 450 3837 --
484 3797 665 3851 αὐτοῦ.
696 3800 793 3850 Τόν
819 3805 913 3859 τῆς
943 3794 1314 3859 διδασκαλίας.

249 3982 323 4048 Τῇ
362 4008 424 4015 —
472 3980 722 4046 Χριστός.
772 3975 856 4038 Ἐξ
899 3976 964 4026 ὧν
1013 3978 1246 4033 ἤκουσαν
1284 3974 1443 4027 αὐτοῦ
1489 3971 1777 4027 διδάσκον-

184 4083 290 4131 τος,
348 4068 575 4135 ἕγνωσαν
634 4066 711 4115 ὅτι
760 4064 905 4124 οὗτος
959 4062 1099 4116 ἔστιν
1153 4062 1354 4125 ἀληθῶς
1408 4066 1433 4115 6
1469 4069 1643 4137 Σωτὴρ
1686 4074 1779 4116 του

184 4157 403 4225 κόσμου,
435 4156 460 4206 6
507 4156 756 4225 Χριστὸς,
789 4155 889 4222 ὅτι,
939 4161 1028 4213 τῆς
1080 4154 1384 4225 οἰκουμένης
1434 4152 1776 4220 ἀπολωλυίας,

187 4238 330 4299 ἦλθεν
415 4242 561 4303 οὗτος
636 4250 808 4294 σῶσαι
885 4242 1067 4300 αύτην.
1164 4242 1641 4318 Εύγνωμονὲστεροι
1721 4240 1779 4296 δὲ

189 4332 350 4383 πολλῶ
376 4342 475 4385 τῶν
530 4328 800 4385 Ἰουδαίων
858 4334 909 4383 οῖ
962 4340 1295 4406 Σαμαρεῖται.
1343 4333 1503 4384 Οὗτοι
1548 4336 1635 4404 μεν
1690 4338 1779 4385 καὶ

189 4420 390 4481 ἐξῆλθον
456 4424 580 4495 πρὸς
649 4421 822 4482 αὐτὸν,
888 4425 972 4473 καὶ
1024 4421 1343 4493 παρεκάλουν
1396 4422 1549 4473 αύτόν
1611 4429 1781 4493 μεῖναι

188 4513 305 4584 παρ’
352 4511 547 4574 αὐτοῖς,
598 4514 687 4562 καὶ
726 4507 891 4582 μηδὲν
951 4518 1162 4582 σημεῖον
1214 4507 1410 4572 ἰδόντες
1468 4510 1779 4563 ἐπίστευσαν

191 4599 257 4660 εἰς
295 4600 464 4653 αὐτόν·
516 4598 696 4652 ἐκεῖνοι
756 4596 814 4651 δε
859 4598 1138 4672 ἐρχόμενον
1185 4598 1374 4671 μᾶλλον
1422 4603 1551 4673 πρὸς
1593 4599 1782 4662 αύτούς

191 4684 415 4754 ἐδίωκον,
466 4693 553 4740 καὶ
601 4687 807 4741 θέλοντα
848 4691 1012 4759 μένειν
1060 4686 1182 4759 παρ’
1232 4687 1405 4747 αὐτοῖς
1457 4687 1778 4760 ἐϐαρύνοντο,

191 4782 269 4828 καὶ
312 4778 473 4830 πολλά
518 4784 711 4849 σημεῖα
756 4774 1029 4849 βλέποντες
1086 4777 1362 4835 ἠπίστουν.
1409 4784 1525 4837 Πῶς
1562 4773 1649 4828 οὖν
1708 4779 1780 4830 εί-

192 4868 273 4927 κὸς
356 4869 565 4925 τούτους

194 4962 291 5015 τοῖς
343 4958 431 5026 μὶν
487 4961 709 5025 μισοῦσι
752 4951 1140 5028 προσεδρεύειν,
1200 4963 1296 5005 τῶν
1355 4950 1413 5007 δὲ
1468 4954 1781 5025 ἀγαπνὶητων

648 4861 1032 4940 παραδραμεῖν,
1112 4869 1141 4923 ἦ
1211 4870 1365 4926 ποίας
1422 4862 1778 4931 δικαιοσύνης,

198 5041 355 5101 eum
366 5038 461 5113 δᾷν
491 5060 503 5109 ;

1230 248 1616 342 COMMENT.
1660 287 1729 343 IN
1771 287 2131 347 JOANNEM.
2170 318 2236 330 —
2270 287 2433 346 CAP.
2472 288 2561 346 1v.

905 412 1032 483 Ἰνα,
1108 396 1465 480 συναχθεντος
1532 405 1640 464 ἐκεῖ
1701 422 1787 466 τοῦ

1982 415 2142 470 Vers.
2183 415 2277 471 36.
2340 414 2411 472 Ut
2453 446 2509 458 —
2577 414 2686 486 qui
2741 415 2923 472 metit.
2954 416 3023 473 Ut
3083 419 3447 487 congregato
3477 416 3563 474 ibi

3425 290 3563 349 1202

1908 504 2007 560 tali
2058 504 2269 568 fructu,
2340 508 2399 559 et
2439 504 2535 576 qui
2590 502 2909 561 seminavit
2965 506 3140 563 simul
3192 506 3469 576 gaudeat,
3505 509 3562 564 et

1903 594 2007 665 qui
2041 595 2292 649 messuit
2349 610 2361 649 :
2420 594 2682 650 videntes
2722 594 2963 662 scilicet,
3015 611 3152 652 eum
3193 596 3273 652 ibi
3316 612 3562 666 congre.

1903 688 2123 752 gatum,
2186 699 2255 738 ac
2325 683 2663 739 mercedem
2741 700 2813 739 ex
2870 700 2941 741 eo
3020 684 3340 741 referentes
3411 685 3561 742 :ille

1901 772 2146 845 quidem
2198 776 2485 843 tanquam
2537 774 2641 845 qui
2699 774 3036 839 seminavit,
3080 776 3190 831 iste
3230 791 3374 831 vero
3413 775 3561 831 sicut

1900 862 2004 934 qui
2036 861 2297 917 messuit.

1974 952 2344 1007 Seminantes
2368 950 2569 1023 itaque
2606 955 2746 1007 sunt
2780 952 3111 1024 prophetae,
3152 955 3335 1009 Moses
3373 956 3429 1007 et
3456 952 3560 1025 qui

1902 1046 2042 1112 post
2078 1039 2244 1096 illum
2293 1040 2552 1105 fuerunt,
2628 1046 2690 1096 ut
2741 1041 2845 1112 qui
2908 1042 3178 1097 vaticinia
3222 1042 3296 1097 de
3330 1041 3559 1097 Christo

1905 1130 2350 1184 seminaverunt
2377 1147 2388 1183 :
2435 1134 2719 1184 metentes
2746 1134 2943 1185 autem
2974 1130 3251 1201 apostoli,
3279 1131 3382 1203 qui
3411 1146 3562 1186 mes-

1905 1222 2151 1273 suerunt
2196 1218 2470 1273 homines
2504 1219 2582 1274 ab
2616 1218 2982 1285 inﬁdelitate,
3019 1235 3089 1275 ac
3136 1218 3455 1276 retulerunt
3481 1218 3561 1275 ad

1904 1307 2119 1364 horrea
2166 1313 2525 1363 aeternorum
2568 1306 3114 1365 tabernaculorum.

1979 1489 2135 1542 Vers.
2176 1490 2263 1543 37.
2306 1486 2373 1542 In
2403 1517 2469 1527 -—
2496 1487 2599 1558 qui
2636 1489 2819 1545 metit.
2847 1489 3031 1543 Verus
3059 1493 3148 1543 est
3176 1502 3375 1544 sermo
3416 1502 3557 1560 pro-

1906 1576 2138 1721 “£36166.
2173 1665 2259 1720 38.
2292 1665 2416 1735 Ego
2481 1696 2549 1707 —
2579 1665 2909 1723 laborastis.
2940 1665 3004 1722 ld
3059 1669 3172 1731 est,
3236 1666 3315 1724 ad
3395 1666 3556 1739 quod

1833 1771 1873 1825 Β
1906 1771 2014 1810 vos
2043 1771 2160 1811 non
2191 1754 2527 1811 laborastis.

1974 1845 2135 1898 Vers.
2185 1848 2271 1899 38.
2327 1844 2449 1900 Alii
2511 1876 2579 1884 —
2628 1844 2927 1901 introistis.
2984 1847 3115 1899 Haec
3169 1845 3328 1908 dicit,
3361 1848 3557 1901 osten-

1904 1933 2075 1999 dens,
2131 1932 2296 2004 quod
2355 1949 2510 2004 opus
2568 1932 2682 1987 illis
2740 1933 3133 1988 commissum
3176 1933 3345 1989 facile
3402 1938 3457 1991 et
3495 1936 3555 1989 in

1904 2025 2187 2093 promptu
2219 2026 2322 2090 est,
2362 2038 2432 2077 ac
2470 2020 2892 2076 conﬁdentiam
2924 2020 3010 2075 eis
3048 2021 3181 2076 inde
3212 2021 3554 2089 immittens,

1906 2114 2104 2180 utpote
2154 2109 2411 2181 perfecto
2463 2125 2556 2175 eo,
2595 2110 2760 2181 quod
2823 2109 3179 2165 laboriosius
3221 2117 3327 2165 est.
3371 2111 3561 2166 Semi-

1902 2215 2039 2255 nare
2071 2214 2334 2272 namque
2373 2215 2509 2255 cum
2559 2198 2766 2255 labore
2819 2198 2884 2254 ﬁt
2921 2202 2979 2253 et
3008 2199 3303 2264 tarditate,
3336 2206 3555 2256 metere

1901 2305 2041 2343 vero
2082 2304 2218 2343 cum
2250 2287 2455 2360 requie
2495 2294 2550 2344 et
2608 2288 2917 2345 velocitate
2952 2306 2965 2343 :
3026 2293 3082 2345 et
3122 2290 3402 2345 sementis
3440 2290 3556 2345 fru-

1900 2380 2029 2433 ctus
2053 2380 2143 2431 est
2166 2376 2398 2433 messis.

1971 2467 2329 2537 Frequenter
2378 2469 2577 2519 autem
2632 2480 2775 2519 usus
2806 2468 2894 2519 est
2944 2465 3001 2519 in
3061 2466 3376 2535 Evangelio
3402 2465 3553 2535 ﬁgu-

1898 2554 2099 2609 rativis
2156 2570 2224 2609 ac
2262 2552 2684 2622 metaphoricis
2716 2551 3097 2618 dictionibus,
3158 2553 3556 2609 eﬂicaciorem

1895 2642 2150 2699 reddens
2182 2642 2538 2707 doctrinam,
2588 2646 2643 2697 et
2676 2641 3030 2696 memoriam
3055 2657 3263 2697 eorum
3288 2658 3425 2714 quae
3463 2642 3552 2697 di-

1896 2736 2110 2785 cuntur
2198 2728 2587 2796 stabiliorem,
2654 2746 2755 2802 per
2803 2734 2976 2785 notas
3026 2730 3448 2787 similitudines
3500 2739 3555 2787 et

1894 2819 2169 2891 exempla
2204 2836 2214 2873 :
2244 2822 2372 2875 tum
2400 2819 2563 2891 quod
2590 2818 2920 2890 jucundius
2970 2819 3027 2874 id
3061 2821 3118 2875 in
3152 2834 3326 2875 aures
3351 2821 3553 2888 ingre-

1892 2909 2069 2973 ditur,
2124 2916 2246 2965 tum
2302 2908 2466 2980 quod
2522 2908 2877 2980 profundius
2926 2908 3090 2964 cordi
3144 2908 3551 2980 imprimitur;

1893 3003 1950 3053 et
1988 3014 2296 3055 sermones
2350 2998 2597 3070 quidem
2650 3002 2793 3053 sunt
2838 2998 3171 3063 sensibiles,
3222 2998 3552 3054 intellectus

1813 3119 1852 3176 Ο
1897 3104 2030 3144 vero
2062 3087 2414 3160 spirituales.

1964 3178 2125 3233 Vers.
2182 3178 2269 3234 39.
2317 3178 2417 3233 Ex
2466 3177 2696 3246 —feci.
2759 3176 3156 3249 Quaecunque,
3187 3176 3447 3247 intelligo
3477 3177 3552 3232 de

1896 3267 2052 3333 viris,
2110 3272 2165 3322 et
2218 3266 2294 3321 de
2376 3282 2447 3321 eo
2517 3265 2618 3337 qui
2682 3280 2803 3320 non
2880 3269 3005 3320 erat
3076 3265 3167 3320 vir
3205 3265 3359 3335 ejus.
3438 3270 3553 3321 Aut

1892 3357 2066 3411 etiam
2119 3354 2236 3411 alia
2288 3353 2554 3411 fortassis
2599 3352 2787 3410 multa
2856 3352 3005 3409 dixit
3080 3354 3155 3423 ei,
3207 3369 3344 3426 quas
3384 3359 3550 3409 erant

1890 3444 2151 3501 occulta.

1967 3535 2127 3590 \‘ers.
2178 3536 2266 3588 40.
2310 3532 2448 3587 Cum
2509 3561 2577 3570 —
2633 3530 2792 3601 apud
2864 3546 2925 3587 se
2985 3530 3190 3601 ipsius.
3252 3530 3353 3586 Hic
3408 3546 3531 3586 rur-

1891 3640 2023 3678 sum
2086 3623 2317 3696 ἠρώτων,
2408 3620 2567 3677 idem
2652 3619 2961 3690 signiﬁcat,
3028 3620 3191 3692 quod
3293 3619 3550 3676 obsecra-

1892 3713 2123 3856 b03725.
2191 3803 2277 3856 40.
2348 3799 2431 3855 Et
2514 3829 2583 3839 —
2652 3798 2817 3854 Vers.
2890 3798 2978 3853 41.
3036 3797 3253 3867 Ipsius.
3319 3799 3549 3853 Sermo-

1890 3906 2028 3946 nem
2058 3894 2255 3945 autem
2288 3889 2499 3960 ipsius,
2534 3886 2648 3943 hoc
2679 3892 2784 3951 est,
2818 3886 3152 3942 doctrinam
3187 3885 3366 3941 illius.

1962 3981 2121 4033 Vers.
2185 3981 2271 4032 42·
2332 3979 2408 4032 Et
2447 4006 2515 4017 —
2584 3975 2875 4031 Christus.
2946 3978 3026 4030 Ex
3086 3974 3182 4030 his
3239 3990 3369 4046 quae
3408 3989 3547 4030 eum

1888 4067 2202 4123 docentem
2298 4065 2669 4129 audiverant,
2735 4066 3143 4136 cognoverunt
3207 4063 3374 4135 quod
3452 4061 3545 4118 hic

1889 4172 2024 4211 vere
2072 4158 2232 4211 esset
2272 4154 2540 4211 Salvator
2583 4154 2789 4209 mundi
2842 4153 3127 4220 Christus,
3187 4151 3353 4224 quod
3404 4150 3547 4207 orbe

1890 4244 2119 4315 perdito
2168 4243 2430 4298 venisset
2483 4242 2581 4298 hic
2628 4249 2688 4297 ut
2742 4242 2942 4314 ipsum
2974 4241 3251 4297 salvaret.
3288 4234 3547 4296 F‘uerunt

1889 4341 2090 4388 autem
2148 4333 2504 4389 Samaritani
2560 4331 2740 4387 multo
2793 4329 3085 4402 aequiores
3139 4329 3406 4395 Judmis;
3460 4327 3545 4385 illi

1889 4423 2050 4477 enim
2126 4422 2435 4477 exiverunt
2491 4420 2568 4476 ad
2621 4437 2758 4475 eum
2810 4425 2868 4476 et
2930 4418 3184 4474 orabant
3258 4418 3425 4473 illum
3485 4422 3550 4471 ut

1893 4511 2116 4566 veniret
2140 4510 2217 4565 ad
2249 4526 2331 4575 se,
2374 4525 2633 4581 cumque
2689 4508 2918 4563 nullum
2962 4507 3243 4562 vidissent
3282 4506 3544 4574 signum,

1888 4598 2272 4655 crediderunt
2327 4599 2384 4653 in
2437 4613 2629 4664 eum;
2684 4596 2873 4651 Judaei
2929 4610 3070 4650 vero
3107 4595 3186 4650 ad
3233 4610 3295 4649 se
3353 4593 3547 4662 magis

1892 4688 2227 4744 venientem
2277 4686 2789 4759 persequebantur
2856 4689 2912 4739 et
2968 4685 3131 4755 apud
3184 4698 3246 4738 se
3305 4698 3547 4737 manere

1892 4777 2212 4845 volentem,
2253 4777 2508 4845 graviter
2538 4774 2823 4841 ferebant,
2859 4788 3116 4843 cumque
3149 4771 3335 4827 multa
3366 4770 3547 4826 vidis-

1895 4870 2027 4920 sent
2052 4864 2244 4933 signa,
2268 4879 2388 4918 non
2411 4862 2749 4918 credebant.
2783 4860 3100 4927 Quomodo
3127 4874 3269 4929 ergo
3301 4876 3545 4931 aequum

1895 4957 2020 5009 erat
2061 4956 2122 5006 ut
2151 4952 2262 5006 hos
2315 4951 2688 5023 praeteriret?
2718 4956 2819 5006 aut
2855 4966 2972 5023 qua
3032 4949 3257 5021 justitia
3283 4948 3407 5003 ﬁeri
3442 4963 3545 5020 po-

1898 5049 2044 5098 terat
2070 5046 2130 5096 ut
2178 5040 2289 5095 illis
2338 5040 2440 5112 qui
2477 5057 2540 5096 se
2592 5039 2730 5095 odio
2801 5038 3123 5100 habebant,
3153 5038 3406 5105 odesset,
3435 5036 3546 5092 hos

1893 5136 2115 5199 autem,
2147 5129 2251 5202 qui
2290 5129 2595 5195 amabant,
2628 5128 2925 5185 desereret
2953 5126 2981 5181 i
3290 5178 3295 5183 .
3392 5178 3395 5183 .
3456 5138 3457 5141 ‘

1405 5397 1625 5466 Variae
1668 5398 1994 5466 lecliones
2023 5407 2088 5465 et
2120 5407 2297 5465 notae

259 5646 363 5715 (74)
400 5653 505 5708 Τῆς
536 5642 911 5711 διδασκαλίας.

261 5662 363 5792 μέγ
400 5662 505 5737 ’1⁷ης
536 5662 767 5701 ouum:

261 5718 339 5791 (7o
401 5725 503 5780 Της
532 5724 767 5795 μνήμης.

1956 5648 2067 5720 (76)
2102 5650 2219 5703 Hoc
2240 5650 2294 5703 et
2325 5647 2659 5719 proximum
2688 5646 2983 5705 scholium
3012 5645 3173 5718 apud
3192 5639 3540 5700 Hentenium

1882 5720 2262 5791 coniunctum
2304 5724 2413 5776 est.
