4120 6310
592 213 735 274 1203
1925 209 2276 270 EUTHYMII
2319 211 2646 271 ZlGABENI
3954 219 4058 272 42:21

663 341 790 399 Alio
839 348 1041 399 autem
1067 345 1338 414 tempore
1365 338 1719 398 Samaritani
1747 351 1866 395 non
1885 343 2248 414 exceperunt
2277 352 2290 392 Α

2430 339 2512 395 Ἐν
2565 339 2716 414 ἐτίρῳ
2761 332 2823 390 δὲ
2873 343 3039 412 καιρῷ
3095 338 3143 390 οἱ
3197 344 3515 412 Σαμαρεῖται
3590 337 3718 391 οὐκ
3813 336 4057 402 ἐδέξω

593 447 742 498 eum,
777 435 983 503 utpote
1014 432 1277 488 amicum
1333 431 1698 499 Iudaeorum,
1741 430 1839 503 qui
1871 431 2160 486 adversus
2184 447 2220 484 sl

2429 432 2508 481 τὸν
2559 431 2624 488 ὡς
2665 427 2807 499 φίλον
2856 424 3128 480 Ἰουδαίων
3180 437 3279 480 τῶν
3323 427 3780 502 ἐχθραινὸντων
3862 431 4056 490 αὐτςνῖς

590 520 934 576 inimicitias
950 523 1325 577 exercebant.
1361 524 1504 577 Nam
1538 521 1651 575 hoc
1681 519 1912 591 scripsit
1940 522 2126 575 Lucas
2152 518 2217 574 tri

2430 526 2517 570 ῦτο
2541 520 2642 591 γὰρ
2673 519 2697 568 6
2732 522 2933 576 Λουκᾶς
2975 519 3252 589 ἱστόρησεν
3295 516 3344 570 ἐν
3388 526 3459 588 τῷ
3501 528 3905 593 τριακοστῷ
3963 519 4057 571 ἔξω

592 609 818 664 cesimo
865 608 1131 663 secundo
1184 609 1378 679 capite
1434 610 1506 662 ⁷³.
1565 607 1676 664 Sed
1718 607 1804 664 illi
1854 611 2021 662 erant
2052 607 2147 661 alii
2169 605 2219 660 al

2430 615 2484 676 ›ῷ
2521 606 2798 678 κεφαλαίῳ.
2851 605 2989 657 Ἀλλ’
3036 605 3218 658 ἐκεῖνοι
3257 609 3419 682 ἕτεροι
3469 604 3626 665 ἦσαν
3691 614 3904 681 παρὰ
3959 617 4057 660 7:.1

591 697 742 753 istis.
783 696 866 752 Illi
916 697 1214 770 siquidem
1270 697 1467 752 vicum
1494 696 1815 769 quemdam
1851 696 2135 752 Samaria
2165 695 2218 750 in

2416 716 2494 755 υς.
2529 695 2744 748 Ἐκεῖνοι
2767 698 2856 767 μὲν
2881 697 2981 770 γὰρ
3013 701 3192 768 κώμην
3217 698 3332 748 τινὰ
3357 705 3447 757 τῆς
3470 702 3844 771 Σαμαρείας
3873 703 4041 769 ᾤκειδ

591 786 966 849 habitabant,
1011 786 1258 841 istivero
1298 787 1618 842 civitatem.

1161 803 1258 841 ero
1298 787 1618 842 civitatem.
2356 786 2499 837 οὗτοι
2534 781 2591 837 δὲ
2621 784 2787 837 πόλιν.

664 875 829 930 Vers.
885 878 970 931 43.
1027 876 1159 930 Post
1208 905 1276 915 —
1310 876 1470 932 Vers.
1523 876 1612 930 44.
1649 875 1928 930 Haberet.
1983 876 2097 929 Cur
2126 889 2246 928 non

2425 877 2571 927 Μετὰ
2625 905 2684 914 -
2717 873 2841 927 ἐκεῖ.
2893 878 3033 926 Διότι
3077 878 3191 926 τότε
3221 874 3312 927 οὐκ
3339 873 3571 933 ἀπῆλθεθ
3653 872 3920 947 infe-£5;
3953 883 4027 944 εῖῖῗ

592 963 803 1020 abierit
849 967 989 1019 tunc
1040 969 1196 1019 recta
1240 965 1629 1035 Capernaum.
1680 980 1814 1035 quae
1846 962 2214 1034 patriaipsiu

2404 982 2422 1022 ;
2471 966 2814 1036 Καπερναούμ
2861 968 2953 1020 τὴν
2995 959 3254 1015 δοκοῦσαν
3301 960 3539 1038 πατρίδα
3594 964 3850 1028 αὗτοῦ,
3915 971 4031 1017 τίετ-

587 1053 946 1117 habebatur,
979 1068 1226 1108 causam
1259 1053 1490 1109 reddit:
1544 1055 1688 1124 quia
1717 1052 1992 1107 videlicet
2044 1051 2105 1107 hi
2143 1067 2214 1122 qu

2429 1052 2639 1104 ραίτίαν
2684 1053 2760 1104 ὃτι
2790 1052 2850 1104 οῦ
2895 1061 3181 1124 προσεῖχον
3221 1053 3360 1124 αὐτῷ
3402 1055 3450 1104 οἱ
3498 1052 3547 1104 ἐν
3613 1055 3829 1126 αὐτῇ,
3889 1077 4033 1106 κατ-

590 1141 644 1194 in
676 1155 748 1196 ea
777 1142 1188 1206 morabantur,
1233 1141 1504 1197 animum
1537 1157 1657 1197 non
1689 1141 2098 1213 applicabant,
2137 1155 2214 1194 ne

2404 1149 2656 1203 >ονοῦντες
2710 1144 2775 1202 ὡς
2834 1144 3107 1202 συνήθους·
3173 1146 3242 1194 Τό
3302 1144 3519 1202 σύνηθες
3593 1146 3731 1218 γὰρ
3817 1144 4031 1196 εὐκατε-

590 1229 1089 1301 obtemperabant
1143 1230 1223 1286 illi
1263 1235 1466 1303 utpote
1505 1231 1826 1287 familiares
1887 1247 1899 1285 :
1951 1229 2247 1301 siquidem
2357 1235 2627 1303 φρόνητον.

589 1317 960 1374 familiaritas
992 1318 1160 1374 facile
1199 1327 1406 1375 causat
1443 1320 1816 1391 despectum.

660 1407 976 1474 Quomodo
1004 1415 1202 1465 autem
1261 1413 1512 1465 testatus
1544 1410 1617 1465 sit
1658 1412 1850 1476 Jesus,
1895 1408 2060 1482 quod
2119 1424 2249 1481 pro-

2428 1414 2535 1460 Ποῦ
2585 1403 2644 1460 δε
2694 1409 2720 1460 6
2764 1409 2970 1471 Ἰησοῦς
3031 1407 3385 1484 ἐμαρτύρησεν
3451 1410 3534 1462 ὅτι
3579 1415 3935 1484 προφήτης

588 1497 768 1570 pheta
794 1498 852 1552 in
883 1498 1071 1569 patria
1088 1515 1197 1554 sua
1226 1499 1518 1554 honorem
1546 1515 1664 1554 non
1693 1499 1932 1564 habeat,
1965 1513 2167 1569 quiere
2193 1499 2215 1552 i‘

2405 1500 2417 1556 5
2471 1494 2586 1568 ἰδίᾳ
2623 1494 2842 1570 πατρίδι
2884 1502 3040 1570 τιμὴν
3093 1499 3186 1550 οὐκ
3242 1502 3392 1570 ἔχεις
3423 1500 3532 1572 (78)
3589 1506 3724 1553 Καὶ
3778 1503 4032 1561 Crine-si

587 1588 706 1643 ﬁne
744 1587 1013 1643 vicesimi
1055 1589 1247 1660 quarti
1297 1590 1507 1660 capitis
1559 1588 1862 1657 Evangelii
1902 1589 2073 1660 juxta
2112 1590 2214 1642 Mat

2404 1612 2406 1616 λ
2470 1594 2541 1656 τῷ
2607 1586 2738 1639 τελει
2793 1594 2884 1639 τοῦ
2943 1587 3179 1640 εἰκοστοῦ
3237 1589 3484 1661 τετάρτου
3535 1589 3892 1661 κεφαλαίου
3957 1603 4031 1643 τε.

588 1678 810 1733 thaeum
842 1682 896 1732 et
944 1677 1286 1736 invenies".
1319 1679 1604 1734 Nazareth
1634 1678 1874 1750 quidem
1906 1678 2101 1749 patria
2119 1678 2213 1748 eju

2405 1679 2491 1726 κτὰ
2522 1677 2806 1742 Ματθαῖον,
2851 1681 2941 1728 καὶ
2969 1677 3227 1747 εὑρήσεις.
3277 1682 3377 1730 Καὶ
3427 1680 3530 1752 γὰρ
3574 1680 3604 1736 η
3672 1682 3794 1750 μὲν
3855 1687 4032 1741 Nega.

587 1771 733 1830 erat,
773 1767 966 1837 patria
1019 1767 1293 1823 videlicet
1358 1767 1566 1824 matris
1623 1768 1832 1840 ipsius,
1885 1772 1944 1822 et
1980 1768 2112 1840 ejus
2143 1783 2214 1838 qu

2396 1769 2443 1817 ετ
2475 1761 2535 1822 ἦν
2564 1769 2748 1838 πατρὶς
2782 1765 2966 1829 αὐτοῦ,
3013 1767 3081 1826 ὡς
3139 1771 3327 1838 πατρὶς
3385 1775 3481 1827 τῆς
3542 1773 3782 1841 μητρὸς
3841 1771 4023 1824 αὖτε..

586 1857 908 1927 putabatur
969 1857 1176 1924 patris,
1209 1857 1266 1912 in
1321 1873 1444 1928 qua
1501 1861 1678 1912 etiam
1745 1857 2003 1912 nutritus
2037 1859 2213 1911 fuerat

2392 1859 2446 1906 αὶ
2506 1862 2598 1906 τοῦ
2651 1850 2928 1916 δοκοῦντος
2977 1858 3176 1928 πατρὸς
3223 1856 3402 1921 αὑτοῦ,
3464 1862 3554 1908 καὶ
3610 1860 3698 1918 ὡς
3772 1858 3834 1910 ἐν
3899 1861 4019 1914 αὗτὲ

587 1949 962 2016 Capernaum
985 1961 1122 2000 vero
1134 1945 1466 2001 habebatur
1487 1948 1678 2017 patria
1700 1947 1874 2010 illius,
1907 1945 2070 2017 quod
2102 1945 2159 1999 in
2179 1959 2209 1998 e

2392 1945 2751 2016 εθραμμένου·
2797 1945 2826 2000 ἡ
2879 1940 2938 1995 δὲ
2997 1948 3340 2017 Καπερναοὺμ
3398 1941 3573 1998 ἐδόκει
3638 1955 3886 2021 πατρὶς
3946 1953 4019 2000 ai-

586 2033 904 2090 habitaret.
966 2035 1051 2088 Ait
1087 2035 1244 2089 enim
1279 2036 1608 2099 Mattheus,
1641 2035 1801 2107 quod
1836 2035 2037 2090 relicta
2067 2035 2213 2088 Naza

2390 2040 2471 2099 οῦ,
2515 2035 2584 2093 ὡς
2607 2039 2963 2092 κατοικοῦντος
2993 2033 3063 2094 εἰς
3088 2033 3272 2090 αὐτὴν.
3317 2037 3580 2108 Φησὶγὰρ
3635 2036 3666 2086 ὁ
3721 2040 4015 2096 Μοιτοιθῐος

587 2123 738 2189 reth,
775 2124 1017 2179 veniens
1057 2123 1342 2179 habitavit
1370 2124 1746 2196 Capernaum
1785 2126 1853 2178 7‘.

2380 2124 2437 2173 ῐτι
2464 2120 2757 2173 καταλιπὼν
2795 2125 2888 2179 τὴν
2909 2123 3148 2197 Ναζαρὶτ
3178 2120 3332 2174 ἐλθὼν
3346 2129 3660 2193 κατῴκησεν
3699 2124 4007 2200 sidiam;-

2356 2213 2522 2283 ναούμ
2535 2256 2546 2267 ,

660 2301 824 2358 Vers.
857 2305 944 2357 45.
992 2302 1133 2358 Cum
1166 2333 1232 2342 —
1267 2303 1442 2367 festo.
1495 2301 1800 2358 Galilaeam
1837 2300 2093 2368 intellige
2120 2299 2248 2355 reli-

2427 2299 2551 2353 Ὀτε
2593 2332 2655 2338 —
2687 2299 2857 2372 ἑορτῇ.
2892 2298 3166 2352 Γαλιλαίαν
3196 2304 3299 2353 νόει
3345 2303 3440 2362 τὰς
3468 2300 3636 2364 ἄλλας
3679 2303 3888 2365 πόλεις
3925 2313 4001 2355 καὶ

587 2406 743 2464 quas
793 2391 1046 2447 Galilaeae
1077 2391 1342 2447 civitates
1374 2407 1442 2446 ac
1475 2392 1652 2463 vicos,
1703 2395 1918 2461 printer
1947 2406 2079 2445 eam
2110 2405 2214 2461 qui

2371 2394 2536 2458 ιώμας
2591 2396 2682 2448 τῆς
2731 2387 3001 2448 Γαλιλαίας
3053 2390 3196 2462 παρὰ
3261 2392 3354 2446 τὴν
3411 2386 3769 2445 δηλωθδῖσαν
3823 2390 3998 2450 ἔδικε-ις

590 2481 827 2554 proprie
885 2481 1093 2536 civitas
1141 2481 1269 2554 ejus
1303 2481 1633 2536 dicebatur.
1689 2481 1924 2534 Festum
1960 2495 2100 2534 vero
2148 2478 2217 2533 Pa

2366 2473 2596 2550 πατρίδα
2635 2477 2815 2528 αὐτοῦ·
2850 2477 3030 2551 ἑορτὴν
3072 2474 3130 2529 δὲ
3174 2481 3268 2535 τὴν
3297 2484 3389 2530 τοῦ
3423 2479 3655 2549 Πάσχα,
3701 2483 3784 2542 ὡς
3840 2480 3892 2533 ἐν
3936 2492 3993 2550 τῷ

590 2569 753 2634 scha,
798 2569 970 2626 veluti
993 2570 1252 2626 secundo
1277 2570 1472 2642 capite
1503 2570 1898 2638 signiﬁcatum
1928 2572 2032 2623 est.

1584 2570 1898 2634 :niﬁcatum
1928 2572 2032 2623 est.
2364 2563 2588 2639 δευτέρῳ
2612 2565 2870 2638 κεφαλαίῳ
2899 2562 3211 2624 κεδήλωται.

663 2661 822 2715 Vers.
875 2660 966 2714 t5.
1026 2659 1179 2714 Nam
1218 2664 1269 2713 et
1300 2659 1415 2728 ipsi
1444 2690 1509 2698 -
1546 2659 1783 2725 festum.
1836 2661 1982 2713 Nam
2040 2671 2252 2710 omnes

2435 2660 2534 2708 Καὶ
2563 2655 2712 2707 αὐτοὶ
2739 2657 2840 2728 γὰρ
2875 2655 2989 2726 (79)
3019 2685 3088 2696 -
3127 2654 3328 2729 ἑορτήν.
3358 2653 3521 2727 ὀμοῦ
3547 2659 3662 2730 γὰρ
3698 2657 3754 2710 ἐν
3782 2657 3980 2733 1:99:9-

591 2747 770 2804 simul
802 2747 988 2802 Judaei
1023 2747 1496 2820 Hierosolymam
1533 2747 1798 2819 undique
1831 2749 2218 2802 concurrente

2359 2744 2542 2816 λύμοις
2568 2743 2798 2817 Ἑϐραῖοι
2842 2745 3024 2805 πάντες
3053 2745 3376 2815 πανταχόθεν
3422 2745 3540 2816 (80)
3596 2755 3968 2820 συνερχόμενα

591 2835 808 2892 festum
841 2835 1244 2893 celebrabant.

1016 2835 1244 2892 rabant.
2362 2833 2643 2909 ἑώρταζον.

1177 2925 1330 2982 CAP.
1365 2927 1449 2980 Vl.
1493 2927 1564 2980 De
1581 2927 1754 2997 regio.
2730 2928 2804 2976 KE

2730 2928 2878 2979 ΚΕΦ.
2909 2921 2978 2986 ς’.
3005 2927 3129 2996 Περὶ
3155 2929 3246 2975 τοῦ
3283 2921 3583 2994 βασιλικοῦ.

665 3015 821 3070 Vers.
854 3017 940 3071 46.
983 3015 1145 3070 Venit
1185 3046 1251 3054 —
1284 3017 1508 3072 vinum.
1566 3019 1626 3070 In
1662 3015 1971 3070 Galilaeam
2003 3016 2250 3088 quidem
2287 3037 2292 3067 4

2298 3024 2328 3078 Β
2430 3013 2614 3066 Ἦλθεν
2675 3043 2743 3053 ——
2804 3011 2956 3066 οἶνον.
3031 3011 3118 3074 Εἰς
3165 3016 3258 3070 τὴν
3337 3011 3619 3064 Γαλιλαίαν
3684 3017 3762 3084 μὲν
3828 3010 3925 3068 ﬁge

595 3103 751 3160 venit
813 3108 1054 3176 propter
1096 3119 1302 3162 eorum
1355 3104 1663 3171 invidiam,
1711 3104 1808 3177 qui
1860 3105 2126 3161 Judteam
2168 3105 2222 3161 in

2365 3101 2455 3156 διὰ
2525 3105 2612 3154 τὸν
2666 3103 2846 3173 φθόνον
2913 3109 3011 3153 τῶν
3076 3103 3448 3153 κατοικούντων
3525 3105 3624 3160 τὴν
3689 3097 3924 3156 Ἰουδαίω-

599 3191 951 3249 habitabant
1000 3193 1102 3247 :in
1147 3193 1392 3263 patriam
1433 3197 1631 3248 autem
1692 3208 1861 3248 suam
1913 3209 2033 3248 non
2085 3193 2226 3249 abiit

2363 3191 2429 3251 εἱς
2477 3194 2570 3248 τὴν
2599 3191 2847 3264 ῥηθεῖσαν
2896 3187 2955 3243 δε
2992 3186 3227 3262 πατρίδα
3270 3189 3428 3241 αὐτοῦ
3487 3189 3583 3241 οῦκ
3633 3189 3947 3254 ἀπῆλθεν,ὼ;

597 3281 737 3354 quia
761 3281 814 3336 ei
846 3296 964 3337 non
991 3281 1429 3347 auscultabant,
1461 3286 1518 3337 et
1548 3297 1624 3338 ne
1654 3281 1846 3352 major
1902 3282 1984 3337 eis
2015 3283 2224 3339 accede

2363 3285 2433 3351 μὴ
2466 3283 2838 3354 προσέχουσαν
2865 3279 3026 3348 αὐτῷ,
3059 3282 3147 3331 καὶ
3179 3279 3260 3330 ἶνα
3286 3283 3357 3350 μὴ
3387 3279 3564 3349 μεῖζον
3594 3279 3730 3352 αὐτῇ
3761 3285 3954 3351 γένηται

597 3374 686 3427 ret
714 3371 1156 3426 condemnatio.
1201 3371 1262 3425 In
1315 3370 1478 3426 Cana
1509 3371 1687 3435 venit,
1727 3371 1982 3443 primum
2012 3371 2224 3442 quiden

2365 3372 2421 3420 τὸ
2451 3375 2632 3441 κρῖμα.
2664 3367 2747 3427 Εἰς
2776 3371 2869 3424 τὴν
2905 3370 3045 3420 Κανὰ
3071 3364 3130 3418 δὲ
3163 3364 3284 3424 ἦλθε
3310 3375 3511 3439 πρῶτον
3539 3370 3629 3439 μεν
3662 3369 3870 3432 κληθεὶς
3898 3369 3959 3430 εἰς

597 3459 870 3515 invitatus
918 3459 993 3515 ad
1039 3459 1274 3530 nuptias
1327 3476 1340 3524 ;
1397 3474 1556 3514 nunc
1592 3475 1749 3523 vero,
1808 3464 1866 3515 ut
1909 3459 2088 3515 ﬁdem
2117 3477 2224 3533 qua

2363 3461 2449 3509 τὸν
2483 3459 2650 3528 γάμον
2681 3473 2692 3485 ·
2723 3463 2809 3507 νῦν
2837 3452 2896 3507 δε
2925 3460 3017 3513 τὴν
3050 3454 3150 3508 ἀπὸ
3187 3463 3280 3508 τοῦ
3304 3461 3676 3529 προγεγονότος
3709 3460 3959 3530 θαύματος

599 3563 671 3603 ex
718 3547 869 3604 facto
921 3548 1079 3618 prius
1149 3547 1439 3603 miraculo
1517 3553 1861 3614 accesserat,
1944 3563 2054 3604 sua
2110 3565 2226 3618 prae

2364 3545 2695 3617 ἐγγενομένην
2740 3550 2920 3596 πίστιν
2947 3544 3169 3616 βεϐαιῶν
3199 3553 3261 3617 τῇ
3311 3551 3596 3618 παρουσίᾳ,
3639 3551 3730 3598 καὶ
3776 3548 3957 3619 μᾶλλον

601 3637 791 3691 sentia
857 3636 1290 3692 conﬁrmaret:
1342 3637 1463 3692 imo
1530 3637 1728 3708 potius
1777 3653 1880 3692 eos
1939 3638 2228 3693 attrahere

2365 3635 2548 3694 αὐτοὺς
2570 3633 2909 3706 ἐφελκόμενος,
2930 3637 2997 3696 ὡς
3019 3633 3169 3687 ἐλθὼν
3193 3633 3505 3694 αὐτόκλητος
3525 3638 3613 3686 καὶ
3635 3643 3956 3708 προτιμήσας

598 3724 834 3781 veniens
884 3741 1006 3782 non
1058 3730 1325 3792 vocatus,
1381 3741 1452 3781 ac
1509 3727 1716 3798 patriae
1747 3742 1870 3781 sua:
1900 3742 2000 3782 eos
2024 3743 2225 3800 prmpo

1381 3741 1452 3781 ac
1509 3727 1716 3798 patriae
1747 3742 1870 3781 sua:
1900 3742 2000 3782 eos
2024 3743 2251 3800 praepo-
2366 3724 2550 3784 αὐτοὺς
2579 3730 2669 3783 τῆς
2698 3719 2975 3797 πατρίδος.

601 3828 768 3870 nens.

671 3904 832 3959 Vers.
878 3905 1068 3959 46.13:
1133 3935 1202 3946 -—
1243 3905 1632 3974 Capernaum.
1689 3905 1904 3973 Regius
1947 3905 2256 3962 dicebatur

2438 3905 2540 3954 Καὶ
2585 3931 2656 3942 -
2711 3901 3072 3972 Καπερναούμ.
3127 3897 3402 3962 Βασιλικὸς
3453 3898 3646 3970 ἐλέγετο
3700 3905 3728 3959 ἦ
3782 3906 3852 3965 ὡς
3903 3904 3948 3956 ἐκ

599 3991 687 4047 vel
717 3992 880 4063 quod
907 3993 1070 4062 regio
1099 3999 1254 4048 esset
1305 4009 1540 4060 genere,
1583 3994 1674 4048 vel
1701 3995 1858 4066 quod
1903 3994 2226 4061 diguitaten

2365 3995 2544 4062 γένους
2598 3988 2898 4062 βασιλικοῦ,
2959 3989 2990 4046 ἡ
3052 3990 3120 4050 ὡς
3168 3986 3370 4061 ἀξίωμά
3427 4008 3479 4040 τι
3527 3995 3812 4061 κεκτημένος
3865 3992 3944 4064 ἀφ’

602 4086 808 4135 nactus
857 4085 1002 4144 erat,
1057 4096 1094 4135 a
1123 4097 1242 4150 qua
1289 4081 1506 4149 Regius
1562 4083 2121 4151 cognominabatur,
2164 4099 2229 4138 ve

2368 4081 2521 4154 οὗπερ
2567 4078 2792 4131 ἐκαλεῖτο
2840 4077 3119 4139 Βασιλικὸς
3161 4077 3190 4136 ἧ
3247 4080 3310 4137 ὡς
3363 4079 3629 4150 ὑπηρέτης
3664 4078 3935 4152 βασιλικός.

599 4167 763 4239 quod
807 4168 1074 4223 minister
1098 4173 1255 4224 esset
1271 4171 1492 4237 regius.
1532 4171 1788 4236 Quidam
1817 4172 2010 4242 itaque
2029 4171 2226 4227 dicunt

2367 4172 2509 4229 Τινὲς
2553 4171 2642 4241 μεν
2668 4167 2754 4220 οὖν
2786 4186 2942 4238 φασιν
2986 4168 3066 4218 ὅτι
3111 4166 3261 4228 οὗτός
3299 4165 3438 4219 ἐστιν
3465 4169 3490 4219 ὁ
3522 4171 3661 4242 παρά
3703 4178 3767 4237 τῷ
3808 4176 3932 4223 Ματ·

601 4256 754 4310 hunc
785 4255 966 4311 fuisse
996 4257 1428 4323 centurionem,
1462 4258 1535 4313 de
1567 4275 1689 4330 quo
1720 4259 1878 4329 apud
1922 4260 2228 4315 Matthaeuu

2372 4258 2500 4327 θαίῷ
2547 4262 2635 4309 καὶ
2689 4266 2762 4327 τῷ
2817 4261 2997 4326 Λουκᾷ
3073 4260 3514 4327 μνημονευόμενος
3566 4256 3923 4332 ἑκατόνταρχος·

600 4349 656 4400 et
689 4346 903 4400 Lucam
952 4345 1106 4401 facta
1145 4352 1235 4401 est
1264 4348 1484 4402 mentio
1531 4350 1605 4404 ⁷⁸.
1647 4348 1773 4402 Non
1805 4354 1895 4403 est
1924 4355 2122 4404 autem
2158 4351 2227 4405 ita

2294 4377 2336 4431 Ι)
2371 4348 2462 4400 οὐκ
2492 4350 2604 4399 ἔστι
2648 4343 2725 4400 δέ.
2770 4349 2870 4398 Καὶ
2906 4347 3032 4419 γὰρ,
3083 4346 3166 4396 ἶνα
3220 4349 3313 4406 τὰς
3359 4343 3518 4407 ἄλλας
3570 4344 3774 4417 ἐάσωμεν
3814 4344 3919 4399 δια-

601 4433 926 4506 Siquidem,
976 4438 1040 4490 ut
1068 4435 1218 4490 alias
1267 4451 1473 4492 eorum
1502 4435 1870 4493 differentias
1897 4437 2228 4495 omittamus

2372 4439 2530 4509 φορὰς
2587 4436 2772 4499 αὐτῶν,
2835 4434 3017 4494 ἐκεῖνος
3071 4436 3160 4506 μὲν
3221 4433 3618 4508 ἑκατόνταρχος,
3683 4435 3806 4495 οὗτος
3860 4433 3912 4486 δὲ

600 4521 699 4578 ille
732 4523 999 4579 centurio
1025 4529 1170 4591 erat,
1203 4524 1300 4579 hic
1357 4525 1591 4594 regius;
1626 4526 1778 4580 illius
1819 4542 2028 4582 servus
2070 4543 2227 4594 aegro

2372 4525 2664 4597 βασιλικός,
2722 4521 2959 4575 κάκείνου
3017 4525 3106 4595 μὲν
3163 4518 3348 4582 δοῦλος
3404 4523 3621 4580 ἠσθένει·
3657 4524 3802 4571 τούτου
3845 4517 3896 4570 δὲ

600 4610 787 4676 tabat,
818 4611 1002 4684 hujus
1059 4612 1213 4668 filius
1240 4630 1253 4680 ;
1300 4618 1357 4668 et
1386 4612 1460 4668 ibi
1495 4613 1741 4669 morbus
1794 4620 1916 4670 erat
1947 4616 2227 4686 paralysis

2370 4617 2499 4676 υἱός
2546 4619 2635 4665 καὶ
2685 4612 2786 4665 ἐκεῖ
2832 4615 2922 4684 μεν
2974 4613 3004 4670 ἠ
3059 4615 3212 4673 νόσος
3265 4610 3569 4684 παράλυσις,
3615 4606 3794 4658 ἐνταῦθα
3835 4600 3883 4655 δὲ

601 4699 703 4757 hic
732 4707 932 4757 autem
963 4701 1166 4758 febris.

979 4701 1166 4758 iebris.
2368 4708 2583 4778 πυρετός
2596 4745 2606 4756 .

673 4788 840 4846 Vers.
899 4794 987 4846 47.
1047 4792 1163 4847 Hic
1217 4821 1285 4832 -—
1333 4791 1675 4848 moriturus.
1740 4792 1996 4848 Rursum
2055 4793 2252 4867 ἠρώτα,

2437 4789 2604 4853 Οὗτος
2685 4822 2753 4830 -
2841 4788 3204 4847 ἀποθνήσκειν.
3297 4793 3521 4863 Ἠρὼτα,
3601 4790 3702 4844 ἦτοι
3769 4790 3901 4858 Παρε-

600 4878 892 4949 signiticat
927 4878 1364 4950 deprecabatur.

927 4878 1364 4950 deprecabatur.
2365 4881 2453 4933 κά)
2465 4900 2524 4936 ει.

670 5060 716 5095 ⁷⁸
741 5059 877 5115 Luc.
906 5073 986 5124 ιι,
1026 5060 1214 5118 52-53.
1290 5061 1339 5096 ⁷⁸
1359 5058 1561 5117 Matth.
1587 5075 1713 5117 xui.
1745 5065 1833 5115 57.
1911 5061 1960 5096 η
2001 5059 2210 5116 Matth.
2251 5077 2297 5115 iv

1911 5061 1960 5096 7‘
2001 5059 2210 5116 Matth.
2251 5076 2324 5130 iv,
2362 5060 2448 5116 13.
2527 5061 2574 5095 ⁷⁵
2614 5058 2816 5117 Matth.
2851 5061 2971 5127 vui,
3015 5061 3091 5124 5;
3137 5058 3273 5114 Luc.
3308 5059 3462 5126 vu,2.

1826 5263 2050 5333 Variae
2077 5264 2402 5334 lectiones
2418 5275 2484 5334 et
2514 5274 2716 5333 notae.

663 5433 781 5561 ΕΠ)
838 5432 1080 5489 Καθϐλου
1129 5439 1218 5508 μὶν
1271 5434 1493 5494 ἀπῆλθεν
1557 5435 1627 5497 εἰς
1679 5437 1765 5492 τὴν
1825 5434 2121 5493 Γαλιλαίαν.
2189 5435 2250 5496 ἧς

714 5509 1009 5561 απεοναούν.
1063 5525 1074 5537 ·
1109 5507 1203 5560 οὐκ
1249 5504 1435 5561 ἰδικῶς
1483 5503 1562 5561 δὲ.
1617 5510 1735 5561 ἦτοι
1781 5505 2066 5561 ἐξαιρέτως.
2102 5503 2250 5561 ἦλθεν

2204 5435 2250 5496 is
2361 5435 2513 5491 Idem
2539 5433 2718 5506 paulo
2741 5437 2895 5497 ante,
2924 5431 3056 5488 loco
3085 5440 3207 5499 ποῦ,
3241 5431 3472 5487 videtur
3495 5427 3696 5498 legisse
3718 5436 3831 5491 πῶς.

2204 5526 2250 5559 εν
2432 5512 2545 5561 (79)
2581 5508 2681 5561 Fato
2716 5521 2878 5561 ergo.
2911 5504 3067 5561 quod
3102 5521 3257 5559 unus
3288 5516 3558 5558 meorum
3593 5500 3803 5561 omittit,

596 5500 1009 5582 i1_l'(_a_z1rspva06p
1063 5525 1074 5537 ·
1109 5500 1203 5560 οὐκ
1249 5504 1435 5570 ἰδικῶς
1483 5503 1562 5576 δε,
1617 5510 1735 5566 ἦτοι
1781 5505 2066 5582 ἐξαιρέτως,
2102 5503 2223 5565 ἧλθε

2382 5581 2388 5582 γ
2432 5500 2553 5582 (79)’
2581 5508 2681 5578 Γάρ
2716 5521 2887 5582 ergo,
2911 5504 3067 5582 quod
3102 5521 3257 5582 u_uu_s
3288 5516 3558 5558 meorum
3593 5500 3803 5566 omittit,
3831 5517 3918 5558 co-

596 5577 663 5637 είς
678 5575 1078 5652 ,ΚΔαπερναοῦμη
1548 5575 1554 5576 ί
1820 5649 1829 5652 _
1892 5575 1900 5582 ’
2163 5650 2173 5652 _

1820 5649 1829 5652 _
1892 5575 1900 5582 ’
2163 5650 2173 5652 _
2361 5581 2472 5652 dea
2503 5575 2763 5652 Hentenii
2795 5576 3024 5631 videtur
3042 5575 3352 5632 habuisse.

667 5649 782 5720 (78)
843 5648 951 5701 Καί
1003 5648 1196 5706 'abest
1257 5654 1316 5713 A,
1401 5664 1508 5704 nec
1590 5649 1859 5719 agnoscit
1929 5650 2250 5708 Hentenius

1401 5664 1508 5704 nec
1590 5649 1859 5719 agnoscit
1929 5650 2250 5708 Hentenius
2434 5651 2545 5721 (80)
2574 5648 2877 5724 Ἐρχόμενοι
2903 5654 2961 5701 Α.
