4120 6310
227 306 409 370 1205

1273 282 1643 363 COMMENT.
1689 312 1761 369 IN
1796 311 2150 370 JOANNEM.
2189 342 2262 361 -
2297 316 2452 375 CAP.
2493 316 2562 375 v.

3500 308 3643 374 {206

319 437 489 495 Εἶπεν
557 470 623 481 -
682 442 1015 499 πιστεύσητε.
1085 440 1160 493 Οὐ
1234 429 1354 489 κατ’
1422 425 1676 505 ἐρώτησιν
1747 438 1842 491 ἀνα

2049 442 2218 498 Vers.
2274 441 2362 498 48.
2444 443 2543 499 Ait
2588 474 2658 486 —
2711 442 2965 500 credetis.
3041 442 3479 512 Interrogative,
3530 441 3637 499 sed

214 534 542 602 γνωστέον,
597 528 724 581 ἀλλὰ
768 532 903 582 κατὰ
950 529 1234 603 ἀπόφασιν.
1286 520 1410 581 Eius
1434 521 1531 597 ’γὰρ
1576 535 1727 580 τοῦτο
1754 548 1867 580 κοι-

215 629 342 680 νῶς
404 623 518 691 μὲν,
568 628 668 670 τῶν
718 626 1038 692 Σαμαρειτῶν
1087 618 1422 678 ὑποϐιϐοξζων
1466 620 1586 679 τοὺς
1632 616 1866 670 Ἰουδαί-

218 728 355 772 ους,
410 710 476 768 ὡς
524 706 724 759 ἐκείνων
754 709 1143 760 πιστευσάντων
1194 706 1334 781 δίχα
1381 711 1608 778 σημείων
1654 713 1742 759 καὶ
1785 727 1863 759 τε·

220 799 474 870 ροίτων·
529 793 809 870 ἰδιαίτερον
848 793 925 864 δὲ,
969 805 1057 850 τοῦ
1108 797 1385 850 Βασιλικοῦ
1435 799 1861 868 καθαπτόμενος·

225 887 282 938 εἰ
340 888 457 959 γὰρ
502 890 591 938 καὶ
635 890 860 947 πίστεως
911 883 971 945 ἦν
1021 891 1077 939 τὸ
1133 886 1366 940 ἀπελθεῖν
1405 890 1495 938 καὶ
1548 885 1863 960 παρακαλεῖν

944 981 1033 1029 καὶ
1087 979 1188 1048 γὰρ
1247 981 1337 1027 καὶ
1399 978 1424 1027 6
1488 975 1864 1047 εὖαγγελιστής

1253 1067 1501 1136 Πορεύου,
1540 1066 1565 1116 6
1613 1066 1725 1123 υἱός
1768 1082 1861 1115 σου

224 980 340 1027 καὶ
406 974 626 1046 ἐπείγειν
680 976 830 1027 αὐτόν
856 994 869 1008 ·

230 1084 426 1136 φησιν
467 1066 547 1116 ὃτι
574 1064 802 1126 εἰπόντος
840 1072 931 1116 τοῦ
979 1066 1154 1122 Ἰησοῦ
1184 1083 1194 1094 ·

237 1157 313 1225 ζῇ
350 1170 364 1183 '
408 1152 686 1206 ἐπίστευσε
735 1161 805 1223 τῷ
857 1152 990 1225 λόγῳ
1040 1154 1235 1206 αὐτοῦ’
1288 1153 1393 1205 ἀλλ’
1427 1151 1513 1205 οὖν
1540 1154 1644 1225 οὐχ
1700 1155 1862 1223 ὑγιῶς

231 1240 559 1294 ἐπίστευσε.
619 1246 719 1295 Καὶ
782 1251 933 1295 τοῦτο
992 1240 1148 1301 δῆλον
1207 1243 1307 1295 ἀπὸ
1366 1250 1457 1294 τοῦ
1511 1244 1861 1296 πυνθάνεσθαι

229 1335 379 1383 πότε
428 1330 595 1402 ἀφῆκε
649 1335 735 1383 τόν
780 1339 1031 1384 νοσοῦντα
1081 1334 1106 1383 6
1150 1336 1384 1407 πυρετός.
1432 1331 1697 1385 Ἐϐούλετο
1756 1334 1858 1405 γὰρ

222 1421 438 1491 μαθεῖν
471 1422 570 1472 εἴτε
600 1419 902 1492 αὐτομάτως
934 1424 1032 1473 εἴτε
1073 1422 1188 1473 κατ’
1219 1421 1473 1493 ἐπιταγὴν
1502 1429 1593 1473 τοῦ
1625 1429 1858 1494 Χριστοῦ

221 1516 408 1561 τοῦτο
447 1512 644 1580 γέγονε.

312 1691 483 1757 Λέγει
512 1718 572 1726 -
605 1686 890 1761 ἐπορεύετο.
930 1687 1219 1753 Κατάϐηθι,
1254 1693 1404 1760 φησι,
1434 1694 1555 1763 πρὶν
1582 1688 1855 1741 ἀποθανεῖν

1978 529 2330 587 afﬁrmative
2384 532 2721 601 legendum.
2759 537 2902 589 Nam
2952 534 3061 588 hoc
3117 532 3262 588 dixit
3289 532 3638 601 generaliter

1975 619 2222 690 quidem
2286 622 2676 692 deprimendo
2759 622 2988 678 Iudaeos
3037 638 3174 676 cum
3247 611 3636 677 Samaritanis

1975 708 2245 773 collatos,
2276 711 2442 781 quod
2470 711 2547 766 illi
2576 712 2802 782 absque
2834 710 3017 780 signis
3046 716 3099 765 et
3130 710 3419 783 prodigiis
3452 710 3635 765 credi-

1974 796 2217 862 dissent,
2243 799 2654 870 particularius
2678 806 2878 855 autem
2911 800 3161 869 Regium
3212 800 3591 870 objurgando
3616 816 3629 854 :

1972 886 2084 941 etsi
2128 889 2285 942 enim
2319 888 2450 943 ﬁdei
2495 894 2637 954 erat,
2690 889 2855 961 quod
2909 888 3155 944 abiisset
3184 891 3244 946 et
3272 888 3629 960 deprecatus

1973 982 2144 1041 esset,
2163 993 2232 1031 ac
2255 985 2487 1047 urgeret
2504 995 2661 1033 eum.
2689 979 2989 1051 Siquidem
3007 977 3372 1046 evangelista
3394 993 3632 1049 quoque

1971 1064 2068 1129 ait,
2106 1066 2266 1137 quod
2322 1083 2457 1121 cum
2501 1068 2747 1122 dixisset
2798 1068 2969 1121 Jesus
3014 1082 3027 1121 :
3086 1067 3257 1130 Vade,
3303 1067 3458 1133 ﬁlius
3498 1074 3633 1121 tuus

1971 1154 2115 1209 vivit
2138 1155 2207 1219 ⁷⁸,
2238 1156 2484 1211 credidit
2508 1157 2688 1212 homo
2740 1156 3022 1220 sermoni,
3073 1171 3254 1226 quem
3285 1154 3510 1209 dixerat
3534 1154 3583 1209 ei
3615 1172 3627 1220 ;

1971 1243 2237 1298 nondum
2274 1250 2469 1299 tamen
2498 1251 2651 1301 recte
2676 1245 2956 1301 credebat
2984 1263 2997 1313 ;
3027 1251 3081 1300 et
3106 1246 3220 1300 hoc
3252 1243 3630 1298 manifestum

1970 1337 2073 1402 est,
2145 1350 2216 1388 eo
2291 1335 2455 1406 quod
2524 1335 2973 1405 interrogaverit
3017 1333 3265 1407 quando
3336 1337 3631 1402 aegrotan-

1968 1424 2089 1475 tem
2148 1422 2480 1494 reliquisset
2542 1424 2724 1479 febris
2795 1442 2808 1489 ;
2898 1422 3133 1479 volebat
3202 1438 3467 1495 namque
3541 1421 3628 1476 di-

1969 1525 2149 1576 scere,
2184 1517 2384 1567 utrum
2433 1528 2579 1567 casu
2631 1528 2709 1568 an
2767 1512 2975 1568 Christi
3007 1512 3179 1583 jussu
3227 1512 3340 1566 hoc
3402 1510 3626 1565 factum

1967 1606 2141 1655 esset.

2043 1690 2201 1746 Vers.
2240 1691 2330 1745 49.
2377 1692 2533 1746 Dicit
2565 1721 2631 1732 —
2684 1692 2842 1745 Vers.
2896 1693 2983 1745 50.
3035 1689 3186 1745 Ibat.
3214 1688 3621 1755 —Descende,

223 1778 292 1828 τὸ
323 1773 551 1827 παιδίον
582 1796 702 1848 μου.
747 1774 1055 1850 Προσεδόκα
1083 1781 1183 1853 γὰρ
1215 1780 1296 1830 ὃτι
1325 1780 1455 1849 μετὰ
1486 1783 1541 1830 τὸ
1583 1777 1842 1831 ἀποθανεῖν

1973 1777 2177 1849 inquit,
2191 1780 2530 1849 priusquam
2547 1781 2863 1845 moriatur;
2880 1775 3621 1849 existimabatenim,quod

228 1865 298 1917 οὐ
330 1862 563 1916 δύναται
591 1865 888 1924 ἀναστῆσαι
920 1867 1067 1920 αὐτό.

310 1951 468 2012 ’Ἤδη
494 1986 560 1994 —
580 1958 727 2026 ἔσχε.
757 1955 1082 2029 Κομψότερον
1111 1958 1329 2008 ενταῦθα
1354 1956 1488 2028 λέγει
1508 1961 1563 2009 τὸ
1586 1959 1849 2032 ρᾳότερον,

224 2047 293 2095 τὸ
329 2048 666 2118 κουφότερον,
702 2048 758 2096 τὸ
784 2044 897 2116 (81)
927 2043 1358 2118 ἐλευθεριώτερον.

312 2314 418 2363 Καὶ
477 2341 543 2350 -
573 2328 808 2383 πυρετος.
870 2310 1050 2384 Ιιόρῥω
1081 2312 1183 2384 γὰρ
1237 2319 1332 2370 τῆς
1391 2313 1535 2363 Κανὰ
1580 2313 1609 2368 ἠ
1653 2317 1853 2383 Korn-sp-

225 2404 412 2471 ναοὺμ
446 2395 528 2464 ἦν,
567 2402 697 2450 ὥστε
718 2404 789 2471 μὴ
816 2395 1107 2457 δυνηθῆναι
1132 2399 1322 2461 αὐτοὺς
1352 2398 1399 2450 ἐν
1432 2400 1558 2471 αὐτῇ
1588 2408 1649 2471 τῇ
1683 2402 1853 2472 ἡμέρᾳ

223 2492 468 2560 κομίσαι
495 2491 559 2540 τὰ
598 2487 872 2559 εὐαγγέλια
900 2497 994 2549 τῆς
1020 2489 1157 2548 ζωῆς
1183 2496 1272 2541 τοῦ
1303 2485 1546 2542 παιδίου.

303 2576 488 2649 ’Ἐγνω
520 2609 584 2617 -
613 2578 699 2648 ζῇ.
729 2576 849 2629 Ὀτι
881 2576 927 2628 ἐν
968 2576 1125 2648 ἐκείνῃ
1157 2585 1217 2649 τῇ
1248 2579 1356 2651 ὦρᾳ
1388 2574 1627 2634 δηλονότι
1658 2576 1848 2647 ἀφῆκεν

229 2666 401 2718 αὐτὸν
436 2668 462 2717 6
492 2668 727 2737 πυρετός.

306 2761 412 2807 Καὶ
447 2785 512 2794 -
562 2754 673 2810 ὅλη.
707 2760 813 2805 Νῦν
845 2755 1146 2805 ἐπίστευσεν
1183 2754 1359 2822 ὑγιῶς,
1407 2755 1535 2822 μετὰ
1592 2756 1649 2803 τὸ
1696 2753 1847 2823 ὑγιᾶ-

230 2863 323 2895 ναι
369 2846 459 2894 τόν
508 2844 621 2893 υἱόν
681 2842 860 2893 αὐτοῦ.
927 2840 1103 2900 Καλῶς
1149 2837 1235 2891 οὖν
1288 2840 1563 2910 καθήψατο
1613 2840 1769 2892 αὐτοῦ
1821 2842 1846 2891 6

230 2936 324 2988 τὴν
400 2927 627 3003 καρδίαν
687 2930 847 2981 αὐτοῦ
918 2935 1186 3000 γινώσκων
1246 2933 1492 3000 Χριστὸς,
1554 2930 1704 2982 εἰπων
1766 2934 1845 2981 ὅτι

234 3016 359 3071 Ἐὰν
399 3024 472 3091 μὴ
525 3025 719 3090 σημεῖα
774 3023 863 3070 καὶ
912 3023 1103 3093 τέρατα
1159 3015 1331 3083 ἴδητε,
1387 3018 1444 3069 οὗ
1500 3023 1570 3090 μὴ
1629 3021 1842 3071 πιστεύ-

236 3126 388 3164 σητε.

311 3202 519 3270 κυρίως
575 3193 662 3249 οὖν
723 3204 917 3268 σημεῖα
972 3201 1060 3270 μέν
1115 3196 1313 3250 εἰσιτὰ
1362 3200 1494 3249 κατά
1550 3200 1725 3270 φύσιν,
1777 3200 1842 3257 ὡς

233 3290 290 3338 τὸ
322 3287 559 3357 ὑγιάζειν
588 3293 904 3348 νοσοῦντας·
952 3291 1143 3359 τέρατα
1192 3283 1251 3338 δὲ
1280 3289 1345 3338 τὰ
1376 3289 1502 3362 ὑπὲρ
1555 3290 1729 3359 φύσιν,
1776 3290 1840 3347 ὡς

236 3380 293 3427 τό
326 3377 593 3435 ζωοποιεῖν
646 3380 849 3447 νεκροὺς
896 3381 985 3427 καὶ
1042 3375 1303 3447 ὀμματοῡν
1362 3376 1601 3448 τυφλούς.
1671 3382 1837 3428 Κατα-

237 3474 548 3538 χρηστικῶς
579 3460 637 3516 δὲ
666 3463 898 3534 λέγονται
937 3468 1026 3516 καὶ
1056 3465 1367 3517 τούναντίον.

307 3560 469 3604 Τοῦτο
535 3581 601 3594 --
666 3553 960 3607 Γαλιλαίαν.

235 3640 388 3692 Ἦλθε
448 3642 600 3693 πάλιν
665 3644 690 3693 6
760 3642 962 3703 Ἰησοῦς
1028 3642 1095 3702 εὶς
1168 3647 1261 3700 τὴν

1058 3559 1157 3606 Καὶ
1217 3559 1463 3628 πρότερον
1540 3554 1691 3605 εἰπὼν
1758 3556 1834 3606 ὅτι

1331 3645 1470 3695 Κανὰ
1537 3651 1625 3703 τῆς
1688 3643 1779 3694 Γα)
1794 3665 1833 3694 ι-

237 3729 407 3793 λαίας,
445 3731 573 3781 ὅπου
629 3729 842 3787 ἐποίησε
892 3735 949 3783 τὸ
1003 3728 1145 3803 ὕδωρ
1179 3728 1349 3783 οἶνονο
1412 3732 1470 3783 οὐ
1526 3735 1695 3803 μάτην
1751 3732 1833 3783 ἁν-

241 3822 423 3890 ἐμνησε
458 3828 548 3871 τοῦ
591 3822 873 3891 θαύματος,
920 3819 1025 3871 ἀλλ’
1076 3819 1330 3891 ἐμφαίνων
1360 3822 1458 3883 ὅτι,
1510 3825 1597 3871 καὶ
1644 3824 1829 3872 τούτου

241 3914 522 3979 γεγονότος,
581 3908 821 3968 ἐλάττους
861 3909 975 3980 (82)
1017 3917 1112 3959 τῶν
1167 3915 1492 3980 Σαμαρειτῶν
1537 3909 1609 3970 εἰς
1651 3914 1829 3961 πίστιν

245 3995 511 4066 ἐφάνησαν.
562 4002 661 4049 Καὶ
703 4005 789 4047 νῦν
838 3994 895 4049 δὲ
957 3997 1113 4068 λέγων
1154 4000 1233 4049 ὅτι
1286 4004 1448 4049 Τοῦτο
1503 3997 1654 4047 πάλιν
1710 3994 1827 4048 δεύ-

247 4104 378 4157 τερον
444 4093 655 4157 σημεῖον
722 4086 962 4143 ἐποίησεν
1042 4088 1067 4137 6
1128 4085 1363 4145 Ἰησοῦς·
1452 4087 1640 4156 ὁμοίως
1704 4089 1828 4137 καθ-

248 4176 451 4226 άπτεται
479 4174 666 4237 αὐτῶν,
719 4176 796 4226 ὅτι
825 4180 914 4226 καὶ
947 4171 1183 4247 δεύτερον
1236 4182 1447 4246 σημεῖον
1489 4172 1685 4236 ἰδόντες
1733 4175 1826 4226 οὐκ

248 4260 469 4320 ἠδυνήθη
482 4282 575 4314 σαν
602 4262 870 4335 ἐφικέσθαι
895 4264 1008 4334 (83)
1039 4272 1131 4316 τοῦ
1155 4270 1341 4338 μέτρου
1367 4273 1457 4324 τῆς
1480 4269 1704 4326 πίστεως
1726 4273 1824 4315 τῶν

248 4348 383 4403 οὐδὲν
413 4352 706 4426 ἑωρακότων
730 4360 1076 4427 Σαμαρειτῶν.

314 4444 537 4515 Δεύτερον
584 4445 685 4517 γὰρ
739 4450 890 4494 τοῦτο
949 4440 1081 4495 εἶπεν
1139 4442 1243 4513 οὐχ
1298 4446 1360 4503 ὡς
1407 4444 1537 4515 μετὰ
1590 4445 1647 4493 τὸ
1682 4452 1825 4517 πρῶ-

1966 1872 2103 1938 post
2133 1872 2385 1923 mortem
2408 1885 2545 1923 eum
2576 1868 2922 1923 resuscitare
2954 1883 3073 1922 non
3096 1871 3319 1938 posset.

2036 1957 2191 2010 Vers.
2225 1958 2313 2010 51.
2343 1957 2477 2012 Jam
2509 1988 2573 1996 —
2600 1957 2763 2011 Vers.
2798 1958 2881 2011 52.
2908 1956 3239 2010 Habuisset.
3266 1956 3622 2026 Quanquam

1963 2043 2165 2115 κομψὸς
2196 2044 2432 2099 dicatur
2462 2052 2659 2107 scztus,
2707 2045 3032 2099 industrius
3088 2048 3190 2097 aut
3216 2042 3501 2113 eloquens,
3530 2043 3623 2098 hic

1963 2136 2161 2186 tamen
2189 2134 2665 2204 comparativum
2694 2132 3014 2207 κομψότερον
3039 2130 3336 2201 signiﬁcat
3354 2130 3621 2200 facilius,

1965 2222 2173 2287 levius,
2203 2222 2580 2277 tolerabilius.

2036 2313 2196 2365 Vers.
2226 2313 2317 2366 5'2.
2366 2312 2443 2366 Et
2484 2342 2549 2351 —
2589 2311 2796 2378 febris.
2827 2313 2972 2365 Nam
3001 2308 3208 2380 procul
3236 2324 3272 2364 a
3302 2308 3467 2364 Cana
3495 2314 3622 2364 erat

1963 2400 2340 2469 Capernaum
2410 2416 2423 2455 :
2480 2401 2677 2471 itaque
2735 2416 2856 2454 non
2917 2404 3233 2469 potuerunt
3284 2397 3499 2453 eodem
3524 2398 3619 2453 die

1963 2489 2219 2558 perferre
2252 2490 2521 2543 nuntium
2555 2488 2629 2541 de
2660 2488 2849 2542 salute
2874 2487 2974 2542 filii
2997 2487 3145 2555 ejus.

2034 2576 2194 2630 Vers.
2228 2577 2315 2632 53.
2359 2578 2632 2647 Cognovit
2681 2607 2744 2616 —
2778 2577 2939 2632 vivit.
2998 2575 3169 2640 Quod
3221 2575 3279 2630 in
3312 2575 3413 2630 illa
3443 2575 3612 2641 hora,

1959 2670 2125 2735 puta,
2160 2664 2479 2736 reliquerat
2504 2680 2636 2719 eum
2666 2663 2861 2719 febris.

2034 2753 2191 2808 Vers.
2225 2755 2312 2809 53.
2391 2755 2467 2809 Et
2497 2785 2565 2793 —
2612 2758 2753 2809 tota.
2813 2756 2977 2808 Nunc
3034 2751 3290 2822 perfecte
3342 2752 3609 2818 credidit,

1958 2841 2061 2895 ubi
2093 2847 2338 2897 sanatus
2369 2848 2454 2898 est
2477 2842 2631 2897 filius
2659 2841 2864 2913 ipsius.
2900 2841 3096 2897 Merito
3153 2856 3297 2909 ergo
3327 2841 3612 2910 objurga-

1958 2931 2030 2984 vit
2056 2946 2191 2985 eum
2225 2929 2511 2997 Christus,
2540 2931 2643 3002 qui
2697 2946 2799 2986 cor
2852 2930 3009 2984 illius
3044 2934 3306 2994 noverat,
3364 2930 3609 2985 dicens:

1952 3021 2088 3075 Nisi
2137 3020 2309 3091 signa
2338 3028 2390 3077 et
2415 3020 2677 3091 prodigia
2714 3019 2994 3088 videritis,
3027 3034 3391 3091 nequaquam
3418 3018 3610 3074 crede-

1873 3142 1913 3199 C
1953 3112 2109 3166 tis".

2024 3200 2203 3269 Signa
2230 3199 2473 3271 quidem
2506 3200 2743 3271 proprie
2766 3203 2902 3254 sunt
2925 3214 3060 3268 qua:
3089 3196 3417 3253 secundum
3443 3200 3610 3251 natu-

1950 3304 2067 3342 ram
2087 3294 2242 3352 sunt,
2266 3295 2327 3343 ut
2358 3304 2573 3343 sanare
2602 3292 2891 3350 aegrotum
2920 3305 2937 3356 ;
2972 3285 3249 3357 prodigia
3282 3300 3441 3350 vero,
3471 3300 3607 3355 quas

1948 3393 2130 3446 supra
2149 3384 2410 3431 naturam
2429 3382 2490 3431 ut
2507 3376 2805 3431 viviﬁcare
2824 3375 3307 3438 mortuos,visum
3329 3380 3605 3444 praestare

1945 3465 2138 3533 czecis,
2157 3481 2530 3537 quamquam
2554 3464 2800 3519 abusive
2817 3463 2998 3517 etiam
3016 3461 3332 3516 dicanture
3347 3461 3599 3517 diverso.

2020 3552 2181 3607 Vers.
2211 3553 2432 3607 54.Hoc
2454 3582 2518 3592 —
2539 3552 2873 3607 Galilaeam.
2906 3553 2969 3605 Et
2991 3548 3153 3620 prius
3180 3565 3318 3604 cum
3357 3548 3605 3604 dixisset

1958 3641 2118 3696 Venit
2140 3657 2373 3696 rursum
2403 3641 2565 3695 Jesus
2592 3643 2649 3694 in
2690 3639 2849 3695 Cana
2893 3639 3210 3707 Galilaeam,
3255 3638 3354 3692 ubi
3378 3638 3599 3705 fecerat

1942 3746 2017 3786 er
2046 3745 2202 3801 aqua
2216 3730 2413 3785 vinum
2432 3731 2501 3792 ⁷⁸,
2526 3744 2645 3783 non
2670 3728 2888 3782 frustra
2910 3725 3176 3781 miraculi
3198 3727 3329 3781 fecit
3354 3727 3601 3781 mentio-

1943 3835 2101 3885 nem,
2130 3818 2235 3872 sed
2281 3825 2339 3872 ut
2369 3817 2704 3873 ostenderet
2755 3816 2920 3888 quod
2968 3815 3150 3870 etiam
3200 3814 3355 3869 facto
3396 3814 3493 3868 illo
3526 3815 3599 3868 si-

1942 3924 2059 3975 gno
2083 3908 2471 3963 Samaritanis
2500 3906 2805 3960 inferiores
2838 3905 2894 3959 in
2924 3905 3042 3958 fide
3090 3904 3311 3959 inventi
3341 3909 3494 3957 sunt.
3534 3906 3598 3958 Et

1941 4011 2093 4050 nunc
2127 4012 2365 4066 quoque
2396 3996 2760 4050 dicenszﬂoc
2784 3995 2990 4049 iterum
3016 3993 3329 4049 secundum
3360 3993 3593 4061 signum

1938 4086 2120 4139 edidit
2148 4086 2330 4147 Iesus,
2365 4083 2632 4138 similiter
2656 4081 3159 4153 carpitillos,quia
3182 4081 3360 4135 etiam
3386 4096 3596 4135 secun-

1938 4174 2014 4227 do
2039 4174 2210 4242 signo
2240 4174 2388 4239 viso,
2412 4189 2531 4227 non
2548 4177 2864 4243 potuerunt
2893 4171 2968 4226 ad
3013 4186 3360 4225 mensuram
3390 4185 3593 4241 perve-

1936 4263 2061 4318 nire
2096 4262 2229 4318 ﬁdei
2264 4262 2793 4323 Samaritanorum,
2826 4260 2928 4331 qui
2962 4259 3191 4314 nullum
3227 4258 3514 4314 viderant.

2006 4441 2119 4496 Hoc
2153 4445 2345 4496 autem
2380 4440 2527 4495 dixit
2574 4438 2929 4504 secundum,
2961 4453 3081 4492 non
3113 4435 3275 4507 quod
3318 4440 3451 4507 post
3474 4435 3586 4506 pri-

250 4549 323 4582 τον
540 4528 768 4603 μηδενός
822 4531 995 4604 ἐτέρου
1053 4534 1195 4604 παρὰ
1248 4538 1400 4581 τοῦτο
1447 4536 1711 4601 γεγονότος
1774 4530 1820 4582 ἐν

1973 4547 2087 4585 num
2118 4529 2345 4583 nullum
2372 4528 2535 4582 aliud
2565 4527 2813 4581 ediderit
2851 4528 2910 4580 in
2962 4529 3084 4580 tota
3130 4523 3453 4587 Palaestina,
3483 4523 3587 4578 sed

250 4619 328 4692 ὅλῃ
353 4628 405 4692 τῇ
450 4620 789 4689 Παλαιστίνῃ,
821 4618 925 4671 ἀλλ’
955 4621 1033 4671 ὅτι
1077 4622 1206 4691 μετὰ
1235 4623 1292 4670 τὸ
1336 4628 1537 4692 πρῶτον
1584 4616 1820 4693 δεύτερον

250 4717 379 4760 τοῦτο
402 4708 446 4759 ἐν
476 4712 615 4761 Κανὰ
636 4714 831 4780 γέγονε.

314 4800 437 4849 Μετὰ
467 4829 530 4838 -
559 4795 852 4852 Ἰουδαίων.
878 4796 939 4851 Ἡ
968 4802 1316 4855 πεντηκοστὴ.

316 4889 399 4937 Καὶ
467 4916 535 4924 -
600 4885 951 4957 Ἰεροσόλυμα.
1018 4893 1252 4955 Συνεχώς
1318 4884 1368 4936 ἐν
1443 4894 1558 4948 ταὶς
1613 4886 1816 4959 ἑορταῖς

255 4972 567 5046 ἐπιχωριάζει
707 4973 851 5024 πόλει
880 4976 1068 5045 ταύτῃ,
1117 4982 1268 5025 τοῦτο
1312 4977 1402 5044 μεν
1456 4976 1814 5048 συνεορτάζων

1285 5152 1332 5186 ⁷⁸
1364 5150 1507 5207 ibid.
1542 5150 1626 5206 46.

314 5152 535 5207 "toan.
574 5167 649 5217 ιν,
696 5156 781 5205 ΞΟ.
859 5151 904 5186 ⁷⁷
946 5148 1089 5205 ibid.
1119 5151 1206 5205 48.

1930 4619 2092 4692 quod
2124 4625 2253 4690 post
2268 4616 2659 4689 primum,hoc
2674 4615 2994 4670 secundum
3010 4614 3066 4668 in
3086 4614 3244 4667 Cana
3257 4612 3479 4666 factum
3493 4613 3583 4667 sit.

2001 4795 2155 4852 CAP.
2187 4795 2251 4848 V.
2284 4810 2428 4849 vers.
2466 4800 2513 4849 t.
2539 4794 2675 4849 Post
2724 4825 2791 4833 —
2820 4792 3185 4846 Judworum.
3222 4790 3582 4854 Pentecoste,

2001 4888 2160 4940 Vers.
2201 4888 2246 4938 l.
2284 4884 2346 4938 Et
2379 4914 2445 4922 —
2475 4882 2895 4952 Hierosolyma.
2922 4880 3207 4935 Continue
3229 4879 3289 4935 in
3312 4878 3470 4933 festis
3506 4879 3584 4935 ad

1926 4975 2082 5030 hanc
2105 4973 2401 5028 civitatem
2430 4970 2753 5027 ventitabat
2781 4988 2793 5025 :
2827 4969 3037 5042 partim
3065 4967 3329 5040 quidem,
3348 4972 3411 5022 ut
3444 4983 3581 5023 cum

1420 5330 1638 5398 Varia
1677 5330 2008 5398 lectiones
2068 5335 2137 5395 et
2174 5337 2375 5395 note.

314 5520 404 5594 (8t)
430 5524 553 5594 Non
575 5526 663 5594 est
683 5523 1125 5580 sollicitandum
1149 5524 1262 5580 hoc
1285 5523 1671 5591 vocabulum,
1698 5525 1805 5579 etsi

259 5592 533 5669 lientenius
570 5593 913 5669 reddiderit,
940 5596 1331 5669 tolerabilius.
1352 5598 1498 5669 Nam
1525 5594 1805 5669 ἐλευθέριος

258 5665 567 5739 recentiores
601 5666 780 5739 etiam
807 5672 1098 5739 usurpant
1126 5666 1201 5724 de
1222 5665 1802 5723 convalescentibus.

312 5736 401 5811 (82)
426 5738 488 5790 Οἱ
512 5736 561 5789 ἐν
590 5745 652 5798 τῆ
689 5736 955 5812 Γαλιλαίᾳέ

1986 5525 2101 5596 (83)
2138 5524 2445 5596 Ἀφικέσθαι
2498 5524 2540 5579 Α
2592 5523 2767 5581 male.
2826 5525 2993 5582 Forte
3065 5526 3264 5579 tamen
3304 5522 3383 5577 ita
3414 5536 3579 5593 repe-

1916 5598 2053 5651 rerit
2084 5597 2390 5664 interpres.

1989 5667 2101 5739 (84)
2129 5665 2303 5724 Μηδέν
2339 5668 2398 5721 Β.
