4120 6310
537 299 668 366 ῙΞΟἸ

1641 320 1668 372 ,θ
1736 341 1756 371 _
1827 289 2188 371 EUIHYMII
2227 294 2555 356 ZlGABENI

3807 299 3976 357 1208

531 423 756 484 steteris
776 423 991 483 festum
1013 422 1338 481 celebraret
1359 422 1691 482 secundum
1713 421 1909 492 legem
1930 439 1944 481 :
1965 421 2184 496 partim

2322 417 2395 478 Γιὰ
2447 427 2534 477 τὸν
2587 427 2740 498 νόμον
2798 429 2951 479 τοῦτο
3008 420 3069 480 δὲ
3124 429 3190 480 τὰ
3245 425 3418 488 πλήθη
3471 435 3574 482 τῶν
3634 425 3962 500 ἆπονήρων

530 531 692 580 vero,
728 520 792 570 ut
808 513 1166 587 simplicium
1200 513 1641 570 multitudinem
1662 513 2001 570 attraheret.
2038 516 2187 570 Nam

531 604 592 660 in
625 603 783 660 festis
805 621 870 659 ex
901 604 1065 659 omni
1093 604 1264 675 plebe
1290 603 1695 659 conﬂuebant.

604 692 764 749 Vers.
789 697 840 748 2.
863 694 968 748 Est
987 723 1052 734 —-
1077 693 1395 748 Bethesda.
1411 695 1506 748 Est
1523 693 1949 765 Hierosolymis
1967 693 2192 764 piscina

531 781 589 837 in
623 781 734 838 loci
762 783 898 846 situ,
925 781 1027 854 qui
1059 781 1272 837 dicitur
1306 783 1601 838 Probatea
1654 799 1669 836 :
1715 789 1818 837 aut
1847 781 2192 854 simpliciter

533 871 616 928 ita
636 873 793 927 dicto
817 874 980 941 juxta
1009 879 1272 926 veterum
1295 871 1699 936 traditionem,
1731 877 1832 926 aut
1859 878 1921 926 ut
1940 871 2190 942 quidam

532 960 752 1029 dicunt,
787 961 950 1033 quod
968 976 1113 1015 oves
1137 962 1292 1031 (qua:
1307 959 1523 1015 Graecis
1541 959 1780 1033 πρόϐατα
1796 960 2190 1032 appellantur)

533 1049 676 1106 olim
704 1049 837 1106 illuc
865 1055 1386 1119 congregarentur,
1418 1066 1550 1121 qua:
1590 1051 1650 1104 in
1689 1049 1850 1104 festis
1881 1054 2050 1105 erant
2087 1051 2193 1103 im-

534 1139 850 1206 molandas,
890 1147 944 1196 et
973 1140 1188 1196 harum
1219 1138 1502 1196 intestina
1530 1139 1590 1195 in
1644 1155 1801 1212 aqua
1838 1139 1940 1195 illa
1978 1153 2195 1211 purga-

535 1232 754 1286 rentur.

609 1319 769 1374 Vers.
801 1321 854 1373 2.
915 1317 1177 1390 Quinque
1220 1317 1465 1388 porticus
1513 1317 1752 1374 habens.
1788 1318 2061 1374 Fornices
2093 1320 2197 1372 aut

537 1408 865 1465 testudines
889 1425 901 1463 :
921 1408 1031 1464 has
1054 1412 1256 1465 autem
1274 1407 1330 1463 in
1355 1407 1603 1463 circuitu
1625 1406 1904 1463 habebat.
1931 1408 2090 1462 Sicut
2111 1423 2197 1462 er-

539 1513 614 1569 go
640 1497 845 1554 divina
866 1497 1258 1570 providentia,
1290 1513 1426 1570 qua:
1447 1496 1530 1552 ibi
1561 1498 1936 1569 operabatur,
1967 1497 2198 1569 piscina

538 1587 823 1644 fabricata
861 1592 1004 1657 erat,
1041 1587 1120 1643 ita
1151 1591 1208 1644 et
1238 1587 1501 1660 porticus
1533 1591 1774 1658 propter
1822 1592 2193 1658 aegrotantes.

611 1766 774 1821 Vers.
807 1767 858 1822 3.
891 1766 1036 1821 In—
1089 1781 1240 1820 vers.
1294 1767 1348 1820 4.
1397 1765 1617 1821 Morbo.
1666 1765 1775 1820 Per
1814 1768 2196 1821 enumeratos
2230 1788 2274 1844 Β

541 1855 787 1910 morbos
813 1854 910 1910 alii
940 1871 1182 1928 quoque
1209 1854 1529 1924 signiﬁcati
1552 1860 1707 1910 sunt.
1736 1855 1943 1911 Dicens
1958 1860 2158 1910 autem
2182 1870 2192 1907 :

538 1943 765 2000 Statuto
815 1949 1065 2013 tempore
1133 1943 1517 2012 descendebat,
1611 1943 1826 2009 docuit,
1860 1943 2026 2016 quod
2077 1957 2198 1998 non

540 2049 778 2104 semper
805 2033 988 2088 ﬁebat
1017 2033 1391 2102 miraculum,
1442 2034 1544 2088 sed
1579 2033 1751 2089 certis
1786 2033 2150 2101 temporibus
2183 2050 2196 2087 :

539 2121 888 2178 hominibus
936 2122 1180 2194 quidem
1224 2121 1559 2191 incognitis,
1604 2138 1807 2176 verum
1841 2121 2197 2193 frequenter.

541 2216 604 2266 ut
632 2214 858 2281 opinor,
893 2211 950 2265 in
971 2227 1131 2266 anno
1162 2227 1172 2264 :
1198 2218 1439 2282 propter
1470 2212 1583 2266 hoc
1606 2211 1899 2282 siquidem
1930 2212 1988 2266 in
2025 2211 2201 2282 porti-

541 2299 708 2355 cibus
733 2299 1130 2356 decumbebat
1165 2300 1480 2356 multitudo
1513 2316 1734 2369 magna
1765 2300 2197 2369 languentium.

613 2388 828 2444 Verum
861 2390 1052 2445 caeteri
1084 2405 1228 2444 sane
1278 2395 1482 2460 utpote
1518 2389 1716 2444 claudi
1748 2396 1801 2443 et
1832 2388 2004 2455 aridi,
2036 2395 2205 2460 pote-

541 2482 673 2533 rant
691 2483 926 2550 tempus
939 2480 1414 2544 observaremam
1431 2478 1707 2533 videbant
1722 2477 1942 2533 turbari
1961 2493 2200 2550 aquam:

542 2568 682 2623 caeci
713 2574 911 2623 autem
928 2568 1026 2638 (jj)
1049 2568 1358 2640 quomodo
1371 2567 1586 2623 factam
1604 2584 1776 2639 aqua;
1807 2567 2200 2623 turbationem

542 2656 1356 2727 cognoscebant?Habebant
1372 2662 1526 2712 certe
1545 2657 1865 2725 ministros,
1899 2656 2002 2729 qui
2018 2655 2078 2711 id
2102 2656 2206 2712 ob-

545 2751 866 2803 servarent.

615 2826 718 2882 llla
743 2841 884 2882 vero
916 2825 1144 2897 piscina
1173 2825 1370 2895 ﬁgura
1397 2830 1524 2880 erat
1555 2825 1798 2896 piscinas
1832 2826 1988 2882 sacri
2014 2827 2202 2898 bapti-

545 2915 658 2970 smi
685 2932 699 2969 :
733 2915 882 2969 sicut
899 2915 1059 2970 enim
1082 2914 1180 2969 illa
1206 2913 1446 2969 morbos
1463 2913 1831 2979 sanabat,ita
1845 2919 1901 2970 et
1927 2915 2063 2972 ista.
2086 2914 2194 2971 Sed

543 3003 646 3059 illa
673 3002 922 3074 quidem
953 3001 1312 3073 corporales,
1359 3003 1486 3058 haec
1514 3018 1655 3057 vero
1685 3002 2018 3074 spirituales
2049 3021 2062 3062 :
2096 3004 2201 3062 illa

545 3095 765 3146 statuto
791 3096 1080 3162 tempore,
1113 3091 1241 3146 haec
1272 3093 1470 3145 autem
1498 3105 1735 3161 semper
1768 3107 1781 3156 ;
1825 3091 1925 3146 illa
1958 3094 2202 3148 descen-

546 3179 724 3236 dente
751 3179 988 3248 angelo,
1005 3179 1134 3236 haec
1159 3178 1514 3234 adveniente
1544 3179 1761 3251 Spiritu
1783 3185 2023 3236 sancto:
2059 3197 2198 3238 nam

550 3268 785 3340 majora
811 3273 951 3325 sunt
987 3284 1149 3324 nova
1179 3268 1498 3324 veteribus.

622 3447 772 3504 CAP.
819 3447 930 3503 VII.
961 3447 1036 3504 De
1065 3463 1144 3512 eo,
1171 3447 1275 3519 qui
1292 3446 1545 3517 triginta
1574 3453 1628 3504 et
1655 3455 1780 3504 octo
1805 3463 1991 3506 annos
2020 3449 2211 3504 morbo

1191 3536 1518 3592 tenebatur.

621 3625 785 3680 Vers.
807 3630 858 3678 5.
886 3625 1038 3681 Erat
1083 3653 1147 3665 —
1175 3625 1393 3680 morbo.
1427 3624 1662 3681 Morbus
1720 3642 1860 3684 vero
1891 3635 2015 3684 erat
2045 3645 2217 3700 para-

550 3713 718 3786 lysis.
739 3713 898 3768 Alius
914 3719 1112 3769 tamen
1132 3718 1253 3769 erat
1273 3714 1367 3768 hic
1394 3730 1428 3769 a
1447 3715 1798 3787 paralytico,
1825 3717 1899 3771 de
1921 3734 2039 3789 quo
2060 3719 2215 3790 apud

551 3803 884 3860 Matthaaum
901 3803 964 3858 lit
979 3803 1215 3868 mentio,
1235 3803 1388 3856 sicut
1403 3803 1460 3857 in
1475 3805 1817 3860 narratione
1832 3805 2049 3862 decimi
2067 3799 2218 3864 tertii

555 3893 766 3965 capitis
779 3892 936 3947 illius
959 3893 1253 3962 Evangelii
1274 3892 1634 3963 apertissime
1651 3894 2043 3963 signiﬁcatum
2059 3899 2220 3954 est".

628 3983 793 4037 Vers.
818 3986 869 4036 6.
893 3981 1039 4036 Cum
1061 3983 1222 4037 hunc
1244 3982 1478 4038 vidisset
1496 3983 1748 4051 —ﬁerz'?
1763 3986 1918 4049 Eum,
1935 3986 2035 4056 qui
2075 3987 2225 4042 mul-

555 4074 614 4124 to
641 4074 910 4140 tempore
933 4069 1216 4123 assiduus
1243 4069 1432 4124 fuerat
1468 4085 1537 4123 ac
1569 4069 2084 4138 tolerantissimus,
2117 4091 2225 4129 cae-

560 4157 695 4212 teris
723 4157 1040 4227 praeponit:
1062 4162 1188 4210 tuin
1211 4157 1375 4228 quod
1403 4158 1787 4214 miseratione
1811 4161 2049 4230 dignior
2071 4166 2228 4218 esset

560 4251 685 4300 tum
707 4245 882 4300 etiam
913 4244 1140 4299 docens
1154 4245 1318 4316 quod
1347 4246 1612 4302 intereos
1629 4249 1728 4319 qui
1760 4265 2021 4320 superno
2053 4259 2229 4320 egent

562 4331 981 4396 medicamine,
1015 4332 1198 4387 Deum
1242 4334 1430 4402 magis
1483 4333 1744 4400 ﬂectunt,
1779 4338 1880 4408 qui
1914 4343 2053 4393 sunt
2082 4355 2224 4394 con-

563 4421 942 4478 stantissimi.
982 4424 1108 4477 Non
1123 4421 1270 4476 dixit
1295 4429 1532 4479 autem:
1580 4423 1673 4476 Vis
1696 4431 1821 4479 utte
1841 4429 2227 4500 curem,quia

2299 512 2676 586 ἐπισπώμενος.
2729 513 2808 567 Ἐν
2867 523 2980 577 ταῖς
3054 516 3255 590 ἑορταῖς
3326 521 3428 592 γὰρ
3485 518 3592 572 ἐκεῖ
3643 514 3958 590 πανδημεί

2303 602 2593 677 συνέρρεον.

2370 691 2523 745 Ἐστι
2583 724 2652 732 -
2709 690 2970 751 Βηθεσδά.
3039 700 3215 748 Ἔστιν
3275 699 3323 748 ἐν
3379 695 3790 770 Ἰεροσολύμοις
3859 716 3949 748 κο-

2299 778 2578 852 λυμϐήθρα
2632 781 2715 834 ἐπὶ
2761 791 2820 856 τῇ
2875 785 3158 856 τοποθεσίᾳ
3212 792 3275 856 τῇ
3341 785 3634 859 καλουμένῃ
3714 784 3943 857 Προϐα-

2302 889 2442 927 τικη.
2473 871 2624 922 Ούτω
2674 868 2732 924 δὲ
2772 875 2965 930 ταύτην
3022 873 3286 946 ὠνόμαζον
3335 873 3510 937 ἁπλῶς
3551 878 3707 927 κατὰ
3759 878 3942 946 παρέ-

2304 954 2454 1010 δοσιν
2487 957 2738 1031 ἀρχαίαν,
2777 961 2832 1028 ἦ,
2863 963 2932 1023 ὡς
2957 981 3085 1022 τινες
3113 961 3346 1034 λέγουσι,
3391 959 3485 1015 διὰ
3529 967 3591 1016 τὸ
3625 962 3820 1016 ἐκεῖσε
3880 971 3941 1015 τε

2302 1046 2539 1120 πρόϐατα
2571 1051 2888 1120 συνάγεσθαι
2912 1050 3092 1116 πάλαι,
3126 1053 3190 1102 τὰ
3218 1051 3464 1123 μελλοντα
3489 1051 3536 1104 ἐν
3561 1061 3688 1114 ταῖς
3720 1053 3936 1124 ἑορταῖς

2307 1137 2676 1202 θυσιάζεσθαι,
2730 1143 2820 1191 καὶ
2867 1141 2933 1190 τὰ
2974 1142 3168 1193 τούτων
3217 1143 3410 1212 ἔγκατα
3451 1141 3502 1204 ἐξ
3566 1140 3785 1194 ἐκείνου
3845 1149 3935 1192 τοῦ

2305 1221 2470 1277 ύδατο
2480 1246 2500 1286 ς
2530 1224 2935 1281 ἀποπλύνεσθαι.

2378 1319 2532 1367 Πέντε
2576 1335 2729 1378 στοας
2767 1319 2991 1388 ἔχουσα.
3041 1319 3172 1370 Στοά
3215 1317 3354 1372 ἐστιν
3409 1321 3438 1377 ἡ
3485 1320 3611 1395 παρ’
3667 1322 3814 1392 ἡμῖν
3861 1320 3932 1372 λε-

2303 1407 2495 1476 γομένη
2529 1406 2762 1477 καμάρα,
2799 1407 2828 1465 ἢ
2885 1411 2974 1458 καὶ
3005 1407 3118 1479 (85)
3147 1409 3172 1459 ὁ
3233 1407 3382 1470 θόλος
3404 1425 3415 1436 ·
3470 1409 3644 1481 κύκλῳ
3679 1405 3753 1462 δὲ
3809 1412 3933 1460 τετύ-

2308 1510 2397 1554 τας
2453 1491 2729 1565 εἶχεν.”Ως
2781 1491 2868 1547 οὖν
2923 1498 3058 1556 θείας
3107 1492 3374 1569 δυνάμεως
3423 1496 3755 1570 ἐνεργούσης
3807 1498 3934 1563 ἐκεί,

2306 1581 2647 1656 κολυμϐήθρα
2693 1587 3102 1655 κατεσκεύαστο,
3159 1591 3250 1637 καὶ
3309 1591 3461 1639 στοαί
3512 1583 3609 1639 διὰ
3667 1591 3807 1650 τοὺς
3856 1609 3936 1640 νο-

2311 1677 2549 1733 σοῦντας.

2382 1760 2461 1813 Ἐν
2521 1792 2588 1802 -
2657 1767 2938 1834 νοσήματι.
3001 1766 3096 1816 Διὰ
3151 1769 3241 1836 μεν
3297 1773 3398 1818 τῶν
3467 1764 3938 1839 ἀπηριθμημὲνων

2310 1853 2400 1900 καὶ
2443 1851 2509 1901 τὰ
2538 1850 2666 1902 ἄλλα
2700 1856 2974 1924 νοσήματα
3000 1849 3320 1911 δεδήλωται.
3362 1855 3530 1908 Εἰπὼν
3558 1852 3642 1918 δὲ,
3696 1858 3787 1908 ὅτι
3829 1864 3941 1910 Καρ

2309 1941 2376 1990 τὰ
2435 1943 2613 2014 καιρὸν
2666 1940 2982 2010 κατέϐαινεν,
3043 1939 3283 2005 ἐδίδαξεν
3345 1945 3423 1996 ὅτι
3479 1945 3536 1996 ού
3587 1947 3825 2000 πάντοτε
3874 1952 3938 1998 τὸ

2312 2029 2489 2098 θαῦμα
2512 2028 2724 2100 ἐγίνετο,
2777 2029 2902 2082 ἀλλὰ
2947 2035 3082 2084 κατὰ
3131 2035 3313 2104 καιρόν
3352 2036 3442 2105 μὲν
3485 2034 3766 2104 ἄγνωστον
3820 2045 3938 2098 τοῖς

2312 2114 2619 2188 ἀνθρώποις,
2678 2117 2920 2179 πολλάκις
2988 2117 3047 2171 δε
3113 2117 3258 2192 οἶμαι
3323 2130 3415 2173 τού
3491 2120 3761 2176 ἐνιαυτοῦ.
3833 2131 3936 2177 Διά

2312 2213 2463 2258 τοῦτο
2489 2210 2588 2279 γὰρ
2611 2213 2700 2258 καὶ
2730 2207 2777 2258 ἐν
2809 2215 2924 2270 ταῖς
2951 2217 3124 2270 στοαῖς
3151 2215 3413 2262 κατέκειτο
3439 2211 3568 2263 πολὺ
3598 2212 3807 2274 πλῆθος
3827 2223 3931 2265 τῶν

2315 2293 2683 2351 ἀσθενούντων.

2387 2383 2518 2437 Ἀλλ’
2565 2387 2612 2436 οἱ
2637 2389 2727 2457 μὲν
2757 2385 2924 2457 χωλοὶ
2966 2392 3055 2440 καὶ
3095 2387 3245 2461 ξηροὶ
3285 2384 3544 2447 ἠδύναντο
3591 2401 3924 2467 παρατηρεῖν

2315 2476 2400 2524 τόν
2455 2477 2656 2547 καιρὸν,
2712 2474 2878 2548 ἐώρων
2929 2478 3028 2547 γὰρ
3076 2482 3464 2550 ταρασσόμενον
3513 2482 3574 2531 τό
3632 2477 3824 2555 ὕδωρ·
3874 2485 3925 2534 οἰ

2317 2558 2376 2616 δὲ
2425 2567 2605 2634 τυφλοὶ
2658 2571 2800 2630 πῶς;
2853 2563 2954 2617 ἀπὸ
2999 2573 3090 2616 τού
3142 2571 3409 2638 γινομένου
3479 2567 3708 2641 θορύϐου
3773 2579 3918 2622 τοῦτο

2315 2649 2616 2722 ἐμάνθανον.
2668 2649 2828 2724 Εἶχον
2852 2649 2912 2706 δὲ
2951 2658 3039 2706 καὶ
3082 2655 3340 2728 ύπηρέτας
3384 2656 3500 2726 (86)
3554 2669 3916 2733 παρατηροῦν-

2313 2759 2425 2801 τας.

2384 2830 2580 2886 Ἐκείνη
2632 2825 2691 2884 δὲ
2721 2831 2750 2888 ἡ
2787 2829 3125 2905 κολυμϐήθρα
3171 2836 3328 2895 τύπος
3385 2831 3446 2892 ἦν
3503 2843 3597 2896 τῆς
3653 2837 3904 2909 κολυμϐή-

2314 2919 2438 2990 θρας
2469 2918 2561 2970 τού
2588 2917 2741 2990 ἁγίου
2774 2917 3142 2993 βαπτίσματος
3163 2939 3176 2951 ·
3201 2925 3373 2998 ᾤσπερ
3402 2926 3503 2999 γὰρ
3536 2923 3706 2984 ἐκείνη
3738 2933 3900 2985 νόσους

2316 3007 2449 3076 ἰᾶτο,
2503 3008 2636 3060 οὕτω
2687 3013 2778 3060 καὶ
2835 3009 2990 3066 αὕτη.
3045 3010 3179 3063 Ἀλλ’
3237 3011 3401 3072 ἐκείνη
3444 3017 3534 3084 μὲν
3597 3020 3886 3088 σωματικὰς,

2314 3097 2445 3154 αὕτη
2482 3092 2540 3148 δὲ
2569 3095 2826 3168 ψυχικάς.
2860 3104 2961 3150 Καὶ
3005 3098 3166 3157 ἐκείνη
3230 3104 3319 3172 μὲν
3367 3105 3501 3154 κατὰ
3549 3123 3670 3156 τινα
3710 3108 3869 3176 mea»,

2313 3185 2445 3242 αύτη
2490 3181 2548 3237 δὲ
2579 3184 2675 3239 ἀεί.
2716 3185 2930 3245 Κάκείνη
2962 3191 3052 3260 μὲν
3073 3188 3473 3253 καταϐαίνοντος
3507 3189 3739 3264 ἀγγέλου,
3766 3193 3876 3249 αὐτη

2317 3270 2352 3326 δ
2356 3278 2376 3326 ε
2403 3273 2761 3345 ἐπιφοιτῶντος
2780 3282 2872 3326 τοῦ
2897 3275 3050 3348 ἁγίου
3077 3280 3393 3350 Πνεύματος.
3425 3280 3662 3342 Μείζονα
3685 3284 3779 3357 γὰρ
3808 3290 3892 3333 τῶν

2318 3371 2549 3416 παλαιῶν
2575 3365 2642 3415 τὰ
2683 3367 2856 3416 καινοὶ.

2325 3459 2469 3507 ΚΕΦ.
2516 3451 2588 3506 Ζ’.
2644 3457 2763 3526 Περὶ
2817 3461 2908 3506 τοῦ
2958 3457 3232 3529 τριάκοντα
3290 3457 3423 3511 ὀκτὼ
3476 3462 3563 3517 ἔτη
3622 3462 3830 3531 ἔχοντες
3869 3461 3914 3514 ἐν

2941 3553 3001 3617 τῇ
3037 3544 3296 3618 ἀσθενείᾳ.

2395 3629 2492 3684 Ἦν
2527 3662 2596 3671 -
2625 3629 2882 3705 ἀσθενείᾳ.
2915 3637 3138 3706 mpm;
3181 3633 3242 3694 ἦν
3271 3639 3299 3695 ἡ
3337 3635 3595 3691 ἀσθενεια.
3628 3637 3834 3712 Ἕτερος
3868 3639 3928 3694 δέ

2329 3718 2469 3772 ἐστιν
2517 3720 2663 3781 οὗτος
2714 3725 2858 3794 παρὰ
2900 3726 2986 3775 τὸν
3049 3724 3148 3776 ύπό
3198 3727 3466 3778 Ματθαίου
3515 3732 3933 3799 μνημονωθέντα

2330 3808 2702 3884 παραλυτικὸν,
2758 3813 2821 3871 ὡς
2847 3813 2894 3863 ἑν
2943 3821 3004 3884 τῇ
3057 3813 3304 3885 ἐξηγήσει
3351 3822 3441 3867 τοῦ
3490 3814 3930 3888 τρισκαιδεκάτου

2333 3897 2608 3970 κεφαλαίου
2640 3898 2801 3951 αὑτοῦ
2833 3905 3133 3973 σαφέστατα
3171 3899 3487 3960 δεδήλωται.

2406 3994 2598 4039 Τοῦτον
2646 3984 2770 4039 ἰδὼν
2819 4019 2887 4028 -
2917 3992 3189 4060 γενέσθαις
3238 3997 3335 4044 Τὸν
3383 3992 3715 4067 πολυχρονίῳ
3770 4016 3932 4070 π9⁰σ’

2336 4073 2488 4149 εδρίᾳ
2516 4083 2784 4150 χρώμενον
2816 4078 2928 4149 (87)
2960 4085 3049 4131 καὶ
3087 4087 3527 4154 καρτερικώτατον
3558 4093 3789 4157 προτιμᾴ
3827 4097 3925 4139 τῶν

2335 4166 2521 4234 ἄλλων,
2546 4175 2699 4218 τοῦτο
2719 4169 2808 4238 μεν
2835 4170 2903 4228 ὡς
2923 4167 3267 4242 ἐλεεινότερον,
3287 4178 3440 4223 τοῦτο
3459 4169 3495 4224 δ
3497 4175 3518 4224 Ξε
3543 4178 3633 4225 καὶ
3656 4171 3919 4228 διδάσκων

2336 4257 2416 4308 ὅτι
2440 4263 2538 4306 τῶν
2570 4251 2820 4327 δεομένων
2843 4263 2936 4318 τῆς
2962 4258 3151 4311 ἄνωθεν
3177 4259 3401 4333 ἰατρείας
3421 4262 3471 4312 οἱ
3491 4274 3918 4335 καρτερικώτατοι

2336 4342 2522 4416 μᾶλλον
2563 4342 2951 4416 ἐπικάμπτουσί
2998 4350 3084 4398 τὸν
3135 4353 3281 4402 Θεόν.
3325 4347 3435 4401 Ούκ
3483 4347 3592 4403 εἶπε
3622 4349 3697 4421 δὲ,
3753 4354 3915 4416 Θελεις

2339 4434 2637 4505 θεραπεύσω
2691 4452 2768 4498 σε,
2836 4429 2928 4485 διὰ
2981 4439 3038 4487 τό
3096 4434 3432 4510 ἀκόμπαστον
3502 4445 3592 4492 καὶ
3649 4437 3780 4492 διότι
3826 4441 3910 4493 οὐκ

566 4514 695 4566 erat
724 4510 798 4565 ab
828 4509 1172 4581 arrogantia
1197 4510 1446 4577 alienus,
1505 4517 1559 4567 et
1605 4513 1749 4584 quia
1798 4513 1845 4568 is
1875 4517 1978 4586 qui
2016 4494 2208 4572 morbi

2338 4520 2582 4594 ἐγνώριζε
2611 4529 2788 4574 τοῦτον
2821 4522 2947 4585 ὅλως
2995 4525 3020 4576 ὁ
3050 4523 3296 4580 ἀσθενῶν.
3343 4529 3440 4579 Διὰ
3471 4537 3622 4581 τοῦτο
3666 4532 3755 4603 γὰρ
3793 4526 3904 4580 οὐδὲ

568 4599 883 4656 tenebatur
926 4600 1125 4671 ipsum
1165 4615 1555 4672 nequaquam
1611 4604 2015 4672 cognoscebat
2052 4650 2064 4671 ,
2096 4607 2228 4663 ideo

569 4689 748 4744 etiam
770 4703 880 4744 nec
916 4689 1099 4744 ﬁdem
1128 4690 1206 4744 ab
1239 4705 1310 4744 eo
1336 4690 1664 4762 requisivit.

642 4780 970 4848 lnterrogat
980 4783 1200 4844 autem,
1222 4794 1336 4835 non
1354 4785 1414 4834 ut
1430 4778 1698 4846 disceret,
1719 4797 2226 4853 supervacaneum

573 4866 731 4922 enim
757 4871 885 4922 erat
912 4865 986 4921 de
1016 4882 1076 4921 re
1109 4866 1426 4924 manifesta
1452 4868 1680 4924 discere
1731 4889 1742 4928 :
1780 4871 1882 4926 sed
1918 4878 1978 4927 ut
2008 4890 2112 4945 per
2151 4891 2230 4929 re-

575 4955 956 5027 sponsionem
969 4955 1237 5012 omnibus
1248 4957 1730 5029 ostendaturejus
1741 4961 2231 5018 constantia.Vide

576 5046 757 5111 enim,
785 5044 932 5117 quid
961 5045 1336 5118 respondeat.

652 5222 700 5257 τ’
727 5220 928 5280 Matth.
961 5236 1041 5279 ιχ.
1075 5226 1127 5278 2.

2338 4615 2518 4662 πίστιν
2545 4609 2699 4662 αὐτὸν
2732 4609 3016 4683 ἀπῄτησεν.

2412 4789 2608 4859 Ἐρωτᾴ
2640 4787 2698 4842 δὲ
2741 4790 2846 4862 οὐχ
2887 4792 2968 4842 ἶνα
2996 4793 3135 4865 μάθῃ
3161 4813 3172 4824 ·
3225 4799 3470 4868 περιττὸν
3498 4797 3590 4867 γὰρ
3633 4798 3744 4869 περὶ
3780 4813 3901 4868 προ-

2342 4874 2504 4934 δηλου
2549 4881 2855 4951 πράγματος
2895 4883 3198 4947 μανθάνειν·
3249 4881 3354 4935 ἀλλ’
3407 4888 3492 4938 ἶνα
3528 4881 3620 4938 διὰ
3660 4892 3751 4946 τῆς
3798 4882 3913 4936 ἁπο-

2341 4971 2560 5038 κρίσεως
2590 4976 2718 5040 φανῇ
2751 4975 2912 5022 πᾶσιν
2961 4972 2988 5028 ἡ
3037 4977 3286 5046 καρτερία
3341 4973 3524 5028 αὑτοῦ.
3577 4973 3714 5050 Ὀρα
3739 4976 3832 5048 γὰρ
3874 4978 3920 5027 τί

2339 5053 2503 5130 ἀποκρ
2513 5060 2689 5112 ίνεται.

1787 5357 2006 5427 Variae
2041 5359 2368 5432 lectiones
2420 5373 2486 5433 et
2526 5375 2725 5435 notae.

659 5523 929 5606 (85)._Im_9
960 5525 1015 5582 ἠ.
1055 5522 1198 5580 Vide
1226 5523 1491 5580 Eustath.
1544 5524 1619 5581 ad
1681 5525 1855 5582 Hom.
1910 5531 2152 5600 ρ.1390,
2187 5548 2238 5587 v.

581 5597 670 5652 54.
699 5597 838 5650 edit.
873 5597 1043 5651 Rom.

2425 5533 2538 5610 (δῇ)
2566 5535 2847 5610 ’Υπηρετοῦ
2878 5556 2973 5600 τας
2999 5545 3054 5592 Β.

2423 5606 2542 5679 (87)
2584 5606 2957 5681 Κατακείμενον
2987 5627 3098 5684 pro
3125 5616 3383 5686 χρώρενον
3416 5621 3476 5666 Α.

656 5720 753 5792 (jj)
784 5719 934 5776 Caeci
955 5723 1144 5776 autem
1173 5723 1282 5776 etc.
1313 5720 1460 5777 Caeci
1491 5724 1712 5788 autem,
1741 5724 2050 5796 quomodo
2080 5727 2108 5782 ?
2137 5730 2180 5783 A
2211 5729 2478 5802 strepitu,
2504 5731 2608 5804 qui
2633 5731 2831 5803 ﬁebat,
2860 5733 2975 5792 hoc
3005 5733 3335 5798 discebant.
