4120 6310
218 358 375 417 4209
1262 327 1631 411 COMMENT.
1674 354 1744 413 IN
1782 355 2129 414 JOANNEM.
2177 389 2241 399 —
2280 357 2436 415 CAP.
2478 357 2544 413 v.
3456 351 3598 409 mo

304 486 586 554 Ἀπεκρίθη
648 515 715 527 -
764 482 1081 539 καταϐαίνει.
1136 476 1492 536 ’Υπώπτευσσν
1564 480 1646 535 ὅτι
1735 478 1905 538 διὰΑ

2013 482 2177 538 Vers.
2240 489 2292 539 7.
2341 483 2650 555 Respondit
2693 513 2762 525 —
2810 481 3115 541 descendit.
3175 479 3602 553 Suspicabatur

218 584 389 629 τοῦτο
445 576 599 627 αὐτὸν
643 575 882 647 ἠρώτησε
934 583 1103 640 τοῦτο,
1151 575 1235 626 ἶνα
1286 566 1462 642 ἐλέγξῃ
1523 568 1618 626 θ’ιά
1671 572 1829 645 ῥᾳθυ-

1976 572 2103 641 ςιιοά
2128 573 2243 628 hoc
2274 578 2585 645 propterea
2618 572 2816 642 ipsum
2844 570 3271 642 interrogabat,
3308 574 3368 624 ut
3392 582 3603 640 argue-

218 671 357 737 μίαν
389 669 686 738 προϊέμενον
718 669 811 722 τὴν
865 668 1028 729 ἴασιν,
1062 666 1090 724 ἡ
1140 666 1221 717 ὅτι
1270 658 1584 734 βουλόμενος
1622 681 1824 737 χρησι-

1975 666 2026 715 et
2042 662 2203 733 quod
2227 678 2348 733 prae
2361 663 2605 731 segnitie
2626 662 3003 717 frustraretur
3015 661 3267 717 sanitate
3290 676 3301 714 :
3321 656 3602 729 autquod

218 763 428 827 μεῡσαι
460 757 585 827 πρὸς
606 758 664 805 τὸ
696 751 869 825 βαλεῖν
910 754 1061 806 αύτόν
1099 754 1169 816 εἰς
1198 758 1290 812 τήν
1320 751 1709 824 κολυμϐήθραν.
1742 753 1828 803 Διὸ

1974 767 1998 804 n
2026 750 2140 806 hoc
2158 753 2435 822 prodesse
2464 752 2573 806 sibi
2605 751 2795 819 vellet,
2825 756 2888 806 ut
2916 767 3054 805 eum
3092 752 3151 805 in
3180 749 3465 821 piscinam
3492 747 3601 802 im-

218 849 323 895 καὶ
355 841 688 913 ἀπολογεῖται
741 844 819 895 ὅτι
870 845 1013 916 παρά
1050 846 1106 895 τὸ
1133 848 1203 915 μὴ
1238 846 1377 915 ἔχειν
1408 844 1678 916 ἄνθρωπον
1708 839 1830 892 ἀπο-

1971 842 2197 897 nitteret
2220 858 2231 895 :
2253 841 2380 896 ideo
2398 841 2575 896 etiam
2604 841 2940 911 respondet,
2960 839 3127 912 quod
3147 839 3227 895 ob
3249 839 3309 894 id
3342 838 3598 895 salutem

219 935 516 1003 τυγχάνει.
1945 944 2066 985 non
2098 935 2576 1000 consequeretur,
2605 929 2748 1001 quia
2778 929 3085 983 hominem
3116 943 3237 982 non
3259 926 3526 982 haberet.

310 1022 483 1074 Εἰπὼν
539 1018 616 1085 δε,
677 1023 756 1072 ὅτι
809 1019 889 1073 Ἐν
1042 1024 1269 1096 ἔρχομαι
1326 1020 1445 1092 ἐγὼ,
1500 1020 1650 1082 ἄλλος
1733 1020 1833 1092 πρὸ

2019 1018 2226 1073 Diceus
2256 1024 2456 1074 autem
2489 1040 2501 1073 :
2527 1018 2676 1073 Dum
2714 1018 2875 1073 venio
2919 1032 3037 1087 ego,
3060 1017 3213 1072 alius
3234 1023 3368 1071 ante
3394 1030 3482 1070 me
3506 1014 3601 1069 de-

223 1111 364 1183 ἐμοῦ
434 1110 733 1162 καταϐαίνει
803 1128 813 1138 ·
899 1107 1059 1173 ἔδειξε
1131 1116 1222 1169 τήν
1288 1116 1561 1185 καρτερίαν
1652 1110 1833 1174 αύτού,

1976 1108 2186 1173 cendil,
2210 1124 2378 1162 suam
2397 1107 2650 1162 ostendit
2671 1106 3168 1177 perseverantiam
3194 1121 3315 1177 qua
3331 1110 3411 1159 tot
3430 1103 3602 1158 annis

222 1209 348 1261 πῶς
416 1199 464 1251 ἐν
513 1203 785 1260 τοσούτοις
840 1202 1005 1252 ἔτεσιν
1051 1199 1431 1271 ἀποτυγχάνων
1481 1203 1556 1252 ἔτι
1587 1203 1837 1272 παρέμενε

1975 1202 2285 1261 rustratus,
2305 1197 2504 1253 adhuc
2524 1202 2719 1252 tamen
2746 1196 3155 1268 perseverabat
3171 1199 3226 1250 et
3242 1209 3363 1249 non
3380 1193 3602 1264 despe-

222 1295 327 1342 καὶ
358 1290 453 1341 ούκ
498 1288 775 1360 ἀφίστατο,
822 1293 910 1340 καὶ
948 1297 1114 1341 ταῦτα
1173 1290 1231 1340 ού
1261 1290 1507 1363 ῥᾳθυμῶν
1548 1287 1675 1340 ἀλλά
1704 1306 1837 1361 παρ-

1971 1286 2143 1352 *abat,
2170 1286 2351 1358 idque
2378 1301 2499 1341 non
2525 1286 2747 1356 segnis,
2781 1285 2880 1340 sed
2906 1285 3184 1341 detrusus
3215 1288 3268 1339 et
3315 1281 3598 1346 offensus,

226 1382 650 1451 αγκωνιζομενός
697 1397 751 1431 τε
807 1384 896 1431 καὶ
944 1377 1351 1451 ἐπηρεαςόμενος
1406 1382 1496 1431 καὶ
1550 1378 1675 1431 οὐδε
1704 1378 1838 1430 οὔτω

1406 1382 1496 1431 καὶ
1550 1378 1675 1431 οὐδε
1704 1378 1838 1430 eam
1951 1392 2060 1432 nec
2091 1376 2175 1432 sic
2204 1376 2595 1445 negligentior
2619 1375 3003 1432 efﬁciebatur.

224 1477 459 1541 ναρκῶν.
1953 1486 1977 1498 τ

308 1557 484 1630 Ἡμεῖς
515 1553 593 1620 δε,
646 1555 860 1628 βραχύν
908 1576 1024 1608 τινα
1075 1559 1255 1629 καιρὸν
1307 1553 1744 1632 προσεδρεύοντες
1767 1562 1839 1624 τῷ

2023 1559 2140 1611 Nos
2172 1559 2370 1610 autem
2401 1554 2567 1610 brevi
2600 1554 2798 1626 aliquo
2829 1558 3099 1623 tempore
3134 1551 3446 1624 diligenter
3482 1550 3604 1604 Deo

228 1652 350 1717 Θεῷ
385 1642 708 1708 σπουδαίως,
749 1644 832 1698 ἐὰν
861 1650 932 1717 μή
964 1648 1225 1718 τύχωμεν,
1276 1646 1519 1718 ὁκνοῦμεν
1547 1646 1724 1698 λοιπὸν
1752 1649 1839 1697 καὶ

1980 1649 2233 1710 .stantes,
2266 1645 2450 1699 sinon
2479 1643 2863 1716 assequimur
2885 1642 3047 1714 quod
3080 1646 3377 1712 Optamus,
3408 1637 3607 1694 statim

232 1735 619 1808 ἀποφοιτῶμεν,
663 1740 752 1787 καὶ
784 1734 1153 1808 ἀναπίπτομεν.
1205 1735 1337 1790 ’Δὶ-λ’
1370 1736 1626 1800 ἐπίπονον,
1658 1740 1836 1807 φησὶν,

1980 1735 2279 1790 mittimus
2294 1750 2363 1789 ac
2386 1735 2741 1799 recedimus,
2757 1732 3168 1805 pigrioresque
3188 1729 3516 1786 reddimur.
3534 1728 3607 1781 At

231 1828 264 1884 ἠ
304 1822 552 1886 διηνεκὴς
582 1830 855 1895 προσευχή
888 1845 900 1857 η
929 1829 1020 1877 καὶ
1059 1829 1183 1877 ποία
1209 1823 1359 1898 ἀρετὴ
1412 1825 1507 1877 οὐκ
1554 1824 1789 1884 ἐπίπονος
1822 1840 1835 1888 ;

1981 1824 2323 1880 aboriosum
2366 1828 2472 1892 est,
2525 1823 2778 1895 inquies,
2824 1820 3103 1877 continue
3141 1834 3333 1874 orare.
3377 1817 3443 1872 Et
3470 1829 3608 1888 quae

232 1919 387 1967 Διότι
419 1910 477 1967 δε
509 1914 765 1984 ἐπίπονος,
798 1911 892 1967 διὰ
920 1921 1072 1967 τοῦτο
1102 1919 1192 1967 καὶ
1220 1911 1517 1988 ἐπικερδής.

1977 1912 2133 1968 'irtus
2148 1928 2266 1967 non
2279 1919 2361 1968 est
2377 1911 2680 1967 laboriosa
2694 1910 2721 1965 ?
2736 1912 2949 1965 Verum
2964 1907 3391 1965 sicutlaborem
3404 1904 3604 1973 habet,

1950 2007 2029 2056 ita
2054 2008 2109 2057 et
2138 2002 2370 2057 lucrum
2423 2000 2610 2055 affert.

312 2096 470 2163 Λέγει
519 2122 585 2132 —
620 2093 906 2165 περιπάτει.
958 2092 1032 2144 Ού
1063 2096 1215 2162 μόνον
1245 2091 1541 2159 ἀνίστησιν,
1595 2090 1725 2143 ἀλλά
1753 2095 1841 2142 καὶ

2023 2093 2183 2145 Vers.
2212 2090 2265 2142 8.
2297 2090 2401 2144 Ait
2430 2120 2497 2129 —
2522 2088 2783 2145 ambula.
2811 2088 2938 2141 Non
2971 2084 3167 2140 solum
3194 2083 3384 2153 erigit,
3417 2081 3523 2136 sed
3553 2083 3610 2136 et

234 2186 330 2235 τὸν
358 2180 651 2255 κράϐϐατον
682 2176 805 2253 ἆραι
840 2180 1047 2245 κελεύει,
1085 2182 1166 2233 ἶνα
1191 2184 1428 2253 πιστωθῇ
1462 2185 1519 2232 τὸ
1549 2183 1724 2253 θαῦμα
1753 2185 1842 2232 καὶ

1983 2179 2308 2240 :rabbatum
2332 2178 2733 2247 tollerejubet,
2766 2182 2830 2233 ut
2860 2174 3219 2230 miraculum
3248 2187 3381 2228 esse
3406 2170 3610 2227 creda-

235 2275 315 2343 μὴ
352 2267 481 2343 δόξῃ
516 2275 775 2341 φαντασία
819 2290 919 2330 τις.
976 2271 1035 2323 Εἰ
1062 2274 1161 2342 γὰρ
1194 2275 1265 2341 μὴ
1306 2273 1568 2341 συνεπάγη
1624 2272 1690 2321 τά
1714 2269 1839 2342 μέλη

1978 2287 2063 2336 ur,
2097 2274 2153 2324 et
2194 2285 2310 2323 non
2353 2273 2639 2340 appareat
2672 2265 2987 2337 phantasia
3015 2263 3239 2334 aliqua.
3283 2261 3399 2317 Nisi
3445 2260 3603 2315 enim

240 2358 494 2433 βεϐαίως,
529 2359 625 2411 ούκ
653 2358 712 2410 ἂν
750 2363 833 2412 τὸν
864 2358 1155 2434 κράϐϐατον
1188 2355 1415 2418 ἠδύνατο
1450 2363 1633 2433 φέρειν.

1979 2358 2227 2414 nembra
2276 2358 2520 2412 ﬁrmiter
2575 2360 2893 2425 compacta
2960 2352 3170 2417 forent,
3226 2363 3606 2421 nequaquam

1953 2449 2309 2518 grabbatum
2331 2447 2481 2502 ferre
2495 2451 2752 2516 possent.

315 2542 478 2587 Τοῦτο
536 2531 595 2588 δε
652 2534 920 2606 πολλαχοῦ
984 2539 1280 2601 πεποίηκεν,
1334 2534 1683 2606 ἐπιστομίζων
1728 2538 1845 2593 τοὺς

2026 2541 2143 2593 llos
2171 2541 2368 2592 autem
2403 2534 2621 2605 pluries
2662 2532 2814 2595 fecit,
2848 2546 3055 2586 eorum
3095 2529 3198 2601 qui
3231 2526 3610 2599 impudentes

242 2622 618 2695 ἀναισχυντεῖν
652 2622 1017 2695 βουλομένους.
1049 2629 1148 2677 Καὶ
1177 2627 1275 2697 γὰρ
1325 2628 1413 2675 καὶ
1452 2622 1535 2675 ἐπὶ
1583 2629 1673 2675 τοῦ
1704 2625 1846 2695 παρά

1981 2643 2086 2680 ιεεθ
2115 2625 2340 2688 vellent,
2370 2640 2475 2679 ora
2503 2622 2837 2677 obstruens.
2884 2620 3036 2674 Nam
3067 2624 3121 2673 et
3172 2618 3231 2673 in
3263 2616 3608 2688 paralytico,

243 2723 319 2784 τῷ
347 2715 598 2783 Ματθαίῳ
646 2712 946 2786 παραλύτου
1002 2714 1191 2783 ὁμοίως
1237 2716 1508 2769 πεποιήκει
1566 2729 1576 2740 ·
1605 2715 1695 2762 καὶ
1763 2710 1847 2763 ἐπὶ

1982 2719 2029 2770 le
2056 2730 2177 2787 quo
2194 2713 2353 2785 apud
2378 2712 2713 2768 Matthaaum
2736 2712 2804 2774 ⁸⁸,
2825 2708 3083 2764 similiter
3100 2707 3238 2764 fecit
3256 2723 3270 2773 ;
3288 2709 3346 2760 et
3366 2706 3422 2761 in
3445 2706 3609 2776 pani-

246 2812 350 2853 τών
404 2803 573 2875 οἰρτων
642 2797 735 2853 διὰ
786 2808 938 2852 τοῦτο
976 2800 1194 2871 λείψανα
1250 2800 1411 2852 πολλά
1462 2800 1847 2871 παρεσκεύασεν

1984 2822 2067 2859 »ηε
2089 2804 2299 2860 eadem
2318 2803 2393 2858 de
2409 2808 2683 2864 causa,ut
2701 2800 2958 2873 plurima
2975 2798 3305 2866 fragmenta
3323 2795 3611 2866 relinque-

247 2889 623 2961 ὑπολειφθῆναι
649 2908 660 2920 ·
700 2908 787 2955 καὶ
831 2896 902 2957 τῷ
932 2890 1306 2961 καθαρισθέντι
1352 2888 1520 2962 λεπρῷ
1564 2887 1850 2963 προσέταξε

1980 2892 2498 2960 ’θηιυτ,οτόίηανίί
2522 2894 2565 2927 ⁸¹
2590 2896 2680 2953 ;et
2708 2891 2759 2945 ei
2781 2888 2883 2961 qui
2908 2905 2942 2943 a
2960 2888 3126 2959 lepra
3153 2885 3479 2941 mundatus
3499 2890 3607 2949 est,

249 2976 426 3040 δεῖξαι
454 2977 633 3029 ἑαυτὸν
678 2985 748 3047 τῷ
797 2980 921 3051 ἱερεῖ
954 2995 965 3007 ·
999 2984 1089 3031 καὶ
1116 2981 1171 3030 τὸ
1234 2974 1377 3050 ὕδωρ
1433 2975 1565 3030 οἶνον
1599 2983 1847 3041 ποιήσας,

1987 2985 2150 3047 ussit,
2169 2988 2227 3037 ut
2249 2999 2309 3036 se
2339 2980 2631 3037 sacerdoti
2658 2977 3090 3047 ostenderet";
3115 2981 3329 3031 etcum
3357 2989 3428 3029 ex
3446 2988 3609 3045 aqua

248 3066 385 3120 εἶπεν
412 3066 667 3125 ἀντλῆσαι
696 3072 785 3119 καὶ
837 3066 1053 3138 ἐνεγκεῖν
1092 3075 1164 3137 τῷ
1195 3066 1575 3141 ἀρχιτρικλίνῳ
1618 3084 1629 3096 ’
1655 3070 1744 3118 καὶ
1775 3084 1851 3117 νε-

1981 3074 2164 3127 rinum
2198 3072 2446 3139 fecisset,
2480 3068 2762 3141 praecepit
2801 3073 2861 3123 ut
2908 3064 3237 3123 haurirent,
3266 3062 3608 3128 ferrentque

248 3159 374 3229 κρὸν
406 3155 725 3220 ἀναστησας,
767 3154 1041 3209 ἐνετείλατο
1094 3153 1279 3210 δοῦναι
1334 3156 1475 3227 αύτῷ
1517 3162 1694 3228 φαγεῖν
1721 3172 1732 3184 ’
1759 3152 1853 3207 διὰ

1981 3160 2421 3216 trchitriclino”
2436 3176 2449 3225 ;
2467 3164 2522 3213 et
2541 3174 2675 3213 cum
2696 3163 2993 3212 mortuam
3016 3152 3608 3221 suscitasset,prmce-

250 3255 352 3298 τῶν
382 3248 626 3297 τοιούτων
657 3246 860 3297 πάντων
887 3247 1074 3296 πείθων
1102 3249 1217 3306 τοὺς
1262 3244 1511 3306 ἀνοήτους
1540 3247 1620 3297 ὄτι
1652 3245 1744 3297 ούκ
1770 3248 1852 3297 ἕσ-

1983 3252 2043 3307 )it
2066 3255 2129 3305 ut
2148 3250 2359 3305 darent
2386 3248 2463 3304 illi
2492 3248 2652 3320 quod
2677 3246 2877 3301 ederet
2897 3246 2944 3280 ⁸⁴
2970 3260 2981 3297 :
3009 3242 3324 3297 insensatis
3348 3238 3610 3295 suadens

251 3356 331 3388 τιν
357 3334 611 3399 ἀπατεὼν,
646 3334 772 3386 ἀλλὰ
789 3338 963 3407 Σωτήρ
992 3333 1184 3397 ἀληθής
1214 3344 1308 3397 τῆς
1335 3344 1505 3395 κοινῆς
1528 3344 1624 3387 τῶν
1653 3333 1849 3406 ἀνθρὼ-

1977 3356 2067 3410 ser
2082 3339 2285 3394 omnia
2304 3336 2744 3407 hujusmodi,se
2768 3349 2886 3388 non
2914 3348 3046 3387 esse
3064 3332 3477 3401 impostorem,
3500 3327 3604 3382 sed

253 3445 360 3479 πων
389 3427 607 3497 φύσεως.

1978 3446 2168 3486 verum
2212 3428 2580 3484 Salvatorem
2629 3422 2970 3480 communis
3006 3420 3321 3475 hominum
3354 3422 3605 3472 naturas.

330 3518 429 3568 Καὶ
460 3544 528 3553 —
588 3515 904 3585 περιεπάτει.
936 3512 1077 3586 Ἀμα
1128 3533 1183 3567 τε
1231 3519 1446 3582 ἤκουσε,
1477 3523 1567 3570 καὶ
1605 3518 1716 3589 ἄμα
1762 3526 1853 3577 τῆς

2034 3520 2193 3573 Vers.
2236 3521 2286 3573 9.
2335 3518 2409 3572 Et
2437 3546 2504 3556 ——
2542 3512 2900 3571 ambulabat.
2955 3509 3128 3567 Simul
3164 3514 3221 3564 et
3261 3505 3510 3571 audivit,
3563 3508 3620 3562 et

256 3604 431 3672 ύγείας
462 3602 767 3673 αἰσθόμενος
806 3602 1023 3676 ἠγέρθη,
1067 3608 1156 3655 καὶ⁹
1185 3603 1363 3656 λοιπὸν
1401 3603 1568 3677 μηδεν
1613 3606 1853 3676 ὑπολογι-

1994 3608 2273 3663 anitatem
2307 3605 2565 3659 sentiens
2591 3607 2815 3659 erectus
2843 3605 2969 3655 est:
3003 3599 3200 3670 itaque
3248 3594 3465 3651 nullius
3507 3594 3618 3650 ha-

261 3693 474 3761 σάμενος
506 3687 597 3764 ἧρε
624 3694 708 3742 τὸν
731 3690 1022 3764 κράϐϐατον
1052 3692 1211 3744 αὐτοῦ
1237 3698 1326 3746 καὶ
1356 3695 1671 3767 περιεπάτει.

1962 3698 2086 3753 bita
2125 3697 2372 3758 ratione,
2401 3693 2533 3748 tulit
2559 3692 2777 3747 lectum
2809 3705 2985 3744 suum
3022 3692 3077 3742 et
3101 3683 3469 3742 ambulabat.

325 3778 420 3831 Ἦν
468 3810 535 3818 —
562 3781 852 3853 περιπάτει.
893 3786 1027 3852 Ὅρα
1076 3781 1375 3855 παρρησίαν
1409 3800 1421 3812 ·
1465 3785 1524 3835 ού
1556 3789 1707 3856 μόνον
1752 3788 1851 3859 γὰρ

2034 3786 2193 3840 Vers.
2223 3788 2272 3839 9.
2311 3785 2459 3838 Erat
2495 3813 2555 3822 —
2590 3781 2750 3837 Vers.
2794 3783 2871 3834 10.
2914 3777 3179 3834 ambula.
3211 3774 3350 3829 Vide
3384 3772 3616 3829 liberta-

260 3867 351 3919 οὐκ
383 3866 593 3925 ἐπείσθη
618 3870 833 3929 τούτοις,
868 3866 994 3921 ἀλλά
1023 3875 1109 3921 καὶ
1143 3875 1229 3922 τὸν
1247 3872 1514 3943 εὐεργέτην
1556 3873 1850 3945 ἀνεκήρυξε,

1992 3891 2081 3928 em
2118 3891 2128 3930 :
2156 3889 2349 3944 neque
2396 3871 2556 3926 enim
2598 3870 2790 3925 solum
2823 3884 2941 3923 non
2973 3864 3238 3921 obedivit
3265 3863 3397 3926 illis,
3430 3862 3533 3918 sed
3562 3866 3619 3917 et

262 3963 348 4010 καὶ
377 3962 745 4031 προτιμότερον
779 3959 982 4009 πάντων
1011 3958 1253 4029 ἀπέφηνε,
1278 3960 1434 4032 λέγων
1464 3979 1476 3991 ·
1506 3964 1727 4023 Ἐκεῖνός
1765 3983 1850 4035 μοι

1993 3963 2235 4019 »θηθῧοὶἰ
2288 3966 2591 4017 auctorem
2642 3956 2988 4030 praedicavit
3033 3971 3103 4010 ac
3159 3952 3441 4009 omnibus
3469 3965 3620 4022 pra:-

265 4045 415 4109 εἶπεν,
478 4045 649 4117 ἐκείνῳ
709 4048 978 4117 πείθομαι.
1046 4054 1145 4101 Καὶ
1204 4052 1306 4122 γὰρ
1372 4049 1557 4112 ἐκεῖνος
1610 4072 1672 4124 με
1702 4052 1855 4105 ἰασά-

2000 4055 2310 4107 tantiorem
2345 4047 2783 4107 demonstravit
2832 4046 3054 4101 dicen3°
3106 4046 3233 4113 ipse
3287 4040 3433 4096 mihi
3470 4038 3621 4095 dixit

266 4155 427 4208 μενος,
479 4135 664 4187 ἐκεῖνον
715 4136 931 4207 μείζονα
979 4138 1183 4189 πάντων
1247 4140 1477 4211 νομίζειν
1534 4146 1854 4214 παρεσκεύα-

1996 4143 2076 4214 psi
2118 4141 2354 4196 obedivi
2389 4157 2401 4195 :
2445 4139 2739 4211 siquidem
2788 4152 2920 4191 eum
2950 4133 3051 4206 qui
3093 4149 3187 4187 me
3232 4147 3448 4187 sanum
3487 4129 3623 4185 fecit

271 4244 369 4277 σίν·
1965 4233 2254 4302 majorem
2301 4230 2527 4284 cunctis
2554 4227 2770 4282 ducere
2796 4222 3050 4279 decrevi.

336 4314 641 4389 Ἠρωτησαν
706 4344 773 4354 —-
822 4319 989 4385 τόπῳ.
1046 4314 1189 4388 Ἀμα
1271 4326 1342 4388 τῷ
1404 4320 1720 4391 θεραπεύσαι
1767 4325 1855 4374 τὸν

2042 4324 2197 4375 Vers.
2228 4321 2313 4373 t2.
2344 4319 2950 4386 Inter-rogaverunt—
2973 4313 3136 4367 Vers.
3168 4307 3541 4365 Loco.Simul
3561 4312 3622 4363 ut

270 4404 553 4476 ἄνθρωπον,
596 4402 819 4466 ἐξένευσε
864 4401 959 4456 διὰ
1008 4408 1091 4456 τὸν
1146 4405 1325 4476 ὄχλον,
1361 4415 1514 4459 τοῦτο
1540 4413 1629 4480 μεν
1661 4413 1857 4482 φεύγων
1892 4436 1897 4489 1

1990 4410 2267 4466 nominem
2285 4412 2623 4472 sanaverat,
2641 4404 3000 4458 subduxerat
3012 4418 3072 4456 se
3087 4405 3325 4472 prOpter
3347 4397 3617 4453 turbam:

271 4494 350 4543 τὸν
379 4495 523 4567 παρὰ
552 4502 650 4545 τῶν
703 4492 1179 4567 εύγνωμονεστίρων
1210 4498 1433 4561 ἔπαινόν,
1485 4516 1637 4549 τουτο
1687 4496 1746 4552 δε
1775 4520 1858 4553 πε·-
1892 4486 1898 4489 ’

1995 4501 2177 4554 »ιιινὶὶηι
2210 4498 2451 4569 quidem
2486 4494 2747 4563 fugitans
2777 4491 3011 4546 laudem
3042 4503 3348 4560 aequorum
3384 4486 3622 4558 .partim

271 4586 522 4654 ρικόπτων
550 4585 635 4633 τὸν
658 4586 798 4654 παρά
827 4591 923 4634 τῶν
955 4582 1411 4656 ἀγνωμονεστέρων
1443 4588 1641 4657 φθόνον.
1702 4592 1859 4643 Εἶωθε

1995 4605 2106 4643 'ero
2145 4586 2428 4643 invidiam
2479 4588 2799 4654 amputans
2844 4581 3211 4651 iniquorum,
3266 4574 3419 4632 Solet
3463 4574 3622 4630 enim

273 4674 364 4743 γὰρ
387 4670 629 4732 πολλάκις
653 4670 769 4742 ὄψις
789 4677 942 4744 μόνον
983 4679 1073 4724 τοῦ
1092 4674 1434 4745 φθονουμένου
1463 4674 1650 4734 πολλὴν
1678 4674 1861 4729 ἐνιέναι

1996 4682 2306 4749 requenter
2328 4674 2489 4729 solus
2515 4672 2643 4742 ejus
2670 4673 3042 4741 conspectus,
3096 4664 3192 4721 cui
3226 4664 3350 4736 quis
3379 4662 3621 4727 invidet,

276 4760 450 4831 φλόγα·
1972 4767 2221 4822 multam
2249 4761 2557 4819 infundere
2586 4758 2897 4815 ﬂammam
2926 4757 3047 4811 ire.

344 4848 487 4900 Μετά
552 4855 715 4899 ταῦτα
760 4878 829 4887 -
875 4852 1104 4918 γένηται.
1160 4851 1603 4923 Παρακμοίσοίντος
1634 4849 1740 4911 ἤδη
1774 4858 1861 4905 καὶ

2044 4855 2209 4909 Vers.
2252 4856 2330 4906 14.
2361 4850 2619 4906 Posthac
2646 4879 2712 4887 —
2743 4846 3072 4915 contingat.
3106 4845 3251 4898 Cum
3279 4841 3407 4913 jam
3433 4845 3488 4896 et
3519 4840 3627 4896 mi-

278 4944 360 4989 τοῦ
390 4938 652 4998 θαύματος
709 4940 799 4988 καὶ
854 4946 945 4988 τού
997 4940 1164 5010 θυμοῦ
1202 4947 1302 4989 τῶν
1346 4937 1636 5010 Ἰουδαίων,
1688 4940 1863 5013 ἐντυγ-

2002 4943 2155 4999 acuti
2185 4956 2391 4997 rumor
2427 4937 2736 4994 defecisset
2784 4940 2840 4990 et
2882 4939 3082 4991 tumor
3135 4931 3497 4997 Judaaorum,
3530 4944 3628 4985 oc-

280 5027 422 5098 χάνει
462 5024 639 5077 λοιπὸν
696 5033 768 5095 τῷ
819 5026 1199 5098 θεραπευθέντι,
1234 5027 1387 5080 θέλων
1440 5027 1722 5101 βελτιῶσαι
1773 5037 1861 5084 καὶ

2013 5033 2152 5087 urrit
2189 5031 2239 5087 ei
2266 5030 2368 5102 qui
2394 5035 2641 5083 sanatus
2685 5025 2890 5092 fuerat,
2935 5022 3140 5078 volens
3177 5021 3437 5076 animam
3472 5034 3640 5091 quo-

283 5120 364 5172 τὴν
393 5112 579 5185 ψυχήν
634 5114 749 5184 (88)
810 5114 988 5169 αὐτοῦ.
1045 5115 1295 5188 Εύρίσκει
1352 5114 1411 5169 δε
1461 5118 1613 5170 αὐτὸν
1662 5119 1756 5171 ούκ
1812 5119 1861 5173 ἐν

2001 5138 2091 5194 [ue
2130 5120 2260 5174 illus
2293 5117 2592 5173 meliorem
2634 5113 2897 5179 reddere,
2948 5111 3162 5183 reperit
3217 5126 3353 5165 eum
3398 5123 3519 5164 non
3567 5108 3628 5164 in

284 5207 435 5257 ὁνίσει
466 5209 556 5255 καί
601 5204 857 5277 ῥᾳθυμίᾳ,
915 5202 1097 5255 ἀλλ’ἐν
1127 5213 1199 5275 τῷ
1251 5207 1367 5278 ἱερῷ
1416 5212 1861 5281 προσευχόμενον,

2003 5211 2092 5266 >tio
2130 5214 2186 5264 et
2216 5208 2478 5277 segnitie,
2528 5206 2631 5261 sed
2694 5206 2753 5261 in
2807 5200 3032 5271 templo
3080 5206 3350 5255 orantem
3412 5203 3477 5253 ut
3503 5198 3630 5271 opi-

348 5382 392 5417 ⁸ο
415 5379 607 5437 Matth.
637 5396 715 5447 ιχ,
749 5385 798 5437 6.
879 5383 922 5419 ⁸¹
953 5381 1143 5439 Matth.
1172 5397 1291 5450 xxv,
1340 5384 1427 5437 20.
1505 5383 1553 5419 ⁸²
1581 5386 1778 5441 Matth.
1810 5402 1922 5453 πη,
1950 5388 1975 5442 4

1505 5383 1553 5419 ⁸³
1581 5386 1778 5441 Matth.
1810 5402 1922 5453 πη,
1950 5387 2004 5442 4.
2083 5388 2128 5422 ⁸³
2155 5386 2326 5441 Joan.
2357 5401 2413 5448 ιι,
2442 5382 2499 5438 8.
2585 5382 2632 5418 ⁶⁴
2660 5382 2796 5436 Luc.
2824 5396 2940 5445 νιιι,
2971 5380 3055 5435 55.

1504 5590 1720 5659 Varia
1748 5590 2075 5662 lectiones
2109 5600 2174 5658 et
2204 5598 2404 5658 notae.

351 5784 462 5856 (88)
488 5784 699 5839 Ἑαυτοῦ
721 5793 783 5846 Β.
