4120 6310
561 348 691 406 1211

1873 352 2224 412 EUTHYMII
2265 354 2598 413 ZIGABENI

3831 352 3971 412 1243

558 492 768 545 nor,ac
785 478 906 536 Deo
935 479 1159 550 gratias
1175 482 1453 550 agentem
1484 497 1496 537 :
1529 483 1587 538 et
1610 481 1889 538 admonet
1917 481 2107 549 illum,
2138 497 2213 538 ne

2328 479 2497 555 οζιιαι,
2549 489 2636 536 καὶ
2697 483 3087 558 εὐχαριστήρια
3139 490 3211 554 τῷ
3260 489 3376 554 Θεῷ
3426 478 3804 536 ἀποδιδόντα.
3871 488 3963 536 Καὶ

558 566 838 639 deinceps
867 573 1092 639 peccet,
1123 569 1461 637 ostendens,
1513 571 1674 644 quod
1705 576 1945 644 prOpter
1971 577 2219 643 peccata

559 658 908 726 aegrotabat.
961 659 1210 714 Minatur
1242 664 1440 716 autem
1478 661 1718 729 gravius
1746 661 2141 731 puniendum,
2171 661 2219 716 si

559 750 910 820 peccaverit,
970 749 1190 805 docens
1220 766 1324 805 eos
1375 752 1479 822 qui
1517 756 1654 823 post
1712 768 1956 824 poenam
1989 751 2217 823 peccati

557 852 765 892 rursus
796 837 1170 911 delinquunt,
1199 839 1474 895 attrocius
1515 841 1872 912 puniendos,
1928 845 2218 913 tanquam

559 925 894 984 insensatos
937 943 1007 984 ac
1037 934 1495 1000 contemptores,
1535 929 1658 985 sive
1688 930 1747 985 in
1773 931 2049 1002 praesenti
2075 930 2216 995 vita,

561 1015 688 1072 sive
725 1017 786 1072 in
816 1017 1036 1082 futura,
1071 1017 1198 1073 sive
1227 1017 1286 1072 in
1321 1023 1583 1091 utraque.

632 1192 800 1258 Quod
832 1191 881 1247 si
912 1197 1292 1265 peccatorum
1330 1194 1692 1267 supplicium
1739 1195 1972 1251 duravit
2000 1196 2095 1251 hic
2126 1196 2221 1252 tri-

556 1280 723 1351 ginta
747 1287 803 1338 et
832 1289 963 1338 acto
996 1297 1209 1347 annos,
1243 1283 1536 1356 quidnam
1555 1284 1771 1356 poterit
1797 1284 2100 1358 quispiam
2133 1285 2219 1340 di-

560 1370 987 1427 ceredefuturo
1001 1371 1335 1444 supplicio?
1364 1373 1774 1446 Utique,quod
1800 1380 2086 1430 mternum
2115 1373 2223 1429 erit

559 1474 629 1515 ac
658 1458 777 1515 ﬁne
807 1475 1037 1516 carens.
1073 1463 1273 1534 Neque
1305 1469 1500 1517 tamen
1535 1478 1747 1517 omnes
1795 1462 1986 1518 morbi
2026 1478 2062 1518 a
2089 1477 2227 1535 pec'

558 1549 699 1604 catis
730 1549 1024 1620 oriuntur,
1062 1565 1258 1622 neque
1298 1566 1510 1606 omnes
1537 1555 1880 1624 peccatores
1906 1557 2215 1622 aegrotant.

559 1638 919 1710 Paralyticus
957 1655 1219 1712 quoque,
1264 1639 1339 1696 de
1369 1657 1487 1713 quo
1545 1641 1710 1712 apud
1764 1641 2098 1697 Matthmum
2155 1641 2221 1698 ﬁt

558 1728 799 1794 mentio,
833 1733 1069 1800 propter
1097 1734 1413 1801 peccatum
1438 1733 1787 1798 mgrotabat,
1815 1734 1876 1785 ut
1901 1730 1978 1785 ibi
2011 1731 2220 1786 distin-

2326 579 2568 647 παραινεῖ
2622 577 2711 636 μὲν
2793 578 2978 646 μηκέτι
3055 573 3388 648 ἁμαρτάνειν,
3443 569 3703 626 δεικνύων
3763 573 3859 625 ὃτι
3917 573 3962 633 ἐξ

2328 661 2594 734 ἁμαρτιῶν
2646 663 2810 715 ἐνόσει
2848 682 2860 696 ·
2932 661 3129 715 ἀπειλεῖ
3177 660 3257 728 δε,
3326 663 3370 714 εἰ
3427 662 3584 714 πάλιν
3643 662 3956 735 ὁμαρτήσει

2327 755 2546 824 χείρονα
2571 752 2806 817 κόλασιν,
2868 748 3142 804 διδάσκων
3175 755 3244 813 ὡς
3273 753 3323 804 οἱ
3351 753 3480 824 μετὰ
3527 755 3624 808 τὴν
3670 749 3729 813 ἐξ
3789 750 3953 823 ἁμαρ-

2326 844 2442 900 τίας
2520 845 2773 914 τιμωρίαν
2847 840 3001 893 πάλιν
3081 841 3479 914 ἁμαρτάνοντες,
3570 839 3948 911 χαλεπώτερον

2326 931 2786 1002 τιμωρηθὴσονται
2843 932 2912 991 ὡς
2964 928 3276 988 ἀναίσθητοι
3355 937 3446 981 καί
3517 935 3945 1003 καταφρονηταὶ,

2328 1020 2426 1070 εἴτε
2455 1017 2502 1069 ἐν
2529 1027 2592 1090 τῇ
2623 1021 2863 1092 παρούσῃ
2897 1019 3004 1093 ζωῇ
3035 1023 3132 1072 εἶτε
3157 1018 3204 1070 ἐν
3225 1019 3308 1091 ξτῇ
3343 1017 3602 1092 μελλούσῃ
3638 1021 3750 1070 εἴτε
3777 1023 3876 1070 καὶ
3907 1018 3943 1070 ἐ²

2329 1105 2664 1182 ἀμφοτέραις.

2403 1196 2459 1248 Εἰ
2516 1193 2576 1249 δε
2635 1196 2856 1249 ἐνταῦθα
2919 1195 3130 1258 κόλασις
3183 1197 3451 1270 ἁμαρτιῶν
3525 1198 3815 1269 παρετάθη
3883 1197 3948 1258 εἰς
4057 1209 4061 1240 1

2328 1291 2743 1359 τριακονταοκτὼ
2795 1289 2906 1352 ἔτη,
2958 1291 3009 1338 τί
3063 1288 3124 1338 ἄν
3174 1305 3252 1347 τις
3304 1289 3438 1338 εἴποι
3485 1291 3606 1360 περὶ
3663 1294 3767 1346 τῆς
3851 1284 3955 1337 ἐκεῖ

2329 1375 2584 1437 κολάσεως
2618 1393 2631 1442 ;
2665 1375 2866 1438 ’Ὄντως
2911 1377 3013 1449 γὰρ
3063 1374 3398 1438 ἆτελεύτητός
3427 1373 3541 1428 εστι
3571 1378 3661 1426 καὶ
3711 1375 3948 1436 αἰώνιος-

2331 1467 2464 1520 Οὔτε
2495 1465 2553 1520 δε
2581 1473 2750 1519 πᾶσαι
2800 1469 2855 1519 αἱ
2894 1472 3040 1519 νόσοι
3070 1465 3122 1529 ἐξ
3168 1466 3434 1538 ἁμαρτιῶν
3473 1471 3770 1528 τίκτοντσι,
3834 1470 3955 1518 οὔτε

2328 1559 2514 1618 πάντες
2564 1558 2612 1608 oi
2657 1555 3031 1628 ἁμαρτάνοντες
3081 1562 3299 1607 νοσοῦσι
3332 1575 3344 1587 ·
3383 1559 3482 1608 Καὶ
3534 1555 3561 1606 6
3609 1560 3949 1628 μνημονευὸ-

2328 1664 2476 1718 μενος
2507 1641 2567 1697 δε
2595 1647 2696 1696 ὑπὸ
2721 1645 2991 1698 Ματθαίου
3009 1643 3362 1718 παραλυτικὸς
3381 1641 3434 1706 ἕξ
3461 1643 3738 1716 ἁμαρτιῶν
3752 1646 3954 1709 ἐνόσει,

2327 1737 2500 1795 καθὼς
2528 1732 2630 1787 ἐκεῖ
2655 1730 2957 1791 διείληπται
2991 1750 3003 1762 ·
3053 1730 3139 1786 διὸ
3189 1737 3276 1784 καὶ
3306 1735 3430 1805 πρὸς
3460 1731 3649 1785 ἐκεῖνον
3683 1737 3900 1807 εῖρηκεν
3939 1755 3954 1764 ·

558 1817 757 1889 guitur
788 1837 800 1877 :
834 1818 969 1873 ideo
995 1819 1175 1874 etiam
1202 1818 1352 1875 dixit
1373 1819 1454 1876 illi
1486 1837 1496 1874 :
1529 1822 1777 1878 Remissa
1797 1827 1930 1876 sunt
1955 1820 2062 1876 tibi
2087 1835 2213 1887 pec-

2328 1822 2610 1895 Ἀφίωνταί
2673 1842 2757 1874 σοι
2788 1825 2842 1874 αἱ
2873 1822 3126 1895 ἁμαρτίαι
3158 1840 3271 1874 σου.
3312 1824 3408 1874 Διὰ
3453 1829 3552 1872 τῶν
3583 1825 3850 1874 τοιούτων
3893 1821 3960 1877 6'”:
4063 1836 4065 1890 ε

557 1913 690 1964 cata
721 1914 816 1963 tua
854 1910 923 1962 ³⁸.
951 1909 1061 1964 Per
1090 1908 1238 1963 tales
1286 1914 1481 1964 autem
1533 1911 1810 1965 admovet
1853 1925 2084 1974 omnes,
2113 1925 2217 1965 eos

557 1997 822 2068 quidem,
849 1997 952 2069 qui
985 1997 1255 2052 nondum
1287 2003 1737 2067 aegrotaverunt,
1775 2004 1838 2052 ut
1871 1999 2118 2054 timeant
2144 2015 2216 2053 ne

562 2086 774 2140 morbo
818 2086 1231 2156 corripiantur,
1262 2092 1319 2142 et
1373 2088 1454 2142 ita
1479 2087 1852 2156 corrigantur
1885 2109 1895 2150 ;
1939 2103 2044 2142 eos
2075 2103 2216 2143 vero

553 2174 656 2245 qui
674 2173 800 2244 jam
827 2174 1037 2230 morbo
1077 2176 1524 2244 subjacuerunt,
1581 2181 1643 2231 ut
1673 2177 1919 2232 timeant
1957 2192 2031 2232 ne
2059 2176 2218 2232 dete-

553 2261 678 2318 rius
707 2267 1015 2331 aegrotent,
1053 2269 1109 2320 et
1133 2263 1410 2337 deinceps
1441 2265 1673 2320 cautius
1704 2265 1926 2321 vivant.

625 2351 890 2425 Quisque
920 2368 1063 2422 ergo
1092 2358 1383 2418 nostrum,
1421 2353 1472 2410 si
1523 2354 1648 2424 jam
1697 2354 2025 2424 mgrotavit,
2055 2354 2216 2410 dicat

553 2441 718 2512 apud
745 2458 874 2498 sese
907 2460 919 2497 :
955 2443 1106 2499 Ecce
1133 2459 1314 2498 sanus
1337 2444 1540 2512 factus
1583 2459 1656 2507 es,
1691 2460 1804 2498 non
1832 2459 2028 2514 pecces
2050 2444 2216 2500 dein-

552 2545 699 2602 ceps,
729 2547 804 2588 ne
824 2532 970 2603 quid
996 2533 1250 2589 deterius
1279 2533 1385 2589 tibi
1403 2535 1724 2602 contingat.
1758 2533 1931 2599 Quod
1980 2532 2027 2587 si
2069 2549 2216 2590 non-

552 2619 696 2676 dum
725 2620 933 2677 morbo
973 2622 1248 2678 detentus
1303 2628 1408 2688 est,
1451 2622 1850 2694 apostolicum
1901 2622 2212 2678 oraculum

553 2709 716 2781 apud
739 2726 800 2765 se
825 2710 1101 2767 decantet
1145 2727 1158 2766 :
1189 2713 1425 2767 Bonitas
1470 2714 1575 2768 Dei
1611 2713 1694 2768 ad
1737 2713 2134 2783 paenitentiam
2161 2719 2218 2768 te

551 2799 783 2864 invitat,
809 2800 911 2855 sed
923 2802 1109 2870 juxta
1127 2801 1410 2857 duritiem
1436 2810 1599 2857 tuam
1627 2809 1681 2858 et
1703 2817 1807 2857 cor
1833 2801 2213 2871 impamitens,

552 2886 700 2942 iram
730 2889 839 2942 tibi
860 2889 1121 2944 recondis
1169 2889 1237 2940 ³⁸.
1286 2892 1410 2945 Non
1457 2889 1653 2944 solum
1694 2894 1889 2944 autem
1945 2889 2217 2961 corporis

554 2977 824 3032 membra
850 2977 1188 3045 astringens
1211 2993 1381 3033 suam
1409 2978 1664 3034 ostendit
1687 2977 2083 3042 divinitatem,
2109 2977 2216 3033 sed

553 3066 726 3121 etiam
755 3065 962 3122 dicens
995 3083 1008 3122 :
1041 3067 1178 3124 Non
1203 3083 1392 3137 pecces
1431 3067 1691 3137 deinceps
1725 3085 1739 3134 ;
1773 3067 2061 3140 siquidem
2093 3085 2218 3124 om-

552 3153 653 3211 nia
678 3170 741 3211 se
797 3171 978 3213 nosse
1027 3157 1404 3227 signiﬁcavit,
1456 3157 1845 3230 quantumvis
1897 3157 2078 3212 etiam
2129 3173 2219 3213 ar—
2255 3213 2295 3270 Ο

561 3260 735 3302 cana.

622 3334 788 3390 Vers.
824 3336 908 3391 15.
943 3335 1100 3391 Abiit
1120 3367 1182 3377 —
1208 3351 1442 3392 sanum.
1473 3335 1626 3392 Abiit
1647 3341 1704 3391 et
1733 3336 2068 3403 nuntiavit;
2097 3351 2217 3391 non

551 3424 1112 3497 tanquaminiquus,
1133 3431 1194 3481 ut
1222 3426 1518 3500 proderet,
1555 3425 1654 3481 sed
1689 3431 1976 3498 tanquam
2011 3431 2218 3497 gratus

551 3518 617 3570 ut
644 3513 1084 3570 benefactorem
1141 3515 1496 3585 divulgaret.
1558 3519 1706 3571 Nam
1756 3515 2115 3571 beneﬁcium
2148 3531 2218 3570 ac

554 3603 732 3658 minae
763 3603 1160 3669 sufﬁciebant,
1190 3614 1252 3660 ut
1272 3620 1410 3660 eum
1463 3604 1524 3660 in
1545 3603 1743 3660 ofﬁcio
1799 3605 2171 3660 continerent
2201 3619 2214 3668 ;

551 3706 661 3746 nec
691 3691 784 3746 his
809 3697 1040 3748 tantum
1071 3692 1349 3764 alligatus
1379 3699 1524 3760 erat,
1581 3709 1783 3748 verum
1841 3694 2019 3748 etiam
2054 3694 2217 3748 time-

549 3778 656 3835 bat
693 3795 768 3836 ne
791 3780 938 3852 quid
966 3781 1223 3837 deterius
1253 3787 1574 3853 pateretur.
1608 3781 1932 3837 Praesertim
1969 3782 2128 3853 quod
2167 3789 2215 3845 si

547 3884 684 3924 eum
700 3870 946 3941 prodere
959 3870 1263 3936 voluisset,
1277 3887 1662 3943 nequaquam
1682 3870 2105 3943 dixissetquod
2125 3871 2215 3926 Je-

551 3959 955 4031 susesset,qui
969 3976 1030 4015 se
1057 3966 1348 4026 sanasset,
1383 3961 1486 4014 sed
1514 3960 1678 4033 quod
1701 3959 1728 4014 J
1737 3976 1874 4014 esus
1907 3964 2082 4026 esset,
2109 3961 2210 4030 qui

548 4045 814 4112 dixisset,
847 4048 900 4104 ei
942 4065 954 4104 :
993 4049 1148 4104 Tolle
1176 4049 1513 4117 grabbatum
1543 4056 1707 4104 tuum
1750 4057 1800 4104 et
1825 4049 2082 4104 ambula.
2111 4049 2210 4102 Ju-

547 4134 655 4190 ἀεὶ
687 4137 844 4192 enim
867 4137 1219 4208 quaerebant
1244 4138 1467 4194 discere
1498 4153 1616 4192 non
1641 4139 1774 4210 quis
1801 4138 2038 4192 fecisset
2069 4153 2206 4191 eum

549 4239 786 4292 sanum,
823 4224 929 4278 sed
957 4224 1092 4296 quis
1107 4223 1344 4280 dixisset
1371 4225 1450 4280 illi
1476 4242 1488 4280 :
1522 4225 1676 4282 Tolle
1697 4226 2017 4296 groblatum
2043 4232 2204 4280 tuum

547 4319 600 4368 et
629 4313 890 4368 ambula.
918 4313 1048 4384 Ipse
1078 4329 1241 4383 ergo,
1265 4315 1406 4385 quia
1435 4315 1658 4370 crimen
1689 4315 1986 4370 incurrere
2010 4331 2072 4369 se
2104 4330 2208 4384 pu-

547 4398 730 4466 tabat,
755 4401 802 4457 si
845 4403 1136 4469 tacuisset,
1166 4403 1523 4459 beneﬁcium
1571 4403 1932 4474 praedicavit.
1992 4405 2202 4458 Gratus

2327 1910 2668 1984 παραγγέλλει
2722 1918 2873 1978 πᾶσι,
2921 1918 3030 1972 τοῖς
3058 1913 3146 1982 μεν
3186 1915 3339 1981 μήπω
3359 1913 3628 1966 νοσήσασι
3658 1909 3957 1982 φοϐεῖσθαι

2326 2005 2397 2073 μὴ
2421 2006 2713 2066 νοσήσῶσι,
2743 2006 2828 2052 καὶ
2864 1996 3208 2075 διορθοῦσθαι
3243 2015 3255 2027 °
3282 2005 3389 2060 τοῖς
3423 1994 3482 2050 δὲ
3509 1994 3620 2056 ἤδη
3663 2005 3954 2058 νοσήσασι

2327 2088 2599 2161 φοϐεῖσθαι
2630 2095 2701 2162 μὴ
2729 2094 3004 2147 νοσήσωσι
3050 2095 3230 2160 χεῖρον
3269 2091 3358 2139 καὶ
3388 2085 3786 2160 ἀσφαλίξεσθαι
3813 2110 3955 2164 προς

2326 2182 2384 2230 τὸ
2413 2178 2611 2250 μέλλον.

2399 2361 2499 2408 Καὶ
2556 2359 2700 2428 ἡμῶν
2741 2352 2827 2408 οὖν
2873 2357 3109 2420 ἕκαστος,
3157 2355 3201 2408 εἰ
3247 2358 3336 2427 μὶν
3385 2351 3494 2413 ἤδη
3545 2358 3819 2421 νενόσηκε,
3862 2356 3944 2408 λε-

2977 2462 2990 2474 ’
3046 2441 3158 2498 Ἴδε
3217 2445 3368 2516 ὑγιὴς
3422 2448 3664 2516 γέγονας,
3750 2450 3941 2516 μηκέτι

2324 2533 2606 2606 ἁμάρτανε,
2677 2538 2762 2586 ἶνα
2835 2539 2906 2606 μὴ
2958 2541 3140 2608 χεῖρον
3213 2539 3262 2585 τί
3317 2551 3403 2585 σοι
3452 2538 3695 2604 γένηται,
3741 2534 3786 2586 εἰ
3876 2531 3935 2586 δὲ

2325 2626 2468 2674 οὔπω
2524 2627 2811 2684 νενόσηκεν,
2864 2620 3097 2695 ἐπᾳδέτω
3149 2622 3312 2692 ἐαυτῷ
3372 2624 3431 2674 τὸ
3477 2619 3829 2674 ἁποστολικόν
3851 2623 3930 2674 λο-

2323 2732 2456 2781 γιον,
2511 2713 2591 2764 ὃτι
2642 2717 2712 2765 T6
2766 2715 3006 2783 χρηστὸν
3059 2730 3151 2762 του
3218 2718 3352 2763 Θεοῦ
3407 2710 3478 2770 εἰς
3536 2712 3817 2782 μετάνοιάν
3870 2731 3924 2763 σε

2326 2802 2460 2872 ἄγει.
2519 2805 2655 2853 κατὰ
2703 2798 2762 2853 δε
2809 2806 2899 2858 τὴν
2956 2800 3284 2874 σκληρότητά
3347 2818 3442 2852 σου
3510 2805 3602 2852 καὶ
3691 2803 3920 2872 ἀμετανό-

2327 2909 2448 2947 ητον
2475 2887 2699 2962 καρδίαν
2733 2890 3069 2964 θησαυρίζεις
3101 2897 3303 2958 σεαυτῷ
3334 2888 3516 2960 ὀργήν.
3569 2889 3650 2940 Οὐ
3695 2895 3838 2960 μόνον
3861 2886 3913 2939 δὲ

2327 2987 2398 3049 τῷ
2463 2979 2678 3050 σφίγξαι
2735 2983 2792 3030 τὸ
2846 2987 2999 3050 σῶμα
3051 2982 3316 3052 παρέσχεν
3385 2977 3529 3048 αὐτῷ
3583 2986 3688 3040 τῆς
3741 2978 3906 3038 οἰκείας

2331 3070 2570 3129 θεότητος
2599 3065 2888 3132 ἀπόδειξιν,
2918 3066 3044 3119 ἀλλὰ
3071 3073 3161 3119 καὶ
3191 3075 3262 3137 τῷ
3315 3066 3493 3119 εἰπεῖν’
3529 3071 3733 3125 Μηκέτι
3760 3066 3888 3137 sim-{s-

2323 2448 2455 2516 γέτω
2535 2450 2661 2519 πρὸς
2737 2446 2916 2497 ἑαυτὸν

2326 3176 2460 3210 τανε.
2509 3164 2606 3211 Καὶ
2634 3160 2735 3230 γὰρ
2758 3153 3015 3214 ἐδήλωσεν
3047 3158 3126 3208 ὃτι
3153 3159 3322 3208 πάντα
3341 3151 3429 3208 οἶδ
3433 3175 3474 3221 ε,
3494 3159 3672 3209 καὶτὰ

2327 3266 2409 3300 τα.

2399 3335 2651 3396 Ἀπῆλθεν
2705 3367 2770 3377 —
2819 3336 2966 3407 ὑγιῆ.
3024 3333 3253 3392 Ἀπῆλθε
3309 3338 3397 3386 καὶ
3443 3331 3765 3404 ἀνήγγειλεν,
3818 3332 3912 3402 sil

2327 3428 2393 3487 ὡς
2453 3424 2699 3495 ἀγνώμων
2750 3425 2830 3476 ἶνα
2879 3419 3166 3496 προδώσει,
3227 3421 3336 3473 ἀλλ’
3383 3425 3452 3483 ὡς
3525 3422 3798 3494 εὐγνωμων
3843 3424 3917 3472 ἱνα

2324 3513 2626 3588 ἀνακηρύξη
2695 3516 2781 3565 τὸν
2838 3513 3121 3586 εὐεργέτην.
3180 3511 3351 3570 Ἰκανὴ
3407 3513 3507 3583 γὰρ
3560 3517 3654 3563 καὶ
3704 3512 3732 3564 ἡ
3795 3511 3922 3582 r639-

2323 3609 2478 3674 γεσία
2541 3608 2631 3654 καὶ
2687 3604 2716 3660 ἡ
2777 3600 2957 3658 ἀπειλὴ
3005 3599 3244 3671 ἐπισχεῖν
3302 3599 3476 3652 αὐτόν.
3533 3604 3634 3652 Καὶ
3678 3599 3737 3651 οὗ
3776 3605 3923 3671 μόνον

2326 3687 2525 3764 ᾐδέσθη
2555 3690 2634 3756 ἂν,
2669 3689 2796 3742 ἀλλὰ
2824 3695 2913 3742 καὶ
2959 3688 3184 3761 ἐφοϐήθη
3218 3693 3288 3760 μή
3338 3707 3391 3740 τι
3428 3696 3609 3760 χεῖρον
3641 3690 3810 3761 πάθη,
3841 3708 3924 3760 μευ

2322 3785 2511 3850 γίστην
2535 3779 2700 3831 λαϐὼν
2733 3775 2999 3841 ἀπόδειξιν
3052 3787 3143 3838 τῆς
3189 3785 3279 3829 τοῦ
3312 3777 3576 3849 εὐεργέτου
3622 3773 3919 3849 δυνάμεως.

2323 3868 2519 3929 ’Δλλως
2565 3888 2618 3921 τε
2656 3874 2742 3920 καὶ
2773 3869 2816 3920 εἰ
2845 3863 3133 3938 προδοῦναι
3172 3875 3353 3918 τοῦτον
3408 3865 3662 3933 ἐϐούλετο,
3719 3867 3816 3918 οὐκ
3868 3866 3924 3916 ἂν

2322 3955 2454 4010 εἶπεν
2503 3959 2584 4010 ὅτι
2627 3957 2829 4016 Ἰησους
2868 3955 3008 4008 ἔστιν
3039 3957 3064 4007 6
3098 3960 3324 4015 ποιήσας
3367 3973 3430 4027 με
3466 3956 3585 4025 ὑγιῆ
3621 3974 3635 3986 ν
3683 3953 3793 4006 ἀλλ’
3847 3958 3922 4007 ὃτι

2320 4044 2522 4106 Ἰησοῦς
2549 4045 2688 4098 ἐστιν
2719 4047 2744 4097 6
2773 4045 2923 4098 εἰπών
2951 4064 3062 4116 μοι,
3095 4043 3251 4115 ’Δρον
3282 4047 3368 4096 τὸν
3399 4042 3700 4117 προξϐϐατον
3721 4063 3816 4094 σου
3838 4048 3918 4094 καὶ

2317 4137 2606 4208 περιπάτει.
2633 4138 2696 4188 Οἱ
2717 4137 2817 4208 γὰρ
2853 4130 3102 4186 Ἰουδαῖοι
3129 4135 3308 4205 μαθεῖν
3327 4131 3543 4192 ἐζήτουν
3566 4132 3627 4183 οὗ
3649 4136 3729 4192 τίς
3752 4132 3913 4186 ἐποίπ-

2317 4245 2400 4277 σεν
2431 4225 2585 4277 αὐτόν
2615 4227 2760 4294 ὑγιῆ,
2804 4223 2929 4275 ἀλλὰ
2959 4228 3037 4285 τίς
3068 4222 3263 4274 ὁείπὼν
3302 4221 3628 4295 αὐτῷ,⁷Αρον
3647 4231 3734 4272 τον
3761 4222 3909 4287 κοτέε-

2314 4313 2468 4365 ϐαι-όν
2511 4333 2603 4365 σου
2634 4313 2726 4364 καὶ
2755 4315 3046 4385 περιπάιει.
3078 4311 3242 4372 Οὗτος
3288 4308 3346 4363 δε
3385 4314 3442 4362 τὸ
3510 4306 3702 4362 δοκοῦν
3732 4311 3902 4381 ἔγκλη-

2312 4423 2387 4476 μα
2415 4407 2644 4474 σιγήσας
2681 4406 2772 4461 τὴν
2831 4401 3128 4476 εὐεργεσίαν
3189 4397 3594 4472 ἐδημοσίωσεν,
3631 4399 3898 4469 Εὖγνωμων

545 4489 748 4562 itaque
769 4506 838 4546 ac
876 4490 1058 4546 libere
1082 4491 1336 4562 loquens
1367 4492 1706 4548 censendus
1750 4496 1841 4548 est
1876 4491 1970 4547 hic
1994 4491 2202 4556 homo,

2327 4488 2400 4544 ὧν
2429 4496 2514 4544 καὶ
2544 4491 3064 4566 πεπνρῥησιασμένος
3118 4490 3144 4541 6
3175 4491 3444 4562 ἄνθρωπος
3475 4489 3625 4550 οὗτος
3652 4492 3736 4538 καὶ
3775 4489 3891 4555 μέν·

548 4578 834 4652 omnique
864 4595 1074 4636 carens
1125 4581 1528 4636 accusatione.

618 4668 779 4725 Vers.
829 4673 909 4724 t6.
940 4669 1027 4725 Ac
1052 4700 1121 4710 —
1157 4669 1430 4725 Sabbato.
1485 4670 1785 4734 Quantum
1826 4668 1903 4724 ad
1954 4668 2011 4724 id
2039 4669 2203 4742 quod

543 4756 895 4828 apparebat,
917 4762 1158 4829 propter
1176 4757 1291 4812 hoc
1317 4773 1331 4824 ;
1363 4763 1659 4829 quantum
1679 4773 1813 4813 vero
1844 4757 1922 4813 ad
1952 4758 2012 4813 id
2038 4757 2203 4830 quod

544 4844 846 4902 occultum
873 4851 1015 4911 erat,
1045 4851 1287 4917 propter
1323 4845 1631 4902 invidiam.

617 4934 778 4990 Vers.
826 4941 907 4991 t7.
937 4936 1100 4991 Jews
1135 4942 1326 4992 autem
1375 4966 1444 4975 —
1473 4951 1696 5005 operor.
1730 4936 2009 5007 Utrinque
2053 4937 2206 5006 seip-

543 5040 680 5082 sum
713 5025 830 5081 Deo
857 5024 1153 5097 aqualem
1183 5040 1310 5080 esse
1337 5024 1593 5080 ostendit
1627 5040 1641 5090 ;
1673 5032 1728 5079 et
1769 5023 1975 5080 dicens
2017 5027 2199 5080 Deum

541 5117 776 5188 patrem
809 5129 1006 5182 suum,
1042 5118 1098 5168 et
1133 5112 1356 5178 dicens,
1403 5129 1465 5168 se
1517 5113 1752 5184 operari
1792 5113 1943 5168 sicut
1980 5112 2149 5168 illum
2184 5131 2196 5170 :

542 5218 620 5259 ne
674 5202 956 5275 deinceps
994 5208 1282 5273 tanquam
1330 5219 1479 5274 puro
1522 5201 1750 5258 homini
1802 5200 2202 5258 auscultarent

541 5291 613 5357 ei,
645 5289 748 5346 sed
780 5297 1067 5364 tanquam
1085 5293 1202 5346 Deo
1230 5294 1478 5362 .ltaque,
1510 5289 1675 5363 quod
1699 5289 1940 5346 dicitur:
1973 5289 2068 5344 Ad
2094 5290 2202 5345 hoc

541 5382 1011 5453 usquetemporis,
1039 5378 1484 5436 continuitatem
1507 5378 1869 5451 operationis
1881 5377 2196 5449 signiﬁcat.

617 5505 664 5540 ⁸³
691 5503 882 5561 Matth.
919 5518 998 5572 ix,
1029 5507 1084 5560 ‘2.
1161 5505 1209 5539 ⁸⁸
1240 5505 1408 5560 Rom.
1452 5521 1508 5559 ιι.
1543 5507 1596 5570 4,
1617 5504 1670 5559 5.

2311 4581 2450 4652 ψεως
2481 4581 2692 4641 ἁπάσης
2723 4579 2868 4642 ἐκτός
2881 4625 2891 4635 .

2383 4671 2488 4724 Καὶ
2516 4699 2581 4710 -
2608 4667 2872 4740 Σαϐϐάτῳ.
2905 4675 2989 4738 Τῷ
3017 4671 3302 4740 φαινομένω
3337 4670 3430 4740 μεν
3462 4663 3554 4719 διὰ
3583 4671 3710 4716 τοῦτο
3755 4672 3768 4686 ⁸
3803 4663 3862 4720 τῷ

2313 4762 2645 4832 κεκρυμμένῳ
2673 4754 2731 4810 δὲ
2763 4754 2855 4809 διὰ
2892 4760 2977 4808 τὸν
3001 4757 3209 4827 φθόνον.

2384 4941 2442 4986 ιο
2473 4929 2532 4985 δὲ
2562 4933 2766 4993 Ἰησοῦς
2809 4963 2875 4973 -
2909 4931 3220 5008 ἐγράζομαι.
3280 4926 3516 4993 Ἐδειξεν
3574 4926 3679 4998 (89)
3724 4922 3891 5008 ἑαυτὸν

2318 5021 2428 5077 ἶσον
2459 5031 2529 5094 τῷ
2555 5028 2662 5092 Θεῷ
2685 5021 3122 5095 ἑκατέρωθεν,ἇιπό
3152 5040 3205 5074 τε
3235 5040 3326 5072 του
3358 5015 3518 5073 εἰπεῖν
3542 5019 3747 5090 Πατέρα
3769 5007 3826 5066 ’ίδ
3834 5028 3898 5061 ιον

2311 5114 2397 5164 τὸν
2421 5114 2541 5164 Θεὸν
2585 5115 2676 5162 καὶ
2709 5109 2808 5163 ἀπὸ
2849 5119 2940 5162 τοῦ
2969 5109 3150 5172 εἰπεῖν,
3184 5109 3502 5183 ἐργάζεσθαι
3531 5108 3701 5166 καθὼς
3731 5104 3907 5158 ἐκεῖνος

2313 5202 2396 5252 ἶνα
2436 5204 2622 5272 μηκέτι
2651 5202 2722 5261 ὡς
2759 5197 3012 5273 ἀνθρώπῳ
3047 5199 3178 5270 ψιλῷ
3207 5201 3371 5270 τούτῳ
3401 5200 3773 5272 προσέχωσιν,
3794 5189 3911 5243 ἄλλὰ

2309 5293 2399 5342 καὶ
2429 5292 2499 5350 ὡς
2537 5296 2671 5359 Θεῷ.
2720 5292 2790 5342 Τὸ
2829 5291 2920 5362 μεν
2950 5284 3038 5340 οὖν
3073 5289 3162 5349 ἕως
3211 5288 3354 5362 ἄρτι,
3399 5289 3459 5338 τὸ
3528 5281 3777 5346 διηνεκές
3827 5285 3915 5336 τῆς

2309 5377 2400 5453 ἕργ
2411 5382 2565 5439 ασίας
2585 5373 2759 5436 δηλοῖ.

1796 5627 2014 5696 Varia;
2061 5627 2387 5697 lectiones
2437 5637 2501 5696 et
2543 5639 2744 5694 notae.

616 5763 731 5836 (89)
775 5763 945 5816 Αὐτὸν
975 5765 1042 5818 Α.
