4120 6310
290 348 430 405 1213

1352 318 1711 398 COMMENT.
1754 343 1823 399 ΙΝ
1861 342 2215 401 JOANNEM.
2255 376 2323 386 —
2353 345 2507 401 CAP.
2542 344 2610 404 V.

3508 338 3647 400 1214

363 482 544 535 Διττῆς
591 470 650 527 δε
699 476 974 547 νοουμένης
1024 472 1111 527 ἐπὶ
1170 467 1307 523 Θεοῦ
1365 467 1458 526 τῆς
1505 461 1786 543 ἓργασίας·
1848 472 1871 529 ἦ

2065 471 2214 528 Cum
2244 476 2444 529 autem
2470 473 2694 545 duplex
2750 471 3113 543 intelligatur
3165 472 3266 529 Dei
3323 472 3593 546 operatio
3627 488 3642 528 :

289 568 379 637 μὲν
418 566 518 639 γὰρ
576 567 818 635 σημαίνει
873 568 965 622 τὴν
1014 565 1124 617 κατ’
1174 558 1347 635 ἀρχὰς
1394 552 1744 636 δημιουργίαν
1783 568 1883 613 τῶν

290 657 510 726 φύσεων,
550 655 578 710 ἡ
642 651 700 705 δὲ
741 658 834 711 τὴν
883 653 989 717 μετ’
1045 654 1240 711 ἐκείνην
1289 650 1582 721 οἰκονομίαν
1624 657 1713 703 καὶ
1755 655 1886 723 πρό-

286 761 427 793 νοιαν
494 746 583 793 καὶ
643 747 962 816 συντήρησιν
1022 743 1187 795 αὐτῶν
1215 759 1226 772 ⁸
1260 744 1395 794 κατὰ
1435 742 1525 813 μὲν
1577 744 1635 792 τό
1680 750 1882 812 πρῶτον

290 835 666 903 σημαινόμενον
712 836 1033 884 κατέπαυσεν
1099 830 1146 883 ἐν
1205 840 1267 905 τῇ
1339 834 1508 905 ἡμέρα
1558 839 1619 889 τῆ
1682 826 1879 902 ἑϐδόμῃ

288 918 389 971 ἀπὸ
449 921 562 990 (90)
611 929 710 971 τῶν
762 924 921 992 ἔργων
979 921 1178 973 αὐτοῦ·
1238 924 1374 973 κατὰ
1426 917 1484 972 δὲ
1532 924 1586 972 τό
1644 916 1881 991 δεύτερον

288 1008 366 1061 ἀεὶ
433 1008 728 1081 ἐργάζεται,
782 1010 1061 1081 οἰκονομῶν
1124 1015 1212 1068 τὴν
1270 1015 1443 1062 κτίσιν
1499 1014 1589 1061 καὶ
1638 1011 1884 1081 προνοού-

286 1117 434 1170 μενος
460 1104 550 1150 καὶ
582 1101 816 1168 συνέχων
845 1098 1025 1164 αὐτὴν,
1055 1103 1144 1151 καὶ
1182 1105 1331 1171 νόμος
1361 1096 1535 1160 οὐδεὶς
1562 1098 1744 1151 κωλύει
1796 1101 1881 1149 τὸν

282 1190 563 1259 νομοθέτην
595 1187 909 1262 ἐργάζεσθαι
937 1190 1151 1241 πάντοτε
1180 1193 1273 1246 τὴν
1318 1191 1579 1260 σωτηρίαν
1607 1196 1708 1239 τῶν
1732 1206 1882 1239 κτισ-

282 1280 459 1348 μάτων
498 1277 672 1330 αὐτοῦ.

357 1371 738 1440 Παρατηρησον
788 1363 846 1418 δε
895 1368 975 1419 ὅτι
1017 1363 1281 1440 διαφόρως
1326 1372 1444 1441 περὶ
1480 1374 1573 1428 τῆς
1620 1373 1712 1418 τοῦ
1752 1365 1877 1418 Σαϐ-

282 1454 443 1507 ϐάτου
516 1455 712 1516 λύσεως
777 1454 1167 1528 ἐγκαλούμενος,
1248 1460 1373 1509 ποτε
1435 1459 1524 1528 μὲν
1595 1457 1880 1527 θεοπρεπῶς

282 1542 634 1616 ἀπολογεῖται,
665 1545 895 1618 καθάπερ
925 1550 1013 1597 καὶ
1033 1553 1140 1611 νῦν,
1174 1550 1295 1598 ποτε
1322 1542 1381 1598 δὲ
1408 1543 1874 1620 ἁνθρωποπρεπῶς.

280 1633 551 1686 Ἐϐούλετο
580 1636 679 1707 γὰρ
722 1632 987 1707 ἀμφότερα
1016 1637 1378 1703 πιστεύεσθαι,
1411 1640 1500 1687 καὶ
1530 1639 1616 1693 τὴν
1658 1635 1877 1691 θεότητα

280 1723 440 1774 αὑτοῦ
463 1728 550 1775 καὶ
580 1728 666 1781 τὴν
688 1722 1092 1797 ἐνανθρώπησιν.

351 1810 479 1883 [Τοῦ
524 1811 675 1882 ἁγίου
709 1812 820 1884 (91)
861 1814 1142 1885 Μαξίμου·
1192 1818 1319 1875 Τοὺς
1362 1816 1451 1885 μεν
1492 1818 1728 1887 πρώτους
1778 1822 1876 1864 τῶν
1912 1827 1948 1877 Β

275 1905 560 1971 γεγονότων
590 1901 775 1972 λόγους
820 1904 845 1952 6
876 1906 1020 1966 Θεὸς,
1072 1908 1162 1955 καὶ
1206 1905 1298 1965 τὰς
1327 1905 1548 1955 καθόλου
1579 1912 1675 1953 τῶν
1723 1906 1876 1965 ὄντων

275 1990 482 2055 οὐσίας,
524 1990 683 2055 ἅπαξ,
740 1994 803 2051 ὡς
847 1988 977 2055 οἶδε,
1037 1992 1445 2066 συμπληρώσας,
1474 1994 1547 2043 ἔτι
1602 1990 1873 2063 ἐργάζεται

274 2078 336 2131 ού
381 2084 532 2151 μόνον
559 2084 650 2137 τὴν
680 2083 873 2132 τούτων
931 2081 1098 2132 αὐτῶν
1140 2086 1272 2155 πρὸς
1320 2085 1378 2134 τό
1431 2078 1561 2133 εἶναι
1610 2084 1877 2153 συντήρη-

278 2187 382 2235 σιν,
430 2167 555 2220 όιλλὰ
610 2174 700 2221 καὶ
747 2174 841 2227 τὴν
899 2169 1009 2221 κατ’
1065 2169 1317 2243 ἐνέργειαν
1374 2167 1722 2243 δημιουργίαν
1775 2178 1874 2221 τῶν

275 2256 325 2308 ἓν
370 2258 542 2319 αὐτοῖς
573 2255 793 2331 δυνάμει
849 2268 1035 2333 μερῶν.
1094 2259 1174 2313 Ἐν
1213 2263 1314 2334 γὰρ
1369 2268 1431 2319 τῆ
1490 2260 1585 2331 ὕλη
1634 2262 1875 2311 τουτέστι

272 2354 337 2419 τῇ
374 2347 595 2399 καθόλου
636 2356 734 2399 τῶν
766 2352 922 2400 ὅντων
970 2348 1141 2419 οὐσία,
1190 2345 1410 2421 δυνάμει
1457 2350 1766 2421 ὑπάρχουσι
1809 2350 1875 2398 τὰ

271 2439 409 2488 κατὰ
452 2440 604 2511 μέρος
663 2438 717 2489 ἐκ
782 2446 873 2498 τῆς
920 2438 1047 2498 ὕλης
1094 2438 1209 2503 (92)
1258 2442 1502 2511 γινόμενα
1551 2441 1742 2510 μερικὰ
1805 2437 1873 2487 ὧν

271 2531 367 2583 τὴν
419 2531 617 2597 γένεσιν
674 2526 752 2579 ἀεὶ
806 2529 831 2579 ό
881 2530 1010 2588 Θεὸς
1067 2526 1359 2601 ἐργάζεται.
1410 2526 1523 2580 Ἔτι
1575 2532 1676 2597 μὴν
1716 2526 1872 2598 ἐργά-

274 2614 421 2674 ζεται
474 2620 563 2666 καὶ
593 2619 687 2673 τὴν
744 2618 876 2685 πρὸς
938 2617 1003 2667 τὰ
1066 2616 1289 2668 καθόλου
1344 2624 1442 2667 τῶν
1495 2623 1717 2689 μερικῶν
1769 2613 1873 2674 ἑξος

273 2707 514 2775 μοίωσιν,
561 2703 693 2774 λέγω
734 2701 801 2762 δὴ
835 2708 929 2762 τὴν
976 2706 1181 2756 πάντων
1234 2704 1514 2778 ἀνθρώπιον
1561 2705 1695 2755 κατὰ
1748 2707 1871 2773 μίαν

273 2800 368 2852 τῆς
419 2800 633 2864 γνώμης
688 2792 770 2845 ἐπὶ
817 2795 879 2844 τὰ
936 2792 1069 2844 καλὰ
1122 2797 1346 2860 κίνησιν,
1398 2796 1529 2867 πρὸς
1586 2794 1670 2843 τὸν
1720 2791 1870 2861 λόγον

272 2888 368 2942 τῆς
444 2884 642 2951 φύσεως
719 2882 899 2933 ἕνωσιν
981 2882 1063 2932 ἶνα
1141 2885 1353 2950 γένηται
1433 2883 1634 2933 πάντων
1697 2882 1868 2951 ὥσπερ

270 2972 370 3040 μία
395 2974 484 3021 καὶ
524 2972 553 3026 ἡ
588 2970 718 3027 αύτὴ
753 2973 927 3041 φύσις,
961 2968 1096 3021 οὕτω
1136 2974 1223 3022 καὶ
1272 2976 1452 3042 γνώμη
1499 2973 1617 3039 μία,
1661 2971 1873 3041 σύμφωο

270 3062 355 3117 νός
384 3076 437 3109 τε
484 3063 574 3109 καὶ
606 3063 984 3124 ταυτοκίνητος,
1034 3066 1147 3129 Θεῷ
1188 3077 1241 3110 τε
1271 3063 1359 3111 καὶ
1411 3056 1645 3119 ἀλληλοις
1672 3077 1873 3129 συναχ-

275 3148 456 3199 θέντων
487 3143 579 3199 διὰ
607 3155 696 3207 τῆς
720 3152 965 3220 προνοίας
999 3148 1201 3218 αὐτοῦ]

344 3238 438 3288 Διὰ
466 3244 618 3288 τάῦτο
648 3267 717 3276 -
763 3243 897 3307 Θεῷ.
947 3242 1123 3308 Λεγων
1152 3238 1254 3308 γὰρ
1286 3236 1366 3288 ὅτι
1418 3241 1598 3310 Πατήρ
1654 3255 1775 3308 μου,
1809 3239 1866 3287 τὸ

270 3331 480 3397 γνήσιον
519 3324 766 3399 ἐνέφαινεν
790 3342 801 3355 ·
833 3327 858 3376 6
901 3321 959 3377 δε
983 3331 1197 3397 γνήσιος
1226 3326 1362 3390 υίὸς,
1413 3328 1530 3387 ἶσος
1581 3333 1652 3396 τῷ
1704 3328 1864 3399 πατρὶ

271 3415 382 3468 κατ’
410 3415 591 3467 ούσίαν
622 3420 711 3467 καὶ
742 3417 917 3487 φύσιν.

342 3592 675 3667 Ἀπεκρίνατο
771 3624 841 3632 —-
928 3600 1196 3646 ποιοῦντα.
1284 3590 1599 3669 Ἐπειδηπερ
1687 3594 1865 3665 ὑψηλὰ

272 3686 386 3754 περὶ
432 3682 615 3734 ἑαυτοῦ
656 3682 833 3753 λέγων,
874 3680 1135 3751 ἐδιώκετο,
1197 3688 1271 3755 μὴ
1322 3680 1618 3755 δυναμένων
1666 3683 1865 3736 ἐκείνων

270 3769 537 3842 ἐφικέσθαι
575 3778 669 3823 τοῦ
701 3771 862 3841 ὕψους
898 3780 997 3824 τῶν
1026 3772 1326 3843 λεγομένων,
1378 3772 1484 3824 ἀλλ’
1518 3776 1585 3834 ὡς
1634 3772 1865 3825 ἀντίθεον

270 3859 424 3910 αύτόν
497 3857 811 3925 διωκόντων,
893 3860 1299 3930 συγκαταϐαίνει
1359 3869 1420 3933 τῇ
1479 3860 1717 3933 ἀσθενείᾳ
1776 3871 1866 3921 τῆς

271 3946 507 4012 διανοίας
550 3950 737 4017 αὐτῶν,
785 3955 871 4003 καὶ
932 3953 1148 4003 ταπεινὰ
1200 3953 1469 4023 φθέγγεται
1511 3952 1627 4003 κατ’
1674 3954 1867 4003 οἰκονο-

268 4044 390 4110 μίαν
450 4042 530 4091 ἰνα
586 4036 974 4113 εύπαράδεκτος
1026 4040 1201 4101 αὐτοῖς
1255 4045 1489 4111 γένηται.
1545 4036 1669 4093 Εἶτα
1714 4042 1865 4093 πάλιν

268 4126 350 4180 ἐπὶ
385 4131 450 4180 τὰ
480 4127 659 4198 ὑψηλὰ
689 4132 775 4180 τόν
800 4127 951 4198 λόγον
983 4126 1159 4199 ἀνάγει
1188 4134 1276 4181 καὶ
1303 4126 1449 4188 αὖθις
1478 4128 1559 4180 ἐπὶ
1591 4132 1654 4181 τὰ
1680 4149 1864 4182 ταπει-

266 4220 329 4268 νὰ
386 4226 566 4269 τουτον
620 4219 866 4287 κατάγει’
926 4222 1015 4268 καὶ
1077 4217 1229 4268 πάλιν
1297 4216 1379 4269 ἐπὶ
1428 4222 1485 4269 τὸ
1548 4218 1864 4293 ὑψηλότερον

266 4310 355 4356 καὶ
411 4302 558 4366 αὖθις
602 4304 685 4358 ἐπὶ
739 4310 794 4357 τό
851 4310 1234 4379 ταπεινότερον·
1295 4310 1382 4357 καὶ
1433 4308 1566 4359 ούτω
1630 4304 1682 4359 δ’
1730 4307 1866 4379 ύψη-

263 4394 361 4446 λῶν
397 4396 524 4467 ὁμοῦ
576 4400 665 4447 καὶ
704 4404 952 4447 ταπεινῶν
1008 4397 1276 4469 ῥημάτων,
1336 4404 1435 4447 τῶν
1497 4398 1587 4468 μὲν
1646 4396 1864 4455 ἰσότητα

264 4483 646 4556 ἐπιφαινόντων,
688 4492 786 4536 τῶν
835 4480 894 4535 δε
925 4482 1203 4535 ἐλάττωσιν
1250 4482 1504 4556 ἐμφαίνειν
1550 4481 1859 4551 δοκούντων,

263 4573 462 4645 ὑφαίνει
505 4577 592 4625 τόν
631 4573 781 4643 λόγον
821 4573 979 4624 αύτοῦ
1010 4577 1100 4624 καὶ
1152 4572 1410 4644 οἰκονομεί
1436 4580 1617 4625 τοῦτον
1649 4572 1696 4625 ἐν
1743 4575 1862 4644 (93)

260 4668 454 4736 κρίσει,
504 4664 638 4714 ὥστε
690 4665 808 4721 τοὺς
860 4664 949 4733 μὲν
1007 4661 1280 4735 ὀξυτέρους
1336 4666 1429 4719 τὴν
1495 4658 1731 4713 διάνοιαν
1774 4669 1864 4715 καὶ

261 4752 602 4824 εὐγνώμονας,
647 4749 746 4803 ἀπὸ
779 4759 877 4802 τῶν
927 4749 1157 4820 όψηλῶν,
1212 4754 1301 4801 καὶ
1359 4755 1476 4823 περὶ
1532 4758 1633 4801 τῶν
1690 4770 1863 4803 ταπει-

259 4848 355 4890 νῶν
412 4846 505 4898 τὴν
567 4845 941 4912 προσήκουσαν
1012 4842 1205 4890 ἔννοιαν
1262 4838 1570 4910 λαμϐάνειν·
1628 4844 1747 4901 τοὺς
1804 4837 1863 4893 δὲ

257 4926 606 5002 ἀμϐλυτέρους
644 4934 731 4981 καὶ
790 4927 1085 4999 ἀγνώμονας
1138 4927 1239 4979 ἀπὸ
1304 4937 1403 4979 τῶν
1454 4938 1702 4979 ταπεινῶν
1754 4949 1858 4981 πα-

257 5019 628 5091 ραμυθεῖσθαι,
675 5024 762 5069 και
794 5020 860 5078 ὡς
910 5021 1027 5087 περὶ
1078 5015 1349 5090 ἀνθρώπου
1399 5024 1563 5069 ταῦτα
1614 5025 1858 5081 νοοῦντας

258 5110 330 5179 μὴ
364 5107 733 5179 ταράττεσθαι.

1991 578 2113 617 una
2140 562 2438 635 siquidem
2456 563 2751 633 signiﬁcat
2769 568 3118 619 naturarum
3134 563 3211 619 ab
3227 563 3474 619 exordio
3486 577 3647 617 crea-

1992 651 2233 713 tionem.
2263 652 2447 708 altera
2468 660 2666 708 autem
2701 661 2831 724 post
2852 652 3037 718 illam,
3058 651 3552 721 gubernationem
3574 665 3644 705 ac

1991 742 2452 812 providentiam,
2485 758 2815 815 earumque
2858 743 3394 798 conservationem.
3444 740 3644 795 Primo

1990 830 2237 903 quidem
2267 831 2613 901 signiﬁcato,
2641 832 2892 888 cessavit
2927 833 3021 887 die
3048 832 3302 903 septimo
3346 830 3425 886 ab
3450 831 3642 885 omni-

1990 920 2105 975 bus
2133 921 2419 991 operibus
2452 922 2610 987 suis;
2631 923 2895 977 secundo
2922 936 3060 976 vero
3076 936 3313 992 semper
3337 923 3640 991 operatur,

1991 1016 2317 1066 creaturam
2382 1010 2749 1080 gubernans,
2795 1011 3116 1084 providens
3166 1026 3235 1065 ac
3276 1022 3643 1065 conservans

1989 1097 2166 1153 illam.
2201 1100 2311 1154 Nec
2342 1104 2501 1155 vetat
2538 1100 2661 1156 ulla
2690 1100 2783 1155 lex
2809 1099 3209 1168 legislatorem
3241 1113 3479 1170 semper
3502 1112 3643 1169 ope-

1988 1188 2107 1243 rari
2125 1194 2533 1245 creaturarum
2558 1205 2805 1246 suarum
2827 1188 3103 1245 salutem.

2058 1365 2325 1425 Observa
2354 1372 2575 1435 autem,
2596 1368 2758 1441 quod
2781 1368 2855 1423 de
2883 1367 3115 1425 sabbati
3146 1366 3443 1423 solutione
3463 1365 3642 1422 variis

1986 1454 2132 1511 locis
2185 1463 2502 1513 accusatus
2533 1459 2829 1514 interdum
2873 1458 3116 1532 quidem
3162 1461 3453 1529 tanquam
3483 1457 3640 1512 Deus

1986 1546 2323 1615 respondet,
2346 1552 2522 1618 prout
2542 1562 2699 1603 nunc
2724 1534 3127 1620 {quandoque
3151 1562 3317 1611 vero,
3351 1550 3637 1617 tanquam

1984 1633 2169 1691 homo
2198 1652 2211 1691 :
2240 1636 2479 1692 volebat
2524 1653 2787 1709 namque
2818 1641 2881 1693 ut
2926 1638 3262 1693 crederetur
3293 1640 3638 1707 utrumque,

1984 1730 2127 1797 puta
2156 1732 2213 1781 et
2243 1742 2349 1781 sua
2374 1726 2649 1782 divinitas
2681 1732 2737 1783 et
2776 1728 3128 1783 incarnatio.

2057 1814 2147 1880 Ην
2179 1814 2375 1870 Sancti
2429 1816 2698 1872 Maximi:
2751 1820 2903 1871 Deus
2951 1832 3090 1872 cum
3143 1813 3348 1879 semel,
3384 1814 3465 1869 uti
3505 1812 3636 1884 ipse

1988 1905 2169 1969 novit,
2229 1921 2418 1959 rerum
2497 1905 2872 1961 conditarum
2954 1904 3217 1960 rationes
3273 1908 3330 1957 et
3384 1906 3635 1958 naturas

1987 2008 2184 2048 rerum
2211 1994 2269 2048 in
2299 1995 2641 2049 universum
2669 1994 3090 2057 constituisset,
3118 1993 3311 2048 adhuc
3332 1995 3633 2063 operatur,

1984 2096 2103 2135 non
2130 2087 2357 2136 tantum
2393 2083 2640 2138 istarum
2672 2099 2869 2138 rerum
2921 2082 3401 2154 perdurationem
3452 2080 3555 2135 sed
3581 2084 3643 2134 et

1985 2170 2288 2227 efﬁcacem
2322 2173 2681 2227 creationem
2714 2178 2769 2227 et
2800 2171 3298 2243 propagationem
3350 2168 3637 2241 partium,

1984 2276 2119 2328 quia
2150 2260 2259 2316 ista
2292 2261 2536 2333 praedita
2568 2266 2706 2315 sunt
2749 2261 3042 2317 facultate.
3079 2264 3139 2315 In
3171 2260 3419 2314 materia
3454 2258 3636 2323 enim,

1981 2346 2097 2403 hoc
2125 2354 2210 2403 est
2244 2349 2300 2403 in
2332 2350 2613 2405 universa
2637 2364 2833 2404 rerum
2862 2349 3133 2412 essentia,
3163 2348 3504 2403 facultatem
3535 2346 3642 2401 ha-

1983 2436 2123 2490 bent
2150 2443 2347 2508 partes
2387 2454 2487 2508 per
2516 2443 2712 2509 partes
2743 2454 2814 2493 ex
2847 2439 2959 2493 ista
2988 2437 3236 2493 materia
3264 2436 3456 2497 factae.
3487 2450 3639 2506 qua-

1981 2540 2112 2579 rum
2138 2528 2581 2593 generationem
2599 2530 2747 2581 Deus
2772 2542 3010 2596 semper
3030 2530 3329 2597 operatur.
3349 2524 3639 2579 Praeterea

1982 2613 2154 2668 etiam
2180 2619 2460 2683 Operatur
2476 2617 2735 2685 partium
2762 2616 2835 2669 ad
2860 2620 3046 2670 totum
3070 2613 3633 2679 conformationem,

1978 2702 2094 2757 hoc
2123 2708 2229 2768 est,
2258 2703 2741 2774 conjunctionem
2768 2704 3039 2760 omnium
3074 2704 3404 2764 hominum.
3424 2717 3638 2757 secun-

1980 2791 2126 2845 dum
2169 2807 2350 2847 unam
2371 2793 2585 2848 mentis
2601 2795 2676 2847 ad
2705 2794 2929 2849 bonum
2947 2794 3289 2859 motionem,
3306 2791 3384 2847 ad
3410 2795 3637 2847 natura

1978 2880 2296 2951 rationem,
2328 2889 2390 2937 ut
2418 2882 2539 2947 ﬁat,
2579 2884 2728 2939 sicut
2760 2899 2879 2939 una
2917 2887 2975 2937 et
3030 2882 3240 2938 eadem
3290 2887 3524 2948 natura,
3552 2880 3636 2936 ita

1980 2974 2036 3023 et
2062 2985 2181 3024 una
2211 2972 2522 3039 sententia,
2584 2973 2952 3027 consentiens
3004 2975 3061 3026 et
3112 2969 3325 3026 eodem
3382 2969 3632 3034 directa,

1979 3060 2261 3116 omnibus
2289 3067 2344 3117 et
2374 3064 2488 3116 Deo
2535 3067 2590 3117 et
2629 3061 2739 3116 sibi
2790 3061 3043 3117 invicem
3079 3060 3321 3131 junctis,
3354 3074 3460 3132 per
3483 3058 3635 3114 divi-

1905 3172 1946 3229 ρ
1979 3164 2113 3203 nam
2158 3149 2610 3220 providentiam.

2046 3239 2206 3293 Vers.
2234 3242 2317 3295 t8.
2348 3240 2593 3307 Propter
2623 3240 2800 3295 hoc—
2827 3240 2962 3294 Deo.
2999 3238 3206 3293 Dicens
3231 3236 3390 3292 enim
3419 3236 3635 3293 :Pater

1978 3343 2155 3392 meus,
2180 3327 2512 3395 legitimum
2546 3344 2608 3382 se
2647 3326 3000 3382 ostendebat
3044 3342 3057 3379 :
3090 3326 3395 3393 legitimus
3427 3329 3630 3380 autem

1974 3414 2129 3470 ﬁlius
2161 3416 2407 3487 aequalis
2438 3420 2523 3472 est
2554 3416 2724 3488 patri,
2768 3415 2969 3488 quoad
3010 3413 3408 3469 substantiam
3445 3418 3629 3470 etna-

1969 3508 2188 3561 turam.

2045 3595 2209 3648 Vers.
2236 3596 2326 3650 19.
2366 3595 2676 3662 Respondit
2707 3624 2772 3634 —
2805 3594 3130 3663 facientem.
3164 3593 3313 3657 Quia
3345 3590 3627 3649 sublimia

1975 3683 2042 3738 de
2074 3684 2269 3754 seipso
2291 3684 2498 3739 dicens
2547 3682 3020 3754 persecutionem
3071 3680 3420 3749 sustinebat,
3465 3681 3628 3751 quod

1976 3773 2051 3827 illi
2071 3772 2137 3827 ad
2158 3789 2353 3827 eorum
2374 3790 2509 3844 quae
2528 3772 2888 3837 dicebantur,
2904 3770 3303 3827 celsitudinem
3318 3770 3628 3843 pervenire

1974 3878 2091 3917 non
2121 3867 2385 3933 possent,
2418 3862 2523 3917 sed
2557 3866 2845 3932 tanquam
2908 3863 3022 3915 Deo
3082 3860 3436 3914 contrarium
3486 3875 3627 3916 eum

1976 3956 2486 4023 persequerentur,
2530 3949 2951 4005 condescendit
2996 3948 3377 4005 imbecillitati
3409 3950 3626 4003 mentis

1977 4040 2235 4105 illorum,
2267 4048 2322 4094 et
2362 4039 2610 4094 humilia
2659 4039 3062 4110 dispensative
3130 4038 3203 4092 de
3250 4053 3310 4093 se
3343 4037 3623 4109 loquitur,

1977 4136 2037 4185 ut
2064 4145 2169 4199 per
2192 4130 2320 4185 haec
2343 4129 2511 4184 facile
2550 4129 2993 4199 susciperentur
3027 4146 3040 4180 :
3070 4126 3285 4181 deinde
3316 4142 3521 4181 rursus
3549 4125 3628 4181 ad

1976 4217 2255 4272 sublimia
2309 4232 2647 4271 sermonem
2696 4216 2941 4280 reducit,
2983 4220 3039 4270 et
3093 4215 3306 4270 iterum
3359 4214 3522 4269 hunc
3552 4215 3628 4269 ad

1974 4306 2219 4362 humilia
2237 4306 2488 4361 demittit
2524 4322 2534 4360 :
2562 4320 2919 4377 rursumque
2941 4304 3016 4360 ad
3048 4304 3107 4358 id
3132 4304 3290 4375 quod
3313 4303 3628 4360 sublimius

1973 4401 2079 4461 est,
2108 4396 2306 4451 denuo
2328 4395 2401 4451 ad
2435 4396 2493 4449 id
2524 4394 2683 4467 quod
2714 4394 3005 4449 humilius
3042 4398 3135 4448 :et
3161 4392 3241 4449 ita
3290 4408 3395 4463 per
3437 4392 3627 4447 subli-

1976 4486 2095 4540 mia
2135 4485 2311 4540 simul
2373 4490 2430 4539 et
2488 4483 2739 4539 humilia
2788 4482 2988 4547 verba,
3045 4487 3167 4536 tum
3223 4480 3625 4553 aequalitatem

1973 4574 2461 4638 demonstrantia,
2495 4578 2618 4627 tum
2654 4572 3050 4627 minoritatem
3082 4571 3493 4625 demonstrare
3523 4585 3630 4641 ap-

1974 4664 2263 4734 parentia,
2294 4678 2467 4717 suum
2504 4662 2644 4716 texit
2705 4675 3066 4723 sermonem,
3125 4664 3304 4730 atque
3336 4658 3497 4714 hunc
3530 4658 3627 4728 ju-

1973 4752 2126 4806 dicio
2157 4753 2481 4821 dispensat,
2514 4756 2569 4803 ut
2601 4754 2657 4804 et
2685 4749 2787 4819 qui
2831 4753 3024 4803 mente
3055 4751 3195 4801 sunt
3233 4747 3524 4802 acutiores
3554 4762 3625 4802 ac

1969 4840 2233 4909 benigni,
2251 4845 2478 4894 sumant
2497 4854 2531 4893 a
2549 4836 2893 4891 sublimibus
2916 4836 3258 4891 intellectum
3277 4835 3625 4891 convenien-

1974 4935 2085 4985 tem
2119 4930 2295 4983 etiam
2326 4928 2400 4982 de
2435 4926 2760 4983 humilibus
2787 4931 2841 4981 et
2869 4924 3323 4996 quiobtusiores
3353 4927 3490 4979 sunt
3520 4930 3625 4980 aut

1971 5017 2199 5079 insulsi,
2226 5019 2303 5073 ab
2345 5016 2699 5072 humilibus:
2730 5013 3199 5070 consolationem
3227 5012 3542 5085 accipiant,
3566 5019 3623 5070 et

1964 5110 2135 5181 quasi
2165 5107 2238 5161 de
2262 5105 2503 5162 homine
2524 5104 2653 5161 hinc
2684 5103 3094 5174 iutelligentes,
3128 5119 3249 5159 non
3286 5102 3617 5160 turbentur.

1485 5328 1708 5396 Variae
1740 5329 2065 5398 lectiones
2096 5340 2159 5396 et
2191 5339 2393 5396 notae.

347 5553 437 5608 90l
474 5554 680 5605 Πάντων
709 5552 873 5608 addit
899 5553 965 5606 Α.

347 5554 415 5608 90
474 5554 680 5605 Πάντων
709 5554 873 5608 addit
899 5554 965 5606 Α.

324 5554 437 5696 imi
462 5627 592 5680 Hinc
624 5629 866 5696 uterque
893 5623 1081 5696 codex
1103 5622 1159 5677 in
1186 5622 1452 5695 margine
1473 5622 1673 5696 habet.
1705 5624 1853 5696 Hen-

250 5695 445 5751 tenius
476 5712 593 5751 non
628 5695 913 5765 agnoscit.
950 5695 1185 5751 Videtur
1216 5701 1414 5766 autem
1446 5696 1616 5765 plura
1646 5695 1850 5766 hujus-

251 5767 417 5825 modi
438 5766 665 5845 scholia
689 5768 923 5825 Maximi
953 5771 1199 5840 propter
1227 5765 1643 5825 difﬁcultatem
1664 5772 1719 5824 et
1734 5765 1847 5825 θοι)-

1965 5553 2302 5609 scuritatem
2335 5552 2394 5607 in
2423 5550 2908 5626 interpretatione
2942 5548 3416 5623 prmtermisisse.

2057 5626 2150 5691 92)
2180 5628 2430 5696 Γενόμενα
2455 5626 2521 5679 Α.

2057 5626 2150 5691 92)
2180 5628 2430 5677 Γενόμενα
2455 5626 2521 5679 Α.

2032 5626 2144 5767 ξοδ)
2180 5696 2220 5750 Ι.
2240 5676 2545 5766 ο.ἐύλόγως.
