4120 6310
521 312 659 369 1315

1835 316 2185 376 EUTHYMII
2225 315 2558 376 ZIGABENI

3766 315 3934 374 1216

537 459 542 464 ·
595 444 1019 502 Verumtamen
1049 459 1396 518 quanquam
1422 444 1604 502 verbo
1633 445 1752 502 sint
1773 445 2048 514 humilia,
2067 445 2171 502 hoc

2362 446 2523 510 Πλὴν,
2563 446 2608 500 εἰ
2637 451 2728 502 καὶ
2766 449 3069 502 ταπεινὰτὰ
3121 447 3354 523 ῥήματα,
3413 443 3545 498 ἀλλὰ
3589 448 3681 498 καὶ
3730 443 3929 505 οὕτως

527 532 706 589 etiam
728 535 904 590 modo
935 533 1048 590 sub
1065 535 1154 590 his
1167 533 1414 590 excelsa:
1435 535 1813 590 occultantur
1833 537 2137 592 sententiae
2163 552 2176 590 :

521 627 578 677 et
599 623 798 678 verbis
829 623 1073 695 quidem
1100 639 1350 680 causam
1383 624 1611 679 tradere
1643 624 1871 680 videtur
1901 613 2181 681 adversa;

520 711 621 766 riis
667 713 811 782 (kk),
859 713 1139 768 sensibus
1179 728 1321 768 vero
1374 729 1777 785 nequaquam.
1827 714 1978 779 Quid
2036 729 2179 784 ergo

519 815 684 856 nunc
707 801 848 857 dicit
876 800 905 856 ?
933 803 1056 858 Non
1074 809 1260 871 potest
1276 803 1435 870 ﬁlius
1461 819 1496 858 α
1521 818 1583 859 se
1603 803 1808 871 facere
1837 804 2176 875 quidquam,

521 889 640 945 nisi
661 891 804 962 quid
833 892 1038 948 viderit
1096 899 1323 961 patrem
1357 892 1664 961 facientem
1706 911 1719 951 :
1782 893 1872 947 his
1904 892 2176 964 quidem,

516 979 620 1050 qui
651 987 790 1036 sunt
817 980 1115 1036 intellectu
1140 982 1476 1044 crassiores,
1517 982 1794 1052 potentiae
1837 982 2180 1037 minoratio-

519 1082 660 1123 nem
693 1085 811 1141 prae
861 1085 926 1124 se
949 1068 1055 1125 fert
1112 1071 1207 1125 hic
1267 1085 1484 1134 sermo,
1539 1075 1783 1142 propter
1812 1070 2028 1124 dictam
2062 1070 2179 1124 dis-

521 1159 930 1229 pensationem
962 1158 1309 1215 :subtilibus
1329 1167 1529 1214 autem
1556 1159 1957 1229 aequalitatem
1983 1159 2179 1231 potius

520 1250 578 1300 et
631 1245 1022 1313 identitatem,
1083 1253 1323 1320 propter
1391 1248 1719 1304 veritatem.
1800 1251 1924 1304 Non
1986 1251 2180 1320 potest

520 1334 702 1401 enim,
729 1351 848 1391 non
880 1336 960 1392 ob
988 1337 1268 1408 potentiae
1289 1337 1604 1405 defectum,
1633 1337 1733 1392 sed
1763 1342 1999 1408 propter
2025 1337 2178 1392 inse-

518 1423 958 1496 parabilitatem
985 1443 999 1492 ;
1041 1442 1186 1482 nam
1217 1426 1586 1498 impossibile
1625 1432 1736 1495 est,
1767 1427 1973 1484 Filium
2005 1425 2178 1498 quid-

517 1527 696 1586 quam
728 1513 934 1581 facere,
988 1516 1156 1588 quod
1186 1531 1308 1572 non
1347 1516 1486 1572 facit
1516 1519 1684 1572 Pater
1716 1533 1728 1571 :
1763 1517 1905 1589 quia
1936 1531 2057 1571 non
2088 1519 2177 1570 est

519 1601 636 1659 alia
668 1603 807 1659 Filio
829 1605 1262 1676 potentiaabea
1291 1622 1427 1673 quas
1460 1606 1640 1662 Patris
1666 1613 1776 1662 est.
1799 1605 1902 1662 sed
1918 1605 2133 1661 eadem
2159 1619 2172 1659 :

517 1692 678 1764 quod
709 1693 756 1749 si
781 1694 994 1750 eadem
1021 1700 1127 1761 est,
1180 1695 1429 1766 aqualis
1482 1699 1636 1751 certe
1661 1695 1843 1750 Filius
1882 1699 1969 1750 est
1996 1693 2172 1749 Patri.

2289 534 2468 606 ὑψηλὰ
2495 539 2563 589 τὰ
2607 538 3037 611 ὑποκεκρυμμένα
3067 537 3181 608 (9i)
3234 539 3436 598 τούτοις
3482 540 3758 606 νοήματα-
3817 552 3930 584 και

2288 633 2406 687 ταῖς
2433 629 2521 695 μὲν
2563 625 2730 689 λέξεσι
2759 628 3073 699 καθυφίησι,
3106 634 3209 686 τοῖς
3241 623 3300 679 δὲ
3329 630 3586 696 νοήμασιν
3616 619 3923 694 οὐδαμῶς.

2287 719 2350 766 Τί
2403 711 2490 766 οὖν
2547 735 2677 786 φησι
2731 723 2858 784 vi)»;
2918 715 2995 768 Ou’
3050 713 3268 768 δύναται
3324 717 3350 766 6
3399 717 3522 775 Υἱός
3580 721 3747 765 ποιεῖν
3816 711 3921 783 ἀφ’

2289 803 2474 856 ἑαυτοῦ
2542 801 2712 870 οὐδὲν,
2769 803 2853 857 ἐὰν
2910 811 3040 876 μήτι
3098 803 3262 878 βλέπῃ
3339 806 3426 856 τόν
3495 808 3702 874 Πατέρα
3779 821 3925 853 ποι-

2288 900 2459 947 οῦντα.
2514 899 2631 954 Τοῖς
2682 897 2772 966 μεν
2826 896 3122 968 παχύτερον
3169 899 3376 944 νοοῦσιν
3443 890 3728 943 ἐλάττωσιν
3814 887 3930 942 δυ-

2287 983 2485 1052 νάμεως
2532 984 2558 1034 6
2596 982 2743 1053 λόγος
2793 987 3064 1057 προφαίνει
3123 979 3218 1034 διὰ
3241 986 3332 1040 τὴν
3389 983 3638 1056 ῥηθεῖσαν
3687 979 3926 1032 οἰκονο-

2286 1075 2430 1143 μίαν,
2471 1080 2579 1134 τοῖς
2631 1069 2690 1125 δε
2732 1072 3032 1144 λεπτότερον
3090 1071 3315 1129 ἰσότητα
3368 1070 3556 1142 μᾶλλον
3607 1075 3696 1121 καὶ
3761 1088 3923 1121 ταυ-

2285 1165 2477 1217 τότητα
2521 1157 2612 1214 διὰ
2650 1166 2744 1220 τὴν
2785 1161 3048 1219 ἀληθειαν.
3101 1160 3177 1214 Οὐ
3223 1157 3446 1212 δύναται
3491 1161 3614 1232 γὰρ,
3666 1156 3726 1209 οὐ
3785 1158 3925 1210 κατ’

2283 1249 2505 1320 ἔλλειψιν
2558 1247 2826 1323 δυνάμεως
2870 1249 2998 1302 ἀλλὰ
3027 1253 3162 1302 κατὰ
3208 1252 3266 1301 τό
3477 1248 3870 1320 ἀνεγχώρητον
3905 1265 3921 1278 ·

2285 1335 2581 1392 ἀνίνδεκτον
2610 1343 2711 1412 γὰρ
2759 1345 2923 1392 ποιεῖν
2948 1359 2999 1390 τι
3038 1343 3123 1392 τόν
3149 1340 3268 1391 Υἱόν
3327 1339 3394 1389 ὧν
3427 1337 3486 1390 οὐ
3530 1344 3666 1390 ποιεῖ
3707 1337 3736 1388 6
3797 1343 3921 1388 Ιια-

2283 1433 2403 1500 τηρ,
2453 1429 2594 1482 ὸιότι
2634 1429 2728 1481 οὐκ
2761 1431 2877 1481 ἔστι
2911 1436 2983 1498 τῷ
3033 1430 3136 1498 ria
3187 1424 3411 1498 δύναμις
3459 1425 3572 1479 ἰδία
3603 1427 3754 1499 παρὰ
3808 1430 3921 1484 τὴν

2282 1526 2376 1570 τοῦ
2427 1521 2646 1590 Πατρός,
2689 1517 2794 1570 ἀλλ’
2822 1519 2852 1576 ἠ
2897 1517 3027 1576 αὐτή
3055 1537 3067 1548 ·
3102 1516 3145 1570 εἰ
3192 1512 3252 1570 δὲ
3283 1517 3313 1574 ἡ
3365 1515 3517 1582 αὕτη,
3571 1513 3685 1576 ἶσος
3713 1515 3836 1588 ἄρα
3884 1516 3917 1567 ὁ

2284 1610 2397 1668 Υἱός
2426 1615 2498 1678 τῷ
2522 1611 2708 1680 Πατρί.

588 1783 682 1838 Ait
694 1789 892 1840 autem
918 1783 1234 1857 Gregorius
1257 1785 1614 1853 Theologus,
1633 1785 1793 1857 quod
1817 1783 2170 1840 earumdem

2355 1791 2491 1842 ⁴ιιι]σὶ
2533 1784 2592 1839 δι
2622 1781 2652 1837 ὃ
2680 1785 2926 1856 Θεολόγος
2981 1785 3093 1857 (96)
3129 1789 3417 1859 Γρηγόριος
3463 1783 3545 1836 ὄτι
3572 1790 3672 1835 τῶν
3718 1780 3913 1834 αὐτῶν

513 1888 714 1930 rerum
747 1872 1379 1943 formasintelligentes
1403 1874 1627 1946 praebet
1648 1875 1752 1944 (ee)
1781 1874 1970 1938 Pater,
1992 1871 2174 1928 Filius

517 1977 651 2018 vero
685 1962 932 2034 perﬁcit,
969 1979 1084 2018 non
1124 1969 1412 2034 tanquam
1447 1979 1649 2018 servus
1706 1967 1807 2017 aut
1863 1962 2172 2033 insipiens,

521 2051 626 2106 sed
641 2058 930 2123 tanquam
952 2051 1236 2107 dominus
1259 2068 1330 2107 ac
1353 2052 1640 2123 prudens,
1676 2056 1733 2107 et
1749 2058 1808 2106 ut
1830 2051 2017 2121 magis
2044 2067 2174 2121 pro-

516 2140 644 2213 prie
683 2140 935 2205 dicatur,
1010 2140 1191 2196 modo
1247 2140 1555 2212 spirituali,
1611 2141 1737 2196 sive
1780 2141 1950 2211 juxta
1991 2140 2176 2195 Patris

517 2227 857 2284 dominium
879 2245 948 2284 ac
975 2228 1306 2284 scientiam.

590 2318 837 2390 Propter
881 2318 1163 2390 praedicta
1195 2334 1332 2390 ergo
1381 2317 1602 2374 dictum
1651 2323 1739 2374 est
1772 2334 1783 2373 :
1812 2318 1944 2373 Non
1995 2324 2174 2384 potest

517 2406 713 2464 Filius
739 2423 776 2463 a
804 2422 862 2463 se
895 2409 1092 2477 facere
1119 2407 1456 2479 quidquam,
1497 2407 1609 2462 nisi
1639 2407 1780 2479 quid
1820 2406 2032 2462 viderit
2061 2407 2175 2462 Pa-

519 2500 665 2553 trem
698 2497 1033 2566 facientem.
1091 2497 1259 2562 Quod
1297 2497 1344 2551 si
1394 2512 1514 2552 non
1555 2502 1799 2568 propter
1838 2497 1979 2559 haec,
2027 2511 2175 2566 quo-

516 2585 702 2641 modo
733 2586 994 2658 potentia
1025 2602 1142 2641 non
1177 2591 1362 2657 potest
1407 2587 1435 2642 ?
1464 2590 1568 2642 aut
1595 2585 1904 2657 quomodo
1935 2585 2174 2656 sapien-

517 2676 611 2731 tiae
642 2683 730 2731 est
759 2691 912 2746 opus
925 2681 1287 2747 praeceptore
1315 2676 1342 2730 ?
1363 2675 1675 2747 quomodo
1712 2675 1891 2731 etiam
1924 2694 1936 2731 :
1970 2675 2173 2731 Omnia

514 2781 620 2834 per
645 2764 832 2834 ipsum
861 2767 1029 2825 facta
1051 2771 1191 2820 sunt
1221 2769 1246 2818 .'
1270 2765 1388 2820 sive
1419 2781 1541 2838 quo
1559 2769 1736 2837 pacto
1757 2764 1936 2820 etiam
1970 2764 2170 2820 homi-

516 2853 697 2910 nibus
751 2869 871 2909 non
911 2854 1018 2909 erit
1073 2853 1440 2920 imbecillior,
1480 2855 1583 2926 qui
1626 2854 1811 2909 multa
1866 2869 1903 2909 a
1958 2853 2170 2924 seipsis

515 2943 742 2999 faciunt
778 2943 806 2997 ?
839 2945 988 2999 Nam
1021 2949 1076 2999 et
1113 2943 1386 2998 virtutem
1435 2959 1472 2999 a
1520 2942 1693 2998 nobis
1723 2943 1869 3014 ipsis
1895 2942 2170 3011 eligimus

516 3037 570 3088 et
619 3032 843 3088 vitium.
907 3031 1090 3087 Multa
1153 3046 1396 3103 quoque
1428 3031 1603 3086 variis
1644 3047 1716 3087 ex
1765 3029 1912 3087 locis
1962 3045 2171 3086 conse-

513 3127 774 3193 quentur
808 3119 1092 3176 absurda.

587 3211 668 3265 De
697 3209 982 3282 praedicto
1013 3225 1158 3266 sane
1187 3209 1368 3266 verbo
1395 3209 1667 3265 subtilius
1688 3209 2010 3281 disputavit
2034 3210 2166 3265 Gre-

515 3300 715 3370 gorius
737 3299 1071 3370 Theologus
1101 3304 1264 3356 sexto
1290 3299 1539 3355 secundi
1575 3298 1706 3356 libri
1737 3299 1952 3371 capite.

586 3477 746 3532 Vera.
784 3478 867 3531 19.
905 3475 1282 3546 Quwcunque
1304 3506 1366 3516 —
1393 3475 1561 3546 facit.
1583 3477 1838 3532 Rursum
1871 3477 1947 3532 ab
1975 3476 2168 3533 humi-

514 3563 676 3619 libus
709 3563 920 3620 transit
947 3564 1022 3620 ad
1051 3563 1352 3628 sublimia,
1387 3569 1450 3620 ut
1480 3565 1827 3636 praedictum
1859 3573 1950 3620 est
1981 3581 1995 3633 ;
2025 3582 2166 3620 nam

515 3651 562 3706 si
615 3667 992 3724 quaecunque
1056 3651 1150 3708 ille
1203 3653 1422 3720 fecerit,
1481 3655 1608 3709 hec
1661 3653 1839 3709 Filius
1897 3653 2168 3710 similiter

513 3739 671 3808 facit,
712 3741 916 3814 utique
943 3741 1039 3796 hic
1054 3741 1304 3814 aequalis
1334 3747 1422 3797 est
1449 3741 1545 3797 illi.
1577 3745 1939 3815 Prwponitur
1967 3750 2166 3799 autem

514 3845 635 3887 non
652 3829 884 3900 vulgari
916 3830 1582 3898 mododictiosimiliter,
1611 3832 1717 3888 sed
1750 3838 1811 3886 ut
1837 3832 2165 3896 discamus,

511 3919 677 3990 quod
706 3935 845 3976 cum
869 3919 1080 3992 aequali
1107 3919 1354 3976 scientia
1382 3925 1436 3976 et
1456 3921 1721 3976 dominio
1751 3921 1908 3989 facit,
1938 3927 1998 3978 ut
2022 3938 2169 3994 prte-

513 4006 733 4063 dictum
765 4013 871 4062 est.

585 4097 743 4150 Vers.
777 4099 865 4150 20.
917 4097 1093 4151 Pater
1146 4124 1215 4136 —
1253 4096 1426 4163 facit.
1479 4097 1691 4152 Iterum
1745 4099 2166 4155 asublimibus

516 4183 595 4240 ad
624 4183 875 4238 humilia
921 4183 1239 4238 descendit.
1306 4183 1500 4254 Diligit
1552 4191 1748 4241 autem
1787 4187 2016 4253 Filium,
2047 4203 2165 4243 non

516 4271 711 4327 solum
740 4276 1028 4344 tanquam
1062 4270 1456 4342 unigenitum,
1491 4273 1596 4329 sed
1653 4275 1834 4330 etiam
1876 4282 2166 4348 tanquam

517 4360 730 4418 eadem
759 4360 1093 4428 facientem,
1127 4367 1180 4416 et
1210 4361 1377 4429 nihil,
1408 4362 1572 4434 quod
1627 4363 1796 4419 Pater
1826 4365 1992 4427 nolit,
2028 4382 2164 4436 ope-

511 4453 768 4506 rantem.
823 4451 1024 4523 Neque
1075 4465 1216 4506 vero
1263 4451 1533 4522 superius
1552 4452 1874 4510 dictionem
1926 4456 2164 4519 Viderit,

513 4540 589 4598 de
621 4539 801 4610 Filio;
856 4557 1048 4613 neque
1101 4541 1215 4596 hoc
1263 4544 1319 4595 in
1370 4541 1502 4597 loco
1567 4542 1889 4600 dictionem
1930 4546 2166 4601 Demon-

512 4635 682 4696 strat,
717 4630 792 4686 de
815 4632 998 4700 Patre,
1030 4629 1301 4686 humano
1331 4630 1509 4685 modo
1564 4630 1883 4701 intelligere
1914 4640 2164 4706 oportet,

2285 1877 2602 1949 πραγμάτων
2646 1878 2765 1936 τοὺς
2831 1878 3023 1936 τύπους
3068 1874 3436 1945 ἐνσημαίνεται
3474 1875 3564 1944 μεν
3608 1873 3633 1924 6
3680 1876 3907 1946 Πατὴρ,

2284 1963 2498 2016 ἐπιτελεῖ
2547 1960 2604 2016 δὲ
2634 1965 2660 2016 6
2706 1967 2844 2030 Υἱός,
2904 1965 2964 2016 οὐ
3023 1961 3277 2025 δουλικῶς
3331 1959 3454 2015 οὐδε
3495 1960 3727 2034 ἀμαθῶς,
3789 1959 3910 2012 ἀλλ’

2284 2052 2695 2125 ἐπιστημονικῶς
2751 2073 2805 2105 τι
2861 2059 2950 2106 καὶ
3017 2050 3364 2118 δεσποτικῶς,
3429 2055 3520 2103 καὶ
3581 2049 3906 2123 οἰκειότερον

2285 2143 2439 2195 εἰπεῖν
2479 2151 2854 2215 πνευματικῶς,
2897 2146 3016 2200 ἦτοι
3065 2145 3200 2194 κατὰ
3252 2149 3345 2200 τῆν
3392 2147 3483 2194 τοῦ
3524 2142 3726 2213 Πατρός
3780 2142 3906 2192 ἑπι-

2286 2237 2381 2289 στή
2391 2251 2494 2302 μην
2525 2236 2613 2284 καὶ
2643 2227 2972 2285 δεσποτείαν.

2355 2324 2448 2372 Διά
2504 2323 2569 2372 τὰ
2618 2321 2842 2393 ῥηθέντα
2912 2317 2999 2372 οὖν
3054 2323 3257 2391 εἴρηται
3309 2323 3367 2371 τό
3419 2317 3494 2371 Οὐ
3580 2315 3810 2370 δύναται
3872 2321 3900 2370 ό

2283 2412 2398 2470 Υἱός
2444 2417 2607 2462 ποιεῖν
2653 2409 2738 2481 ἀφ’
2795 2409 2980 2462 ἑαυτοῦ
3023 2405 3196 2475 οὐδὲν,
3251 2407 3335 2460 ἐὰν
3393 2413 3524 2480 μήτι
3582 2406 3747 2480 βλέπῃ
3807 2412 3897 2460 τόν

2285 2503 2489 2572 Πατέρα
2525 2507 2795 2551 ποιοῦντα.
2839 2498 2900 2551 Ei
2923 2500 3026 2572 γὰρ
3073 2503 3141 2570 μὴ
3193 2495 3288 2550 διὰ
3329 2505 3517 2563 ταῦτα,
3553 2505 3660 2558 πῶς
3709 2498 3740 2554 ἠ
3799 2493 3898 2550 δύ-

2280 2608 2429 2658 ναμις
2458 2588 2516 2640 οὗ
2563 2585 2803 2653 δύναται,
2847 2592 2876 2646 ἣ
2912 2596 3020 2649 πῶς
3051 2590 3079 2646 η
3116 2592 3272 2659 σοφία
3316 2583 3484 2640 δεῖται
3528 2581 3891 2647 διδασκάλου,

2283 2679 2310 2736 ἦ
2347 2698 2453 2739 πως
2495 2679 2671 2730 Πάντα
2714 2675 2787 2730 δι’
2839 2677 2999 2729 αὐτοῦ
3042 2675 3255 2746 ἐγένετο,
3299 2677 3329 2735 ἡ
3374 2684 3486 2736 πῶς
3536 2674 3596 2726 οὐ
3648 2679 3742 2727 καὶ
3788 2683 3891 2726 τῶν

2282 2766 2560 2840 ἀνθρώπων
2615 2764 2976 2837 ἀσθενέστερος
3039 2768 3204 2829 ἔσται,
3283 2773 3380 2817 τῶν
3437 2763 3602 2816 πολλὰ
3675 2766 3890 2816 ποιούν-

2279 2875 2377 2907 των
2423 2854 2510 2926 ἁφ’
2560 2854 2790 2924 ἑαυτῶν,
2853 2860 2952 2908 Καὶ
3007 2857 3108 2927 γὰρ
3157 2859 3246 2906 καὶ
3305 2852 3490 2928 ἀρετὴν
3549 2850 3635 2924 ἀφ’
3694 2852 3887 2906 ἑαυτῶν

2279 2945 2565 3017 αἱρούμεθα
2589 2948 2678 2996 καὶ
2725 2949 2909 2996 κακίαν
2936 2961 2946 2972 ·
3009 2949 3099 2997 καὶ
3138 2942 3301 2996 πολλὰ
3346 2941 3674 3014 πολλαχόθεν
3719 2943 3882 2994 ἄτοπα

2280 3033 2600 3090 ἐπακολουθή
2612 3052 2708 3086 σει.

2353 3217 2477 3286 Περὶ
2505 3215 2677 3283 μέντοι
2704 3218 2792 3262 του
2836 3205 3156 3272 δηλωθέντος
3199 3211 3363 3284 ῥητοῦ
3419 3207 3856 3281 λεπτομερέστερον

2280 3299 2513 3354 διέλαϐεν
2543 3301 2568 3352 6
2591 3298 2840 3369 Θεολόγος
2860 3305 2898 3351 Γ
2899 3304 3144 3373 ρηγὸριος
3176 3302 3223 3351 ἐν
3247 3306 3318 3368 τῷ
3349 3298 3481 3369 ἕκτῳ
3507 3297 3766 3369 κεφαλαίῳ
3786 3301 3872 3346 τοῦ

2278 3395 2394 3462 περὶ
2425 3391 2549 3441 Tim)
2580 3384 2824 3462 δευτέρου
2855 3387 3030 3459 λόγου.

2347 3476 2407 3529 Ἀ
2464 3508 2531 3518 -
2583 3483 2738 3529 ποιεῖ.
2800 3479 2928 3530 Ἀπὸ
2985 3485 3082 3528 τῶν
3140 3483 3390 3528 ταπεινῶν
3442 3473 3526 3528 ἐπὶ
3585 3477 3651 3526 τὰ
3704 3473 3882 3545 ὑψηλὰ

2277 3565 2464 3639 μετέϐη
2510 3565 2682 3630 πάλιν,
2713 3567 2778 3625 ως
2810 3561 3228 3636 προδεδήλωται.
3265 3565 3323 3617 Ei
3369 3566 3468 3638 γὰρ
3517 3563 3553 3615 ἁ
3591 3562 3652 3614 ἆν
3691 3562 3882 3624 ἐκεῖνος

2276 3665 2423 3728 ποιῇ,
2456 3664 2623 3708 ταῦτα
2648 3659 2740 3706 καὶ
2772 3656 2796 3706 6
2823 3657 2944 3716 Υἱός
2983 3657 3168 3725 ὁμοίως
3214 3661 3369 3717 ποιεῖ,
3427 3649 3538 3714 ἶσος
3587 3653 3693 3726 ἄρα
3733 3652 3883 3714 οὗτος

2277 3746 2472 3816 ἐκείνῳ.
2515 3748 2585 3796 Τό
2619 3741 2676 3796 δε
2706 3746 2893 3815 ὁμοίως
2932 3749 3242 3816 πρόσκειται
3289 3742 3392 3813 οὐχ
3440 3741 3614 3804 ἁπλῶς
3658 3739 3768 3792 ἀλλ’
3802 3743 3886 3793 ἱνα

2276 3836 2518 3906 μάθωμεν
2549 3835 2628 3886 ὅτι
2657 3835 2785 3904 μετά
2813 3840 2904 3894 τῆς
2938 3835 3058 3894 ἴσης
3089 3831 3383 3904 ἐπιστήμης
3413 3834 3503 3882 καὶ
3543 3827 3880 3896 δεσποτείας,

2278 3927 2342 3984 ως
2382 3927 2702 3996 προείρηται.

2346 4100 2405 4153 Ὀ
2452 4103 2553 4175 γὰρ
2605 4104 2783 4173 Πατὴρ
2828 4131 2897 4140 --
2927 4107 3080 4152 ποιεῖ.
3144 4098 3302 4152 Πάλιν
3360 4096 3460 4150 ἀπὸ
3509 4105 3610 4149 τῶν
3665 4097 3877 4166 ὑψηλῶν

2278 4187 2362 4242 ἐπὶ
2409 4193 2475 4242 τὰ
2513 4192 2729 4242 ταπεινὰ
2784 4195 3139 4260 μετεχώρησε.
3197 4189 3335 4241 Φιλεῖ
3387 4183 3446 4239 δε
3502 4190 3589 4238 τόν
3648 4189 3765 4238 Υίόν
3818 4186 3872 4237 οὐ

2277 4284 2428 4350 μόνον
2460 4281 2526 4339 ὡς
2575 4287 2840 4350 μονογενῆ,
2893 4276 3020 4330 ἀλλά
3065 4283 3155 4330 καὶ
3220 4280 3289 4338 ὡς
3340 4278 3406 4328 τὰ
3452 4274 3587 4327 αὐτὰ
3634 4283 3874 4328 ποιοῦντα

2277 4374 2367 4419 καὶ
2404 4363 2569 4440 μηδὲν
2618 4365 2862 4424 ἀθέλητον
2895 4376 2964 4436 τῷ
3025 4373 3188 4441 Πατρι
3244 4364 3604 4437 ἐργαζόμενον.
3636 4367 3765 4416 Οὔτε
3815 4360 3870 4416 δὲ

2277 4458 2381 4509 ἄνω
2425 4455 2508 4508 ἐπὶ
2554 4464 2642 4508 τοὺ
2692 4459 2814 4508 Tim)
2855 4459 2911 4508 τό
2972 4453 3162 4528 βλέπῃ,
3215 4456 3331 4507 οὔτε
3388 4452 3608 4506 ἐνταῦθα
3646 4451 3728 4505 ἐπὶ
3782 4459 3865 4503 τοῦ

2281 4549 2484 4616 Πατρός
2548 4565 2606 4597 το
2661 4541 2927 4598 δείκνυσιν
2988 4545 3316 4617 ἀνθρωπίνως
3361 4547 3471 4614 χρὴ
3529 4549 3676 4608 νοεῖν,
3744 4539 3860 4590 ἀλλὰ

2281 4637 2572 4706 θεοπρεπῶς
2635 4639 2725 4686 καὶ
2783 4636 3067 4707 ὑπερφυῶς,
3121 4633 3255 4686 Οὔτε
3298 4634 3398 4707 γὰρ
3458 4632 3631 4689 ὁΥὶός
3679 4626 3846 4698 βλέπει

1747 4812 1965 4881 Variae
1994 4813 2320 4882 lectiones
2345 4825 2627 4881 etnotae.

611 5002 700 5075 94)
724 5002 1185 5075 ’ᾼποκικρυμμίνα
1213 5010 1265 5058 Β.

611 5073 708 5149 95),
759 5073 1156 5147 ’Δνεγχείρητον
1237 5082 1292 5130 Β.
1369 5077 1696 5149 Ut_rumque
1773 5078 1889 5134 dici
1956 5083 2168 5149 potest.

523 5144 1062 5226 δθά-ἁνεγχείρηέον
1115 5149 1223 5211 est,
1285 5147 1451 5219 quod
1495 5144 1628 5226 quis
1681 5164 1812 5226 n_on_
1865 5144 2168 5226 suscipiat,

520 5215 686 5289 quod
717 5215 914 5289 aliqua
958 5216 1031 5270 de
1054 5232 1240 5289 causa
1270 5215 1388 5272 non
1412 5215 1678 5274 eventum
1717 5220 1937 5275 habeat
1961 5215 2064 5276 aut
2091 5221 2169 5276 fa-

518 5286 613 5342 c'tu
657 5286 970 5364 indignum
1017 5288 1090 5343 sit
1137 5304 1156 5364 ε
1203 5289 1589 5364 άνιγχῴρητον,
1637 5291 1816 5364 quod
1868 5291 1988 5346 ﬁeri
2048 5308 2166 5348 non

517 5358 727 5430 possit.
767 5359 935 5414 Redit
959 5373 1101 5429 ergo
1131 5357 1248 5435 fere
1279 5357 1511 5416 eodem.
1541 5357 1882 5435 Sed—probo
1939 5365 2171 5435 άνεγχώ-

554 5447 697 5511 ητον,
753 5435 1019 5511 propter
1048 5430 1382 5511 proximum
1436 5429 1753 5511 ἀνένδεκτόν.
1806 5438 1885 5490 lta
1923 5429 2172 5511 quoque

573 5500 842 5558 entenius
867 5500 1100 5558 videtur
1129 5502 1446 5576 reperisse.
1477 5503 1593 5560 Sed
1635 5505 1792 5562 male
1839 5500 2034 5562 reddit
2073 5500 2166 5562 ἴη-

547 5675 720 5758 ,,(ῘςῘξ)
748 5676 1002 5758 οςιωανῃ
1030 5678 1256 5758 tradere
1275 5679 1500 5758 videtur
1522 5681 1898 5758 adversariis.
1927 5681 2172 5758 Submit-

518 5747 606 5816 tit,
634 5747 695 5804 id
725 5753 832 5818 est,
863 5747 1050 5807 verba
1072 5750 1319 5823 quidem
1349 5751 1675 5820 submissa,
1711 5753 2001 5812 sententia
2028 5769 2171 5813 vero

2280 5008 2804 5078 separabilztatem.
2842 5007 3026 5064 Minus
3058 5007 3218 5063 enim
3242 5006 3559 5078 probabile
3579 5014 3687 5067 est,
3710 5003 3864 5078 illum

2280 5080 2494 5148 legisse
2526 5077 2848 5153 ἀχώριστον.
2894 5079 3003 5132 Οὔκ
3031 5076 3282 5153 ἐγχωρεῖ,
3301 5079 3436 5153 ﬁeri
3475 5079 3698 5153 nequit,
3731 5076 3868 5153 satis

2281 5158 2488 5206 notum
2509 5149 2613 5222 est.
2648 5149 3021 5222 Ἀνεγχώρητος
3051 5149 3251 5205 autem
3270 5149 3453 5222 habet
3473 5149 3713 5222 Gregor.
3740 5151 3866 5222 Nae.

2281 5237 2338 5291 p.
2373 5226 2494 5294 215.
2528 5221 2632 5294 ﬁn.
2657 5219 2834 5294 quem
2858 5219 3067 5294 locum,
3087 5222 3338 5294 fortasse
3361 5220 3420 5275 in
3443 5219 3872 5294 mentehabuit

2284 5288 2790 5362 Euthymimflbi
2821 5295 2902 5347 sic
2937 5309 2948 5348 :
2996 5293 3178 5354 Οὕτως
3207 5288 3462 5346 ἀδύνατον
3503 5297 3595 5346 καὶ
3644 5291 3871 5363 ἁνεγχω·

2279 5383 2435 5440 ρηιτον
2461 5371 2622 5416 ποιεῖν
2663 5367 2829 5440 τιίτόν
2855 5366 2992 5440 Υὶόν,
3021 5364 3046 5416 ὃ
3077 5363 3136 5416 οὐ
3162 5371 3300 5416 ποιεῖ
3343 5364 3368 5415 ὁ
3422 5368 3626 5440 Πατήρ.
3683 5364 3875 5434 Supra

2281 5433 2529 5510 adhuc:
2560 5451 2676 5501 XVI,
2712 5439 2800 5510 26,
2833 5440 2925 5492 est
2955 5433 3373 5510 ἀνεπιχείρητος.

2353 5506 2460 5578 (96)
2493 5507 2733 5577 Gregor.
2762 5509 2895 5563 Naz.
2928 5523 2987 5579 p.
3015 5506 3138 5562 2l6.
3167 5506 3297 5564 init.

2281 5684 2653 5756 neutiquam.

2354 5756 2448 5828 (ιι)
2464 5753 2882 5827 intelligente:
2902 5755 3148 5828 prabet.
3179 5759 3424 5816 Formas
3459 5753 3770 5830 imprimit.
