4120 6310
414 358 552 423 1217

1523 352 1894 420 ΩΟΜΜΕΝΤ.
1935 352 2004 419 1N
2042 350 2401 419 JOANNEM.
2429 391 2496 401 -
2522 359 2676 418 CAP.
2708 348 2773 415 ν.

3653 358 3791 415 1218

414 493 486 553 ὡς
513 492 770 563 μαθητὴς,
802 491 917 542 οὗτε
964 488 989 539 6
1023 492 1198 563 Πατὴρ
1250 484 1515 540 δείκνυσιν
1563 490 1626 547 ὡς
1666 484 2010 549 διδάσκαλος

2139 486 2229 542 sed
2280 484 2484 541 divino
2544 488 2600 540 et
2656 478 3113 556 supernaturali.
3160 486 3362 556 Neque
3400 483 3559 539 enim
3607 482 3787 540 Filius

416 578 522 633 ἀλλ’
551 580 576 630 6
622 582 712 651 μεν
770 574 1033 631 δείκνυσιν
1078 580 1142 638 ὡς
1171 585 1289 638 νοῦς
1332 586 1431 628 τῶν
1483 576 1649 628 αὐτῶν
1696 580 2015 649 πραγμάτων

414 672 531 728 τοὺς
581 670 780 728 τύπους
830 665 1279 739 ἐνσημαινόμενος·
1323 668 1347 718 6
1393 663 1451 718 δὲ
1501 664 1679 738 βλέπει
1729 669 1798 727 ὡς
1844 666 2014 736 λόγος,

416 757 652 811 ἐπιτελῶν
676 760 741 809 τὰ
770 756 1172 828 ὶνσημανθέντα,
1190 761 1280 807 καὶ
1299 763 1431 807 οῦτω
1454 757 1603 807 κοινὰ
1626 758 1830 816 τούτοις
1852 758 2019 807 πάντα

414 849 479 900 τὰ
503 849 755 921 θεοπρεπῆ
785 848 1092 920 πράγματα.

492 1116 593 1165 Καί
643 1141 708 1152 —
773 1112 1097 1183 θαυμάζητε,
1151 1108 1363 1170 Ἐπειδὴ
1430 1112 1722 1187 παρα’λντον
1788 1110 2015 1183 εσφιγξε,

416 1206 507 1253 καὶ
538 1198 599 1259 ἧν
626 1204 762 1274 μέγα
810 1204 869 1254 τὸ
894 1204 1127 1273 γεγονὸς,
1173 1201 1344 1273 ἔμελλε
1375 1198 1433 1254 δε
1464 1206 1552 1253 καὶ
1582 1206 1756 1275 νεκρόν
1788 1200 2016 1274 ἐγείρειν,

419 1287 513 1343 διὰ
560 1297 714 1343 τοῦτο
754 1286 887 1343 εἶπεν
938 1290 1018 1342 ὃτι
1062 1295 1152 1342 καὶ
1200 1291 1415 1362 μείζονα
1453 1293 1649 1342 τούτων
1691 1288 1850 1352 δείξει
1881 1289 2019 1359 αὐτῷ

417 1382 561 1453 ἔργα,
599 1381 682 1431 ἵνα
710 1380 857 1452 ὑμεῖς
889 1380 1193 1453 θαυμάζητε
1223 1384 1420 1452 μεῖζον,
1456 1385 1543 1431 καὶ
1577 1380 1734 1440 οὕτως
1764 1378 2021 1450 ἐναχθῆτε

415 1470 532 1541 (9⁸7)
561 1472 686 1544 πρὸς
718 1470 777 1521 τὸ
809 1471 1091 1522 πιστεύειν.

491 1646 691 1719 Ὠσπερ
746 1676 815 1687 —
874 1649 1132 1708 ζωοποιεῖ.
1208 1644 1334 1698 Ἀπὸ
1383 1654 1482 1697 τῶν
1538 1652 1787 1697 ταπεινῶν
1840 1643 2022 1716 μετῆλ-

421 1737 503 1788 θεν
553 1732 705 1796 αὖθις
753 1733 837 1787 ἐπὶ
887 1737 951 1786 τὰ
1021 1734 1217 1804 ὑψηλά.
1274 1734 1332 1786 Εἰ
1380 1738 1504 1808 γὰρ,
1566 1737 1738 1808 ὥσπερ
1806 1733 2012 1797 ἐκεῖνος,

2124 576 2281 631 videt
2330 574 2480 630 sicut
2527 573 2879 645 discipulus,
2937 588 3130 646 neque
3188 576 3357 629 Pater
3414 572 3787 630 demonstrat

2131 666 2283 720 sicut
2316 667 2663 736 prameptor,
2688 662 2791 720 sed
2816 662 2913 719 hic
2942 662 3178 735 quidem
3205 662 3595 728 demonstrat,
3632 662 3790 719 sicut

2128 769 2318 819 mens,
2351 769 2486 825 quae
2510 752 2735 808 formas
2765 752 3105 808 earumdem
3130 767 3330 807 rerum
3362 750 3784 822 intelligendas

2128 843 2353 914 praebet
2381 858 2392 895 :
2427 842 2521 897 ille
2560 848 2759 896 autem
2785 841 2960 909 videt,
2988 841 3137 895 sicut
3167 855 3385 906 sermo,
3419 840 3524 912 qui
3552 856 3624 896 ea
3650 856 3781 913 quae

2129 932 2206 988 ad
2221 930 2672 1001 intelligendum
2688 930 2828 987 data
2851 935 3009 995 sunt,
3043 929 3271 1001 perficit
3306 946 3316 984 :
3347 935 3402 985 et
3424 929 3504 985 ita
3528 931 3610 985 eis
3626 946 3778 987 com-

2131 1037 2344 1077 munes
2376 1026 2514 1075 sunt
2562 1034 2772 1074 omnes
2803 1019 3018 1073 divinae
3056 1034 3152 1073 res
3194 1025 3250 1074 et
3280 1034 3498 1074 causa).

2199 1111 2361 1164 Vers.
2394 1113 2480 1165 20.
2510 1110 2588 1163 Et
2618 1138 2685 1150 —
2726 1108 3133 1165 admiremini.
3179 1110 3324 1163 Nam
3364 1107 3509 1178 quia
3542 1108 3791 1180 paraly-

2130 1199 2225 1255 tici
2260 1197 2532 1254 membra
2556 1196 3032 1263 conﬁrmaverat,
3063 1211 3350 1266 magnum
3382 1196 3628 1267 quidem
3661 1201 3791 1254 erat

2128 1287 2294 1360 quod
2322 1287 2544 1343 factum
2574 1291 2725 1351 erat,
2763 1286 2867 1342 sed
2889 1286 3071 1342 etiam
3105 1290 3406 1341 mortuum
3420 1287 3787 1343 excitaturus

2129 1382 2272 1441 erat,
2305 1382 2361 1433 et
2380 1376 2518 1431 ideo
2543 1376 2624 1431 ait
2654 1376 2818 1447 quod
2841 1376 3023 1431 etiam
3048 1376 3281 1445 majora
3301 1375 3395 1430 his
3408 1376 3788 1433 demonstra-

2131 1467 2212 1521 bit
2231 1466 2283 1521 ei
2313 1481 2517 1538 opera,
2554 1470 2736 1521 utvos
2766 1463 3441 1537 ampliusadmiremini,
3474 1470 3531 1521 et
3557 1466 3635 1522 ad
3666 1481 3793 1522 cre-

2129 1554 2285 1611 dend
2297 1570 2397 1609 um
2447 1554 2851 1610 adducamini.

2200 1645 2359 1699 Vers.
2392 1644 2478 1698 2t.
2509 1643 2673 1698 Sicut
2704 1673 2767 1683 —
2796 1642 3074 1710 vivi/teat.
3109 1643 3189 1697 Ab
3214 1642 3547 1699 humilibus
3574 1659 3783 1700 rursus

2132 1732 2404 1788 ascendit
2448 1732 2525 1787 ad
2575 1730 2875 1786 sublimia.
2935 1734 3083 1787 Nam
3124 1732 3271 1786 sicut
3311 1731 3427 1797 ille,
3481 1733 3562 1787 ita
3595 1738 3651 1787 et
3692 1732 3789 1789 hic

418 1823 556 1876 οὓτω
602 1829 692 1875 καὶ
748 1824 898 1885 οὗτος
961 1823 1047 1883 οῦς
1079 1823 1207 1876 θελει
1258 1824 1515 1885 ζωοποιεῖ,
1561 1820 1878 1894 ἰσοδῦναμος
1920 1824 2021 1897 οἶρα

2139 1838 2285 1893 quos
2319 1821 2445 1875 vult
2471 1820 2748 1884 viviﬁcat,
2787 1818 3031 1892 aequalis
3065 1820 3267 1892 utique
3303 1821 3584 1892 potentiae.
3609 1820 3789 1877 Filius

420 1914 446 1963 6
479 1915 593 1973 Υἱός
644 1921 717 1983 τῷ
772 1917 957 1985 Πατρί.
1008 1916 1077 1963 T6
1121 1916 1209 1984 μὲν
1261 1909 1346 1964 οὖν
1379 1915 1552 1987 ὥσπερ
1593 1914 1618 1963 6
1667 1918 1846 1985 Πατὴρ
1897 1912 2024 1971 ζωο-

416 2010 583 2053 ποιεῖν
627 2010 723 2063 τῆς
776 1998 1045 2073 δυνάμεως
1091 1999 1342 2054 διδάσκει
1392 2007 1485 2059 τὴν
1536 2002 1775 2059 ἰσότητα*
1828 2004 1886 2052 τὸ
1940 1997 2019 2078 δὲ,

419 2092 524 2152 Οὖς
596 2090 727 2143 θέλει
777 2098 873 2151 τῆς
948 2089 1188 2152 ἐξουσίας
1263 2095 1358 2148 τὴν
1408 2090 1816 2161 ἀπαραλλαξίαν.
1881 2089 2024 2145 Ἐπεὶ

419 2178 479 2233 δε
526 2186 615 2232 καὶ
665 2177 884 2232 δύναται
933 2184 1023 2231 καὶ
1051 2179 1291 2242 ἐξουσίαν
1341 2182 1475 2251 ἔχει,
1515 2187 1626 2241 πῶς
1650 2179 1707 2231 οῦ
1747 2176 1967 2231 δύναται
1998 2181 2023 2231 ό

417 2272 538 2332 Υἱός
568 2276 733 2321 ποιεῖν
783 2266 866 2340 ἀφ’
902 2267 1085 2321 ἑαυτοῦ
1115 2265 1306 2335 οὐδέν;
1339 2268 1415 2320 Οῦ
1467 2264 1689 2320 δύναται
1727 2265 1815 2320 οὖν
1858 2273 2025 2341 χωρὶς

416 2367 509 2413 τοῦ
536 2362 754 2432 Πατρός,
790 2354 931 2410 διότι
962 2361 1059 2431 μία
1101 2362 1190 2409 καὶ
1240 2360 1268 2415 ἡ
1325 2358 1451 2416 αὐτὴ
1485 2361 1687 2419 τούτοις
1718 2354 1943 2430 δύναμίς
1972 2377 2025 2410 τε

419 2454 510 2501 καὶ
543 2446 819 2520 βούλησις.

494 2534 635 2590 Οῦδε
702 2567 768 2579 --
840 2541 1061 2611 Πατέρα.
1132 2537 1261 2589 Ἀπὸ
1336 2545 1435 2588 τῶν
1511 2536 1723 2607 ὑψηλῶν
1798 2540 2021 2607 μετέστη

418 2627 575 2681 πάλιν
629 2626 712 2678 ἐπὶ
764 2628 830 2677 τὰ
882 2628 1115 2678 ταπεινά.
1173 2624 1449 2677 Κάνταῦθα
1501 2630 1669 2676 τοίνυν
1727 2628 1785 2676 τό
1825 2621 2025 2676 Δίδωκε

422 2720 712 2789 θεοπρεπῶς
758 2718 986 2772 νοητέον.
1048 2712 1134 2765 Τὰ
1200 2721 1419 2765 τοιαῦτα
1480 2716 1603 2786 γὰρ,
1664 2715 1832 2773 καθὼς
1888 2713 2025 2787 εἰρή-

419 2825 601 2877 καμεν,
672 2803 1006 2874 οἰκονομικῶς
1060 2801 1212 2872 λέγει,
1302 2802 1361 2853 οῦ
1428 2806 1579 2873 μόνον
1654 2800 1879 2852 ἐντεῦθεν
1948 2803 2023 2853 θε-

419 2895 659 2967 ραπεύων
735 2896 828 2948 τὴν
918 2889 1183 2942 ἀσθένειαν
1236 2898 1337 2941 τῶν
1401 2886 1692 2954 Ἰουδαίων,
1762 2888 1889 2941 ἀλλὰ
1935 2895 2023 2941 καὶ

422 2982 507 3033 ἶνα
554 2983 642 3032 τὸν
682 2982 847 3031 αἴτιον
900 2977 1116 3050 εἰδῶμεν
1162 2983 1247 3030 καὶ
1298 2983 1370 3051 μὴ
1434 2977 1707 3049 ἀγέννητον
1765 2976 1894 3031 εἶναι
1937 2982 2023 3031 τόν

420 3072 539 3124 Υὶόν
570 3067 926 3139 ὑπολάϐωμεν,
959 3064 1089 3139 μηδ’
1116 3068 1187 3130 εἰς
1215 3072 1306 3126 τὴν
1333 3066 1602 3120 Σαϐελλίου
1623 3073 1775 3119 νόσον
1802 3072 2024 3121 καταπέ-

2130 1915 2217 1965 est
2276 1926 2413 1965 cum
2468 1911 2652 1965 Patre.
2718 1909 3031 1964 Viviticare
3108 1908 3309 1980 itaque
3382 1910 3531 1965 sicut
3592 1911 3785 1976 Pater,

2132 1999 2412 2071 potentiae
2442 1998 3026 2069 docetmqualitatem
3056 2014 3068 2053 ε
3103 1997 3269 2069 quod
3292 2004 3491 2054 autem
3519 2000 3785 2057 additur:

2133 2089 2275 2154 Quos
2307 2087 2453 2155 vult,
2504 2087 2836 2142 autoritatis
2880 2087 3444 2142 immutabilitatem.
3487 2090 3708 2144 Verum
3741 2090 3788 2145 si

2131 2183 2186 2232 et
2216 2182 2427 2249 potest,
2459 2181 2516 2232 et
2544 2177 2953 2231 auctoritatem
2972 2175 3170 2242 habet,
3199 2179 3509 2247 quomodo
3542 2193 3661 2233 non
3683 2193 3785 2250 po-

2130 2269 2240 2323 test
2270 2265 2451 2321 Filius
2489 2281 2525 2320 a
2545 2280 2607 2320 se
2640 2264 2829 2321 facere
2858 2264 3191 2337 quidquam
3222 2263 3249 2318 ‘?
3287 2280 3405 2321 non
3432 2272 3625 2338 potest
3649 2282 3790 2338 ergo

2132 2356 2257 2411 sine
2276 2355 2463 2420 Patre,
2492 2354 2635 2427 quia
2663 2370 2783 2411 una
2822 2358 2877 2409 et
2914 2354 3125 2410 eadem
3154 2358 3241 2410 est
3272 2354 3416 2425 ipsis
3448 2357 3710 2427 potentia
3733 2362 3791 2414 et

2132 2445 2430 2500 voluntas.

2203 2535 2358 2589 Vers.
2405 2534 2494 2586 2'2.
2539 2532 2737 2602 Neque
2775 2562 2843 2572 —
2885 2532 3053 2588 Vers.
3095 2534 3184 2586 23.
3220 2531 3473 2589 Patrem.
3508 2534 3555 2587 A
3602 2534 3785 2590 subli-

2132 2621 2332 2677 mibus
2380 2624 2590 2676 iterum
2622 2620 2933 2675 descendit
2982 2620 3060 2676 ad
3094 2620 3367 2679 humilia.
3411 2626 3473 2679 Et
3516 2623 3613 2679 hic
3643 2640 3788 2694 ergo

2132 2710 2383 2765 verbum
2401 2709 2588 2773 Dedit,
2613 2708 3068 2777 intelligendum
3082 2715 3356 2780 estprout
3386 2714 3568 2767 Deum
3584 2718 3785 2770 decet:

2132 2798 2275 2855 talia
2316 2798 2497 2861 enim,
2545 2803 2607 2853 ut
2654 2798 2936 2863 diximus,
2986 2799 3388 2871 dispensative
3432 2800 3615 2870 dicit;
3666 2818 3790 2859 non

2133 2889 2326 2943 solum
2350 2904 2566 2943 curans
2579 2904 2649 2944 ex
2672 2888 2781 2943 hoc
2798 2888 3264 2945 imbecillitatem
3289 2890 3657 2957 Iudaeorum,
3693 2909 3791 2949 ve-

2132 2995 2265 3034 rum
2287 2978 2466 3034 etiam
2491 2983 2552 3032 ut
2577 2994 2825 3033 causam
2854 2976 3257 3043 videamus,et
3287 2994 3362 3034 ne
3384 2996 3503 3036 non
3521 2982 3789 3049 genitum

2132 3083 2261 3123 esse
2302 3066 2512 3121 Filium
2568 3066 2964 3137 suspicemur,
3006 3082 3201 3139 neque
3236 3066 3297 3122 in
3347 3068 3583 3125 Sabellii
3633 3086 3788 3125 mor-

425 3178 613 3232 σωμεν,
656 3163 740 3211 τόν
772 3157 926 3209 αῦτόν
968 3161 1169 3231 Πατέρα
1212 3161 1298 3208 καὶ
1332 3160 1450 3210 Υἱόν
1499 3163 1586 3209 καὶ
1616 3158 1764 3229 οἷγιον
1819 3165 2021 3230 Πνεῦμα

2139 3156 2273 3211 bum
2307 3156 2681 3220 decidamus,
2727 3155 2832 3227 qui
2858 3157 3137 3211 eumdem
3184 3171 3312 3211 esse
3352 3156 3583 3214 Patrem
3611 3163 3668 3214 et
3709 3160 3791 3215 Fi-

420 3257 656 3309 νοοῦντος
692 3252 782 3299 καὶ
826 3246 874 3299 ἓν
912 3252 1191 3319 πρόσωπον
1219 3251 1311 3305 τὴν
1339 3246 1491 3318 ἁγίαν
1526 3244 1732 3319 Τριάδα
1763 3243 2023 3319 δογματί-

424 3340 604 3401 ζοντος
635 3337 888 3397 ἀνοήτως,

497 3433 624 3480 Πότε
659 3424 717 3479 δὲ
745 3430 838 3483 την
868 3430 1041 3500 κρίσιν
1075 3421 1273 3478 δέδωκε
1307 3434 1377 3496 τῷ
1425 3428 1529 3496 Υἱῷ
1555 3441 1568 3490 ;
1598 3425 1745 3497 ’Υπὲρ
1791 3428 1848 3478 τὸ
1896 3430 2025 3478 Πότε

421 3520 452 3576 ἡ
500 3516 799 3590 ἀπόκρισις.
846 3514 903 3566 Εἰ
958 3510 1017 3566 δε
1055 3519 1164 3588 χρή
1209 3534 1258 3566 τι
1304 3520 1394 3566 καὶ
1441 3514 1706 3587 τολμηρῶς
1742 3514 2025 3589 ἀποκριθῆ-

420 3624 523 3669 ναι,
584 3606 693 3676 ἅμα
762 3612 833 3674 τῷ
897 3610 1079 3654 τοῦτον
1148 3605 1505 3674 γεγεννῆσθαι.
1545 3607 1696 3655 Πότε
1770 3599 1830 3655 δὲ
1876 3603 2026 3663 οὗτος

419 3698 739 3765 γεγέννηται,
774 3695 855 3744 ὅτε
889 3693 913 3743 6
957 3696 1136 3764 Πατὴρ
1180 3692 1238 3743 οὐ
1271 3695 1604 3763 γεγέννηται;
1635 3692 1744 3743 Οὐκ
1788 3694 1897 3743 ἔστι
1924 3694 2022 3763 γὰρ

422 3782 514 3834 οῦκ
543 3784 684 3834 ἔστιν
717 3783 877 3853 εὑρεῖν
921 3783 1114 3833 ἔννοιάν
1141 3800 1257 3832 τινα
1283 3786 1479 3852 χρόνου
1520 3781 1549 3840 ἡ
1584 3780 1767 3841 αἰῶνος
1796 3781 1913 3832 καθ’
1964 3780 2023 3838 ἣν

422 3870 688 3943 ἐφικέσθαι
716 3873 850 3931 τινὸς
879 3872 1043 3945 ἄκρου
1076 3866 1441 3943 δυνηθείημεν,
1477 3870 1522 3922 εὶ
1565 3874 1654 3922 καὶ
1684 3871 1765 3922 ὅτι
1793 3869 2025 3942 μαλιστα

423 3958 763 4033 βιαξοίμεθα.

491 4231 595 4285 Τὴν
642 4230 818 4300 κρίσιν
878 4223 938 4280 δὲ
986 4233 1159 4279 πᾶσαν
1210 4222 1409 4279 δέδωκε
1472 4234 1545 4298 τῷ
1602 4229 1725 4296 Υἰῷ,
1792 4226 1874 4278 ἶνα
1930 4222 2023 4278 διὰ

420 4324 572 4369 τοῦτο
628 4315 933 4389 φοϐούμενοι
977 4326 1200 4389 τιμῶσιν
1258 4317 1431 4382 αὐτόν,
1482 4318 1654 4377 καθὼς
1698 4324 1891 4388 τιμῶσι
1934 4319 2021 4367 τὸν

421 4410 645 4481 Πατέρα.
681 4412 862 4459 Πᾶσαν
910 4402 968 4458 δε
1012 4407 1182 4471 εἰπὼν,
1231 4402 1489 4463 ἐδήλωσεν
1540 4406 1649 4477 ἅμα
1704 4409 1795 4462 τὴν
1844 4423 1897 4456 τε
1932 4413 2020 4456 τοῦ

420 4494 655 4558 κολάζειν
698 4500 786 4547 καὶ
848 4500 941 4553 τὴν
984 4502 1075 4547 τοῦ
1128 4500 1283 4567 τιμᾲν
1332 4493 1423 4555 οὓς
1473 4493 1532 4545 ἆν
1581 4493 1745 4566 ἐθέλῃ.
1794 4494 1868 4545 Οὐ
1916 4498 2019 4566 μὴν

421 4584 619 4649 ἕξεϐαλε
660 4589 747 4638 τόν
804 4590 1009 4658 Πατέρα
1059 4592 1155 4646 τῆς
1211 4583 1449 4646 ἐξουσίας
1525 4591 1615 4635 τοῦ
1672 4586 1880 4655 κρίνειν.
1960 4583 2021 4634 Εἰ

418 4678 519 4747 γὰρ
566 4678 736 4727 πάντα
777 4676 877 4727 ὅσα
932 4677 1045 4745 ἔχει
1099 4674 1125 4724 ό
1168 4678 1346 4745 Πατὴρ
1403 4680 1496 4724 τοῦ
1527 4674 1650 4723 Υἱοῦ
1699 4670 1831 4735 ἐστι,
1890 4671 2021 4729 πλὴν

421 4763 730 4835 ἀγεννησίας
788 4763 920 4836 (98),
974 4759 1236 4837 πρόδηλον
1293 4764 1373 4813 ότι
1415 4765 1500 4813 καὶ
1548 4762 1718 4812 πάντα
1755 4762 1856 4813 ὅσα
1911 4763 2022 4832 ἔχει

420 4854 446 4904 ὁ
476 4855 590 4913 Υἱός
619 4861 710 4905 τοῦ
744 4857 943 4927 Πατρός
973 4850 1101 4917 ἐστι,
1151 4852 1283 4908 πλὴν
1326 4850 1442 4923 (99)
1492 4854 1792 4922 γεννήσεως.
1851 4856 2025 4923 Κρινεῖ

418 4945 589 4992 τοίνυν
608 4943 633 4993 6
656 4944 794 5001 Υἱός,
822 4938 1161 5000 εὐδοκοῦντος
1299 4950 1387 4991 τοῦ
1412 4942 1631 5013 Πατρός,
1654 4946 2022 5011 συνεργοῦντος

420 5026 480 5081 δὲ
521 5037 613 5081 τοῦ
643 5029 796 5100 ἁγίου
830 5032 1141 5100 Πνεῦματος,
1192 5031 1365 5102 ὥσπερ
1397 5030 1500 5102 ἄρα
1545 5036 1757 5101 νοοῦμεν
1805 5032 1895 5081 καὶ
1937 5026 2020 5081 ἐπὶ

418 5119 622 5172 πάντων
661 5118 823 5170 αὐτοῦ
852 5126 951 5170 τῶν
983 5119 1165 5191 ἔργων.

2133 3246 2280 3301 lium
2306 3261 2375 3300 ac
2389 3245 2672 3315 Spiritum
2696 3250 2970 3300 sanctum
2993 3243 3284 3315 intelligit,
3312 3251 3367 3299 et
3387 3246 3626 3302 unicam
3652 3262 3787 3304 esse

2137 3340 2359 3391 sanctae
2395 3332 2689 3387 Trinitatis
2730 3347 3041 3402 personam
3095 3333 3306 3387 insane
3338 3334 3642 3404 praedicat.

2206 3422 2459 3487 Quando
2517 3437 2656 3477 vero
2703 3421 2868 3476 dedit
2912 3420 3202 3491 judicium
3273 3422 3413 3478 Filio
3448 3421 3476 3476 ?
3527 3424 3604 3479 De
3652 3424 3787 3491 hoc,

2134 3512 2382 3586 quando
2429 3510 2492 3566 id
2523 3509 2712 3575 fuerit,
2760 3526 2853 3564 res
2894 3516 2984 3565 est
3030 3509 3365 3567 admodum
3412 3512 3691 3569 occulta:
3732 3519 3791 3570 et

2134 3616 2482 3675 quanquam
2540 3600 2691 3670 (mm)
2731 3600 3020 3654 audenter
3083 3598 3442 3670 respondere
3491 3605 3787 3673 oporteat,

2134 3691 2297 3763 quod
2330 3688 2509 3744 simul
2533 3695 2590 3744 ut
2616 3688 2712 3743 hic
2735 3687 2966 3758 genitus
2984 3692 3074 3743 est
3097 3705 3109 3743 :
3140 3692 3399 3745 attamen
3419 3690 3667 3762 quando
3691 3691 3789 3748 hic

2135 3781 2367 3850 genitus
2402 3784 2509 3844 est,
2551 3777 2799 3849 quando
2855 3778 3019 3831 Pater
3072 3777 3305 3844 genitus
3346 3794 3465 3834 non
3501 3785 3588 3835 est
3616 3778 3788 3837 ?Non

2134 3872 2329 3940 potest
2380 3867 2698 3940 siquidem,
2753 3881 2876 3921 non
2928 3870 3145 3937 potest,
3195 3867 3467 3940 inquam,
3533 3869 3789 3926 inveniri

2134 3957 2439 4029 temporis,
2491 3959 2595 4012 aut
2653 3955 2852 4011 saeculi
2899 3955 3149 4026 alicujus
3196 3955 3605 4026 intelligentia,
3664 3974 3789 4030 qua

2133 4046 2211 4102 ad
2240 4051 2574 4101 extremum
2591 4043 2837 4116 aliquod
2863 4044 3165 4115 pervenire
3187 4048 3511 4116 possimus,
3541 4046 3788 4104 etiamsi

2133 4136 2394 4191 maxime
2426 4149 2673 4203 urgeam
2685 4150 2773 4188 us.

2200 4224 2497 4279 Judicium
2546 4227 2745 4278 autem
2795 4237 2975 4277 omne
3012 4220 3177 4278 dedit
3208 4222 3371 4289 Filio,
3405 4228 3469 4279 ut
3510 4223 3789 4281 timentes

2130 4318 2376 4385 propter
2391 4313 2520 4375 hoc,
2553 4312 2849 4367 honorent
2869 4327 3029 4377 eum,
3050 4312 3201 4368 sicut
3215 4312 3512 4369 honorant
3529 4319 3789 4385 patrem.

2133 4404 2196 4457 Et
2218 4419 2354 4457 cum
2376 4402 2559 4457 Omne
2573 4400 3111 4469 dixit,signiﬁcavit
3128 4409 3183 4455 et
3190 4401 3481 4472 judicium
3504 4403 3790 4473 puniendi

2054 4524 2099 4580 Β
2130 4497 2183 4547 et
2208 4492 2499 4563 judicium
2535 4490 2892 4554 honorandi,
2936 4505 3090 4561 quos
3139 4489 3409 4546 voluerit.
3438 4493 3555 4546 Nec
3586 4498 3789 4547 tamen

2131 4581 2364 4637 Patrem
2375 4580 2395 4650 j
2409 4578 2686 4634 udicandi
2700 4578 3047 4634 auctoritate
3067 4578 3345 4649 privavit.
3362 4582 3507 4635 Nam
3527 4581 3572 4633 si
3585 4580 3791 4637 omnia

2129 4685 2265 4742 qua:
2286 4669 2468 4724 habet
2490 4669 2661 4723 Pater
2674 4666 2799 4721 Fllll
2820 4672 2959 4722 sunt
2972 4673 3371 4739 praeterquam
3385 4669 3650 4736 genitum
3666 4684 3789 4725 non

2129 4774 2260 4815 esse
2289 4756 2673 4813 manifestum
2713 4761 2799 4812 est
2827 4755 2991 4828 quod
3011 4756 3191 4812 etiam
3218 4772 3354 4828 quae
3393 4757 3574 4813 habet
3610 4757 3789 4815 Filius

2132 4846 2325 4903 Patris
2343 4850 2498 4910 sunt,
2517 4849 2915 4917 prmterquam
2945 4861 3073 4901 esse
3095 4846 3383 4915 genitum.
3397 4846 3424 4900 J
3435 4846 3789 4919 udicatergo

2131 4936 2325 5001 Filius,
2395 4934 2767 5006 approbante
2838 4933 3082 5005 quidem
3160 4934 3350 5000 Patre,
3425 4941 3791 5007 cooperante

2128 5030 2329 5082 autem
2356 5029 2412 5079 et
2436 5022 2657 5095 Spiritu
2679 5030 2908 5089 sancto,
2931 5022 3113 5079 veluti
3135 5038 3280 5080 sane
3311 5024 3695 5097 intelligimus
3730 5026 3791 5083 in

2130 5113 2414 5171 omnibus
2445 5112 2577 5184 ejus
2605 5112 2909 5183 operibus.

1657 5348 1877 5419 Variae
1902 5348 2227 5417 lectiones
2259 5354 2324 5416 et
2350 5356 2555 5415 notae.

490 5546 607 5618 (97)
640 5546 934 5620 Ἀναχθῆτε
963 5551 1046 5620 A._
1070 5547 1395 5620 Utrumque
1425 5544 1698 5620 probum.
1753 5548 1831 5603 Ex
1865 5544 2021 5603 Hen-

420 5620 580 5676 tenio
606 5617 909 5676 nihil’l’icet
940 5617 1232 5690 colligere.

2202 5546 2317 5691 E98)
2342 5545 2615 5616 Ἀγένητος
2642 5542 2743 5619 γὰρ
2776 5543 2801 5596 6
2835 5547 3035 5621 Πατήρ.

2225 5619 2316 5688 99)
2344 5620 2590 5679 Γεννητός
2616 5619 2717 5689 γὰρ
2746 5618 2771 5667 ό
2802 5618 2939 5677 Υἱός.

2225 5619 2316 5688 99)
2344 5620 2590 5679 Γεννητός
2616 5618 2721 5689 γὰρ
2746 5618 2771 5667 ό
2802 5618 2939 5677 Υἱός.

489 5798 655 5878 (mm)
678 5798 757 5857 Et
785 5813 1146 5876 quanquam,
1177 5801 1288 5858 etc.
1330 5797 1389 5857 Si
1414 5801 1611 5856 autem
1643 5812 1879 5855 necesse
1908 5800 2015 5866 est,
2057 5795 2238 5855 etiam
2268 5794 2554 5855 audacter
2579 5794 2809 5873 aliquid
2840 5795 3234 5872 respondere.
