4120 6310
513 353 652 418 1249

511 579 753 643 similes,
787 577 845 632 in
877 577 1141 631 increata
1171 572 1416 644 quidem
1446 571 1722 626 Trinitate
1760 571 2159 643 aequalitatem

509 667 868 738 signiﬁcant,
897 663 958 719 in
985 662 1198 719 creatis
1217 676 1356 716 vero
1382 659 1601 731 sapius
1620 659 1798 714 etiam
1829 659 2160 714 similitudi-

512 772 674 820 nem,
724 770 794 811 ac
845 750 1156 826 partialem
1210 763 1588 822 quamquam
1645 747 2156 802 assimilationem.

510 847 704 911 Quare
722 849 918 899 autem
952 837 1423 908 deditjudicium
1451 837 1590 891 Filio
1619 837 1647 891 ?
1669 837 1818 900 Quia
1850 836 1943 891 hic
1969 837 2159 892 homi-

505 950 644 991 nem
659 931 952 994 formavit,
969 929 1152 1002 perdit
1165 943 1384 999 umque
1398 925 1741 980 reformavit
1758 943 1773 990 ;
1790 942 1859 980 ac
1874 925 2158 982 salutaria

505 1023 965 1095 deditpraacepta
991 1034 1002 1072 :
1035 1025 1092 1074 et
1119 1023 1180 1073 ut
1203 1017 1306 1088 qui
1337 1017 1516 1072 homo
1545 1016 1852 1079 factusest,
1882 1015 2156 1071 homines

501 1113 797 1185 judicaret
829 1132 842 1166 :
879 1125 998 1165 non
1049 1107 1245 1162 solum
1278 1114 1560 1176 tanquam
1613 1107 1786 1165 Deus,
1822 1105 1925 1174 qui
1955 1104 2154 1159 homi-

507 1218 653 1258 num
686 1201 849 1256 novit
879 1204 1174 1265 naturam,
1228 1210 1432 1251 verum
1460 1193 1638 1248 etiam
1666 1192 1942 1259 uthomo,
1975 1193 2153 1264 quiin

509 1306 581 1347 ea
616 1291 804 1346 forma
850 1292 1106 1344 tentatus
1156 1291 1263 1340 est.
1304 1284 1367 1338 Et
1409 1297 1597 1353 quare
1649 1281 1824 1336 Filius
1881 1282 2156 1340 formavit

506 1378 860 1438 hominem?
888 1375 1180 1446 Quiaipse
1213 1379 1299 1428 est
1330 1371 1650 1442 Sapientia,
1688 1371 1943 1426 Verbum
1966 1377 2024 1426 et
2048 1371 2152 1428 Po-

503 1471 686 1525 tentia
718 1467 902 1524 Patris
928 1467 996 1520 ".
1033 1467 1096 1519 Et
1120 1478 1302 1536 quare
1343 1460 1523 1516 Filius
1552 1465 1606 1516 et
1657 1475 1776 1516 non
1808 1460 1997 1526 Pater,
2043 1476 2152 1517 nec

501 1557 748 1632 Spiritus
792 1559 1023 1612 sanctus
1067 1552 1500 1609 humanitatem
1544 1550 1869 1620 assumpsit
1916 1550 1944 1603 ?
2001 1550 2152 1615 Quia

501 1645 815 1719 oportebat
847 1651 906 1700 ut
934 1643 1036 1717 qui
1075 1642 1135 1697 in
1167 1640 1446 1713 supernis
1479 1638 1652 1693 Filius
1699 1645 1840 1703 erat,
1887 1644 2151 1694 maneret

501 1736 680 1793 etiam
732 1736 788 1789 in
839 1732 1084 1790 infernis
1125 1729 1321 1793 Filius,
1368 1745 1442 1783 ne
1481 1728 1602 1783 duo
1659 1736 1854 1783 essent
1886 1728 2050 1782 Filii:
2093 1733 2151 1782 et

1885 344 2228 414 summa
2267 344 2599 414 ZlGABENi

589 492 797 546 Verum
832 474 981 543 scire
1009 485 1259 557 Opertet.
1293 481 1453 555 quod
1484 481 1774 538 dictiones
1801 483 1906 548 sic,
1930 482 2084 538 sicut
2107 489 2164 538 et
2197 483 2244 535 Λ

3765 355 3936 417 1220

2354 482 2572 558 Χρὴ-δε
2616 489 2892 556 γινώσκειν
2946 487 3026 539 ὅτι
3087 489 3145 539 τὸ
3198 488 3392 562 ὥσπερ,
3444 491 3534 540 καὶ
3591 489 3652 538 τό
3726 490 3937 544 καθὼς

2275 577 2365 625 καὶ
2412 577 2477 625 τὰ
2523 583 2742 626 τοιαῦτα
2784 573 2867 627 ἐπὶ
2912 579 3002 648 μὲν
3058 585 3150 637 τῆς
3205 575 3459 629 ἁκτίστου
3513 572 3690 650 Τριάδ
3695 596 3762 637 ος
3810 581 3934 634 τὴν

2279 661 2496 720 ἰσότητα
2539 659 2813 729 δηλοῦσιν,
2867 666 2950 717 ἐπὶ
2991 661 3050 717 δε
3092 675 3189 718 τῶν
3232 674 3457 718 κτιστῶν
3505 665 3768 726 πολλάκις
3815 672 3932 718 καὶ

2276 752 2508 804 εἰκασίαν
2551 757 2640 804 καὶ
2687 754 2973 824 ὁμοιότητά
3021 773 3138 806 τινα
3191 760 3429 829 μερικὴν.
3481 759 3630 808 Διατί
3689 751 3762 807 δὲ
3825 755 3928 825 (ί)

2275 845 2362 898 τὴν
2403 847 2576 914 κρίσιν
2629 838 2827 894 δέδωκε
2869 851 2941 913 τῷ
2991 845 3095 913 Υἱῷ
3125 860 3138 909 ;
3167 849 3309 895 Διότι
3361 844 3512 906 οὗτος
3547 847 3633 896 τόν
3686 845 3930 918 ἄνθρω-

2274 949 2368 980 πον
2415 929 2623 990 ἔπλασε,
2669 937 2758 983 καὶ
2809 933 3064 1004 φθαρέντα
3115 932 3386 998 ἀνέπλασε,
3444 935 3660 994 καὶτὰς
3715 951 3925 989 σωτη-

2272 1023 2418 1090 ρίους
2450 1018 2651 1081 ἐντολὰς
2699 1015 2880 1088 ἔδωκε,
2930 1026 3015 1073 xui
3069 1024 3150 1073 ἱνα
3202 1023 3227 1073 ό
3276 1021 3673 1092 ένανθρωπὴσας
3735 1025 3917 1092 κρίνῃ

2272 1111 2393 1170 τοὺς
2425 1107 2724 1182 ἀνθρώπους
2770 1114 2842 1180 μὴ
2887 1115 3040 1181 μόνον
3079 1113 3146 1172 ὡς
3192 1115 3340 1181 Θεὸς,
3392 1107 3538 1171 εἰδὼς
3579 1116 3674 1168 τὴν
3727 1112 3922 1182 φύσιν

2271 1205 2370 1248 τῶν
2413 1199 2712 1270 ἀνθρώπων,
2765 1195 2894 1249 ἀλλὰ
2939 1204 3029 1250 xui
3087 1201 3157 1261 ὡς
3208 1201 3498 1274 ἅνθρωπος,
3563 1204 3920 1271 πεπειραμέ-

2269 1305 2356 1346 νος
2381 1285 2567 1348 αύτῆς.
2621 1291 2720 1339 Καὶ
2751 1283 2898 1339 διατί
2936 1287 3152 1340 ἔπλασεν
3200 1290 3226 1340 ὁ
3278 1291 3396 1350 Υἱὸς
3448 1291 3534 1340 τὸν
3560 1290 3862 1362 ἄνθρωπον
3893 1306 3910 1354 ;

2272 1381 2412 1426 Διοτι
2455 1375 2605 1436 οὗτός
2653 1375 2764 1427 ἐστι
2805 1380 2963 1447 Σοφία
3009 1381 3098 1428 καὶ
3143 1381 3312 1450 Λόγος
3364 1383 3452 1430 καὶ
3505 1381 3737 1450 Δύναμις
3801 1387 3912 1430 τοῦ

2272 1468 2488 1538 Πατρός.
2542 1469 2642 1516 Καὶ
2690 1461 2891 1517 διατίό
2924 1468 3044 1528 Υἱός
3097 1465 3202 1518 ἀλλ’
3241 1467 3348 1538 οὐχ
3398 1469 3425 1520 ό
3488 1472 3666 1541 Πατὴρ
3729 1471 3766 1525 ἦ
3839 1473 3910 1519 τό

2270 1559 2476 1626 Πνεῦμα
2532 1557 2589 1606 τό
2640 1553 2786 1625 ἅγιον
2841 1553 3238 1630 ένηνθρὼπησε;
3271 1561 3412 1609 Διότι
3458 1553 3563 1609 ἔδει
3618 1560 3706 1608 τόν
3785 1560 3908 1608 ἄνω

2268 1644 2384 1694 Υἰὸν
2415 1646 2580 1713 μένειν
2607 1648 2698 1694 καὶ
2727 1645 2870 1695 κάτω
2899 1646 3039 1709 Υὶόν,
3075 1646 3158 1696 ἶνα
3195 1649 3268 1717 μὴ
3315 1641 3413 1698 δύο
3457 1642 3551 1698 εἶεν
3597 1647 3737 1715 Υἱοὶ,
3802 1653 3909 1698 καὶ

2267 1727 2408 1782 διότι
2445 1727 2551 1782 ἔδει
2593 1734 2680 1782 τόν
2736 1735 3066 1804 Δημιουργόν
3113 1731 3444 1786 ἀνακαινίσαι
3485 1737 3544 1785 τό
3601 1733 3906 1806 συντριϐεν

499 1826 644 1898 quia
672 1823 986 1897 oportebat
1009 1822 1184 1877 etiam
1227 1818 1562 1873 Creatorem
1596 1833 1883 1872 renovare
1917 1817 2148 1872 confra-

2263 1819 2424 1871 αὐτοῦ
2468 1815 2868 1893 δημιούργημα,
2914 1826 3004 1873 καὶ
3045 1818 3184 1874 διότι
3235 1818 3342 1874 ἔδει
3389 1826 3475 1875 τὸν
3521 1821 3734 1893 λογικόν
3794 1820 3837 1874 δ
3842 1827 3905 1874 ιὰ.

499 1921 659 1971 ctam
689 1928 860 1968 suam
891 1917 1255 1972 creaturam;
1282 1913 1337 1962 et
1365 1905 1508 1978 quia
1533 1922 1686 1975 opus
1720 1913 1844 1961 erat
1876 1912 1937 1960 ut
1969 1907 2147 1962 ratio-

501 2003 635 2060 nale
663 2019 766 2075 per
789 2001 1078 2056 rationem
1120 1998 1238 2052 sive
1272 1997 1533 2052 Verbum
1565 1995 1915 2050 liberaretur
1951 1995 2029 2051 ab
2075 1997 2150 2050 ir-

501 2089 921 2148 rationalitatis
966 2087 1378 2143 affectionibus
1413 2104 1426 2152 ;
1468 2091 1522 2138 et
1564 2086 1707 2156 quia
1754 2083 2002 2140 decebat
2045 2100 2152 2156 per

502 2180 925 2236 immutabilem
959 2177 1141 2232 Patris
1181 2173 1532 2244 imaginem,
1586 2189 1726 2228 eum
1765 2173 1869 2244 qui
1918 2172 1997 2228 ad
2053 2173 2150 2228 Dei

499 2269 827 2338 imaginem
860 2266 1050 2322 factus
1095 2263 1304 2327 fuerat,
1359 2277 1614 2332 eamque
1666 2265 2018 2326 mutaverat,
2072 2262 2148 2317 ad

498 2358 809 2432 pristinam
860 2354 1117 2427 reparari
1147 2353 1520 2424 dignitatem,
1556 2355 1620 2406 ut
1659 2351 1738 2406 ita
1781 2351 2149 2406 convenienti

498 2446 682 2503 modo
709 2446 916 2502 omnia
958 2443 1181 2498 ﬁerent.

572 2535 786 2590 Verum
799 2536 846 2590 si
858 2550 992 2589 eum
1006 2529 1522 2597 honoraverimus,
1537 2528 1685 2584 sicut
1697 2528 1990 2584 honoram
2001 2546 2066 2584 us
2095 2535 2150 2585 et

497 2625 730 2682 Patrem
760 2623 1001 2680 omnino
1026 2621 1195 2677 etiam
1219 2619 1450 2674 Patrem
1481 2617 1641 2674 hunc
1657 2618 2096 2690 appellabimus
2121 2619 2149 2674 ?

496 2716 909 2786 Nequaquam,
942 2709 1044 2766 sed
1071 2708 1277 2764 Filium
1305 2724 1438 2763 eum
1467 2707 1736 2773 scientes,
1775 2707 1994 2762 Patrem
2028 2724 2146 2763 non

495 2802 952 2875 appellabimus,
969 2815 1042 2855 ne
1064 2797 1452 2871 proprietates
1465 2795 1913 2851 confundamus
1935 2797 2150 2862 ;hono-

494 2891 766 2947 rabimus
779 2896 999 2955 tamen,
1024 2886 1173 2942 sicut
1189 2886 1435 2940 Patrem:
1462 2900 1605 2939 nam
1619 2885 1692 2939 de
1709 2884 1936 2940 honore
1951 2901 2147 2941 sermo

495 2985 602 3045 est,
637 2994 758 3035 non
787 2979 861 3033 de
893 2975 1305 3049 appellatione.
1329 2973 1586 3029 Abusive
1618 2989 1757 3028 vero
1783 2979 1836 3028 et
1861 2973 2022 3029 hunc
2054 2977 2149 3030 Pa-

492 3074 641 3124 trem
653 3082 962 3129 vocamus,
980 3071 1264 3136 tanquam
1284 3067 1608 3119 creatorem
1628 3068 1685 3118 et
1702 3069 2147 3134 procuratorem

493 3172 564 3214 ac
595 3156 948 3226 magistrum
969 3161 1265 3209 nostrum.

567 3245 758 3301 Vidisti
782 3242 1287 3316 sapientissimam
1305 3247 1362 3297 et
1391 3239 1810 3297 admirabilem
1846 3247 2148 3296 contextu-

491 3351 624 3393 rain
657 3333 1000 3390 sublimium
1024 3331 1460 3402 humiliumque
1495 3330 1807 3386 verborum
1838 3347 1852 3396 ;
1889 3335 1950 3385 ut
1986 3336 2043 3385 et
2071 3331 2146 3386 de

491 3426 586 3483 his
617 3438 751 3498 que
785 3430 920 3480 tunc
962 3423 1116 3478 facta
1145 3428 1300 3487 sunt,
1327 3436 1525 3476 sermo
1556 3419 1725 3475 facile
1764 3419 2142 3490 suscipiatur,

491 3519 549 3571 et
578 3515 670 3571 his
695 3513 854 3570 nullo
884 3512 1000 3567 sint
1029 3511 1458 3582 impedimento
1488 3525 1560 3565 ea
1588 3525 1722 3581 quas
1754 3508 2143 3580 postmodum

489 3603 652 3660 ﬁent.
686 3602 803 3658 Nisi
857 3602 1016 3656 enim
1069 3614 1200 3654 sese
1231 3599 1543 3654 demittens
1589 3597 1840 3652 humilia
1878 3598 2140 3662 dixisset,

488 3707 677 3766 quare
706 3692 881 3747 etiam
914 3689 1193 3744 sublimia
1239 3687 1603 3744 attexuisset.
1637 3690 1783 3743 Nam
1814 3686 1919 3758 qui
1958 3687 2033 3742 de
2081 3703 2142 3742 se

491 3797 714 3852 magna
737 3781 932 3836 dicere
952 3779 1146 3843 debet,
1182 3793 1318 3833 cum
1344 3793 1527 3848 parva
1557 3776 1790 3832 locutus
1816 3776 2006 3844 fuerit,
2035 3791 2141 3847 pro

489 3871 872 3928 excusatione
951 3869 1132 3924 habet
1181 3866 1689 3939 dispensationem
1766 3882 1778 3920 :
1844 3865 2140 3938 siquidem

485 3959 916 4032 dispensatorie
946 3957 1057 4013 hoc
1095 3955 1246 4012 facit.
1309 3957 1494 4020 Quem
1521 3971 1664 4009 vero
1719 3971 1906 4024 parva
1945 3955 2140 4010 dicere

487 4049 786 4113 convenit,
811 4063 998 4120 quam
1025 4047 1103 4100 ob
1142 4061 1387 4100 causam
1415 4058 1639 4112 magna
1680 4043 1944 4116 loquitur
1972 4043 2000 4098 ?
2023 4061 2139 4099 non

487 4139 646 4196 enim
686 4133 1143 4208 dispensationis
1195 4134 1306 4188 hoc
1351 4139 1456 4196 est,
1495 4133 1598 4188 sed
1656 4141 1932 4188 extremas
1980 4149 2140 4188 arro-

489 4226 730 4299 gantius.
748 4225 920 4291 Quod
938 4223 1174 4278 sietiam
1193 4224 1386 4278 minor
1406 4228 1531 4278 erat
1548 4222 1749 4287 Filius,
1772 4223 1922 4278 sicut
1940 4222 2138 4278 Ariani

485 4315 891 4385 nugabantur,
921 4328 1106 4385 quare
1128 4311 1420 4383 aequalem
1454 4312 1615 4370 Patri
1649 4312 1938 4366 honorem
1965 4327 2142 4382 expe-

486 4405 650 4462 tebat
677 4403 706 4460 τ
732 4407 846 4460 Nec
876 4409 1106 4459 tantum
1136 4400 1470 4473 expetebat,
1504 4417 1707 4456 verum
1742 4400 1922 4456 etiam
1963 4406 2138 4458 terro-

484 4511 613 4554 rem
641 4492 986 4556 incutiebat,
1017 4490 1222 4546 dicens
1255 4507 1267 4547 :

561 4585 723 4640 Vers.
763 4585 852 4638 23.
884 4581 994 4647 Qui
1019 4611 1087 4620 -—-
1113 4581 1310 4637 illum.
1339 4579 1446 4645 Qui
1486 4594 1607 4635 non
1646 4578 1922 4646 honorat,
1958 4580 2138 4637 modo

487 4690 606 4749 quo
644 4671 913 4746 superius
942 4670 1108 4736 dixit,
1139 4669 1254 4725 hoc
1285 4675 1391 4734 est,
1424 4669 1574 4723 sicut
1603 4669 1853 4723 Patrem.
1899 4668 2142 4727 Addidit

485 4769 687 4822 autem
721 4780 735 4818 :
777 4761 888 4828 Qui
910 4760 1063 4816 misit
1092 4760 1290 4824 illum,
1313 4773 1436 4814 non
1467 4758 1556 4812 sui
1587 4756 2047 4813 minorationem
2064 4759 2138 4814 si-

486 4851 798 4924 gniﬁcans,
853 4851 957 4907 sed
1005 4864 1114 4905 ora
1163 4847 1500 4903 Judmorum
1532 4846 1834 4902 obturans.
1898 4850 2138 4919 Propter

483 4941 601 5000 hoc
621 4939 800 4998 etiam
825 4939 1105 4996 continue
1143 4937 1220 4993 ad
1249 4937 1476 4993 Patrem
1503 4936 1736 5004 refugit,
1785 4952 2013 5006 ponens
2039 4937 2134 4992 in-

485 5031 655 5089 terim
676 5035 733 5086 et
759 5046 883 5085 suae
902 5034 1126 5084 naturae
1149 5025 1540 5082 nobilitatem.
1575 5026 1709 5080 Sive
1735 5025 1893 5080 enim
1926 5025 2134 5081 omnia

485 5121 815 5178 secundum
867 5119 953 5174 sui
984 5117 1334 5187 dignitatem
1366 5115 1597 5171 locutus
1631 5114 1856 5178 fuisset,
1917 5130 2132 5186 nequa-

483 5226 661 5285 quam
675 5208 1094 5282 suscepissent,
1117 5207 1526 5262 existimantes
1547 5219 1685 5260 eum
1704 5202 1824 5258 Deo
1841 5219 1972 5258 esse
1997 5219 2135 5258 con-

557 5390 600 5426 ⁸⁷
636 5391 654 5444 ι
687 5389 815 5444 Cor.
860 5403 1010 5454 xxiv,
1058 5386 1126 5441 3O
1159 5401 1174 5452 ;
1211 5383 1381 5439 llebr.
1420 5399 1458 5450 ι,
1501 5387 1554 5438 3.

2261 1916 2352 1960 τοῦ
2395 1913 2568 1979 Λόγου
2620 1907 3021 1983 ἐλευθερωθῆναι
3050 1917 3138 1970 τῆς
3167 1909 3377 1981 ἀλογίας
3405 1919 3504 1962 τῶν
3533 1913 3735 1976 παθῶν,
3797 1917 3900 1964 καὶ

2262 1993 2402 2049 διότι
2431 2001 2621 2070 πρέπον
2649 1994 2710 2056 ἧν
2738 1995 2772 2050 δ
2779 2002 2831 2050 ια
2861 2006 2957 2060 τῆς
2983 1997 3380 2072 ἀπαραλλάκτων
3401 2000 3594 2062 εἰκόνος
3615 2008 3709 2052 τοῦ
3737 2007 3896 2053 Πατ-

2258 2090 2344 2162 ρός
2365 2090 2452 2138 τόν
2481 2087 2597 2138 κατ’
2620 2087 2793 2139 εἰκόνα
2818 2095 2952 2141 Θεοῦ
2978 2094 3320 2160 πεποιημένον
3347 2094 3436 2142 καὶ
3465 2089 3890 2162 παραλλάξαντα

2259 2176 2421 2234 αὐτὴν
2448 2176 2521 2238 εἰς
2560 2180 2618 2228 τὸ
2648 2181 2894 2251 πρότερον
2925 2176 3290 2250 ἐπαναχθῆναι
3327 2177 3548 2251 ἀξίωμα,
3600 2184 3693 2231 καὶ
3731 2180 3884 2232 οὕτω

2257 2263 2584 2325 καταλλήλως
2617 2265 2786 2318 πάντα
2811 2268 3071 2337 γενέσθαι.

2331 2533 2388 2587 Εἰ
2425 2530 2512 2586 οὖν
2564 2538 2865 2608 τιμήσωμεν
2919 2539 2994 2603 (2)
3040 2535 3218 2604 αὐτὸν,
3271 2537 3444 2598 καθὼς
3501 2544 3733 2609 τιμῶμεν
3785 2541 3877 2589 τόν

2259 2627 2482 2697 Πατέρα,
2538 2626 2741 2684 πάντως
2799 2629 2890 2676 καὶ
2945 2629 3148 2698 Πατέρα
3203 2633 3380 2677 τοῦτον
3440 2630 3878 2700 προσαγορεύσο-

2255 2732 2345 2785 μεν
2391 2712 2513 2782 (3);
2553 2709 2817 2786 Οὐδαμῶς
2853 2731 2866 2742 ⁸
2906 2711 3011 2765 ἀλλ’
3043 2716 3163 2766 Υἰὸν
3209 2713 3366 2766 αὑτὸν
3415 2711 3606 2775 εἰδότες
3659 2722 3872 2790 Πατέρα

2256 2805 2345 2874 μεν
2371 2801 2464 2852 οὐκ
2495 2801 2837 2873 ὀνομάσομεν,
2867 2802 2950 2853 ἵνα
2979 2807 3052 2872 μὴ
3088 2807 3396 2875 σνγχέωμεν
3426 2806 3519 2865 τὰς
3551 2800 3835 2866 ἰδιότητας
3857 2826 3869 2836 ·

2258 2893 2328 2950 ὡς
2356 2894 2442 2942 τὸν
2489 2894 2694 2963 Πατέρα
2737 2887 2795 2942 δι
2841 2897 3129 2964 τιμήσομεν
3327 2897 3444 2966 περὶ
3487 2896 3590 2964 γὰρ
3640 2901 3805 2965 τιμῆς
3846 2896 3870 2944 ό

2257 2979 2426 3050 λόγος,
2458 2978 2518 3030 ού
2565 2983 2683 3051 περὶ
2730 2984 3108 3053 προσηγορίας.
3166 2987 3621 3054 Καταχρηστικῶς
3669 2979 3732 3034 δε
3779 2988 3866 3033 καὶ

2260 3071 2466 3140 Πατέρα
2495 3074 2674 3119 τοῦτον
2700 3067 2971 3140 καλοῦμεν,
3006 3070 3076 3130 ὡς
3101 3073 3317 3128 ποιητὴν
3355 3075 3446 3122 xui
3471 3067 3741 3143 κηδεμόνα
3771 3076 3851 3121 καὶ

2259 3152 2585 3208 διδάσκαλον
2607 3157 2774 3228 ἡμῶν,

2328 3241 2478 3307 Εἶδες
2515 3249 2609 3303 τὴν
2670 3247 2975 3317 σοφωτάτην
3023 3251 3113 3298 καὶ
3163 3248 3461 3318 θαυμασίαν
3513 3247 3708 3307 πλοκὴν
3755 3254 3841 3298 τῶν

2256 3333 2467 3404 ὑψηλῶν
2512 3334 2622 3405 ἅμα
2667 3339 2757 3386 καὶ
2802 3343 3052 3386 ταπεινῶν
3099 3335 3346 3408 ῥημάτων
3381 3352 3392 3364 ⁸
3433 3339 3570 3390 ὥστε
3616 3343 3706 3388 καὶ
3757 3344 3859 3398 τοῖς

2255 3427 2369 3474 τότε
2411 3425 2646 3494 γίνεσθαι
2685 3427 2772 3474 τὸν
2810 3421 2961 3494 λόγον
3002 3421 3410 3498 εὐπαράδεκτον,
3442 3431 3531 3478 καὶ
3571 3430 3697 3486 τούς
3732 3429 3860 3497 μετὰ

2253 3519 2405 3564 τοῦτο
2436 3516 2506 3583 μὴ
2555 3509 2903 3584 βλάπτεσθαι.
2950 3513 3006 3565 Ei
3051 3516 3152 3586 γὰρ
3200 3517 3273 3585 μὴ
3309 3510 3404 3566 διὰ
3462 3514 3860 3584 συγκατάϐασιν

2252 3605 2318 3654 τα
2347 3603 2562 3653 ταπεινὰ
2606 3601 2764 3670 ἔλεγε,
2807 3598 2954 3653 διατί
3001 3606 3092 3653 καὶ
3139 3606 3204 3653 τὰ
3254 3601 3432 3672 ὑψηλά
3477 3604 3857 3678 προσέπλεκενς

2251 3688 2309 3742 Ὀ
2364 3693 2455 3762 μεν
2506 3693 2608 3764 γὰρ
2669 3689 2879 3761 ὀφείλων
2953 3690 3156 3762 μεγαλα
3229 3696 3348 3763 περὶ
3421 3691 3606 3744 ἑαυτοῦ
3677 3692 3858 3764 λέγειν,

2252 3780 2372 3830 ὅταν
2402 3781 2566 3852 μικρὰ
2597 3780 2903 3850 φθέγγηται,
2945 3784 3203 3851 πρόφασιν
3252 3783 3365 3850 ἔχει
3408 3785 3499 3839 τὴν
3540 3784 3856 3854 οἰκονομίαν·

2251 3867 2558 3940 οἰκονομικῶ
2615 3871 2715 3940 γὰρ
2745 3877 2898 3920 τοῦτο
2929 3876 3064 3921 ποιεῖ
3091 3886 3104 3898 ·
3137 3869 3162 3920 ό
3191 3865 3248 3920 δε
3263 3872 3428 3944 μικρὰ
3454 3869 3618 3941 λέγειν
3650 3871 3857 3942 ὀφείλων

2249 3961 2388 4019 τίνος
2423 3957 2582 4009 ἕνεκεν
2639 3957 2839 4028 μεγάλα
2895 3959 3207 4029 φθέγγεται;
3240 3954 3404 4010 Τοῦτο
3433 3961 3536 4032 γὰρ
3585 3958 3680 4010 οὐκ
3719 3963 3856 4011 ἔστιν

2251 4045 2569 4118 οἰκονομίας,
2605 4044 2709 4096 ἀλλ’
2743 4044 2979 4116 ἐσχάτης
2999 4044 3323 4108 ἀλαζονείας.
3359 4047 3416 4100 Εἰ
3437 4043 3496 4099 δε
3521 4053 3612 4099 καὶ
3637 4048 3852 4100 ἐλάττων

2251 4131 2312 4193 ἦν
2343 4136 2368 4186 ό
2407 4137 2538 4202 Υἱὸς,
2574 4136 2644 4196 ὡς
2687 4135 2734 4186 oi
2764 4139 2880 4208 περὶ
2920 4138 3005 4187 τὸν
3035 4133 3240 4210 ’Ἄρειον
3298 4133 3534 4208 ἐλήρονν,
3571 4133 3719 4190 διατί
3761 4142 3850 4195 τὴν

2248 4226 2370 4280 ἴσην
2395 4231 2466 4293 τῷ
2503 4228 2667 4295 Πατρὶ
2706 4228 2861 4294 τιμὴν
2911 4221 3137 4296 unfit“;
3169 4230 3268 4278 Καὶ
3317 4224 3410 4277 οὐκ
3451 4224 3642 4298 ἀπῄτει
3681 4232 3844 4300 μόνον,

2251 4311 2378 4365 ἄλλα
2408 4317 2498 4365 καὶ
2519 4310 2706 4385 ἐφόϐει,
2732 4312 2910 4384 λέγων·

2317 4578 2376 4632 Ὀ
2416 4609 2482 4620 -
2529 4579 2704 4636 αὐτόν.
2760 4580 2819 4634 Ὁ
2869 4587 2940 4655 μὴ
2994 4590 3177 4655 τιμῶν,
3231 4584 3300 4644 ὡς
3357 4581 3524 4655 ἔλεγεν
3590 4583 3824 4658 ἀνωτέρω,

2248 4673 2427 4741 ἤγουν,
2481 4671 2656 4731 καθὼς
2695 4673 2782 4723 τόν
2833 4676 3056 4745 Πατέρα.
3106 4675 3204 4724 Τόν
3261 4671 3542 4744 πέμψαντα
3598 4671 3653 4724 δὲ
3700 4670 3819 4723 εἶπεν

2247 4758 2339 4811 οὐκ
2396 4757 2677 4811 ἐλάττωσιν
2733 4759 2916 4813 ἑαυτοῦ
2974 4760 3284 4834 ἔμφφαίνων,
3330 4760 3460 4817 ἀλλὰ
3508 4766 3567 4814 τὰ
3602 4764 3821 4832 στόματα

2245 4857 2344 4902 τῶν
2395 4845 2664 4902 Ἰουδαίων
2709 4848 2999 4922 έμφάττων.
3055 4854 3149 4904 Διὰ
3194 4859 3347 4904 τοῦτο
3402 4855 3506 4925 γὰρ
3562 4856 3647 4902 καὶ
3696 4869 3830 4903 συνι-

2244 4947 2359 5011 χῶς
2393 4936 2476 4990 ἐπὶ
2520 4941 2604 4990 τόν
2654 4945 2861 5015 Πατέρα
2906 4944 3237 5013 καταφεύγει,
3296 4943 3460 5003 τιθεὶς
3505 4941 3701 5014 μεταξύ
3750 4945 3835 5000 τὴν

2243 5029 2434 5080 οἰκείαν
2491 5027 2761 5100 εὐγένειαν.
2821 5033 2938 5083 Εἴτε
3001 5032 3103 5104 γὰρ
3164 5033 3336 5082 πάντα
3394 5035 3528 5104 πρὸς
3587 5037 3683 5091 τήν
3735 5033 3841 5086 iuu-

2241 5123 2334 5168 τοῦ
2389 5114 2536 5178 ἀξίαν
2596 5115 2780 5188 έλάλει,
2846 5118 2941 5172 οὐκ
3009 5119 3070 5171 ἆν
3141 5117 3490 5193 παρεδέξαντο
3555 5124 3840 5194 νομίζοντες

2245 5203 2493 5271 ἀντίθεον,
2523 5207 2649 5259 ὅπου
2680 5209 2762 5280 (5)
2807 5227 2866 5280 γε
2895 5212 2986 5261 xui
3017 5206 3116 5262 ἀπὸ
3165 5207 3412 5285 βραχέων
3455 5214 3706 5265 τοιούτων
3753 5213 3838 5290 (3n-

1710 5485 2282 5558 Variaalectiones
2327 5501 2387 5556 et
2428 5499 2627 5559 notae.

557 5640 640 5713 (t)
671 5641 771 5693 Καί
801 5635 1122 5713 interponit
1145 5634 1218 5691 A.

558 5645 603 5713 (t
671 5641 771 5693 Καί
801 5640 1062 5708 interpon

558 5640 640 5784 (2;
669 5715 970 5782 Τιμὴσομεν
990 5709 1062 5784 ΔΒ.

556 5781 636 5874 ίὸ)
669 5781 1180 5866 Προσαγορεύσωμεν
1209 5782 1256 5835 Α

2313 5631 2398 5708 (ὦ)
2429 5634 2516 5688 ΑΙ.
2542 5637 2678 5708 Trin}
2689 5651 2877 5708 σωμεν.

2314 5707 2391 5777 (5)
2432 5710 2493 5758 Γε
2514 5705 2683 5762 abest
2712 5705 2769 5761 s.
