4120 6310
211 326 345 393 1221

209 464 389 535 μάτων
467 458 686 524 ἐδίωξαν
739 459 895 512 αὐτὸν
958 463 1048 511 καὶ
1096 458 1340 511 ἆλὲθασαν
1395 474 1408 486 ·

213 549 681 624 συγκαταϐατικῶς
767 547 1060 621 ἐφθέγγετο,

209 641 392 694 πολλοὶ
457 638 516 691 διν
577 638 897 696 ἐϐλάϐησαν.
961 642 1166 711 Διόπερ,
1205 641 1275 697 ὡς
1332 637 1629 710 εἰρήκαμεν,
1690 636 1809 688 ἀνα-

1166 550 1490 621 ύφορώμενος
1595 547 1804 611 αύτούς,

208 734 433 801 μίγνυσι
471 733 561 781 καὶ
617 733 768 801 κιρνᾷ
820 732 911 787 τὴν
967 724 1347 782 διδασκαλίαν,
1415 730 1551 799 Πρός
1604 728 1705 799 γὰρ
1750 728 1808 776 τὸ

211 814 600 893 εύπαράδεκτον
674 818 918 887 γενέσθαι
1004 816 1186 879 αὐτὴν,
1277 815 1336 866 ού
1421 822 1666 866 τοσοῦτον
1745 815 1810 864 τὰ

210 907 393 978 ὑψηλὰ
450 909 570 960 ὅσον
625 908 693 958 τὰ
749 907 964 957 ταπεινὰ
1031 904 1380 958 συνεϐάλλετο.
1440 908 1633 957 Λοιπὸν
1700 899 1807 969 οὖν,

214 999 337 1049 ὃταν
388 996 706 1071 εὑρίσκωμεν
763 996 1008 1055 ταπεινὰς
1078 997 1263 1065 φωνὰς,
1321 994 1657 1065 οἰκονομικῶς
1723 991 1812 1043 αύ-

210 1090 306 1148 τὰς
348 1086 698 1157 λογιζώμεθα,
728 1084 756 1141 ἦ
807 1088 897 1134 καὶ
952 1090 1013 1156 τῇ
1059 1082 1421 1157 ἁνθρωπότητι
1474 1082 1634 1134 αὐτού
1691 1086 1812 1133 ταύο

208 1196 301 1238 τας
346 1177 742 1248 προσάπτωμεν,
807 1176 978 1244 ὥσπερ
1035 1177 1124 1223 καὶ
1176 1174 1265 1232 τὰς
1321 1171 1528 1242 ὑψηλὰς
1584 1180 1647 1243 τῇ
1707 1173 1813 1222 θεό-

210 1288 354 1327 τητι.

287 1357 451 1430 ’Δμὴν
482 1386 549 1395 -
590 1355 816 1407 αἰώνιον.
877 1354 1054 1406 ’Πάλιν
1098 1352 1439 1424 οἰκονομικῶς
1469 1357 1645 1424 φησίν.
1702 1351 1811 1403 Οὐκ

210 1443 321 1499 εἶπε
376 1447 501 1517 γὰρ,
558 1448 657 1497 Καὶ
708 1446 967 1495 πιστεύων
1015 1442 1152 1514 ἐμοὶ,
1209 1443 1292 1493 ἱνα
1336 1446 1407 1512 μὴ
1452 1438 1578 1513 δόξῃ
1613 1443 1812 1513 κομπά-

211 1536 320 1596 ζειν
350 1533 428 1607 (6)
457 1532 628 1607 [ἅλλὰ,
663 1532 743 1604 (7)
767 1529 839 1603 τῷ
862 1531 1124 1604 πέμψαντί
1149 1550 1229 1603 με,
1261 1531 1344 1582 ἵνα
1366 1526 1493 1603 δόξῃ
1519 1535 1588 1603 μὴ
1622 1528 1705 1602 ἀφ’
1733 1530 1811 1601 (8)

211 1623 400 1677 ἑαυτοῦ
433 1622 618 1695 λέγειν,
647 1620 754 1673 ἀλλ’
786 1624 889 1673 ἀπὸ
920 1628 1011 1673 τοῦ
1027 1620 1325 1692 πέμψαντος
1355 1619 1531 1687 αὐτὸν,
1564 1624 1652 1671 καὶ
1678 1619 1813 1671 οὕτω

210 1715 543 1765 πιστεύσωσι
571 1720 643 1781 τῷ
668 1710 803 1782 λόγῳ
851 1710 1034 1775 αὐτοῦ,
1066 1712 1137 1771 ὡς
1156 1706 1229 1761 δι’
1261 1708 1420 1761 αὐτοῦ
1453 1717 1522 1778 τῷ
1552 1707 1814 1781 πέμψαντι

1295 322 1657 389 COMMENT.
1698 331 1769 387 IN
1809 315 2153 389 JOANNEM'.
2195 356 2265 378 -ι-
2305 322 2464 394 CAP.
2508 326 2570 394 ν.

3433 340 3572 397 i222

1468 461 1567 510 εἴτε
1636 459 1807 509 πάντα

1936 458 2183 523 .rarium,
2219 475 2353 516 cum
2381 459 2557 516 etiam
2588 459 2664 517 ob
2694 476 2890 533 pauca
2920 461 3267 532 hujusmodi
3298 464 3479 522 verba
3507 466 3571 522 il-

1916 547 2040 603 lum
2092 554 2612 621 persequerentur,
2669 549 2997 623 vellentque
3052 551 3321 625 lapidare
3376 570 3390 609 :
3446 555 3570 611 sive

1916 638 2121 692 omnia
2151 654 2279 693 sese
2309 638 2675 695 demittendo
2704 639 2936 696 locutus
2967 641 3196 709 fuisset,
3220 643 3425 700 habito
3452 644 3574 700 illo-

1918 742 2051 781 rum
2078 731 2373 798 respectu,
2405 728 2569 783 multi
2604 744 2745 783 sane
2772 728 3191 787 detrimentum
3214 732 3351 788 inde
3378 750 3575 790 susce-

1919 818 2165 887 pissent.
2198 816 2360 886 Ideo,
2394 822 2451 871 ut
2479 816 2759 884 diximus,
2796 818 3002 875 miscet
3030 836 3100 875 ac
3145 827 3436 894 temperat
3464 823 3574 881 do-

1920 904 2192 960 ctrinam.
2229 907 2293 960 Ut
2330 905 2491 961 enim
2534 906 2705 962 facile
2748 909 3122 979 reciperetur,
3175 926 3295 966 non
3340 919 3568 968 tantum

1920 994 2150 1048 excelsa
2173 994 2547 1067 loquebatur,
2580 1002 2874 1067 quantum
2903 998 3226 1054 humilibus
3257 1003 3574 1072 permisce-

1919 1083 2041 1139 bat.
2071 1085 2270 1154 Itaque
2300 1101 2438 1139 cum
2470 1101 2644 1140 voces
2676 1086 2930 1141 humiles
2961 1089 3302 1159 reperimus,
3336 1091 3573 1164 dispen-

1923 1174 2177 1228 satorias
2197 1188 2301 1228 eas
2313 1174 2743 1241 existimemus,
2764 1174 2850 1231 vel
2874 1176 3052 1233 etiam
3068 1178 3197 1248 ejus
3214 1180 3574 1238 humanitati

1921 1261 2292 1333 adaptemus,
2322 1261 2472 1317 sicut
2503 1267 2559 1318 et
2584 1263 2848 1319 excelsas
2880 1265 3196 1323 divinitati.

1994 1353 2151 1405 Vers.
2175 1352 2263 1406 24.
2299 1352 2486 1407 Amen
2524 1383 2591 1393 —
2629 1360 2930 1413 mter-num.
2972 1358 3227 1413 Rursum
3259 1358 3571 1431 dispensa-

1922 1440 2066 1496 torie
2090 1440 2352 1512 loquitur
2383 1457 2395 1494 :
2424 1456 2619 1513 neque
2662 1442 2823 1498 enim
2854 1443 3001 1500 dixit
3034 1461 3046 1500 :
3084 1448 3148 1502 Et
3190 1447 3375 1504 credit
3404 1449 3571 1519 mihi,

1921 1544 1994 1584 ne
2025 1528 2264 1599 gloriari
2303 1529 2622 1588 videretur.
2690 1532 2799 1602 (Η-
2833 1532 2948 1589 Sed
2994 1536 3099 1606 qui
3138 1552 3227 1593 me
3262 1538 3442 1605 misit,
3500 1554 3575 1596 ne

1921 1619 2190 1674 videatur
2211 1634 2246 1673 a
2274 1619 2481 1690 seipso
2499 1619 2683 1691 loqui,
2717 1621 2821 1675 sed
2848 1623 2921 1677 ab
2944 1637 3033 1689 eo,
3051 1625 3156 1694 qui
3175 1626 3372 1697 ipsum
3396 1628 3572 1693 misit,

1922 1713 1985 1762 ut
2015 1709 2092 1763 ita
2121 1708 2369 1763 credant
2391 1709 2642 1764 sermoni
2674 1709 2821 1781 ejus,
2872 1712 3178 1768 credentes
3205 1731 3308 1787 per
3358 1731 3496 1772 eum
3521 1717 3574 1773 ei

214 1801 373 1853 αὐτόν
403 1802 746 1861 πιστεύοντες.
788 1799 946 1871 Ὁρᾷς
972 1807 1083 1860 πῶς
1111 1803 1169 1851 τὸ
1200 1800 1414 1851 ταπεὶνὰ
1443 1799 1521 1870 (9)
1547 1798 1706 1868 λέγειν
1728 1797 1814 1849 λυ-

1936 1797 2025 1868 qui
2057 1796 2256 1868 ipsum
2290 1797 2466 1852 misit.
2502 1798 2696 1865 Vides,
2729 1814 2915 1871 quam
2947 1801 3086 1857 utile
3111 1802 3185 1859 sit
3215 1803 3573 1861 sublimibus

216 1889 411 1943 σιτελεί
436 1897 541 1951 τοῖς
577 1889 794 1960 ὑψηλοῖς
805 1931 817 1945 .

295 1985 391 2032 Καὶ
430 2010 489 2019 -
516 1982 748 2052 ἔρχεται.
806 1978 892 2041 Εἰς
920 1979 1039 2049 (10)
1085 1980 1396 2051 κατάκρισιν
1445 1976 1724 2037 κολάσεως.
1753 1975 1813 2027 ’0

210 2071 314 2141 γὰρ
346 2072 605 2122 πιστεύων
628 2076 699 2139 τῷ
736 2067 874 2139 λόγῳ
926 2067 1086 2119 αὑτοῦ
1115 2070 1320 2127 πάντως
1344 2071 1427 2118 καὶ
1462 2073 1606 2139 τῆρεί
1634 2065 1809 2117 αὐτόν·

210 2156 391 2210 λοιπόν
450 2153 556 2221 οὖν,
615 2158 641 2208 ὁ
688 2161 760 2228 μὴ
815 2164 986 2230 τηρῶν
1038 2156 1191 2208 αὐτόν
1234 2155 1293 2207 ού
1360 2158 1593 2207 πιστεύει
1650 2154 1813 2225 αύτῷ,

212 2247 477 2323 Φρίξωμεν
508 2248 557 2299 οἱ
612 2252 684 2319 μὴ
739 2246 1090 2319 φυλάσσοντες
1144 2249 1233 2307 τὰς
1287 2243 1485 2305 ἐντολὰς
1528 2252 1620 2297 τού
1663 2250 1810 2299 Θεου.

212 2340 363 2392 Μετὰ
402 2345 501 2389 τῶν
531 2340 765 2389 ἀπίστων
795 2338 894 2411 γὰρ
928 2338 1241 2408 τετάγμεθα.
1292 2341 1529 2393 Ζήτησον
1570 2331 1629 2386 δὲ
1656 2340 1745 2386 καὶ
1767 2333 1815 2386 ἐν

210 2435 291 2497 τῷ
318 2430 474 2500 τρίτῳ
499 2425 758 2499 κεφαλκίῳ
785 2428 865 2492 τὸ,
896 2424 956 2477 Ὁ
984 2428 1243 2478 πιστεύων
1274 2423 1345 2485 εἰς
1366 2424 1539 2489 αὐτὸν,
1574 2423 1632 2475 ού
1653 2428 1817 2498 κρίνε-

211 2535 304 2570 ται
317 2561 329 2573 .

291 2694 447 2747 Ἀλλὰ
476 2727 542 2735 --
574 2694 734 2755 ζωήν.
760 2694 1013 2757 Θάνατον,
1047 2710 1106 2743 ου
1136 2695 1223 2743 τὸν
1254 2689 1369 2760 (Η)
1391 2692 1605 2743 ενταύθά
1636 2708 1814 2761 φησιν,

216 2784 348 2838 ἀλλὰ
370 2788 457 2836 τὸν
478 2782 599 2849 ἐκεῖ,
626 2786 868 2835 τουτέστι
912 2786 1008 2838 τὴν
1046 2780 1263 2831 κόλασιν
1290 2796 1301 2808 ’
1328 2782 1500 2837 ὥσπερ
1534 2784 1623 2830 καὶ
1657 2779 1813 2845 ζωήν,

213 2878 311 2931 τὴν
349 2872 637 2924 ἀπόλαυσιν
667 2876 756 2928 τὴν
808 2869 927 2923 ἐκεῖ.
961 2868 1197 2928 Μεταϐἀς
1234 2871 1335 2940 γὰρ
1391 2867 1491 2921 ἀπὸ
1530 2876 1625 2928 τῆς
1664 2870 1819 2920 ἀπισ-

218 2965 340 3022 τίας
372 2960 445 3021 εἰς
490 2965 584 3017 τὴν
615 2964 794 3012 πίστιν
847 2956 1164 3031 μεταϐέϐηκε
1213 2957 1390 3009 λοιπόν
1446 2962 1536 3010 καὶ
1590 2956 1690 3009 ἀπὸ
1725 2964 1819 3018 τῆς

219 3048 481 3110 κολάσεως
510 3056 610 3101 τῶν
642 3046 875 3099 ἀπίστων
933 3050 1017 3099 ini.
1057 3051 1150 3106 τὴν
1209 3046 1498 3099 ἀπόλαυσιν
1552 3056 1653 3099 τῶν
1699 3065 1820 3099 πισ-

217 3146 341 3193 τῶν.

293 3227 462 3300 Ἀμὴν
493 3258 560 3267 -
614 3226 886 3288 ζήσανταυ
922 3226 1089 3279 Εἰπὼν
1135 3225 1389 3301 ἀνωτέρω,
1441 3227 1517 3278 ὃτι
1554 3222 1753 3296 ’Ὠσπερ
1794 3224 1820 3275 ὁ

220 3321 404 3391 Πατὴρ
438 3318 621 3391 ἐγείρει
670 3319 786 3375 τούς
831 3319 1038 3387 νεκρούς
1090 3320 1179 3367 καὶ
1202 3314 1462 3383 ζωοποιεῖ,
1514 3314 1650 3366 οὕτω
1679 3312 1820 3365 καὶὸ

224 3410 349 3469 Υἱὸς
378 3406 468 3468 ούς
492 3406 622 3458 θέλει
655 3408 897 3467 ζωοποιεῖ
929 3422 940 3433 ·
977 3404 1059 3455 ἵνα
1100 3408 1172 3476 μή
1209 3402 1335 3475 δόξῃ
1370 3404 1656 3476 κομπάζειν
1684 3404 1817 3474 (12),

220 3494 590 3567 ἐπαγγέλλεται
623 3502 710 3545 νύν
735 3494 830 3546 οὐκ
872 3494 943 3555 εἰς
997 3512 1201 3567 μακραν
1254 3493 1582 3553 ζωοποιῆσαι
1612 3495 1819 3564 νεκρούς

220 3589 313 3637 καὶ
333 3587 420 3636 τόν
440 3584 590 3654 λόγον
629 3585 757 3657 ἔργῳ
788 3584 1179 3637 πιστώσασθαι.
1216 3588 1316 3635 Καὶ
1347 3580 1429 3633 ἐπὶ
1450 3589 1540 3642 τῆς
1569 3585 1820 3655 Σαμαρεί-

219 3668 368 3734 τιδος
388 3668 447 3725 δε
477 3674 667 3743 ὁμοίως
693 3672 932 3745 εἰρηκὼς,
953 3672 1030 3723 ὅτι
1059 3669 1313 3745 Ἔρχεται
1351 3673 1480 3743 ὥρα,
1503 3672 1819 3743 προσέθηκεν

222 3762 305 3813 ὅτι
364 3765 463 3813 Καὶ
510 3768 597 3812 νῦν
642 3763 772 3815 ἑστι.
829 3764 928 3813 Καὶ
986 3759 1099 3831 (13)
1163 3760 1437 3833 εἰρήκαμεν
1468 3757 1569 3811 ἐκεῖ
1608 3762 1703 3817 τὴν
1742 3758 1819 3811 αἱ·

221 3854 360 3905 τίαν.

300 4028 365 4080 Οἱ
393 4045 563 4100 νεκροι
627 4022 686 4078 δι
738 4028 1055 4078 ακούσονται
1101 4033 1197 4087 τῆς
1227 4033 1397 4096 φωνῆς
1436 4024 1616 4090 αὑτοῦ,
1669 4031 1819 4091 mag;

226 4116 372 4189 Ἀμα
430 4124 502 4186 τῷ
543 4114 758 4173 θελῆσαι
814 4114 990 4178 αὐτόν,
1048 4123 1143 4176 τῆς
1198 4116 1421 4167 ἑκάστου
1467 4112 1656 4184 ψυχῆς
1712 4112 1821 4165 ἐπι-

228 4209 551 4277 στραφείσης
600 4204 670 4265 εἰς
724 4206 780 4257 τὸ
819 4200 959 4255 ἴδιον
1019 4212 1189 4275 σῶμα.
1272 4208 1362 4255 καὶ
1413 4205 1463 4255 οἱ
1511 4202 1825 4264 ἀκούσαντες

225 4299 398 4369 νεκροὶ
466 4294 722 4354 ζήσανται
790 4293 942 4345 πάλιν
1016 4298 1111 4351 τὴν
1182 4291 1230 4344 ἐν
1309 4300 1382 4363 τῷ
1438 4298 1621 4365 κόσμῳ
1668 4293 1822 4352 ζωήν.

222 4382 425 4453 Ὑψηλά
455 4379 543 4434 οὖν
590 4382 807 4456 εἰρηκὼς
853 4382 1092 4450 ἐνταῦθα,
1124 4390 1192 4452 τῷ
1231 4381 1449 4434 καλέσαι
1501 4380 1679 4434 ὶαύτόν
1708 4384 1826 4434 Υἱόν

1921 1886 2117 1940 dicere
2137 1884 2479 1957 humiliter).

1995 1977 2152 2030 Vers.
2184 1978 2272 2028 24.
2313 1976 2390 2029 Ει
2423 2006 2483 2015 -
2528 1978 2713 2032 veniet
2765 1978 2878 2049 (Η-
2912 1982 2971 2034 In
3003 1980 3570 2039 condemnationem

1924 2079 2128 2134 poema.
2150 2064 2258 2128 Qui
2284 2063 2441 2117 enim
2466 2064 2651 2120 credit
2680 2068 2941 2123 sermoni
2972 2069 3122 2139 ejus,
3153 2070 3412 2141 profecto
3437 2089 3575 2129 eum

1924 2156 2101 2208 etiam
2134 2152 2499 2209 observabit.
2548 2154 2921 2227 Relinquitur
2972 2174 3134 2229 ergo,
3179 2165 3240 2216 ut
3299 2162 3402 2233 qui
3441 2177 3578 2219 eum

1925 2257 2046 2297 non
2077 2242 2371 2307 observet,
2405 2242 2457 2296 ei
2491 2258 2597 2298 nec
2637 2244 2857 2300 credat.
2886 2246 3412 2306 Perhorrescamus
3434 2267 3578 2321 ergo

1925 2347 2059 2397 nos,
2089 2332 2189 2403 qui
2224 2336 2524 2403 praecepta
2554 2332 2653 2387 Dei
2679 2349 2801 2389 non
2844 2350 3176 2393 servamus.
3202 2338 3348 2395 Cum
3372 2341 3578 2398 inﬁde-

1924 2421 2081 2476 libus
2120 2421 2277 2475 enim
2318 2420 2755 2477 collocabimur.
2798 2425 3004 2489 Quaere
3036 2442 3169 2482 vero
3201 2429 3378 2484 etiam
3409 2436 3578 2487 tertio

1926 2510 2118 2580 capite
2168 2508 2328 2563 istud
2396 2525 2410 2563 :
2468 2509 2579 2573 Qui
2644 2511 2706 2566 in
2765 2526 2895 2568 eum
2967 2515 3175 2580 credit,
3242 2533 3360 2573 non
3410 2519 3577 2589 judi-

1924 2604 2103 2654 catur
2128 2596 2196 2653 ⁸⁸.

2000 2688 2157 2739 Vers.
2199 2684 2288 2738 24.
2338 2685 2453 2742 Sed
2494 2716 2561 2728 —-
2587 2688 2791 2745 vitam.
2840 2690 2948 2761 (ἢ
2981 2693 3218 2749 Mortem
3262 2694 3405 2751 dicit
3455 2712 3578 2752 non

1927 2790 2061 2830 eam
2093 2790 2228 2846 quae
2264 2774 2359 2830 hic
2400 2780 2503 2841 est,
2561 2777 2663 2832 sed
2717 2793 2854 2850 quae
2901 2781 3004 2848 ibi,
3052 2782 3113 2837 id
3153 2789 3260 2850 est,
3309 2801 3573 2857 poenam.

1931 2864 2091 2920 Sicut
2113 2864 2282 2919 etiam
2316 2865 2515 2929 vitam,
2543 2866 2889 2936 fruitionem,
2918 2885 3055 2942 quae
3109 2872 3189 2928 ibi
3239 2880 3345 2930 est.
3374 2877 3581 2931 Trans-

1930 2968 2167 3024 gressus
2198 2953 2355 3009 enim
2389 2953 2467 3008 ab
2513 2954 2915 3014 incredulitate
2969 2960 3046 3015 ad
3101 2961 3301 3027 ﬁdem,
3354 2965 3583 3020 transiit

1930 3041 2225 3113 reliquum
2258 3042 2435 3098 etiam
2466 3042 2540 3099 ab
2572 3060 2749 3116 poena
2779 3045 3219 3106 incredulorum
3249 3051 3327 3107 ad
3356 3050 3583 3110 fruitio-

1852 3156 1894 3214 ρ
1930 3146 2067 3187 nem
2094 3131 2407 3203 ﬁdelium.)

2003 3220 2163 3274 Vers.
2206 3220 2299 3274 25.
2342 3222 2530 3277 Amen
2589 3254 2656 3263 —
2689 3224 2900 3280 vivent.
2944 3224 3050 3297 (H-
3102 3227 3244 3282 Cum
3304 3229 3580 3300 superius

1930 3309 2173 3364 dixisset
2204 3328 2217 3368 :
2254 3309 2740 3373 Quemadmodum
2790 3313 2968 3369 Pater
2996 3318 3232 3372 suscitat
3251 3324 3517 3374 mortuos
3531 3325 3583 3375 et

1932 3399 2205 3469 vivi/teat,
2256 3399 2341 3453 ita
2358 3405 2412 3454 et
2424 3399 2603 3470 ﬁlius,
2628 3416 2771 3471 quos
2820 3403 2969 3467 vult,
2997 3404 3257 3474 vivi/teat
3276 3408 3346 3471 '9,
3399 3422 3471 3462 ne
3502 3408 3585 3465 vi-

1930 3488 2169 3544 deretur
2198 3485 2480 3558 gloriari,)
2515 3490 2802 3560 promittit
2832 3506 3011 3557 nunc,
3061 3494 3221 3564 quod
3254 3510 3374 3551 non
3401 3495 3583 3567 longo

1930 3581 2065 3650 post
2095 3581 2356 3646 tempore
2384 3576 2781 3633 viviﬁcaturus
2805 3581 2877 3635 sit
2904 3586 3187 3649 mortuos,
3221 3600 3587 3643 sermonem-

1929 3680 2047 3737 que
2077 3680 2257 3735 opere
2294 3664 2816 3735 comprobaturus.
2855 3669 2942 3724 Ad
2983 3670 3409 3729 Samaritanam
3441 3691 3586 3747 quo-

1929 3770 2047 3827 que
2073 3754 2277 3809 dicens
2309 3753 2579 3809 similiter
2606 3774 2618 3813 :
2659 3754 2823 3812 Venit
2863 3764 3075 3827 tempus
3106 3760 3229 3816 sive
3255 3763 3426 3830 liora,
3457 3765 3584 3836 pari

1931 3844 2115 3901 modo
2145 3843 2375 3900 addidit
2408 3866 2420 3899 :
2448 3845 2524 3899 Et
2540 3861 2696 3902 nunc
2711 3853 2795 3903 est
2816 3848 2884 3915 ⁸ο,
2910 3848 3255 3919 signiﬁcans
3276 3850 3487 3910 futuris
3503 3854 3585 3912 rei

1930 3934 2457 4007 propinquitatem.

2004 4023 2217 4079 Mortui
2265 4028 2465 4079 autem
2497 4023 2758 4081 audituri
2797 4032 2936 4082 sunt
2976 4043 3179 4085 vocem
3211 4030 3337 4102 ejus
3384 4047 3397 4088 :
3439 4049 3586 4107 quo-

1937 4112 2118 4169 modo
2144 4112 2173 4168 ?
2214 4111 2399 4168 Simul
2420 4128 2490 4167 ac
2513 4112 2641 4185 ipse
2675 4114 2938 4183 voluerit,
2975 4132 3265 4176 conversa
3294 4121 3587 4194 cujusque

1935 4201 2139 4259 anima
2163 4202 2239 4257 ad
2271 4202 2581 4273 proprium
2627 4218 2867 4275 corpus,
2896 4207 3114 4262 mortui
3144 4208 3248 4280 qui
3269 4210 3584 4279 audierint,

1935 4293 2119 4348 vitam
2146 4308 2355 4347 rursus
2387 4292 2445 4347 in
2469 4292 2697 4348 mundo
2736 4293 2959 4352 vivent.
2990 4298 3090 4353 Hic
3113 4313 3274 4369 ergo,
3309 4298 3409 4355 ubi
3438 4300 3590 4359 dixit

1937 4382 2191 4447 excelsa,
2214 4381 2470 4452 seipsum
2513 4382 2612 4437 Dei
2642 4381 2849 4439 Filium
2873 4385 3168 4455 vocando,
3199 4403 3439 4446 rursum
3470 4404 3590 4447 ser-

226 4468 318 4526 τοῦ
342 4478 478 4524 Θεοῦ
501 4470 655 4525 πάλιν
685 4470 981 4532 ἐπισκιάζει
1029 4474 1114 4523 τόν
1164 4470 1313 4543 λόγον
1367 4470 1705 4546 προσπλέκων
1742 4489 1817 4523 τοι⁴

1940 4486 2181 4529 monem
2211 4470 2514 4536 obscurat,
2544 4475 2809 4528 attexens
2831 4473 3096 4531 humilia.

227 4564 399 4617 πεινά.

306 4745 353 4780 ⁸⁸
383 4744 553 4803 Joan.
582 4758 665 4809 ιιι,
708 4746 786 4799 18.
901 4743 949 4778 ⁸⁵
986 4741 1155 4798 Joan.
1183 4754 1235 4805 v,
1274 4739 1362 4795 21.

1476 4741 1524 4775 ⁹⁰
1562 4740 1733 4796 Joan.
1767 4756 1844 4807 iv,
1868 4743 1956 4797 23.

1433 4918 1655 4988 Varias
1711 4919 2040 4988 lectiones
2109 4928 2173 4987 et
2199 4928 2399 4988 notae.

310 5064 388 5134 (6)
418 5061 529 5121 Hic
561 5068 615 5119 et
647 5063 712 5134 in,
756 5061 1038 5133 proximis
1070 5061 1309 5117 scholiis
1341 5061 1572 5134 defectu
1595 5062 1828 5118 laborat

237 5132 643 5205 interpretatio
678 5132 962 5205 Hentenii.
987 5134 1149 5188 Hunc
1166 5134 1455 5189 defectum
1473 5132 1569 5189 hic
1593 5135 1651 5189 in
1674 5140 1829 5189 textu

241 5202 436 5264 Graeco
460 5206 551 5261 his
578 5206 766 5276 signis
789 5202 829 5276 [1
875 5206 1094 5260 notavi.

311 5278 390 5349 (’7)
425 5278 512 5333 Ab
544 5275 670 5328 ἀλλὰ
698 5274 1221 5349 ad‘finemscholii
1255 5275 1657 5349 desuntapud
1689 5278 1834 5349 tien-

241 5346 491 5406 tenium.
540 5350 751 5402 Eorum
803 5362 940 5401 vero
996 5346 1129 5402 loco
1170 5346 1591 5415 legituerOn
1642 5348 1833 5402 solum

242 5427 443 5499 autem
468 5419 582 5481 hic,
615 5419 716 5474 sed
741 5418 804 5472 in
836 5419 1202 5499 sequentibus
1232 5434 1462 5499 quoque
1489 5419 1837 5499 frequenter

242 5490 603 5547 inveniemus
626 5505 740 5560 quo
772 5498 939 5552 pacto
976 5497 1027 5545 et
1062 5489 1325 5554 metu,’et
1347 5489 1749 5559 promissione,
1772 5494 1837 5544 ut

242 5562 351 5617 sibi
366 5562 665 5625 credatur,
707 5562 1035 5617 admoneat.

319 5633 394 5703 (8)
432 5638 511 5691 Μὴ
548 5629 674 5704 δόξῃ
720 5632 802 5704 ἀφ’
838 5640 898 5685 Α.

322 5706 399 5776 t9)
429 5711 677 5757 Ταπεινόν
696 5705 757 5759 Β.

325 5772 416 5860 10)
450 5778 567 5834 Hoc
598 5781 719 5836 toto
746 5774 968 5833 scholio
988 5779 1149 5833 caret
1168 5774 1512 5833 Hentenius.
1545 5772 1684 5852 Ejus
1706 5772 1840 5834 loco

1935 5066 2132 5139 autem
2158 5061 2555 5139 subjiciuntur
2573 5060 2695 5139 haec
2718 5082 2730 5116 :
2757 5060 2887 5120 Non
2907 5063 3387 5123 condemnabitur
3412 5065 3475 5124 in
3492 5070 3596 5139 ju-

1934 5133 2110 5210 dicio,
2144 5149 2240 5210 nec
2260 5134 2548 5210 punietur.
2572 5135 2706 5210 Non
2734 5142 2908 5210 negat!
2933 5141 3123 5193 autem
3140 5139 3285 5210 quin
3315 5133 3600 5198 morituri

1938 5208 2066 5283 sint
2078 5205 2395 5283 credentes,
2433 5206 2533 5261 sed
2561 5206 2628 5260 de
2658 5205 2846 5264 morte
2886 5205 3164 5279 toquitur‘
3182 5217 3489 5283 perpetua,
3521 5213 3599 5270 si-

1942 5273 2157 5332 militer
2181 5284 2232 5331 et
2253 5277 2320 5333 de
2338 5277 2461 5332 vita
2481 5284 2733 5335 aeterna.

2014 5348 2131 5487 (11)
2171 5348 2355 5403 Etiam
2384 5349 2497 5403 hoc
2529 5348 2756 5404 scholio
2778 5355 2938 5405 caret
2967 5351 3309 5409 Hentenius.

2046 5419 2129 5487 t2)
2194 5419 2293 5472 Hic
2359 5435 2562 5474 rursus
2607 5420 2810 5487 incipit
2870 5425 3181 5480 convenire
3238 5424 3309 5480 He

2046 5419 2129 5491 t2)
2194 5419 2293 5472 Hic
2359 5435 2562 5474 rursus
2598 5420 2810 5491 incipit
2870 5425 3181 5480 convenire
3238 5424 3589 5489 Hentenius.

1945 5490 2483 5567 Scribaergoejus
2528 5490 2742 5546 saltum
2788 5493 2997 5549 fecerat
3044 5494 3122 5551 ab
3179 5498 3466 5567 κομπάζειν
3519 5500 3601 5557 ad

1947 5561 2523 5642 nopndCtiv,hdetnde
2574 5579 2713 5618 vero
2744 5579 2940 5621 errore
2984 5561 3424 5637 animadverso,
3481 5571 3603 5629 alia

1949 5639 2319 5700 interposuit.

1950 5702 2299 5831 ωιςὲξέεΡτο»
2330 5705 2408 5760 Et
2449 5706 2713 5764 diximus
2740 5706 2823 5765 ibi
2851 5724 3111 5776 causam,
3157 5707 3274 5768 alia
3307 5710 3491 5769 habet
3514 5711 3604 5770 in-

1972 5788 2196 5853 erpres.
