4120 6310
573 315 713 378 4223

571 532 795 591 humile
823 541 911 590 est
949 539 1004 589 et
1033 534 1555 605 dispensatorium.
1593 533 1784 590 Habet
1811 539 2010 588 autem
2045 534 2224 589 vitam

574 623 638 679 in
663 623 988 692 semetipso,
1019 623 1134 678 hoc
1156 628 1262 690 est,
1293 622 1374 677 Ad
1423 623 1671 679 modum
1720 621 1894 678 fontis
1937 624 2226 678 scaturire

573 709 712 767 facit
743 712 944 768 vitam.

644 803 803 856 Vers.
852 804 942 855 27.
990 800 1066 855 Et
1095 831 1162 840 —
1205 799 1488 870 faciendi.
1516 799 1814 855 Judicium
1840 815 2050 855 eorum
2091 816 2226 872 quin

573 889 652 944 ab
708 905 1070 961 unoquoque
1111 890 1167 943 in
1214 889 1333 944 vita
1381 895 1620 961 peracta
1667 895 1822 944 sunt.
1872 891 2228 961 Frequenter

574 983 772 1034 autem
806 979 1009 1050 repetit
1045 978 1359 1048 judicium,
1397 979 1589 1050 magis
1647 994 1751 1033 eos
1809 985 2130 1044 exterrens,
2164 983 2228 1034 ut

574 1066 860 1139 paulatim
898 1067 1160 1135 judicem
1209 1067 1367 1122 hunc
1401 1083 1533 1121 esse
1579 1066 1906 1132 credentes,
1961 1067 2038 1122 ad
2089 1082 2226 1121 eum

574 1161 912 1224 accurrant,
973 1162 1341 1212 mansuetum
1417 1155 1529 1212 sibi
1591 1155 1851 1228 judicem
1906 1155 2044 1211 inde
2129 1171 2229 1228 pa-

575 1249 792 1300 rantes.

648 1332 928 1390 Vers.27.
963 1333 1108 1398 Quia
1161 1364 1229 1374 —
1287 1335 1444 1389 Vers.
1502 1334 1588 1388 28.
1652 1335 1798 1390 Hoc.
1853 1334 2003 1399 Quia
2044 1333 2226 1390 homo

575 1427 681 1489 est,
721 1422 822 1494 qui
854 1421 1148 1493 judicium
1183 1423 1442 1494 sumpsit
1481 1423 1810 1488 hominum,
1852 1427 1910 1478 et
1944 1422 2227 1494 prmdicta

575 1511 650 1567 de
679 1528 740 1567 se
771 1514 900 1584 ipso
916 1513 1136 1577 docuit,
1165 1528 1297 1584 quia
1321 1527 1540 1581 magna
1565 1519 1620 1567 et
1639 1527 1758 1568 non
1792 1517 2020 1568 tantum
2049 1528 2228 1580 supra

572 1600 884 1657 hominem
909 1606 1063 1666 sunt,
1098 1601 1202 1657 sed
1229 1618 1411 1674 supra
1428 1601 1658 1670 angelos
1685 1617 1928 1673 quoque
1948 1605 2007 1656 et.
2027 1602 2102 1656 ad
2135 1618 2226 1657 so-

573 1690 698 1746 lum
730 1692 914 1746 Deum
942 1692 1254 1763 pertinent,
1286 1690 1464 1746 nolite
1499 1690 1699 1746 mirari
1725 1707 1739 1756 ;
1761 1691 2112 1762 praedictum
2137 1698 2228 1746 est

1909 302 2251 375 EUTHYMII
2293 306 2614 375 ZIGABENl

645 446 814 501 Vers.
869 433 958 500 26.
1006 439 1176 502 Sicui
1227 473 1294 486 —-
1349 443 1668 515 semetipso.
1726 443 1994 500 Verbum
2039 445 2222 509 dedit,
2259 446 2304 500 Δ

3831 311 3989 376 1224

2404 444 2604 518 Ὠσπερ
2654 476 2723 486 -
2755 443 2941 516 ἐαυτῷ.
2971 448 3042 498 Τό
3070 433 3294 514 Ἔδωκε,
3341 448 3580 500 ταπεινὸν
3620 450 3719 498 καὶ
3764 446 3984 498 οἰκονο-

2333 540 2504 608 μικόν.
2553 534 2707 606 Ἔχει
2759 531 2819 587 δι
2872 539 3009 597 ζωὴν
3053 534 3102 586 ἐν
3181 535 3366 602 ἐαυτῷ,
3421 534 3535 588 ἀντὶ
3613 544 3713 588 τοῦ
3769 541 3981 606 Πηγά-

2339 623 2436 683 ζει.

2412 806 2512 854 Καὶ
2537 833 2605 842 -
2632 808 2817 854 ποιεῖν.
2869 807 3053 876 Κρίσιν
3083 807 3177 861 τὴν
3227 811 3325 854 τῶν
3357 801 3690 876 βεϐιωμένων
3717 803 3969 873 ἑκάστῳ.

2338 898 2574 962 Συνεχῶς
2604 887 2662 943 δὲ
2691 896 2895 964 στρέφει
2925 895 3018 949 τὴν
3049 896 3224 964 κρίσιν
3277 891 3361 945 ἐπὶ
3408 893 3556 945 πλέον
3589 892 3837 965 ἇκφοϐῶν
3875 894 3968 943 αὖ-

2336 983 2477 1044 τοὺς,
2513 981 2595 1032 ίνα
2622 983 2758 1032 κατὰ
2785 983 2970 1052 μικρὸν
3019 983 3311 1053 πειθόμενοι
3357 989 3536 1035 τοῦτον
3589 979 3730 1035 εἶναι
3769 988 3967 1057 χριτὲν

2336 1065 2752 1142 προσδράμωσιν
2784 1069 2922 1138 αὐτῷ
2961 1070 3440 1133 κατασκευάζοντες
3487 1069 3722 1124 ἐντεῦθεν
3760 1074 3966 1145 iugem

2337 1157 2538 1220 ἑαυτοῖς
2567 1160 2652 1210 τὸν
2675 1153 2710 1210 δ
2716 1162 2957 1216 ικαστὴν·

2406 1335 2527 1388 "Oti
2575 1367 2642 1376 —
2693 1344 2862 1390 τοῦτο.
2921 1341 3059 1389 Διὸτι
3113 1336 3225 1408 (14)
3283 1333 3341 1390 δὲ
3390 1339 3656 1410 ἄνθρωπός
3712 1337 3874 1390 ἐστιῖ
3939 1342 3960 1388 ο

2335 1429 2428 1483 τὴν
2471 1430 2644 1498 κρίσιν
2696 1434 2796 1478 τῶν
2867 1424 3148 1498 ἀνθρώπων
3203 1425 3371 1479 λαϐὼν
3423 1432 3512 1480 καὶ
3587 1429 3656 1480 τὰ
3713 1429 3964 1502 προρρηο

2339 1516 2489 1568 θέντα
2575 1511 2802 1576 διδάξας

2335 1609 2488 1676 μόνον
2533 1605 2659 1676 ὑπὲρ
2713 1605 3003 1677 ἄνθρωπον,
3059 1601 3187 1655 ἀλλὰ
3243 1609 3332 1657 καὶ
3383 1606 3509 1678 ὑπερ
3578 1606 3816 1677 ἄγγελον
3869 1613 3966 1658 καὶ

2877 1519 2995 1587 περὶ
3041 1514 3251 1578 ἑαυτοῦ,
3317 1517 3384 1568 τὰ
3466 1515 3684 1588 μεγάλα,
3727 1523 3828 1568 καὶ
3885 1522 3960 1588 μή

2336 1697 2494 1765 μόνου
2552 1697 2674 1744 ὄντα
2725 1700 2879 1757 Θεοῦ,
2929 1697 2998 1761 μὴ
3056 1693 3348 1764 θαυμάζετε
3403 1702 3576 1749 τοῦτο.
3622 1701 3966 1770 Προείρηται

574 1780 732 1835 enim
751 1779 1106 1852 quodetiam
1126 1779 1302 1834 Filius
1321 1779 1652 1835 Deisit.Non
1667 1795 1808 1849 ergo
1821 1778 2223 1851 oﬂ‘endiopor-

2339 1784 2436 1854 γὰρ
2491 1784 2572 1834 ὃτι
2613 1787 2702 1834 καὶ
2781 1784 2898 1842 Υἱὸς
2968 1789 3100 1834 Θεοῦ
3146 1781 3277 1847 ἐστι,
3332 1788 3425 1834 καὶ
3467 1783 3644 1836 λοιπὸν
3693 1784 3761 1836 οὐ
3840 1793 3961 1859 χρὴ

577 1875 672 1934 tet;
692 1885 833 1924 nam
857 1886 987 1941 qum
1011 1870 1224 1924 odiosa
1250 1875 1541 1941 apparent
1562 1875 1801 1941 propter
1820 1869 2101 1926 humanae
2123 1886 2226 1926 na-

577 1964 722 2016 tura:
745 1958 1158 2021 humilitatem,
1181 1974 1250 2013 ea
1271 1965 1598 2029 appareant
1625 1959 1952 2013 tolerabilia
1983 1964 2226 2030 propter

573 2047 788 2102 divinae
821 2053 1046 2102 natura;
1067 2047 1502 2103 celsitudinem.
1529 2047 1751 2102 Deinde
1774 2047 1954 2102 aliam
1987 2064 2225 2120 quoque

569 2136 644 2192 de
673 2137 870 2208 seipso
900 2136 1181 2208 proponit
1210 2137 1584 2192 tremendam
1636 2144 1689 2192 et
1733 2151 2019 2193 arcanam
2062 2144 2226 2208 pote-

571 2231 806 2282 statem.

642 2316 797 2370 Vers.
827 2316 914 2369 28.
950 2313 1102 2380 Quia
1129 2345 1195 2354 —
1226 2313 1387 2369 Vers.
1429 2315 1517 2368 29.
1558 2314 2085 2370 Condemnationis.
2113 2317 2226 2370 Ho—

568 2417 698 2460 ram
754 2408 990 2475 tempus
1019 2403 1160 2458 dicit
1202 2403 1730 2458 consummationis
1765 2402 1964 2459 saeculi
2009 2409 2066 2459 et
2097 2404 2222 2459 uni-

570 2490 1032 2562 versalisjudicii
1053 2508 1067 2547 :
1091 2508 1191 2547 eos
1212 2497 1411 2546 autem
1441 2491 1535 2562 qui
1561 2491 1768 2546 suntin
1796 2493 2218 2559 monumentis,

568 2580 708 2635 dicit
731 2586 1019 2646 mortuos,
1041 2597 1193 2653 quos
1221 2580 1400 2636 simul
1425 2596 1638 2636 omnes
1653 2587 1892 2653 repente
1910 2597 1980 2639 ac
2010 2581 2222 2638 virtute

567 2686 790 2726 arcana
818 2671 1141 2742 coaptabit,
1180 2670 1473 2726 animabit
1504 2686 1572 2726 ac
1623 2669 1900 2727 excitabit
1926 2686 2070 2726 voce
2112 2687 2222 2726 sua

569 2759 908 2830 sinejussu,
939 2775 1062 2832 quo
1109 2767 1247 2815 tunc
1292 2776 1397 2830 per
1425 2759 1855 2828 archangelum
1896 2758 2216 2815 clamabit:

568 2849 629 2903 In
662 2849 863 2919 jussu,
913 2849 1121 2921 inquit,
1182 2850 1240 2903 in
1310 2863 1438 2904 voce
1490 2849 1860 2919 archangeli,
1887 2855 1940 2904 et
1978 2849 2040 2904 in
2085 2849 2219 2904 tuba

570 2936 678 2992 Dei
702 2938 769 2988 9'.

641 3114 815 3186 Atqui
852 3129 973 3170 non
1015 3129 1225 3170 omnes
1267 3119 1402 3170 sunt
1435 3114 1490 3170 in
1522 3113 1950 3179 monumentis,
1989 3113 2090 3170 sed
2139 3114 2218 3171 ab
2255 3151 2295 3205 Ο

564 3203 660 3261 his
687 3205 790 3277 qui
833 3209 970 3261 sunt
1009 3204 1071 3261 in
1105 3205 1529 3272 monumentis,
1573 3204 1749 3259 etiam
1791 3219 1894 3258 eos
1923 3203 2219 3275 signiﬁca-

566 3293 669 3361 vit,
699 3294 803 3366 qui
832 3309 952 3349 non
985 3298 1119 3348 sunt
1147 3293 1203 3347 in
1240 3292 1666 3359 monumentis,
1687 3291 1766 3348 ab
1797 3292 1888 3348 bis
1929 3292 2214 3360 videlicet,

565 3383 666 3456 qui
684 3383 1037 3440 naturaliter
1067 3382 1281 3454 sepulti
1305 3387 1466 3446 sunt,
1507 3398 1610 3437 eos
1659 3382 1837 3437 etiam
1869 3382 1968 3453 qui
1991 3387 2218 3437 natura-

562 3472 690 3528 liter
718 3471 931 3544 sepulti
962 3487 1082 3527 non
1114 3477 1272 3527 sunt.
1305 3474 1384 3526 Ex
1410 3471 1818 3526 monumentis
1849 3475 2048 3526 autem
2081 3487 2218 3542 pro-

562 3561 798 3626 dibunt,
827 3561 885 3618 hi
918 3560 1163 3633 quidem
1196 3560 1252 3615 in
1279 3560 1770 3616 resurrectionem
1804 3561 1936 3616 vitae
1954 3564 2211 3625 aeterna,

564 3651 645 3706 illi
714 3667 850 3704 vera
929 3651 988 3705 in
1061 3649 1554 3705 resurrectionem
1637 3649 2214 3716 condemnationis;

565 3738 660 3794 isti
711 3739 789 3794 ad
849 3737 1191 3794 fruitionem
1246 3739 1716 3810 sempiternam;
1787 3737 1866 3792 illi
1944 3738 2021 3794 ad
2079 3754 2219 3809 sup-

565 3827 809 3900 plicium
852 3832 1234 3900 perpetuum.
1287 3826 1436 3881 Alibi
1489 3831 1691 3882 autem
1736 3826 1924 3880 dixit:
1971 3826 2047 3880 Et
2100 3825 2218 3881 abi-

568 3916 706 3972 bunt
735 3917 804 3973 hi
825 3917 887 3972 in
911 3917 1261 3988 supplicium
1295 3923 1598 3981 aeternum,
1613 3918 1763 3985 justi
1785 3931 1917 3972 vero
1941 3915 2002 3970 in
2035 3915 2215 3971 vitam

564 4013 828 4078 cisternam
850 4008 918 4060 θ’.

635 4095 796 4152 Vers.
825 4095 912 4150 30.
948 4095 1078 4150 Non
1103 4110 1326 4164 possum
1361 4124 1424 4132 —
1443 4093 1658 4164 judico.
1693 4093 2216 4161 Quemadmodum

564 4192 838 4262 superius
865 4191 939 4247 de
969 4191 1278 4262 operando
1311 4191 1544 4246 dicebat
1577 4209 1590 4246 :
1615 4193 1739 4247 Non
1767 4199 1942 4262 potest
1974 4192 2162 4247 Filius
2181 4207 2217 4248 a

562 4297 620 4336 se
638 4282 827 4350 facere
857 4282 1188 4352 quidquam,
1212 4281 1327 4338 nisi
1353 4281 1485 4351 quid
1513 4283 1715 4337 viderit
1747 4283 1975 4336 Patrem
2001 4281 2214 4351 facien-

563 4377 677 4427 tem
705 4371 790 4424 9':
824 4370 904 4426 ita
928 4377 984 4426 et
1007 4385 1164 4424 nunc
1191 4369 1266 4425 de
1307 4370 1638 4440 judicando
1671 4372 1784 4425 ait:
1818 4370 1945 4425 Non
1989 4387 2215 4439 possum

563 4476 662 4532 ego
691 4475 728 4516 α
770 4461 980 4532 meipso
1015 4462 1203 4524 facere
1234 4461 1558 4532 quidquam,
1593 4463 1739 4515 sicut
1779 4459 1947 4514 audio
1982 4461 2213 4530 judico,

2339 4459 2402 4511 ῧύ
2488 4457 2719 4530 δύναμαι
2812 4456 2912 4529 ἐγὼ
2995 4465 3156 4510 ποιεῖν
3252 4456 3340 4509 ἀπ’

561 4550 678 4607 hoc
707 4555 814 4616 est,
863 4565 978 4605 non
1017 4549 1284 4620 judicoa
1329 4550 1579 4620 meipso,
1617 4549 1721 4603 sed
1768 4550 1914 4603 sicut
1963 4549 2142 4605 audio
2180 4565 2215 4604 a

562 4641 751 4705 Patre,
773 4638 866 4694 vel
886 4642 1036 4695 sicut
1069 4640 1260 4694 Pater:
1289 4638 1452 4709 quod
1485 4638 1662 4692 etiam
1690 4637 2085 4709 aequalitatem
2136 4641 2213 4692 ad

563 4727 791 4783 Patrem
844 4744 910 4783 ac
961 4726 1418 4783 indifferentiam
1479 4726 1688 4781 innuit.
1749 4728 1904 4782 Sicut
1949 4725 2109 4781 enim
2153 4726 2213 4782 in

563 4817 970 4890 superioribus
1024 4817 1234 4881 Videre,
1274 4816 1356 4872 ita
1387 4820 1441 4872 et
1478 4815 1572 4871 bic
1610 4815 1844 4880 Audire,
1887 4815 2210 4885 intelligen-

635 5013 686 5050 ⁹⁰
717 5013 738 5069 Ι
775 5013 976 5070 Thess.
1011 5028 1091 5082 ιν,
1127 5013 1209 5067 l6.
1322 5013 1371 5048 ⁹²
1403 5011 1606 5068 Matth.
1634 5028 1771 5082 xxv,
1805 5011 1891 5068 46.

2324 4549 2498 4609 καθὼς
2587 4550 2779 4616 ἀκούω,

2324 4636 2566 4709 ἐμαυτοῦ,
2633 4635 2761 4688 ἀλλὰ
2827 4638 2968 4688 καθὼ
2979 4657 3000 4697 ς

2323 4730 2484 4797 ἤγουν
2531 4729 2600 4788 ὡς
2651 4728 2676 4778 ὁ
2729 4730 2906 4799 Πατήρ
2939 4742 2951 4755 ·
2986 4727 3107 4799 ὅπερ
3158 4720 3418 4777 ὑποδηλοί
3447 4731 3504 4778 τό
3546 4727 3661 4797 πρὸς
3682 4724 3760 4771 τὸν
3791 4726 3879 4770 Πα-

2323 4818 2447 4889 τέρα
2501 4816 2614 4868 ἶσον
2663 4820 2752 4868 καὶ
2826 4813 3238 4890 ἀπαράλλακτον.
3304 4813 3506 4890 Ὠσπερ
3565 4815 3660 4888 γὰρ
3683 4811 3782 4862 ἀνω
3838 4813 3890 4860 τὸ

2341 1868 2806 1932 σκανδαλίξεσθαι.
2886 1870 2945 1922 Ἃ
3027 1873 3128 1944 ’γὰρ
3177 1875 3399 1946 φορτικὰ
3451 1879 3682 1945 φαίνεται
3739 1871 3848 1926 διὰ
3902 1879 3960 1926 τό

2338 1965 2576 2013 ταπεινὸν
2624 1969 2718 2021 τῆς
2790 1958 3112 2032 ἀνθρωπείας
3189 1963 3406 2031 φύσεως,
3491 1969 3657 2014 ταῦτα
3741 1969 3962 2035 φορητὰ

2338 2051 2596 2122 φαινέσθω
2673 2046 2767 2100 διὰ
2821 2053 2876 2101 τὸ
2915 2048 3047 2119 ὕψος
3098 2058 3188 2110 τῆς
3221 2051 3378 2111 θείας.
3441 2047 3567 2104 Εἶτα
3608 2055 3957 2126 προστίθησι

2335 2142 2454 2212 περὶ
2502 2137 2686 2190 ἑαυτοῦ
2725 2142 2815 2190 καὶ
2863 2137 3036 2211 ἑτέραν
3091 2137 3307 2214 φοϐερὰν
3358 2144 3450 2192 καὶ
3495 2139 3718 2215 ἄρρητον
3789 2138 3934 2194 δύνει

2334 2248 2443 2301 μιν.

2403 2316 2524 2370 Ὀτι
2589 2348 2656 2357 -
2751 2321 2990 2391 κρίσεως.
3070 2315 3233 2389 Ὠραν
3414 2318 3548 2389 λέγει
3616 2321 3707 2370 τὸν
3755 2322 3951 2391 καιρὸν

2333 2414 2424 2467 τῆς
2471 2405 2764 2466 συντελείας
2827 2414 2920 2458 τοῦ
2983 2411 3185 2479 κόσμου
3259 2411 3347 2458 τὸν
3435 2416 3526 2468 τῆς
3595 2414 3948 2479 παγκοσμίου

2333 2501 2572 2570 κρίσεως.
2627 2496 2706 2548 Ἐν
2759 2503 2862 2555 τοῖς
2915 2500 3187 2567 μνημείοις
3243 2491 3303 2547 δέ
3359 2515 3490 2567 φησι
3545 2499 3665 2556 τοὺς
3729 2500 3946 2568 νεκροὺς

2334 2584 2423 2645 οῦς
2465 2586 2594 2656 ὁμοῦ
2643 2587 2841 2645 πάντας
2906 2583 3090 2656 ἀθρόον
3131 2589 3221 2636 καὶ
3281 2583 3484 2660 ἀρρήτῳ
3538 2581 3765 2657 δυνάμει
3811 2605 3945 2657 συμ-

2333 2673 2486 2736 πήξει
2565 2679 2655 2726 καὶ
2738 2674 2987 2744 ψυχώσει
3082 2677 3169 2725 καὶ
3266 2671 3609 2736 ἐξαναστήσει
3694 2676 3724 2731 ἡ
3799 2681 3934 2745 φωνὴ

2331 2763 2512 2830 αὐτοῦ,
2572 2767 2686 2822 ἦτοι
2743 2767 2801 2815 τὸ
2879 2763 3137 2835 κέλευσμα
3212 2765 3272 2815 τὸ
3328 2759 3422 2814 διὰ
3462 2769 3553 2815 τοῦ
3597 2762 3936 2836 ἀρχαγγέλου

2331 2860 2618 2910 τηνικαῦτα
2696 2855 3033 2925 φωνούμενον.
3091 2851 3173 2905 Ἐν
3259 2851 3594 2924 κελεύσματι,
3667 2855 3772 2925 γάρ
3843 2873 3932 2924 γι·-

2333 2960 2436 3008 σιν,
2522 2941 2570 2993 ἐν
2675 2949 2810 3014 φωνῇ
2901 2940 3256 3017 ἀρχαγγέλου,
3354 2945 3444 2993 καὶ
3547 2939 3597 2993 ἐν
3679 2941 3924 3011 σοι’λπιῃι

2331 3038 2484 3085 Θεοῦ.

2403 3125 2503 3173 Καὶ
2590 3123 2692 3192 μὴν
2783 3118 2840 3170 ού
2908 3121 3090 3180 πάντες
3147 3117 3199 3171 ἐν
3266 3127 3376 3180 τοῖς
3439 3125 3708 3192 μνημείοις
3761 3118 3894 3179 εἰσὶν,

2331 3209 2565 3262 ἁλλ’ἀπὸ
2624 3217 2720 3261 τῶν
2773 3207 2820 3260 ἓν
2872 3215 2975 3269 τοῖς
3025 3212 3295 3281 μνημείοις
3357 3205 3620 3278 [ἐδήλωσε
3667 3210 3768 3277 (ἱὸὶ
3811 3210 3899 3256 καὶ

2329 3304 2445 3360 τοὺς
2505 3299 2598 3352 οὐκ
2679 3297 2860 3358 ἐντοῖς
2909 3297 3376 3370 μνημείοις,]ἀπὸ
3439 3306 3540 3350 τῶν
3596 3300 3732 3350 κατὰ
3771 3299 3914 3369 φύσιν

2329 3392 2583 3460 ταφέντων
2636 3391 2727 3438 καὶ
2776 3390 2897 3448 τοὺς
2971 3392 3043 3458 μὴ
3108 3389 3244 3438 κατὰ
3300 3389 3456 3455 φύσιν
3512 3391 3784 3458 ταφέντας.
3837 3385 3922 3437 Ἐκ

2328 3486 2426 3530 τῶν
2484 3481 2742 3549 μνημείων
2794 3473 2852 3528 δὲ
2891 3479 3249 3550 πορεύσονται,
3304 3477 3352 3527 οἱ
3394 3479 3484 3547 μὲν
3530 3475 3597 3536 εἰς
3640 3474 3924 3527 ἀνάστασιν

2331 3571 2468 3629 ζωῆς
2525 3567 2759 3631 αἰωνίου,
2805 3567 2853 3617 οἱ
2901 3561 2960 3617 δὲ
3000 3565 3066 3625 εἰς
3118 3566 3408 3617 ἀνάστασιν
3450 3569 3805 3638 κατακρίσεως
3836 3582 3848 3592 ·
3880 3567 3927 3616 οἱ

2329 3656 2418 3727 μέν
2467 3655 2538 3716 εἰς
2587 3659 2645 3706 τὸ
2693 3653 2969 3706 ἀπολαύειν
3014 3653 3112 3719 ἀεὶ,
3166 3653 3238 3726 [οἱ
3292 3650 3352 3707 δὲ
3400 3654 3470 3713 εἰς
3519 3657 3576 3705 τὸ
3611 3653 3926 3714 κολάζεσθαι

2329 3743 2408 3796 ἀεί
2461 3746 2596 3816 (16).
2655 3743 2976 3817 ]Ἀλλαχοῦ
3027 3739 3086 3796 δι
3147 3743 3283 3814 ἔλεγε
3333 3763 3345 3774 ·

2328 3835 2469 3887 οὗτοι
2518 3835 2589 3896 εἰς
2640 3833 2852 3886 κόλασιν
2909 3836 3133 3899 αἰώνιον,
3182 3835 3228 3885 οἱ
3289 3828 3347 3885 δὲ
3400 3829 3600 3884 δίκαιοι
3663 3832 3735 3894 εἰς
3792 3836 3924 3895 ζωὴν

3397 3748 3496 3795 Καὶ
3556 3741 3925 3795 ἀπελεύσονται

2331 3924 2454 3976 αἰών
2463 3944 2535 3976 ιον
2548 3969 2560 3979 .

2401 4103 2476 4155 Ού
2537 4098 2766 4174 δύναμαι
2832 4132 2901 4142 -
2961 4105 3137 4173 κρίνω.
3219 4099 3422 4174 Ὠσπερ
3485 4099 3723 4176 ἀνωτέρω
3808 4121 3919 4175 περι

2328 4200 2420 4246 τοῦ
2467 4192 2783 4264 ἐργάζεσθαι
2840 4191 3005 4262 θεῖεν
3064 4208 3076 4220 ·
3112 4190 3187 4243 Οὐ
3241 4187 3463 4242 δύναται
3517 4192 3545 4242 ὁ
3597 4195 3718 4254 Υἱὸς
3764 4199 3918 4245 ποιεῖν

2329 4281 2413 4354 ἀφ’
2471 4281 2656 4334 ἑαυτοῦ
2713 4276 2884 4348 οὐδὲν,
2935 4279 3020 4331 ἐὰν
3079 4285 3149 4352 μὴ
3204 4299 3254 4332 τι
3311 4277 3477 4352 βλέπῃ
3556 4284 3645 4332 τὸν
3724 4287 3916 4353 Πατέρα

2326 4378 2572 4422 ποιοῦντα
2615 4389 2635 4402 θ
2700 4370 2834 4421 οὕτω
2893 4373 2982 4420 καὶ
3047 4376 3134 4420 νῦν
3200 4373 3316 4444 περὶ
3357 4376 3447 4420 τοῦ
3500 4374 3696 4443 κρίνειν
3742 4375 3907 4442 φησιν,

3771 4456 3908 4511 οὐδέν

2875 4551 3053 4620 κρίνω,
3124 4550 3394 4598 τουτέστιν
3461 4546 3539 4598 Ού
3601 4553 3752 4622 κρίνω
3821 4545 3901 4596 ἀπ’

3424 4456 3675 4529 ἐμαυτοῦ,

3079 4635 3250 4688 ἀκούω
3315 4637 3461 4709 παρὰ
3530 4645 3618 4688 τοῦ
3686 4637 3880 4703 Παζοάς,

2007 5014 2052 5047 ⁸³
2078 5013 2248 5069 Joan.
2291 5028 2343 5078 v,
2379 5011 2463 5066 l9.

1793 5207 2012 5277 Variae
2059 5207 2381 5275 lectiones
2413 5215 2478 5274 et
2508 5216 2709 5276 notae.

571 5404 761 5479 _(14)
831 5399 1182 5479 Euthymius
1249 5421 1390 5474 ergo
1460 5401 1727 5479 sequitur
1771 5399 2216 5479 distinctionem

577 5476 1003 5548 Chrysostomi,
1055 5478 1158 5548 qui
1207 5484 1413 5533 contra
1462 5476 1717 5530 Paulum
1761 5478 2217 5548 Samosatenum

577 5547 866 5628 disputat.
899 5547 1394 5628 'Vide’Qthsost.
1443 5552 1487 5606 ί.
1535 5549 1664 5628 γιιι,
1706 5565 1764 5618 p.
1793 5547 2218 5628 _23tt._'_A.‘E.Iuc

569 5617 797 5691 spectat
834 5621 1012 5675 etiam
1046 5617 1364 5691 scholium,
1395 5619 1556 5691 quod
1590 5635 1659 5691 e_x
1691 5617 1906 5691 Codice
1925 5617 2218 5691 Vindobo-

557 5687 743 5748 .nensi
777 5691 962 5746 edidit
1006 5690 1078 5744 ad
1115 5690 1175 5745 h.
1205 5690 1243 5746 l.
1279 5687 1563 5745 Bircbius.
1598 5688 1806 5744 Confer
1835 5689 2012 5743 etiam
2036 5687 2218 5743 Theo-

573 5759 844 5853 phylact.
878 5777 940 5838 p.
965 5763 1068 5818 632
1095 5766 1161 5818 Α.
1183 5761 1388 5827 Credo,
1416 5761 1582 5817 illum
1612 5760 1758 5817 data
1785 5775 1970 5846 opera
1983 5758 2219 5818 fumum

2331 5401 2559 5483 fecisse.
2595 5399 2879 5484 Origenis,
2910 5398 3082 5472 cujus
3107 5399 3375 5484 ad‘bunc
3401 5397 3916 5484 locumninterpre-

2329 5474 2817 5544 tatiointercndit,
2853 5480 3043 5528 tamen
3103 5479 3141 5527 ι.
3176 5472 3267 5538 IV,
3304 5489 3366 5544 p.
3399 5475 3503 5529 359
3531 5479 3589 5528 et
3615 5473 3723 5528 360
3763 5472 3918 5528 εὈτι

2327 5547 2447 5618 Υἱὸς
2473 5543 2911 5618 ὼθρὼπουνέστίν
2954 5545 3032 5600 ad
3063 5543 3372 5616 superiora
3407 5545 3606 5608 refert,
3636 5559 3774 5617 qua:
3798 5544 3920 5599 vul-

2327 5617 2484 5686 garis
2519 5615 2606 5671 εει
2631 5615 2948 5672 distinctio.

2429 5688 2510 5755 15)
2538 5686 2771 5742 Inclusa
2801 5687 3147 5743 exciderunt
3174 5688 3242 5742 A.

2429 5688 2510 5755 15)
2538 5688 2771 5742 Inclusa
2801 5688 3147 5743 exciderunt
3174 5688 3242 5742 A.

2398 5688 2511 5836 £16)
2541 5757 2773 5817 Inclusa
2801 5758 3150 5817 exciderunt
3185 5761 3256 5816 Δ.
