  <div class='ocr_page' id='page_1' title='image "/cluster/home/n/w/nwhite01/storage/ocr_20150623/129/mdp.39015061528470/648.png"; bbox 0 0 4120 6310; ppageno 0'>
   <div class='ocr_carea' id='block_1_1' title="bbox 357 220 3717 298">
    <p class='ocr_par' dir='ltr' id='par_1_1' title="bbox 357 220 3717 298">
     <span class='ocr_line' id='line_1_1' title="bbox 357 220 3717 298; baseline 0.003 -12"><span class='ocrx_word' id='word_1_1' title='bbox 357 224 495 286; x_wconf 72' lang='lat'>12-25</span> <span class='ocrx_word' id='word_1_2' title='bbox 1334 220 1701 291; x_wconf 68' lang='lat' dir='ltr'>COMMENT.</span> <span class='ocrx_word' id='word_1_3' title='bbox 1748 232 1813 288; x_wconf 83' lang='lat' dir='ltr'>IN</span> <span class='ocrx_word' id='word_1_4' title='bbox 1852 230 2204 291; x_wconf 83' lang='lat' dir='ltr'>JOANNEM.</span> <span class='ocrx_word' id='word_1_5' title='bbox 2244 266 2310 274; x_wconf 91' lang='lat'>—</span> <span class='ocrx_word' id='word_1_6' title='bbox 2350 226 2507 292; x_wconf 81' lang='lat' dir='ltr'>CAP.</span> <span class='ocrx_word' id='word_1_7' title='bbox 2549 233 2614 290; x_wconf 82' lang='grc' dir='ltr'>ν.</span> <span class='ocrx_word' id='word_1_8' title='bbox 3579 241 3717 298; x_wconf 76' lang='lat'>1226</span> 
     </span>
    </p>
   </div>
   <div class='ocr_carea' id='block_1_2' title="bbox 355 342 1982 440">
    <p class='ocr_par' dir='ltr' id='par_1_2' title="bbox 355 356 1982 431">
     <span class='ocr_line' id='line_1_2' title="bbox 355 356 1982 431; baseline 0 -21"><span class='ocrx_word' id='word_1_9' title='bbox 355 356 560 430; x_wconf 76' lang='grc' dir='ltr'>βλέπειν</span> <span class='ocrx_word' id='word_1_10' title='bbox 585 376 597 390; x_wconf 88' lang='grc'>·</span> <span class='ocrx_word' id='word_1_11' title='bbox 632 357 765 410; x_wconf 75' lang='grc' dir='ltr'>οὕτω</span> <span class='ocrx_word' id='word_1_12' title='bbox 790 358 1057 411; x_wconf 78' lang='grc' dir='ltr'>κάνταῦθα</span> <span class='ocrx_word' id='word_1_13' title='bbox 1084 359 1142 410; x_wconf 88' lang='lat'>16</span> <span class='ocrx_word' id='word_1_14' title='bbox 1175 356 1377 410; x_wconf 75' lang='grc' dir='ltr'>ἀκούειν</span> <span class='ocrx_word' id='word_1_15' title='bbox 1406 362 1611 416; x_wconf 88' lang='grc' dir='ltr'>νοητέον</span> <span class='ocrx_word' id='word_1_16' title='bbox 1637 377 1649 392; x_wconf 76' lang='grc' dir='ltr'><strong>ο</strong></span> <span class='ocrx_word' id='word_1_17' title='bbox 1684 358 1949 431; x_wconf 79' lang='grc' dir='ltr'>οἰκονομι-</span> <span class='ocrx_word' id='word_1_18' title='bbox 1980 405 1982 410; x_wconf 74' lang='grc'>,</span> 
     </span>
    </p>
   </div>
   <div class='ocr_carea' id='block_1_3' title="bbox 2086 342 3713 440">
    <p class='ocr_par' dir='ltr' id='par_1_3' title="bbox 2086 342 3713 440">
     <span class='ocr_line' id='line_1_3' title="bbox 2086 342 3713 440; baseline 0.005 -26"><span class='ocrx_word' id='word_1_19' title='bbox 2086 358 2204 415; x_wconf 89' lang='lat' dir='ltr'>lum</span> <span class='ocrx_word' id='word_1_20' title='bbox 2229 363 2318 417; x_wconf 89' lang='lat' dir='ltr'>est</span> <span class='ocrx_word' id='word_1_21' title='bbox 2341 342 2876 433; x_wconf 41' lang='lat' dir='ltr'>dispensatorie,’et</span> <span class='ocrx_word' id='word_1_22' title='bbox 2902 366 2964 420; x_wconf 90' lang='lat' dir='ltr'>ut</span> <span class='ocrx_word' id='word_1_23' title='bbox 3000 363 3120 420; x_wconf 89' lang='lat' dir='ltr'>Deo</span> <span class='ocrx_word' id='word_1_24' title='bbox 3152 364 3486 422; x_wconf 81' lang='lat' dir='ltr'>conveniat.</span> <span class='ocrx_word' id='word_1_25' title='bbox 3522 365 3713 440; x_wconf 86' lang='lat' dir='ltr'>Siqui-</span> 
     </span>
    </p>
   </div>
   <div class='ocr_carea' id='block_1_4' title="bbox 350 444 1977 526">
    <p class='ocr_par' dir='ltr' id='par_1_4' title="bbox 350 444 1948 522">
     <span class='ocr_line' id='line_1_4' title="bbox 350 444 1948 522; baseline 0.001 -23"><span class='ocrx_word' id='word_1_26' title='bbox 350 455 455 509; x_wconf 84' lang='grc' dir='ltr'>κῶς</span> <span class='ocrx_word' id='word_1_27' title='bbox 483 450 594 520; x_wconf 66' lang='grc' dir='ltr'>μὲν,</span> <span class='ocrx_word' id='word_1_28' title='bbox 639 449 925 522; x_wconf 78' lang='grc' dir='ltr'>θεοπρεπῶς</span> <span class='ocrx_word' id='word_1_29' title='bbox 975 444 1051 501; x_wconf 85' lang='grc' dir='ltr'>δέ.</span> <span class='ocrx_word' id='word_1_30' title='bbox 1088 448 1163 500; x_wconf 81' lang='grc' dir='ltr'>Ού</span> <span class='ocrx_word' id='word_1_31' title='bbox 1206 450 1307 521; x_wconf 74' lang='grc' dir='ltr'>γὰρ</span> <span class='ocrx_word' id='word_1_32' title='bbox 1359 444 1532 500; x_wconf 86' lang='grc' dir='ltr'>δεῖται</span> <span class='ocrx_word' id='word_1_33' title='bbox 1559 455 1649 500; x_wconf 91' lang='grc' dir='ltr'>τοῦ</span> <span class='ocrx_word' id='word_1_34' title='bbox 1703 447 1948 501; x_wconf 77' lang='grc' dir='ltr'>ἀκούειν’</span> 
     </span>
    </p>
   </div>
   <div class='ocr_carea' id='block_1_5' title="bbox 2088 444 3715 526">
    <p class='ocr_par' dir='ltr' id='par_1_5' title="bbox 2088 448 3715 526">
     <span class='ocr_line' id='line_1_5' title="bbox 2088 448 3715 526; baseline 0.006 -23"><span class='ocrx_word' id='word_1_35' title='bbox 2088 448 2196 504; x_wconf 76' lang='lat' dir='ltr'>lem</span> <span class='ocrx_word' id='word_1_36' title='bbox 2235 464 2430 521; x_wconf 91' lang='lat' dir='ltr'>neque</span> <span class='ocrx_word' id='word_1_37' title='bbox 2460 449 2658 507; x_wconf 89' lang='lat' dir='ltr'>videre</span> <span class='ocrx_word' id='word_1_38' title='bbox 2694 449 2744 506; x_wconf 90' lang='lat' dir='ltr'>ei</span> <span class='ocrx_word' id='word_1_39' title='bbox 2771 466 2926 523; x_wconf 88' lang='lat' dir='ltr'>opus</span> <span class='ocrx_word' id='word_1_40' title='bbox 2956 456 3065 519; x_wconf 86' lang='lat' dir='ltr'>est,</span> <span class='ocrx_word' id='word_1_41' title='bbox 3099 467 3296 526; x_wconf 88' lang='lat' dir='ltr'>neque</span> <span class='ocrx_word' id='word_1_42' title='bbox 3324 453 3550 518; x_wconf 88' lang='lat' dir='ltr'>audire,</span> <span class='ocrx_word' id='word_1_43' title='bbox 3576 470 3715 513; x_wconf 89' lang='lat' dir='ltr'>cum</span> 
     </span>
    </p>
   </div>
   <div class='ocr_carea' id='block_1_6' title="bbox 353 533 1980 609">
    <p class='ocr_par' dir='ltr' id='par_1_6' title="bbox 353 533 955 609">
     <span class='ocr_line' id='line_1_6' title="bbox 353 533 955 609; baseline 0.012 -22"><span class='ocrx_word' id='word_1_44' title='bbox 353 533 597 598; x_wconf 76' lang='grc' dir='ltr'>ἀνενδεὴς</span> <span class='ocrx_word' id='word_1_45' title='bbox 618 538 720 609; x_wconf 73' lang='grc' dir='ltr'>γὰρ</span> <span class='ocrx_word' id='word_1_46' title='bbox 748 537 773 588; x_wconf 88' lang='lat'>6</span> <span class='ocrx_word' id='word_1_47' title='bbox 804 541 955 598; x_wconf 81' lang='grc' dir='ltr'>Θεὸς.</span> 
     </span>
    </p>
   </div>
   <div class='ocr_carea' id='block_1_7' title="bbox 1187 533 2814 609">
    <p class='ocr_par' dir='ltr' id='par_1_7' title="bbox 2058 535 2814 608">
     <span class='ocr_line' id='line_1_7' title="bbox 2058 535 2814 608; baseline 0.013 -22"><span class='ocrx_word' id='word_1_48' title='bbox 2058 535 2213 591; x_wconf 90' lang='lat' dir='ltr'>Deus</span> <span class='ocrx_word' id='word_1_49' title='bbox 2250 536 2412 592; x_wconf 87' lang='lat' dir='ltr'>nulla</span> <span class='ocrx_word' id='word_1_50' title='bbox 2437 554 2499 593; x_wconf 90' lang='lat' dir='ltr'>re</span> <span class='ocrx_word' id='word_1_51' title='bbox 2530 538 2814 608; x_wconf 81' lang='lat' dir='ltr'>indigeat.</span> 
     </span>
    </p>
   </div>
   <div class='ocr_carea' id='block_1_8' title="bbox 429 622 2056 704">
    <p class='ocr_par' dir='ltr' id='par_1_8' title="bbox 429 622 1949 699">
     <span class='ocr_line' id='line_1_8' title="bbox 429 622 1949 699; baseline 0 -23"><span class='ocrx_word' id='word_1_52' title='bbox 429 630 528 677; x_wconf 82' lang='lat' dir='ltr'>Kui</span> <span class='ocrx_word' id='word_1_53' title='bbox 594 655 663 664; x_wconf 94' lang='lat'><strong>-</strong></span> <span class='ocrx_word' id='word_1_54' title='bbox 721 630 938 698; x_wconf 87' lang='grc' dir='ltr'>Πατρός.</span> <span class='ocrx_word' id='word_1_55' title='bbox 992 629 1160 699; x_wconf 82' lang='grc' dir='ltr'>Κρίνω</span> <span class='ocrx_word' id='word_1_56' title='bbox 1215 623 1420 691; x_wconf 79' lang='grc' dir='ltr'>δίκαια,</span> <span class='ocrx_word' id='word_1_57' title='bbox 1477 630 1629 698; x_wconf 78' lang='grc' dir='ltr'>φησὶ,</span> <span class='ocrx_word' id='word_1_58' title='bbox 1699 622 1839 678; x_wconf 87' lang='grc' dir='ltr'>διότι</span> <span class='ocrx_word' id='word_1_59' title='bbox 1891 624 1949 677; x_wconf 78' lang='grc' dir='ltr'>ού</span> 
     </span>
    </p>
   </div>
   <div class='ocr_carea' id='block_1_9' title="bbox 2085 622 3712 704">
    <p class='ocr_par' dir='ltr' id='par_1_9' title="bbox 2128 626 3712 704">
     <span class='ocr_line' id='line_1_9' title="bbox 2128 626 3712 704; baseline 0.007 -25"><span class='ocrx_word' id='word_1_60' title='bbox 2128 626 2289 681; x_wconf 88' lang='lat' dir='ltr'>Vers.</span> <span class='ocrx_word' id='word_1_61' title='bbox 2331 630 2424 684; x_wconf 91' lang='lat'>30.</span> <span class='ocrx_word' id='word_1_62' title='bbox 2482 628 2556 681; x_wconf 81' lang='lat' dir='ltr'>Et</span> <span class='ocrx_word' id='word_1_63' title='bbox 2595 658 2664 669; x_wconf 90' lang='lat'><strong><em>—</em></strong></span> <span class='ocrx_word' id='word_1_64' title='bbox 2711 629 2925 685; x_wconf 80' lang='lat' dir='ltr'>Patris.</span> <span class='ocrx_word' id='word_1_65' title='bbox 2981 631 3166 697; x_wconf 85' lang='lat' dir='ltr'>Juste,</span> <span class='ocrx_word' id='word_1_66' title='bbox 3224 631 3439 704; x_wconf 84' lang='lat' dir='ltr'>inquit,</span> <span class='ocrx_word' id='word_1_67' title='bbox 3467 631 3712 704; x_wconf 90' lang='lat' dir='ltr'>judicio,</span> 
     </span>
    </p>
   </div>
   <div class='ocr_carea' id='block_1_10' title="bbox 351 712 1978 791">
    <p class='ocr_par' dir='ltr' id='par_1_10' title="bbox 351 712 1950 790">
     <span class='ocr_line' id='line_1_10' title="bbox 351 712 1950 790; baseline 0.001 -26"><span class='ocrx_word' id='word_1_68' title='bbox 351 718 513 784; x_wconf 86' lang='grc' dir='ltr'>κρίνω</span> <span class='ocrx_word' id='word_1_69' title='bbox 547 716 683 766; x_wconf 81' lang='grc' dir='ltr'>κατὰ</span> <span class='ocrx_word' id='word_1_70' title='bbox 715 718 773 766; x_wconf 87' lang='lat'>16</span> <span class='ocrx_word' id='word_1_71' title='bbox 815 714 1010 787; x_wconf 78' lang='grc' dir='ltr'>θέλημα</span> <span class='ocrx_word' id='word_1_72' title='bbox 1057 715 1170 783; x_wconf 81' lang='grc' dir='ltr'>(ΓΙ)</span> <span class='ocrx_word' id='word_1_73' title='bbox 1215 718 1274 766; x_wconf 98' lang='lat'>16</span> <span class='ocrx_word' id='word_1_74' title='bbox 1324 713 1479 787; x_wconf 55' lang='grc' dir='ltr'>ἐμόν</span> <span class='ocrx_word' id='word_1_75' title='bbox 1530 712 1653 767; x_wconf 74' lang='grc' dir='ltr'>οὐδὲ</span> <span class='ocrx_word' id='word_1_76' title='bbox 1699 719 1799 790; x_wconf 72' lang='grc' dir='ltr'>γὰρ</span> <span class='ocrx_word' id='word_1_77' title='bbox 1842 715 1950 786; x_wconf 83' lang='grc' dir='ltr'>ἐχω</span> 
     </span>
    </p>
   </div>
   <div class='ocr_carea' id='block_1_11' title="bbox 2091 712 3718 791">
    <p class='ocr_par' dir='ltr' id='par_1_11' title="bbox 2091 714 3718 791">
     <span class='ocr_line' id='line_1_11' title="bbox 2091 714 3718 791; baseline 0.007 -23"><span class='ocrx_word' id='word_1_78' title='bbox 2091 714 2198 785; x_wconf 76' lang='grc' dir='ltr'>ςυὶδ.</span> <span class='ocrx_word' id='word_1_79' title='bbox 2226 730 2348 769; x_wconf 91' lang='lat' dir='ltr'>non</span> <span class='ocrx_word' id='word_1_80' title='bbox 2358 716 2562 785; x_wconf 90' lang='lat' dir='ltr'>judico</span> <span class='ocrx_word' id='word_1_81' title='bbox 2585 716 2921 773; x_wconf 89' lang='lat' dir='ltr'>secundum</span> <span class='ocrx_word' id='word_1_82' title='bbox 2946 718 3330 791; x_wconf 82' lang='lat' dir='ltr'>voluntatem,</span> <span class='ocrx_word' id='word_1_83' title='bbox 3378 737 3596 789; x_wconf 84' lang='lat' dir='ltr'>meam,</span> <span class='ocrx_word' id='word_1_84' title='bbox 3618 738 3718 779; x_wconf 88' lang='lat' dir='ltr'>ne-</span> 
     </span>
    </p>
   </div>
   <div class='ocr_carea' id='block_1_12' title="bbox 352 799 1979 877">
    <p class='ocr_par' dir='ltr' id='par_1_12' title="bbox 352 799 1948 877">
     <span class='ocr_line' id='line_1_12' title="bbox 352 799 1948 877; baseline -0.002 -20"><span class='ocrx_word' id='word_1_85' title='bbox 352 802 552 876; x_wconf 74' lang='grc' dir='ltr'>θέλημα</span> <span class='ocrx_word' id='word_1_86' title='bbox 593 799 731 856; x_wconf 84' lang='grc' dir='ltr'>ἴδιον</span> <span class='ocrx_word' id='word_1_87' title='bbox 757 821 769 833; x_wconf 92' lang='grc'><strong>·</strong></span> <span class='ocrx_word' id='word_1_88' title='bbox 824 802 949 855; x_wconf 81' lang='grc' dir='ltr'>ἀλλὰ</span> <span class='ocrx_word' id='word_1_89' title='bbox 991 808 1126 856; x_wconf 86' lang='grc' dir='ltr'>κατὰ</span> <span class='ocrx_word' id='word_1_90' title='bbox 1154 807 1212 856; x_wconf 85' lang='grc' dir='ltr'>τὸ</span> <span class='ocrx_word' id='word_1_91' title='bbox 1248 812 1337 856; x_wconf 89' lang='grc' dir='ltr'>τοῦ</span> <span class='ocrx_word' id='word_1_92' title='bbox 1372 807 1593 877; x_wconf 87' lang='grc' dir='ltr'>Πατρός.</span> <span class='ocrx_word' id='word_1_93' title='bbox 1643 810 1805 857; x_wconf 82' lang='grc' dir='ltr'>Τοῦτο</span> <span class='ocrx_word' id='word_1_94' title='bbox 1848 807 1948 876; x_wconf 75' lang='grc' dir='ltr'>γὰρ</span> 
     </span>
    </p>
   </div>
   <div class='ocr_carea' id='block_1_13' title="bbox 2090 799 3717 877">
    <p class='ocr_par' dir='ltr' id='par_1_13' title="bbox 2090 805 3717 876">
     <span class='ocr_line' id='line_1_13' title="bbox 2090 805 3717 876; baseline 0.007 -19"><span class='ocrx_word' id='word_1_95' title='bbox 2090 819 2173 874; x_wconf 65' lang='grc' dir='ltr'>ςυθ</span> <span class='ocrx_word' id='word_1_96' title='bbox 2203 818 2312 871; x_wconf 86' lang='lat' dir='ltr'>ego</span> <span class='ocrx_word' id='word_1_97' title='bbox 2333 805 2640 876; x_wconf 82' lang='lat' dir='ltr'>prapriam</span> <span class='ocrx_word' id='word_1_98' title='bbox 2663 806 2854 862; x_wconf 86' lang='lat' dir='ltr'>habeo</span> <span class='ocrx_word' id='word_1_99' title='bbox 2876 808 3242 865; x_wconf 86' lang='lat' dir='ltr'>voluntatem</span> <span class='ocrx_word' id='word_1_100' title='bbox 3256 810 3360 866; x_wconf 89' lang='lat' dir='ltr'>sed</span> <span class='ocrx_word' id='word_1_101' title='bbox 3382 810 3717 869; x_wconf 89' lang='lat' dir='ltr'>secundum</span> 
     </span>
    </p>
   </div>
   <div class='ocr_carea' id='block_1_14' title="bbox 350 891 1977 973">
    <p class='ocr_par' dir='ltr' id='par_1_14' title="bbox 350 891 1949 967">
     <span class='ocr_line' id='line_1_14' title="bbox 350 891 1949 967; baseline 0 -23"><span class='ocrx_word' id='word_1_102' title='bbox 350 897 442 945; x_wconf 87' lang='lat' dir='ltr'>xui</span> <span class='ocrx_word' id='word_1_103' title='bbox 483 891 640 965; x_wconf 80' lang='grc' dir='ltr'>ἐμόν·</span> <span class='ocrx_word' id='word_1_104' title='bbox 687 891 735 944; x_wconf 79' lang='grc' dir='ltr'>ἓν</span> <span class='ocrx_word' id='word_1_105' title='bbox 784 895 884 967; x_wconf 75' lang='grc' dir='ltr'>γὰρ</span> <span class='ocrx_word' id='word_1_106' title='bbox 938 898 1028 945; x_wconf 84' lang='grc' dir='ltr'>καὶ</span> <span class='ocrx_word' id='word_1_107' title='bbox 1080 896 1138 945; x_wconf 88' lang='lat'>16</span> <span class='ocrx_word' id='word_1_108' title='bbox 1193 892 1319 945; x_wconf 78' lang='grc' dir='ltr'>αύτὸ</span> <span class='ocrx_word' id='word_1_109' title='bbox 1376 893 1573 965; x_wconf 71' lang='grc' dir='ltr'>θέλημα</span> <span class='ocrx_word' id='word_1_110' title='bbox 1616 897 1819 967; x_wconf 77' lang='grc' dir='ltr'>Πατρός</span> <span class='ocrx_word' id='word_1_111' title='bbox 1861 897 1949 944; x_wconf 89' lang='lat' dir='ltr'>xui</span> 
     </span>
    </p>
   </div>
   <div class='ocr_carea' id='block_1_15' title="bbox 2090 891 3717 973">
    <p class='ocr_par' dir='ltr' id='par_1_15' title="bbox 2090 892 3717 973">
     <span class='ocr_line' id='line_1_15' title="bbox 2090 892 3717 973; baseline 0.008 -28"><span class='ocrx_word' id='word_1_112' title='bbox 2090 894 2244 947; x_wconf 79' lang='lat' dir='ltr'>&#39;atris</span> <span class='ocrx_word' id='word_1_113' title='bbox 2261 892 2795 961; x_wconf 88' lang='lat' dir='ltr'>voluntatem;nam</span> <span class='ocrx_word' id='word_1_114' title='bbox 2812 896 2910 952; x_wconf 92' lang='lat' dir='ltr'>illa</span> <span class='ocrx_word' id='word_1_115' title='bbox 2928 896 3108 954; x_wconf 90' lang='lat' dir='ltr'>etiam</span> <span class='ocrx_word' id='word_1_116' title='bbox 3130 915 3265 955; x_wconf 91' lang='lat' dir='ltr'>mea</span> <span class='ocrx_word' id='word_1_117' title='bbox 3284 904 3520 966; x_wconf 84' lang='lat' dir='ltr'>est;una</span> <span class='ocrx_word' id='word_1_118' title='bbox 3538 900 3717 973; x_wconf 88' lang='lat' dir='ltr'>siqui-</span> 
     </span>
    </p>
   </div>
   <div class='ocr_carea' id='block_1_16' title="bbox 348 978 1975 1062">
    <p class='ocr_par' dir='ltr' id='par_1_16' title="bbox 348 978 1949 1055">
     <span class='ocr_line' id='line_1_16' title="bbox 348 978 1949 1055; baseline -0.001 -20"><span class='ocrx_word' id='word_1_119' title='bbox 348 984 494 1037; x_wconf 80' lang='grc' dir='ltr'>Υὶοῦ.</span> <span class='ocrx_word' id='word_1_120' title='bbox 551 987 652 1035; x_wconf 83' lang='grc' dir='ltr'>Καὶ</span> <span class='ocrx_word' id='word_1_121' title='bbox 692 981 888 1047; x_wconf 84' lang='grc' dir='ltr'>λοιπόν,</span> <span class='ocrx_word' id='word_1_122' title='bbox 932 982 974 1034; x_wconf 79' lang='grc' dir='ltr'>εἰ</span> <span class='ocrx_word' id='word_1_123' title='bbox 1005 984 1030 1033; x_wconf 98' lang='lat'>6</span> <span class='ocrx_word' id='word_1_124' title='bbox 1076 987 1254 1055; x_wconf 72' lang='grc' dir='ltr'>Πατὴρ</span> <span class='ocrx_word' id='word_1_125' title='bbox 1304 988 1489 1053; x_wconf 74' lang='grc' dir='ltr'>κριτὴς</span> <span class='ocrx_word' id='word_1_126' title='bbox 1538 978 1758 1053; x_wconf 84' lang='grc' dir='ltr'>δίκαιος,</span> <span class='ocrx_word' id='word_1_127' title='bbox 1807 988 1896 1034; x_wconf 81' lang='grc' dir='ltr'>καὶ</span> <span class='ocrx_word' id='word_1_128' title='bbox 1924 984 1949 1033; x_wconf 93' lang='lat'>6</span> 
     </span>
    </p>
   </div>
   <div class='ocr_carea' id='block_1_17' title="bbox 2090 978 3717 1062">
    <p class='ocr_par' dir='ltr' id='par_1_17' title="bbox 2090 982 3717 1062">
     <span class='ocr_line' id='line_1_17' title="bbox 2090 982 3717 1062; baseline 0.007 -27"><span class='ocrx_word' id='word_1_129' title='bbox 2090 997 2194 1035; x_wconf 89' lang='lat' dir='ltr'>.em</span> <span class='ocrx_word' id='word_1_130' title='bbox 2211 988 2263 1036; x_wconf 92' lang='lat' dir='ltr'>et</span> <span class='ocrx_word' id='word_1_131' title='bbox 2282 982 2488 1038; x_wconf 89' lang='lat' dir='ltr'>eadem</span> <span class='ocrx_word' id='word_1_132' title='bbox 2510 990 2596 1039; x_wconf 91' lang='lat' dir='ltr'>est</span> <span class='ocrx_word' id='word_1_133' title='bbox 2618 985 2804 1040; x_wconf 89' lang='lat' dir='ltr'>Patris</span> <span class='ocrx_word' id='word_1_134' title='bbox 2831 992 2887 1042; x_wconf 90' lang='lat' dir='ltr'>et</span> <span class='ocrx_word' id='word_1_135' title='bbox 2914 986 3039 1043; x_wconf 83' lang='lat' dir='ltr'>Filii</span> <span class='ocrx_word' id='word_1_136' title='bbox 3063 988 3358 1045; x_wconf 79' lang='lat' dir='ltr'>voluntas.</span> <span class='ocrx_word' id='word_1_137' title='bbox 3388 990 3443 1048; x_wconf 91' lang='lat' dir='ltr'>Si</span> <span class='ocrx_word' id='word_1_138' title='bbox 3462 1006 3598 1061; x_wconf 91' lang='lat' dir='ltr'>ergo</span> <span class='ocrx_word' id='word_1_139' title='bbox 3619 1006 3717 1062; x_wconf 87' lang='lat' dir='ltr'>pa-</span> 
     </span>
    </p>
   </div>
   <div class='ocr_carea' id='block_1_18' title="bbox 349 1068 1976 1151">
    <p class='ocr_par' dir='ltr' id='par_1_18' title="bbox 349 1068 1068 1146">
     <span class='ocr_line' id='line_1_18' title="bbox 349 1068 1068 1146; baseline 0.001 -23"><span class='ocrx_word' id='word_1_140' title='bbox 349 1071 472 1133; x_wconf 89' lang='grc' dir='ltr'>Υἰός</span> <span class='ocrx_word' id='word_1_141' title='bbox 500 1072 604 1145; x_wconf 81' lang='grc' dir='ltr'>ἄρα</span> <span class='ocrx_word' id='word_1_142' title='bbox 632 1076 815 1146; x_wconf 82' lang='grc' dir='ltr'>κριτὴς</span> <span class='ocrx_word' id='word_1_143' title='bbox 844 1068 1068 1132; x_wconf 87' lang='grc' dir='ltr'>δίκαιος.</span> 
     </span>
    </p>
   </div>
   <div class='ocr_carea' id='block_1_19' title="bbox 2087 1068 3714 1151">
    <p class='ocr_par' dir='ltr' id='par_1_19' title="bbox 2087 1070 3714 1151">
     <span class='ocr_line' id='line_1_19' title="bbox 2087 1070 3714 1151; baseline 0.008 -26"><span class='ocrx_word' id='word_1_144' title='bbox 2087 1070 2672 1143; x_wconf 83' lang='lat' dir='ltr'>erjustusestjudex,</span> <span class='ocrx_word' id='word_1_145' title='bbox 2701 1081 2754 1131; x_wconf 93' lang='lat' dir='ltr'>et</span> <span class='ocrx_word' id='word_1_146' title='bbox 2777 1075 2959 1133; x_wconf 87' lang='lat' dir='ltr'>Filius</span> <span class='ocrx_word' id='word_1_147' title='bbox 2979 1077 3181 1150; x_wconf 77' lang='lat' dir='ltr'>utique</span> <span class='ocrx_word' id='word_1_148' title='bbox 3197 1080 3393 1149; x_wconf 89' lang='lat' dir='ltr'>justus</span> <span class='ocrx_word' id='word_1_149' title='bbox 3405 1086 3491 1137; x_wconf 86' lang='lat' dir='ltr'>est</span> <span class='ocrx_word' id='word_1_150' title='bbox 3507 1080 3714 1151; x_wconf 85' lang='lat' dir='ltr'>judex.</span> 
     </span>
    </p>
   </div>
   <div class='ocr_carea' id='block_1_20' title="bbox 426 1158 2053 1241">
    <p class='ocr_par' dir='ltr' id='par_1_20' title="bbox 426 1158 1950 1234">
     <span class='ocr_line' id='line_1_20' title="bbox 426 1158 1950 1234; baseline -0.001 -20"><span class='ocrx_word' id='word_1_151' title='bbox 426 1165 534 1234; x_wconf 84' lang='grc' dir='ltr'>Χρὴ</span> <span class='ocrx_word' id='word_1_152' title='bbox 582 1165 754 1213; x_wconf 86' lang='grc' dir='ltr'>τοίνυν</span> <span class='ocrx_word' id='word_1_153' title='bbox 794 1159 876 1213; x_wconf 79' lang='grc' dir='ltr'>ἐπὶ</span> <span class='ocrx_word' id='word_1_154' title='bbox 920 1169 1016 1213; x_wconf 85' lang='grc' dir='ltr'>τῶν</span> <span class='ocrx_word' id='word_1_155' title='bbox 1057 1162 1301 1213; x_wconf 80' lang='grc' dir='ltr'>τοιούτων</span> <span class='ocrx_word' id='word_1_156' title='bbox 1365 1158 1832 1231; x_wconf 76' lang='grc' dir='ltr'>συγκαταϐατικών</span> <span class='ocrx_word' id='word_1_157' title='bbox 1896 1179 1950 1212; x_wconf 83' lang='grc' dir='ltr'>τε</span> 
     </span>
    </p>
   </div>
   <div class='ocr_carea' id='block_1_21' title="bbox 2091 1158 3718 1241">
    <p class='ocr_par' dir='ltr' id='par_1_21' title="bbox 2128 1161 3718 1241">
     <span class='ocr_line' id='line_1_21' title="bbox 2128 1161 3718 1241; baseline 0.008 -27"><span class='ocrx_word' id='word_1_158' title='bbox 2128 1162 2370 1231; x_wconf 79' lang='lat' dir='ltr'>Oportet</span> <span class='ocrx_word' id='word_1_159' title='bbox 2399 1161 2599 1234; x_wconf 84' lang='lat' dir='ltr'>itaque</span> <span class='ocrx_word' id='word_1_160' title='bbox 2627 1163 2686 1218; x_wconf 90' lang='lat' dir='ltr'>in</span> <span class='ocrx_word' id='word_1_161' title='bbox 2718 1163 3064 1235; x_wconf 87' lang='lat' dir='ltr'>hujusmodi</span> <span class='ocrx_word' id='word_1_162' title='bbox 3096 1168 3305 1234; x_wconf 84' lang='lat' dir='ltr'>verbis,</span> <span class='ocrx_word' id='word_1_163' title='bbox 3339 1185 3470 1241; x_wconf 60' lang='lat' dir='ltr'>quas</span> <span class='ocrx_word' id='word_1_164' title='bbox 3500 1168 3718 1227; x_wconf 88' lang='lat' dir='ltr'>demis-</span> 
     </span>
    </p>
   </div>
   <div class='ocr_carea' id='block_1_22' title="bbox 347 1247 1974 1331">
    <p class='ocr_par' dir='ltr' id='par_1_22' title="bbox 347 1247 1948 1324">
     <span class='ocr_line' id='line_1_22' title="bbox 347 1247 1948 1324; baseline -0.002 -22"><span class='ocrx_word' id='word_1_165' title='bbox 347 1256 438 1303; x_wconf 84' lang='grc' dir='ltr'>καὶ</span> <span class='ocrx_word' id='word_1_166' title='bbox 510 1250 845 1323; x_wconf 81' lang='grc' dir='ltr'>οἰκονομικῶν</span> <span class='ocrx_word' id='word_1_167' title='bbox 914 1250 1159 1324; x_wconf 74' lang='grc' dir='ltr'>ῥημάτων</span> <span class='ocrx_word' id='word_1_168' title='bbox 1226 1253 1298 1322; x_wconf 82' lang='grc' dir='ltr'>μὴ</span> <span class='ocrx_word' id='word_1_169' title='bbox 1366 1252 1492 1321; x_wconf 83' lang='grc' dir='ltr'>πρός</span> <span class='ocrx_word' id='word_1_170' title='bbox 1547 1249 1681 1301; x_wconf 81' lang='grc' dir='ltr'>αύτὰ</span> <span class='ocrx_word' id='word_1_171' title='bbox 1746 1247 1948 1320; x_wconf 80' lang='grc' dir='ltr'>βλέπειν</span> 
     </span>
    </p>
   </div>
   <div class='ocr_carea' id='block_1_23' title="bbox 2093 1247 3720 1331">
    <p class='ocr_par' dir='ltr' id='par_1_23' title="bbox 2093 1247 3720 1331">
     <span class='ocr_line' id='line_1_23' title="bbox 2093 1247 3720 1331; baseline 0.008 -28"><span class='ocrx_word' id='word_1_172' title='bbox 2093 1247 2284 1304; x_wconf 89' lang='lat' dir='ltr'>ionem</span> <span class='ocrx_word' id='word_1_173' title='bbox 2309 1264 2379 1306; x_wconf 89' lang='lat' dir='ltr'>ac</span> <span class='ocrx_word' id='word_1_174' title='bbox 2408 1249 2920 1322; x_wconf 82' lang='lat' dir='ltr'>dispensationem</span> <span class='ocrx_word' id='word_1_175' title='bbox 2950 1254 3308 1325; x_wconf 81' lang='lat' dir='ltr'>signiﬁcant,</span> <span class='ocrx_word' id='word_1_176' title='bbox 3338 1274 3457 1314; x_wconf 89' lang='lat' dir='ltr'>non</span> <span class='ocrx_word' id='word_1_177' title='bbox 3483 1258 3561 1315; x_wconf 90' lang='lat' dir='ltr'>ad</span> <span class='ocrx_word' id='word_1_178' title='bbox 3584 1259 3720 1331; x_wconf 89' lang='lat' dir='ltr'>ipsa</span> 
     </span>
    </p>
   </div>
   <div class='ocr_carea' id='block_1_24' title="bbox 347 1336 1974 1419">
    <p class='ocr_par' dir='ltr' id='par_1_24' title="bbox 347 1336 1946 1413">
     <span class='ocr_line' id='line_1_24' title="bbox 347 1336 1946 1413; baseline -0.002 -21"><span class='ocrx_word' id='word_1_179' title='bbox 347 1344 522 1412; x_wconf 84' lang='grc' dir='ltr'>μόνον,</span> <span class='ocrx_word' id='word_1_180' title='bbox 560 1338 686 1392; x_wconf 80' lang='grc' dir='ltr'>ἀλλὰ</span> <span class='ocrx_word' id='word_1_181' title='bbox 737 1342 984 1413; x_wconf 81' lang='grc' dir='ltr'>καὶπρὸς</span> <span class='ocrx_word' id='word_1_182' title='bbox 1014 1344 1103 1398; x_wconf 79' lang='grc' dir='ltr'>τὴν</span> <span class='ocrx_word' id='word_1_183' title='bbox 1158 1338 1329 1391; x_wconf 84' lang='grc' dir='ltr'>αἰτίαν</span> <span class='ocrx_word' id='word_1_184' title='bbox 1388 1336 1465 1390; x_wconf 84' lang='grc' dir='ltr'>δι’</span> <span class='ocrx_word' id='word_1_185' title='bbox 1521 1338 1581 1395; x_wconf 79' lang='grc' dir='ltr'>ἢν</span> <span class='ocrx_word' id='word_1_186' title='bbox 1630 1336 1946 1411; x_wconf 75' lang='grc' dir='ltr'>ἐρρήθησαν.</span> 
     </span>
    </p>
   </div>
   <div class='ocr_carea' id='block_1_25' title="bbox 2085 1336 3712 1419">
    <p class='ocr_par' dir='ltr' id='par_1_25' title="bbox 2085 1340 3712 1419">
     <span class='ocr_line' id='line_1_25' title="bbox 2085 1340 3712 1419; baseline 0.005 -26"><span class='ocrx_word' id='word_1_187' title='bbox 2085 1343 2290 1395; x_wconf 87' lang='lat' dir='ltr'>autum</span> <span class='ocrx_word' id='word_1_188' title='bbox 2322 1340 2633 1411; x_wconf 82' lang='lat' dir='ltr'>respicere,</span> <span class='ocrx_word' id='word_1_189' title='bbox 2667 1341 2771 1397; x_wconf 91' lang='lat' dir='ltr'>sed</span> <span class='ocrx_word' id='word_1_190' title='bbox 2804 1343 2985 1399; x_wconf 89' lang='lat' dir='ltr'>etiam</span> <span class='ocrx_word' id='word_1_191' title='bbox 3024 1344 3102 1400; x_wconf 89' lang='lat' dir='ltr'>ad</span> <span class='ocrx_word' id='word_1_192' title='bbox 3131 1361 3378 1402; x_wconf 87' lang='lat' dir='ltr'>causam</span> <span class='ocrx_word' id='word_1_193' title='bbox 3410 1346 3674 1419; x_wconf 85' lang='lat' dir='ltr'>ipsorum</span> <span class='ocrx_word' id='word_1_194' title='bbox 3700 1364 3712 1415; x_wconf 91' lang='lat'><strong>;</strong></span> 
     </span>
    </p>
   </div>
   <div class='ocr_carea' id='block_1_26' title="bbox 351 1423 1978 1505">
    <p class='ocr_par' dir='ltr' id='par_1_26' title="bbox 351 1423 1949 1505">
     <span class='ocr_line' id='line_1_26' title="bbox 351 1423 1949 1505; baseline -0.004 -23"><span class='ocrx_word' id='word_1_195' title='bbox 351 1429 506 1483; x_wconf 82' lang='grc' dir='ltr'>Αἱτία</span> <span class='ocrx_word' id='word_1_196' title='bbox 554 1431 655 1505; x_wconf 73' lang='grc' dir='ltr'>γὰρ</span> <span class='ocrx_word' id='word_1_197' title='bbox 688 1427 772 1481; x_wconf 83' lang='grc' dir='ltr'>ἐπὶ</span> <span class='ocrx_word' id='word_1_198' title='bbox 818 1431 1008 1481; x_wconf 83' lang='grc' dir='ltr'>τούτων</span> <span class='ocrx_word' id='word_1_199' title='bbox 1056 1431 1085 1486; x_wconf 78' lang='grc' dir='ltr'>ἡ</span> <span class='ocrx_word' id='word_1_200' title='bbox 1146 1427 1385 1481; x_wconf 76' lang='grc' dir='ltr'>ἀσθένεια</span> <span class='ocrx_word' id='word_1_201' title='bbox 1434 1436 1531 1489; x_wconf 86' lang='grc' dir='ltr'>τῆς</span> <span class='ocrx_word' id='word_1_202' title='bbox 1570 1423 1807 1488; x_wconf 74' lang='grc' dir='ltr'>διανοίας</span> <span class='ocrx_word' id='word_1_203' title='bbox 1851 1434 1949 1477; x_wconf 80' lang='grc' dir='ltr'>τῶν</span> 
     </span>
    </p>
   </div>
   <div class='ocr_carea' id='block_1_27' title="bbox 2089 1423 3716 1505">
    <p class='ocr_par' dir='ltr' id='par_1_27' title="bbox 2089 1427 3716 1493">
     <span class='ocr_line' id='line_1_27' title="bbox 2089 1427 3716 1493; baseline 0.007 -12"><span class='ocrx_word' id='word_1_204' title='bbox 2089 1442 2117 1481; x_wconf 84' lang='grc' dir='ltr'>[ι</span> <span class='ocrx_word' id='word_1_205' title='bbox 2146 1427 2238 1483; x_wconf 90' lang='lat' dir='ltr'>his</span> <span class='ocrx_word' id='word_1_206' title='bbox 2267 1429 2424 1484; x_wconf 90' lang='lat' dir='ltr'>enim</span> <span class='ocrx_word' id='word_1_207' title='bbox 2454 1444 2636 1486; x_wconf 90' lang='lat' dir='ltr'>causa</span> <span class='ocrx_word' id='word_1_208' title='bbox 2668 1434 2758 1485; x_wconf 88' lang='lat' dir='ltr'>est</span> <span class='ocrx_word' id='word_1_209' title='bbox 2814 1431 3186 1490; x_wconf 86' lang='lat' dir='ltr'>imbecillitas</span> <span class='ocrx_word' id='word_1_210' title='bbox 3217 1435 3432 1491; x_wconf 83' lang='lat' dir='ltr'>mentis</span> <span class='ocrx_word' id='word_1_211' title='bbox 3474 1435 3716 1493; x_wconf 89' lang='lat' dir='ltr'>audien-</span> 
     </span>
    </p>
   </div>
   <div class='ocr_carea' id='block_1_28' title="bbox 346 1511 1973 1590">
    <p class='ocr_par' dir='ltr' id='par_1_28' title="bbox 346 1511 1953 1590">
     <span class='ocr_line' id='line_1_28' title="bbox 346 1511 1953 1590; baseline -0.003 -19"><span class='ocrx_word' id='word_1_212' title='bbox 346 1518 657 1589; x_wconf 74' lang='grc' dir='ltr'>ἀκουόντων,</span> <span class='ocrx_word' id='word_1_213' title='bbox 700 1521 878 1571; x_wconf 83' lang='grc' dir='ltr'>καὶτὸ</span> <span class='ocrx_word' id='word_1_214' title='bbox 924 1521 995 1590; x_wconf 85' lang='grc' dir='ltr'>μὴ</span> <span class='ocrx_word' id='word_1_215' title='bbox 1031 1515 1202 1570; x_wconf 79' lang='grc' dir='ltr'>δοκεῖν</span> <span class='ocrx_word' id='word_1_216' title='bbox 1246 1517 1400 1569; x_wconf 71' lang='grc' dir='ltr'>αὐτὸν</span> <span class='ocrx_word' id='word_1_217' title='bbox 1446 1515 1697 1580; x_wconf 78' lang='grc' dir='ltr'>ἀντίθεον,</span> <span class='ocrx_word' id='word_1_218' title='bbox 1737 1517 1806 1576; x_wconf 82' lang='grc' dir='ltr'>ὡς</span> <span class='ocrx_word' id='word_1_219' title='bbox 1837 1511 1953 1567; x_wconf 86' lang='grc' dir='ltr'>δια-</span> 
     </span>
    </p>
   </div>
   <div class='ocr_carea' id='block_1_29' title="bbox 2090 1511 3717 1590">
    <p class='ocr_par' dir='ltr' id='par_1_29' title="bbox 2090 1516 3717 1588">
     <span class='ocr_line' id='line_1_29' title="bbox 2090 1516 3717 1588; baseline 0.006 -18"><span class='ocrx_word' id='word_1_220' title='bbox 2090 1516 2227 1582; x_wconf 83' lang='lat' dir='ltr'>ium,</span> <span class='ocrx_word' id='word_1_221' title='bbox 2266 1522 2320 1572; x_wconf 88' lang='lat' dir='ltr'>et</span> <span class='ocrx_word' id='word_1_222' title='bbox 2360 1532 2434 1573; x_wconf 88' lang='lat' dir='ltr'>ne</span> <span class='ocrx_word' id='word_1_223' title='bbox 2478 1517 2599 1573; x_wconf 91' lang='lat' dir='ltr'>Deo</span> <span class='ocrx_word' id='word_1_224' title='bbox 2631 1520 2964 1576; x_wconf 89' lang='lat' dir='ltr'>contrarius</span> <span class='ocrx_word' id='word_1_225' title='bbox 2997 1521 3312 1588; x_wconf 85' lang='lat' dir='ltr'>videretur,</span> <span class='ocrx_word' id='word_1_226' title='bbox 3347 1524 3499 1580; x_wconf 86' lang='lat' dir='ltr'>sicut</span> <span class='ocrx_word' id='word_1_227' title='bbox 3536 1524 3717 1581; x_wconf 84' lang='lat' dir='ltr'>variis</span> 
     </span>
    </p>
   </div>
   <div class='ocr_carea' id='block_1_30' title="bbox 347 1605 1974 1683">
    <p class='ocr_par' dir='ltr' id='par_1_30' title="bbox 347 1608 846 1683">
     <span class='ocr_line' id='line_1_30' title="bbox 347 1608 846 1683; baseline 0.004 -23"><span class='ocrx_word' id='word_1_228' title='bbox 347 1612 513 1683; x_wconf 80' lang='grc' dir='ltr'>φόρως</span> <span class='ocrx_word' id='word_1_229' title='bbox 554 1608 846 1683; x_wconf 79' lang='grc' dir='ltr'>εἰρήκαμεν.</span> 
     </span>
    </p>
   </div>
   <div class='ocr_carea' id='block_1_31' title="bbox 972 1605 2599 1683">
    <p class='ocr_par' dir='ltr' id='par_1_31' title="bbox 2058 1605 2599 1662">
     <span class='ocr_line' id='line_1_31' title="bbox 2058 1605 2599 1662; baseline 0.006 -3"><span class='ocrx_word' id='word_1_230' title='bbox 2058 1605 2118 1660; x_wconf 90' lang='lat' dir='ltr'>in</span> <span class='ocrx_word' id='word_1_231' title='bbox 2145 1605 2290 1660; x_wconf 90' lang='lat' dir='ltr'>locis</span> <span class='ocrx_word' id='word_1_232' title='bbox 2320 1606 2599 1662; x_wconf 86' lang='lat' dir='ltr'>diximus.</span> 
     </span>
    </p>
   </div>
   <div class='ocr_carea' id='block_1_32' title="bbox 421 1694 2048 1774">
    <p class='ocr_par' dir='ltr' id='par_1_32' title="bbox 421 1695 2027 1771">
     <span class='ocr_line' id='line_1_32' title="bbox 421 1695 2027 1771; baseline -0.004 -21"><span class='ocrx_word' id='word_1_233' title='bbox 421 1697 538 1750; x_wconf 82' lang='grc' dir='ltr'>Ἐὰν</span> <span class='ocrx_word' id='word_1_234' title='bbox 612 1728 680 1737; x_wconf 91' lang='lat'>—-</span> <span class='ocrx_word' id='word_1_235' title='bbox 734 1696 945 1757; x_wconf 83' lang='grc' dir='ltr'>ἀληθής.</span> <span class='ocrx_word' id='word_1_236' title='bbox 1024 1701 1138 1771; x_wconf 80' lang='grc' dir='ltr'>Χρὴ</span> <span class='ocrx_word' id='word_1_237' title='bbox 1205 1699 1324 1757; x_wconf 81' lang='grc' dir='ltr'>τοὺς</span> <span class='ocrx_word' id='word_1_238' title='bbox 1386 1697 1474 1755; x_wconf 84' lang='grc' dir='ltr'>τὰς</span> <span class='ocrx_word' id='word_1_239' title='bbox 1547 1696 1683 1765; x_wconf 81' lang='grc' dir='ltr'>ἱερὰς</span> <span class='ocrx_word' id='word_1_240' title='bbox 1740 1695 1948 1767; x_wconf 75' lang='grc' dir='ltr'>Γραφὰς</span> <span class='ocrx_word' id='word_1_241' title='bbox 1987 1713 2027 1767; x_wconf 79' lang='grc' dir='ltr'>Β</span> 
     </span>
    </p>
   </div>
   <div class='ocr_carea' id='block_1_33' title="bbox 2091 1694 3718 1774">
    <p class='ocr_par' dir='ltr' id='par_1_33' title="bbox 2132 1694 3718 1774">
     <span class='ocr_line' id='line_1_33' title="bbox 2132 1694 3718 1774; baseline 0.008 -27"><span class='ocrx_word' id='word_1_242' title='bbox 2132 1694 2292 1750; x_wconf 88' lang='lat' dir='ltr'>Vers.</span> <span class='ocrx_word' id='word_1_243' title='bbox 2343 1696 2437 1753; x_wconf 88' lang='grc'>31.</span> <span class='ocrx_word' id='word_1_244' title='bbox 2475 1696 2535 1751; x_wconf 80' lang='lat' dir='ltr'>Si</span> <span class='ocrx_word' id='word_1_245' title='bbox 2586 1727 2654 1736; x_wconf 89' lang='lat'>-—</span> <span class='ocrx_word' id='word_1_246' title='bbox 2686 1712 2909 1754; x_wconf 85' lang='lat' dir='ltr'>verum.</span> <span class='ocrx_word' id='word_1_247' title='bbox 2940 1698 3176 1771; x_wconf 87' lang='lat' dir='ltr'>Oportet</span> <span class='ocrx_word' id='word_1_248' title='bbox 3225 1715 3327 1756; x_wconf 91' lang='lat' dir='ltr'>eos</span> <span class='ocrx_word' id='word_1_249' title='bbox 3384 1701 3488 1774; x_wconf 90' lang='lat' dir='ltr'>qui</span> <span class='ocrx_word' id='word_1_250' title='bbox 3519 1717 3718 1759; x_wconf 87' lang='lat' dir='ltr'>sacras</span> 
     </span>
    </p>
   </div>
   <div class='ocr_carea' id='block_1_34' title="bbox 350 1781 1977 1859">
    <p class='ocr_par' dir='ltr' id='par_1_34' title="bbox 350 1783 1945 1857">
     <span class='ocr_line' id='line_1_34' title="bbox 350 1783 1945 1857; baseline -0.003 -21"><span class='ocrx_word' id='word_1_251' title='bbox 350 1784 798 1857; x_wconf 79' lang='grc' dir='ltr'>ἀναγινώσκοντας</span> <span class='ocrx_word' id='word_1_252' title='bbox 839 1790 924 1838; x_wconf 87' lang='grc' dir='ltr'>τόν</span> <span class='ocrx_word' id='word_1_253' title='bbox 955 1805 1010 1837; x_wconf 83' lang='grc' dir='ltr'>τε</span> <span class='ocrx_word' id='word_1_254' title='bbox 1050 1788 1241 1842; x_wconf 80' lang='grc' dir='ltr'>σκοπόν</span> <span class='ocrx_word' id='word_1_255' title='bbox 1294 1792 1386 1836; x_wconf 91' lang='grc' dir='ltr'>τοῦ</span> <span class='ocrx_word' id='word_1_256' title='bbox 1432 1783 1657 1854; x_wconf 75' lang='grc' dir='ltr'>λέγοντος</span> <span class='ocrx_word' id='word_1_257' title='bbox 1711 1786 1800 1834; x_wconf 84' lang='grc' dir='ltr'>καὶ</span> <span class='ocrx_word' id='word_1_258' title='bbox 1852 1785 1945 1839; x_wconf 79' lang='grc' dir='ltr'>τὴν</span> 
     </span>
    </p>
   </div>
   <div class='ocr_carea' id='block_1_35' title="bbox 2092 1781 3719 1859">
    <p class='ocr_par' dir='ltr' id='par_1_35' title="bbox 2092 1784 3719 1859">
     <span class='ocr_line' id='line_1_35' title="bbox 2092 1784 3719 1859; baseline 0.007 -24"><span class='ocrx_word' id='word_1_259' title='bbox 2092 1788 2263 1851; x_wconf 69' lang='lat' dir='ltr'>agunt</span> <span class='ocrx_word' id='word_1_260' title='bbox 2295 1784 2646 1853; x_wconf 87' lang='lat' dir='ltr'>Scripturas,</span> <span class='ocrx_word' id='word_1_261' title='bbox 2676 1786 3063 1844; x_wconf 89' lang='lat' dir='ltr'>intentionem</span> <span class='ocrx_word' id='word_1_262' title='bbox 3094 1788 3388 1859; x_wconf 85' lang='lat' dir='ltr'>loquentis</span> <span class='ocrx_word' id='word_1_263' title='bbox 3418 1790 3719 1846; x_wconf 82' lang='lat' dir='ltr'>habitum-</span> 
     </span>
    </p>
   </div>
   <div class='ocr_carea' id='block_1_36' title="bbox 347 1872 1974 1951">
    <p class='ocr_par' dir='ltr' id='par_1_36' title="bbox 347 1873 1946 1947">
     <span class='ocr_line' id='line_1_36' title="bbox 347 1873 1946 1947; baseline -0.004 -20"><span class='ocrx_word' id='word_1_264' title='bbox 347 1873 451 1936; x_wconf 79' lang='grc' dir='ltr'>ἕξιν</span> <span class='ocrx_word' id='word_1_265' title='bbox 480 1882 574 1927; x_wconf 89' lang='grc' dir='ltr'>τοῦ</span> <span class='ocrx_word' id='word_1_266' title='bbox 615 1874 891 1937; x_wconf 80' lang='grc' dir='ltr'>ἀκούοντος</span> <span class='ocrx_word' id='word_1_267' title='bbox 930 1873 1204 1940; x_wconf 76' lang='grc' dir='ltr'>ἐξετάζειν,</span> <span class='ocrx_word' id='word_1_268' title='bbox 1249 1878 1338 1925; x_wconf 90' lang='grc' dir='ltr'>καὶ</span> <span class='ocrx_word' id='word_1_269' title='bbox 1386 1880 1588 1947; x_wconf 87' lang='grc' dir='ltr'>καιροῖς</span> <span class='ocrx_word' id='word_1_270' title='bbox 1637 1876 1724 1923; x_wconf 68' lang='grc' dir='ltr'>καὶ</span> <span class='ocrx_word' id='word_1_271' title='bbox 1772 1875 1946 1930; x_wconf 86' lang='grc' dir='ltr'>τόποις</span> 
     </span>
    </p>
   </div>
   <div class='ocr_carea' id='block_1_37' title="bbox 2090 1872 3717 1951">
    <p class='ocr_par' dir='ltr' id='par_1_37' title="bbox 2090 1872 3717 1951">
     <span class='ocr_line' id='line_1_37' title="bbox 2090 1872 3717 1951; baseline 0.007 -26"><span class='ocrx_word' id='word_1_272' title='bbox 2090 1887 2173 1942; x_wconf 56' lang='lat' dir='ltr'>[ue</span> <span class='ocrx_word' id='word_1_273' title='bbox 2212 1872 2501 1928; x_wconf 89' lang='lat' dir='ltr'>audientis</span> <span class='ocrx_word' id='word_1_274' title='bbox 2531 1875 2858 1945; x_wconf 84' lang='lat' dir='ltr'>exquirere,</span> <span class='ocrx_word' id='word_1_275' title='bbox 2912 1883 3183 1948; x_wconf 86' lang='lat' dir='ltr'>tempora</span> <span class='ocrx_word' id='word_1_276' title='bbox 3228 1894 3466 1951; x_wconf 89' lang='lat' dir='ltr'>quoque</span> <span class='ocrx_word' id='word_1_277' title='bbox 3494 1895 3563 1936; x_wconf 91' lang='lat' dir='ltr'>ac</span> <span class='ocrx_word' id='word_1_278' title='bbox 3587 1880 3717 1937; x_wconf 88' lang='lat' dir='ltr'>loca</span> 
     </span>
    </p>
   </div>
   <div class='ocr_carea' id='block_1_38' title="bbox 346 1958 1973 2036">
    <p class='ocr_par' dir='ltr' id='par_1_38' title="bbox 346 1958 1942 2036">
     <span class='ocr_line' id='line_1_38' title="bbox 346 1958 1942 2036; baseline -0.004 -20"><span class='ocrx_word' id='word_1_279' title='bbox 346 1967 487 2016; x_wconf 79' lang='grc' dir='ltr'>ἔστιν</span> <span class='ocrx_word' id='word_1_280' title='bbox 546 1966 627 2016; x_wconf 87' lang='grc' dir='ltr'>ὅτε</span> <span class='ocrx_word' id='word_1_281' title='bbox 682 1968 984 2036; x_wconf 77' lang='grc' dir='ltr'>προσέχειν,</span> <span class='ocrx_word' id='word_1_282' title='bbox 1034 1968 1123 2015; x_wconf 88' lang='grc' dir='ltr'>καὶ</span> <span class='ocrx_word' id='word_1_283' title='bbox 1168 1958 1550 2033; x_wconf 79' lang='grc' dir='ltr'>τὰ-ἰδιώματα</span> <span class='ocrx_word' id='word_1_284' title='bbox 1603 1966 1942 2034; x_wconf 76' lang='grc' dir='ltr'>παρατηρεῖν,</span> 
     </span>
    </p>
   </div>
   <div class='ocr_carea' id='block_1_39' title="bbox 2091 1958 3718 2036">
    <p class='ocr_par' dir='ltr' id='par_1_39' title="bbox 2096 1961 3718 2035">
     <span class='ocr_line' id='line_1_39' title="bbox 2096 1961 3718 2035; baseline 0.007 -20"><span class='ocrx_word' id='word_1_285' title='bbox 2096 1961 2383 2027; x_wconf 90' lang='lat' dir='ltr'>dvertere,</span> <span class='ocrx_word' id='word_1_286' title='bbox 2433 1962 2673 2035; x_wconf 88' lang='lat' dir='ltr'>insuper</span> <span class='ocrx_word' id='word_1_287' title='bbox 2724 1964 3016 2022; x_wconf 90' lang='lat' dir='ltr'>idiomata</span> <span class='ocrx_word' id='word_1_288' title='bbox 3045 1966 3408 2025; x_wconf 86' lang='lat' dir='ltr'>observare:</span> <span class='ocrx_word' id='word_1_289' title='bbox 3450 1984 3560 2024; x_wconf 88' lang='lat' dir='ltr'>nec</span> <span class='ocrx_word' id='word_1_290' title='bbox 3579 1968 3718 2027; x_wconf 88' lang='lat' dir='ltr'>sim-</span> 
     </span>
    </p>
   </div>
   <div class='ocr_carea' id='block_1_40' title="bbox 343 2048 1970 2128">
    <p class='ocr_par' dir='ltr' id='par_1_40' title="bbox 343 2048 1941 2126">
     <span class='ocr_line' id='line_1_40' title="bbox 343 2048 1941 2126; baseline -0.004 -21"><span class='ocrx_word' id='word_1_291' title='bbox 343 2058 435 2105; x_wconf 86' lang='grc' dir='ltr'>καὶ</span> <span class='ocrx_word' id='word_1_292' title='bbox 479 2058 550 2126; x_wconf 80' lang='grc' dir='ltr'>μὴ</span> <span class='ocrx_word' id='word_1_293' title='bbox 600 2052 772 2115; x_wconf 84' lang='grc' dir='ltr'>ἁπλῶς</span> <span class='ocrx_word' id='word_1_294' title='bbox 827 2057 917 2105; x_wconf 87' lang='lat' dir='ltr'>xui</span> <span class='ocrx_word' id='word_1_295' title='bbox 964 2052 1083 2104; x_wconf 86' lang='grc' dir='ltr'>καθ’</span> <span class='ocrx_word' id='word_1_296' title='bbox 1133 2052 1219 2104; x_wconf 84' lang='grc' dir='ltr'>ἕνα</span> <span class='ocrx_word' id='word_1_297' title='bbox 1263 2055 1449 2125; x_wconf 86' lang='grc' dir='ltr'>τρόπον</span> <span class='ocrx_word' id='word_1_298' title='bbox 1507 2048 1701 2101; x_wconf 85' lang='grc' dir='ltr'>ἐπιέναι</span> <span class='ocrx_word' id='word_1_299' title='bbox 1752 2050 1941 2117; x_wconf 82' lang='grc' dir='ltr'>πάντα,</span> 
     </span>
    </p>
   </div>
   <div class='ocr_carea' id='block_1_41' title="bbox 2091 2048 3718 2128">
    <p class='ocr_par' dir='ltr' id='par_1_41' title="bbox 2091 2050 3718 2128">
     <span class='ocr_line' id='line_1_41' title="bbox 2091 2050 3718 2128; baseline 0.008 -25"><span class='ocrx_word' id='word_1_300' title='bbox 2091 2050 2281 2105; x_wconf 68' lang='grc' dir='ltr'>ιιὶαὶίετ</span> <span class='ocrx_word' id='word_1_301' title='bbox 2318 2056 2374 2107; x_wconf 86' lang='lat' dir='ltr'>et</span> <span class='ocrx_word' id='word_1_302' title='bbox 2422 2067 2541 2107; x_wconf 91' lang='lat' dir='ltr'>uno</span> <span class='ocrx_word' id='word_1_303' title='bbox 2580 2053 2764 2109; x_wconf 91' lang='lat' dir='ltr'>modo</span> <span class='ocrx_word' id='word_1_304' title='bbox 2811 2061 3026 2111; x_wconf 89' lang='lat' dir='ltr'>cuncta</span> <span class='ocrx_word' id='word_1_305' title='bbox 3058 2056 3321 2126; x_wconf 81' lang='lat' dir='ltr'>aggredi,</span> <span class='ocrx_word' id='word_1_306' title='bbox 3354 2059 3401 2114; x_wconf 88' lang='lat' dir='ltr'>si</span> <span class='ocrx_word' id='word_1_307' title='bbox 3422 2057 3718 2128; x_wconf 87' lang='lat' dir='ltr'>legitimos</span> 
     </span>
    </p>
   </div>
   <div class='ocr_carea' id='block_1_42' title="bbox 345 2138 1972 2215">
    <p class='ocr_par' dir='ltr' id='par_1_42' title="bbox 345 2138 1943 2215">
     <span class='ocr_line' id='line_1_42' title="bbox 345 2138 1943 2215; baseline -0.003 -20"><span class='ocrx_word' id='word_1_308' title='bbox 345 2143 391 2195; x_wconf 84' lang='grc' dir='ltr'>εὶ</span> <span class='ocrx_word' id='word_1_309' title='bbox 437 2141 706 2215; x_wconf 84' lang='grc' dir='ltr'>βούλοιντο</span> <span class='ocrx_word' id='word_1_310' title='bbox 755 2144 821 2194; x_wconf 83' lang='grc' dir='ltr'>τὰ</span> <span class='ocrx_word' id='word_1_311' title='bbox 862 2146 1058 2213; x_wconf 76' lang='grc' dir='ltr'>γνήσια</span> <span class='ocrx_word' id='word_1_312' title='bbox 1100 2145 1339 2213; x_wconf 75' lang='grc' dir='ltr'>νοήματα</span> <span class='ocrx_word' id='word_1_313' title='bbox 1380 2138 1811 2211; x_wconf 74' lang='grc' dir='ltr'>καταλαμϐάνειν,</span> <span class='ocrx_word' id='word_1_314' title='bbox 1853 2142 1943 2190; x_wconf 84' lang='grc' dir='ltr'>καὶ</span> 
     </span>
    </p>
   </div>
   <div class='ocr_carea' id='block_1_43' title="bbox 2091 2138 3718 2215">
    <p class='ocr_par' dir='ltr' id='par_1_43' title="bbox 2091 2140 3718 2214">
     <span class='ocr_line' id='line_1_43' title="bbox 2091 2140 3718 2214; baseline 0.007 -21"><span class='ocrx_word' id='word_1_315' title='bbox 2091 2154 2259 2194; x_wconf 87' lang='lat' dir='ltr'>ensus</span> <span class='ocrx_word' id='word_1_316' title='bbox 2306 2140 2483 2196; x_wconf 89' lang='lat' dir='ltr'>velint</span> <span class='ocrx_word' id='word_1_317' title='bbox 2524 2141 2991 2214; x_wconf 85' lang='lat' dir='ltr'>deprehendere,</span> <span class='ocrx_word' id='word_1_318' title='bbox 3015 2150 3071 2200; x_wconf 91' lang='lat' dir='ltr'>et</span> <span class='ocrx_word' id='word_1_319' title='bbox 3116 2161 3239 2202; x_wconf 91' lang='lat' dir='ltr'>non</span> <span class='ocrx_word' id='word_1_320' title='bbox 3290 2147 3351 2203; x_wconf 90' lang='lat' dir='ltr'>in</span> <span class='ocrx_word' id='word_1_321' title='bbox 3391 2148 3569 2204; x_wconf 90' lang='lat' dir='ltr'>nudis</span> <span class='ocrx_word' id='word_1_322' title='bbox 3594 2165 3718 2205; x_wconf 87' lang='lat' dir='ltr'>ma-</span> 
     </span>
    </p>
   </div>
   <div class='ocr_carea' id='block_1_44' title="bbox 343 2228 1970 2308">
    <p class='ocr_par' dir='ltr' id='par_1_44' title="bbox 343 2228 1943 2305">
     <span class='ocr_line' id='line_1_44' title="bbox 343 2228 1943 2305; baseline -0.004 -21"><span class='ocrx_word' id='word_1_323' title='bbox 343 2236 415 2305; x_wconf 82' lang='grc' dir='ltr'>μή</span> <span class='ocrx_word' id='word_1_324' title='bbox 475 2230 645 2303; x_wconf 77' lang='grc' dir='ltr'>ψιλοῖς</span> <span class='ocrx_word' id='word_1_325' title='bbox 689 2238 799 2293; x_wconf 89' lang='grc' dir='ltr'>τοῖς</span> <span class='ocrx_word' id='word_1_326' title='bbox 844 2232 1075 2305; x_wconf 76' lang='grc' dir='ltr'>ῥήμασιν</span> <span class='ocrx_word' id='word_1_327' title='bbox 1120 2230 1461 2302; x_wconf 80' lang='grc' dir='ltr'>ἐναπομένειν,</span> <span class='ocrx_word' id='word_1_328' title='bbox 1513 2233 1603 2281; x_wconf 88' lang='lat' dir='ltr'>xui</span> <span class='ocrx_word' id='word_1_329' title='bbox 1645 2228 1943 2280; x_wconf 82' lang='grc' dir='ltr'>πλανᾶσθαι</span> 
     </span>
    </p>
   </div>
   <div class='ocr_carea' id='block_1_45' title="bbox 2091 2228 3718 2308">
    <p class='ocr_par' dir='ltr' id='par_1_45' title="bbox 2095 2230 3718 2308">
     <span class='ocr_line' id='line_1_45' title="bbox 2095 2230 3718 2308; baseline 0.006 -25"><span class='ocrx_word' id='word_1_330' title='bbox 2095 2243 2193 2283; x_wconf 86' lang='lat' dir='ltr'>ere</span> <span class='ocrx_word' id='word_1_331' title='bbox 2233 2230 2427 2285; x_wconf 87' lang='lat' dir='ltr'>verbis</span> <span class='ocrx_word' id='word_1_332' title='bbox 2448 2245 2518 2285; x_wconf 87' lang='lat' dir='ltr'>ac</span> <span class='ocrx_word' id='word_1_333' title='bbox 2556 2230 2698 2297; x_wconf 84' lang='lat' dir='ltr'>falli,</span> <span class='ocrx_word' id='word_1_334' title='bbox 2732 2232 2882 2288; x_wconf 90' lang='lat' dir='ltr'>sicut</span> <span class='ocrx_word' id='word_1_335' title='bbox 2914 2233 3189 2290; x_wconf 72' lang='lat' dir='ltr'>haeretici.</span> <span class='ocrx_word' id='word_1_336' title='bbox 3232 2235 3539 2307; x_wconf 89' lang='lat' dir='ltr'>Siquidem</span> <span class='ocrx_word' id='word_1_337' title='bbox 3586 2252 3718 2308; x_wconf 88' lang='lat' dir='ltr'>pro-</span> 
     </span>
    </p>
   </div>
   <div class='ocr_carea' id='block_1_46' title="bbox 343 2317 1970 2398">
    <p class='ocr_par' dir='ltr' id='par_1_46' title="bbox 343 2319 1941 2395">
     <span class='ocr_line' id='line_1_46' title="bbox 343 2319 1941 2395; baseline -0.003 -24"><span class='ocrx_word' id='word_1_338' title='bbox 343 2322 481 2372; x_wconf 81' lang='grc' dir='ltr'>κατὰ</span> <span class='ocrx_word' id='word_1_339' title='bbox 537 2324 654 2381; x_wconf 81' lang='grc' dir='ltr'>τοὺς</span> <span class='ocrx_word' id='word_1_340' title='bbox 706 2322 1012 2395; x_wconf 83' lang='grc' dir='ltr'>αἱρετικούς.</span> <span class='ocrx_word' id='word_1_341' title='bbox 1085 2319 1279 2372; x_wconf 77' lang='grc' dir='ltr'>Αὐτίκα</span> <span class='ocrx_word' id='word_1_342' title='bbox 1328 2321 1429 2391; x_wconf 73' lang='grc' dir='ltr'>’γὰρ</span> <span class='ocrx_word' id='word_1_343' title='bbox 1499 2321 1558 2370; x_wconf 88' lang='grc' dir='ltr'>τό</span> <span class='ocrx_word' id='word_1_344' title='bbox 1612 2323 1941 2389; x_wconf 80' lang='grc' dir='ltr'>προκείμενον</span> 
     </span>
    </p>
   </div>
   <div class='ocr_carea' id='block_1_47' title="bbox 2092 2317 3719 2398">
    <p class='ocr_par' dir='ltr' id='par_1_47' title="bbox 2095 2317 3719 2398">
     <span class='ocr_line' id='line_1_47' title="bbox 2095 2317 3719 2398; baseline 0.007 -25"><span class='ocrx_word' id='word_1_345' title='bbox 2095 2317 2281 2373; x_wconf 90' lang='lat' dir='ltr'>ositus</span> <span class='ocrx_word' id='word_1_346' title='bbox 2314 2319 2513 2374; x_wconf 86' lang='lat' dir='ltr'>statim</span> <span class='ocrx_word' id='word_1_347' title='bbox 2527 2336 2771 2392; x_wconf 88' lang='lat' dir='ltr'>campus</span> <span class='ocrx_word' id='word_1_348' title='bbox 2793 2321 3279 2392; x_wconf 86' lang='lat' dir='ltr'>(nn)thesaurum</span> <span class='ocrx_word' id='word_1_349' title='bbox 3304 2324 3488 2382; x_wconf 88' lang='lat' dir='ltr'>habet</span> <span class='ocrx_word' id='word_1_350' title='bbox 3517 2326 3719 2398; x_wconf 87' lang='lat' dir='ltr'>copio-</span> 
     </span>
    </p>
   </div>
   <div class='ocr_carea' id='block_1_48' title="bbox 342 2402 1969 2484">
    <p class='ocr_par' dir='ltr' id='par_1_48' title="bbox 342 2402 1940 2484">
     <span class='ocr_line' id='line_1_48' title="bbox 342 2402 1940 2484; baseline -0.003 -23"><span class='ocrx_word' id='word_1_351' title='bbox 342 2413 543 2484; x_wconf 82' lang='grc' dir='ltr'>χωρίον</span> <span class='ocrx_word' id='word_1_352' title='bbox 595 2411 709 2480; x_wconf 80' lang='grc' dir='ltr'>ἔχει</span> <span class='ocrx_word' id='word_1_353' title='bbox 759 2412 850 2481; x_wconf 69' lang='grc' dir='ltr'>μὶν</span> <span class='ocrx_word' id='word_1_354' title='bbox 920 2408 1080 2462; x_wconf 85' lang='grc' dir='ltr'>πολύν</span> <span class='ocrx_word' id='word_1_355' title='bbox 1137 2410 1420 2480; x_wconf 82' lang='grc' dir='ltr'>θησαυρόν,</span> <span class='ocrx_word' id='word_1_356' title='bbox 1483 2409 1598 2478; x_wconf 81' lang='grc' dir='ltr'>ἔχει</span> <span class='ocrx_word' id='word_1_357' title='bbox 1652 2402 1711 2458; x_wconf 71' lang='grc' dir='ltr'>δὲ</span> <span class='ocrx_word' id='word_1_358' title='bbox 1762 2413 1940 2458; x_wconf 88' lang='grc' dir='ltr'>τοῦτον</span> 
     </span>
    </p>
   </div>
   <div class='ocr_carea' id='block_1_49' title="bbox 2090 2402 3717 2484">
    <p class='ocr_par' dir='ltr' id='par_1_49' title="bbox 2090 2407 3717 2469">
     <span class='ocr_line' id='line_1_49' title="bbox 2090 2407 3717 2469; baseline 0.005 -8"><span class='ocrx_word' id='word_1_359' title='bbox 2090 2423 2183 2461; x_wconf 89' lang='lat' dir='ltr'>um</span> <span class='ocrx_word' id='word_1_360' title='bbox 2216 2424 2229 2461; x_wconf 89' lang='lat'><strong>:</strong></span> <span class='ocrx_word' id='word_1_361' title='bbox 2263 2407 2443 2464; x_wconf 85' lang='lat' dir='ltr'>habet</span> <span class='ocrx_word' id='word_1_362' title='bbox 2482 2413 2680 2463; x_wconf 89' lang='lat' dir='ltr'>autem</span> <span class='ocrx_word' id='word_1_363' title='bbox 2706 2408 2868 2464; x_wconf 88' lang='lat' dir='ltr'>hunc</span> <span class='ocrx_word' id='word_1_364' title='bbox 2901 2410 3089 2467; x_wconf 89' lang='lat' dir='ltr'>multa</span> <span class='ocrx_word' id='word_1_365' title='bbox 3136 2410 3418 2468; x_wconf 87' lang='lat' dir='ltr'>obrutum</span> <span class='ocrx_word' id='word_1_366' title='bbox 3448 2412 3717 2469; x_wconf 90' lang='lat' dir='ltr'>obscuri-</span> 
     </span>
    </p>
   </div>
   <div class='ocr_carea' id='block_1_50' title="bbox 341 2493 1968 2571">
    <p class='ocr_par' dir='ltr' id='par_1_50' title="bbox 341 2493 1940 2571">
     <span class='ocr_line' id='line_1_50' title="bbox 341 2493 1940 2571; baseline -0.004 -20"><span class='ocrx_word' id='word_1_367' title='bbox 341 2497 500 2571; x_wconf 75' lang='grc' dir='ltr'>πολλῇ</span> <span class='ocrx_word' id='word_1_368' title='bbox 570 2502 1038 2570; x_wconf 75' lang='grc' dir='ltr'>κατακεχωσμένον</span> <span class='ocrx_word' id='word_1_369' title='bbox 1095 2495 1339 2569; x_wconf 80' lang='grc' dir='ltr'>ἀσαφειᾳ.</span> <span class='ocrx_word' id='word_1_370' title='bbox 1416 2501 1508 2556; x_wconf 89' lang='grc' dir='ltr'>Τίς</span> <span class='ocrx_word' id='word_1_371' title='bbox 1557 2497 1658 2568; x_wconf 70' lang='grc' dir='ltr'>γὰρ</span> <span class='ocrx_word' id='word_1_372' title='bbox 1720 2494 1815 2546; x_wconf 83' lang='grc' dir='ltr'>ούκ</span> <span class='ocrx_word' id='word_1_373' title='bbox 1880 2493 1940 2546; x_wconf 75' lang='grc' dir='ltr'>ἂν</span> 
     </span>
    </p>
   </div>
   <div class='ocr_carea' id='block_1_51' title="bbox 2091 2493 3718 2571">
    <p class='ocr_par' dir='ltr' id='par_1_51' title="bbox 2091 2496 3718 2570">
     <span class='ocr_line' id='line_1_51' title="bbox 2091 2496 3718 2570; baseline 0.002 -20"><span class='ocrx_word' id='word_1_374' title='bbox 2091 2503 2184 2551; x_wconf 79' lang='lat' dir='ltr'>ite.</span> <span class='ocrx_word' id='word_1_375' title='bbox 2221 2496 2362 2561; x_wconf 88' lang='lat' dir='ltr'>Quis</span> <span class='ocrx_word' id='word_1_376' title='bbox 2388 2496 2546 2551; x_wconf 87' lang='lat' dir='ltr'>enim</span> <span class='ocrx_word' id='word_1_377' title='bbox 2577 2501 2818 2569; x_wconf 88' lang='lat' dir='ltr'>repente</span> <span class='ocrx_word' id='word_1_378' title='bbox 2844 2498 3067 2554; x_wconf 89' lang='lat' dir='ltr'>turbari</span> <span class='ocrx_word' id='word_1_379' title='bbox 3092 2515 3213 2555; x_wconf 91' lang='lat' dir='ltr'>non</span> <span class='ocrx_word' id='word_1_380' title='bbox 3233 2505 3436 2570; x_wconf 89' lang='lat' dir='ltr'>posset</span> <span class='ocrx_word' id='word_1_381' title='bbox 3465 2501 3718 2559; x_wconf 87' lang='lat' dir='ltr'>audiens</span> 
     </span>
    </p>
   </div>
   <div class='ocr_carea' id='block_1_52' title="bbox 343 2583 1970 2660">
    <p class='ocr_par' dir='ltr' id='par_1_52' title="bbox 343 2583 1935 2660">
     <span class='ocr_line' id='line_1_52' title="bbox 343 2583 1935 2660; baseline -0.004 -20"><span class='ocrx_word' id='word_1_382' title='bbox 343 2588 529 2649; x_wconf 72' lang='grc' dir='ltr'>εὐθέως</span> <span class='ocrx_word' id='word_1_383' title='bbox 584 2586 896 2660; x_wconf 77' lang='grc' dir='ltr'>θορυϐηθείη</span> <span class='ocrx_word' id='word_1_384' title='bbox 955 2586 1152 2638; x_wconf 85' lang='grc' dir='ltr'>ἀκούων</span> <span class='ocrx_word' id='word_1_385' title='bbox 1222 2593 1314 2638; x_wconf 90' lang='grc' dir='ltr'>τοῦ</span> <span class='ocrx_word' id='word_1_386' title='bbox 1368 2590 1605 2657; x_wconf 80' lang='grc' dir='ltr'>Χριστοῦ</span> <span class='ocrx_word' id='word_1_387' title='bbox 1661 2583 1935 2654; x_wconf 75' lang='grc' dir='ltr'>λέγοντος·</span> 
     </span>
    </p>
   </div>
   <div class='ocr_carea' id='block_1_53' title="bbox 2091 2583 3718 2660">
    <p class='ocr_par' dir='ltr' id='par_1_53' title="bbox 2091 2583 3718 2660">
     <span class='ocr_line' id='line_1_53' title="bbox 2091 2583 3718 2660; baseline 0.004 -23"><span class='ocrx_word' id='word_1_388' title='bbox 2091 2583 2345 2639; x_wconf 66' lang='lat' dir='ltr'>,hristum</span> <span class='ocrx_word' id='word_1_389' title='bbox 2398 2585 2740 2642; x_wconf 90' lang='lat' dir='ltr'>dicentem:</span> <span class='ocrx_word' id='word_1_390' title='bbox 2784 2585 2841 2640; x_wconf 76' lang='lat' dir='ltr'>Si</span> <span class='ocrx_word' id='word_1_391' title='bbox 2885 2602 2981 2656; x_wconf 86' lang='lat' dir='ltr'>ego</span> <span class='ocrx_word' id='word_1_392' title='bbox 3034 2589 3413 2645; x_wconf 80' lang='lat' dir='ltr'>testimonium</span> <span class='ocrx_word' id='word_1_393' title='bbox 3449 2590 3718 2660; x_wconf 60' lang='grc' dir='ltr'>ριξνήίὸεο</span> 
     </span>
    </p>
   </div>
   <div class='ocr_carea' id='block_1_54' title="bbox 341 2673 1968 2749">
    <p class='ocr_par' dir='ltr' id='par_1_54' title="bbox 341 2673 1942 2749">
     <span class='ocr_line' id='line_1_54' title="bbox 341 2673 1942 2749; baseline -0.004 -20"><span class='ocrx_word' id='word_1_394' title='bbox 341 2678 460 2729; x_wconf 85' lang='grc' dir='ltr'>Ἐὰν</span> <span class='ocrx_word' id='word_1_395' title='bbox 551 2674 650 2747; x_wconf 72' lang='grc' dir='ltr'>ἐγὼ</span> <span class='ocrx_word' id='word_1_396' title='bbox 713 2684 961 2749; x_wconf 84' lang='grc' dir='ltr'>μαρτυρῶ</span> <span class='ocrx_word' id='word_1_397' title='bbox 1018 2679 1135 2749; x_wconf 83' lang='grc' dir='ltr'>περὶ</span> <span class='ocrx_word' id='word_1_398' title='bbox 1228 2673 1477 2746; x_wconf 77' lang='grc' dir='ltr'>ἐμαυτοῦ,</span> <span class='ocrx_word' id='word_1_399' title='bbox 1567 2674 1597 2731; x_wconf 77' lang='grc' dir='ltr'>ἡ</span> <span class='ocrx_word' id='word_1_400' title='bbox 1676 2676 1942 2745; x_wconf 86' lang='grc' dir='ltr'>μαρτυρία</span> 
     </span>
    </p>
   </div>
   <div class='ocr_carea' id='block_1_55' title="bbox 2088 2673 3715 2749">
    <p class='ocr_par' dir='ltr' id='par_1_55' title="bbox 2088 2674 3715 2743">
     <span class='ocr_line' id='line_1_55' title="bbox 2088 2674 3715 2743; baseline 0.001 -14"><span class='ocrx_word' id='word_1_401' title='bbox 2088 2674 2124 2729; x_wconf 86' lang='lat' dir='ltr'>’e</span> <span class='ocrx_word' id='word_1_402' title='bbox 2151 2688 2236 2729; x_wconf 87' lang='lat' dir='ltr'>me</span> <span class='ocrx_word' id='word_1_403' title='bbox 2259 2675 2408 2743; x_wconf 75' lang='lat' dir='ltr'>ipso,</span> <span class='ocrx_word' id='word_1_404' title='bbox 2462 2675 2849 2731; x_wconf 77' lang='lat' dir='ltr'>testimonium</span> <span class='ocrx_word' id='word_1_405' title='bbox 2898 2691 3080 2733; x_wconf 82' lang='lat' dir='ltr'>meum</span> <span class='ocrx_word' id='word_1_406' title='bbox 3136 2692 3250 2732; x_wconf 81' lang='lat' dir='ltr'>non</span> <span class='ocrx_word' id='word_1_407' title='bbox 3290 2684 3373 2734; x_wconf 81' lang='lat' dir='ltr'>est</span> <span class='ocrx_word' id='word_1_408' title='bbox 3408 2693 3600 2734; x_wconf 88' lang='lat' dir='ltr'>verum</span> <span class='ocrx_word' id='word_1_409' title='bbox 3622 2681 3715 2731; x_wconf 61' lang='grc' dir='ltr'>οη</span> 
     </span>
    </p>
   </div>
   <div class='ocr_carea' id='block_1_56' title="bbox 342 2761 1969 2839">
    <p class='ocr_par' dir='ltr' id='par_1_56' title="bbox 342 2761 1940 2837">
     <span class='ocr_line' id='line_1_56' title="bbox 342 2761 1940 2837; baseline -0.003 -20"><span class='ocrx_word' id='word_1_410' title='bbox 342 2784 442 2836; x_wconf 86' lang='grc' dir='ltr'>μου</span> <span class='ocrx_word' id='word_1_411' title='bbox 486 2764 579 2816; x_wconf 78' lang='grc' dir='ltr'>οὐκ</span> <span class='ocrx_word' id='word_1_412' title='bbox 610 2767 750 2816; x_wconf 85' lang='grc' dir='ltr'>ἔστιν</span> <span class='ocrx_word' id='word_1_413' title='bbox 794 2764 1030 2831; x_wconf 81' lang='grc' dir='ltr'>ἁληθὴς;</span> <span class='ocrx_word' id='word_1_414' title='bbox 1085 2768 1184 2815; x_wconf 82' lang='grc' dir='ltr'>Καὶ</span> <span class='ocrx_word' id='word_1_415' title='bbox 1220 2764 1320 2837; x_wconf 74' lang='grc' dir='ltr'>γὰρ</span> <span class='ocrx_word' id='word_1_416' title='bbox 1367 2762 1519 2823; x_wconf 74' lang='grc' dir='ltr'>αὐτὸς</span> <span class='ocrx_word' id='word_1_417' title='bbox 1564 2761 1764 2832; x_wconf 68' lang='grc' dir='ltr'>ἔλεγενυ</span> <span class='ocrx_word' id='word_1_418' title='bbox 1810 2761 1940 2832; x_wconf 79' lang='grc' dir='ltr'>Ἐγὼ</span> 
     </span>
    </p>
   </div>
   <div class='ocr_carea' id='block_1_57' title="bbox 2089 2761 3716 2839">
    <p class='ocr_par' dir='ltr' id='par_1_57' title="bbox 2093 2761 3716 2839">
     <span class='ocr_line' id='line_1_57' title="bbox 2093 2761 3716 2839; baseline 0.005 -23"><span class='ocrx_word' id='word_1_419' title='bbox 2093 2761 2356 2832; x_wconf 90' lang='lat' dir='ltr'>iquidem</span> <span class='ocrx_word' id='word_1_420' title='bbox 2410 2762 2536 2834; x_wconf 92' lang='lat' dir='ltr'>ipse</span> <span class='ocrx_word' id='word_1_421' title='bbox 2578 2764 2727 2820; x_wconf 84' lang='lat' dir='ltr'>dixit</span> <span class='ocrx_word' id='word_1_422' title='bbox 2777 2779 2789 2819; x_wconf 89' lang='lat'><strong>:</strong></span> <span class='ocrx_word' id='word_1_423' title='bbox 2844 2765 2960 2836; x_wconf 87' lang='lat' dir='ltr'>Ego</span> <span class='ocrx_word' id='word_1_424' title='bbox 3009 2782 3126 2821; x_wconf 84' lang='lat' dir='ltr'>sum</span> <span class='ocrx_word' id='word_1_425' title='bbox 3184 2767 3441 2835; x_wconf 80' lang='lat' dir='ltr'>veritas;</span> <span class='ocrx_word' id='word_1_426' title='bbox 3478 2768 3716 2839; x_wconf 90' lang='lat' dir='ltr'>quodsi</span> 
     </span>
    </p>
   </div>
   <div class='ocr_carea' id='block_1_58' title="bbox 345 2850 1972 2928">
    <p class='ocr_par' dir='ltr' id='par_1_58' title="bbox 345 2850 1939 2926">
     <span class='ocr_line' id='line_1_58' title="bbox 345 2850 1939 2926; baseline -0.001 -20"><span class='ocrx_word' id='word_1_427' title='bbox 345 2854 451 2926; x_wconf 86' lang='grc' dir='ltr'>εἰμι</span> <span class='ocrx_word' id='word_1_428' title='bbox 480 2856 509 2911; x_wconf 83' lang='grc' dir='ltr'>ἡ</span> <span class='ocrx_word' id='word_1_429' title='bbox 546 2852 778 2911; x_wconf 82' lang='grc' dir='ltr'>ἀληθεια.</span> <span class='ocrx_word' id='word_1_430' title='bbox 819 2858 917 2905; x_wconf 80' lang='grc' dir='ltr'>Καὶ</span> <span class='ocrx_word' id='word_1_431' title='bbox 969 2851 1053 2903; x_wconf 77' lang='grc' dir='ltr'>ἐὰν</span> <span class='ocrx_word' id='word_1_432' title='bbox 1083 2854 1113 2909; x_wconf 81' lang='grc' dir='ltr'><strong>ἡ</strong></span> <span class='ocrx_word' id='word_1_433' title='bbox 1142 2850 1354 2909; x_wconf 78' lang='grc' dir='ltr'>ἀλήθεια</span> <span class='ocrx_word' id='word_1_434' title='bbox 1398 2850 1490 2903; x_wconf 86' lang='grc' dir='ltr'>ούκ</span> <span class='ocrx_word' id='word_1_435' title='bbox 1544 2850 1766 2924; x_wconf 69' lang='grc' dir='ltr'>ἀληθεύῃ</span> <span class='ocrx_word' id='word_1_436' title='bbox 1804 2850 1939 2921; x_wconf 69' lang='grc'>(18),</span> 
     </span>
    </p>
   </div>
   <div class='ocr_carea' id='block_1_59' title="bbox 2089 2850 3716 2928">
    <p class='ocr_par' dir='ltr' id='par_1_59' title="bbox 2092 2852 3716 2928">
     <span class='ocr_line' id='line_1_59' title="bbox 2092 2852 3716 2928; baseline 0.004 -21"><span class='ocrx_word' id='word_1_437' title='bbox 2092 2852 2267 2907; x_wconf 89' lang='lat' dir='ltr'>eritas</span> <span class='ocrx_word' id='word_1_438' title='bbox 2291 2867 2496 2907; x_wconf 85' lang='lat' dir='ltr'>verum</span> <span class='ocrx_word' id='word_1_439' title='bbox 2532 2868 2654 2909; x_wconf 91' lang='lat' dir='ltr'>non</span> <span class='ocrx_word' id='word_1_440' title='bbox 2686 2853 2968 2926; x_wconf 87' lang='lat' dir='ltr'>loquitur,</span> <span class='ocrx_word' id='word_1_441' title='bbox 2990 2856 3268 2927; x_wconf 86' lang='lat' dir='ltr'>quisnam</span> <span class='ocrx_word' id='word_1_442' title='bbox 3299 2856 3406 2911; x_wconf 90' lang='lat' dir='ltr'>erit</span> <span class='ocrx_word' id='word_1_443' title='bbox 3433 2856 3543 2928; x_wconf 91' lang='lat' dir='ltr'>qui</span> <span class='ocrx_word' id='word_1_444' title='bbox 3574 2873 3716 2915; x_wconf 87' lang='lat' dir='ltr'>vera</span> 
     </span>
    </p>
   </div>
   <div class='ocr_carea' id='block_1_60' title="bbox 343 2940 1970 3015">
    <p class='ocr_par' dir='ltr' id='par_1_60' title="bbox 343 2940 1940 3014">
     <span class='ocr_line' id='line_1_60' title="bbox 343 2940 1940 3014; baseline -0.002 -21"><span class='ocrx_word' id='word_1_445' title='bbox 343 2946 425 3004; x_wconf 89' lang='grc' dir='ltr'>τίς</span> <span class='ocrx_word' id='word_1_446' title='bbox 488 2941 803 3008; x_wconf 79' lang='grc' dir='ltr'>ἀληθεύσει;</span> <span class='ocrx_word' id='word_1_447' title='bbox 863 2941 980 2995; x_wconf 85' lang='grc' dir='ltr'>Ἐὰν</span> <span class='ocrx_word' id='word_1_448' title='bbox 1033 2940 1067 2992; x_wconf 84' lang='grc' dir='ltr'><em>ἃ</em></span> <span class='ocrx_word' id='word_1_449' title='bbox 1116 2945 1230 3013; x_wconf 75' lang='grc' dir='ltr'>περὶ</span> <span class='ocrx_word' id='word_1_450' title='bbox 1294 2940 1479 2992; x_wconf 84' lang='grc' dir='ltr'>ἑαυτοῦ</span> <span class='ocrx_word' id='word_1_451' title='bbox 1548 2942 1940 3014; x_wconf 75' lang='grc' dir='ltr'>μεμαρτύρηκεν</span> 
     </span>
    </p>
   </div>
   <div class='ocr_carea' id='block_1_61' title="bbox 2089 2940 3716 3015">
    <p class='ocr_par' dir='ltr' id='par_1_61' title="bbox 2089 2942 3716 3015">
     <span class='ocr_line' id='line_1_61' title="bbox 2089 2942 3716 3015; baseline 0.004 -19"><span class='ocrx_word' id='word_1_452' title='bbox 2089 2946 2331 3012; x_wconf 83' lang='lat' dir='ltr'>)quatur</span> <span class='ocrx_word' id='word_1_453' title='bbox 2360 2942 2387 2996; x_wconf 87' lang='lat'><strong><em>?</em></strong></span> <span class='ocrx_word' id='word_1_454' title='bbox 2416 2942 2471 2997; x_wconf 92' lang='lat' dir='ltr'>Si</span> <span class='ocrx_word' id='word_1_455' title='bbox 2504 2957 2640 3013; x_wconf 64' lang='lat' dir='ltr'>quas</span> <span class='ocrx_word' id='word_1_456' title='bbox 2678 2942 2753 2997; x_wconf 88' lang='lat' dir='ltr'>de</span> <span class='ocrx_word' id='word_1_457' title='bbox 2786 2943 2986 3015; x_wconf 90' lang='lat' dir='ltr'>seipso</span> <span class='ocrx_word' id='word_1_458' title='bbox 3047 2944 3395 3001; x_wconf 85' lang='lat' dir='ltr'>testiﬁcatus</span> <span class='ocrx_word' id='word_1_459' title='bbox 3429 2950 3533 3012; x_wconf 89' lang='lat' dir='ltr'>est,</span> <span class='ocrx_word' id='word_1_460' title='bbox 3580 2961 3716 3003; x_wconf 90' lang='lat' dir='ltr'>vera</span> 
     </span>
    </p>
   </div>
   <div class='ocr_carea' id='block_1_62' title="bbox 345 3028 1972 3131">
    <p class='ocr_par' dir='ltr' id='par_1_62' title="bbox 345 3028 1941 3102">
     <span class='ocr_line' id='line_1_62' title="bbox 345 3028 1941 3102; baseline -0.002 -20"><span class='ocrx_word' id='word_1_461' title='bbox 345 3034 439 3082; x_wconf 83' lang='grc' dir='ltr'>οῦκ</span> <span class='ocrx_word' id='word_1_462' title='bbox 483 3031 613 3083; x_wconf 77' lang='grc' dir='ltr'>εἰσιν</span> <span class='ocrx_word' id='word_1_463' title='bbox 644 3029 833 3102; x_wconf 80' lang='grc' dir='ltr'>ἀληθῆ,</span> <span class='ocrx_word' id='word_1_464' title='bbox 874 3034 1082 3091; x_wconf 81' lang='grc' dir='ltr'>πάντως</span> <span class='ocrx_word' id='word_1_465' title='bbox 1123 3032 1331 3101; x_wconf 80' lang='grc' dir='ltr'>οἴχεται</span> <span class='ocrx_word' id='word_1_466' title='bbox 1382 3031 1505 3102; x_wconf 78' lang='grc' dir='ltr'>ἡμῖν</span> <span class='ocrx_word' id='word_1_467' title='bbox 1562 3033 1621 3081; x_wconf 89' lang='grc' dir='ltr'>τό</span> <span class='ocrx_word' id='word_1_468' title='bbox 1669 3028 1941 3101; x_wconf 70' lang='grc' dir='ltr'>κεφάλαιον</span> 
     </span>
    </p>
   </div>
   <div class='ocr_carea' id='block_1_63' title="bbox 2083 3028 3710 3131">
    <p class='ocr_par' dir='ltr' id='par_1_63' title="bbox 2083 3030 3710 3105">
     <span class='ocr_line' id='line_1_63' title="bbox 2083 3030 3710 3105; baseline 0.005 -20"><span class='ocrx_word' id='word_1_469' title='bbox 2083 3046 2174 3085; x_wconf 60' lang='grc' dir='ltr'>[οη</span> <span class='ocrx_word' id='word_1_470' title='bbox 2197 3036 2353 3098; x_wconf 91' lang='lat' dir='ltr'>sunt,</span> <span class='ocrx_word' id='word_1_471' title='bbox 2382 3030 2555 3086; x_wconf 90' lang='lat' dir='ltr'>nobis</span> <span class='ocrx_word' id='word_1_472' title='bbox 2572 3031 2806 3087; x_wconf 88' lang='lat' dir='ltr'>omnino</span> <span class='ocrx_word' id='word_1_473' title='bbox 2830 3033 3432 3105; x_wconf 65' lang='lat' dir='ltr'>peritpreedicationis</span> <span class='ocrx_word' id='word_1_474' title='bbox 3447 3032 3710 3093; x_wconf 88' lang='lat' dir='ltr'>summa.</span> 
     </span>
    </p>
   </div>
   <div class='ocr_carea' id='block_1_64' title="bbox 339 3118 1966 3194">
    <p class='ocr_par' dir='ltr' id='par_1_64' title="bbox 339 3118 1942 3194">
     <span class='ocr_line' id='line_1_64' title="bbox 339 3118 1942 3194; baseline -0.002 -22"><span class='ocrx_word' id='word_1_475' title='bbox 339 3128 429 3172; x_wconf 91' lang='grc' dir='ltr'>τοῦ</span> <span class='ocrx_word' id='word_1_476' title='bbox 487 3123 840 3194; x_wconf 70' lang='grc' dir='ltr'>κηρύγματος.</span> <span class='ocrx_word' id='word_1_477' title='bbox 907 3119 1017 3172; x_wconf 78' lang='grc' dir='ltr'>Ἵνα</span> <span class='ocrx_word' id='word_1_478' title='bbox 1089 3122 1190 3193; x_wconf 76' lang='grc' dir='ltr'>’γὰρ</span> <span class='ocrx_word' id='word_1_479' title='bbox 1259 3118 1491 3191; x_wconf 80' lang='grc' dir='ltr'>ἐάσωμεν</span> <span class='ocrx_word' id='word_1_480' title='bbox 1563 3118 1723 3170; x_wconf 81' lang='grc' dir='ltr'>τᾶλλα</span> <span class='ocrx_word' id='word_1_481' title='bbox 1778 3123 1942 3190; x_wconf 86' lang='grc' dir='ltr'>μυρία</span> 
     </span>
    </p>
   </div>
   <div class='ocr_carea' id='block_1_65' title="bbox 2087 3118 3714 3194">
    <p class='ocr_par' dir='ltr' id='par_1_65' title="bbox 2087 3121 3714 3193">
     <span class='ocr_line' id='line_1_65' title="bbox 2087 3121 3714 3193; baseline 0.003 -18"><span class='ocrx_word' id='word_1_482' title='bbox 2087 3123 2290 3188; x_wconf 72' lang='lat' dir='ltr'>lam,ut</span> <span class='ocrx_word' id='word_1_483' title='bbox 2307 3126 2519 3176; x_wconf 82' lang='lat' dir='ltr'>caetera</span> <span class='ocrx_word' id='word_1_484' title='bbox 2536 3121 2966 3193; x_wconf 71' lang='lat' dir='ltr'>sinamus,quae</span> <span class='ocrx_word' id='word_1_485' title='bbox 2981 3127 3115 3177; x_wconf 83' lang='lat' dir='ltr'>sunt</span> <span class='ocrx_word' id='word_1_486' title='bbox 3135 3122 3449 3179; x_wconf 87' lang='lat' dir='ltr'>innumera</span> <span class='ocrx_word' id='word_1_487' title='bbox 3463 3127 3519 3179; x_wconf 89' lang='lat' dir='ltr'>et</span> <span class='ocrx_word' id='word_1_488' title='bbox 3530 3123 3714 3181; x_wconf 84' lang='lat' dir='ltr'>ﬁdem</span> 
     </span>
    </p>
   </div>
   <div class='ocr_carea' id='block_1_66' title="bbox 337 3206 1964 3284">
    <p class='ocr_par' dir='ltr' id='par_1_66' title="bbox 337 3206 1941 3279">
     <span class='ocr_line' id='line_1_66' title="bbox 337 3206 1941 3279; baseline -0.002 -17"><span class='ocrx_word' id='word_1_489' title='bbox 337 3214 461 3262; x_wconf 80' lang='grc' dir='ltr'>ὄντα</span> <span class='ocrx_word' id='word_1_490' title='bbox 509 3215 598 3263; x_wconf 81' lang='grc' dir='ltr'>καὶ</span> <span class='ocrx_word' id='word_1_491' title='bbox 650 3212 929 3262; x_wconf 82' lang='grc' dir='ltr'>συνεκτικὰ</span> <span class='ocrx_word' id='word_1_492' title='bbox 980 3217 1075 3269; x_wconf 81' lang='grc' dir='ltr'>τῆς</span> <span class='ocrx_word' id='word_1_493' title='bbox 1146 3212 1391 3273; x_wconf 84' lang='grc' dir='ltr'>πίστεως,</span> <span class='ocrx_word' id='word_1_494' title='bbox 1472 3215 1572 3260; x_wconf 90' lang='grc' dir='ltr'>ποῦ</span> <span class='ocrx_word' id='word_1_495' title='bbox 1628 3209 1853 3279; x_wconf 81' lang='grc' dir='ltr'>θήσομεν</span> <span class='ocrx_word' id='word_1_496' title='bbox 1906 3206 1941 3257; x_wconf 78' lang='grc' dir='ltr'><em>ἃ</em></span> 
     </span>
    </p>
   </div>
   <div class='ocr_carea' id='block_1_67' title="bbox 2085 3206 3712 3284">
    <p class='ocr_par' dir='ltr' id='par_1_67' title="bbox 2085 3208 3712 3284">
     <span class='ocr_line' id='line_1_67' title="bbox 2085 3208 3712 3284; baseline 0.004 -21"><span class='ocrx_word' id='word_1_497' title='bbox 2085 3209 2448 3279; x_wconf 86' lang='lat' dir='ltr'>ontingentia</span> <span class='ocrx_word' id='word_1_498' title='bbox 2482 3226 2493 3263; x_wconf 93' lang='lat'><strong>:</strong></span> <span class='ocrx_word' id='word_1_499' title='bbox 2527 3208 2771 3266; x_wconf 87' lang='lat' dir='ltr'>ubinam</span> <span class='ocrx_word' id='word_1_500' title='bbox 2795 3226 3091 3282; x_wconf 89' lang='lat' dir='ltr'>ponemus</span> <span class='ocrx_word' id='word_1_501' title='bbox 3119 3227 3191 3267; x_wconf 90' lang='lat' dir='ltr'>ea</span> <span class='ocrx_word' id='word_1_502' title='bbox 3207 3227 3343 3284; x_wconf 75' lang='lat' dir='ltr'>quae</span> <span class='ocrx_word' id='word_1_503' title='bbox 3360 3212 3542 3284; x_wconf 90' lang='lat' dir='ltr'>paulo</span> <span class='ocrx_word' id='word_1_504' title='bbox 3574 3219 3712 3270; x_wconf 89' lang='lat' dir='ltr'>ante</span> 
     </span>
    </p>
   </div>
   <div class='ocr_carea' id='block_1_68' title="bbox 335 3296 1962 3374">
    <p class='ocr_par' dir='ltr' id='par_1_68' title="bbox 335 3296 1938 3374">
     <span class='ocr_line' id='line_1_68' title="bbox 335 3296 1938 3374; baseline -0.003 -22"><span class='ocrx_word' id='word_1_505' title='bbox 335 3302 436 3372; x_wconf 88' lang='grc' dir='ltr'>πρὸ</span> <span class='ocrx_word' id='word_1_506' title='bbox 478 3298 715 3374; x_wconf 84' lang='grc' dir='ltr'>βραχέος</span> <span class='ocrx_word' id='word_1_507' title='bbox 743 3297 1071 3374; x_wconf 78' lang='grc' dir='ltr'>ἐμαρτύρησε</span> <span class='ocrx_word' id='word_1_508' title='bbox 1120 3302 1239 3372; x_wconf 80' lang='grc' dir='ltr'>περὶ</span> <span class='ocrx_word' id='word_1_509' title='bbox 1265 3297 1470 3364; x_wconf 78' lang='grc' dir='ltr'>ἑαυτοῦ,</span> <span class='ocrx_word' id='word_1_510' title='bbox 1518 3298 1599 3349; x_wconf 85' lang='grc' dir='ltr'>ὅτι</span> <span class='ocrx_word' id='word_1_511' title='bbox 1656 3299 1770 3357; x_wconf 81' lang='grc' dir='ltr'>Υἱός</span> <span class='ocrx_word' id='word_1_512' title='bbox 1823 3296 1938 3349; x_wconf 88' lang='grc' dir='ltr'>ἐστι</span> 
     </span>
    </p>
   </div>
   <div class='ocr_carea' id='block_1_69' title="bbox 2086 3296 3713 3374">
    <p class='ocr_par' dir='ltr' id='par_1_69' title="bbox 2090 3297 3713 3373">
     <span class='ocr_line' id='line_1_69' title="bbox 2090 3297 3713 3373; baseline 0.005 -22"><span class='ocrx_word' id='word_1_513' title='bbox 2090 3312 2121 3351; x_wconf 91' lang='lat' dir='ltr'><strong>e</strong></span> <span class='ocrx_word' id='word_1_514' title='bbox 2144 3298 2345 3368; x_wconf 89' lang='lat' dir='ltr'>seipso</span> <span class='ocrx_word' id='word_1_515' title='bbox 2377 3297 2719 3352; x_wconf 83' lang='lat' dir='ltr'>testiﬁcatus</span> <span class='ocrx_word' id='word_1_516' title='bbox 2742 3302 2846 3367; x_wconf 88' lang='lat' dir='ltr'>est,</span> <span class='ocrx_word' id='word_1_517' title='bbox 2880 3298 3047 3370; x_wconf 89' lang='lat' dir='ltr'>quod</span> <span class='ocrx_word' id='word_1_518' title='bbox 3076 3299 3256 3355; x_wconf 87' lang='lat' dir='ltr'>Filius</span> <span class='ocrx_word' id='word_1_519' title='bbox 3287 3300 3360 3356; x_wconf 85' lang='lat' dir='ltr'>sit</span> <span class='ocrx_word' id='word_1_520' title='bbox 3386 3299 3508 3367; x_wconf 87' lang='lat' dir='ltr'>Dei,</span> <span class='ocrx_word' id='word_1_521' title='bbox 3544 3302 3713 3373; x_wconf 91' lang='lat' dir='ltr'>quod</span> 
     </span>
    </p>
   </div>
   <div class='ocr_carea' id='block_1_70' title="bbox 336 3383 1963 3462">
    <p class='ocr_par' dir='ltr' id='par_1_70' title="bbox 336 3383 1936 3459">
     <span class='ocr_line' id='line_1_70' title="bbox 336 3383 1936 3459; baseline -0.004 -17"><span class='ocrx_word' id='word_1_522' title='bbox 336 3397 426 3442; x_wconf 88' lang='grc' dir='ltr'>τοῦ</span> <span class='ocrx_word' id='word_1_523' title='bbox 460 3397 613 3452; x_wconf 82' lang='grc' dir='ltr'>Θεοῦ,</span> <span class='ocrx_word' id='word_1_524' title='bbox 649 3390 726 3441; x_wconf 82' lang='grc' dir='ltr'>ὅτι</span> <span class='ocrx_word' id='word_1_525' title='bbox 756 3391 874 3449; x_wconf 86' lang='grc' dir='ltr'>ἴσος</span> <span class='ocrx_word' id='word_1_526' title='bbox 912 3388 1051 3459; x_wconf 81' lang='grc' dir='ltr'>αύτῷ</span> <span class='ocrx_word' id='word_1_527' title='bbox 1081 3389 1391 3458; x_wconf 74' lang='grc' dir='ltr'>κατὰφύσιν</span> <span class='ocrx_word' id='word_1_528' title='bbox 1439 3390 1530 3438; x_wconf 86' lang='grc' dir='ltr'>καὶ</span> <span class='ocrx_word' id='word_1_529' title='bbox 1582 3383 1804 3457; x_wconf 88' lang='grc' dir='ltr'>δύναμιν</span> <span class='ocrx_word' id='word_1_530' title='bbox 1846 3388 1936 3437; x_wconf 87' lang='grc' dir='ltr'>καὶ</span> 
     </span>
    </p>
   </div>
   <div class='ocr_carea' id='block_1_71' title="bbox 2081 3383 3708 3462">
    <p class='ocr_par' dir='ltr' id='par_1_71' title="bbox 2081 3386 3708 3462">
     <span class='ocr_line' id='line_1_71' title="bbox 2081 3386 3708 3462; baseline 0.004 -21"><span class='ocrx_word' id='word_1_531' title='bbox 2081 3387 2293 3457; x_wconf 65' lang='lat' dir='ltr'>aqualis</span> <span class='ocrx_word' id='word_1_532' title='bbox 2323 3386 2405 3441; x_wconf 91' lang='lat' dir='ltr'>illi</span> <span class='ocrx_word' id='word_1_533' title='bbox 2451 3392 2683 3449; x_wconf 84' lang='lat' dir='ltr'>natura,</span> <span class='ocrx_word' id='word_1_534' title='bbox 2738 3388 3001 3457; x_wconf 88' lang='lat' dir='ltr'>potentia</span> <span class='ocrx_word' id='word_1_535' title='bbox 3031 3392 3087 3443; x_wconf 87' lang='lat' dir='ltr'>et</span> <span class='ocrx_word' id='word_1_536' title='bbox 3125 3388 3431 3445; x_wconf 88' lang='lat' dir='ltr'>voluntate</span> <span class='ocrx_word' id='word_1_537' title='bbox 3490 3406 3504 3455; x_wconf 92' lang='lat'><strong>;</strong></span> <span class='ocrx_word' id='word_1_538' title='bbox 3540 3392 3708 3462; x_wconf 89' lang='lat' dir='ltr'>quod</span> 
     </span>
    </p>
   </div>
   <div class='ocr_carea' id='block_1_72' title="bbox 339 3474 1966 3553">
    <p class='ocr_par' dir='ltr' id='par_1_72' title="bbox 339 3474 1935 3553">
     <span class='ocr_line' id='line_1_72' title="bbox 339 3474 1935 3553; baseline -0.004 -22"><span class='ocrx_word' id='word_1_539' title='bbox 339 3479 566 3542; x_wconf 83' lang='grc' dir='ltr'>θέλησιν,</span> <span class='ocrx_word' id='word_1_540' title='bbox 600 3479 680 3530; x_wconf 85' lang='grc' dir='ltr'>ὅτι</span> <span class='ocrx_word' id='word_1_541' title='bbox 711 3474 1059 3553; x_wconf 77' lang='grc' dir='ltr'>δημιουργὸς,</span> <span class='ocrx_word' id='word_1_542' title='bbox 1093 3478 1174 3530; x_wconf 87' lang='grc' dir='ltr'>ὅτι</span> <span class='ocrx_word' id='word_1_543' title='bbox 1214 3477 1482 3547; x_wconf 73' lang='grc' dir='ltr'>ξωοποιός,</span> <span class='ocrx_word' id='word_1_544' title='bbox 1517 3476 1597 3527; x_wconf 86' lang='grc' dir='ltr'>ὃτι</span> <span class='ocrx_word' id='word_1_545' title='bbox 1636 3479 1814 3548; x_wconf 79' lang='grc' dir='ltr'>κριτὴς</span> <span class='ocrx_word' id='word_1_546' title='bbox 1846 3477 1935 3526; x_wconf 88' lang='grc' dir='ltr'>καὶ</span> 
     </span>
    </p>
   </div>
   <div class='ocr_carea' id='block_1_73' title="bbox 2083 3474 3710 3553">
    <p class='ocr_par' dir='ltr' id='par_1_73' title="bbox 2083 3474 3710 3550">
     <span class='ocr_line' id='line_1_73' title="bbox 2083 3474 3710 3550; baseline 0.004 -20"><span class='ocrx_word' id='word_1_547' title='bbox 2083 3481 2294 3540; x_wconf 86' lang='lat' dir='ltr'>reator,</span> <span class='ocrx_word' id='word_1_548' title='bbox 2326 3474 2493 3547; x_wconf 91' lang='lat' dir='ltr'>quod</span> <span class='ocrx_word' id='word_1_549' title='bbox 2523 3475 2862 3542; x_wconf 84' lang='lat' dir='ltr'>viviﬁcator,</span> <span class='ocrx_word' id='word_1_550' title='bbox 2890 3476 3053 3549; x_wconf 91' lang='lat' dir='ltr'>quod</span> <span class='ocrx_word' id='word_1_551' title='bbox 3077 3477 3264 3549; x_wconf 84' lang='lat' dir='ltr'>judex</span> <span class='ocrx_word' id='word_1_552' title='bbox 3295 3478 3530 3550; x_wconf 89' lang='lat' dir='ltr'>aliaque</span> <span class='ocrx_word' id='word_1_553' title='bbox 3553 3479 3710 3536; x_wconf 83' lang='lat' dir='ltr'>simi&#39;</span> 
     </span>
    </p>
   </div>
   <div class='ocr_carea' id='block_1_74' title="bbox 334 3563 3416 3633">
    <p class='ocr_par' dir='ltr' id='par_1_74' title="bbox 334 3563 3416 3633">
     <span class='ocr_line' id='line_1_74' title="bbox 334 3563 3416 3633; baseline 0 -13"><span class='ocrx_word' id='word_1_554' title='bbox 334 3569 434 3620; x_wconf 84' lang='grc' dir='ltr'>ὅσα</span> <span class='ocrx_word' id='word_1_555' title='bbox 460 3574 679 3619; x_wconf 88' lang='grc' dir='ltr'>τοιαῦτα</span> <span class='ocrx_word' id='word_1_556' title='bbox 702 3584 715 3633; x_wconf 87' lang='grc'><strong>;</strong></span> <span class='ocrx_word' id='word_1_557' title='bbox 2043 3563 2122 3620; x_wconf 89' lang='lat' dir='ltr'>lia</span> <span class='ocrx_word' id='word_1_558' title='bbox 2154 3564 2181 3620; x_wconf 66' lang='grc' dir='ltr'><em>Ἰ</em></span> <span class='ocrx_word' id='word_1_559' title='bbox 3414 3576 3416 3579; x_wconf 75' lang='grc'>’</span> 
     </span>
    </p>
   </div>
   <div class='ocr_carea' id='block_1_75' title="bbox 404 3651 2031 3728">
    <p class='ocr_par' dir='ltr' id='par_1_75' title="bbox 404 3651 1932 3726">
     <span class='ocr_line' id='line_1_75' title="bbox 404 3651 1932 3726; baseline -0.001 -17"><span class='ocrx_word' id='word_1_560' title='bbox 404 3661 467 3709; x_wconf 92' lang='grc' dir='ltr'>Τί</span> <span class='ocrx_word' id='word_1_561' title='bbox 514 3652 601 3709; x_wconf 77' lang='grc' dir='ltr'>οὖν</span> <span class='ocrx_word' id='word_1_562' title='bbox 657 3659 798 3709; x_wconf 79' lang='grc' dir='ltr'>ἔστιν</span> <span class='ocrx_word' id='word_1_563' title='bbox 852 3655 1046 3722; x_wconf 85' lang='grc' dir='ltr'>εἰπεῖν;</span> <span class='ocrx_word' id='word_1_564' title='bbox 1101 3654 1242 3719; x_wconf 85' lang='grc' dir='ltr'>Ὀτι,</span> <span class='ocrx_word' id='word_1_565' title='bbox 1309 3651 1490 3713; x_wconf 80' lang='grc' dir='ltr'>ἐπειδὴ</span> <span class='ocrx_word' id='word_1_566' title='bbox 1544 3660 1763 3706; x_wconf 87' lang='grc' dir='ltr'>τοιαῦτα</span> <span class='ocrx_word' id='word_1_567' title='bbox 1814 3659 1932 3726; x_wconf 84' lang='grc' dir='ltr'>περὶ</span> 
     </span>
    </p>
   </div>
   <div class='ocr_carea' id='block_1_76' title="bbox 2081 3651 3708 3728">
    <p class='ocr_par' dir='ltr' id='par_1_76' title="bbox 2115 3652 3708 3728">
     <span class='ocr_line' id='line_1_76' title="bbox 2115 3652 3708 3728; baseline 0.006 -21"><span class='ocrx_word' id='word_1_568' title='bbox 2115 3653 2264 3718; x_wconf 88' lang='lat' dir='ltr'>Quid</span> <span class='ocrx_word' id='word_1_569' title='bbox 2298 3669 2436 3724; x_wconf 88' lang='lat' dir='ltr'>ergo</span> <span class='ocrx_word' id='word_1_570' title='bbox 2489 3652 2812 3709; x_wconf 85' lang='lat' dir='ltr'>dicendum</span> <span class='ocrx_word' id='word_1_571' title='bbox 2862 3654 3002 3710; x_wconf 85' lang='lat' dir='ltr'>est?</span> <span class='ocrx_word' id='word_1_572' title='bbox 3033 3654 3203 3720; x_wconf 86' lang='lat' dir='ltr'>Quod</span> <span class='ocrx_word' id='word_1_573' title='bbox 3259 3656 3402 3728; x_wconf 90' lang='lat' dir='ltr'>quia</span> <span class='ocrx_word' id='word_1_574' title='bbox 3446 3657 3584 3714; x_wconf 87' lang='lat' dir='ltr'>talia</span> <span class='ocrx_word' id='word_1_575' title='bbox 3632 3656 3708 3716; x_wconf 89' lang='lat' dir='ltr'>de</span> 
     </span>
    </p>
   </div>
   <div class='ocr_carea' id='block_1_77' title="bbox 334 3741 1961 3819">
    <p class='ocr_par' dir='ltr' id='par_1_77' title="bbox 334 3741 1931 3819">
     <span class='ocr_line' id='line_1_77' title="bbox 334 3741 1931 3819; baseline -0.002 -22"><span class='ocrx_word' id='word_1_576' title='bbox 334 3745 519 3798; x_wconf 75' lang='grc' dir='ltr'>ἑαυτοῦ</span> <span class='ocrx_word' id='word_1_577' title='bbox 566 3751 910 3819; x_wconf 82' lang='grc' dir='ltr'>μαρτυρήσας</span> <span class='ocrx_word' id='word_1_578' title='bbox 970 3748 1098 3815; x_wconf 78' lang='grc' dir='ltr'>ἔγνω</span> <span class='ocrx_word' id='word_1_579' title='bbox 1163 3748 1282 3806; x_wconf 84' lang='grc' dir='ltr'>τοὺς</span> <span class='ocrx_word' id='word_1_580' title='bbox 1331 3741 1620 3804; x_wconf 82' lang='grc' dir='ltr'>Ἰουδαίους</span> <span class='ocrx_word' id='word_1_581' title='bbox 1686 3741 1931 3815; x_wconf 82' lang='grc' dir='ltr'>ἐνθυμου-</span> 
     </span>
    </p>
   </div>
   <div class='ocr_carea' id='block_1_78' title="bbox 2081 3741 3708 3819">
    <p class='ocr_par' dir='ltr' id='par_1_78' title="bbox 2081 3742 3708 3812">
     <span class='ocr_line' id='line_1_78' title="bbox 2081 3742 3708 3812; baseline 0.004 -14"><span class='ocrx_word' id='word_1_582' title='bbox 2081 3744 2242 3812; x_wconf 89' lang='lat' dir='ltr'>eipso</span> <span class='ocrx_word' id='word_1_583' title='bbox 2319 3742 2664 3798; x_wconf 86' lang='lat' dir='ltr'>testiﬁcatus</span> <span class='ocrx_word' id='word_1_584' title='bbox 2717 3743 2926 3809; x_wconf 83' lang='lat' dir='ltr'>fuerat,</span> <span class='ocrx_word' id='word_1_585' title='bbox 2983 3744 3264 3812; x_wconf 90' lang='lat' dir='ltr'>cognovit</span> <span class='ocrx_word' id='word_1_586' title='bbox 3317 3746 3556 3802; x_wconf 69' lang='lat' dir='ltr'>Judreos</span> <span class='ocrx_word' id='word_1_587' title='bbox 3604 3746 3708 3805; x_wconf 84' lang='lat' dir='ltr'>ha-</span> 
     </span>
    </p>
   </div>
   <div class='ocr_carea' id='block_1_79' title="bbox 332 3832 1959 3907">
    <p class='ocr_par' dir='ltr' id='par_1_79' title="bbox 332 3834 1931 3907">
     <span class='ocr_line' id='line_1_79' title="bbox 332 3834 1931 3907; baseline -0.003 -20"><span class='ocrx_word' id='word_1_588' title='bbox 332 3840 513 3907; x_wconf 86' lang='grc' dir='ltr'>μένους</span> <span class='ocrx_word' id='word_1_589' title='bbox 563 3834 842 3887; x_wconf 80' lang='grc' dir='ltr'>ἀντιθεῖναι</span> <span class='ocrx_word' id='word_1_590' title='bbox 880 3840 969 3887; x_wconf 88' lang='lat' dir='ltr'>xui</span> <span class='ocrx_word' id='word_1_591' title='bbox 1001 3835 1177 3899; x_wconf 80' lang='grc' dir='ltr'>εἰπεῖν,</span> <span class='ocrx_word' id='word_1_592' title='bbox 1211 3836 1292 3885; x_wconf 88' lang='grc' dir='ltr'>ὃτι</span> <span class='ocrx_word' id='word_1_593' title='bbox 1345 3834 1452 3905; x_wconf 87' lang='lat' dir='ltr'>(l9)</span> <span class='ocrx_word' id='word_1_594' title='bbox 1504 3836 1623 3885; x_wconf 84' lang='grc' dir='ltr'>Ἐὰν</span> <span class='ocrx_word' id='word_1_595' title='bbox 1684 3836 1748 3884; x_wconf 86' lang='grc' dir='ltr'>σὺ</span> <span class='ocrx_word' id='word_1_596' title='bbox 1801 3853 1931 3905; x_wconf 79' lang='grc' dir='ltr'>μαρο</span> 
     </span>
    </p>
   </div>
   <div class='ocr_carea' id='block_1_80' title="bbox 2076 3832 3703 3907">
    <p class='ocr_par' dir='ltr' id='par_1_80' title="bbox 2076 3832 3703 3903">
     <span class='ocr_line' id='line_1_80' title="bbox 2076 3832 3703 3903; baseline 0.002 -15"><span class='ocrx_word' id='word_1_597' title='bbox 2076 3849 2179 3888; x_wconf 68' lang='grc' dir='ltr'>ιεινθ</span> <span class='ocrx_word' id='word_1_598' title='bbox 2203 3832 2258 3886; x_wconf 89' lang='lat' dir='ltr'>in</span> <span class='ocrx_word' id='word_1_599' title='bbox 2282 3832 2484 3888; x_wconf 88' lang='lat' dir='ltr'>animo</span> <span class='ocrx_word' id='word_1_600' title='bbox 2529 3848 2826 3903; x_wconf 88' lang='lat' dir='ltr'>opponere</span> <span class='ocrx_word' id='word_1_601' title='bbox 2858 3849 2918 3888; x_wconf 89' lang='lat' dir='ltr'>se</span> <span class='ocrx_word' id='word_1_602' title='bbox 2967 3833 3017 3887; x_wconf 91' lang='lat' dir='ltr'>ei</span> <span class='ocrx_word' id='word_1_603' title='bbox 3059 3849 3126 3888; x_wconf 88' lang='lat' dir='ltr'>ac</span> <span class='ocrx_word' id='word_1_604' title='bbox 3156 3834 3349 3890; x_wconf 83' lang='lat' dir='ltr'>dicere</span> <span class='ocrx_word' id='word_1_605' title='bbox 3384 3851 3397 3889; x_wconf 86' lang='lat'><strong><em>:</em></strong></span> <span class='ocrx_word' id='word_1_606' title='bbox 3445 3835 3501 3890; x_wconf 90' lang='lat' dir='ltr'>Si</span> <span class='ocrx_word' id='word_1_607' title='bbox 3530 3841 3589 3890; x_wconf 91' lang='lat' dir='ltr'>tu</span> <span class='ocrx_word' id='word_1_608' title='bbox 3622 3842 3703 3892; x_wconf 86' lang='lat' dir='ltr'>te-</span> 
     </span>
    </p>
   </div>
   <div class='ocr_carea' id='block_1_81' title="bbox 332 3921 1959 3999">
    <p class='ocr_par' dir='ltr' id='par_1_81' title="bbox 332 3922 1929 3999">
     <span class='ocr_line' id='line_1_81' title="bbox 332 3922 1929 3999; baseline -0.003 -22"><span class='ocrx_word' id='word_1_609' title='bbox 332 3929 630 3999; x_wconf 74' lang='grc' dir='ltr'>τυρῇςπερὶ</span> <span class='ocrx_word' id='word_1_610' title='bbox 690 3932 909 3976; x_wconf 81' lang='grc' dir='ltr'>σεαυτοῦ</span> <span class='ocrx_word' id='word_1_611' title='bbox 940 3923 1083 3996; x_wconf 74' lang='grc'>(20),</span> <span class='ocrx_word' id='word_1_612' title='bbox 1126 3925 1155 3981; x_wconf 86' lang='grc' dir='ltr'>ἡ</span> <span class='ocrx_word' id='word_1_613' title='bbox 1190 3927 1457 3995; x_wconf 89' lang='grc' dir='ltr'>μαρτυρία</span> <span class='ocrx_word' id='word_1_614' title='bbox 1503 3942 1596 3975; x_wconf 87' lang='grc' dir='ltr'>σου</span> <span class='ocrx_word' id='word_1_615' title='bbox 1643 3922 1737 3974; x_wconf 71' lang='grc' dir='ltr'>οὐκ</span> <span class='ocrx_word' id='word_1_616' title='bbox 1788 3925 1929 3974; x_wconf 82' lang='grc' dir='ltr'>ἔστιν</span> 
     </span>
    </p>
   </div>
   <div class='ocr_carea' id='block_1_82' title="bbox 2078 3921 3705 3999">
    <p class='ocr_par' dir='ltr' id='par_1_82' title="bbox 2078 3921 3705 3993">
     <span class='ocr_line' id='line_1_82' title="bbox 2078 3921 3705 3993; baseline 0.002 -16"><span class='ocrx_word' id='word_1_617' title='bbox 2078 3922 2384 3977; x_wconf 88' lang='lat' dir='ltr'>timonium</span> <span class='ocrx_word' id='word_1_618' title='bbox 2416 3921 2690 3993; x_wconf 89' lang='lat' dir='ltr'>perhibes</span> <span class='ocrx_word' id='word_1_619' title='bbox 2730 3922 2803 3977; x_wconf 89' lang='lat' dir='ltr'>de</span> <span class='ocrx_word' id='word_1_620' title='bbox 2836 3922 3043 3993; x_wconf 90' lang='lat' dir='ltr'>teipso,</span> <span class='ocrx_word' id='word_1_621' title='bbox 3097 3921 3503 3978; x_wconf 86' lang='lat' dir='ltr'>testimonium</span> <span class='ocrx_word' id='word_1_622' title='bbox 3536 3929 3705 3981; x_wconf 90' lang='lat' dir='ltr'>tuum</span> 
     </span>
    </p>
   </div>
   <div class='ocr_carea' id='block_1_83' title="bbox 332 4010 1959 4088">
    <p class='ocr_par' dir='ltr' id='par_1_83' title="bbox 332 4010 1929 4088">
     <span class='ocr_line' id='line_1_83' title="bbox 332 4010 1929 4088; baseline -0.003 -22"><span class='ocrx_word' id='word_1_623' title='bbox 332 4014 545 4074; x_wconf 71' lang='grc' dir='ltr'>ἀληθής.</span> <span class='ocrx_word' id='word_1_624' title='bbox 589 4010 777 4074; x_wconf 81' lang='grc' dir='ltr'>Ούδεὶς</span> <span class='ocrx_word' id='word_1_625' title='bbox 830 4015 932 4088; x_wconf 72' lang='grc' dir='ltr'>γὰρ</span> <span class='ocrx_word' id='word_1_626' title='bbox 982 4012 1146 4082; x_wconf 85' lang='grc' dir='ltr'>ἑαυτῷ</span> <span class='ocrx_word' id='word_1_627' title='bbox 1202 4021 1478 4086; x_wconf 82' lang='grc' dir='ltr'>μαρτυρῶν</span> <span class='ocrx_word' id='word_1_628' title='bbox 1529 4010 1829 4073; x_wconf 81' lang='grc' dir='ltr'>ἀξιόπιστος</span> <span class='ocrx_word' id='word_1_629' title='bbox 1882 4010 1929 4063; x_wconf 85' lang='grc' dir='ltr'>ἐν</span> 
     </span>
    </p>
   </div>
   <div class='ocr_carea' id='block_1_84' title="bbox 2079 4010 3706 4088">
    <p class='ocr_par' dir='ltr' id='par_1_84' title="bbox 2085 4010 3706 4085">
     <span class='ocr_line' id='line_1_84' title="bbox 2085 4010 3706 4085; baseline 0.004 -20"><span class='ocrx_word' id='word_1_630' title='bbox 2085 4027 2160 4065; x_wconf 90' lang='lat' dir='ltr'>on</span> <span class='ocrx_word' id='word_1_631' title='bbox 2185 4015 2273 4064; x_wconf 88' lang='lat' dir='ltr'>est</span> <span class='ocrx_word' id='word_1_632' title='bbox 2299 4026 2528 4065; x_wconf 82' lang='lat' dir='ltr'>verum.</span> <span class='ocrx_word' id='word_1_633' title='bbox 2562 4010 2749 4064; x_wconf 89' lang='lat' dir='ltr'>Nemo</span> <span class='ocrx_word' id='word_1_634' title='bbox 2783 4010 3103 4082; x_wconf 83' lang='lat' dir='ltr'>siquidem,</span> <span class='ocrx_word' id='word_1_635' title='bbox 3134 4012 3235 4082; x_wconf 89' lang='lat' dir='ltr'>qui</span> <span class='ocrx_word' id='word_1_636' title='bbox 3266 4012 3340 4066; x_wconf 91' lang='lat' dir='ltr'>de</span> <span class='ocrx_word' id='word_1_637' title='bbox 3372 4013 3571 4085; x_wconf 83' lang='lat' dir='ltr'>seipso</span> <span class='ocrx_word' id='word_1_638' title='bbox 3598 4013 3706 4071; x_wconf 82' lang='lat' dir='ltr'>fert</span> 
     </span>
    </p>
   </div>
   <div class='ocr_carea' id='block_1_85' title="bbox 334 4098 1961 4177">
    <p class='ocr_par' dir='ltr' id='par_1_85' title="bbox 334 4098 1930 4177">
     <span class='ocr_line' id='line_1_85' title="bbox 334 4098 1930 4177; baseline -0.002 -22"><span class='ocrx_word' id='word_1_639' title='bbox 334 4103 624 4177; x_wconf 81' lang='grc' dir='ltr'>ἀνθρώποις</span> <span class='ocrx_word' id='word_1_640' title='bbox 676 4099 747 4155; x_wconf 86' lang='grc' dir='ltr'>δι’</span> <span class='ocrx_word' id='word_1_641' title='bbox 798 4101 1027 4172; x_wconf 72' lang='grc' dir='ltr'>ὑποψίαν</span> <span class='ocrx_word' id='word_1_642' title='bbox 1084 4101 1390 4172; x_wconf 71' lang='grc' dir='ltr'>φιλαυτίαςο</span> <span class='ocrx_word' id='word_1_643' title='bbox 1442 4100 1689 4174; x_wconf 75' lang='grc' dir='ltr'>προελαϐε</span> <span class='ocrx_word' id='word_1_644' title='bbox 1746 4106 1835 4153; x_wconf 83' lang='grc' dir='ltr'>καὶ</span> <span class='ocrx_word' id='word_1_645' title='bbox 1862 4098 1930 4153; x_wconf 84' lang='grc' dir='ltr'>εἶ-</span> 
     </span>
    </p>
   </div>
   <div class='ocr_carea' id='block_1_86' title="bbox 2076 4098 3703 4177">
    <p class='ocr_par' dir='ltr' id='par_1_86' title="bbox 2076 4098 3703 4173">
     <span class='ocr_line' id='line_1_86' title="bbox 2076 4098 3703 4173; baseline 0.002 -18"><span class='ocrx_word' id='word_1_646' title='bbox 2076 4100 2467 4165; x_wconf 71' lang='lat' dir='ltr'>estimonium,</span> <span class='ocrx_word' id='word_1_647' title='bbox 2495 4098 2839 4167; x_wconf 84' lang='lat' dir='ltr'>ﬁdedignus</span> <span class='ocrx_word' id='word_1_648' title='bbox 2858 4105 2943 4154; x_wconf 88' lang='lat' dir='ltr'>est</span> <span class='ocrx_word' id='word_1_649' title='bbox 2960 4100 3121 4170; x_wconf 87' lang='lat' dir='ltr'>apud</span> <span class='ocrx_word' id='word_1_650' title='bbox 3144 4100 3439 4171; x_wconf 85' lang='lat' dir='ltr'>homines,</span> <span class='ocrx_word' id='word_1_651' title='bbox 3470 4109 3703 4173; x_wconf 89' lang='lat' dir='ltr'>propter</span> 
     </span>
    </p>
   </div>
   <div class='ocr_carea' id='block_1_87' title="bbox 331 4187 1958 4265">
    <p class='ocr_par' dir='ltr' id='par_1_87' title="bbox 331 4189 1931 4265">
     <span class='ocr_line' id='line_1_87' title="bbox 331 4189 1931 4265; baseline -0.002 -20"><span class='ocrx_word' id='word_1_652' title='bbox 331 4212 421 4245; x_wconf 88' lang='grc' dir='ltr'>πεν</span> <span class='ocrx_word' id='word_1_653' title='bbox 488 4192 514 4244; x_wconf 86' lang='grc' dir='ltr'><strong>ὃ</strong></span> <span class='ocrx_word' id='word_1_654' title='bbox 590 4191 792 4265; x_wconf 81' lang='grc' dir='ltr'>ἔμελλον</span> <span class='ocrx_word' id='word_1_655' title='bbox 860 4192 1016 4244; x_wconf 84' lang='grc' dir='ltr'>εἰπεῖν</span> <span class='ocrx_word' id='word_1_656' title='bbox 1102 4190 1301 4262; x_wconf 80' lang='grc' dir='ltr'>ἐκεῖνοι,</span> <span class='ocrx_word' id='word_1_657' title='bbox 1384 4191 1586 4262; x_wconf 70' lang='grc' dir='ltr'>λέγων·</span> <span class='ocrx_word' id='word_1_658' title='bbox 1653 4190 1769 4243; x_wconf 81' lang='grc' dir='ltr'>Ἐὰν</span> <span class='ocrx_word' id='word_1_659' title='bbox 1833 4189 1931 4261; x_wconf 66' lang='grc' dir='ltr'>ἐγὼ</span> 
     </span>
    </p>
   </div>
   <div class='ocr_carea' id='block_1_88' title="bbox 2075 4187 3702 4265">
    <p class='ocr_par' dir='ltr' id='par_1_88' title="bbox 2080 4187 3702 4263">
     <span class='ocr_line' id='line_1_88' title="bbox 2080 4187 3702 4263; baseline 0.002 -20"><span class='ocrx_word' id='word_1_660' title='bbox 2080 4189 2447 4260; x_wconf 88' lang='lat' dir='ltr'>uspicionem</span> <span class='ocrx_word' id='word_1_661' title='bbox 2480 4189 2554 4243; x_wconf 92' lang='lat' dir='ltr'>de</span> <span class='ocrx_word' id='word_1_662' title='bbox 2586 4187 2771 4243; x_wconf 91' lang='lat' dir='ltr'>nimio</span> <span class='ocrx_word' id='word_1_663' title='bbox 2793 4189 2883 4243; x_wconf 90' lang='lat' dir='ltr'>sui</span> <span class='ocrx_word' id='word_1_664' title='bbox 2916 4187 3105 4260; x_wconf 87' lang='lat' dir='ltr'>ipsius</span> <span class='ocrx_word' id='word_1_665' title='bbox 3125 4205 3351 4255; x_wconf 92' lang='lat' dir='ltr'>amore,</span> <span class='ocrx_word' id='word_1_666' title='bbox 3384 4190 3518 4245; x_wconf 91' lang='lat' dir='ltr'>ideo</span> <span class='ocrx_word' id='word_1_667' title='bbox 3551 4207 3702 4263; x_wconf 71' lang='lat' dir='ltr'>pra:-</span> 
     </span>
    </p>
   </div>
   <div class='ocr_carea' id='block_1_89' title="bbox 332 4277 1959 4355">
    <p class='ocr_par' dir='ltr' id='par_1_89' title="bbox 332 4279 1932 4355">
     <span class='ocr_line' id='line_1_89' title="bbox 332 4279 1932 4355; baseline -0.002 -22"><span class='ocrx_word' id='word_1_668' title='bbox 332 4290 581 4355; x_wconf 82' lang='grc' dir='ltr'>μαρτυρῶ</span> <span class='ocrx_word' id='word_1_669' title='bbox 645 4286 764 4353; x_wconf 77' lang='grc' dir='ltr'>περὶ</span> <span class='ocrx_word' id='word_1_670' title='bbox 850 4281 1096 4353; x_wconf 74' lang='grc' dir='ltr'>ἐμαυτοῦ,</span> <span class='ocrx_word' id='word_1_671' title='bbox 1188 4282 1218 4339; x_wconf 80' lang='grc' dir='ltr'>ἡ</span> <span class='ocrx_word' id='word_1_672' title='bbox 1306 4284 1572 4355; x_wconf 88' lang='grc' dir='ltr'>μαρτυρία</span> <span class='ocrx_word' id='word_1_673' title='bbox 1635 4298 1735 4351; x_wconf 89' lang='grc' dir='ltr'>μου</span> <span class='ocrx_word' id='word_1_674' title='bbox 1839 4279 1932 4331; x_wconf 79' lang='grc' dir='ltr'>οὐκ</span> 
     </span>
    </p>
   </div>
   <div class='ocr_carea' id='block_1_90' title="bbox 2069 4277 3696 4355">
    <p class='ocr_par' dir='ltr' id='par_1_90' title="bbox 2069 4277 3696 4349">
     <span class='ocr_line' id='line_1_90' title="bbox 2069 4277 3696 4349; baseline 0.001 -17"><span class='ocrx_word' id='word_1_675' title='bbox 2069 4279 2203 4333; x_wconf 72' lang='grc' dir='ltr'>’θηίῑ</span> <span class='ocrx_word' id='word_1_676' title='bbox 2258 4294 2325 4333; x_wconf 86' lang='lat' dir='ltr'>ac</span> <span class='ocrx_word' id='word_1_677' title='bbox 2376 4277 2541 4342; x_wconf 79' lang='lat' dir='ltr'>dixit,</span> <span class='ocrx_word' id='word_1_678' title='bbox 2592 4277 2749 4349; x_wconf 85' lang='lat' dir='ltr'>quod</span> <span class='ocrx_word' id='word_1_679' title='bbox 2812 4277 2893 4331; x_wconf 88' lang='lat' dir='ltr'>illi</span> <span class='ocrx_word' id='word_1_680' title='bbox 2942 4277 3153 4332; x_wconf 88' lang='lat' dir='ltr'>dicturi</span> <span class='ocrx_word' id='word_1_681' title='bbox 3201 4283 3386 4343; x_wconf 86' lang='lat' dir='ltr'>erant,</span> <span class='ocrx_word' id='word_1_682' title='bbox 3427 4279 3632 4334; x_wconf 89' lang='lat' dir='ltr'>dicens</span> <span class='ocrx_word' id='word_1_683' title='bbox 3684 4296 3696 4334; x_wconf 90' lang='lat'><strong>:</strong></span> 
     </span>
    </p>
   </div>
   <div class='ocr_carea' id='block_1_91' title="bbox 334 4366 1961 4442">
    <p class='ocr_par' dir='ltr' id='par_1_91' title="bbox 334 4366 1934 4442">
     <span class='ocr_line' id='line_1_91' title="bbox 334 4366 1934 4442; baseline -0.003 -18"><span class='ocrx_word' id='word_1_684' title='bbox 334 4375 473 4424; x_wconf 81' lang='grc' dir='ltr'>ἔστιν</span> <span class='ocrx_word' id='word_1_685' title='bbox 532 4369 745 4434; x_wconf 76' lang='grc' dir='ltr'>ἀληθὴς,</span> <span class='ocrx_word' id='word_1_686' title='bbox 801 4371 865 4430; x_wconf 83' lang='grc' dir='ltr'>ὡς</span> <span class='ocrx_word' id='word_1_687' title='bbox 922 4371 1044 4442; x_wconf 85' lang='grc' dir='ltr'>ύμῖν</span> <span class='ocrx_word' id='word_1_688' title='bbox 1099 4366 1276 4421; x_wconf 81' lang='grc' dir='ltr'>δοκεῖ’</span> <span class='ocrx_word' id='word_1_689' title='bbox 1332 4375 1422 4421; x_wconf 84' lang='grc' dir='ltr'>καὶ</span> <span class='ocrx_word' id='word_1_690' title='bbox 1477 4368 1653 4421; x_wconf 89' lang='grc' dir='ltr'>λοιπὸν</span> <span class='ocrx_word' id='word_1_691' title='bbox 1708 4370 1934 4440; x_wconf 76' lang='grc' dir='ltr'>παράγει</span> 
     </span>
    </p>
   </div>
   <div class='ocr_carea' id='block_1_92' title="bbox 2076 4366 3703 4442">
    <p class='ocr_par' dir='ltr' id='par_1_92' title="bbox 2076 4366 3703 4436">
     <span class='ocr_line' id='line_1_92' title="bbox 2076 4366 3703 4436; baseline 0.002 -15"><span class='ocrx_word' id='word_1_692' title='bbox 2076 4370 2100 4421; x_wconf 76' lang='lat' dir='ltr'>‘z&#39;</span> <span class='ocrx_word' id='word_1_693' title='bbox 2120 4382 2221 4436; x_wconf 91' lang='lat' dir='ltr'>ego</span> <span class='ocrx_word' id='word_1_694' title='bbox 2248 4366 2633 4423; x_wconf 79' lang='lat' dir='ltr'>testimonium</span> <span class='ocrx_word' id='word_1_695' title='bbox 2654 4366 3012 4434; x_wconf 78' lang='lat' dir='ltr'>perhibeode</span> <span class='ocrx_word' id='word_1_696' title='bbox 3039 4382 3123 4422; x_wconf 89' lang='lat' dir='ltr'>me</span> <span class='ocrx_word' id='word_1_697' title='bbox 3152 4367 3703 4435; x_wconf 73' lang='lat' dir='ltr'>ipso,testimonium</span> 
     </span>
    </p>
   </div>
   <div class='ocr_carea' id='block_1_93' title="bbox 335 4432 1962 4535">
    <p class='ocr_par' dir='ltr' id='par_1_93' title="bbox 335 4456 1935 4535">
     <span class='ocr_line' id='line_1_93' title="bbox 335 4456 1935 4535; baseline -0.003 -24"><span class='ocrx_word' id='word_1_698' title='bbox 335 4462 624 4535; x_wconf 73' lang='grc' dir='ltr'>μάρτυρας,</span> <span class='ocrx_word' id='word_1_699' title='bbox 712 4458 1143 4531; x_wconf 73' lang='grc' dir='ltr'>συγκαταϐαίνων</span> <span class='ocrx_word' id='word_1_700' title='bbox 1217 4456 1486 4510; x_wconf 81' lang='grc' dir='ltr'>κάνταῦθα</span> <span class='ocrx_word' id='word_1_701' title='bbox 1557 4466 1617 4530; x_wconf 78' lang='grc' dir='ltr'>τῇ</span> <span class='ocrx_word' id='word_1_702' title='bbox 1696 4456 1935 4529; x_wconf 81' lang='grc' dir='ltr'>ἀσθενείᾳ</span> 
     </span>
    </p>
   </div>
   <div class='ocr_carea' id='block_1_94' title="bbox 2075 4432 3702 4535">
    <p class='ocr_par' dir='ltr' id='par_1_94' title="bbox 2075 4432 3702 4528">
     <span class='ocr_line' id='line_1_94' title="bbox 2075 4432 3702 4528; baseline 0 -17"><span class='ocrx_word' id='word_1_703' title='bbox 2075 4432 2221 4512; x_wconf 61' lang='lat' dir='ltr'>meum</span> <span class='ocrx_word' id='word_1_704' title='bbox 2262 4472 2382 4512; x_wconf 78' lang='lat' dir='ltr'>non</span> <span class='ocrx_word' id='word_1_705' title='bbox 2422 4461 2501 4511; x_wconf 80' lang='lat' dir='ltr'>est</span> <span class='ocrx_word' id='word_1_706' title='bbox 2532 4432 2752 4518; x_wconf 66' lang='lat' dir='ltr'>verum,</span> <span class='ocrx_word' id='word_1_707' title='bbox 2797 4460 2856 4510; x_wconf 88' lang='lat' dir='ltr'>ut</span> <span class='ocrx_word' id='word_1_708' title='bbox 2889 4454 3049 4510; x_wconf 88' lang='lat' dir='ltr'>vobis</span> <span class='ocrx_word' id='word_1_709' title='bbox 3079 4459 3351 4525; x_wconf 84' lang='lat' dir='ltr'>apparet.</span> <span class='ocrx_word' id='word_1_710' title='bbox 3394 4457 3597 4528; x_wconf 89' lang='lat' dir='ltr'>Itaque</span> <span class='ocrx_word' id='word_1_711' title='bbox 3625 4463 3702 4511; x_wconf 92' lang='lat' dir='ltr'>te-</span> 
     </span>
    </p>
   </div>
   <div class='ocr_carea' id='block_1_95' title="bbox 337 4542 1964 4626">
    <p class='ocr_par' dir='ltr' id='par_1_95' title="bbox 337 4546 1662 4626">
     <span class='ocr_line' id='line_1_95' title="bbox 337 4546 1662 4626; baseline -0.002 -23"><span class='ocrx_word' id='word_1_712' title='bbox 337 4550 401 4603; x_wconf 80' lang='grc' dir='ltr'>αὐ</span> <span class='ocrx_word' id='word_1_713' title='bbox 415 4558 527 4618; x_wconf 77' lang='grc' dir='ltr'>τῶν,</span> <span class='ocrx_word' id='word_1_714' title='bbox 559 4553 649 4603; x_wconf 77' lang='grc' dir='ltr'>καὶ</span> <span class='ocrx_word' id='word_1_715' title='bbox 671 4548 725 4601; x_wconf 85' lang='grc' dir='ltr'>ἐκ</span> <span class='ocrx_word' id='word_1_716' title='bbox 751 4553 1055 4626; x_wconf 86' lang='grc' dir='ltr'>περιουσίας</span> <span class='ocrx_word' id='word_1_717' title='bbox 1084 4546 1430 4621; x_wconf 69' lang='grc' dir='ltr'>ἐπιστομίζων</span> <span class='ocrx_word' id='word_1_718' title='bbox 1452 4546 1662 4609; x_wconf 81' lang='grc' dir='ltr'>αύτούς.</span> 
     </span>
    </p>
   </div>
   <div class='ocr_carea' id='block_1_96' title="bbox 2073 4542 3700 4626">
    <p class='ocr_par' dir='ltr' id='par_1_96' title="bbox 2076 4542 3700 4610">
     <span class='ocr_line' id='line_1_96' title="bbox 2076 4542 3700 4610; baseline -0.001 -10"><span class='ocrx_word' id='word_1_719' title='bbox 2076 4548 2163 4600; x_wconf 88' lang='lat' dir='ltr'>tes</span> <span class='ocrx_word' id='word_1_720' title='bbox 2189 4545 2445 4610; x_wconf 83' lang='lat' dir='ltr'>adducit,</span> <span class='ocrx_word' id='word_1_721' title='bbox 2474 4544 2653 4600; x_wconf 90' lang='lat' dir='ltr'>etiam</span> <span class='ocrx_word' id='word_1_722' title='bbox 2682 4544 2743 4599; x_wconf 88' lang='lat' dir='ltr'>in</span> <span class='ocrx_word' id='word_1_723' title='bbox 2767 4543 2878 4599; x_wconf 86' lang='lat' dir='ltr'>hoc</span> <span class='ocrx_word' id='word_1_724' title='bbox 2902 4560 2966 4598; x_wconf 90' lang='lat' dir='ltr'>se</span> <span class='ocrx_word' id='word_1_725' title='bbox 2989 4542 3306 4598; x_wconf 90' lang='lat' dir='ltr'>demittens</span> <span class='ocrx_word' id='word_1_726' title='bbox 3335 4544 3413 4599; x_wconf 90' lang='lat' dir='ltr'>ad</span> <span class='ocrx_word' id='word_1_727' title='bbox 3436 4543 3700 4600; x_wconf 87' lang='lat' dir='ltr'>imbecil-</span> 
     </span>
    </p>
   </div>
   <div class='ocr_carea' id='block_1_97' title="bbox 2042 4630 3703 4704">
    <p class='ocr_par' dir='ltr' id='par_1_97' title="bbox 2042 4630 3703 4704">
     <span class='ocr_line' id='line_1_97' title="bbox 2042 4630 3703 4704; baseline -0.001 -14"><span class='ocrx_word' id='word_1_728' title='bbox 2042 4634 2267 4690; x_wconf 87' lang='lat' dir='ltr'>litatem</span> <span class='ocrx_word' id='word_1_729' title='bbox 2307 4633 2565 4697; x_wconf 86' lang='lat' dir='ltr'>illorum,</span> <span class='ocrx_word' id='word_1_730' title='bbox 2606 4636 2660 4687; x_wconf 90' lang='lat' dir='ltr'>et</span> <span class='ocrx_word' id='word_1_731' title='bbox 2691 4648 2762 4687; x_wconf 81' lang='lat' dir='ltr'>ex</span> <span class='ocrx_word' id='word_1_732' title='bbox 2802 4630 3134 4687; x_wconf 89' lang='lat' dir='ltr'>abundanti</span> <span class='ocrx_word' id='word_1_733' title='bbox 3164 4632 3442 4688; x_wconf 90' lang='lat' dir='ltr'>cautione</span> <span class='ocrx_word' id='word_1_734' title='bbox 3499 4632 3606 4704; x_wconf 92' lang='lat' dir='ltr'>(oo)</span> <span class='ocrx_word' id='word_1_735' title='bbox 3630 4634 3703 4690; x_wconf 88' lang='lat' dir='ltr'>si-</span> 
     </span>
    </p>
   </div>
   <div class='ocr_carea' id='block_1_98' title="bbox 2041 4720 2808 4794">
    <p class='ocr_par' dir='ltr' id='par_1_98' title="bbox 2041 4720 2808 4794">
     <span class='ocr_line' id='line_1_98' title="bbox 2041 4720 2808 4794; baseline -0.005 -14"><span class='ocrx_word' id='word_1_736' title='bbox 2041 4722 2293 4780; x_wconf 88' lang='lat' dir='ltr'>lentium</span> <span class='ocrx_word' id='word_1_737' title='bbox 2324 4720 2434 4778; x_wconf 85' lang='lat' dir='ltr'>illis</span> <span class='ocrx_word' id='word_1_738' title='bbox 2465 4721 2808 4794; x_wconf 89' lang='lat' dir='ltr'>imponens.</span> 
     </span>
    </p>
   </div>
   <div class='ocr_carea' id='block_1_99' title="bbox 406 4858 892 4927">
    <p class='ocr_par' dir='ltr' id='par_1_99' title="bbox 406 4858 892 4927">
     <span class='ocr_line' id='line_1_99' title="bbox 406 4858 892 4927; baseline -0.004 -14"><span class='ocrx_word' id='word_1_739' title='bbox 406 4858 455 4894; x_wconf 69' lang='lat'>9‘</span> <span class='ocrx_word' id='word_1_740' title='bbox 484 4858 652 4915; x_wconf 83' lang='lat' dir='ltr'>Joan.</span> <span class='ocrx_word' id='word_1_741' title='bbox 683 4870 804 4927; x_wconf 79' lang='lat' dir='ltr'>xw,</span> <span class='ocrx_word' id='word_1_742' title='bbox 840 4860 892 4912; x_wconf 85' lang='lat'><em>6.</em></span> 
     </span>
    </p>
   </div>
   <div class='ocr_carea' id='block_1_100' title="bbox 1529 4938 2461 5010">
    <p class='ocr_par' dir='ltr' id='par_1_100' title="bbox 1529 4938 2461 5010">
     <span class='ocr_line' id='line_1_100' title="bbox 1529 4938 2461 5010; baseline -0.009 0"><span class='ocrx_word' id='word_1_743' title='bbox 1529 4938 1754 5010; x_wconf 76' lang='lat' dir='ltr'>Variae</span> <span class='ocrx_word' id='word_1_744' title='bbox 1792 4938 2122 5009; x_wconf 87' lang='lat' dir='ltr'>lectiones</span> <span class='ocrx_word' id='word_1_745' title='bbox 2162 4944 2227 5007; x_wconf 91' lang='lat' dir='ltr'>et</span> <span class='ocrx_word' id='word_1_746' title='bbox 2256 4946 2461 5005; x_wconf 76' lang='lat' dir='ltr'>notae.</span> 
     </span>
    </p>
   </div>
   <div class='ocr_carea' id='block_1_101' title="bbox 408 5098 2035 5188">
    <p class='ocr_par' dir='ltr' id='par_1_101' title="bbox 408 5104 1928 5188">
     <span class='ocr_line' id='line_1_101' title="bbox 408 5104 1928 5188; baseline -0.005 -18"><span class='ocrx_word' id='word_1_747' title='bbox 408 5115 522 5188; x_wconf 80' lang='grc' dir='ltr'>(Π)</span> <span class='ocrx_word' id='word_1_748' title='bbox 550 5112 847 5188; x_wconf 72' lang='lat' dir='ltr'>Hicaddit</span> <span class='ocrx_word' id='word_1_749' title='bbox 949 5126 962 5168; x_wconf 89' lang='lat'><strong>:</strong></span> <span class='ocrx_word' id='word_1_750' title='bbox 989 5113 1059 5188; x_wconf 76' lang='lat' dir='ltr'>&#39;I_‘6</span> <span class='ocrx_word' id='word_1_751' title='bbox 1089 5108 1207 5185; x_wconf 78' lang='grc' dir='ltr'>ἐμόν</span> <span class='ocrx_word' id='word_1_752' title='bbox 1231 5128 1245 5145; x_wconf 91' lang='grc'><strong>·</strong></span> <span class='ocrx_word' id='word_1_753' title='bbox 1276 5104 1398 5163; x_wconf 67' lang='grc' dir='ltr'>ούδὲ</span> <span class='ocrx_word' id='word_1_754' title='bbox 1426 5110 1526 5186; x_wconf 74' lang='grc' dir='ltr'>γὰρ</span> <span class='ocrx_word' id='word_1_755' title='bbox 1559 5111 1668 5182; x_wconf 78' lang='grc' dir='ltr'>ἔχω</span> <span class='ocrx_word' id='word_1_756' title='bbox 1714 5108 1928 5184; x_wconf 73' lang='grc' dir='ltr'>θέλημα.</span> 
     </span>
    </p>
   </div>
   <div class='ocr_carea' id='block_1_102' title="bbox 1826 5098 3453 5188">
    <p class='ocr_par' dir='ltr' id='par_1_102' title="bbox 1826 5098 3453 5188">
     <span class='ocr_line' id='line_1_102' title="bbox 1826 5098 3453 5188; baseline 0.003 -31"><span class='ocrx_word' id='word_1_757' title='bbox 1826 5129 1928 5184; x_wconf 78' lang='grc' dir='ltr'>ιμα.</span> <span class='ocrx_word' id='word_1_758' title='bbox 2113 5107 2227 5188; x_wconf 48' lang='grc' dir='ltr'>(μθ)</span> <span class='ocrx_word' id='word_1_759' title='bbox 2260 5107 2324 5188; x_wconf 55' lang='lat' dir='ltr'>Et</span> <span class='ocrx_word' id='word_1_760' title='bbox 2343 5103 2402 5188; x_wconf 83' lang='lat' dir='ltr'>id</span> <span class='ocrx_word' id='word_1_761' title='bbox 2433 5117 2577 5188; x_wconf 76' lang='lat' dir='ltr'>sane</span> <span class='ocrx_word' id='word_1_762' title='bbox 2601 5098 2756 5188; x_wconf 71' lang='lat' dir='ltr'>intra</span> <span class='ocrx_word' id='word_1_763' title='bbox 2783 5118 2904 5172; x_wconf 85' lang='lat' dir='ltr'>vm,</span> <span class='ocrx_word' id='word_1_764' title='bbox 2939 5103 3024 5170; x_wconf 86' lang='lat' dir='ltr'>t3,</span> <span class='ocrx_word' id='word_1_765' title='bbox 3052 5100 3106 5160; x_wconf 87' lang='lat' dir='ltr'>ei</span> <span class='ocrx_word' id='word_1_766' title='bbox 3126 5107 3453 5176; x_wconf 87' lang='lat' dir='ltr'>opponunt.</span> 
     </span>
    </p>
   </div>
   <div class='ocr_carea' id='block_1_103' title="bbox 338 5178 1965 5256">
    <p class='ocr_par' dir='ltr' id='par_1_103' title="bbox 338 5178 1845 5256">
     <span class='ocr_line' id='line_1_103' title="bbox 338 5178 1845 5256; baseline -0.003 -13"><span class='ocrx_word' id='word_1_767' title='bbox 338 5178 431 5244; x_wconf 78' lang='lat' dir='ltr'>Bis</span> <span class='ocrx_word' id='word_1_768' title='bbox 452 5178 594 5256; x_wconf 77' lang='lat' dir='ltr'>ergo</span> <span class='ocrx_word' id='word_1_769' title='bbox 622 5184 784 5240; x_wconf 89' lang='lat' dir='ltr'>idem</span> <span class='ocrx_word' id='word_1_770' title='bbox 814 5183 1069 5256; x_wconf 87' lang='lat' dir='ltr'>scripsit.</span> <span class='ocrx_word' id='word_1_771' title='bbox 1113 5178 1124 5185; x_wconf 86' lang='grc'><em>’</em></span> <span class='ocrx_word' id='word_1_772' title='bbox 1434 5178 1443 5183; x_wconf 60' lang='grc'><strong><em>⁷</em></strong></span> <span class='ocrx_word' id='word_1_773' title='bbox 1497 5178 1508 5186; x_wconf 84' lang='grc'><em>’</em></span> <span class='ocrx_word' id='word_1_774' title='bbox 1581 5178 1620 5182; x_wconf 65' lang='grc'>’⁷</span> <span class='ocrx_word' id='word_1_775' title='bbox 1835 5178 1845 5184; x_wconf 79' lang='grc'><em>’</em></span> 
     </span>
    </p>
   </div>
   <div class='ocr_carea' id='block_1_104' title="bbox 1048 5178 2675 5256">
    <p class='ocr_par' dir='ltr' id='par_1_104' title="bbox 1048 5178 2675 5255">
     <span class='ocr_line' id='line_1_104' title="bbox 1048 5178 2675 5255; baseline -0.004 -18"><span class='ocrx_word' id='word_1_776' title='bbox 1048 5200 1069 5237; x_wconf 65' lang='grc' dir='ltr'>ξ.</span> <span class='ocrx_word' id='word_1_777' title='bbox 1113 5178 1124 5185; x_wconf 77' lang='grc'><em>’</em></span> <span class='ocrx_word' id='word_1_778' title='bbox 1434 5178 1443 5183; x_wconf 45' lang='grc'><strong><em>⁷</em></strong></span> <span class='ocrx_word' id='word_1_779' title='bbox 1497 5178 1508 5186; x_wconf 77' lang='grc'><em>’</em></span> <span class='ocrx_word' id='word_1_780' title='bbox 1581 5178 1620 5182; x_wconf 53' lang='grc'>’⁷</span> <span class='ocrx_word' id='word_1_781' title='bbox 1835 5178 1845 5184; x_wconf 71' lang='grc'><em>’</em></span> <span class='ocrx_word' id='word_1_782' title='bbox 2121 5178 2233 5251; x_wconf 82' lang='grc'>(20)</span> <span class='ocrx_word' id='word_1_783' title='bbox 2265 5183 2390 5255; x_wconf 85' lang='grc' dir='ltr'>Περὶ</span> <span class='ocrx_word' id='word_1_784' title='bbox 2420 5178 2580 5231; x_wconf 73' lang='grc' dir='ltr'>αὐτοῦ</span> <span class='ocrx_word' id='word_1_785' title='bbox 2609 5181 2675 5232; x_wconf 81' lang='grc' dir='ltr'>Δ.</span> 
     </span>
    </p>
   </div>
   <div class='ocr_carea' id='block_1_105' title="bbox 408 5256 916 5331">
    <p class='ocr_par' dir='ltr' id='par_1_105' title="bbox 408 5256 916 5331">
     <span class='ocr_line' id='line_1_105' title="bbox 408 5256 916 5331; baseline -0.01 -17"><span class='ocrx_word' id='word_1_786' title='bbox 408 5258 521 5331; x_wconf 66' lang='grc'><strong>(18)</strong></span> <span class='ocrx_word' id='word_1_787' title='bbox 558 5256 824 5314; x_wconf 77' lang='grc' dir='ltr'>Ἀληθεύιι</span> <span class='ocrx_word' id='word_1_788' title='bbox 853 5262 916 5309; x_wconf 77' lang='grc' dir='ltr'>Α.</span> 
     </span>
    </p>
   </div>
   <div class='ocr_carea' id='block_1_106' title="bbox 410 5396 3699 5506">
    <p class='ocr_par' dir='ltr' id='par_1_106' title="bbox 410 5396 3699 5506">
     <span class='ocr_line' id='line_1_106' title="bbox 410 5396 3699 5506; baseline -0.001 -15"><span class='ocrx_word' id='word_1_789' title='bbox 410 5436 536 5506; x_wconf 84' lang='lat' dir='ltr'>(nn)</span> <span class='ocrx_word' id='word_1_790' title='bbox 581 5434 858 5503; x_wconf 83' lang='lat' dir='ltr'>Campus.</span> <span class='ocrx_word' id='word_1_791' title='bbox 905 5434 1114 5490; x_wconf 85' lang='lat' dir='ltr'>Locus.</span> <span class='ocrx_word' id='word_1_792' title='bbox 1147 5435 1348 5506; x_wconf 78' lang='grc' dir='ltr'>Χωρίον</span> <span class='ocrx_word' id='word_1_793' title='bbox 1399 5429 1633 5499; x_wconf 84' lang='lat' dir='ltr'>dicitur,</span> <span class='ocrx_word' id='word_1_794' title='bbox 1683 5429 1933 5506; x_wconf 15' lang='lat' dir='ltr'>utiLati-</span> <span class='ocrx_word' id='word_1_795' title='bbox 2063 5505 2069 5506; x_wconf 14' lang='grc' dir='ltr'>ί</span> <span class='ocrx_word' id='word_1_796' title='bbox 2114 5396 2699 5506; x_wconf 31' lang='grc' dir='ltr'>(οώΕςεᾉαὸαηάαηιί</span> <span class='ocrx_word' id='word_1_797' title='bbox 2720 5430 3008 5506; x_wconf 74' lang='lat' dir='ltr'>cautione.</span> <span class='ocrx_word' id='word_1_798' title='bbox 3040 5396 3343 5506; x_wconf 63' lang='lat' dir='ltr'>Cautiope,</span> <span class='ocrx_word' id='word_1_799' title='bbox 3375 5440 3495 5506; x_wconf 81' lang='lat' dir='ltr'>non</span> <span class='ocrx_word' id='word_1_800' title='bbox 3522 5434 3609 5488; x_wconf 85' lang='lat' dir='ltr'>est</span> <span class='ocrx_word' id='word_1_801' title='bbox 3639 5428 3699 5488; x_wconf 89' lang='lat' dir='ltr'>iu</span> 
     </span>
    </p>
   </div>
   <div class='ocr_carea' id='block_1_107' title="bbox 338 5497 3517 5577">
    <p class='ocr_par' dir='ltr' id='par_1_107' title="bbox 338 5497 3517 5577">
     <span class='ocr_line' id='line_1_107' title="bbox 338 5497 3517 5577; baseline 0 -15"><span class='ocrx_word' id='word_1_802' title='bbox 338 5497 485 5562; x_wconf 81' lang='lat' dir='ltr'>num</span> <span class='ocrx_word' id='word_1_803' title='bbox 518 5497 703 5574; x_wconf 76' lang='lat' dir='ltr'>locus,</span> <span class='ocrx_word' id='word_1_804' title='bbox 727 5497 819 5577; x_wconf 56' lang='lat' dir='ltr'>&#39;eo</span> <span class='ocrx_word' id='word_1_805' title='bbox 852 5520 1074 5577; x_wconf 57' lang='lat' dir='ltr'>sensu,</span> <span class='ocrx_word' id='word_1_806' title='bbox 1106 5510 1167 5577; x_wconf 77' lang='lat' dir='ltr'>ut</span> <span class='ocrx_word' id='word_1_807' title='bbox 1205 5497 1365 5561; x_wconf 68' lang='lat' dir='ltr'>n&#39;otet</span> <span class='ocrx_word' id='word_1_808' title='bbox 1413 5497 1626 5562; x_wconf 83' lang='lat' dir='ltr'>locum</span> <span class='ocrx_word' id='word_1_809' title='bbox 1660 5506 1721 5561; x_wconf 89' lang='lat' dir='ltr'>in</span> <span class='ocrx_word' id='word_1_810' title='bbox 1759 5505 1930 5564; x_wconf 88' lang='lat' dir='ltr'>libro.</span> <span class='ocrx_word' id='word_1_811' title='bbox 2045 5497 2267 5561; x_wconf 64' lang='lat' dir='ltr'>Graeco.</span> <span class='ocrx_word' id='word_1_812' title='bbox 2306 5499 2404 5559; x_wconf 74' lang='grc' dir='ltr'>Ἐκ</span> <span class='ocrx_word' id='word_1_813' title='bbox 2446 5504 2750 5577; x_wconf 74' lang='grc' dir='ltr'>περιουσίας</span> <span class='ocrx_word' id='word_1_814' title='bbox 2780 5500 2924 5557; x_wconf 74' lang='lat' dir='ltr'>satis</span> <span class='ocrx_word' id='word_1_815' title='bbox 2956 5503 3097 5557; x_wconf 69' lang='lat' dir='ltr'>nota</span> <span class='ocrx_word' id='word_1_816' title='bbox 3126 5506 3212 5559; x_wconf 65' lang='lat' dir='ltr'>est</span> <span class='ocrx_word' id='word_1_817' title='bbox 3239 5497 3517 5556; x_wconf 75' lang='lat' dir='ltr'>formula-</span> 
     </span>
    </p>
   </div>
   <div class='ocr_carea' id='block_1_108' title="bbox 341 5574 1317 5653">
    <p class='ocr_par' dir='ltr' id='par_1_108' title="bbox 341 5574 1317 5653">
     <span class='ocr_line' id='line_1_108' title="bbox 341 5574 1317 5653; baseline -0.003 -18"><span class='ocrx_word' id='word_1_818' title='bbox 341 5577 563 5635; x_wconf 86' lang='lat' dir='ltr'>Eodem</span> <span class='ocrx_word' id='word_1_819' title='bbox 591 5577 772 5634; x_wconf 93' lang='lat' dir='ltr'>modo</span> <span class='ocrx_word' id='word_1_820' title='bbox 796 5574 954 5653; x_wconf 76' lang='grc' dir='ltr'>ῥῆσις</span> <span class='ocrx_word' id='word_1_821' title='bbox 981 5574 1317 5633; x_wconf 86' lang='lat' dir='ltr'>adhibetur.</span> 
     </span>
    </p>
   </div>
   <div class='ocr_carea' id='block_1_109' title="bbox 630 5668 3413 5734">
    <p class='ocr_par' dir='ltr' id='par_1_109' title="bbox 630 5668 3413 5734">
     <span class='ocr_line' id='line_1_109' title="bbox 630 5668 3413 5734; baseline -0.003 -2"><span class='ocrx_word' id='word_1_822' title='bbox 630 5676 849 5734; x_wconf 78' lang='lat' dir='ltr'><strong>PATROL</strong></span> <span class='ocrx_word' id='word_1_823' title='bbox 884 5676 983 5733; x_wconf 81' lang='lat' dir='ltr'>Ga.</span> <span class='ocrx_word' id='word_1_824' title='bbox 1028 5673 1269 5734; x_wconf 80' lang='lat' dir='ltr'>CXXIX.</span> <span class='ocrx_word' id='word_1_825' title='bbox 3341 5668 3413 5727; x_wconf 83' lang='lat'>39</span> 
     </span>
    </p>
   </div>
  </div>
