4120 6310
581 245 716 305 1227

651 373 821 439 Quod
847 387 989 443 ergo
1019 374 1094 429 ait
1137 389 1147 427 :
1189 371 1595 429 Testimonium
1653 387 1845 430 meum
1877 389 1991 430 non
2029 383 2111 431 est
2144 389 2234 430 ve-
2266 377 2311 430 A

577 479 734 528 rum,
759 478 880 518 non
913 463 1083 534 quasi
1113 461 1473 518 afﬁrmando
1493 463 1654 524 dixit,
1683 463 1785 516 sed
1825 464 1975 532 quod
2007 464 2084 518 illi
2122 465 2235 520 hoc

578 553 775 608 dicere
806 557 1106 624 pararent.
1137 552 1307 617 Quod
1340 557 1535 606 autem
1576 552 1700 607 haec
1726 553 1806 607 ita
1848 569 1910 607 se
1949 553 2232 616 habeant,

579 641 714 696 inde
767 641 1151 695 manifestum
1214 645 1324 694 est.
1360 642 1506 696 Cum
1539 641 1694 694 enim
1735 641 1792 694 in
1846 641 2236 712 sequentibus

565 731 814 786 locutus
838 729 1044 786 fuisset
1071 728 1274 784 dicens
1325 744 1336 784 :
1370 729 1496 798 Ego
1526 745 1655 784 sum
1689 731 1798 785 tua:
1822 731 2032 785 mundi
2061 732 2130 796 ’5,
2160 729 2241 783 di-

581 818 854 873 centibus
882 816 1192 871 Pharisaeis
1227 833 1239 870 :
1265 817 1424 870 Tuda
1451 817 2034 884 teipsotestimonium
2049 817 2242 886 perhi-

585 908 698 973 bes,
734 907 1120 962 testimonium
1153 911 1317 961 tuum
1349 922 1466 961 non
1497 914 1580 960 est
1596 922 1798 962 verum
1824 906 2244 961 “contradixit

583 997 788 1052 dicens
817 1012 828 1049 :
859 996 988 1050 Etsi
1015 1011 1108 1066 ego
1135 995 1529 1051 testimonium
1585 996 1861 1063 perhibeo
1905 995 1973 1051 de
2010 997 2239 1066 meipso.

585 1085 970 1141 testimonium
1015 1101 1196 1139 meum
1230 1099 1434 1139 verum
1468 1091 1553 1139 est
1583 1087 1657 1138 97.
1698 1084 2066 1140 Manifestum
2098 1099 2240 1153 ergo

585 1179 694 1242 est,
753 1173 918 1245 quod
969 1171 1114 1227 illud
1181 1172 1569 1243 oppositionis
1630 1172 1869 1229 illorum
1932 1180 2076 1235 erat,
2127 1173 2240 1227 hoc

588 1266 790 1318 autem
843 1261 1176 1316 intellectus
1245 1261 1394 1330 ejus.
1441 1261 1749 1333 Siquidem
1801 1261 1879 1315 illi
1930 1262 2236 1333 putabant,

587 1367 727 1407 eum
774 1366 892 1405 non
923 1366 1052 1406 esse
1100 1351 1218 1404 ﬁde
1249 1350 1524 1419 dignum,
1552 1353 1655 1422 qui
1680 1353 1754 1406 de
1791 1367 1852 1406 se
1893 1353 2023 1422 ipso
2066 1351 2240 1406 ferret

586 1441 1015 1506 testimonium,
1041 1447 1239 1511 utpote
1271 1440 1573 1494 hominem
1601 1441 1760 1511 ;ipse
1787 1457 1927 1495 vero
1954 1456 1984 1495 e
2005 1440 2239 1495 diverso

587 1547 718 1586 sese
745 1531 860 1584 ﬁde
889 1531 1137 1598 dignum
1167 1529 1333 1590 dixit.
1391 1535 1677 1600 tanquam
1733 1534 1935 1584 Deum.
1972 1529 2237 1585 Primum

583 1619 1057 1692 itaquedissolvit
1086 1619 1753 1690 excogitatamipsorum
1775 1619 2236 1690 oppositionem,

1907 235 2250 301 EUTHYMII
2293 235 2622 300 ZIGABENI

3834 241 3942 298 129.8

2421 374 2582 426 “Ω.στε
2621 376 2698 438 τό,
2738 371 2796 424 Ἠ
2829 374 3094 444 μαρτυρία
3129 389 3227 443 μου
3260 367 3353 422 οὐκ
3398 371 3543 422 ἔστιν
3598 366 3818 437 ἀληθὴς,
3858 368 3943 439 οὐχ

2339 466 2412 523 ’ὡς
2457 462 2861 533 ἀποφαινόμενος
2889 457 3043 525 εἶπεν,
3098 458 3203 511 ἀλλ’
3253 462 3319 519 ὡς
3359 457 3564 511 ἐκείνων
3614 466 3774 510 τοῦτο
3812 458 3941 509 εἰπεῖν

2347 552 2753 623 ἐνθυμουμένων.
2800 548 2921 601 Ὀτι
2979 544 3038 600 δὲ
3106 548 3269 607 ἀληθῆ
3332 556 3522 611 ταῦτα,
3591 544 3760 605 δῆλον
3807 545 3942 598 ίντεῡο

2350 644 2451 696 θεν.
2541 643 2680 692 Ἐπεὶ
2754 641 2853 712 γὰρ

2349 731 2455 803 εἰμι
2506 733 2565 781 τὸ
2618 738 2724 800 φῶς
2773 735 2867 779 τοῦ
2921 733 3145 799 κόσμου,
3202 731 3291 778 καὶ
3359 730 3425 778 τὰ
3471 726 3646 789 ἐξῆςο

3114 821 3233 888 περὶ
3324 823 3548 868 σεαυτοῦ

2948 643 3142 710 προῖὼν
3227 636 3442 695 ἐλάλησε
3533 636 3748 707 λέγων’
3831 637 3940 704 Ἐγώ

3727 725 3939 778 εἰπόντων

2349 828 2448 871 τῶν
2529 822 2847 893 Φαρισαίων,
2947 821 3013 868 Σὺ
3114 821 3233 888 περὶ
3324 823 3548 868 σεαυτοῦ
3649 821 3937 888 μαρτυρεῖς’

2351 912 2380 967 ἡ
2436 911 2700 983 μαρτυρία
2749 926 2842 958 σου
2903 905 2996 957 οὐκ
3071 908 3212 957 ἔστιν
3266 904 3488 965 ἀληθής·
3567 903 3806 965 ἀντεῖπε,
3858 901 3939 956 Κάν

2351 995 2450 1067 ἐγὼ
2529 1003 2779 1068 μαρτυρῶ
2874 999 2990 1067 περὶ
3078 993 3326 1066 ἐμαυτοῦ,
3421 993 3630 1054 ἀληθής
3729 991 3936 1046 ἐστινὴ

2351 1091 2615 1159 μαρτυρία
2670 1104 2792 1156 μου.
2855 1080 3126 1158 Πρόδηλον
3192 1080 3279 1135 οὖν
3345 1085 3425 1135 ὅτι
3485 1082 3662 1135 ἐκεῖνο
3730 1085 3820 1153 μὲν
3868 1089 3942 1141 τῆς

2350 1173 2549 1226 ἐκείνων
2583 1172 2887 1234 ἀντιθέσεως
2913 1169 2973 1231 ἧν
2999 1189 3012 1202 '
3058 1179 3212 1225 τοῦτο
3241 1168 3300 1224 δε
3339 1180 3432 1233 τῆς
3477 1175 3682 1224 τούτου
3737 1177 3937 1242 γνώμης.

2350 1267 2562 1315 Ἐκεῖνοι
2619 1265 2708 1334 μὶν
2762 1264 2865 1335 γὰρ
2918 1266 3076 1332 ᾤοντο
3132 1266 3204 1334 μὴ
3265 1260 3575 1324 ἀξιόπιστον
3619 1260 3783 1312 αὐτόν
3835 1257 3936 1312 εἶναι

2348 1357 2466 1423 περὶ
2528 1352 2708 1404 ἑαυτοῦ
2765 1359 3127 1424 μαρτυροῦντα
3196 1354 3260 1411 ὡς
3315 1353 3633 1425 οἶνθρωπον’
3700 1350 3842 1409 οὗτος
3895 1345 3936 1399 δὲ

2349 1440 2639 1493 τούναντίον
2695 1441 2858 1512 ἔλεγεν
2917 1439 3220 1502 ἀξιόπιστον
3265 1440 3447 1492 ἑαυτὸν
3493 1443 3564 1500 ὡς
3624 1444 3771 1493 Θεόν.
3815 1445 3936 1511 Πρῶ-

2347 1549 2433 1582 τον
2499 1532 2588 1602 μὲν
2654 1526 2741 1581 οὖν
2812 1529 3060 1582 κὰτίλυσε
3114 1535 3206 1587 τὴν
3267 1529 3626 1602 μελετωμένην
3704 1527 3932 1580 ἀντίθεσιν

2349 1618 2536 1685 αὐτῶν,
2597 1618 2752 1670 εἰπὼν
2804 1619 2924 1689 ὅπερ
2983 1617 3137 1669 εἰπεῖν
3205 1616 3566 1689 ἐνεθυμοῦντο,
3622 1622 3718 1668 καὶ
3786 1612 3936 1677 δείξας

585 1709 792 1765 dicens
816 1709 875 1764 id
899 1707 1062 1781 quod
1091 1709 1201 1780 ipsi
1244 1709 1438 1762 dicere
1484 1707 1800 1779 parabant,
1835 1713 1888 1762 et
1919 1709 2236 1762 ostendens

2349 1707 2429 1759 ὅτι
2457 1713 2704 1778 γινώσκει
2733 1709 2829 1768 τὰς
2859 1703 3096 1766 διανοίας
3150 1706 3335 1758 αὐτῶνθ
3384 1703 3496 1759 εἶτα
3548 1712 3645 1758 καὶ
3690 1709 3932 1779 μάρτυρας

584 1799 750 1871 quod
762 1799 1148 1868 cogitationes
1169 1813 1372 1851 eorum
1395 1804 1798 1866 cognosceret.
1825 1797 2048 1851 Deinde
2060 1798 2237 1853 etiam

584 1894 761 1944 testes
792 1887 1035 1942 adducit
1056 1887 1419 1949 manifestos,
1453 1891 1509 1940 et
1537 1887 1758 1957 quibus
1785 1887 2110 1941 contradici
2139 1903 2236 1942 ne-

583 1982 764 2049 queat
787 1977 1130 2038 :Joannem,
1145 1991 1329 2045 opera
1352 1975 1686 2045 propria,ac
1704 1975 1959 2030 Patrem.
1977 1975 2237 2030 Primum

584 2072 784 2121 autem
816 2066 984 2136 ponit
1029 2063 1280 2118 debilius
1335 2064 1733 2118 testimonium
1776 2070 1919 2134 puta
1957 2064 2228 2120 Joannis.

654 2155 819 2209 Vers.
868 2157 954 2208 32.
989 2153 1143 2206 Atius
1169 2182 1238 2191 -—
1277 2167 1383 2207 me.
1415 2151 1546 2206 Scio
1602 2151 1784 2216 hunc,
1818 2153 2028 2224 inquit,
2079 2153 2238 2224 quod

584 2243 747 2315 apud
773 2257 984 2297 omnes
1018 2241 1091 2296 sit
1115 2241 1232 2296 ﬁde
1262 2241 1506 2310 dignus,
1537 2256 1753 2314 nempe
1793 2241 2084 2312 propheta
2116 2242 2236 2312 Dei,

581 2339 638 2389 et
666 2332 840 2388 aDeo
882 2330 1198 2402 accipiens,
1232 2346 1368 2402 quae
1405 2330 1683 2402 loquitur.
1720 2331 1963 2396 Deinde,
1997 2347 2072 2385 ne
2102 2332 2236 2403 quis

581 2426 850 2494 opponat
877 2421 1082 2476 dicens
1115 2436 1127 2474 :
1174 2419 1327 2484 Quid
1356 2419 1400 2474 si
1434 2420 1510 2475 ad
1541 2420 1792 2489 gratiam
1827 2420 2237 2476 testimonium

579 2509 880 2582 perhibuit
907 2507 936 2562 Τ
964 2509 1119 2564 hanc
1144 2509 1321 2564 etiam
1355 2508 1499 2563 tollit
1527 2508 1922 2579 objectionem
1977 2509 2184 2564 dicens
2220 2525 2232 2564 :

649 2602 807 2655 Vers.
837 2598 922 2654 33.
963 2599 1065 2653 Vos
1093 2629 1162 2638 —
1192 2599 1454 2655 veritati.
1507 2598 1569 2652 In
1606 2599 1942 2669 primordiis
1976 2598 2236 2670 Evange-

576 2688 636 2744 lii
665 2689 755 2744 sui
785 2694 922 2760 post
948 2703 1284 2743 sermonem
1317 2687 1390 2742 de
1420 2687 1539 2743 Deo
1565 2688 1860 2754 habitum,
1895 2688 2036 2742 dixit
2059 2704 2235 2744 evan-

576 2777 785 2846 gelista
813 2793 824 2830 :
866 2776 1364 2832 Miseruntludaei
1391 2777 1465 2832 ab
1481 2777 2235 2847 Hierosolymissacerdotes

575 2874 625 2922 et
659 2867 866 2923 levitas
889 2873 952 2921 ut
983 2867 1408 2936 interrogarent
1439 2882 1570 2921 eum
1602 2882 1613 2921 :
1648 2868 1731 2921 Tu
1764 2868 1890 2938 quis
1919 2884 1973 2922 es
2003 2871 2031 2922 Σ)
2055 2872 2110 2922 et
2136 2883 2237 2925 σω-

573 2962 700 3011 tera
729 2956 798 3008 ³⁸.
831 2957 991 3009 Tunc
1019 2969 1160 3023 ergo
1201 2954 1388 3010 multa
1412 2960 1468 3010 et
1505 2971 1727 3024 magna
1765 2955 2118 3010 testiﬁcatus
2145 2961 2236 3010 est

573 3043 644 3098 de
667 3043 912 3139 Christo.
947 3043 1082 3099 Ideo
1116 3059 1275 3099 nunc
1323 3045 1509 3099 dicit:
1563 3044 1678 3099 Vos
1720 3044 1963 3100 misistis
2007 3045 2086 3100 ad
2133 3047 2233 3101 Jo—
2273 3082 2312 3139 Ο

573 3147 816 3199 annem,
846 3133 1274 3203 interrogantes
1305 3149 1443 3188 eum
1475 3150 1492 3192 :
1523 3148 1643 3188 non
1671 3138 1873 3190 autem
1906 3135 2231 3202 misissetis,

572 3221 692 3279 nisi
715 3238 852 3277 eum
892 3221 1010 3276 ﬁde
1031 3221 1282 3290 dignum
1312 3222 1745 3292 cognovissetis
1780 3239 1793 3289 ;
1831 3223 2233 3278 testimonium

573 3326 715 3382 ergo
746 3311 874 3381 ejus
895 3310 1155 3367 refellere
1172 3327 1293 3368 non
1325 3313 1596 3384 potestis.

642 3491 806 3546 Vere.
834 3493 922 3546 34.
974 3492 1091 3561 Ego
1119 3520 1184 3530 —
1217 3490 1458 3560 accipio.
1521 3492 1642 3546 Hoc
1703 3494 1809 3553 est,
1855 3491 2114 3547 humano
2155 3496 2232 3546 te-

571 3579 850 3635 stimonio
877 3594 998 3634 non
1024 3579 1289 3649 indigeo,
1317 3595 1453 3634 cum
1482 3580 1590 3634 sim
1627 3581 1799 3634 Deus.
1837 3582 1898 3634 Et
1922 3580 2231 3652 quomodo

570 3668 632 3722 in
664 3667 1066 3723 testiinonium
1098 3668 1347 3723 adduxit
1375 3671 1686 3733 Joannem,
1716 3668 1815 3740 qui
1841 3669 2023 3724 homo
2050 3668 2228 3725 erat?

570 3756 840 3812 Primum
870 3756 1130 3829 quidem,
1183 3757 1329 3828 quia
1359 3758 1767 3814 testimonium
1799 3759 1927 3828 ejus
1951 3773 2072 3813 non
2105 3763 2230 3813 erat

571 3846 778 3918 ipsius,
814 3846 916 3901 sed
947 3847 1066 3902 Dei.
1098 3847 1188 3902 Ait
1215 3847 1374 3901 enim
1408 3864 1420 3901 :
1459 3847 1568 3912 Qui
1605 3850 1751 3903 misit
1795 3863 1887 3903 me
1917 3849 1998 3904 ad
2043 3848 2230 3916 bapti-

570 3936 818 3992 zandum
843 3935 905 3990 in
931 3952 1104 4006 aqua,
1133 3935 1404 4003 ipsemihi
1427 3936 1584 3992 dixit
1612 3938 1681 3990 9°.
1705 3937 1925 3993 Deinde
1952 3941 2006 3992 et
2045 3937 2227 3992 aliam

571 4027 740 4096 ponit
768 4040 1036 4080 causam.
1069 4023 1214 4078 Vide
1253 4024 1432 4078 enim.

645 4114 806 4168 Vers.
838 4116 926 4167 34.
955 4113 1072 4168 Sed
1102 4143 1167 4152 —
1207 4113 1356 4168 salvi
1384 4113 1532 4168 sitis.
1583 4117 1706 4170 Non
1741 4116 1900 4187 quod
1931 4115 2222 4180 humano,

572 4203 786 4274 inquit,
820 4217 1026 4273 egeam
1058 4203 1411 4267 testimonio,
1442 4202 1546 4258 sed
1590 4204 1664 4258 de
1693 4205 1932 4260 Joannis
1965 4205 2227 4260 testimo-

570 4289 672 4348 nio
698 4289 1133 4361 dispensatorie
1163 4291 1374 4361 loquor
1422 4309 1435 4346 :
1472 4297 1534 4346 ut
1571 4293 1623 4347 ei
1663 4293 1985 4358 credentes,
2030 4294 2130 4364 qui
2172 4300 2228 4348 et

571 4384 678 4442 est,
707 4383 764 4435 et
788 4378 955 4434 vobis
985 4386 1233 4450 apparet
1258 4380 1374 4435 ﬁde
1404 4381 1638 4451 dignus,
1669 4381 1815 4435 salvi
1845 4381 1986 4436 sitis.

643 4468 802 4524 Vers.
835 4468 924 4523 35.
950 4469 1140 4523 Itte—
1159 4469 1377 4525 lucens.
1405 4469 1671 4524 Lucerna
1695 4485 1998 4525 accensaa
2024 4469 2226 4526 divino
2261 4451 2303 4505 D

572 4557 812 4630 Spiritu,
843 4563 900 4613 et
928 4557 1131 4612 lucens
1159 4559 1248 4612 his
1269 4558 1370 4630 qui
1405 4559 1463 4613 in
1492 4557 1750 4613 tenebris
1780 4564 1948 4613 erant
1979 4559 2224 4630 peccati.

574 4649 900 4703 Lucernam
915 4653 1112 4702 autem
1127 4664 1263 4702 eum
1287 4648 1517 4702 vocavit
1533 4653 1816 4719 tanquam
1844 4647 2223 4703 obscuratum

571 4735 877 4792 excellenti
906 4735 1130 4790 lumine
1162 4735 1311 4790 Solis
1353 4735 1617 4807 justitiae.
1651 4737 1778 4808 Ipse
1820 4737 2112 4808 siquidem
2149 4738 2223 4791 de

572 4824 797 4880 Christo
823 4824 1096 4880 dicebat:
1132 4825 1312 4880 Illum
1341 4831 1562 4895 oportet
1599 4840 1866 4891 crescere,
1900 4841 1988 4882 me
2025 4833 2222 4882 autem

569 4930 770 4970 mmuz.

643 5090 838 5147 Aliam
868 5107 1106 5166 quoque
1131 5091 1206 5148 ob
1236 5108 1482 5149 causam
1515 5091 1834 5165 appellavit
1861 5108 2000 5147 eum
2033 5091 2219 5148 lucer-

572 5195 741 5248 nam,
764 5181 908 5254 quia
932 5181 1204 5239 videlicet
1245 5198 1369 5238 non
1400 5198 1471 5238 ex
1504 5199 1566 5238 se
1594 5182 1878 5238 doctrinas
1898 5180 2096 5237 lucem
2124 5181 2229 5238 ha-

643 5348 691 5387 ”
721 5348 890 5411 Joan.
915 5367 1032 5426 vni,
1067 5354 1151 5409 l2.
1227 5353 1275 5389 ⁹⁶
1307 5350 1456 5408 Ibid.
1491 5351 1577 5408 13.
1690 5352 1735 5386 97
1765 5348 2028 5407 Ibid-14.

2107 5352 2153 5387 ³⁸
2184 5353 2353 5408 Joan.
2382 5352 2538 5422 1,19.

2347 1798 2569 1871 παράγει
2601 1802 2780 1867 σαφεῖς
2805 1799 2894 1846 καὶ
2928 1793 3331 1869 ἀναντιῤῥήτους
3372 1803 3535 1868 τρεῖς,
3579 1799 3665 1848 τὸν
3699 1795 3929 1850 Ἰωάννην.

2347 1888 2413 1936 τὰ
2447 1886 2613 1937 οἰκεῖα
2641 1888 2786 1958 ἔργα,
2819 1889 2909 1936 καὶ
2937 1887 3023 1936 τὸν
3049 1889 3272 1958 Πατέραο
3308 1891 3526 1958 Πρώτην
3560 1880 3625 1937 δὲ
3650 1887 3829 1940 τίθησι
3856 1886 3928 1938 τὴν

2349 1973 2533 2026 ἐλάττω
2562 1978 2873 2047 μαρτυρίαν,
2907 1975 3282 2031 τὴνοἽωάννου.

2420 2151 2598 2212 ’Ἄλλος
2645 2183 2712 2192 -—-
2769 2150 2913 2224 ἐμοῦ.
2973 2148 3113 2204 Οἶδα
3169 2160 3342 2217 τοῦτο,
3400 2157 3558 2224 φησὶ,
3623 2149 3761 2204 διότι
3807 2151 3924 2222 παρὰ

2347 2243 2549 2292 πάντων
2592 2243 2706 2311 ἔχει
2749 2244 2806 2292 τὸ
2857 2239 3177 2308 ἀξιόπιστον,
3233 2245 3302 2302 ὡς
3347 2246 3628 2315 προφήτης
3685 2248 3809 2294 Θεοῦ
3849 2243 3917 2289 καί

2347 2330 2448 2381 ὑπό
2505 2333 2631 2382 Θεοῦ
2684 2328 3032 2402 ἐνηχούμενος
3086 2328 3122 2382 ἃ
3178 2331 3473 2401 φθέγγεται.
3539 2327 3670 2384 Εἶτα
3739 2330 3814 2380 ἵνα
3858 2330 3913 2398 μὴ

2349 2417 2613 2476 ἀντιθὴσει
2655 2437 2765 2479 τις·
2799 2423 2861 2470 Τί
2909 2415 3017 2484 οὖν,
3067 2419 3112 2471 εἰ
3157 2423 3283 2494 πρὸς
3325 2422 3490 2492 χάριν
3544 2421 3910 2493 μεμαρτύρηκες

2345 2514 2650 2581 προαναιρεῖ
2672 2513 2757 2560 καὶ
2789 2510 2982 2566 ταύτην
3015 2512 3106 2566 τὴν
3139 2507 3416 2574 ἀντίθεσιν,
3447 2507 3634 2580 λέγων.

2415 2597 2579 2669 Ὑμεῖς
2655 2627 2721 2637 -
2787 2595 3022 2669 ἀληθείᾳ.
3108 2598 3186 2650 Ἐν
3274 2604 3592 2670 προοιμίοις,
3661 2599 3780 2670 μετά
3835 2598 3903 2650 τήν

2348 2685 2610 2756 θεολογίαν
2666 2691 2822 2756 φησὶν
2867 2687 2892 2738 ὁ
2936 2685 3326 2757 εὐαγγελιστὴς,
3377 2688 3460 2739 ὅτε
3513 2688 3631 2759 (21)
3681 2687 3899 2737 Ἀπέστει-

2345 2772 2434 2825 λαν
2501 2777 2550 2826 οἱ
2614 2771 2866 2828 Ἰουδαῖοι
2920 2774 2973 2838 ἐξ
3027 2775 3394 2850 Ἱεροσολύμων
3459 2778 3621 2851 ἱερεῖς
3677 2780 3757 2827 καὶ
3803 2779 3895 2825 Aw-

2347 2865 2460 2925 ῖτας
2523 2866 2604 2915 ἱνα
2668 2862 2997 2938 ἐρωτήσωσιν
3055 2864 3231 2932 αὐτὸν,
3295 2869 3361 2917 Σὺ
3434 2871 3519 2928 τίς
3587 2864 3665 2931 εἰ;
3724 2867 3796 2914 καὶ
3849 2861 3890 2909 τά

2346 2952 2502 3014 ἐξῆς’
2543 2959 2656 3005 τότε
2699 2949 2787 3004 οὖν
2837 2951 3164 3028 ἐμαρτύρησε
3209 2959 3328 3028 περὶ
3374 2961 3466 3006 τοῦ
3517 2960 3745 3029 Χριστοῦ
3774 2947 3886 3002 πολλὰ

2345 3045 2434 3092 καὶ
2481 3041 2702 3110 μεγάλα.
2759 3044 2856 3094 Διά
2912 3050 3066 3094 τοῦτο
3113 3041 3249 3114 λέγει
3297 3050 3404 3112 νῦν,
3458 3042 3635 3116 Ὑμεῖς
3688 3035 3875 3094 ἄπιστα]-

2343 3149 2468 3182 κατε
2527 3133 2652 3202 πρὸς
2720 3130 2958 3189 Ἰωάννην
3025 3131 3339 3193 ἐρωτῶντες·
3426 3133 3527 3184 οὐκ
3608 3133 3668 3184 ἀν
3725 3127 3767 3182 δὲ
3805 3123 3864 3173 ἐπ’

2345 3218 2620 3290 εστείλατε,
2671 3224 2713 3272 εὶ
2769 3225 2841 3292 μὴ
2884 3219 3188 3284 ἀξιόπιστον
3219 3220 3376 3273 αὐτὸν
3433 3220 3747 3292 ίγινώσκετι.
3783 3221 3863 3266 Δθι·

2343 3313 2438 3360 πὸν
2482 3306 2568 3361 οὖν
2617 3309 2675 3361 οὐ
2731 3306 2960 3363 δύνασθε
3002 3310 3458 3384 παραγράψασθαι
3504 3317 3606 3372 τὴν
3656 3305 3875 3382 μαρτνρω

2343 3398 2524 3450 αὑτοῦ.

2411 3488 2546 3558 Ἐγὼ
2620 3519 2685 3528 -
2744 3486 3007 3560 λαμϐάνω.
3081 3492 3378 3557 Τουτέστιν,
3442 3489 3544 3542 οὐκ
3625 3484 3885 3560 ἀνθρωπίνης

2338 3582 2626 3652 μαρτυρίας
2676 3573 2862 3648 δέομαι
2903 3580 3031 3639 Θεὸς
3091 3582 3179 3631 ὧν.
3238 3583 3338 3630 Καὶ
3391 3586 3499 3640 πῶς
3558 3582 3642 3632 τὸν
3697 3575 3883 3627 Ἰωάννην

2338 3668 2582 3739 μάρτυρα
2653 3668 2926 3740 παράγεις,
3010 3668 3279 3739 ἄνθρωπον
3349 3670 3511 3734 ὄντας
3592 3673 3757 3740 Πρῶτοι
3801 3661 3886 3730 μὲν,

2339 3751 2482 3806 διότι
2511 3757 2540 3812 ἡ
2569 3760 2836 3829 μαρτυρία
2865 3754 3024 3808 αὐτοῦ
3053 3755 3147 3807 οὐκ
3177 3752 3238 3813 ἦν
3271 3755 3453 3823 αὑτοῦ,
3483 3756 3618 3809 ἀλλὰ
3643 3761 3723 3807 τού
3763 3752 3883 3802 Θεοῦ.

2337 3840 2462 3896 Εἷπε
2519 3847 2640 3918 γὰρ,
2696 3846 2776 3896 ὅτι
2840 3843 2898 3897 Ὁ
2947 3843 3154 3917 πέμψας
3209 3864 3273 3917 με
3322 3843 3604 3916 βαπτίζειν
3651 3842 3695 3895 ἐν
3741 3835 3884 3897 ὕδατι,

2337 3932 2524 3996 ἐκεῖνός
2551 3953 2641 4005 μοι
2671 3930 2826 3988 εἶπεν.
2867 3927 3078 3987 Ἔπειτα
3109 3930 3168 3987 δὲ
3197 3936 3380 3992 τίθησι
3421 3939 3510 3986 καὶ
3555 3933 3700 3990 ἄλλην
3728 3927 3880 3980 αἰτίαν.

2332 4030 2470 4097 Ὀρα
2494 4025 2616 4097 γὰρ.

2407 4111 2562 4164 Ἀλλά
2588 4141 2653 4154 -
2680 4113 2899 4170 σωθῆτε.
2924 4111 3034 4164 Οὐκ
3061 4111 3383 4186 ἀνθρωπίνης
3403 4117 3690 4186 μαρτυρίας
3715 4103 3874 4175 δέομαι,

2337 4205 2516 4272 φησὶν,
2551 4198 2678 4252 ἀλλά
2710 4203 2776 4253 τὰ
2804 4205 2923 4272 περὶ
2962 4210 3058 4262 τῆς
3087 4206 3374 4276 μαρτυρίας
3401 4209 3494 4254 τοῦ
3528 4201 3742 4255 Ἰωάννου
3774 4193 3873 4260 λέγω

2337 4289 2688 4359 οἰκονομικῶς,
2743 4290 2824 4341 ἵνα
2853 4297 2924 4360 τῷ
2955 4294 3045 4342 καὶ
3090 4294 3196 4343 ὄντι
3226 4296 3316 4342 καὶ
3357 4287 3603 4344 δοκοῦντι
3639 4290 3739 4360 ὑμῖν
3768 4277 3872 4339 ἀξιο·

2336 4397 2510 4449 πιστῳ
2531 4380 2825 4451 πειθόμενοι
2858 4381 3080 4438 σωθῆτε.

2408 4468 2625 4528 Ἐκεῖνος
2689 4499 2758 4508 —
2819 4472 3030 4539 φαίνων.
3091 4467 3150 4521 Ὀ
3232 4469 3442 4541 λύχνος,
3518 4470 3546 4521 ό
3626 4459 3861 4525 ἀνακαιόμε·

2337 4577 2415 4618 νος
2452 4565 2524 4627 τῷ
2574 4561 2703 4631 πυρὶ
2758 4563 2851 4608 τοῦ
2906 4559 3046 4609 θείου
3099 4559 3392 4630 Πνεύματος
3444 4563 3535 4612 καὶ
3594 4559 3743 4631 φαίνων
3777 4545 3853 4631 ῖοῖῖ

2338 4644 2386 4696 ἐν
2416 4654 2487 4716 τῷ
2517 4650 2690 4698 σκότει
2730 4654 2822 4707 τῆς
2873 4645 3171 4719 ἁμαρτίας.
3211 4649 3416 4718 Λύχνεν
3447 4645 3509 4700 δὲ
3561 4647 3688 4700 αὑτὸν
3721 4631 3839 4724 itm;

2341 4753 2444 4800 σενι
2510 4737 2577 4796 ὡς
2644 4733 3017 4807 ἀμαυρωθέντα
3074 4743 3148 4806 τῷ
3216 4733 3584 4808 ὑπερϐάλλοντι
3627 4728 3718 4802 φωτὶ
3767 4729 3838 4812 m-

2333 4823 2505 4877 Ἡλίου
2553 4830 2648 4885 τῆς
2698 4819 3061 4886 δικαιοσύνης.
3115 4829 3247 4896 Ἔφη
3293 4826 3391 4897 γὰρ
3447 4825 3601 4886 αὐτὸς
3641 4815 3842 4897 περὶᾼτδυ

2336 4920 2586 4988 Χριστοῦ,
2645 4914 2725 4966 ὅτι
2774 4913 2990 4967 Ἐκεῖνον
3055 4909 3140 4966 δεῖ
3193 4911 3448 4986 αὐξάνειν,
3515 4914 3603 4987 ἐμὲ
3656 4901 3700 4959 ὃὶ
3739 4893 3850 4949 ἔλοπ’

2330 5005 2570 5058 τοῡσθαι.

2410 5095 2509 5144 Καὶ
2561 5091 2745 5164 ἑτέρως
2790 5087 2849 5145 δὲ
2907 5090 3099 5164 λύχνον
3163 5091 3317 5152 αὐτὸν
3381 5091 3655 5164 ὠνόμασεν,
3703 5082 3758 5139 ὡς
3806 5069 3856 5144 μή

2337 5182 2535 5234 οἴκοθεν
2565 5183 2758 5253 ἔχοντα
2784 5184 2841 5234 τὸ
2887 5189 2989 5254 φῶς
3033 5191 3130 5246 τῆς
3163 5174 3538 5248 ιδασκαλίας,
3594 5175 3686 5234 ἀλλ’
3727 5167 3864 5223 ἕντῆς

2617 5354 2662 5387 θ’
2692 5351 2838 5422 Ibid,
2870 5355 2963 5411 33.
3047 5353 3066 5390 ³
3097 5353 3264 5410 Joan.
3292 5367 3373 5420 in,
3415 5355 3502 5410 30.

1788 5529 2007 5602 Variae
2039 5530 2365 5603 lectiones
2395 5541 2461 5601 et
2497 5541 2696 5600 notae.

635 5672 752 5765 ('21)
781 5690 900 5748 Ὀτι
929 5677 987 5750 B’.
