4120 6310
353 246 492 309 i229

344 380 565 453 χάριτος
616 385 706 431 τοῦ
754 378 905 451 ἁγίου
956 380 1268 450 Πνεύματος.
1302 376 1466 450 Οἶμαι
1498 375 1576 446 δὲ,
1621 383 1734 454 περὶ
1764 398 1949 432 τουτου
1984 381 2029 433 Α

345 474 560 540 προεῖπε
591 463 685 520 διὰ
723 475 810 521 τοῦ
852 465 1017 521 Δαυίὸ
1051 470 1076 519 ό
1117 472 1259 528 Θεός’
1307 467 1599 539 Ἠτοίμασα
1641 468 1832 539 λύχνον
1877 476 1949 538 τῷ

348 564 565 628 Χριστῷ
595 576 714 629 μου.

417 644 585 716 Ὑμεῖς
667 676 722 686 -
808 646 986 698 αὐτοῦ.
1062 646 1391 699 Καθάπτεται
1453 647 1664 708 τούτων,
1741 648 1805 705 ὡς
1873 651 1943 717 μὴ

347 737 515 805 μέχρι
556 734 729 796 τελους
770 734 1109 807 τηρησάντων
1149 734 1290 804 αύτῷ
1330 739 1423 792 τὴν
1473 731 1733 792 σπουδήν.
1795 735 1947 787 Ἤθε-

346 821 543 880 λήσατε
584 825 706 898 γὰρ,
741 829 915 894 φησὶν,
965 822 1377 894 ἀγαλλιασθῆναι
1425 826 1554 895 πρός
1606 827 1783 896 καιρόν
1835 843 1949 875 τινα

348 910 398 963 ἐν
428 920 499 983 τῷ
545 917 673 984 φωτὶ
702 921 798 974 τῆς
847 909 1201 973 διδασκαλίας
1254 912 1433 976 αὐτοῦ,
1486 914 1565 964 ὅτε
1620 914 1947 983 πανταχόθεν

347 1002 532 1061 πάντες
574 1005 699 1073 πρὸς
752 1002 906 1053 αὐτόν
956 1006 1289 1076 συνετρέχετε
1322 1020 1335 1035 ο
1392 999 1503 1053 εἶτα
1558 1000 1943 1073 ἐψυχράνθητε,

349 1089 395 1142 εἰ
436 1094 525 1141 καὶ
564 1095 726 1162 μέχρι
765 1098 849 1141 νῦν
883 1090 1171 1161 θαυμάζετε
1204 1097 1404 1144 τοῦτον.
1454 1090 1513 1142 Εἰ
1563 1092 1665 1163 γὰρ
1704 1094 1772 1161 μὴ
1822 1087 1949 1159 ἐψυ-

345 1181 637 1252 χράνθητε,
716 1181 921 1240 πάντως
1000 1178 1058 1230 ἆν
1140 1178 1480 1231 ἐπιστεύσατε
1550 1186 1611 1250 τῇ
1687 1183 1949 1252 μαρτυρίᾳ

351 1267 510 1320 αὐτοῦ
545 1285 557 1297 ·
615 1267 891 1340 ἐλέγχεσθε
943 1265 1029 1320 οὖν
1104 1272 1189 1320 τὸν
1269 1269 1425 1321 αὐτὸν
1492 1273 1581 1319 καὶ
1647 1266 1947 1330 ἀξιόπιστον

350 1356 717 1429 ὁμολογοῦντες
795 1362 884 1410 καὶ
971 1362 1042 1429 μὴ
1125 1359 1452 1418 πιστεύοντες
1550 1365 1609 1429 τῇ
1689 1360 1951 1431 μαρτυρίᾳ

349 1446 531 1500 αύτοῦ.

422 1535 553 1605 Ἐγὼ
611 1566 678 1574 -
740 1533 1048 1589 ἀπέσταλκε.
1111 1540 1215 1593 Τὴν
1269 1538 1359 1608 μὲν
1410 1537 1511 1609 ’γὰρ
1568 1542 1658 1587 τοῦ
1712 1535 1948 1588 Ἰωάννου

349 1627 643 1699 μαρτυρίαν
699 1620 931 1681 ἠδύνατό
1003 1642 1084 1685 τις
1155 1620 1419 1677 διαϐαλεῖν
1474 1626 1541 1685 ὡς
1616 1626 1739 1695 πρὸς
1788 1623 1949 1695 χάριν

348 1716 713 1784 γεγενημένην,
744 1717 917 1764 καὶτοι
947 1708 1071 1765 οὐδε
1111 1721 1258 1765 τοῦτο
1314 1713 1433 1775 ἐξῆν
1487 1711 1642 1763 εἰπεῖν
1692 1711 1808 1763 κατ’
1865 1710 1949 1761 ἀν·
1986 1730 2029 1785 Β

354 1798 480 1873 δρὸς
554 1804 685 1873 μετὰ
758 1803 936 1864 πάσης
1013 1801 1278 1874 ἀκριϐείας
1369 1802 1786 1873 φιλοσοφοῦντος,
1863 1804 1952 1851 καὶ

356 1885 562 1962 σφόδρα
595 1892 977 1962 Θαυμασθέιτος
1014 1891 1207 1951 αὐτοῖς·
1254 1893 1321 1942 τὰ
1350 1887 1408 1943 δὲ
1455 1894 1585 1963 ἔργα
1632 1891 1805 1949 πάσης
1858 1890 1952 1939 ὑπ-

350 1978 504 2048 οψίας
571 1978 940 2051 ἀπηλλαγμένα
994 1987 1094 2032 πᾶν
1138 1981 1412 2053 ἐμφράττει
1440 1985 1613 2051 στόμα
1650 1977 1950 2050 φιλόνεικον,

352 2069 511 2138 ἤγουν
574 2068 682 2139 (2'2)
742 2070 771 2125 ἡ
847 2076 938 2121 τοῦ
1020 2068 1317 2140 παραλύτου
1379 2067 1678 2139 σύσφιγξις,
1745 2070 1835 2117 καὶ
1890 2068 1956 2116 τὰ

350 2156 508 2207 λοιπὰ
567 2158 856 2228 θαύματασ
903 2157 1025 2230 παρ’
1082 2157 1261 2219 αὐτοῖς
1320 2160 1473 2208 ὄντων
1530 2152 1596 2213 δὴ
1656 2164 1754 2207 τῶν
1812 2156 1955 2226 θερα-

354 2247 638 2297 πευθέντων
669 2250 758 2298 καὶ
783 2246 1240 2319 πληροφορούντων
1273 2245 1486 2307 αύτούς,
1525 2245 1687 2310 Αύτὰ,
1717 2248 1868 2315 φησὶ,
1890 2245 1957 2295 τὰ

354 2336 499 2408 ἔργα,
532 2333 566 2385 ἃ
595 2333 694 2406 ἐγὼ
713 2344 865 2404 ποιῶ,
906 2343 1177 2410 μαρτυρεῖ,
1210 2340 1327 2410 περὶ
1354 2337 1498 2407 ἐμοῦ,
1533 2335 1611 2386 ὅτι
1634 2335 1658 2384 ό
1683 2337 1861 2405 Πατήρ
1894 2351 1956 2404 με

355 2421 672 2475 ἀπέσταλκεν
682 2464 694 2475 .

425 2512 536 2564 Οὐκ
592 2510 701 2565 εἶπε
758 2509 837 2579 δὲ,
892 2515 1161 2589 Μαρτυρεῖ
1207 2515 1287 2565 ὃτι
1324 2516 1441 2573 ἴσος
1488 2512 1592 2583 εἰμί
1637 2519 1707 2581 τῷ
1767 2514 1953 2584 Ιιατρὶ,

356 2600 486 2668 ἀλλ’,
530 2603 610 2654 ὅτι
650 2602 707 2653 Ὀ
759 2606 938 2674 Πατήρ
978 2621 1041 2671 με
1094 2600 1399 2654 ἀπέσταλκε·
1454 2605 1626 2651 καίτοι
1668 2604 1757 2650 καὶ
1804 2606 1956 2650 τοῦτο

355 2690 559 2743 κάκεῖνο
602 2690 921 2763 ἐπαρτύρουν
961 2691 1114 2761 ὅμως,
1166 2689 1209 2740 εἰ
1262 2689 1372 2757 (23)
1418 2692 1507 2738 καὶ
1556 2690 1731 2758 μεῖζον
1779 2683 1839 2744 ἧν
1897 2689 1955 2737 τό

355 2780 697 2838 πιστευθῆναι
760 2781 841 2829 ὅτι
893 2780 1007 2838 ἶσος
1065 2776 1175 2829 ἐστὶ
1230 2786 1301 2846 τῷ
1360 2780 1545 2849 Πατρὶ,
1608 2773 1734 2825 ἀλλά
1786 2793 1844 2845 γε
1896 2777 1953 2825 τό

355 2869 505 2926 ἧττον
541 2869 759 2919 τέθεικεν
801 2868 869 2927 ὡς
898 2865 1130 2938 μάλιστα
1182 2871 1469 2921 τηνικαῦτα
1509 2859 1953 2933 σπουδαζόμενον.

358 2953 620 3008 Ἐϐούλετο
645 2956 743 3027 γὰρ
776 2962 973 3028 πρῶτον
1000 2955 1344 3011 πιστευθῆναι
1388 2954 1468 3004 ὅτι
1511 2954 1536 3003 ό
1568 2956 1688 3013 Θεὸς
1722 2950 1958 3004 ἀπέστει-

354 3043 433 3096 λεν
461 3043 636 3098 αὐτόν.
661 3045 857 3096 Τούτου
887 3045 988 3117 γὰρ
1020 3044 1379 3103 πιστευθέντος
1409 3045 1574 3094 καὶτὸ
1603 3040 1723 3093 ἀλλο
1768 3037 1955 3116 ιον
1990 3082 2029 3137 C

362 3130 385 3148 ιν

358 3154 438 3192 ην.

429 3221 591 3277 Ἀλλὰ
628 3230 737 3283 πῶς
782 3224 848 3274 τὰ
898 3224 1024 3295 ἔργα
1065 3219 1384 3295 ἐμαρτύρουν
1424 3222 1503 3273 ὅτι
1551 3220 1577 3271 ὀ
1629 3223 1753 3280 Θεὸς
1799 3219 1954 3273 αὐτόν

357 3312 707 3379 ἀπέσταλκε-ις
760 3310 849 3374 Ὠς
897 3330 1057 3383 μονης
1114 3313 1239 3383 ἔργα
1297 3313 1435 3370 θείας
1492 3306 1780 3381 δυνάμεως.
1835 3318 1957 3362 Τοι-

356 3411 489 3455 αῦτα
534 3405 635 3475 γὰρ
686 3400 911 3463 ἀντίθεος
950 3407 1111 3452 ποιεῖν
1160 3399 1252 3451 ούκ
1301 3396 1553 3458 ἠδύνατο.
1604 3398 1663 3451 Εἰ
1708 3401 1809 3472 γὰρ
1867 3404 1956 3452 καὶ

354 3500 464 3553 τοῖς
495 3493 756 3563 θαύμασιν
807 3489 1056 3542 ἀντειπεῖν
1111 3487 1477 3560 ἀναισχύντως
1524 3487 1832 3558 ἐτόλμησαν,
1893 3490 1958 3548 ὡς

355 3580 403 3632 ἐν
432 3586 502 3649 τῷ
536 3578 751 3648 εἰκοστῴ
800 3574 1023 3651 δευτέρῳ
1067 3577 1324 3649 κεφαλαίῳ
1372 3585 1463 3628 τοῦ
1512 3578 1646 3627 κατὰ
1692 3579 1957 3628 Ματθαῐον

358 3671 644 3740 ἱστόρηται,
684 3666 930 3736 λέγοντες·
978 3665 1139 3725 Οὗτος
1169 3665 1262 3717 ούκ
1312 3664 1541 3716 ἐκϐάλλει
1592 3668 1653 3716 τὰ
1692 3663 1955 3736 δαιμόνια,

355 3758 398 3809 εἰ
428 3762 497 3828 μὴ
530 3755 576 3807 ἐν
625 3763 695 3826 τῷ
732 3754 1031 3814 Βεελζεϐού).
1073 3755 1294 3826 ἄρχοντι
1344 3762 1442 3805 τῶν
1489 3750 1791 3826 δαιμονίων·
1854 3753 1967 3806 ἀλλ’

356 3841 442 3897 οὖν
463 3848 665 3916 ταχέως
694 3843 1150 3916 ἰπεστομίσθησαν
1178 3842 1279 3895 ἐκεῖ
1305 3848 1394 3895 καὶ
1425 3845 1594 3915 μάτην
1622 3842 1963 3916 φλυαροῦντες

360 3934 723 4005 ὴλέγχθησαν.

433 4116 533 4164 Καὶ
582 4143 647 4152 -—-
698 4109 848 4184 ἐμοῦ.
908 4117 1015 4162 Ποῦ
1054 4112 1419 4184 μεμαρτύρηκε
1476 4114 1593 4184 περὶ
1646 4109 1961 4178 «6105;111:-

358 4200 513 4252 λωσει
563 4205 756 4275 προῖὼν
819 4200 899 4251 ὅτι
950 4197 998 4250 ἐν
1048 4205 1161 4260 ταῖς
1215 4205 1462 4271 Γραφαῑς.

847 4291 1211 4361 μεμαρτύρηκε

362 4378 521 4438 Οὗτός
590 4378 726 4430 ἐστιν
781 4378 805 4428 ὁ
854 4379 976 4437 Υἱός
1039 4395 1138 4448 μου
1197 4374 1546 4447 όάγαπητός,
1622 4376 1668 4427 ἐν
1726 4376 1764 4425 ὧ
1812 4374 1964 4429 εύὸό-

360 4435 518 4525 κησαν
551 4467 685 4539 (24).
736 4470 836 4518 Καὶ
892 4435 1049 4524 αὖθις.
1086 4435 1595 4538 μεταμορφουμένόυ.
1650 4463 1809 4517 Ἀλλὰ
1863 4464 1964 4537 βα·
1996 4435 2041 4489 D

364 4557 673 4628 πτιζομένου
722 4558 835 4628 μὲν,
890 4554 933 4606 εἰ
962 4558 1051 4605 καὶ
1101 4555 1353 4623 ἤκουσαν,
1402 4552 1759 4626 ἀμφέϐαλλον·
1806 4572 1962 4625 μετα-

1544 4204 1643 4250 Καὶ
1700 4203 1802 4270 μὴν
1873 4204 1962 4251 καὶ

362 4288 745 4362 βαπτιζομένου
847 4291 1211 4361 μεμαρτύρηκε
1306 4292 1423 4360 περὶ
1520 4287 1700 4353 αὐτοῦ,
1780 4286 1958 4359 λέγων·

362 4649 718 4721 μορφουμένου
756 4640 833 4709 δὲ,
885 4639 1007 4695 οὐδὲ
1045 4645 1279 4701 ἤκουσαν
1319 4641 1487 4696 αύτοί.
1550 4643 1645 4693 Διὰ
1686 4648 1838 4693 τοῦτο
1875 4643 1967 4703 τὰς

362 4736 610 4794 τοιαύτας
662 4736 951 4807 μαρτυρίας
1009 4726 1369 4805 παραδραμὼν
1420 4732 1553 4803 πρὸς
1611 4732 1703 4791 τὰς
1761 4733 1964 4802 Γραφὰς

366 4823 550 4883 αὐτοὺς
596 4824 948 4896 παραπέμπει,
1005 4821 1099 4880 τὰς
1150 4818 1198 4870 ἐν
1249 4824 1439 4892 χερσὶν
1507 4822 1664 4878 οὔσας
1731 4816 1808 4871 ἀεὶ
1876 4824 1966 4870 καὶ

366 4909 781 4985 ἁναντιῤῥήτους.
838 4908 994 4962 Ἀλλὰ
1048 4915 1200 4961 τοῦτο
1253 4910 1342 4979 μεν
1399 4915 1538 4959 ποιεῖ
1588 4912 1800 4982 προϊών.
1859 4914 1965 4959 Νῦν

368 4995 426 5053 δε
472 5001 554 5052 ῖνα
600 5002 671 5071 μὴ
706 5000 1067 5058 ἀπαιτήσωσιν
1118 4996 1270 5049 αύτόν
1329 4996 1620 5069 αύτόφωνον
1672 5003 1762 5050 καὶ
1814 4996 1963 5049 αύτο-

437 5208 460 5244 ²
490 5204 639 5264 Psal.
669 5220 861 5273 cxxxr,
895 5202 982 5259 17.
1062 5206 1080 5238 ³
1113 5202 1313 5262 Matth.
1339 5220 1438 5271 xu,
1472 5203 1561 5261 24.

1374 248 1743 309 COMMENT.
1785 253 1855 309 IN
1884 238 2225 311 JOANNEM.
2267 287 2333 299 _
2376 254 2532 315 CAP.
2574 256 2637 313 v.

3566 260 3715 317 1230

2058 378 2261 448 bebat,
2296 381 2475 438 sedex
2505 382 2698 452 gratia
2720 382 2911 439 sancti
2945 382 3215 456 Spiritus.
3245 384 3327 440 De
3364 384 3479 442 hoc
3509 392 3714 443 autem

2061 476 2121 523 ut
2145 471 2381 541 opinor,
2400 470 2787 543 prmdixitper
2816 487 2883 527 os
2898 471 3086 528 David
3112 490 3125 528 :
3157 474 3384 530 Paravi
3407 474 3714 533 lucernam

2061 557 2296 614 Christo
2321 575 2442 615 meo
2469 562 2510 613 ³.
3606 567 3611 577 ’

2128 645 2291 703 Vers.
2316 651 2402 702 35.
2443 647 2545 703 Vos
2567 679 2629 689 —
2651 650 2787 719 ejus.
2818 648 3103 721 Objurgat
3130 649 3258 715 hos,
3287 651 3453 724 quod
3476 667 3597 709 non
3618 669 3719 711 us-

2055 749 2172 805 que
2200 735 2277 790 ad
2325 734 2507 791 ﬁnem
2567 737 2831 792 studiose
2881 737 3048 792 illum
3088 738 3554 796 observaverint.
3606 743 3719 799 Vo-

2056 821 2265 888 luistis,
2298 824 2509 896 inquit,
2553 824 2821 897 quodam
2854 830 3119 897 tempore
3146 829 3440 886 exsultare
3484 831 3543 885 in
3585 830 3718 887 luce

2057 912 2340 967 doctrinas
2385 913 2565 981 illius,
2611 915 2859 986 quando
2911 931 3124 972 omnes
3160 918 3418 989 undique
3474 919 3544 975 ad
3577 934 3717 975 eum

2056 1002 2521 1067 concurrebatis,
2538 1008 2590 1057 et
2606 1003 2991 1074 postmodum
3015 1004 3339 1073 refrixistis,
3359 1023 3719 1079 quanquam

2056 1091 2344 1147 hactenus
2366 1091 2530 1147 illum
2550 1093 2931 1149 admiramini
2951 1094 3091 1149 :nisi
3122 1095 3281 1151 enim
3312 1096 3717 1167 refrixissetis,

2058 1179 2396 1236 testimonio
2429 1181 2629 1252 utique
2653 1181 2807 1236 illius
2851 1182 3276 1239 credidissetis.
3307 1185 3481 1255 Digni
3513 1186 3714 1258 igitur,

2057 1268 2217 1332 estis,
2250 1270 2352 1341 qui
2381 1269 2852 1340 redarguamini,
2882 1271 3045 1344 quod
3092 1271 3226 1329 licet
3267 1273 3429 1330 hunc
3480 1275 3597 1331 ﬁde
3639 1276 3723 1332 di-

2058 1371 2244 1425 gnum
2294 1358 2713 1423 conﬁteamini,
2776 1359 2905 1431 ejus
2936 1364 3136 1416 tamen
3201 1362 3542 1419 testimonio
3595 1379 3721 1421 non

2059 1444 2450 1501 credideritis.

2130 1535 2295 1589 Vers.
2329 1538 2418 1592 36.
2462 1536 2579 1606 Ego
2609 1566 2678 1575 —
2715 1536 2957 1596 miserit.
3014 1537 3321 1611 Siquidem
3365 1540 3613 1597 Joannis
3644 1544 3726 1597 te-

2060 1622 2405 1678 stimonium
2438 1629 2669 1695 poterat
2692 1624 2984 1697 quispiam
3017 1626 3392 1694 calumniari,
3426 1633 3719 1701 tanquam

2063 1712 2137 1766 ad
2161 1713 2413 1780 gratiam
2443 1712 2664 1767 factum
2698 1730 2711 1766 :
2761 1729 3114 1786 quanquam
3145 1715 3258 1771 hoc
3298 1732 3433 1772 vere
3453 1716 3568 1772 dici
3598 1733 3722 1773 non

2065 1806 2294 1871 poterat
2329 1801 2615 1856 adversus
2647 1801 2857 1866 virum,
2899 1803 3002 1874 qui
3054 1804 3218 1859 omni
3254 1821 3391 1861 cum
3417 1806 3726 1875 diligentia

2063 1905 2171 1944 suo
2201 1889 2561 1958 fungebatur
2591 1906 2858 1959 munere,
2882 1898 2938 1946 et
2967 1894 3120 1963 apud
3149 1908 3359 1948 omnes
3386 1894 3723 1951 vehementi

2062 1975 2122 2031 in
2181 1977 2577 2032 admiratione
2623 1977 3000 2034 habebatur:
3054 1996 3259 2036 verum
3315 1998 3499 2052 opera
3556 1982 3723 2038 omni

2063 2065 2404 2136 suspicione
2427 2065 2634 2133 libera,
2654 2072 3004 2123 cunctorum
3024 2085 3131 2124 ora
3152 2074 3517 2127 contentiosa
3553 2071 3726 2126 obtu-

2062 2154 2297 2222 rabant,
2353 2160 2498 2225 puta
2566 2155 2876 2227 paralytici
2945 2158 3341 2225 conﬁrmatio,
3393 2165 3725 2230 caeteraque

2065 2243 2351 2299 miracula
2384 2262 2396 2298 :
2431 2260 2569 2299 cum
2594 2245 2755 2316 apud
2774 2260 2875 2300 eos
2898 2253 3092 2301 essent
3113 2247 3215 2318 qui
3244 2248 3428 2303 curati
3451 2254 3637 2313 erant,
3667 2253 3726 2304 et

2064 2331 2307 2403 plenam
2339 2331 2422 2386 eis
2448 2332 2629 2387 ﬁdem
2650 2331 2967 2389 faciebant.
3003 2335 3217 2403 Opera,
3253 2334 3593 2408 inquitquz
3621 2352 3726 2408 ego

2059 2421 2242 2489 facio,
2278 2420 2663 2487 testiﬁcantur
2714 2420 2779 2476 de
2826 2437 2934 2486 me,
2967 2423 3117 2491 quod
3137 2423 3323 2479 Pater
3355 2424 3582 2480 miserit
3610 2441 3721 2481 me.

2137 2511 2264 2562 Non
2279 2507 2669 2562 dixitautem:
2698 2507 3125 2578 Testiﬁcantur,
3154 2512 3319 2582 quod
3344 2512 3722 2583 aequalissim

2066 2596 2236 2662 Patri,
2292 2595 2415 2660 sed,
2459 2597 2615 2666 quod
2638 2598 2812 2652 Pater
2866 2597 3087 2653 miserit
3134 2614 3245 2655 me.
3277 2600 3451 2672 Atqui
3501 2604 3557 2657 et
3587 2600 3721 2669 hoc,

2065 2683 2779 2740 etilludtestiticabantur.
2796 2686 3016 2741 Verum
3036 2687 3142 2741 etsi
3157 2688 3353 2758 majus
3367 2692 3491 2744 erat
3523 2696 3723 2745 utcre-

2044 2772 2299 2855 lderetur
2338 2773 2586 2844 aequalis
2632 2788 2762 2829 esse
2806 2775 2979 2842 Patri,
3026 2775 3223 2831 minus
3255 2782 3457 2833 tamen
3502 2779 3722 2850 posuit,

2064 2876 2280 2933 nempe
2297 2861 2356 2916 id
2373 2861 2537 2934 quod
2568 2866 2706 2918 tunc
2729 2865 2986 2921 maxime
3016 2864 3458 2922 intendebatur.
3477 2866 3725 2925 Volebat

2063 2966 2329 3022 namque
2391 2952 2579 3023 primo
2631 2952 2811 3019 credi,
2890 2953 3054 3025 quod
3087 2969 3148 3009 se
3190 2956 3342 3009 Deus
3419 2956 3720 3023 misisset;

2064 3040 2179 3096 hoc
2198 3040 2358 3095 enim
2371 3040 2928 3114 credito,reliquum
2957 3041 3188 3099 facilius
3215 3048 3339 3100 erat
3365 3044 3443 3100 ad
3473 3045 3726 3101 creden-

2068 3130 2235 3184 dum.

2140 3218 2251 3273 Sed
2280 3218 2589 3290 quomodo
2628 3234 2811 3291 opera
2854 3219 3330 3277 testiﬁcabantur
3372 3222 3537 3294 quod
3566 3222 3724 3279 Deus

2066 3322 2205 3361 eum
2238 3307 2495 3362 misisset
2522 3307 2550 3362 ?
2579 3307 3072 3363 Testiﬁcabantur
3096 3309 3177 3378 id,
3221 3314 3510 3381 tanquam
3540 3326 3725 3383 opera

2068 3395 2250 3451 solius
2273 3396 2490 3450 divina:
2522 3396 2772 3452 virtutis.
2803 3396 3130 3467 Siquidem,
3187 3398 3291 3470 qui
3327 3399 3446 3454 Deo
3485 3405 3723 3456 contra-

2066 3485 2192 3539 rius
2233 3489 2406 3549 esset,
2466 3484 2812 3554 hujusmodi
2858 3485 3051 3541 facere
3112 3501 3234 3540 non
3274 3491 3504 3557 poterat
3536 3502 3549 3540 :
3581 3504 3726 3545 nam

2069 3574 2199 3628 licet
2216 3572 2514 3628 miraculis
2528 3573 2933 3629 contradicere
2946 3574 3318 3644 impudenter
3331 3576 3723 3633 attentabant.

2070 3662 2217 3716 sicut
2269 3661 2546 3715 vicesimo
2595 3662 2858 3717 secundo
2907 3662 3082 3734 juxta
3148 3663 3482 3719 Matthreum
3531 3665 3727 3735 capite

2072 3751 2357 3821 scriptum
2411 3756 2516 3814 est,
2575 3750 2841 3805 dicentes
2874 3767 2886 3805 :
2930 3752 3044 3806 Hic
3073 3768 3191 3806 non
3220 3752 3383 3821 ejicit
3408 3754 3722 3820 daemonia,

2072 3840 2189 3895 nisi
2208 3854 2319 3907 per
2371 3838 2678 3894 Beelzebul
2710 3839 3033 3909 principem
3074 3841 3499 3897 damoniorum
3542 3844 3587 3907 ³;
3621 3842 3731 3897 sed

2071 3928 2153 3984 ibi
2182 3928 2350 3982 citius
2381 3944 2447 3983 os
2476 3927 2585 3982 illis
2637 3927 2985 3993 obstruitur,
3028 3934 3083 3984 et
3124 3944 3273 3984 vane
3326 3932 3539 3999 nugari
3591 3947 3731 3987 con-

2074 4018 2413 4072 vincuntur.

2144 4108 2305 4160 Vers.
2355 4106 2443 4159 37.
2475 4106 2554 4160 Et
2589 4136 2657 4145 —
2707 4121 2817 4161 me.
2871 4105 2979 4161 L'bi
3028 4106 3101 4161 de
3150 4107 3284 4179 ipso
3325 4108 3731 4164 testimonium

2072 4194 2424 4267 perhibuit?
2456 4196 2518 4249 In
2568 4196 2955 4266 sequentibus
3022 4194 3398 4264 signiﬁcabit,
3468 4197 3632 4268 quod
3671 4197 3732 4252 in

2073 4285 2429 4355 Scripturis:
2479 4300 2832 4355 quanquam
2874 4284 3071 4348 etiam,
3119 4284 3266 4339 dum
3313 4284 3732 4357 baptizaretur,

2072 4374 2474 4429 testimonium
2499 4373 2570 4427 de
2592 4388 2663 4427 eo
2693 4371 3011 4444 perhibuit,
3040 4372 3272 4428 dicens:
3306 4373 3414 4427 Hic
3447 4381 3527 4430 est
3548 4373 3735 4429 Filius

2074 4478 2232 4518 meus
2262 4462 2599 4528 ditectus,in
2647 4477 2759 4532 quo
2807 4461 2955 4517 mihi
3004 4461 3412 4529 complacitum
3461 4470 3539 4516 est
3599 4464 3641 4513 ‘.
3674 4464 3737 4517 Et

2072 4568 2296 4615 rursus,
2339 4567 2475 4605 cum
2509 4553 3047 4605 transformaretur.
3092 4549 3204 4604 Sed
3246 4566 3377 4605 cum
3410 4550 3738 4623 baptizare-

2074 4645 2186 4704 tur,
2244 4639 2377 4693 licet
2450 4638 2787 4701 audierunt,
2851 4637 3211 4692 dubitabant
3267 4656 3279 4693 :
3339 4654 3478 4692 cum
3541 4644 3738 4693 autem

2073 4725 2617 4791 transformaretur,
2704 4742 2777 4780 ne
2845 4724 3162 4780 audierunt
3273 4726 3520 4799 quidem
3601 4726 3736 4798 ipsi.

2076 4816 2300 4871 Idcirco
2367 4813 2779 4887 praetermissis
2821 4811 3170 4884 hujusmodi
3230 4815 3605 4884 testimoniis,
3660 4815 3740 4871 ad

2077 4907 2406 4977 Scripturas
2446 4921 2545 4959 eos
2579 4904 2942 4969 transmittit,
2976 4918 3126 4975 quas
3183 4920 3417 4977 semper
3466 4904 3527 4960 in
3548 4905 3741 4960 mani-

2074 4997 2190 5052 bus
2221 4994 2545 5060 habebant,
2578 5010 2687 5050 nec
2718 4993 2806 5050 fas
2837 4997 2961 5050 erat
2991 4990 3106 5049 illis
3145 4994 3548 5053 contradicere
3589 5010 3604 5063 ;
3640 4996 3746 5052 sed

1638 5205 1661 5241 ⁴
1690 5205 1890 5262 Matth.
1921 5203 2115 5272 111,17.

1567 5382 1794 5453 Variae
1832 5380 2159 5452 lectiones
2187 5390 2251 5449 et
2299 5386 2501 5449 notae.

596 5579 793 5638 Malim
820 5578 947 5648 οἷον,
982 5593 1086 5650 pro
1118 5581 1300 5652 ἤγουν.

594 5653 655 5707 Εἰ
675 5652 848 5711 abest
876 5654 946 5711 Α.
977 5652 1106 5708 Mox
1136 5650 1295 5709 idem
1320 5650 1504 5710 habet
1530 5651 1833 5711 πιστευθέν.

441 5581 558 5731 ἓξὲξ

2161 5578 2273 5654 (ει)
2307 5572 2521 5639 noram
2533 5595 2600 5632 σα
2624 5580 2687 5646 Α,
