4120 6310
465 249 596 306 1231

1813 233 2161 296 EUTHYMII
2200 229 2535 298 ZlGABENI

3703 239 3867 303 1232

464 376 578 432 hoc
604 375 666 431 in
687 387 1007 446 progressu
1035 368 1216 428 facit:
1252 381 1414 425 nunc
1464 371 1684 436 autem,
1733 382 1808 422 ne
1845 369 2114 438 expetant

2233 384 2512 440 προσωπον
2563 371 2851 441 μαρτυρίαν
2903 377 2993 422 τοῦ
3042 377 3196 437 Θεοῦ,
3255 370 3499 444 λέγοντες·
3558 376 3642 426 ὅτι
3706 375 3867 428 Οὔτε

465 465 562 520 Dei
582 461 988 519 testimonium
1007 477 1041 516 a
1058 460 1300 532 propria
1320 473 1464 513 voce
1483 463 1538 512 et
1554 473 1589 512 a
1607 457 1848 528 propria
1867 470 2125 528 persona

463 554 726 610 dicentes
758 569 771 606 :
802 553 1002 622 Neque
1050 564 1261 604 vocem
1303 547 1431 618 ejus
1472 546 1803 602 audivimus
1830 560 2122 616 unquam,

438 658 655 714 neque
671 639 929 714 speciem
951 639 1083 710 ejus
1108 637 1361 692 vidimus
1390 633 1924 705 :conﬁtetur,quod
1944 633 2025 688 illi
2043 633 2129 688 di-

463 731 611 788 cturi
641 734 806 786 erant
834 745 848 794 ;
882 728 1220 783 conﬁtendo
1254 741 1396 780 vero
1427 724 1505 780 ad
1530 729 1752 779 rectam
1792 738 1894 778 eos
1915 722 2125 777 doctri-

462 837 606 878 nam
636 819 887 884 reducit,
917 818 1070 873 dans
1096 814 1573 886 intelligendum,
1605 813 1770 885 quod
1801 827 1995 883 neque
2014 827 2124 867 vox

463 912 540 966 sit
595 909 759 982 apud
809 910 1016 971 Deum,
1085 921 1280 978 neque
1320 905 1545 977 species
1595 902 1938 974 :siquidem
1996 901 2125 956 hate

459 1015 781 1073 corporum
813 1005 968 1061 sunt,
993 998 1147 1051 Deus
1169 1001 1366 1050 autem
1395 994 1760 1064 incorporea
1781 997 1869 1046 est
1895 995 2123 1048 naturae

462 1096 566 1148 aut
597 1089 792 1162 potius
851 1101 1036 1157 supra
1082 1100 1299 1156 corpus
1332 1089 1388 1138 et
1419 1097 1600 1154 supra
1640 1089 1940 1136 naturam.

533 1181 694 1235 Vers.
745 1177 834 1232 37.
870 1175 1070 1246 Neque
1103 1204 1166 1214 —
1198 1172 1436 1228 vidistis.
1469 1170 1639 1242 Atqui
1691 1170 1858 1226 multi
1913 1186 2122 1226 vocem

459 1270 591 1340 ejus
619 1269 951 1339 frequenter
1007 1262 1376 1326 audiverunt,
1411 1267 1465 1316 et
1504 1260 1758 1332 speciem
1803 1260 1934 1330 ejus
1962 1259 2121 1316 vide-

459 1362 617 1422 runt,
652 1357 802 1414 sicut
849 1355 910 1410 in
951 1352 1263 1424 Scripturis
1311 1351 1385 1406 de
1416 1349 1667 1406 diversis
1714 1350 1996 1421 scriptum
2031 1357 2122 1408 est

461 1447 643 1504 variis
671 1445 732 1501 in
758 1444 920 1500 locis.
954 1443 1066 1499 Sed
1095 1457 1208 1498 vox
1240 1440 1340 1497 illa
1378 1445 1436 1496 et
1459 1440 1682 1511 species
1727 1438 1854 1502 fuit,
1887 1455 2008 1495 non
2032 1455 2121 1495 se-

461 1537 730 1593 cundum
756 1534 1170 1596 Deinaturam,
1199 1530 1302 1585 sed
1335 1530 1393 1584 in
1417 1529 1677 1585 hominis
1705 1529 2114 1585 similitudine.

531 1629 686 1682 Vers.
717 1625 803 1679 38.
839 1623 916 1678 Et
946 1653 1014 1662 —
1064 1619 1242 1677 vobis.
1294 1622 1360 1675 Et
1396 1619 1566 1691 quid,
1601 1619 1812 1691 inquit,
1875 1619 2010 1674 dico
2041 1619 2116 1674 de

2237 460 2406 526 φωνὴν
2457 455 2617 508 αὐτοῦ
2669 455 2964 530 ἀκηκόαμεν
3014 465 3243 525 πώποτε,
3304 462 3423 514 οὕτε
3479 458 3622 524 εἶδος
3677 464 3862 516 αὐτοῦ

2237 543 2530 616 ἑωράκαμεν
2563 562 2576 576 '
2613 546 2950 619 συνομολογεί
2999 552 3090 620 μὲν
3139 549 3164 600 ὃ
3217 549 3419 622 ἴμελλον
3470 551 3634 624 λέγειν
3671 572 3687 586 ⁶
3749 550 3859 606 διὰ

2238 629 2296 685 δε
2366 641 2458 685 τοῦ
2518 635 2878 708 συνομολογεῖν
2936 637 3006 699 εἰς
3088 637 3363 712 φιλόσοφον
3405 640 3592 704 αὐτούς
3656 641 3856 712 ἀνάγει

2236 718 2432 794 δόγμα,
2484 720 2670 785 διδοὺς
2724 733 2852 778 νοεῖν
2907 727 2987 778 ὅτι
3025 730 3140 780 οὔτε
3179 733 3315 801 φωνὴ
3363 735 3480 804 περὶ
3529 733 3664 783 Θεὸν
3720 735 3852 784 οὗτε

2235 807 2388 871 εἶδος.
2439 819 2619 865 Ταῦτα
2672 817 2762 886 μεν
2815 817 2918 887 γὰρ
2978 820 3230 889 σωμάτων
3288 818 3440 884 εἰσίν,
3503 820 3530 871 ό
3583 816 3648 872 δὲ
3708 825 3850 881 Θεὸς

2235 898 2510 973 ἀσώματος
2540 906 2712 974 φύσις,
2757 903 2947 976 μᾶλλον
2994 902 3053 958 δὲ
3083 907 3493 982 ύπερασώματος
3538 913 3628 961 καὶ
3678 911 3847 984 ύπερ-

2231 1009 2383 1062 φυης.

2302 1174 2435 1223 Οὔτε
2473 1201 2540 1212 -
2593 1171 2869 1245 ἑωράκατε.
2923 1179 3024 1228 Καὶ
3065 1179 3168 1248 μὴν
3219 1176 3396 1229 πολλοὶ
3441 1176 3692 1240 πολλάκις
3747 1185 3847 1232 καὶ

2231 1265 2399 1331 φωνὴν
2430 1261 2590 1314 αὐτοῦ
2635 1266 2888 1328 ἤκουσαν,
2921 1269 3010 1317 καὶ
3039 1261 3180 1327 εἶδος
3209 1266 3370 1318 αὐτοῦ
3401 1266 3717 1339 ἑωράκασιν,
3771 1271 3846 1330 ὡς

2229 1351 2279 1400 ἓν
2309 1357 2423 1412 ταῖς
2468 1356 2692 1425 Γραφαῐς
2739 1357 2852 1425 περὶ
2899 1349 3160 1427 διαφόρων
3210 1351 3476 1430 διαφόρως
3528 1358 3839 1428 ἱστόρηται.

2229 1438 2385 1491 Ἀλλὰ
2416 1444 2578 1511 φωνὴν
2608 1446 2697 1493 καὶ
2728 1438 2867 1502 εἶδος
2891 1442 2949 1494 ού
2975 1446 3110 1496 κατά
3140 1446 3295 1516 φύσιν
3326 1449 3474 1511 Θεοῦ,
3500 1446 3617 1497 καθ’
3642 1447 3840 1519 ὁμοίω-

2231 1545 2312 1578 σιν
2344 1524 2377 1579 δ
2382 1531 2403 1580 ε
2433 1527 2726 1604 ἀνθρώπου.

2300 1624 2401 1672 Καὶ
2455 1650 2521 1660 —
2576 1621 2716 1692 ύμῖν.
2768 1626 2870 1674 Καὶ
2929 1627 2982 1674 τί
3057 1621 3209 1695 λέγω,
3278 1628 3429 1695 φησὶ,
3489 1629 3607 1696 περὶ
3658 1633 3839 1697 φωνῆς

457 1729 622 1780 voce,
660 1729 798 1786 quas
851 1711 1096 1784 propria
1148 1710 1334 1781 ipsius
1391 1723 1505 1764 vox
1555 1714 1728 1775 esset,
1771 1713 1873 1763 aut
1924 1709 2114 1779 specie

2228 1708 2525 1780 αὐτοφὼνου
2555 1714 2645 1763 καὶ
2679 1706 2850 1772 εἴδους
2891 1711 3302 1787 αύτοπροσὼπου
3333 1729 3347 1780 ;
3382 1712 3516 1765 Ἀλλ’
3563 1711 3690 1766 οὐδὲ
3744 1720 3836 1768 τὸν

456 1804 712 1878 proprias
740 1802 932 1874 ipsius
989 1814 1284 1872 personae,
1319 1814 1457 1852 cum
1514 1813 1709 1869 neque
1751 1813 2108 1866 sermonem,

453 1895 582 1966 ejus
603 1892 872 1948 habeatis
895 1890 1242 1947 manentem
1273 1888 1332 1942 in
1365 1887 1551 1951 vobis,
1583 1903 1764 1960 quem
1798 1904 1901 1960 per
1920 1887 2112 1957 legem

455 1999 526 2040 ac
556 1983 880 2054 prophetas
907 1980 1142 2035 locutus
1171 1982 1279 2042 est,
1309 1981 1364 2032 et
1395 1980 1633 2048 putatis,
1682 1977 1843 2032 hunc
1874 1993 1980 2032 vos
2013 1978 2116 2033 ha-

456 2072 590 2128 bere
623 2075 970 2126 manentem
999 2068 1059 2122 in
1107 2066 1300 2132 vobis,
1355 2066 1514 2121 etde
1565 2067 1697 2138 ipso
1751 2067 2112 2137 gloriamini.

459 2160 681 2218 Deinde
709 2157 1042 2221 conﬁrmat,
1074 2155 1242 2228 quod
1295 2154 1460 2221 dixit,
1490 2155 1604 2210 hoc
1635 2157 1819 2212 modo
1846 2155 1992 2212 illud
2025 2171 2116 2212 os-

456 2249 730 2308 tendens.

525 2341 691 2395 Vers.
737 2339 824 2394 38.
883 2335 1052 2401 Quem
1103 2336 1256 2392 enim
1328 2365 1394 2376 -—
1449 2334 1709 2391 creditis.
1771 2337 1918 2391 Nam
1976 2352 2114 2393 cum

453 2444 674 2495 sermo,
723 2427 828 2500 qui
882 2441 989 2498 per
1047 2424 1239 2495 legem
1281 2424 1455 2480 datus
1506 2432 1592 2480 est
1643 2441 1713 2481 ac
1768 2426 2112 2498 prophetas,

453 2519 689 2583 clamet,
722 2515 884 2590 quod
937 2517 1103 2570 Pater
1131 2513 1338 2569 Filium
1367 2530 1541 2568 suum
1577 2514 1798 2570 miserit
1847 2515 1922 2570 ad
1957 2516 2115 2571 salu-

450 2613 567 2665 tem
593 2611 870 2670 vestram,
895 2609 948 2659 et
976 2602 1142 2675 quod
1174 2619 1276 2658 vos
1316 2601 1653 2658 illicredere
1691 2609 1978 2675 oporteat,
2013 2621 2116 2661 vos

451 2702 652 2755 autem
735 2695 894 2764 huic,
981 2707 1163 2764 quem
1244 2691 1339 2746 ille
1429 2693 1587 2748 misit
1658 2708 1778 2748 non
1858 2695 2114 2762 creditis,

448 2788 690 2846 omnino
720 2799 842 2840 non
889 2781 1203 2838 aucultatis
1239 2781 1523 2852 praedicto
1575 2782 1700 2852 ejus
1777 2787 2035 2841 sermoni
2099 2806 2116 2844 :

449 2893 585 2934 cum
620 2880 819 2932 autem
847 2872 929 2927 illi
961 2887 1077 2926 non
1126 2870 1487 2935 auscultetis,
1539 2887 1658 2926 nou
1689 2872 1922 2928 habetis
1977 2892 2116 2932 eum

451 2969 570 3024 sive
599 2966 828 3020 donum
855 2960 1045 3033 ipsius
1074 2978 1086 3026 ;
1112 2959 1368 3015 avolavit
1396 2960 1556 3016 enim
1585 2947 1626 3016 a'
1651 2963 1840 3019 vobis.
1871 2964 2113 3032 Verum,

2225 1797 2374 1869 λόγον
2401 1799 2559 1850 αὐτοῦ
2591 1801 2736 1871 ἔχετε
2769 1805 2981 1872 μένοντα
3010 1800 3058 1853 ἐν
3097 1803 3237 1874 ύμῖν,
3270 1807 3356 1855 τὸν
3388 1799 3482 1855 διὰ
3522 1807 3686 1875 νόμον
3740 1811 3836 1858 καὶ

2224 1895 2502 1960 προφητῶν
2530 1887 2832 1956 λαληθέντα,
2867 1889 2911 1942 εἰ
2934 1895 3023 1943 καὶ
3045 1893 3215 1944 οἴεσθε
3235 1899 3412 1943 τοῦτον
3439 1895 3581 1964 ἔχειν
3606 1897 3833 1965 μένοντα

2224 1979 2272 2028 ἐν
2303 1978 2442 2049 ὑμῖν,
2471 1982 2560 2030 καὶ
2590 1977 2675 2030 ἐπὶ
2701 1982 2866 2050 τούτῳ
2902 1982 3227 2050 σεμνύνεσθε.
3261 1977 3385 2034 Εἶτα
3423 1984 3830 2051 κατασκευάζει,

2225 2065 2250 2117 ὃ
2283 2068 2501 2142 εἴρηκεν,
2535 2063 2889 2120 ἀποδεικνύων
2916 2069 3059 2123 αύτό.

2292 2332 2414 2384 Ὀτι
2443 2332 2497 2384 ὃν
2533 2363 2591 2374 -
2637 2336 2924 2386 πιστεύετε.
2968 2333 3106 2388 Ἐπεὶ
3143 2337 3242 2410 γὰρ
3295 2337 3322 2388 ό
3373 2339 3462 2408 μὲν
3513 2333 3608 2390 διὰ
3663 2343 3824 2411 νόμον

2223 2427 2312 2474 καὶ
2361 2431 2634 2495 προφητῶν
2667 2419 2840 2485 δοθεὶς
2879 2423 2989 2494 ('25)
3035 2423 3185 2495 λόγος
3237 2423 3360 2498 βοᾷ,
3421 2428 3501 2478 ὅτι
3549 2428 3575 2477 ό
3640 2435 3820 2505 Πατήρ

2225 2511 2492 2564 ἀπέστειλε
2547 2515 2632 2564 τὸν
2689 2515 2808 2564 Υἱόν
2859 2512 3019 2564 αύτού
3078 2513 3163 2566 ἐπὶ
3221 2520 3458 2588 σωτηρίᾳ
3511 2517 3677 2588 ὑμῶν,
3735 2525 3823 2574 καὶ

2225 2604 2305 2654 ὄτι
2360 2607 2469 2674 χρὴ
2512 2603 2646 2674 ὑμᾶς
2697 2605 2864 2673 τούτῳ
2895 2606 3177 2655 πιστεύειν·
3205 2606 3348 2677 ὑμεῖς
3380 2602 3440 2657 δε
3471 2605 3524 2657 ὃν
3572 2604 3820 2661 ἀπέστει-

2223 2689 2301 2743 λεν
2354 2689 2562 2758 ἐκεῖνος,
2615 2693 2780 2762 τούτῳ
2831 2691 2890 2742 οὗ
2941 2695 3226 2746 πιστεύετε’
3285 2697 3488 2756 πάντως
3544 2696 3602 2747 ού
3663 2717 3822 2772 προσ-

2225 2783 2372 2852 έχετε
2401 2787 2472 2849 τῷ
2515 2777 2797 2838 δηλωθέντι
2840 2780 2973 2852 λόγῳ
3017 2781 3197 2836 αὑτοῦ.
3246 2787 3332 2840 Μὴ
3365 2789 3714 2857 προσέχοντες
3765 2784 3820 2840 δὲ

2225 2869 2365 2940 αὐτῴ
2401 2869 2494 2921 ούκ
2526 2872 2669 2941 ἔχετε
2707 2870 2882 2934 αὐτὸν,
2938 2873 3098 2942 ἤγουν
3155 2875 3250 2929 τὴν
3281 2875 3443 2947 χάριν
3482 2875 3667 2926 αὐτοῦ·
3723 2876 3815 2928 ἀπ-

2224 2963 2351 3017 ἐπτη
2391 2961 2492 3032 γὰρ
2536 2957 2619 3030 ἀφ’
2651 2960 2811 3031 ὑμῶν.
2857 2957 2968 3012 Ἵνα
3011 2956 3070 3012 δὲ
3098 2965 3169 3032 μὴ
3222 2963 3458 3030 εἴπωσιν,
3514 2965 3592 3015 ὃτι
3643 2972 3729 3017 καὶ
3758 2966 3812 3017 Εἰ

390 3043 391 3046 ¹
435 3064 524 3114 'ne
565 3055 808 3111 dicant:
847 3049 907 3105 Si
965 3065 1106 3120 ergo
1149 3065 1354 3104 vocem
1406 3049 1535 3119 ejus
1592 3066 1712 3106 non
1746 3053 2111 3122 audivimus,

2225 3051 2294 3118 μὴ
2343 3052 2510 3118 φωνὴν
2554 3047 2714 3099 αὐτοῦ
2771 3047 3085 3122 ἀκηκόαμεν,
3140 3057 3249 3112 πῶς
3297 3048 3632 3127 ἐμαρτύρησε
3692 3071 3799 3118 σοι;

448 3142 758 3219 quomodo
802 3140 895 3196 ille
923 3139 1268 3196 testiﬁcatus
1307 3143 1395 3194 est
1417 3139 1492 3194 de
1523 3145 1578 3194 te
1606 3142 1633 3196 ‘I
1663 3141 1744 3195 ait
1776 3165 1787 3197 :

519 3236 680 3288 Vers.
710 3231 797 3286 39.
823 3227 1185 3285 Scrutamim'
1212 3227 1557 3297 διῆρται-ας.
1609 3228 1854 3299 Legales
1885 3249 1950 3288 ac
1978 3249 2110 3304 pro-

446 3323 732 3397 pheticus,
759 3318 898 3375 inde
937 3318 1094 3373 enim
1131 3321 1220 3373 est
1249 3317 1652 3374 testimonium
1686 3336 1720 3375 a
1747 3320 1931 3376 Patre.
1970 3321 2112 3379 Vide

448 3418 672 3478 autem,
704 3408 869 3483 quod
900 3423 1018 3464 non
1039 3406 1251 3462 dixerit
1280 3407 1526 3479 :Legile,
1561 3409 1685 3475 sed,
1713 3409 2079 3466 Scrutamini
2095 3429 2108 3481 ;

445 3501 530 3571 illi
560 3499 862 3572 siquidem
891 3495 1189 3566 legebant,
1218 3501 1278 3551 at
1316 3511 1438 3552 non
1471 3497 1912 3565 scrutabantur,
1942 3501 2111 3556 idcir-

447 3607 518 3648 co
557 3606 659 3645 eos
691 3586 940 3643 scrutari
993 3586 1206 3657 jubet:
1242 3601 1382 3641 nam
1415 3602 1553 3642 cum
1607 3602 1678 3642 ea
1732 3603 1865 3659 quae
1918 3589 1991 3644 de
2040 3605 2110 3645 eo

447 3683 605 3742 sunt,
647 3676 902 3733 obscure
935 3674 1156 3746 scripta
1199 3673 1319 3729 sint
1358 3673 1570 3730 utiliter
1600 3680 1656 3731 et
1685 3676 2111 3748 dispensatorie

441 3771 687 3841 propter
711 3763 1184 3821 imbecillitatem
1228 3763 1665 3835 progenitorum
1716 3766 2003 3836 ipsorum,
2038 3782 2111 3822 ne

445 3853 880 3914 exciderentad
893 3853 1143 3908 deorum
1176 3850 1633 3919 multitudinem,
1649 3853 1818 3924 jubet
1838 3871 1997 3910 nunc
2010 3871 2112 3910 eos

445 3935 670 4012 fodere,
699 3948 765 4000 ut
797 3959 869 4000 ea
893 3958 1030 4014 quas
1059 3941 1173 3996 alte
1217 3941 1276 3995 in
1319 3941 1568 3996 modum
1621 3943 1880 3999 thesauri
1908 3959 2113 3999 recon-

445 4035 570 4092 dita
597 4039 755 4098 sunt,
786 4031 1020 4104 possint
1048 4029 1333 4084 invenire.

516 4123 677 4178 Vers.
708 4125 797 4176 39.
831 4119 975 4188 Quia
1020 4149 1088 4158 --
1121 4117 1345 4173 habere.
1379 4118 1598 4174 Putatis
1628 4119 1866 4189 habere,
1902 4137 2110 4177 verum

443 4226 565 4269 non
578 4208 1006 4279 habetiszquia
1029 4207 1343 4278 superficie
1368 4212 1540 4262 tenus
1566 4208 1762 4263 solum
1790 4225 1892 4264 eas
1913 4210 2107 4279 legen-

445 4314 687 4369 tes,non
716 4295 1180 4353 invenitisillum
1204 4303 1429 4352 certum
1450 4298 1828 4354 vitaeaeternae
1858 4299 2105 4366 fontem,

442 4389 544 4461 qui
573 4392 660 4444 est
691 4386 979 4441 Christus.
1045 4385 1194 4450 Quia
1237 4401 1378 4455 ergo
1433 4388 1652 4457 putatis
1702 4388 1758 4441 in
1795 4388 2107 4459 Scripturis

449 4477 631 4533 vitam
657 4481 941 4532 aeternam
966 4474 1205 4540 habere,
1234 4479 1291 4530 et
1325 4479 1570 4547 propter
1595 4475 1818 4532 dictam
1860 4493 2107 4532 causam

442 4582 564 4624 non
595 4566 828 4623 habetis
861 4582 874 4632 ;
910 4565 1252 4621 scrutamini
1299 4565 1614 4638 profunde,
1678 4572 1739 4622 ut
1802 4567 2107 4623 inventam

443 4655 737 4712 habeatis.

512 4744 674 4801 Vers.
711 4744 798 4800 39.
841 4744 917 4798 Et
947 4760 1135 4800 —me.
1168 4744 1597 4810 Testiﬁcantur,
1631 4744 1844 4816 inquit,
1887 4745 1959 4800 de
2014 4761 2108 4803 me

443 4835 504 4891 in
528 4849 790 4906 persona
821 4836 1024 4904 Patris,
1054 4840 1254 4905 utpote
1284 4849 1507 4889 arcano
1537 4835 1716 4889 modo
1747 4851 1781 4889 a
1816 4835 1984 4889 Patre
2023 4835 2110 4889 in-

445 4924 678 4996 spiratae
721 4924 837 4988 his,
892 4923 994 4994 qui
1043 4939 1146 4977 eas
1201 4924 1584 4994 scripserunt.
1639 4923 1985 4993 Conjunctio
2031 4932 2107 4990 et,

443 5001 736 5080 abundat,
767 5011 934 5084 quod
965 5011 1034 5068 in.
1061 5010 1349 5067 Hebraico
1384 5011 1665 5068 idiomate
1690 5011 1970 5084 frequens
1997 5017 2108 5070 est.

515 5101 687 5160 Vere.
718 5104 806 5158 40.
838 5101 917 5158 Et
969 5131 1038 5142 —
1088 5100 1366 5158 habeatis.
1401 5101 1603 5159 Vitam
1655 5101 1923 5158 videlicet
1959 5118 2109 5158 sem-

2224 3155 2400 3207 φησιν.

2294 3225 2561 3294 Ἐρευνᾶτε
2638 3227 2728 3286 τὰς
2805 3228 3032 3302 Γραφάς.
3091 3231 3196 3288 Τὰς
3248 3231 3465 3300 νομικὰς
3539 3235 3628 3283 καὶ
3689 3249 3795 3304 προ-

2222 3317 2458 3386 φητικάς.
2495 3315 2710 3368 Ἐκεῖθεν
2740 3317 2839 3388 γὰρ
2875 3318 2905 3374 ἡ
2953 3319 3096 3389 παρὰ
3141 3324 3234 3368 τοῦ
3282 3322 3484 3393 Πατρός
3527 3322 3642 3390 (26)
3689 3340 3810 3395 μαρ-

2218 3409 2376 3476 τυρία
2409 3418 2422 3432 ⁸
2462 3406 2556 3477 ὅρα
2603 3401 2661 3456 δὲ
2693 3412 2799 3466 πῶς
2828 3404 2922 3456 ούκ
2970 3403 3106 3458 εἶπεν
3139 3423 3152 3436 ⁸
3207 3407 3633 3479 Ἀναγινώσκετε,
3685 3409 3811 3477 ἀλλ’,

2219 3493 2502 3568 Ἐρευνᾶτε.
2568 3494 2938 3565 Ἀνεγίνωσκον
2987 3498 3077 3567 μὲν
3129 3497 3253 3570 γὰρ,
3308 3496 3402 3548 ούκ
3454 3498 3677 3570 ἠρεύνων
3735 3495 3814 3555 δέ.

2220 3586 2314 3637 Διὰ
2371 3591 2524 3636 τοῦτο
2575 3582 2765 3636 κελεύει
2821 3582 3047 3659 ἐρευνᾷν.
3109 3584 3248 3637 Ἐπεὶ
3303 3588 3404 3660 γὰρ
3466 3592 3817 3640 σννεσκίαστο

2219 3673 2284 3722 τὰ
2344 3676 2462 3744 περὶ
2522 3673 2682 3724 αὐτοῦ
2739 3677 3072 3748 γεγραμμένα
3123 3679 3484 3748 συμφερόντως
3529 3681 3616 3728 καὶ
3676 3678 3822 3730 οἱκο-

2192 3757 2436 3834 ⁴νομικῶς
2481 3757 2575 3813 διὰ
2618 3765 2710 3820 τὴν
2759 3771 2857 3813 τῶν
2905 3767 3166 3836 προγόνων
3206 3763 3373 3815 αὐτῶν
3405 3763 3688 3836 ἀσθένειαν,
3734 3769 3823 3820 ἵνα

2220 3855 2291 3923 μὴ
2333 3849 2621 3903 ἐκπέσωσιν
2662 3851 2731 3913 εἰς
2761 3850 3056 3921 πολυθεΐαν,
3091 3851 3347 3906 ἐπιτάττει
3395 3861 3482 3905 νῦν
3523 3851 3819 3929 διορύττειν

2223 3941 2304 3991 ἵνα
2333 3943 2398 3992 τὰ
2423 3938 2470 3990 ἐν
2494 3947 2564 4010 τῷ
2598 3938 2751 4012 βάθει
2789 3944 2996 4012 κείμενα
3025 3943 3256 4016 καθάπερ
3288 3962 3369 4005 τις
3407 3944 3670 4017 θησαυρὸς
3701 3945 3816 4017 (27)

2222 4026 2519 4087 δυνηθῶσιν
2548 4029 2730 4103 εύρείν.

2290 4116 2408 4170 Ὀτι
2451 4148 2516 4158 -
2559 4121 2719 4189 ἔχειν.
2768 4123 2970 4172 Δοκεῖτε
3020 4122 3111 4192 μὲν
3165 4121 3326 4192 ἔχειν,
3380 4121 3474 4174 οὐκ
3530 4124 3678 4195 ἔχετε
3734 4120 3812 4188 δὲ,

2221 4205 2361 4260 διότι
2408 4207 2714 4268 ἐπιπολαίως
2765 4211 2957 4270 ταύτας
3008 4206 3444 4280 ἀναγινώσκοντες
3525 4213 3631 4284 οὐχ
3683 4215 3816 4288 εὑρί-

2201 4292 2365 4350 ’σκετε
2395 4299 2587 4354 ταύτην
2619 4299 2730 4357 ἣτις
2760 4295 2895 4350 ἐστὶν
2944 4298 2970 4349 ὁ
3001 4301 3246 4373 Χριστὸς,
3293 4302 3322 4357 ἠ
3365 4306 3511 4371 πηγὴ
3559 4310 3650 4363 τῆς
3696 4303 3814 4354 αἰω-

2216 4391 2326 4438 νίου
2384 4388 2537 4448 ζωῆς.
2589 4387 2730 4440 Ἐπεὶ
2773 4382 2861 4438 οὖν
2919 4383 3120 4440 δοκεῖτε
3157 4390 3246 4459 μὲν
3309 4386 3409 4440 ἀπὸ
3449 4399 3550 4441 τῶν
3607 4396 3810 4463 Γραφῶν

2220 4476 2358 4536 ζωὴν
2389 4476 2594 4527 αἰώνιον
2635 4477 2794 4546 ἔχειν,
2847 4473 2940 4526 οὐκ
2979 4476 3124 4547 ἔχετε
3172 4470 3230 4527 δὲ
3271 4473 3362 4528 διὰ
3420 4482 3511 4536 τὴν
3564 4479 3806 4553 ῥηθεῖσαν

2218 4565 2410 4631 αἰτίαν,
2455 4563 2633 4617 λοιπὸν
2677 4563 2908 4639 ἑρευνᾶτε
2935 4567 3123 4625 ταύτας
3154 4565 3219 4625 εἰς
3253 4563 3436 4638 βάθος,
3472 4568 3554 4620 ἵνα
3584 4570 3802 4642 εὑρόντες

2217 4657 2396 4727 ἔχητε.

2291 4749 2488 4796 Καὶ-
2531 4741 2676 4816 ἐμοῦ.
2731 4744 2796 4796 Αἱ
2840 4751 3226 4816 μαρτυροῦσαι,
3289 4749 3445 4818 φησὶ,
3495 4749 3596 4818 περὶ
3647 4741 3783 4813 ἐμοῦ,

2220 4839 2481 4906 προσώπῳ
2516 4840 2607 4885 τοῦ
2648 4836 2868 4906 Πατρός,
2909 4834 2995 4885 οἷα
3026 4836 3168 4909 παρὰ
3218 4841 3312 4886 τοῦ
3355 4838 3556 4909 Πατρός
3598 4831 3799 4905 iamm-

2224 4925 2430 4975 σθεῖσαι
2461 4921 2766 4998 ἀποδόῥήτως
2814 4929 2925 4984 τοῖς
2974 4928 3289 4998 γεγραφόσιν
3338 4924 3522 4988 αὐτάς.
3575 4926 3811 4999 Περιττὸν

2222 5011 2280 5066 δὲ
2311 5011 2532 5065 ἐνταῦθα
2557 5015 2612 5064 τὸ
2639 5016 2749 5077 καὶ,
2780 5011 2897 5064 καθ’
2926 5009 3195 5086 Ἐϐραῐκόν
3229 5008 3451 5085 ἰδίωμα,

2291 5105 2392 5154 Καὶ
2426 5132 2494 5142 -—
2531 5102 2713 5175 ἔχητε.
2763 5105 2911 5162 Ζωὴν
2953 5102 3178 5174 αἰώνιον,
3228 5099 3495 5163 δηλοόντι.
3545 5100 3693 5180 Εἶτα,
3744 5105 3826 5159 ἶνα

1654 5329 1880 5407 Variae
1907 5331 2233 5402 lectiones
2263 5341 2328 5402 et
2357 5339 2562 5402 nota.

657 5596 851 5664 Νόμος,
881 5610 991 5666 pro
1010 5581 1180 5666 λόγος,
1364 5660 1365 5664 η

511 5664 601 5738 (26
647 5671 899 5739 Σωτῆρος,
930 5682 1039 5738 pro
1065 5671 1289 5739 Πατρός,
1329 5673 1365 5719 Β

509 5664 624 5739 (26)
647 5664 900 5743 zwcapos;
930 5682 1039 5738 pro
1065 5664 1289 5742 Πατρός,
1329 5673 1384 5722 Β.

2288 5583 2399 5662 (27)
2434 5584 2598 5641 Forte
2626 5583 2741 5638 τινὰ
2772 5583 3056 5667 θησαυρόν.
