4120 6310
355 286 498 345 1233

1424 283 1781 343 COMMENT.
1826 284 1896 341 IN
1932 282 2275 341 JOANNEM.
2319 314 2386 326 —-
2424 282 2580 343 CAP.
2613 282 2684 338 V.

3584 282 3721 342 1234

351 417 431 487 μὴ
487 410 837 480 ὑπολάϐωσιν,
893 412 975 465 ὅτι
1038 406 1323 484 φιλοδοξῶν
1387 409 1523 481 λέγει
1585 431 1652 463 τα
1714 417 1951 475 τοιαῦτα,

2086 409 2375 467 iiternam.
2410 411 2651 481 Deinde,
2683 426 2758 468 ne
2808 409 3259 484 suspicarentur
3292 411 3469 484 'quod
3515 426 3721 469 amore

356 520 540 576 φησιν·

432 593 589 655 Δόξαν
619 623 685 633 --
712 590 981 663 λάμϐάνω.
1013 590 1087 643 Ού
1116 589 1263 663 φιλῶ,
1290 589 1373 641 οἵα
1403 594 1474 661 μὴ
1504 590 1723 663 χρῄζων
1758 589 1945 651 αὐτῆς*

355 679 484 735 οὐδὲ
508 684 608 755 γὰρ
664 682 688 733 ό
728 681 873 743 ἣλιος
903 677 1072 734 δεῖται
1123 679 1402 751 λυχνιαίου
1443 684 1627 751 φωτός.
1677 684 1777 733 Καὶ
1825 684 1957 740 τίνος

357 773 519 825 ἕνεκεν
550 773 616 823 τὰ
644 778 861 823 τοιαῦτα
891 770 1052 842 ἔλεγεν
1094 786 1107 834 ;
1138 768 1248 822 Ἰνα
1277 774 1694 841 παντοιοτρόπως
1736 770 1954 821 ἐπισπά-

362 880 523 919 σηται
566 860 751 920 αὐτοὺς
803 860 873 922 εἰς
916 864 1095 912 πίστιν
1147 855 1219 911 δι’
1275 858 1339 920 ἧς
1389 857 1591 928 ἔμελλον
1631 860 1770 930 ἔχειν
1817 858 1955 918 ζωὴν

357 950 589 1003 αἰώνιον.

431 1039 570 1093 Ἀλλ’
597 1069 665 1079 -
698 1038 917 1100 ἑαυτοῖς.
943 1037 1108 1111 ’Υμείς
1134 1041 1242 1110 μεν,
1282 1042 1462 1111 φησὶν,
1506 1039 1574 1099 ὡς
1615 1033 1770 1095 δῆθεν
1829 1035 1954 1107 ἀγα-

357 1138 550 1189 πῶντες
606 1131 691 1180 τόν
733 1133 879 1197 Θεόν,
932 1126 1222 1181 ἀπωθεῖσθε
1269 1146 1350 1198 με,
1412 1128 1491 1178 ὅτι
1548 1135 1679 1179 ποιῶ
1732 1126 1953 1197 ἐμαυτόν

354 1222 473 1272 ἴσον
503 1226 575 1289 τῷ
612 1226 725 1289 Θεῷ
766 1235 779 1247 ·
813 1217 1090 1289 ἐλέγχεσθε
1137 1214 1195 1269 δε
1233 1213 1546 1288 ψευδόμενοι
1579 1236 1590 1248 ·
1630 1218 1829 1286 ἔγνωκα
1852 1218 1952 1289 γὰρ

357 1310 491 1374 ὑμᾶς
522 1309 602 1359 ὅτι
652 1306 745 1358 οὐκ
796 1305 1031 1377 ἀγαπᾶτε
1057 1309 1143 1357 τόν
1182 1310 1324 1359 Θεόν.
1384 1312 1500 1365 Πῶς
1534 1304 1693 1370 ;”Οτι
1735 1310 1854 1378 περὶ
1895 1304 1955 1357 οὔ

357 1396 548 1457 ἐκεῖνος
606 1402 862 1469 μαρτυρεῖ
898 1400 986 1447 καὶ
1038 1392 1131 1447 διὰ
1168 1403 1259 1447 τοῦ
1298 1393 1557 1461 Ἰωάννου,
1612 1399 1702 1446 καὶ
1733 1391 1827 1446 διά
1856 1403 1953 1445 τῶν

356 1489 540 1557 ἔργων,
576 1489 665 1536 καὶ
694 1481 789 1536 διὰ
808 1492 904 1535 τῶν
938 1490 1169 1556 Γραφῶν,
1198 1492 1378 1536 τοῦτον
1395 1486 1542 1556 ὑμεῖς
1562 1483 1619 1536 ού
1650 1485 1951 1555 προσίεσθε.

354 1574 558 1647 ’.Ωσπερ
592 1570 678 1625 οὖν
706 1578 950 1648 πρότερον
980 1574 1274 1645 νομίζοντες
1292 1570 1420 1626 εἷναί
1437 1593 1498 1645 με
1519 1573 1768 1637 ἀντίθεον,
1799 1570 1954 1630 ἠλαύ-

356 1682 463 1717 νετε
494 1680 505 1691 ·
544 1664 677 1715 οὕτω
718 1670 825 1727 νῦν,
878 1664 976 1714 ὑπὸ
1026 1671 1125 1715 τῶν
1174 1662 1449 1736 εἰρημένων
1494 1670 1789 1734 μαρτυριῶν
1833 1660 1955 1712 ἀπο-

2062 500 2262 571 gloria:
2300 500 2438 557 talia
2467 501 2707 571 diceret,
2741 502 2819 557 ait
2853 519 2866 559 :

2132 592 2288 646 Vers.
2322 592 2409 646 41.
2447 591 2704 648 Gloriam
2743 622 2810 633 —
2835 590 3076 660 accipio.
3133 591 3263 647 Non
3312 607 3524 648 amans
3558 606 3715 658 eam,

2062 684 2163 736 aut
2193 696 2257 735 ea
2292 680 2562 748 indigens
2615 700 2628 740 :
2658 696 2846 753 neque
2876 684 3037 736 enim
3080 680 3167 737 sol
3198 680 3452 737 lucernae
3492 680 3719 737 lumine

2061 770 2306 837 indiget.
2344 770 2559 825 Verum
2590 787 2775 842 quam
2806 770 2886 827 ob
2911 786 3157 826 causam
3176 771 3304 827 haec
3332 770 3572 827 dicebat
3592 772 3620 829 ?
3649 770 3722 827 Ut

2060 859 2225 914 omni
2254 858 2435 913 modo
2465 859 2543 914 ad
2574 860 2752 914 ﬁdem
2773 876 2874 914 eos
2906 860 3243 927 attraheret,
3274 876 3380 932 per
3399 876 3583 933 quam
3616 860 3720 917 ha-

2058 946 2240 1003 bituri
2265 953 2459 1002 essent
2490 949 2669 1003 vitam
2696 952 3001 1003 aeternam.

2132 1039 2292 1091 Vers.
2340 1041 2427 1092 42.
2473 1036 2589 1093 Sed
2629 1068 2699 1077 —-
2756 1037 2929 1093 vobis.
2989 1037 3124 1107 Vos,
3158 1038 3367 1109 inquit,
3425 1043 3718 1112 tanquam

2060 1126 2243 1180 Deum
2274 1125 2584 1193 diligentes
2620 1142 2713 1181 me
2740 1126 3040 1197 repellitis,
3072 1127 3232 1198 quod
3264 1144 3357 1183 me
3401 1128 3596 1199 ipsum
3633 1128 3720 1185 fa-

2060 1214 2214 1270 ciam
2248 1214 2365 1269 Deo
2391 1215 2680 1286 aequalem
2707 1233 2719 1282 ;
2750 1216 2852 1269 sed
2888 1216 3185 1273 mendacii
3212 1218 3527 1288 arguimini
3560 1236 3573 1275 :
3605 1234 3719 1288 ego

2060 1304 2217 1359 enim
2251 1304 2392 1359 novi
2411 1320 2532 1369 vos,
2547 1304 2710 1375 quod
2727 1305 2912 1359 Deum
2931 1320 3052 1361 non
3066 1305 3343 1377 diligatis.
3361 1306 3678 1373 Quomodo
3691 1308 3720 1349 9

2062 1391 2212 1468 Quia
2252 1392 2325 1447 de
2364 1408 2485 1463 quo
2533 1392 2626 1448 ille
2654 1393 3055 1449 testimonium
3088 1395 3379 1465 perhibet,
3409 1400 3465 1451 et
3493 1411 3597 1468 per
3622 1398 3719 1452 Jo-

2061 1466 2302 1546 annem,
2344 1487 2401 1537 et
2421 1496 2528 1553 per
2558 1496 2760 1553 opera,
2790 1486 2846 1537 et
2872 1498 2979 1553 per
3017 1484 3374 1555 Scripturas,
3415 1466 3575 1541 hunc
3610 1500 3717 1541 vos

2062 1586 2181 1627 non
2203 1570 2479 1641 recipitis.
2510 1569 3034 1635 Quemadmodum
3078 1587 3220 1642 ergo
3258 1573 3517 1644 primum
3558 1573 3717 1629 arbi—

2060 1660 2215 1725 trati,
2255 1659 2421 1731 quod
2474 1674 2666 1715 essem
2706 1661 2823 1715 Deo
2860 1661 3213 1732 contrarius,
3248 1677 3343 1717 me
3394 1661 3720 1733 repelleba-

360 1748 671 1823 δειχθείσης
698 1760 788 1812 τῆς
823 1749 1086 1821 ἀληθείας,
1122 1751 1354 1824 ὠφείλετε
1382 1748 1763 1825 προσδραμεῖν,
1800 1748 1955 1803 Ἀλλά

2087 1749 2135 1804 is
2169 1766 2180 1803 :
2214 1749 2296 1804 ita
2321 1763 2503 1814 nunc,
2537 1747 3002 1805 demonstrataa
3044 1750 3218 1805 dictis
3276 1752 3526 1808 testibus
3575 1752 3721 1807 veri-

357 1843 530 1913 μάτην
555 1841 850 1912 κομπάζετε
904 1837 976 1893 δι’
1008 1839 1216 1911 ἀγάπην
1251 1848 1341 1893 τοῦ
1374 1848 1508 1893 Θεοῦ
1536 1840 1953 1913 ἀποστρέφεσθαί

354 1949 440 2003 με.
476 1932 571 1983 Διά
628 1928 921 2003 βασκανίαν
972 1933 1072 2004 γάρ
1102 1938 1252 1982 τοῦτο
1309 1938 1592 1995 ποιοῦντες,
1646 1929 1952 1989 συσκιάζειν

355 2022 551 2077 ταύτην
578 2018 910 2091 ἐπιχειρεῖτε.

433 2109 563 2179 Ἐγὼ
592 2139 659 2148 —
691 2128 773 2180 με.
810 2140 874 2148 --
927 2108 1007 2160 Ἐν
1056 2117 1127 2178 τῷ
1173 2108 1385 2180 ὀνόματι
1434 2115 1525 2160 τοῦ
1585 2110 1782 2181 Πατρός
1830 2126 1951 2178 μου,

356 2202 521 2269 ἤγουν
554 2196 867 2259 ἀποσταλεὶς
910 2200 1051 2269 παρὰ
1089 2205 1177 2249 τοῦ
1229 2202 1427 2269 Πατρός
1464 2217 1585 2269 μου,
1615 2199 1683 2258 ὡς
1713 2196 1870 2256 αύτός
1903 2212 1956 2247 τε

360 2294 617 2361 μαρτυρεῖ
646 2285 791 2355 κάγώ
828 2286 1080 2357 ὁμολογῶ,
1113 2292 1201 2339 καὶ
1228 2286 1285 2339 ού
1319 2284 1543 2359 δέχεσθέ
1572 2305 1653 2357 με.

430 2376 550 2428 Ἐἀν
578 2406 649 2416 -
670 2374 919 2445 λήψεσθε.
948 2380 1071 2448 Περὶ
1097 2384 1185 2427 τοῦ
1203 2377 1571 2447 Ἀντιχρίστου
1592 2378 1745 2427 τοῦτό
1774 2393 1951 2446 φησιν,

358 2466 414 2527 ὃς
444 2465 702 2519 ἐλεύσεται
734 2464 781 2516 ἐν
804 2473 875 2534 τῷ
907 2464 1119 2536 ὀνόματι
1150 2472 1220 2535 τῷ
1261 2462 1400 2536 ἰδίῳ,
1430 2484 1695 2517 τουτεστιν
1732 2463 1818 2534 ἀφ’
1844 2463 1956 2515 ἑαυ-

360 2564 453 2609 τοῦ
480 2559 548 2617 ὡς
576 2551 732 2613 δῆθεν
773 2555 926 2615 αὐτός
954 2555 1020 2605 ὡν
1050 2556 1075 2605 ό
1104 2552 1185 2605 ἰπὶ
1212 2557 1412 2606 πάντων
1445 2558 1588 2613 Θεός.
1626 2555 1957 2605 Καθάπτεται

360 2642 450 2698 οὖν
481 2652 571 2705 τῆς
604 2643 983 2714 ἀναισχυντίας
1021 2651 1120 2694 τῶν
1162 2638 1452 2706 Ἰουδαίων,
1480 2644 1544 2701 ὡς
1570 2641 1723 2693 αὐτόν
1754 2643 1843 2710 μεν
1872 2644 1956 2691 τόν

357 2734 575 2804 λεγοντα
604 2729 797 2785 εἰδέναι
827 2735 913 2783 τόν
954 2734 1074 2783 Θεὸν
1119 2735 1208 2781 καὶ
1239 2730 1590 2800 ὁμολογοῦντα
1638 2729 1958 2781 ἀπεστάλθαι

366 2822 486 2894 παρ’
515 2822 695 2886 αὐτοῦ,
729 2825 813 2870 καὶ
839 2824 908 2890 μη
945 2818 1278 2889 ὶλεγχόμενόν
1306 2816 1532 2879 ἀντίθεον
1560 2816 1953 2888 ἀποσειομένων·

363 2915 450 2961 τόν
478 2905 512 2961 δ
517 2914 536 2960 ε
568 2910 835 2979 φάσκοντα
863 2912 930 2978 μὴ
964 2903 1153 2959 εἰδέναι
1180 2904 1362 2958 ἐκεῖνον
1394 2910 1482 2957 καὶ
1512 2906 1849 2977 κομπάζοντα
1875 2906 1957 2979 ἀφ’

365 2998 549 3050 ἑαυτοῦ
572 3000 724 3067 ἡχειν
745 3002 834 3048 καὶ
851 2992 1220 3069 προδηλότατα
1239 2992 1710 3068 διαγινωσκόμενον
1733 2994 1958 3049 ἀντίθεον

366 3090 739 3160 προσιεμένων.

442 3172 567 3227 Εἶτα
595 3177 777 3232 τίθησι
807 3179 895 3227 καὶ
938 3178 1031 3232 τὴν
1065 3177 1235 3225 αίτίαν
1283 3181 1377 3235 τῆς
1404 3172 1645 3235 ἀπιστίας
1673 3174 1839 3226 αὐτῶν
1860 3178 1962 3239 ,ὅτι

370 3262 464 3317 διὰ
488 3261 784 3337 φιλοδοξίαν
816 3263 874 3315 ού
906 3266 1237 3315 πιστεύουσι·
1271 3264 1353 3320 Μὴ
1399 3262 1622 3325 θελοντες
1646 3266 1747 3337 γὰρ
1780 3284 1963 3336 προτι-

370 3376 441 3428 μη
453 3358 606 3413 θῆναι
633 3355 799 3406 αὐτῶν
822 3355 921 3405 ὑπό
954 3352 1065 3423 (28)
1090 3360 1179 3404 τοῦ
1206 3353 1437 3414 πλήθους
1460 3357 1544 3405 τόν
1580 3357 1823 3426 Χριστόν,
1846 3353 1962 3405 ἑκὼ-

370 3466 538 3513 φευον,
595 3450 685 3495 καὶ
715 3446 866 3515 ἔμυον
926 3442 1225 3501 ἐθελουσίως
1282 3446 1411 3516 πρὸς
1448 3447 1538 3500 τὴν
1575 3442 1835 3512 ἀλήθειαν,
1875 3449 1963 3495 καὶ

370 3536 537 3585 πάντα
567 3532 769 3585 ἐποίουν
800 3534 925 3604 ὑπερ
958 3539 1047 3583 τοῦ
1078 3536 1149 3604 μὴ
1182 3530 1413 3583 ἐκπεσεῖν
1433 3540 1529 3593 τῆς
1550 3528 1711 3595 δόξης
1742 3533 1800 3590 ἦν
1820 3530 1963 3604 εἶχον

370 3625 511 3693 παρά
532 3630 623 3674 τοῦ
653 3621 896 3683 πλήθους.

444 3718 554 3771 Πῶς
584 3741 645 3751 -
674 3709 1015 3782 λαμϐάνοντες
1048 3726 1061 3776 ;
1104 3708 1411 3781 Ἐμποδίξει
1437 3713 1539 3783 γὰρ
1566 3710 1723 3767 αὕτη.

446 3892 545 3941 Καὶ
575 3920 642 3928 -
678 3892 878 3951 ζητεῖτε
917 3905 930 3955 ;
964 3887 1057 3939 Ἢν
1094 3891 1254 3959 μόνην
1312 3884 1418 3940 ἔδει
1477 3888 1666 3950 ζητεῖν,
1701 3896 1794 3949 τῆς
1824 3890 1967 3961 ποιρά

371 3976 653 4051 ἀνθρώπων
711 3984 1179 4051 καταφρονοῦντας,
1236 3977 1279 4029 εί
1331 3980 1420 4028 καὶ
1467 3978 1613 4046 ὑμεῖς
1674 3980 1965 4028 τούναντίον

372 4073 583 4118 ποιεῖτε.
616 4067 951 4136 Πανταχόθεν
1011 4070 1181 4117 τοίνυν
1227 4064 1570 4137 ἐπιστομίσας
1615 4066 1818 4131 αὐτοὺς,
1878 4071 1966 4117 καὶ

374 4151 657 4216 ἀποδείξας
686 4157 862 4216 πάσης
898 4159 1211 4225 συγγνώμης
1249 4153 1509 4218 ἀναξίους,
1550 4154 1726 4207 λοιπόν
1753 4157 1965 4227 ἐφίστη-

377 4263 457 4295 σιν
490 4244 661 4305 αύτοῖς
691 4248 983 4317 κατήγορον
1020 4243 1173 4296 αὐτόν
1214 4247 1300 4295 τόν
1332 4248 1559 4297 Μωυσέα
1586 4246 1671 4296 τόν
1692 4245 1966 4316 νομοθέτην

374 4332 557 4386 αὐτῶν.

446 4426 531 4479 Μὴ
559 4453 629 4462 --
654 4426 870 4494 πατέρα.
909 4421 1029 4474 Κατ’
1058 4420 1312 4493 ἐρώτησιν
1335 4422 1523 4478 ἠθικὴν
1556 4422 1580 4471 ό
1606 4420 1768 4491 λόγος,
1812 4423 1892 4473 ότι
1914 4422 1971 4474 Εἰ

375 4516 465 4563 καὶ
492 4507 597 4564 ἔδει
622 4530 685 4583 με
711 4518 863 4563 τοῦτο
893 4518 1013 4568 ποιῆ
1026 4529 1136 4577 σαι,
1169 4508 1275 4561 ἀλλ’
1318 4510 1375 4562 ού
1406 4515 1628 4578 ποιήσω,
1674 4508 1973 4572 ἀνεξικακος

377 4622 464 4654 ων.

449 4772 631 4827 Ἔστιν
673 4804 738 4815 -
770 4780 1023 4833 Μωυσῆς.
1053 4770 1137 4842 ’ῼς
1188 4770 1543 4823 ἀπιστούντων
1590 4772 1665 4831 οἷς
1705 4776 1821 4844 περὶ
1853 4771 1975 4844 ἐμοῦ

382 4861 596 4933 ἔγραψε,
626 4869 713 4915 καὶ
744 4863 908 4921 οὕτως
937 4860 1283 4913 ἀπειθούντων
1315 4859 1475 4930 αύτῷ.

457 4952 541 5011 Εἰς
605 4984 673 4992 —
716 4951 987 5011 ἠλπίκατε.
1050 4949 1135 5011 Ὠς
1203 4949 1273 5009 εἱς
1323 4945 1637 5021 δημαγωγόν
1690 4955 1777 5001 καὶ
1854 4970 1976 5022 προ-

389 5045 583 5100 στάτην
623 5045 713 5093 καὶ
769 5045 984 5112 μεσίτην
1015 5041 1079 5090 τὰ
1129 5043 1254 5112 πρός
1303 5043 1449 5092 Θεόν.
1510 5037 1708 5112 Ὥσπερ
1750 5036 1808 5091 δὲ
1861 5046 1977 5114 περὶ

385 5140 483 5184 τῶν
512 5138 723 5205 Γραφῶν
781 5128 916 5200 ἔλεγε
958 5134 1197 5180 ’Δοκεῖτε
1250 5129 1298 5180 ἓν
1346 5127 1525 5189 αὐταῖς
1584 5131 1720 5191 ζωὴν
1772 5130 1974 5182 αἰώνιον

2062 1843 2199 1903 tate,
2258 1837 2619 1903 debuissetis
2650 1853 2980 1894 accurrere.
3042 1839 3151 1895 Sed
3208 1838 3425 1896 frustra
3459 1840 3716 1911 jactatis,

2062 1925 2228 1999 quod
2247 1924 2346 1980 Dei
2371 1925 2494 1980 zelo
2524 1941 2620 1980 me
2668 1928 3048 1982 aversamini.
3074 1927 3223 1984 Nam
3258 1930 3464 1984 cumid
3491 1929 3721 1985 invidia

2062 2012 2315 2080 faciatis,
2342 2013 2453 2068 hoc
2493 2012 2676 2068 modo
2715 2013 2891 2070 istam
2932 2014 3230 2070 occultare
3264 2016 3540 2072 nitimini.

2136 2103 2297 2156 Vers.
2325 2105 2413 2157 43.
2460 2101 2577 2171 Ego
2612 2132 2676 2144 —
2704 2118 2806 2159 me.
2842 2134 2906 2143 -—
2939 2103 3164 2159 Nomine
3219 2104 3413 2161 Patris
3438 2104 3565 2170 mei,
3599 2106 3722 2160 sive

2063 2191 2349 2247 missusa
2388 2190 2559 2246 Patre
2599 2206 2753 2258 meo,
2809 2192 2959 2248 sicut
3023 2194 3153 2265 ipse
3196 2197 3439 2250 testatur
3493 2199 3551 2251 et
3608 2210 3723 2264 ego

2064 2278 2370 2344 conﬁteor,
2403 2282 2460 2334 et
2484 2294 2605 2335 non
2636 2280 2930 2352 suscipitis
2962 2296 3077 2337 me.

2135 2368 2403 2423 Vers.43.
2428 2398 2492 2408 —
2514 2368 2587 2423 Si
2598 2369 2902 2439 recipietis.
2923 2372 2998 2425 De
3024 2370 3385 2427 Antichristo
3414 2371 3528 2427 hoc
3557 2370 3720 2436 dicit,

2063 2456 2168 2528 qui
2197 2455 2395 2510 veniet
2423 2457 2665 2511 nomine
2682 2458 3080 2528 pr0prio,sive
3116 2474 3150 2513 a
3173 2475 3233 2514 se
3257 2458 3410 2530 ipso,
3432 2465 3721 2532 tanquam

2064 2548 2191 2617 ipse
2224 2547 2374 2600 Deus
2395 2549 2565 2609 esset,
2599 2545 2700 2616 qui
2732 2561 2914 2617 super
2942 2562 3150 2602 omnes
3203 2553 3310 2603 est.
3359 2550 3540 2603 'I‘axat
3579 2562 3723 2616 ergo

2065 2632 2491 2704 impudentiam
2536 2633 2904 2699 Judasorum,
2952 2635 3113 2705 quod
3161 2652 3300 2691 eum
3346 2636 3722 2707 repellerent,

2068 2739 2205 2785 cum
2232 2737 2293 2777 se
2326 2721 2541 2776 diceret
2570 2736 2751 2776 nosse
2780 2722 2963 2777 Deum
2996 2729 3054 2779 et
3078 2724 3157 2779 ab
3187 2740 3258 2779 eo
3290 2725 3543 2780 missum
3571 2740 3722 2791 esse,

2068 2828 2177 2868 nec
2207 2811 2656 2867 convinceretur
2673 2812 2791 2867 Deo
2813 2813 3287 2869 essecontrarius
3319 2832 3334 2868 :
3366 2813 3529 2869 illum
3564 2830 3726 2883 vero,

2068 2902 2167 2975 qui
2197 2917 2259 2957 se
2297 2900 2513 2955 diceret
2542 2915 2662 2956 non
2689 2916 2869 2956 nosse
2891 2903 3096 2968 Deum,
3148 2910 3203 2958 et
3229 2919 3264 2959 a
3290 2903 3487 2975 seipso
3528 2903 3729 2959 venire

2069 3008 2129 3047 se
2153 2991 2422 3063 jactaret,
2474 3005 2543 3045 ac
2589 2988 3072 3048 manifestissime
3116 2992 3565 3063 dignosceretur
3599 3007 3728 3048 esse

1994 3114 2035 3171 Ο
2073 3084 2188 3137 Deo
2210 3080 2565 3147 contrarius,
2596 3079 2944 3151 reciperent.

2143 3168 2360 3225 Deinde
2386 3169 2549 3241 ponit
2577 3172 2633 3224 et
2653 3184 2901 3224 causam
2930 3168 3290 3225 inﬁdelitatis
3319 3169 3731 3243 eorum,quod

2072 3268 2305 3333 propter
2344 3258 2544 3329 glorias
2589 3273 2855 3313 amorem
2906 3273 3028 3312 non
3077 3258 3424 3317 crederent:
3460 3259 3732 3315 nolentes

2071 3352 2229 3407 enim
2287 3347 2582 3405 Christum
2616 3362 2801 3417 supra
2830 3361 2892 3401 se
2935 3346 3217 3402 honorari
3260 3364 3293 3401 a
3330 3346 3727 3413 multitudine,

2072 3437 2605 3503 obsurdescebant,
2632 3439 2691 3489 et
2720 3449 2893 3490 aures
2924 3434 3075 3490 ultro
3092 3434 3451 3491 claudebant
3472 3434 3547 3489 ad
3581 3437 3730 3491 veri-

2073 3535 2252 3586 tatem
2278 3550 2289 3580 :
2324 3525 2649 3596 omniaque
2682 3523 2995 3590 faciebant,
3023 3539 3097 3579 ne
3130 3540 3166 3579 a
3195 3523 3380 3594 gloria
3410 3539 3597 3595 quam
3628 3525 3732 3582 ha-

2073 3618 2289 3674 bebant
2314 3614 2477 3686 apud
2513 3613 2947 3669 multitudinem
2980 3612 3333 3670 exciderent.

2146 3707 2306 3763 Vers.
2332 3709 2417 3761 44.
2439 3703 2735 3769 Quomodo
2754 3734 2815 3743 -
2833 3703 3096 3774 accipitis
3117 3704 3302 3760 ?Nam
3324 3703 3460 3776 ipsa
3478 3703 3731 3777 impedi-

2075 3788 2275 3853 mento
2307 3800 2417 3850 est.

2146 3886 2304 3939 Vers.
2333 3886 2420 3939 44.
2448 3884 2524 3937 Et
2549 3912 2618 3921 —
2647 3881 2911 3953 (μικγίᾱέ
2940 3882 2967 3937 ?
3011 3882 3204 3947 Quam
3244 3881 3431 3938 solam
3466 3897 3732 3953 quaerere

2075 3978 2327 4047 oportet,
2362 3988 2431 4027 ea
2466 3987 2597 4041 quin
2623 3976 2708 4025 est
2734 3972 2806 4026 ab
2845 3970 3190 4026 hominibus
3222 3971 3589 4043 posthabita,
3623 3969 3731 4023 etsi

2075 4080 2182 4119 vos
2213 4061 2577 4118 contrarium
2608 4059 2856 4115 faciatis.
2875 4062 3191 4131 Postquam
3218 4074 3360 4129 ergo
3385 4059 3644 4131 undique
3662 4059 3734 4113 si-

2073 4152 2319 4225 lentium
2338 4148 2446 4205 illis
2468 4148 2773 4219 imposuit,
2804 4148 3086 4219 omnique
3112 4150 3288 4204 venia
3308 4147 3581 4218 indignos
3601 4162 3734 4203 esse

2075 4239 2528 4301 demonstravit,
2563 4242 2975 4293 accusatorem
3005 4236 3287 4310 deinceps
3326 4237 3439 4293 illis
3488 4236 3735 4293 adhibet

2076 4336 2222 4403 puta
2252 4330 2447 4400 ipsum
2478 4330 2697 4384 Mosem
2723 4326 3121 4396 legislatorem
3149 4342 3377 4384 eorum.

2149 4420 2311 4474 Vers.
2361 4418 2449 4473 45.
2508 4417 2655 4472 Num
2721 4446 2778 4455 -
2828 4420 3071 4486 patrem.
3130 4416 3307 4471 Juxta
3362 4415 3635 4470 usitatam
3665 4430 3735 4469 ac

2080 4512 2431 4563 consuetam
2454 4506 2571 4576 (pp)
2604 4505 3128 4573 interrogationem
3158 4508 3247 4559 est
3273 4504 3369 4559 hic
3405 4519 3622 4567 sermo,
3665 4519 3737 4558 ac

2081 4597 2127 4653 si
2159 4597 2319 4651 dicat
2356 4613 2371 4651 :
2406 4596 2516 4649 Etsi
2550 4610 2643 4648 me
2695 4593 2753 4648 id
2782 4592 3090 4663 oportebat
3139 4591 3356 4657 facere,
3386 4607 3508 4648 non
3540 4596 3737 4647 tamen

2082 4686 2317 4748 faciam,
2354 4684 2497 4755 quia
2540 4682 2801 4737 clemens
2835 4698 2988 4735 sum.

2156 4773 2321 4829 Vers.
2353 4774 2443 4827 45.
2483 4772 2585 4827 Est
2615 4801 2683 4812 —
2736 4771 2932 4826 Moses.
2990 4772 3197 4841 Utpote
3246 4784 3367 4825 non
3434 4770 3738 4825 credentes

2083 4863 2175 4920 his
2201 4878 2336 4933 quas
2366 4862 2440 4915 de
2464 4876 2557 4915 me
2589 4860 2823 4931 scripsit
2848 4877 2861 4914 :
2897 4863 2953 4914 et
2982 4858 3058 4913 ita
3088 4874 3195 4914 nec
3232 4858 3309 4914 illi
3337 4858 3665 4913 credentes.

2158 4952 2317 5006 Vers.
2344 4951 2430 5005 45.
2472 4950 2547 5004 In
2585 4978 2653 4990 —
2682 4948 2938 5019 speratis.
2982 4950 3289 5019 Tanquam
3332 4947 3392 5002 in
3431 4947 3739 5003 ductorem

2086 5039 2317 5114 populi,
2377 5043 2629 5095 tutorem
2675 5054 2745 5094 ac
2799 5036 3186 5093 mediatorem
3232 5038 3293 5093 in
3344 5037 3435 5092 his
3480 5052 3615 5108 qum
3663 5039 3742 5091 ad

2090 5133 2275 5187 Deum
2307 5132 2462 5185 sunt.
2508 5128 2667 5185 Sicut
2723 5130 2923 5185 autem
2975 5125 3051 5183 de
3095 5126 3409 5199 Scripturis
3456 5124 3739 5183 dicebat:

1613 5305 1831 5375 Variae
1860 5307 2188 5376 lectiones
2226 5312 2295 5375 et
2324 5316 2501 5375 notae

458 5452 570 5525 (28)
594 5452 900 5524 Προτιθίναι
931 5448 1085 5502 αὐτὸν
1115 5448 1214 5501 ὑπό
1250 5457 1313 5504 Α.

459 5630 993 5717 (ρρλῌείιαεᾳνηρσ
1047 5632 1396 5687 consuetam.
1440 5631 1745 5686 Moratam.
1809 5630 2193 5702 Interrogatio
2243 5627 2400 5688 ἠθικὴ
2436 5633 2522 5688 est
2569 5645 2657 5696 ea,
2690 5643 2822 5703 quae
2872 5643 3071 5687 mores
3122 5629 3178 5683 et
3222 5626 3531 5717 ingenium
3581 5623 3754 5679 inter-

386 5702 647 5775 rogantis
676 5702 976 5776 exprimit.
