4120 6310
447 273 583 332 1235

1809 271 2159 331 ΕυΤΗΥΜΙῐ
2201 269 2534 330 ZIGABENI

3667 268 3862 324 {236

444 399 683 458 Putatis
705 398 764 455 in
795 395 925 472 ipsis
955 399 1136 458 vitam
1180 405 1451 458 (uernam
1482 397 1715 464 habere,
1746 400 1828 456 ita
1859 415 2100 473 quoque

2246 417 2352 468 ζειν
2385 414 2396 426 ·
2423 398 2558 449 οὕτω
2588 398 2673 449 καὶ
2694 398 2812 472 περὶ
2834 395 3095 458 Μωῦσέως
3120 397 3278 468 φησίν
3307 409 3320 426 ⁸
3349 391 3500 457 Εἰςὸν
3526 394 3832 454 ἠλπίκατε
3853 437 3878 452 .

445 506 604 545 nunc
634 489 708 545 de
740 490 900 545 Mose
927 490 1012 545 ait
1044 507 1059 545 :
1087 489 1159 545 In
1186 505 1354 561 quem
1381 505 1475 546 vos
1524 491 1795 559 speratis.
1849 491 1995 545 Nam
2024 489 2102 545 ab

445 579 538 636 his
565 595 700 651 quas
722 579 834 650 ipsi
879 595 990 636 sua
1026 579 1347 644 ducebant,
1381 578 1513 633 illos
1552 579 2029 647 aggrediebatur.

517 670 676 724 Vers.
707 667 796 724 46.
828 668 893 724 Si
921 700 988 708 -—-
1015 669 1271 737 scripsit.
1301 667 1356 724 Si
1403 667 1521 722 ﬁde
1566 667 1806 735 dignum
1831 683 1968 723 eum
1999 670 2107 722 du-

447 756 678 821 ceretis,
730 756 1040 812 crederetis
1082 759 1282 829 utique
1314 754 1457 811 mihi
1503 774 1516 823 ;
1567 757 1731 811 vobis
1760 757 1918 812 enim
1960 772 2105 828 prae.

448 845 710 918 cepitille
742 845 1218 901 utmeaudiretis.

523 937 680 990 Vers.
707 935 878 992 47.Si
904 965 974 977 —
1002 935 1246 990 credetis
1289 934 1318 989 ?
1350 933 1403 988 Si
1436 933 1590 988 illius
1640 933 1872 1004 scriptis
1919 933 2110 988 incre-

450 1023 568 1078 duli
599 1023 761 1089 estis,
804 1039 983 1096 quem
1011 1024 1387 1078 vehementer
1414 1039 1515 1076 vos
1564 1023 1860 1078 honorare
1891 1039 1959 1077 ac
1990 1022 2114 1076 lau-

451 1111 596 1166 dare
640 1112 876 1182 jactatis
927 1128 939 1166 :
990 1112 1298 1184 quomodo
1361 1111 1507 1165 meis
1577 1111 1767 1166 verbis
1844 1111 2112 1173 credetis,

450 1216 632 1272 quem
651 1201 1031 1256 vehementer
1056 1199 1428 1256 inhonoratis
1458 1210 1514 1255 et
1539 1199 1915 1256 contumeliis
1941 1215 2113 1270 appe-

455 1289 572 1345 titis
600 1291 628 1345 ?
659 1290 819 1346 Sicut
847 1305 987 1359 ergo
1019 1290 1184 1362 prius
1215 1289 1289 1344 de
1335 1291 1585 1356 Joanne,
1618 1306 1795 1361 quem
1832 1287 2119 1344 admirari

455 1378 830 1449 videbantur,
872 1379 1120 1435 convicti
1151 1383 1308 1444 sunt,
1337 1379 1496 1450 quod
1529 1395 1665 1433 eum
1707 1378 2121 1450 despicerent:

457 1467 537 1523 ita
567 1472 622 1524 et
649 1483 810 1524 nunc
854 1469 928 1524 de
959 1471 1131 1532 Mose,
1162 1469 1252 1522 cui
1308 1468 1546 1523 credere
1601 1467 1713 1522 sibi
1748 1467 2119 1530 videbantur,

457 1556 738 1624 ostendit,
777 1557 943 1629 quod
986 1557 1037 1612 ei
1086 1561 1289 1612 essent
1348 1556 1680 1612 increduli:
1727 1561 1783 1612 et
1831 1557 2125 1628 sagaciter

461 1647 684 1715 simper
721 1646 778 1701 in
812 1651 992 1719 caput
1029 1646 1265 1702 illorum
1308 1651 1564 1718 torquet,
1605 1662 1984 1718 quaecunque
2015 1660 2123 1716 pro

2214 485 2314 538 ἀπὸ
2346 495 2444 538 τῶν
2476 482 2676 538 οἶκείων
2709 487 3044 559 χειρούμενος
3075 485 3280 546 αύτούς.

2286 664 2345 718 Εἰ
2383 696 2450 704 -
2481 663 2723 739 ἔγραψεν.
2777 663 2837 716 Εἰ
2878 666 3066 716 πιστόν
3114 665 3301 716 ἐκεῖνον
3344 662 3620 736 ἑνομίζετε,
3675 661 3874 714 ἐπισ-

2217 756 2383 806 τεύετε
2440 752 2500 804 ἂν
2579 751 2712 821 ἐμοί.
2767 752 3077 806 Ἐνετείλατο
3125 755 3226 825 γὰρ
3289 753 3412 825 ὑμῖν
3479 751 3602 825 ἐμοῦ
3673 751 3873 803 ἀκού-

2220 861 2310 896 ειν.

2292 932 2350 984 Εἰ
2383 961 2449 974 --
2480 933 2781 984 πιστεύσετε
2810 947 2823 997 ;
2857 931 2916 984 Εἰ
2944 938 3058 992 ταῖς
3092 930 3286 984 ἐκείνου
3331 938 3665 1004 συγγραφαῖς
3705 929 3872 981 ἀττι-

2224 1028 2386 1072 στείτε
2408 1021 2461 1072 ὃν
2507 1017 2850 1091 διαφερόντως
2899 1025 3053 1090 τιμᾷν
3084 1025 3172 1072 καὶ
3214 1020 3457 1092 εὐφημεῖν
3501 1019 3872 1091 κομπάζετε,

2223 1118 2332 1170 πῶς
2357 1115 2466 1170 τοῖς
2496 1108 2634 1181 ἐξλωῖς
2658 1110 2864 1183 ῥήμασι
2893 1112 3219 1171 πιστεύσετε,
3252 1111 3305 1161 ὃν
3335 1106 3691 1182 διαφερόντως
3725 1107 3873 1158 ἀτι-

2225 1199 2415 1270 μάζετε
2468 1203 2557 1250 καὶ
2615 1196 2974 1270 βλασφημεῖτε
3008 1216 3020 1264 ;
3052 1197 3252 1270 Ὠσπερ
3313 1194 3401 1249 οὖν
3457 1202 3709 1271 πρότερον
3764 1196 3874 1248 ἐπὶ

2227 1294 2318 1338 τοῦ
2349 1288 2587 1338 Ἰωάννου
2631 1283 2913 1347 δοκοῦντας
2934 1286 3088 1338 αὐτὸν
3130 1287 3414 1358 θαυμάζειν
3445 1286 3624 1358 ἤλεγξε
3672 1305 3878 1336 κατα-

2230 1383 2539 1450 φρονοῦντας
2581 1395 2594 1408 ·
2622 1375 2754 1427 οὕτω
2779 1379 2868 1427 καὶ
2897 1382 2984 1426 νῦν
3023 1373 3106 1428 ἐπὶ
3131 1382 3222 1426 τοῦ
3249 1379 3512 1437 Μωῦσέως
3542 1373 3876 1434 δοκοῦντας

2231 1465 2371 1535 αύτῷ
2398 1467 2658 1517 πιστεύειν
2681 1461 2872 1526 ἔδειξεν
2893 1463 3233 1524 ἀπιστοῦντας
3255 1485 3266 1496 ·
3292 1469 3382 1516 καὶ
3404 1462 3481 1517 ἀεὶ
3511 1463 3874 1535 εὐμηχάνως

2232 1554 2303 1614 εἰς
2389 1559 2483 1611 τὴν
2576 1553 2798 1625 κεφαλὴν
2893 1553 3062 1605 αὐτῶν
3146 1558 3435 1628 περιτρέπει
3521 1555 3701 1604 πάντα
3786 1557 3870 1604 τὰ

2233 1639 2487 1695 δοκοῦντα
2539 1643 2665 1717 ύπερ
2725 1642 2912 1694 αὐτῶν.
2971 1646 3064 1703 Τίς
3127 1638 3215 1694 οὖν
3285 1643 3604 1714 παράνομος,
3659 1643 3691 1693 ὁ
3750 1662 3872 1694 σν-

461 1736 605 1808 ipsis
636 1735 828 1792 facere
881 1736 1172 1792 videntur.
1233 1736 1375 1801 Quis
1413 1751 1554 1807 ergo
1589 1741 1990 1804 transgressor
2016 1739 2120 1801 est,

2246 1738 2449 1803 ρὴγορον
2502 1733 2639 1803 ἔχων
2696 1733 2783 1783 τὸν
2831 1732 3110 1802 νομοθέτην
3160 1731 3188 1790 ἣ
3247 1733 3294 1783 οξ
3351 1736 3641 1804 κατήγορον
3677 1731 3867 1782 αὐτὸν

461 1824 589 1880 isne
613 1825 719 1896 qui
741 1825 1112 1880 defensorem
1137 1825 1320 1880 habet
1359 1825 1554 1896 ipsum
1600 1824 2023 1892 legislaturem,
2045 1839 2123 1879 an

463 1911 512 1968 is
549 1915 651 1985 qui
682 1912 846 1968 illum
876 1914 1102 1969 habent
1133 1919 1339 1968 contra
1370 1929 1430 1966 se
1479 1918 1887 1968 accusatorem
1921 1914 1946 1968 i

537 2005 678 2068 Cap.
727 2003 814 2056 Vl.
864 2003 1018 2056 Vers.
1071 2007 1118 2056 t.
1164 2001 1420 2057 Posthac
1459 2032 1527 2041 —
1583 2001 1914 2057 Tiberiadis.
1973 2003 2124 2056 Mare

466 2089 741 2155 Galilsee,
783 2091 907 2145 sive
935 2090 1279 2146 Tiberiadis.
1307 2093 1449 2146 Nam
1498 2096 1776 2158 stagnum
1804 2090 2123 2146 Tiberiadis

466 2184 638 2234 vocat
669 2195 832 2234 mare
870 2179 1142 2243 Galilaaas,
1183 2179 1332 2233 sicut
1361 2178 1417 2232 in
1446 2178 1763 2246 Evangelio
1787 2179 1953 2248 juxta
1983 2180 2124 2234 Mat-

467 2267 691 2324 tbeeum
731 2268 958 2323 dictum
1003 2273 1106 2324 est.
1151 2267 1302 2322 Abiit
1343 2272 1539 2322 autem
1585 2267 1742 2330 illuc,
1777 2267 1994 2322 cedens
2034 2268 2121 2322 fu-

468 2357 586 2414 rori
617 2357 955 2430 principum
983 2357 1210 2430 populi,
1235 2372 1489 2412 accenso
1511 2355 1589 2412 ob
1611 2357 1896 2430 praedicta
1917 2356 2118 2413 verba.

541 2536 709 2592 Vers.
758 2540 810 2591 2.
866 2538 929 2591 Et
966 2566 1034 2578 —
1069 2537 1173 2608 qui
1208 2535 1676 2604 inﬁrmabantur.
1715 2537 1902 2601 Quare
1956 2536 2128 2607 signa

470 2625 888 2698 particularius
917 2641 1036 2681 non
1078 2631 1382 2680 enumerat
1411 2623 1440 2678 ?
1468 2625 1619 2689 Quia
1646 2625 1739 2681 hic
1765 2625 2130 2694 evangelista

467 2715 624 2770 circa
645 2714 948 2770 doctrinas
968 2720 1022 2770 et
1041 2714 1358 2769 conciones
1389 2729 1458 2768 ac
1483 2714 1769 2782 dogmata
1786 2715 1978 2785 magis
2008 2730 2131 2769 ver.

471 2808 656 2859 satur.
692 2804 938 2873 Propter
967 2805 1132 2874 signa
1161 2809 1383 2865 autem,
1415 2818 1533 2857 non
1587 2808 1823 2876 propter
1848 2805 2132 2873 dogmata

470 2890 645 2947 turba
676 2891 800 2946 haec
815 2891 1199 2961 sequebatur,
1221 2893 1478 2946 crassius
1502 2891 1709 2946 affecta
1741 2892 1866 2946 :illa
1885 2891 2132 2956 vero,de

468 2996 591 3052 qua
605 2980 764 3052 apud
784 2979 1585 3048 Mattbaeumﬂbstupescebat
1609 2982 1669 3035 in
1684 2980 1948 3037 doctrina
1962 2982 2127 3053 ejus“.

544 3157 707 3212 Vers.
749 3160 799 3212 3.
835 3156 1114 3213 Ascendit
1141 3185 1211 3196 ——
1242 3158 1378 3212 suis.
1422 3155 1703 3212 Ascendit
1745 3156 1803 3212 in
1843 3162 2129 3223 montem,

472 3244 694 3300 docens
722 3261 834 3301 nos
863 3245 1229 3317 requiescere
1277 3262 1312 3301 a
1356 3245 1608 3300 tumultu
1649 3261 1718 3300 ac
1773 3247 2130 3312 turbatione,

471 3349 608 3404 quae
637 3334 693 3389 in
723 3335 922 3390 medio
943 3335 1150 3408 populi
1170 3339 1276 3390 est.
1297 3335 1446 3390 Nam
1473 3334 1548 3390 ad
1572 3334 2017 3408 philosophiam
2047 3353 2135 3390 sa-

474 3439 638 3479 cram
655 3431 794 3497 apta
819 3430 907 3480 est
933 3423 1214 3480 solitudo.

543 3513 904 3584 Frequenter
931 3529 1166 3585 quoque
1205 3513 1366 3568 solus
1416 3513 1542 3585 ipse
1573 3519 1835 3570 montem
1890 3515 2055 3583 petit,
2084 3517 2140 3570 et

471 3604 1221 3672 pernoctansorat,docens
1242 3617 1375 3667 nos,
1399 3602 1565 3674 quod
1581 3618 1718 3658 eum
1743 3603 1848 3674 qui
1880 3605 2139 3659 maxime

475 3687 554 3742 ad
606 3691 787 3744 Deum
823 3689 1072 3754 accedit,
1123 3693 1396 3761 oporteat
1429 3689 1506 3745 ab
1533 3689 1694 3745 omni
1727 3691 1982 3746 liberum
2009 3707 2140 3747 esse

476 3777 834 3844 turbatione,
867 3783 924 3833 et
972 3778 1172 3834 locum
1204 3778 1498 3851 inquirere
1532 3778 1788 3834 liberum
1815 3795 1850 3835 a
1883 3779 2142 3836 tumultu

476 3870 535 3922 et
571 3865 927 3923 turbatione.

548 3955 710 4010 Vers.
743 3959 797 4012 4.
825 3956 1092 4012 Instabat
1131 3961 1327 4012 autem
1379 3986 1444 3996 —
1481 3955 1842 4012 Judaeorum.
1893 3958 1958 4012 Et
1998 3973 2145 4030 quo-

479 4043 664 4098 modo
694 4059 810 4098 non
843 4044 1112 4099 ascendit
1141 4050 1196 4098 et
1237 4044 1363 4114 ipse
1414 4043 1490 4098 ad
1521 4042 1680 4100 diem
1747 4045 1984 4109 festum,
2038 4047 2144 4102 sed

479 4146 614 4184 cum
642 4146 852 4185 omnes
884 4131 1289 4202 Hierosolyma
1318 4130 1859 4202 proficiscerentur,
1887 4132 2015 4203 ipse
2046 4149 2145 4191 va-

477 4217 563 4273 dit
586 4218 644 4272 in
673 4217 994 4282 Galilaeam,
1027 4234 1138 4273 nec
1176 4218 1339 4274 solus
1379 4219 1524 4289 ipse,
1573 4219 1674 4274 sed
1725 4225 1779 4274 et
1816 4220 2144 4292 discipulos

481 4305 762 4361 adducit?
787 4306 935 4370 Quia
956 4306 1334 4375 ﬁgurativam
1365 4306 1557 4375 legem
1591 4308 1762 4363 tacite
1783 4309 1907 4378 jam
1936 4309 2145 4366 dissol-

478 4393 674 4460 vebat,
706 4395 1017 4450 occasione
1040 4400 1277 4466 sumpta
1315 4394 1393 4450 ab
1421 4396 1643 4450 invidia
1667 4397 2034 4456 Judmorum.

479 4487 608 4542 Non
629 4488 764 4556 post
783 4483 1027 4556 longum
1059 4485 1217 4539 enim
1245 4489 1480 4556 tempus
1507 4485 1686 4540 tinem
1721 4492 1846 4542 erat
1901 4487 2143 4559 imp0si-

482 4577 653 4628 turus
723 4572 1039 4644 figurativo
1118 4573 1382 4640 Paschaa,
1474 4589 1608 4630 vero
1668 4573 1951 4647 deinceps
2034 4585 2144 4634 tra-

483 4663 624 4716 dito.

549 4666 604 4718 to
662 4751 810 4807 CAP.
845 4751 978 4807 VIlI.
1012 4754 1091 4808 De
1116 4754 1368 4824 quinque
1385 4753 1627 4822 panibus
1655 4759 1710 4810 et
1749 4753 1967 4810 duobus

1195 4841 1436 4912 piscibus

556 4930 797 4984 νει-εδ.
859 4929 1001 4986 Cum
1049 4931 1375 4985 sustulisset
1399 4946 1537 5001 ergo
1590 4962 1658 4970 —
1701 4931 1798 4986 isti
1839 4932 1867 4985 ?
1916 4933 2142 4987 Dictum

483 5025 572 5078 est
601 5019 675 5076 de
703 5019 796 5075 his
827 5019 882 5074 in
917 5018 1032 5074 ﬁne
1066 5017 1330 5073 vicesimi
1373 5019 1561 5090 quinti
1613 5020 1822 5090 capitis
1849 5021 2148 5089 Evangelii

476 5110 650 5182 juxta
682 5107 1042 5174 Matthaaum,
1097 5105 1198 5162 ubi
1226 5105 1482 5163 habetur
1518 5123 1529 5162 :
1570 5108 1733 5164 Iesus
1772 5117 1960 5165 autem
2002 5110 2150 5168 dixit

551 5315 576 5349 ⁸
616 5311 813 5372 Matth.
844 5327 944 5376 vu,
967 5311 1058 5380 28,
1089 5313 1177 5376 22,
1233 5313 1322 5367 33.

2234 1825 2435 1893 ἔχοντες
2468 1837 2482 1886 ;

2306 2000 2447 2051 Μετά
2474 2004 2638 2050 ταῦτα
2671 2027 2736 2036 -
2779 1993 3110 2070 Τιϐεριάδος.
3151 2004 3253 2058 Τῆς
3286 1996 3559 2059 θαλάσσης
3595 2005 3698 2056 τῆς
3752 2003 3869 2049 Γα-

2233 2084 2455 2150 λιλαίας,
2480 2089 2599 2143 ἤτοι
2643 2095 2738 2146 τῆς
2768 2082 3094 2158 Τιϐεριάδος.
3128 2085 3414 2138 Θάλασσαν
3436 2089 3535 2158 γὰρ
3568 2094 3659 2146 τῆς
3688 2086 3865 2138 Γαλι-

2232 2174 2377 2234 λαίας
2404 2179 2496 2232 τὴν
2525 2171 2812 2247 Τιϐεριάδα
2841 2173 3024 2245 λίμνην
3057 2179 3233 2246 φησὶν,
3267 2177 3334 2234 ὡς
3357 2173 3404 2226 ἕν
3431 2183 3501 2244 τῷ
3525 2179 3660 2226 κατα
3691 2182 3859 2228 Ματ-

2238 2265 2379 2316 θαῖον
2432 2259 2748 2321 δεδήλωται.
2812 2263 3036 2321 Ἀπῆλθε
3089 2260 3147 2315 δε
3179 2261 3281 2315 ἐκεῖ
3323 2263 3744 2335 ὑπεξιστάμενος
3778 2275 3858 2336 τῷ

2238 2355 2384 2425 θυμῷ
2414 2360 2514 2404 τῶν
2546 2351 2813 2427 ἀρχόντων
2845 2361 2936 2404 τοῦ
2965 2352 3114 2416 λαοῦ,
3148 2351 3248 2404 ἀπὸ
3292 2353 3721 2426 τῶνξείρημένων,
3761 2353 3859 2407 λό-

2235 2463 2338 2514 γων
2367 2440 2657 2513 ἀναφθέντι.

2312 2535 2410 2582 Καὶ
2443 2561 2506 2570 --
2536 2529 2905 2582 ἀσθενούντων.
2936 2535 3083 2582 Διατί
3113 2531 3206 2582 ούκ
3235 2528 3544 2602 ἀπαγγέλλει
3564 2533 3680 2583 κατ’
3701 2530 3852 2596 εἶδος

2238 2622 2303 2671 τὰ
2335 2627 2526 2691 σημεῖα
2568 2635 2582 2685 ;
2614 2625 2756 2672 Διότι
2809 2621 2834 2670 ό
2865 2619 3236 2691 εὐαγγελιστης
3283 2620 3430 2681 οὗτος
3458 2626 3577 2694 περὶ
3615 2625 3709 2682 τὰς
3760 2620 3854 2675 δι-

2241 2705 2531 2769 δασκαλίας
2550 2713 2639 2760 καὶ
2667 2705 2999 2781 δημηγορίας
3025 2713 3114 2761 καὶ
3144 2711 3210 2760 τὰ
3249 2705 3492 2780 δόγματα
3522 2710 3717 2782 μᾶλλον
3749 2732 3850 2763 κα-

2241 2802 2522 2868 ταγίνεται.
2558 2800 2651 2850 Διά
2675 2800 2740 2849 τά
2764 2804 2958 2869 σημεῖα
2979 2793 3037 2849 δε
3075 2801 3163 2849 καὶ
3189 2797 3248 2849 ού
3298 2794 3391 2850 διὰ
3429 2800 3520 2858 τὰς
3573 2795 3848 2852 διδασκα-

2239 2885 2351 2947 λίας
2376 2889 2400 2937 ό
2433 2886 2585 2958 ὄχλος
2611 2886 2757 2946 οὗτος
2782 2885 3106 2944 ἠκολούθησε
3137 2887 3270 2957 ('29),
3299 2889 3600 2960 παχύτερον
3636 2886 3839 2940 διακεί-

2241 2995 2389 3048 μενος
2418 2992 2430 3004 ·
2463 2977 2488 3027 ό
2521 2972 2580 3027 δε
2609 2979 2751 3049 παρὰ
2778 2982 2848 3044 τῷ
2906 2977 3178 3046 Ματθαίῳ,
3222 2975 3604 3038 Ἐξεπλησσετο
3638 2977 3721 3030 ἐπὶ
3774 2986 3831 3048 τῇ

2243 3061 2452 3136 διδαχῇ
2487 3072 2577 3116 τοῦ
2609 3071 2860 3137 Σωτῆρος.
3177 3125 3186 3132 Ι

2314 3153 2529 3211 Ἀνῆλθε
2577 3185 2640 3193 -
2674 3153 2856 3207 αὐτοῦ.
2893 3153 3132 3211 ’Δνῆλθεν
3186 3153 3252 3214 εἰς
3299 3156 3357 3206 τὸ
3412 3158 3547 3229 ὅρος,
3583 3151 3812 3208 tandem:

2244 3245 2381 3314 ἡμᾶς
2407 3239 2826 3294 διαναπαύεσθαι
2857 3240 2956 3294 ἀπό
2987 3251 3086 3294 τῶν
3116 3242 3344 3315 θορύϐων
3375 3247 3464 3294 καὶ
3510 3252 3603 3304 τῆς
3633 3244 3681 3296 ἒν
3705 3247 3826 3316 μέσῳ

2244 3339 2508 3405 ταραχῆς.
2565 3327 2891 3389 Ἐπιτήδειον
2948 3333 3048 3405 γὰρ
3107 3335 3230 3406 πρὸς
3287 3331 3592 3405 φιλοσοφίαν
3639 3335 3670 3392 ἡ
3726 3331 3839 3405 ἐρη-

2246 3425 2364 3494 μία.

2321 3509 2570 3569 Πολλάκις
2613 3505 2646 3561 δ
2651 3513 2671 3561 ‘s
2700 3513 2790 3561 καὶ
2840 3515 2990 3581 μόνος
3021 3509 3177 3572 αὐτὸς
3200 3512 3256 3561 τὸ
3287 3514 3400 3585 ὅρος
3437 3509 3837 3581 καταλαμϐάνει,

2249 3602 2338 3650 καὶ
2369 3594 2770 3672 διανυκτερεύει,
2798 3603 2887 3650 καὶ
2917 3602 3148 3670 εὔχεται,
3179 3595 3452 3651 διδάσκων
3482 3601 3617 3672 ἡμᾶς
3647 3602 3724 3652 ὃτι
3759 3596 3842 3652 δεῖ

2249 3691 2337 3740 τὸν
2367 3686 2598 3759 μάλιστα
2634 3696 2746 3758 Θεῷ
2777 3692 3060 3761 προσιόντα
3088 3691 3264 3749 πάσης
3321 3687 3660 3760 ἀπηλλάχθαι
3691 3707 3843 3762 ταρα-

2251 3785 2380 3848 χῆς,
2423 3780 2512 3828 καὶ
2539 3781 2692 3828 τόπον
2737 3774 2996 3838 ἐπιζητεῖν
3031 3778 3258 3852 καθαρόν
3293 3775 3512 3852 θορύϐου
3557 3782 3647 3828 καὶ
3681 3797 3840 3852 ταρα-

2252 3873 2375 3938 χῆςο

2324 3953 2420 4005 Ἦν
2471 3950 2530 4006 δὲ
2582 3952 2738 4025 ἐγγύς
2793 3985 2862 3994 ~—
2902 3951 3190 4008 Ἰουδαίων.
3248 3954 3353 4008 Καὶ
3409 3962 3519 4016 πῶς
3562 3954 3658 4006 ούκ
3707 3954 3832 4005 ἀνα-

2256 4043 2417 4096 ϐαίνει
2482 4047 2570 4095 καὶ
2643 4042 2798 4103 αύτός
2882 4043 2951 4104 εἰς
3003 4048 3096 4102 τὴν
3173 4043 3371 4118 ἑορτὴν,
3442 4041 3571 4095 ἀλλὰ
3647 4045 3836 4095 πάντων

2255 4131 2591 4204 ἐπειγομένων
2651 4131 2724 4194 εἰς
2776 4134 2840 4183 τὰ
2885 4132 3240 4206 Ἰεροσόλυμα,
3297 4133 3448 4193 αὐτὸς
3511 4136 3721 4208 ἔρχεται
3766 4134 3832 4195 εἰς

2254 4224 2346 4278 τὴν
2374 4220 2648 4272 Γαλιλαίαν
2683 4237 2695 4286 ;
2732 4226 2831 4273 Καὶ
2875 4221 2968 4273 ούκ
3000 4221 3155 4284 αύτός
3193 4225 3368 4293 μόνος,
3419 4219 3549 4273 ἀλλὰ
3600 4229 3686 4274 καὶ
3723 4226 3833 4283 τοὺς

2253 4311 2492 4382 μαθητὰς
2546 4309 2859 4382 ἐπαγόμενος
2907 4330 2921 4378 ;
2972 4314 3114 4362 Διότι
3166 4311 3334 4382 ἡρέμα
3385 4309 3563 4363 λοιπὸν
3613 4311 3828 4373 ύπεξελνε

2253 4402 2339 4451 τόν
2379 4403 2595 4451 τυπικὸν
2625 4404 2797 4470 νόμον,
2859 4398 3094 4472 ἀφορμὴν
3145 4399 3416 4470 λαμϐάνων
3466 4397 3568 4452 ἀπὸ
3607 4408 3694 4452 τοῦ
3722 4402 3823 4471 φθόο

2253 4507 2340 4539 νου
2368 4496 2463 4539 τῶν
2497 4484 2784 4541 Ἰουδαίων.
2827 4492 2922 4539 Καὶ
2948 4491 3049 4562 γὰρ
3077 4487 3170 4540 ούκ
3197 4488 3263 4548 εἰς
3291 4490 3495 4562 μακρὰν
3527 4489 3691 4561 ἔμελλε
3713 4508 3818 4540 παυ-

2258 4577 2408 4632 θῆναι
2447 4579 2503 4628 τό
2530 4579 2746 4628 τυπικόν
2790 4577 3005 4647 Πάσχα,
3061 4571 3491 4650 παραδιδομένου
3539 4576 3703 4629 λοιπόν
3737 4581 3809 4624 τοῦ

2256 4663 2520 4722 ἀληθινοῦ.

2398 4754 2546 4806 ΚιζΦ.
2598 4751 2670 4806 ΙΙ’.
2708 4757 2832 4827 Περὶ
2860 4761 2959 4804 τῶν
2988 4756 3134 4805 πέντε
3172 4753 3341 4825 ἄρτων
3367 4758 3460 4806 καὶ
3487 4761 3576 4806 τῶν
3598 4747 3680 4802 δύο

2953 4841 3171 4913 ἰχθύων.

2328 4932 2556 5004 Ἐπιὲρας
2609 4926 2695 4983 οὖν
2741 4961 2810 4973 --
2871 4931 3062 4998 οὗτοι;
3113 4934 3333 5006 Εἴρηται
3380 4936 3499 5006 περὶ
3550 4933 3725 4983 τούτων
3781 4928 3818 4980 ἐν

2270 5029 2332 5090 τῷ
2372 5020 2498 5072 τέλει
2530 5028 2622 5073 τοῦ
2680 5021 2916 5073 εἰκοστοῦ
2965 5024 3201 5092 πέμπτου
3249 5019 3529 5092 κεφαλαίου
3578 5028 3665 5072 τοῦ
3711 5020 3827 5070 κατὰ

2262 5111 2549 5178 ΙιΙατθαίον,
2600 5112 2720 5164 ἔνθα
2774 5117 2938 5162 κεῖται
2989 5113 3071 5176 τὸ,
3117 5109 3174 5162 Ὀ
3229 5105 3289 5162 δι
3335 5110 3541 5171 Ἰησοῦς
3601 5106 3725 5162 εἶπεν
3753 5109 3828 5160 αύ-

1697 5491 1916 5561 Variaa
1947 5491 2278 5560 lectiones
2310 5501 2374 5560 et
2417 5499 2623 5560 notas.

554 5690 666 5762 (29)
695 5685 1000 5743 Ἠκολούθει
1023 5687 1090 5742 Α.
