4120 6310
366 245 519 311 123³1
1414 251 1783 310 (ᾸΟΜΜΕᾸΤ.
1829 254 1896 308 lN
1931 254 1993 309 JC

2147 254 2282 311 lEM.
2325 285 2397 299 -
2436 255 2592 310 CAP.
2632 252 2725 312 Vl.
3641 252 3774 314 1238

368 386 484 443 τοῖς
523 378 658 451 (30),
692 378 768 431 Οὐ
822 382 1011 453 χρείαν
1055 380 1275 451 ἔχουσιν
1328 379 1586 432 ἀπελθεῖν·
1628 376 1751 432 δότε
1805 378 1986 441 αὐτοῖς

2144 381 2175 437 's
2208 401 2222 437 :
2262 380 2397 438 Non
2422 387 2502 437 est
2528 380 2651 437 illis
2682 393 2901 437 necesse
2924 379 3137 451 egredi,
3169 378 3308 437 date
3337 394 3435 436 vos
3464 379 3588 437 illis
3608 382 3771 453 quod

374 470 522 542 ὑμεῖς
562 476 761 541 φαγεῖν.

695 476 761 519 ἰν.
2094 473 2321 528 edant“.

446 566 610 611 Τοῦτο
660 587 729 599 -
784 562 836 609 τί
898 558 1067 630 ἔμελλε
1115 566 1299 614 ποιεῖν.
1357 559 1490 611 Ἐκεῖ
1544 565 1634 611 καὶ
1693 565 1809 631 περὶ
1867 580 1983 613 του-

2165 565 2324 617 Vers.
2382 565 2433 617 6.
2486 562 2614 617 Hoc
2640 592 2710 602 —
2739 562 2838 633 qui
2880 566 3021 618 esset
3042 562 3343 630 facturus.
3404 561 3490 617 Ibi
3520 576 3763 635 quoque

370 666 464 698 του
519 643 929 718 διασεσάφηται.
994 650 1062 703 Τὸ
1114 644 1195 709 δε,
1245 648 1504 720 πειράζων
1553 649 1731 711 αὐτὸν,
1784 648 1983 723 ἀνθρω-

2136 667 2167 707 e
2193 652 2305 707 hoc
2330 651 2700 723 disputatum
2743 657 2848 706 est.
2898 650 3070 716 Quod
3132 655 3333 706 autem
3367 651 3466 714 ait,
3518 658 3760 707 lentam

370 744 645 810 ποπρεπώς
697 738 786 807 μεν
839 742 1032 788 νοεῖται
1087 739 1223 788 κατὰ
1268 741 1361 795 τήν
1414 736 1516 789 ἐκεῖ
1566 738 1816 811 ῥηθεῖσαν
1871 738 1982 801 ἐξή-

2133 757 2241 803 um.
2277 741 2547 796 humano
2594 740 2842 812 quidem
2875 740 3056 795 modo
3094 739 3624 810 intelligiturjuxta
3653 740 3760 797 da-

372 844 555 895 γησιν,
610 826 901 894 θεοπρεπῶς
953 825 1032 893 δε,
1088 824 1198 878 ἀντὶ
1253 834 1366 890 τοῦ,
1416 826 1482 886 εἰς
1526 825 1744 899 ἀπορίαν
1795 827 1981 899 ἐμϐάλ-

2129 846 2213 885 ιω
2263 829 2344 884 ibi
2397 830 2830 885 enarrationem
2890 848 2903 888 :
2964 828 3170 884 divino
3209 834 3408 884 autem
3452 829 3654 895 modo,
3692 833 3756 886 ut

371 912 472 965 λων
499 914 674 979 αὑτὸν,
710 914 811 977 ἵνα,
864 918 958 973 τήν
1011 914 1230 987 ἀπορίαν
1264 915 1617 987 ὁμολογήσας,
1669 914 1980 990 ἀκριϐέστε-

2126 919 2464 973 mtumdem
2497 919 2591 981 sit,
2612 934 2681 972 ac
2710 919 2753 972 si
2779 918 3013 972 dicatur
3045 936 3057 973 :
3094 918 3648 988 Indesperationem
3678 918 3753 973 de

374 1021 463 1075 ρον
514 1004 789 1075 καταμάθῃ
848 1010 940 1054 τοῦ
996 1003 1263 1075 μέλλοντος
1318 1007 1557 1075 γενέσθαι
1616 1006 1875 1076 θαύματος
1919 1010 1976 1057 τό

2125 1008 2353 1063 emedio
2383 1024 2520 1062 eum
2554 1007 2897 1077 conjiciens,
2942 1012 3009 1063 ut
3038 1007 3517 1077 desperationem
3556 1005 3752 1062 fassus

374 1093 609 1162 μέγεθος.
664 1092 722 1143 Εἰ
772 1094 872 1166 γὰρ
920 1092 1089 1152 ἁπλῶς
1137 1092 1350 1164 ἐγένετο,
1403 1093 1496 1144 οὐκ
1539 1095 1600 1145 ἄν
1632 1092 1787 1165 ἐφανη
1827 1094 1977 1152 τηλι-

2122 1096 2428 1165 .iligentius
2446 1095 3035 1166 cognosceret,fuisse
3056 1095 3600 1168 miraculum,quod
3618 1097 3749 1163 ipse

375 1189 579 1232 κοῦτον·
619 1183 682 1241 ὡς
713 1184 837 1241 Θεὸς
887 1185 987 1254 γὰρ
1020 1180 1285 1253 ἐγίνωσκε,
1319 1187 1370 1234 τί
1411 1181 1606 1254 ἔμελλεν
1646 1185 1671 1234 ό
1726 1184 1976 1246 Φίλιππος

2112 1184 2355 1239 'acturus
2391 1192 2551 1251 erat;
2586 1202 2725 1242 nam
2755 1185 2803 1239 si
2826 1192 3127 1256 utcunque
3168 1184 3389 1241 factum
3420 1190 3592 1249 esset,
3638 1202 3739 1241 ne-

377 1269 727 1344 ἀποκριθῆναι
740 1314 752 1327 ,

2117 1290 2388 1345 ῖιιιιψιεω
2416 1275 2530 1330 tale
2549 1275 2941 1346 apparuisset.
2966 1274 3267 1346 Siquidem
3288 1279 3567 1346 tanquam
3590 1276 3744 1330 Deus

2080 1369 2351 1432 noverat,
2392 1364 2538 1435 quid
2568 1379 2965 1435 responsurus
3013 1368 3171 1418 esset
3199 1363 3523 1435 Philippus.

449 1452 582 1500 Φασὶ
636 1444 696 1499 δέ
759 1466 889 1509 τινες
943 1448 1023 1499 ὃτι
1075 1449 1275 1521 λέγεται
1319 1451 1344 1501 ὁ
1393 1452 1510 1510 Θεὸς
1542 1452 1804 1523 πειράζειν
1858 1456 1971 1503 τινα

2154 1452 2331 1506 Aiunt
2386 1457 2584 1507 autem
2624 1452 2897 1524 quidam,
2938 1451 3103 1522 quod
3136 1452 3290 1505 Deus
3323 1452 3579 1523 aliquem
3612 1458 3740 1508 ten-

375 1539 507 1587 κατὰ
537 1532 633 1587 δύο
664 1541 905 1609 τρόπους,
940 1542 969 1595 ἦ
1028 1536 1112 1589 ἳνα
1158 1538 1356 1611 [ἐλέγξῃ
1412 1539 1524 1610 (31)
1565 1544 1657 1596 τήν
1705 1539 1969 1593 ἀσθένειαν

2113 1556 2202 1595 are
2222 1540 2462 1596 'dicitur
2490 1540 2730 1596 duobus
2788 1540 2983 1595 modis
3012 1557 3023 1593 :
3072 1539 3161 1594 vel
3181 1545 3243 1595 ut
3274 1540 3740 1596 imbecillitatem

375 1624 536 1676 αὐτοῦ
589 1627 760 1699 ὥσπερ
809 1634 897 1677 νῦν
952 1626 1034 1678 ἐπί
1081 1635 1171 1679 τοῦ
1232 1628 1507 1693 Φιλίππου,
1554 1633 1584 1687 ἤ
1639 1628 1774 1701 ἱνα]
1820 1627 1964 1703 δείξῃ

2110 1630 2203 1698 jus
2243 1635 2477 1698 arguat,
2520 1629 2675 1685 sicut
2705 1644 2866 1683 nunc
2897 1629 2955 1683 in
3003 1628 3278 1700 Philippo
3315 1646 3327 1694 ;
3370 1629 3461 1683 vel
3495 1635 3553 1683 ut
3581 1630 3737 1685 illius

375 1719 469 1771 τήν
519 1712 759 1788 ἀνδρείαν
818 1716 999 1777 αὐτοῦ,
1050 1719 1222 1791 ὥσπερ
1264 1717 1424 1769 πάλαι
1456 1717 1538 1769 ἐπὶ
1582 1726 1672 1770 τοῦ
1709 1718 1965 1790 Ἀϐραάμ.
1999 1765 2002 1770 .

2113 1719 2484 1773 )rtitudinem
2502 1717 3303 1788 ostendat,quemadmodum
3322 1717 3465 1773 olim
3486 1717 3539 1772 in
3555 1718 3740 1774 Abra-

376 1808 671 1873 Γέγραπται
698 1808 798 1875 γὰρ
846 1805 923 1856 ὃτι
954 1811 1043 1857 καὶ
1073 1804 1336 1878 ἐπείραζεν
1368 1808 1393 1857 ὁ
1426 1810 1556 1868 Θεός
1594 1811 1679 1858 τὸν
1707 1807 1963 1881 Ἂϐραὰμ,

2113 1807 2562 1876 ιδωςεοτὶρῐιιω
2615 1812 2702 1862 est
2749 1807 2931 1871 enim,
2979 1805 3142 1878 quod
3200 1806 3379 1862 etiam
3433 1807 3740 1863 tentaverit

374 1894 457 1944 ὅτε
488 1888 695 1951 δηλαδὴ
728 1892 1006 1966 ἀνενεγκεῖν
1046 1895 1184 1965 αὐτῷ
1214 1899 1300 1947 τὶν
1330 1898 1440 1947 υἱόν
1468 1896 1627 1948 αὐτοῦ
1658 1897 1729 1959 εἰς
1760 1897 1969 1971 ὁλοκάρ-

2109 1903 2234 1951 teus
2267 1897 2586 1961 Abraham,
2620 1913 2756 1952 cum
2810 1896 3016 1951 offerre
3041 1897 3092 1951 ei
3114 1895 3303 1952 ﬁlium
3348 1912 3508 1951 suum
3534 1897 3595 1952 in
3628 1897 3736 1952 ho-

376 2001 543 2033 πωσιν
573 1980 843 2035 ἐνετέλλετο
874 1984 1008 2054 (3'2).

2076 1984 2413 2040 locaustnm
2443 1984 2724 2056 praecepit
2764 1987 2807 2040 τ.

444 2070 721 2141 Ἀπεκρίθη
790 2104 856 2111 —
921 2071 1074 2144 λάϐῃ.
1143 2073 1277 2143 Ὅρα
1353 2079 1444 2131 τήν
1538 2072 1802 2126 ἀσθένειαν
1874 2084 1969 2136 τῆς

2151 2076 2307 2128 Vers.
2335 2080 2388 2127 7.
2426 2073 2731 2145 Respondit
2758 2105 2827 2115 —
2865 2073 3144 2141 accipiat.
3176 2073 3317 2128 Vide
3368 2072 3735 2131 imbecillita-

375 2156 611 2221 διανοίας
657 2168 748 2212 τοῦ
801 2161 1058 2213 Φιλίππου
1111 2167 1179 2234 μὴ
1230 2159 1532 2223 δυνηθέντος
1582 2163 1821 2222 ἐννοῆσαι
1874 2169 1967 2222 τήν

2108 2179 2198 2217 em
2227 2164 2439 2218 mentis
2470 2162 2733 2235 Philippi,
2775 2163 2875 2235 qui
2908 2163 3189 2218 virtutem
3229 2161 3554 2219 divinitatis
3604 2164 3735 2236 ejus

375 2245 595 2322 δύναμιν
624 2259 714 2310 τῆς
746 2251 986 2312 θεότητος
1023 2251 1203 2306 αὐτοῦ.

2078 2250 2395 2323 intelligere
2438 2268 2558 2307 non
2595 2257 2842 2323 poterat.

446 2342 597 2409 Λέγει
650 2370 716 2379 —
775 2344 1095 2407 τοσούτους;
1141 2343 1226 2393 Ἐν
1281 2349 1353 2410 τῷ
1408 2342 1628 2411 εἰκοστῷ
1690 2342 1818 2412 ἕκτῳ
1883 2360 1969 2393 κε-

2154 2340 2312 2395 Vers.
2362 2345 2414 2395 8.
2467 2342 2625 2396 Dicit
2669 2372 2735 2384 —
2787 2341 2950 2396 Vers.
3006 2344 3056 2394 9.
3120 2341 3336 2395 multo:
3386 2342 3414 2396 ‘I
3447 2341 3736 2397 Vicesimo

373 2426 572 2499 φαλαίῳ
624 2435 714 2480 τοῦ
762 2430 1034 2481 Ματθαίου
1084 2431 1197 2494 (33)
1248 2436 1336 2482 καὶ
1374 2435 1490 2502 περὶ
1538 2433 1723 2482 τούτου
1775 2427 1968 2487 διείλη-

2109 2434 2243 2483 exto
2282 2429 2477 2500 capite
2531 2429 2825 2498 Evangelii
2863 2430 3033 2498 juxta
3086 2429 3420 2483 Matthaaum
3455 2430 3631 2484 etiam
3662 2432 3736 2485 de

370 2536 521 2573 πται.
577 2516 921 2591 ’Υψηλοτέραν
971 2520 1059 2590 μεν
1096 2514 1183 2569 οὖν
1226 2521 1354 2589 ἔσχε
1391 2517 1625 2571 διάνοιαν
1656 2521 1681 2570 ό
1722 2516 1968 2592 Ἀνδρίας

2107 2534 2185 2571 ιοο
2215 2518 2582 2587 disputatum
2636 2524 2742 2572 est.
2780 2516 3173 2571 Excelsiorem
3219 2518 3417 2587 itaque
3476 2523 3734 2575 mentem

370 2608 512 2680 παρὰ
544 2610 629 2657 τόν
689 2606 957 2659 Φίλιππον·
1001 2606 1095 2657 οὐκ
1143 2609 1332 2677 ἔφθασε
1374 2603 1431 2658 δε
1479 2611 1609 2679 πρός
1654 2611 1712 2657 τὸ
1756 2606 1967 2660 τέλειον.

2104 2607 2333 2661 ιεὸθὺειι
2369 2607 2633 2661 Andreas
2663 2621 2851 2677 quam
2902 2604 3206 2675 Philippus
3260 2620 3272 2658 :
3303 2605 3380 2660 ad
3423 2605 3481 2660 id
3510 2612 3731 2677 tamen,

374 2694 610 2765 Ἐνόμισε
696 2698 797 2766 γὰρ
878 2696 957 2746 ὅτι
1030 2693 1130 2745 ἀπὸ
1215 2697 1304 2766 μεν
1381 2694 1655 2746 ἐλαττόνων
1728 2694 1970 2746 ἐλάττονα

2124 2694 2243 2749 uod
2294 2694 2620 2766 perfectum
2672 2700 2817 2758 erat,
2878 2708 2996 2747 non
3044 2693 3387 2761 attingebat.
3437 2695 3746 2766 Cogitabat

373 2788 602 2847 ποιήσει,
659 2780 758 2833 ἀπὸ
817 2779 875 2834 δε
926 2782 1167 2834 πλειόνων
1223 2782 1433 2835 πλείονα
1480 2784 1618 2851 (34).
1675 2786 1768 2835 Διά
1815 2790 1968 2834 τοῦτο

2118 2783 2233 2837 nim
2279 2783 2444 2854 quod
2493 2799 2565 2838 ex
2629 2782 3010 2855 paucioribus
3062 2782 3349 2853 pauciora
3385 2782 3620 2851 faceret,
3673 2802 3742 2841 ex

374 2872 707 2943 προσέθηκεν⁸
769 2870 924 2921 Ἀλλὰ
979 2878 1142 2922 ταῖτα
1197 2876 1247 2923 τί
1316 2870 1454 2923 ἐστιν
1526 2873 1594 2932 είς
1651 2875 1964 2939 τοσούτους;

2123 2870 2352 2926 luribus
2401 2878 2602 2928 autem
2658 2872 2853 2943 plura.
2918 2871 3056 2926 Ideo
3086 2871 3267 2926 etiam
3304 2871 3601 2928 addebat:
3632 2874 3746 2930 Sed

2085 2960 2216 3026 haec,
2259 2962 2418 3033 quid
2443 2968 2575 3015 sunt
2604 2963 2761 3017 inter
2790 2968 2906 3015 tam
2944 2961 3155 3015 multos
3186 2961 3214 3016 ?

450 3045 569 3099 Εἷπε
596 3078 660 3086 —
701 3047 1141 3119 πεντακισχίλιοι.
1176 3049 1258 3100 Ἐν
1289 3057 1359 3118 τῷ
1392 3046 1672 3107 δηλωθέντι
1711 3050 1968 3122 κεφαλαίῳ
2002 3074 2041 3128 C

2152 3052 2314 3107 Vers.
2349 3054 2433 3107 10.
2467 3051 2627 3107 Dixit
2657 3082 2725 3091 —
2767 3049 3073 3122 quinquies
3122 3048 3298 3106 mille.
3332 3049 3607 3105 Praedicta
3648 3068 3748 3107 ca-

375 3137 687 3209 πλατύτερον
726 3142 844 3209 περὶ
873 3140 1063 3189 τούτων
1095 3141 1316 3209 εἰρηται.
1350 3139 1459 3191 Οὐκ
1491 3138 1882 3213 εθορυϐηθησαν
1908 3135 1967 3191 δὲ

2122 3139 2197 3195 ite
2219 3140 2397 3196 latius
2426 3140 2497 3195 de
2528 3141 2619 3196 his
2647 3140 2872 3195 dictum
2896 3143 3001 3194 est.
3035 3140 3162 3193 Non
3202 3146 3340 3193 sunt
3392 3143 3591 3194 autem
3625 3145 3744 3195 tur-

373 3228 419 3277 νιὶ
448 3228 698 3297 μαθηταὶ,
748 3225 852 3277 ἀλλ’
903 3226 1095 3278 αὐτίκα
1139 3232 1346 3298 γνόντες
1387 3230 1466 3280 ὅτι
1499 3230 1967 3300 θαυματουρῇσαι

2120 3230 2196 3284 ati
2236 3229 2533 3301 discipuli,
2581 3229 2685 3284 sed
2716 3229 2987 3297 protinus
3020 3226 3262 3295 cognito
3290 3226 3453 3297 quod
3487 3228 3743 3285 miracu-

370 3315 558 3389 μέλλει,
591 3312 927 3377 ἀδιστάκτως
959 3317 1287 3372 ὑπήκουσαν.

2118 3334 2200 3373 ιω
2230 3325 2584 3390 operaturus
2633 3322 2804 3382 esset,
2837 3317 3067 3388 absque
3099 3314 3219 3370 ulla
3245 3315 3580 3372 haesitantia
3601 3317 3745 3374 obe-

2075 3406 2364 3461 diverunt.

436 3492 624 3547 Ἕλαϐε
673 3524 741 3532 -
796 3492 994 3551 ἤθελον.
1063 3493 1143 3546 Ἐν
1210 3495 1381 3564 ἑκείνῳ
1426 3498 1515 3544 καὶ
1580 3499 1697 3566 περὶ
1771 3496 1963 3545 τούτων

2145 3496 2305 3550 Vers.
2342 3496 2396 3550 11
2445 3494 2683 3563 Accepit
2723 3522 2791 3533 —
2815 3492 3086 3547 volebant.
3128 3494 3187 3547 In
3223 3507 3293 3547 eo
3325 3491 3519 3564 capite
3557 3494 3738 3549 etiam

368 3582 624 3655 εὑρήσεις.

2072 3585 2147 3640 de
2176 3585 2268 3639 his
2302 3585 2590 3640 invenies.

432 3669 519 3729 Ὠς
573 3700 643 3712 -ο
697 3669 1039 3743 βεϐρωκόσιν.
1098 3670 1316 3738 Ὁμοίως
1390 3675 1479 3723 καὶ
1548 3676 1665 3742 περὶ
1744 3675 1956 3727 τούτων.

2145 3675 2302 3727 Vers.
2337 3678 2418 3727 t2.
2492 3674 2659 3729 Ut—
2724 3671 2890 3726 Vers.
2957 3674 3044 3727 13.
3078 3671 3183 3742 qui
3235 3670 3618 3726 comederunt.
3656 3672 3741 3726 Si-

366 3757 626 3811 Ἐκέλευσε
709 3756 766 3811 δε
840 3767 1150 3830 συναγαγεῖν
1229 3762 1292 3811 τὰ
1355 3763 1792 3833 περισσεύσαντα,
1866 3762 1960 3812 οὐκ

2108 3762 2285 3816 militer
2314 3768 2368 3816 et
2398 3762 2471 3816 de
2517 3762 2629 3816 his.
2663 3761 2848 3815 Iussit
2873 3766 3071 3815 autem
3124 3759 3314 3823 colligi
3357 3776 3491 3830 quae
3524 3775 3735 3829 super-

365 3843 660 3909 ἑπιδείζεως
709 3849 888 3914 ἕνεκεν,
924 3847 1030 3898 ἀλλ’
1081 3850 1162 3899 ἵνα
1209 3852 1280 3920 μή
1333 3845 1461 3920 δόξῃ
1511 3854 1771 3920 φαντασία
1800 3853 1958 3909 τιςτό

2108 3856 2318 3915 ierant,
2355 3867 2471 3905 non
2505 3851 2919 3905 ostentationis
2951 3849 3159 3918 gratia,
3188 3848 3290 3902 sed
3317 3864 3388 3902 ne
3412 3848 3735 3918 phantasia

362 3941 641 4007 γενόμενον.
698 3936 783 3998 Ἐξ
848 3937 1185 4003 ὑποκειμένης
1254 3934 1313 3988 δε
1380 3937 1506 3996 ὕλης
1569 3935 1817 3994 ἐπλήθυνε
1870 3944 1959 3991 καὶ

2108 3946 2400 4011 ppareret,
2430 3940 2593 4011 quod
2650 3939 2870 3993 factum
2922 3944 3068 3993 erat.
3103 3937 3181 3991 Ex
3213 3936 3479 4006 subjecta
3531 3942 3733 3993 autem

359 4028 473 4084 τοὺς
506 4027 696 4099 οἶρτους
724 4030 814 4076 καὶ
866 4029 986 4086 τοὺς
1027 4025 1238 4096 ἰχθύας,
1296 4022 1369 4077 δι’
1409 4025 1534 4077 αὐτὸ
1581 4045 1633 4077 τε
1664 4034 1833 4095 τοῦτο,
1869 4032 1957 4079 καὶ

2104 4030 2316 4084 sateria
2345 4029 2456 4101 (qq)
2480 4034 2533 4083 et
2563 4044 2751 4099 panes
2781 4026 3197 4097 multiplicavit
3247 4032 3303 4079 et
3342 4025 3534 4095 pisces
3568 4040 3577 4077 :
3608 4040 3731 4081 non

363 4114 443 4165 ἵνα
494 4117 727 4187 ἐμφραγῇ
792 4115 858 4164 τὰ
914 4118 1152 4185 στόματα
1212 4122 1311 4165 τῶν
1360 4121 1769 4187 Μαρκιωνιστῶν
1819 4116 1949 4186 (35),

2114 4119 2231 4173 uod
2263 4119 2513 4173 materia
2553 4118 2863 4185 indigeret,
2915 4117 3066 4171 sicut
3104 4131 3299 4187 neque
3355 4119 3487 4186 post
3538 4130 3731 4169 resur-

360 4204 538 4264 οῖτινες
567 4199 912 4254 διαϐάλλουσι
944 4208 1036 4262 τὴν
1064 4208 1257 4267 κτίσιν,
1284 4204 1552 4277 ληροῦντες
1584 4206 1663 4255 ὃτι
1690 4204 1782 4255 οὐκ
1814 4208 1953 4256 ἔστιν

2096 4208 2381 4263 actionem
2415 4222 2569 4278 cpus
2612 4205 2692 4260 illi
2738 4204 2846 4260 fuit
2888 4204 3152 4270 materia,
3196 4204 3296 4259 sed
3338 4210 3400 4257 ut
3428 4218 3533 4258 ora
3584 4205 3723 4258 Mar-

360 4293 487 4349 αὕτη
521 4296 724 4364 ποίημα
753 4298 843 4343 τοῦ
875 4299 1027 4346 Θεοῦ.

2101 4296 2449 4351 ionistarum
2476 4295 2828 4353 Obstrueret.
2863 4293 2965 4365 qui
2997 4297 3328 4348 creaturam
3353 4291 3728 4347 calumnian-

1986 4424 2029 4477 Β
2062 4388 2155 4438 tur
2193 4384 2532 4450 delirantes,
2554 4382 2880 4438 asserendo
2898 4396 3021 4436 non
3050 4395 3179 4435 esse
3202 4396 3238 4435 a
3268 4383 3382 4435 Deo
3414 4379 3651 4434 factam.

427 4475 492 4523 Οὶ
531 4503 597 4513 --
653 4476 869 4544 κόσμον.
906 4478 974 4524 Ὤ
1024 4469 1291 4544 προδήλου
1331 4476 1751 4545 γαστριμαργίας
1789 4471 1799 4524 i
1844 4492 1949 4543 μυ·
1986 4466 2025 4477 ”

2136 4474 2297 4527 Vers.
2333 4476 2413 4527 14.
2433 4473 2529 4527 Illi
2554 4470 2942 4527 —-mundum.
2977 4472 3019 4525 Ο
3043 4468 3419 4524 manifestam
3443 4466 3725 4536 gulosita-

354 4566 444 4634 ρία
488 4565 576 4633 μὲν
636 4566 880 4634 πρότερον
937 4563 1337 4634 θαυμαστότερα
1401 4564 1585 4613 τούτου
1643 4562 1948 4632 θεασάμενοι

2094 4563 2226 4616 em!
2282 4578 2418 4617 cum
2471 4562 2779 4615 innumera
2831 4558 2997 4629 prius
3054 4557 3361 4621 vidissent,
3433 4572 3562 4625 quae
3612 4555 3721 4610 hoc

356 4648 504 4703 at}de
530 4659 760 4703 τοιοῦτον
794 4650 1158 4722 ὡμολόγησαν·
1211 4653 1293 4703 ὅτε
1337 4648 1394 4702 δὲ
1426 4649 1798 4713 ἔνιπλήθησαν,
1834 4655 1947 4702 τότε

2092 4656 2223 4705 rant
2254 4650 2639 4712 mirabiliora,
2691 4647 2835 4702 nihil
2875 4647 2989 4701 tale
3028 4645 3283 4699 confessi
3340 4650 3475 4698 sunt
3518 4660 3530 4697 :
3581 4660 3718 4699 cum

356 4748 531 4792 τοῦτον
564 4737 691 4793 εἶναι
735 4744 820 4792 τόν
848 4744 1117 4811 προφήτην
1166 4740 1353 4811 ἔλεγον,
1396 4743 1481 4790 τὸν
1514 4736 1946 4812 προσδοκώμενον

2098 4744 2256 4793 utem
2287 4737 2512 4809 impleti
2543 4742 2701 4800 sunt,
2735 4743 2876 4789 tunc
2906 4735 3065 4789 hunc
3098 4749 3225 4788 esse
3250 4732 3600 4803 prophetam
3629 4731 3718 4785 di-

356 4830 527 4889 αυτοῖς
561 4828 660 4882 ἀπὸ
689 4838 783 4891 τῆς
808 4830 1069 4890 Μωΰσίως
1108 4828 1428 4900 ἐπαγγελίας.

2098 4832 2289 4891 erunt,
2322 4827 2424 4897 qui
2464 4842 2531 4880 ex
2558 4826 2728 4882 Mosis
2754 4822 3152 4896 promissione
3191 4821 3270 4877 ab
3300 4820 3383 4875 eis
3415 4825 3722 4892 exspecta-

2056 4915 2248 4971 batur.

426 5016 446 5049 ⁸
474 5014 674 5072 Matth.
708 5030 819 5080 xw,
858 5016 942 5070 16.
1017 5016 1036 5048 ⁷
1073 5015 1216 5071 Gen.
1256 5030 1386 5081 ιλιι,
1427 5020 1471 5070 1.

1556 5111 1779 5181 Variae
1818 5111 2145 5180 lectiones
2178 5122 2243 5179 et
2290 5118 2493 5178 nota.

424 5258 535 5325 (30)
569 5252 717 5326 Αὐτῷ
746 5256 814 5310 Α.
933 5324 940 5326 Α
970 5324 982 5326 _
2128 5255 2241 5326 (33)
2276 5261 2377 5307 Τοῦ
2409 5253 2544 5305 κατὰ
2567 5252 2832 5326 Murenam
2862 5251 2928 5307 A.

424 5258 535 5325 (30)
569 5255 717 5327 Αὐτῷ
746 5256 814 5310 Α.

418 5328 532 5400 (31)
565 5327 795 5382 Inclusa
818 5324 1165 5382 exciderunt
1193 5329 1256 5383 Α.
1292 5328 1415 5384 Mox
1446 5326 1658 5399 legitur
1695 5327 1940 5394 ibidem,

418 5399 509 5461 ίξει
538 5405 593 5454 et
624 5395 862 5469 ἀνδρίαν.
1564 5430 1565 5433 π

2152 5255 2241 5326 33)
2276 5261 2377 5307 Τοῦ
2409 5255 2544 5305 κατὰ
2567 5255 2781 5305 Ματθαῖι

1154 5334 1165 5382 ‘L
1193 5329 1256 5383 Α.
1292 5328 1415 5384 Mox
1446 5326 1658 5399 legitur
1695 5327 1940 5394 ibidem,
2126 5255 2241 5469 έεεγ
2272 5329 2490 5383 Ποιήσει
2521 5323 2689 5379 addit
2719 5327 2781 5378 Α.

1564 5430 1565 5433 π
2127 5401 2217 5467 (35
2274 5403 2673 5469 Μαρκιανιστῶν
2704 5398 2769 5449 Α.

353 5395 862 5543 δεέἱεὲᾆθνὲἀνέρίαν.
909 5476 945 5523 Α
1507 5395 1529 5399 ⁷
1564 5430 1565 5433 η
2127 5395 2241 5469 (35)
2274 5403 2673 5470 Μαρκιανιστῶν
2704 5398 2769 5449 Α.

620 5489 701 5522 ντε
736 5486 875 5523 Λεται
957 5512 968 5523 .

620 5486 875 5523 ντεΑΛεται
909 5486 945 5523 Α
957 5512 968 5523 .

444 5597 535 5668 qq)
552 5596 687 5651 Non
711 5596 864 5668 quod
887 5627 951 5668 έ
972 5596 1242 5652 materia.
1272 5595 1718 5667 Etpropterhoc
1743 5596 2067 5667 ipsummet
2108 5596 2171 5648 ut
2210 5608 2394 5649 ora...
2442 5590 2561 5648 Alia
2577 5591 2674 5648 hic
2703 5589 2761 5646 in
2794 5605 2905 5647 suo
2931 5590 3185 5657 codices,
3219 5589 3383 5649 haud
3414 5586 3678 5645 absurda

353 5666 587 5725 videtur
614 5666 908 5725 invenisse
939 5666 1247 5739 interpres.
