4120 6310
425 215 565 274 1239

496 346 660 400 Vers.
698 347 782 400 15.
811 341 1061 401 Jesus—
1084 343 1267 400 solus.
1295 341 1476 414 Papa:
1512 340 1526 398 t
1558 343 1783 413 quanta
1805 342 1893 395 est
1941 335 2092 409 gula
2129 333 2174 389 A

428 433 963 506 tyrannis,quanta
987 438 1074 488 est
1095 433 1309 488 mentis
1326 432 1573 486 istorum
1591 430 1798 485 levitas
1815 445 1884 484 ac
1904 434 2093 484 muta-

427 524 625 580 bilitas
653 523 681 580 ‘l
711 523 937 595 repleto
985 523 1143 578 enim
1199 527 1400 576 ventre
1444 521 1648 576 omnia
1700 519 1815 574 illis
1859 524 2003 581 erat,
2037 522 2095 573 et

427 613 718 688 prOphcta
757 617 811 668 et
861 627 1049 684 regno
1105 611 1348 683 dignus.
1405 610 1671 666 Christus
1730 625 1873 663 vero
1922 609 2088 677 fugit,

429 702 752 759 ostendens
798 701 1108 771 fugiendas
1137 716 1269 756 esse
1317 700 1634 772 dignitates
1667 699 1990 764 humanas,
2025 713 2094 752 ac

431 797 697 848 terrenos
745 791 1023 855 honores,
1081 796 1136 846 et
1186 789 1602 861 despiciendas
1642 803 1770 844 esse
1813 804 1944 860 qua?
1997 787 2093 842 hic

431 882 587 938 clara
627 883 786 936 sunt.

503 969 682 1042 Atqui
714 969 1000 1041 prapheta
1038 969 1185 1024 dixit
1232 986 1244 1024 :
1280 970 1424 1024 Ecce
1479 983 1588 1024 rex
1621 974 1757 1022 tuus
1793 967 1952 1022 venit
1982 966 2097 1020 tibi

431 1065 761 1114 mansuetus
785 1058 825 1111 ⁸.
849 1058 963 1112 Sed
985 1073 1236 1129 regnum
1268 1057 1416 1112 dixit
1440 1056 1694 1122 cmleste,
1722 1057 1796 1111 de
1822 1071 1943 1128 quo
1969 1055 2096 1126 ipse

431 1163 677 1275 qugqilgf
712 1145 980 1203 Christus
1006 1147 1085 1202 ait
1118 1166 1130 1206 :
1161 1147 1406 1219 Regnum
1429 1161 1618 1203 meum
1648 1161 1759 1201 non
1779 1151 1857 1201 est
1887 1159 1962 1200 ex
1991 1144 2096 1199 hoc

433 1237 525 1275 mu
674 1258 687 1272 .

433 1237 687 1275 munao'.

721 1395 876 1453 CAP.
905 1396 992 1450 1X.
1037 1395 1114 1450 De
1139 1393 1519 1451 ambulatione
1555 1393 1614 1448 in
1641 1394 1806 1448 mari.

509 1486 675 1540 Vers.
733 1486 817 1539 16.
873 1484 939 1539 At
995 1483 1092 1538 ubi
1133 1513 1198 1523 -
1232 1482 1396 1538 Vers.
1457 1487 1540 1537 t7.
1585 1484 1972 1552 Capernaum.
2018 1483 2094 1537 De

436 1573 795 1630 scenderunt
825 1588 946 1628 non
969 1577 1183 1644 sponte
1219 1587 1350 1638 sua,
1380 1571 1481 1626 sed
1511 1570 1588 1626 ab
1607 1587 1675 1625 eo
1697 1571 1905 1625 coacti.
1944 1570 2096 1626 Dixit

436 1663 595 1718 enim
634 1663 941 1719 Matthteus
988 1661 1275 1733 praedicto
1325 1659 1611 1716 vicesimo
1650 1665 1815 1715 sexto
1847 1659 2034 1729 capite
2075 1677 2087 1715 :

436 1753 754 1822 Statimque
793 1751 1072 1820 compulit
1127 1751 1287 1807 Jesus
1315 1748 1637 1819 discipulos,
1675 1756 1736 1803 ut
1771 1750 2095 1804 conscende-

437 1849 563 1898 rent
576 1842 874 1911 navigium
888 1845 939 1894 et
957 1856 1011 1895 se
1025 1839 1405 1910 praecederent
1426 1839 1488 1894 in
1511 1839 1848 1895 ulteriorem
1876 1839 2092 1905 ripam.

438 1930 617 1986 donec
653 1930 950 1984 dimisisset
993 1929 1193 1984 turbas
1223 1945 1234 1982 :
1269 1945 1504 1999 cumque
1529 1929 1840 1984 dimisisset
1869 1927 2092 1991 turbas,

438 2019 698 2076 ascendit
727 2019 790 2073 in
838 2024 1080 2074 montem
1121 2019 1353 2073 seorsim
1411 2017 1489 2072 ad
1540 2017 1850 2072 orandum.
1917 2014 2094 2072 Facta

437 2115 631 2164 autem
668 2122 911 2177 vespera
950 2108 1104 2163 solus
1144 2113 1268 2162 erat
1307 2107 1436 2162 illic
1466 2107 1531 2157 ιο.

511 2289 730 2342 Horum
762 2285 1033 2341 omnium
1067 2299 1284 2340 causas
1313 2284 1392 2340 ibi
1416 2283 1912 2354 signiﬁcavimus,
1952 2288 2008 2340 et
2033 2284 2097 2339 il-

437 2375 526 2432 las
553 2375 701 2445 lege.
733 2373 976 2430 Attende
994 2389 1130 2429 vero
1152 2373 1316 2446 quod
1346 2383 1665 2445 postquam
1695 2373 1902 2429 turbas
1925 2373 2098 2429 dimi-

437 2465 630 2530 sisset,
664 2481 802 2520 cum
833 2469 1072 2536 stupore
1116 2464 1347 2533 signum
1381 2463 1658 2518 admirati
1691 2468 1848 2527 sunt,
1883 2463 1986 2519 ubi
2017 2463 2092 2520 ad

438 2570 502 2610 se
540 2559 735 2610 mente
765 2553 1100 2616 rediissent,
1151 2558 1206 2607 et
1235 2552 1448 2608 reverti
1483 2552 1875 2608 decreverunt
1904 2568 1974 2608 ac
2003 2569 2093 2608 ra-

437 2659 578 2716 pere
606 2659 766 2712 eum,
796 2647 860 2698 ut
889 2645 1157 2698 crearent
1186 2643 1386 2714 ipsum
1420 2657 1639 2712 regem.

513 2821 673 2877 Vers.
703 2823 789 2876 17.
812 2823 888 2875 Et
903 2821 1032 2890 jam
1057 2819 1320 2875 tenebrae.
1350 2820 1598 2875 -—Vers.
1630 2824 1717 2874 2t.
1754 2820 1937 2875 ibant.
1967 2821 2097 2876 Non

437 2910 777 2967 veneratad
823 2925 934 2974 eos,
969 2909 1081 2964 hoc
1110 2915 1218 2973 est,
1252 2923 1371 2963 non
1411 2915 1773 2980 apparuerat
1797 2909 1903 2974 eis,
1946 2909 2098 2964 sicut

438 2997 827 3070 postmodum
885 2997 1041 3065 fecit,
1096 2996 1200 3051 sed
1267 2997 1534 3063 permisit
1589 3014 1693 3054 eos
1745 2997 1978 3053 tentari.
2031 2999 2093 3052 In

438 3088 558 3143 fine
614 3092 813 3142 autem
877 3086 1318 3159 prmmemorati
1381 3087 1645 3142 vicesimi
1695 3087 1840 3142 sexti
1885 3087 2094 3159 capitis

439 3175 739 3246 Evangelii
797 3175 1128 3232 secundum
1184 3175 1538 3238 Mattbaeum.
1595 3182 1653 3231 et
1683 3176 1966 3231 vicesimo
2011 3193 2098 3232 se-

437 3266 626 3337 ptimo
677 3265 752 3321 de
799 3265 894 3321 his
938 3263 1221 3320 omnibus
1263 3264 1545 3320 invenies.
1603 3266 1740 3331 Quae
1809 3282 1942 3322 vere
2006 3281 2097 3321 se-

437 3361 722 3427 quuntur,
756 3352 1429 3426 preetermisitJoannes,
1462 3359 1659 3426 utpote
1694 3353 1772 3409 ab
1801 3354 1930 3409 aliis
1960 3371 2097 3411 con-

439 3442 677 3514 scripta.
727 3442 930 3515 Itaque
960 3457 1032 3498 ea
1090 3440 1315 3506 scribit,
1356 3456 1490 3513 quae
1548 3441 1620 3496 ab
1679 3441 1808 3498 aliis
1871 3442 2100 3497 omissa

441 3537 628 3587 erant.

511 3619 628 3674 Nos
670 3634 813 3688 ergo
868 3618 1017 3674 alios
1064 3623 1438 3675 enarratores
1479 3619 1684 3688 secuti,
1733 3619 2100 3675 ostendimus

439 3709 598 3766 hanc
643 3708 825 3764 fuisse
881 3707 1430 3764 deambulationem
1487 3724 1666 3780 super
1709 3725 1873 3764 mare
1921 3725 2099 3781 quam

442 3798 748 3855 Matthaeus
786 3803 842 3854 et
870 3800 1097 3855 Marcus
1139 3797 1506 3870 scripserunt
1537 3801 1600 3854 ⁸³.

515 3976 964 4049 Chrysostomus
1028 3991 1164 4030 vero
1215 3976 1558 4045 conjectans
1615 3977 1695 4032 ait
1725 3977 1882 4033 hanc
1921 3977 2100 4033 aliam

444 4066 627 4123 fuisse
648 4066 726 4121 ab
748 4066 847 4124 illa
876 4083 889 4120 :
919 4064 1238 4119 verisimile
1261 4065 1420 4120 enim
1450 4081 1602 4130 esse,
1626 4067 1786 4138 quod
1818 4067 1916 4122 illa
1939 4067 2100 4138 prius

445 4153 634 4209 fuerit.
666 4153 884 4208 Deinde
916 4157 1045 4223 post
1074 4152 1300 4224 aliquot
1329 4152 1458 4207 dies
1489 4153 1676 4210 turbae
1715 4154 2104 4211 decreverunt

446 4247 509 4298 ut
528 4246 806 4312 raperent
830 4257 988 4306 eum,
1016 4240 1194 4296 veluti
1243 4240 1470 4296 dictum
1506 4247 1596 4297 est
1648 4260 1664 4308 ;
1698 4260 1818 4314 quo
1868 4245 2103 4314 cognito

445 4345 651 4388 rursus
681 4328 940 4385 Christus
968 4329 1025 4384 in
1051 4334 1311 4385 montem
1339 4330 2100 4403 discessitcumdiscipulis,

445 4419 648 4492 ibique
674 4417 838 4475 solus
869 4420 1124 4485 secessit,
1157 4421 1283 4474 sive
1310 4419 1368 4475 in
1411 4421 1606 4490 quiete
1633 4419 1741 4475 fuit
1783 4437 1795 4474 :
1834 4421 2107 4492 discipuli

450 4524 583 4565 vero
600 4507 738 4564 inde
761 4507 1285 4564 descenderuntad
1302 4523 1486 4571 mare,
1506 4507 1704 4562 dehoc
1718 4508 2029 4577 admoniti,
2055 4517 2110 4566 et

447 4596 925 4654 conscensanavi
943 4600 1229 4651 venerunt
1243 4598 1638 4666 Capernaum,
1657 4602 1948 4666 putantes,
1973 4615 2106 4654 eum

448 4685 710 4758 pedestri
747 4684 945 4739 itinere
977 4690 1295 4739 venturum
1327 4701 1340 4750 ;
1375 4683 1472 4738 sed
1503 4699 1742 4740 rursum
1775 4702 1894 4741 non
1927 4687 2109 4743 multo

448 4779 584 4847 post
611 4773 673 4828 in
704 4772 854 4828 mari
885 4773 960 4827 ad
983 4772 1110 4828 illos
1142 4772 1316 4827 venit.
1361 4771 1428 4826 Et
1459 4778 1699 4843 propter
1730 4774 1862 4840 hoc,
1895 4776 2108 4848 inquit.

448 4861 823 4931 Evangelista
847 4862 926 4916 ait
951 4862 996 4897 ¹³
1031 4877 1042 4917 :
1079 4863 1154 4916 Et
1161 4863 1297 4930 jam
1329 4861 1574 4916 tenebrw
1593 4868 1779 4927 erant,
1813 4879 1916 4920 nec
1936 4881 2110 4921 .vene-

449 4959 541 5008 rat
581 4951 759 5008 adeas
786 4950 960 5016 Iesus,
995 4965 1064 5006 ac
1086 4948 1369 5022 deinceps
1399 4949 1690 5006 accidisse
1704 4950 2108 5026 dicitreliqua,

515 5148 537 5182 ³
563 5144 804 5203 Zachar.
829 5159 912 5216 ιχ,
948 5145 1002 5200 9.
1081 5147 1101 5180 ³
1134 5145 1307 5202 Joan.
1332 5158 1499 5212 xvm,
1533 5149 1620 5202 36.

1778 207 2119 268 EUTHYMII
2158 203 2484 264 ZIGABENI

1703 5147 1747 5183 ιο
1780 5147 1976 5204 Matth.
2030 5164 2148 5218 XIV,
2177 5152 2265 5216 22,
2294 5153 2381 5206 23.

3682 195 3870 256 1240

2275 335 2479 392 Ἰησοῦς
2519 361 2587 371 -—-
2646 331 2822 403 μόνος.
2871 326 3038 383 Βαϐαί
3083 326 3273 387 Ξπόση
3323 334 3415 389 τῆς
3472 344 3868 402 γαστριμαρ-

2201 428 2318 495 γίας
2365 424 2394 480 ἡ
2450 425 2684 494 τυραννίς
2728 417 2910 478 Σπόση
2962 427 3058 480 τῆς
3107 425 3320 491 γνώμης
3367 421 3564 470 τούτων
3621 419 3655 474 ἡ
3738 417 3862 468 εὖ·

2204 510 2398 564 κολίαὲ
2455 517 2557 569 Τῆς
2609 511 2838 581 ’γαστρὸς
2895 511 2996 582 γὰρ
3052 506 3459 580 ἕμπλησθείσης,
3513 508 3702 557 πάντα
3771 502 3856 562 ἓν

2203 602 2380 662 αὐτοῖς
2431 598 2565 669 (36),
2621 603 2712 650 καὶ
2762 602 3051 672 προφήτης,
3093 601 3183 648 καὶ
3227 595 3501 668 βασιλείας
3546 594 3733 657 ἄξιος,
3771 594 3856 646 "O

2205 687 2264 743 δὲ
2303 692 2534 762 Χριστὸς
2580 690 2776 759 φεύγει,
2824 683 3086 739 παιδεύων
3136 689 3339 758 φεύγειν
3392 683 3457 736 τά
3507 683 3856 756 ἀνθρώπινα

2204 777 2478 849 ἀξιώματα
2525 780 2616 827 καὶ
2647 777 2737 835 τὰς
2783 776 2997 846 γηῖνους
3034 775 3190 846 τιμὰς
3219 777 3310 826 καὶ
3338 779 3690 846 καταφρονεῖν
3722 781 3852 823 τῶν

2204 865 2424 919 ἐνταῦθα
2445 865 2716 939 λαμπρῶν.

2279 958 2378 1011 Καὶ
2433 959 2536 1027 μὴν
2594 955 2618 1004 6
2674 956 2943 1024 προφήτης
3014 947 3167 1004 εἶπεν·
3252 947 3390 1004 Ἰδού
3457 951 3484 1002 6
3551 949 3856 1022 βασιλεὺς

2206 1064 2300 1098 σου
2358 1047 2570 1118 ἔρχεταί
2637 1061 2722 1095 σοι
2769 1042 2953 1113 πραῢς.
3008 1039 3166 1093 Ἀ)λὰ
3229 1038 3501 1112 βασιλείαν
3551 1035 3666 1092 εἶπε
3731 1045 3857 1096 τήν

2203 1134 2460 1207 ούράνιον,
2518 1138 2634 1205 περὶ
2683 1132 2747 1193 ἧς
2797 1135 2886 1183 καὶ
2938 1129 3094 1192 αύτὸς
3133 1129 3299 1201 ἔλεγεν
3350 1132 3376 1181 6
3438 1134 3704 1202 Χριστός·
3775 1128 3850 1181 ’Π

2205 1222 2452 1296 βασιλεία
2521 1223 2549 1279 η
2630 1219 2725 1293 ἐμὴ
2799 1220 2894 1272 ούκ
2960 1220 3100 1272 ἔστιν
3172 1217 3226 1270 ἐκ
3285 1225 3376 1270 τοῦ
3433 1223 3635 1290 κόσμου
3697 1222 3852 1271 τού-

2203 1332 2317 1369 του.

2386 1402 2536 1455 ΚΕΦ.
2571 1397 2651 1453 ϐ’.
2690 1402 2813 1472 Περὶ
2845 1404 2938 1450 τοῦ
2967 1397 3016 1449 ἐν
3048 1396 3287 1470 θαλάσση
3311 1398 3624 1471 περιπάτου.

2271 1489 2361 1552 Ὠς
2413 1486 2471 1542 δῖ
2520 1519 2588 1529 —-
2635 1490 2998 1561 Καπερναούμ.
3066 1485 3372 1544 Κατέϐησαν
3418 1486 3523 1558 οὐχ
3580 1487 3838 1551 ἑκόντες,

2205 1579 2311 1632 ἀλλ’
2371 1577 2780 1648 ἀναγκασθέντες
2822 1575 2908 1627 ὐπ’
2954 1574 3136 1627 αὐτοῦ.
3180 1578 3372 1649 Εἶρηκε
3421 1577 3523 1650 γὰρ
3582 1577 3608 1628 ὁ
3664 1583 3844 1628 Ματ-

2131 1687 2173 1741 B
2207 1670 2350 1727 θαίος
2401 1665 2451 1718 ἔν
2495 1673 2566 1736 τῷ
2621 1666 2830 1739 ῥηθέντι
2902 1664 3118 1734 εἰκοστῷ
3195 1665 3324 1735 ἕκτῳ
3391 1663 3669 1736 κεφαλαίῳ,
3743 1668 3840 1716 ὅτι

2209 1760 2307 1808 Καὶ
2373 1754 2559 1817 εύθέως
2632 1756 2922 1824 ἠνάγκασεν
2992 1755 3018 1804 6
3087 1753 3289 1813 Ἰησοῦς
3372 1757 3492 1815 τοὺς
3563 1756 3840 1825 μαθητὰς

2206 1843 2425 1916 ἐμϐῆναι
2478 1843 2544 1904 εἰς
2593 1846 2652 1895 τὸ
2710 1841 2910 1906 πλοῖον,
2965 1847 3054 1894 καὶ
3105 1844 3352 1916 προάγειν
3402 1842 3554 1894 αὐτὸν
3616 1842 3690 1904 εἰς
3766 1847 3834 1895 τὸ

2205 1937 2385 2004 πέραν,
2447 1933 2539 2003 ἓῳς
2600 1931 2661 1984 οὗ
2732 1930 2968 2004 ἀπολύσῃ
3043 1935 3159 1991 τοὺς
3237 1930 3445 2001 ὁχλους.
3507 1936 3607 1984 Καὶ
3683 1930 3834 1984 661:6-

2205 2021 2366 2082 λύσας
2445 2025 2567 2082 τούς
2636 2020 2851 2093 ὄχλους,
2917 2019 3068 2077 ἀνέϐη
3133 2020 3204 2080 εἰς
3273 2024 3330 2071 τὸ
3402 2024 3512 2093 6'96;
3562 2017 3832 2074 κατιδίαν

2207 2110 2620 2184 προσεύξασθαι.
2720 2109 2904 2180 Ὀψίας
3003 2105 3036 2162 δ
3039 2112 3060 2162 ἰ

2206 2205 2375 2272 μόνος.

2277 2291 2483 2342 Τούτων
2538 2284 2597 2341 δὲ
2650 2289 2853 2340 πάντων
2910 2290 2997 2348 τὰς
3064 2286 3236 2349 αἰτίας
3292 2283 3630 2360 ἱδηλώσαμεν
3685 2287 3823 2356 ἐκεῖ,

2206 2382 2296 2430 καὶ
2349 2376 2607 2449 ἀνάγνωθι
2653 2379 2867 2438 ταύτας.
2903 2376 3220 2434 Ἐπίστησον
3283 2373 3342 2428 δε
3393 2378 3474 2428 ὅτι
3524 2378 3653 2448 μεθὸ
3705 2377 3822 2430 ἁπ-

2207 2466 2383 2520 έλυσεν
2437 2466 2644 2530 αύτούς,
2713 2464 3200 2538 ύπερεξεπ).άγησαν
3259 2468 3318 2517 τὸ
3388 2473 3624 2538 σημεῖον,
3689 2469 3819 2520 καθ’

2208 2555 2424 2617 ἑαυτούς
2482 2559 2763 2628 γενόμενοι,
2821 2559 2911 2606 καὶ
2975 2553 3152 2606 λοιπὸν
3227 2553 3595 2606 ἐϐουλεύσαντο
3653 2575 3821 2630 στρα-

3154 2113 3428 2181 γενομένης
3520 2106 3581 2167 ἧν
3710 2111 3832 2164 ἐκεῖ

2209 2652 2366 2717 φῆναι
2393 2649 2482 2696 καὶ
2522 2643 2757 2716 ἁρπάσαι
2809 2642 2987 2709 αὐτὸν,
3041 2644 3122 2694 ἱνα
3163 2647 3460 2702 ποιήσωσιν
3511 2643 3669 2696 αὐτὸν
3714 2643 3818 2717 βαι

2211 2732 2373 2786 σιλέα.

2282 2827 2380 2875 Καὶ
2437 2827 2619 2874 σκοτία
2674 2818 2781 2880 ἤδη
2853 2851 2922 2862 --
2979 2822 3201 2892 ὑπῆγον.
3271 2851 3334 2861 -—
3405 2821 3517 2874 Ούκ
3579 2820 3811 2880 ἐληλύθει

2207 2914 2333 2984 πρὸς
2395 2911 2596 2978 αύτούς,
2655 2909 2769 2962 ἀντὶ
2845 2917 2958 2978 τοῦ,
3030 2909 3141 2963 Ούκ
3201 2908 3422 2980 ἐπεφάνη
3488 2913 3690 2980 αὐτοῖς,
3742 2916 3809 2972 ὡς

2209 2998 2450 3058 ἐποίησεν
2506 2999 2739 3072 ὓστερον·
2791 2998 2896 3051 ἀλλ’
2956 2998 3146 3070 ἀφῆκεν
3198 2999 3390 3061 αύτούς
3440 3002 3788 3074 πειράζεσθαι.

2211 3089 2290 3142 Ἐν
2343 3097 2414 3158 τῷ
2477 3087 2607 3141 τέλει
2675 3084 2733 3140 δὲ
2803 3096 2896 3140 τοῦ
2959 3089 3501 3162 προμνημονευθὲντος
3581 3090 3785 3142 εἰκοστοῦ

2208 3178 2356 3230 ἕκτου
2405 3176 2704 3249 κεφαλαίου,
2763 3181 2853 3229 καὶ
2896 3177 2946 3228 ἔν
3017 3185 3089 3247 τῷ
3156 3177 3374 3246 εἰκοστῷ
3433 3174 3645 3249 ἑϐδόμῳ
3692 3181 3795 3249 περὶ

2208 3268 2410 3318 πάντων
2466 3269 2659 3318 τούτων
2731 3267 2990 3340 εὑρήσεις.
3068 3268 3145 3318 Τὰ
3202 3265 3321 3328 ἑξῆς
3381 3262 3441 3318 δε
3497 3276 3724 3339 παρῆκεν
3780 3269 3804 3318 6

2211 3355 2469 3420 Ἰωάννης,
2525 3358 2591 3417 ὡς
2646 3361 2754 3414 τοῖς
2828 3354 2997 3415 ἄλλοις
3062 3356 3422 3426 ἱστορηθέντα.
3481 3361 3581 3408 Καὶ
3631 3355 3807 3408 λοιπὸν

2212 3446 2407 3519 ἱστορεῖ
2431 3447 2496 3496 τὰ
2520 3443 2734 3506 ἓκιίνοις
2765 3446 3047 3515 παρεθέντα
3066 3444 3202 3516 (37).

2279 3617 2452 3690 Ἡμεῖς
2513 3622 2603 3691 μὲν
2650 3614 2759 3684 οὖν,
2810 3625 2918 3679 τοῖς
2961 3617 3132 3680 ἄλλοις
3178 3617 3461 3688 ἐξηγηταῖς
3524 3617 3809 3677 ἀκολουθή-

2213 3727 2405 3776 σαντες,
2453 3705 2794 3779 ἀπεδείξαμεν
2837 3711 2924 3760 τὸν
2972 3708 3126 3760 αὐτὸν
3175 3704 3303 3760 εἶναι
3353 3706 3437 3761 ἐπὶ
3482 3716 3577 3770 τῆς
3619 3709 3808 3763 θαλάσ-

2213 3817 2310 3860 σης
2363 3802 2665 3872 περίπατον,
2727 3797 2779 3850 ὃν
2823 3798 2848 3849 ὀ
2893 3799 3164 3860 Μαι-θαίος
3214 3803 3302 3850 καὶ
3354 3798 3380 3849 ὁ
3437 3799 3646 3871 Μάρκος
3700 3796 3808 3850 ἀνέ-

2208 3887 2418 3963 γραψαν
2433 3929 2444 3941 .

2279 3976 2337 4029 Ὀ
2365 3973 2423 4029 δὲ
2460 3977 2576 4047 (38)
2622 3984 2994 4050 Χρυσοστομος
3045 3976 3426 4048 στοχαζόμενος
3456 3995 3614 4048 φησιν
3643 3977 3803 4051 ἕτερον

2212 4063 2340 4118 εἶναι
2405 4073 2584 4116 τοῦτον
2653 4065 2772 4138 παρ’
2836 4065 3042 4120 ἐκεῖνον.
3089 4066 3239 4127 Εἰκὸς
3276 4068 3377 4140 γὰρ
3437 4064 3624 4118 ἐκεῖνον
3676 4070 3802 4138 γενέ-

2216 4157 2340 4207 σθαι
2386 4158 2651 4228 πρότερον
2709 4162 2818 4206 εἶτα
2868 4155 2980 4226 μεθ’
3037 4156 3235 4227 ἡμέρας
3281 4157 3425 4216 τινας
3467 4158 3591 4217 τοὺς
3621 4157 3803 4227 ὄχλους

2216 4242 2608 4317 βουλεύσασθαι
2657 4243 2895 4316 ἁρπάσαι
2955 4242 3130 4308 αύτόν,
3187 4245 3252 4304 ὡς
3300 4246 3526 4317 εἴρηται,
3575 4250 3667 4298 καὶ
3708 4245 3802 4297 λοι-

2215 4337 2330 4399 πὸν,
2389 4337 2572 4404 ⁶γνόντα
2618 4341 2768 4384 τοῦτο
2821 4336 2907 4384 τὸν
2962 4336 3214 4405 Χριστὸν,
3281 4329 3431 4395 αὖθις
3489 4330 3795 4409 διαπερᾶσαι

2220 4425 2346 4495 πρὸς
2401 4425 2458 4473 τὸ
2503 4423 2620 4492 ὁρος
2668 4423 2798 4493 μετὰ
2856 4429 2954 4473 τῶν
3004 4423 3270 4493 μαθητῶν,
3326 4426 3418 4474 καὶ
3465 4420 3796 4497 ἀναχωρῆσαι

2220 4511 2322 4562 ἐκεῖ
2371 4514 2542 4582 μόνον,
2578 4514 2740 4562 είτουν
2769 4511 3053 4582 ἡσυχάσαι
3099 4514 3268 4582 μόνον·
3323 4514 3444 4572 τοὺς
3483 4508 3544 4565 δὲ
3576 4515 3792 4584 μαθητὰς

2221 4599 2406 4651 ἐκεῖθεν
2462 4597 2753 4657 καταϐῆναι
2799 4601 2884 4650 ἐπὶ
2927 4604 3021 4657 τὴν
3073 4598 3361 4666 θάλασσαν,
3428 4606 3782 4676 προτραπέντας

2219 4695 2386 4752 τοῦτο,
2442 4693 2528 4739 καὶ
2581 4686 2833 4758 ἐμϐάντας
2872 4688 2937 4748 εἰς
2994 4691 3050 4739 τὸ
3109 4687 3304 4754 πλοῖον,
3373 4688 3616 4764 ἔρχεσθαι
3666 4691 3777 4759 πρὸς

2223 4781 2315 4834 τὴν
2376 4781 2733 4848 Καπερναοὺμ,
2809 4777 3071 4848 οἰομένους
3137 4776 3289 4830 αὐτὸν
3353 4779 3606 4840 πεζεῦσαι
3652 4777 3787 4830 πάλιν

2223 4868 2305 4916 ἐπὶ
2352 4873 2445 4926 τῆς
2495 4865 2760 4925 θαλάσσης
2811 4871 2898 4917 καὶ
2953 4864 3111 4918 ἐλθεῖν
3169 4869 3298 4940 πρὸς
3357 4867 3551 4930 αὐτοὺς
3605 4869 3693 4921 ούκ
3742 4868 3799 4929 εἰς

2225 4956 2448 5026 μακράνο
2497 4950 2590 5006 διὰ
2626 4962 2779 5006 τοῦτο
2817 4957 2918 5028 γὰρ
2965 4961 3054 5008 καὶ
3114 4958 3200 5006 τὸν
3240 4955 3616 5029 εύαγγελιστήν
3665 4965 3802 5012 εἰπεῖν

2461 5152 2502 5186 ¹¹
2539 5157 2712 5207 Marc.
2742 5166 2820 5219 vr,
2853 5153 2918 5206 47
2947 5165 3112 5224 seqq.
3192 5152 3239 5187 ¹²
3272 5149 3414 5206 lbid.
3448 5151 3533 5207 17.

1649 5323 1874 5396 Varias
1916 5314 2248 5398 lectiones
2295 5337 2357 5396 et
2411 5333 2616 5396 notae.

516 5520 629 5590 (36)
668 5517 837 5580 Λύτὸς
873 5523 908 5571 Α
921 5555 938 5572 ο

517 5591 629 5662 (37)
660 5591 986 5665 Παρεαθέντα
1017 5594 1077 5645 Α.

2282 5542 2398 5613 (38)
2425 5543 2588 5600 Tom.
2621 5543 2759 5615 Vill,
2793 5558 2853 5616 p.
2889 5543 2991 5599 255
3031 5543 3099 5599 D.
