4120 6310
300 272 431 331 1241

1374 276 1738 335 COMMENT.
1779 278 1854 335 IN
1891 278 2240 338 JOANNEM.
2281 312 2346 323 —
2388 281 2546 339 CAP.
2579 281 2670 337 Vl.

3526 280 3663 339 1242

302 404 382 455 ὅτι
440 405 541 456 Καὶ
602 404 787 456 σκοτία
855 399 964 462 ἤδη
1026 400 1264 476 ἐγεγόνει,
1346 409 1434 457 καὶ
1492 404 1585 457 οῦκ
1665 403 1899 463 ἐληλύθει

2012 407 2165 463 sicut
2184 406 2282 463 hic
2313 407 2551 480 scripsit
2581 423 2594 476 ;
2624 412 2682 465 et
2706 408 2766 465 in
2792 408 2889 466 illa
2912 408 3149 483 quidem
3174 407 3662 467 deambulatione

303 497 424 565 πρὸς
499 492 688 553 αὐτούς
760 494 787 545 6
862 494 1085 563 Ἰησοῦς,
1162 499 1252 547 καὶ
1317 497 1383 547 τὰ
1447 494 1603 549 λοιπὰ
1657 498 1899 567 γενέσθαι

303 584 469 643 καθώς
500 582 648 643 οὗτος
678 581 889 656 ἔγραψε.
945 588 1046 637 Καὶ
1098 582 1180 636 ἐπὶ
1235 586 1324 655 μὲν
1373 582 1565 636 ἐκείνου
1618 593 1708 637 τοῦ
1755 604 1898 656 περι-

303 673 468 722 πάτου
505 674 626 732 τούς
667 673 906 743 μαθητὰς
954 671 1271 743 φοϐηθέντας
1328 671 1635 748 ἀνακραγεῖν
1660 692 1673 705 ·
1708 675 1793 726 ἐπὶ
1842 671 1899 728 δε

302 762 489 811 τούτου
555 760 846 832 φοϐηθῆναι
915 766 1090 833 μόνον,
1152 761 1421 824 ἐλάττονος
1486 762 1642 835 φόϐου
1693 768 1898 835 γενομέ-

302 869 391 900 νου
443 845 535 901 διὰ
573 855 665 907 τὴν
705 846 812 909 ἤδη
872 852 1181 907 συνήθειανο
1216 856 1305 904 καὶ
1358 850 1461 904 ἐκεῖ
1515 855 1605 924 μεν
1650 853 1894 915 εἰπόντος·

306 938 433 1009 Ἐγώ
500 938 626 1009 εἰμι,
684 944 755 1010 μὴ
816 939 1075 1011 φοϐεῖσθε,
1145 943 1286 992 οὔπω
1346 939 1842 1017 ἐπληροφορὴθησαν
1881 961 1894 977 ο

303 1024 389 1079 διὸ
438 1032 528 1080 καὶ
577 1030 601 1078 6
652 1033 844 1102 Πέτρος
895 1029 1081 1100 ἔλεγεν,
1135 1032 1310 1103 Κύριε,
1348 1030 1392 1082 εἰ
1444 1035 1507 1082 σῦ
1560 1028 1621 1097 εἶ,
1660 1032 1897 1085 κελευσόν

300 1135 365 1188 με
430 1120 559 1189 πρὸς
636 1120 690 1170 σε
760 1116 918 1170 ἐλθεῖν
992 1117 1076 1170 ἐπὶ
1127 1122 1193 1170 τὰ
1274 1116 1480 1172 ύδατα·
1542 1119 1761 1173 ἐνταῦθα
1839 1118 1899 1174 δε

302 1206 486 1265 εὐθέως
539 1204 1059 1279 ἐπληροφορηεησαν,
1122 1204 1305 1269 ἐθάδες
1361 1207 1538 1260 λοιπόν
1586 1214 1846 1281 γενόμενοι
1881 1226 1893 1240 ·

298 1299 389 1345 καὶ
414 1299 528 1346 τότε
562 1298 651 1365 μὲν
681 1294 773 1346 οὐκ
804 1293 1053 1348 ἐκόπασεν
1085 1297 1111 1348 ὁ
1142 1297 1327 1368 ἄνεμος
1353 1298 1512 1372 ἄχρις
1555 1297 1615 1349 ἆν
1665 1298 1895 1357 εἰσῆλθεν

300 1381 367 1441 εἰς
422 1385 478 1433 τὸ
538 1381 732 1435 πλοῖον·
807 1392 894 1435 νῦν
954 1381 1012 1436 δὲ
1078 1390 1408 1455 φωνήσαντος
1464 1390 1638 1459 μόνον,
1697 1387 1892 1457 γαλήνη

296 1474 472 1541 γέγονε
503 1484 515 1499 ⁶
554 1476 639 1523 καὶ
669 1469 791 1525 οὐδὲ
812 1472 1044 1532 εἰσῆλθεν
1076 1474 1143 1534 εἰς
1172 1478 1229 1526 τὸ
1259 1474 1452 1542 πλοῖον,
1502 1474 1628 1527 ἀλλὰ
1657 1475 1895 1529 θελόντων

297 1558 468 1612 λαϐεῖν
495 1560 670 1627 αὐτόν,
701 1561 826 1614 αύτό
856 1582 909 1615 τε
952 1562 1024 1624 εἰς
1068 1568 1161 1621 τὴν
1204 1570 1300 1634 γῆν
1345 1563 1545 1634 ἐξῆλθε,
1597 1571 1687 1617 καὶ
1744 1566 1895 1627 αὐτός

299 1648 469 1701 ὀπίσω
495 1649 674 1704 αὐτοῦ.

368 1745 441 1810 Τῇ
494 1738 736 1814 ἐπαύριον
786 1771 849 1781 -—
901 1741 1127 1798 Ἰησοῦν.
1183 1740 1383 1814 ’Ὁχλον
1433 1742 1689 1801 ἑστηκότα
1736 1748 1893 1817 πέραν
1928 1760 1971 1814 Β

296 1835 388 1888 τῆς
464 1827 729 1889 θαλάσσης
780 1828 914 1900 λέγει
976 1834 1098 1890 τοὺς
1150 1829 1383 1892 ἐλθόντας
1435 1831 1671 1906 ἁρπάσαι
1713 1833 1886 1900 αὐτόν,

1352 1923 1434 1979 Μὴ
1501 1923 1721 1995 εὑρόντες
1788 1926 1888 1997 γὰρ

1378 2007 1795 2081 διαλογιζόμενοι
1840 2014 1891 2061 τί

292 2098 490 2166 γέγονε.
556 2102 702 2147 Δοκεῖ
753 2093 839 2147 οὖν
910 2095 1150 2149 ἐλλείπειν
1225 2099 1249 2149 6
1306 2097 1476 2170 λόγος.
1560 2105 1730 2157 Μήπω
1791 2102 1889 2172 γὰρ

295 2182 605 2245 ἀναπαύσας
671 2191 851 2237 τοῦτον
909 2187 934 2237 ό
992 2185 1386 2256 εύαγγελιστὴς,
1447 2184 1599 2248 αὖθις
1654 2187 1890 2263 ἑτέρωθεν

294 2272 510 2345 ἤρξατο,
570 2272 743 2325 εἰπών·
806 2272 928 2326 Ὀτε
984 2271 1071 2327 οὖν
1130 2271 1265 2327 εἶδεν
1320 2277 1345 2327 ό
1412 2276 1568 2347 ὄχλος
1639 2280 1718 2330 ὅτι
1792 2278 1892 2335 Ἰη-

298 2367 422 2422 σοῦς
454 2361 545 2413 οῦκ
577 2364 717 2413 ἔστιν
746 2362 869 2431 ἐκεῖ,
910 2368 1000 2417 καὶ
1027 2367 1090 2417 τὰ
1122 2364 1261 2427 ἑξῆς.
1294 2372 1487 2438 Σχῆμα
1511 2363 1570 2419 δέ
1599 2365 1712 2419 ἐστι
1740 2374 1892 2419 τοῦτο

298 2455 601 2523 συντομίας.

368 2542 437 2591 T6
497 2537 574 2605 δὲ,
638 2540 797 2593 ’Ἂλλα
853 2538 911 2595 δὲ
979 2538 1102 2599 ἦλθε
1157 2542 1404 2617 πλοιάρια
1464 2541 1519 2594 ἐκ
1588 2540 1893 2617 Τιϐεριάδος

296 2626 448 2698 ἔγγὺς
528 2636 618 2681 τοῦ
676 2635 859 2694 τόπου,
927 2632 1055 2682 ὅπου
1131 2634 1317 2702 ἔφαγον
1393 2634 1479 2682 τὸν
1558 2632 1734 2703 ἄρτον,
1817 2631 1893 2683 εὖ·

295 2722 732 2791 χαριστήσαντος
784 2727 876 2770 τοῦ
929 2723 1118 2790 Κυρίου
1171 2720 1309 2789 (39),
1359 2718 1707 2790 μεταξυλογία
1760 2718 1895 2772 ἐστὶν

299 2806 370 2867 εἰς
420 2802 651 2863 δήλωσιν
693 2815 784 2859 τοῦ
830 2808 1040 2879 ὕστερον
1084 2804 1244 2859 ἐλθεῖν
1303 2807 1451 2861 αὐτά.
1512 2812 1644 2867 Τέως
1702 2804 1751 2860 δ’
1809 2805 1895 2860 οὖν

298 2894 696 2969 ἐξαπορηθέντες
782 2896 1125 2947 ὑπώπτευσαν
1187 2897 1267 2946 ὅτι
1342 2894 1611 2956 ἐπέζευσεν
1672 2895 1754 2949 ἐπὶ
1804 2905 1899 2958 τῆς

297 1919 381 1969 ἱνα
461 1923 756 1975 ποιήσωσιν
828 1919 978 1971 αὐτὸν
1038 1919 1277 1974 ϐασιλέα.

295 2005 471 2074 αὐτόν,
539 2007 747 2059 ἵσταντο
806 2006 855 2059 ἐν
926 2016 998 2078 τῷ
1057 2008 1295 2079 αἰγιαλῷ,

302 2980 599 3042 θαλάσσης.
669 2986 764 3035 Δια
817 2992 970 3036 τοῦτο
1025 2987 1127 3057 γὰρ
1185 2990 1274 3037 καὶ
1337 2981 1490 3043 ἦλθον
1563 2985 1635 3046 εἰς
1690 2992 1895 3057 Καπερ-

296 3074 461 3141 ναοὺμ
501 3075 773 3135 ζητοῦντες
803 3072 956 3125 αὐτὸν
991 3093 1003 3106 ·
1038 3076 1142 3127 ἐκεῖ
1188 3076 1285 3147 γὰρ
1327 3076 1391 3127 τὰ
1419 3073 1581 3126 πολλὰ
1611 3071 1896 3148 διατρίϐειν
1928 3104 1969 3159 C

296 3160 484 3214 εἰώθει.

368 3254 467 3302 Καὶ
535 3250 765 3324 εὑρόντες
824 3281 890 3290 —
946 3251 1343 3322 γέγονας;οῦκ
1410 3256 1689 3326 ηρώτησαν
1742 3251 1895 3303 αὑτὸν

294 3348 397 3399 πώς
430 3335 601 3402 διέϐη,
638 3342 720 3391 ἱνα
760 3343 818 3392 τὸ
856 3336 1159 3397 τηλικοῦτον
1203 3348 1415 3412 σημεῖον
1457 3343 1716 3413 μάθωσιν,
1775 3339 1898 3393 οὐδε

292 3432 409 3500 περὶ
465 3436 556 3488 τῆς
627 3427 901 3500 βασιλείας
976 3426 1137 3497 εἶπον,
1209 3428 1337 3481 ἀλλὰ
1409 3438 1576 3481 ταῦτα
1656 3433 1896 3502 παρέντες

293 3516 515 3590 ἤρξαντο
588 3516 901 3583 κολακεύειν,
963 3516 1207 3589 λέγοντες
1270 3523 1403 3571 Πότε
1467 3515 1555 3570 οὖν
1616 3522 1726 3587 (40)
1792 3514 1895 3569 ὧδε

294 3609 665 3677 παραγέγονας,
777 3606 946 3659 λαθών
1054 3608 1191 3678 ἡμᾶς
1286 3610 1409 3669 τοὺς
1489 3605 1895 3680 ἐκκρεμαμένους

296 3710 427 3759 σου;
481 3694 813 3747 Ἐκολάκευον
864 3692 945 3764 δὲ,
1027 3696 1110 3747 ἵνα
1180 3695 1332 3749 πάλιν
1384 3696 1644 3770 τράπεζαν
1724 3694 1897 3757 αὐτοῖς

292 3784 611 3856 παραθήσει.
684 3783 858 3846 Ἀπαξ
927 3785 1029 3855 γὰρ
1104 3783 1499 3856 ἔμπλησθέντες,
1571 3789 1660 3837 καὶ
1717 3784 1894 3836 λοιπόν

292 3871 708 3943 λιχνευσάμενοι,
729 3873 889 3924 rem“
911 3875 1079 3925 πάντα
1094 3870 1309 3948 δεύτερα
1335 3873 1589 3945 ἐνόμιζον.
1615 3874 1690 3925 Ού
1711 3876 1895 3934 πάντες

295 3957 354 4013 δὲ
382 3957 516 4019 ἦσαν
547 3960 613 4013 τὰ
640 3968 857 4014 τοιαῦτα
883 3961 1336 4034 ἐξαμαρτάνοντες.
1386 3968 1551 4036 Πέραν
1587 3960 1646 4015 δὲ
1693 3962 1893 4034 λέγεται

294 4050 532 4124 ἑκάτερον
592 4060 691 4103 τῶν
739 4049 817 4102 ἔπ’
863 4051 1061 4113 εὐθείας
1116 4050 1469 4124 ἀντικειμένων
1518 4053 1751 4125 περάτων
1798 4060 1894 4114 τῆς

295 4139 583 4205 θαλάσσης,
619 4136 901 4201 δηλοῦντος
944 4148 1032 4192 τοῦ
1080 4144 1313 4194 τοιούτου
1364 4141 1610 4213 ὀνόματος
1662 4148 1749 4192 νῦν
1801 4144 1891 4213 μὲν

292 4236 464 4294 τοῦτο,
492 4236 578 4281 νῦν
612 4226 671 4282 δε
698 4228 881 4285 ἐκεῖνο.

362 4407 641 4481 Ἀπεκρίθη
718 4436 787 4449 -
860 4405 1239 4481 ἇχορτάσθητε.
1321 4407 1393 4462 T6
1474 4409 1733 4481 προσηνὲς
1801 4412 1891 4460 καὶ

380 4456 639 4481 ”’“ν’”Γ’“”
863 4456 1239 4481 “ΝΤ”””ν””
1333 4456 1388 4462 ’”
1478 4456 1733 4481 "t'"""’
1804 4456 1890 4460 Vi"

291 4494 481 4567 ὁμαλὸν
513 4496 570 4547 ού
602 4504 877 4567 πανταχοῦ
916 4501 1210 4570 χρήσιμον,
1263 4495 1372 4548 ἀλλ’
1413 4498 1529 4548 ὅταν
1578 4498 1603 4548 6
1652 4497 1889 4569 μαθητὴς
1924 4456 1966 4511 D

290 4589 473 4657 παχὺς
514 4589 591 4644 εἴη
624 4591 713 4639 καὶ
742 4588 925 4656 νωθὴς,
977 4591 1091 4638 τότε
1133 4590 1344 4659 κέντρου
1403 4592 1563 4660 χρεία
1615 4594 1685 4656 τῷ
1737 4582 1890 4638 διδα-

295 4676 488 4746 σκάλῳ,
556 4681 644 4728 καὶ
710 4675 864 4745 λόγου
926 4674 1348 4748 πληκτικωτέρου
1419 4680 1545 4747 πρὸς
1623 4680 1681 4728 τό
1744 4677 1890 4728 καθι-

290 4766 475 4817 κεσθαι
509 4769 598 4817 καὶ
652 4762 905 4835 διεγεῖραι
952 4763 1128 4829 αὐτόν,
1176 4766 1295 4837 ὅπερ
1342 4765 1366 4814 6
1416 4764 1617 4823 Ἰησοῦς
1670 4763 1891 4816 ἐνταῦθα

290 4858 585 4917 πεποίηκεν,
655 4853 764 4925 ἅμα
809 4859 897 4925 μὲν
953 4853 1267 4911 ἐπιπλήττων
1321 4853 1496 4914 αὐτοῖς
1552 4856 1621 4915 ὡς
1658 4853 1883 4925 κόλαξιν,

291 4943 402 5014 ἅμα
459 4939 517 4994 δε
570 4947 659 4994 καὶ
718 4947 811 5000 τὴν
867 4948 1078 5013 γνώμην
1145 4942 1313 4993 αὐτῶν
1380 4942 1750 4993 ἀνακαλύπτων
1803 4949 1891 4995 καὶ

292 5029 645 5103 ἀμφοτέρωθεν
721 5030 906 5090 αὐτοὺς
967 5027 1354 5105 διορθούμενος.
1417 5035 1571 5102 Λέγει
1630 5033 1755 5106 γὰρ,
1813 5033 1893 5084 ὅτι

364 5210 409 5244 ³³
435 5206 633 5265 Matth.
668 5223 785 5273 x1v,
815 5210 907 5263 27.
986 5207 1033 5244 ¹⁴
1072 5206 1216 5265 Ibid.
1257 5212 1347 5266 28.

2009 497 2319 552 exterritos
2360 497 2692 570 discipulos
2723 499 3119 567 exclamasse,
3148 500 3207 555 in
3233 499 3347 556 hac
3383 515 3526 555 vero
3571 515 3664 555 so-

2007 584 2134 640 lum
2171 585 2460 657 timuisse,
2493 587 2656 659 quod
2682 588 2856 644 timor
2878 590 3005 659 jam
3036 588 3417 645 assuetudine
3467 588 3664 643 minor

2009 673 2201 729 fuerit.
2234 677 2301 730 Et
2333 676 2413 730 ibi
2441 692 2580 732 cum
2609 677 2855 732 dixisset
2888 694 2900 732 :
2934 680 3053 749 Ego
3083 694 3229 742 sum,
3277 678 3453 734 nolite
3502 678 3663 734 time-

2009 778 2072 819 re
2113 764 2181 827 ³³,
2214 764 2485 819 nondum
2523 766 2798 821 certiores
2831 767 3016 823 factos
3048 766 3249 837 fuisse,
3281 766 3538 839 ideoque
3561 768 3659 822 Pe-

2009 859 2132 910 trus
2158 855 2394 911 dicebat
2421 873 2434 911 :
2461 858 2720 921 Domine,
2750 857 2800 912 si
2826 864 2886 912 tu
2914 873 2990 922 es,
3032 858 3178 927 jube
3211 864 3274 913 ut
3304 873 3406 927 ego
3437 858 3658 913 veniam

2007 945 2084 999 ad
2126 951 2181 1001 te
2229 961 2400 1016 super
2441 960 2623 1017 aquas
2679 946 2770 1017 1‘;
2837 945 2930 1001 hic
2974 953 3165 1002 autem
3220 946 3494 1018 protinus
3535 961 3664 1001 cer-

2008 1032 2182 1089 tiores
2238 1033 2423 1090 factos
2480 1050 2632 1100 esse,
2683 1035 2842 1106 quod
2889 1034 3017 1106 jam
3060 1036 3279 1090 assueti
3322 1038 3537 1091 essent.
3596 1036 3664 1090 Et

2008 1128 2148 1178 tunc
2218 1139 2333 1177 non
2389 1123 2619 1195 quievit
2674 1128 2883 1179 ventus
2952 1124 3147 1179 donec
3221 1123 3524 1196 ingressus
3573 1138 3669 1179 es-

2007 1216 2095 1265 set
2136 1211 2195 1266 in
2254 1211 2508 1278 navim;
2564 1228 2726 1267 nunc
2774 1228 2916 1268 vero
2988 1213 3090 1269 ubi
3138 1217 3371 1269 tantum
3426 1213 3663 1268 locutus

2005 1304 2112 1368 est,
2144 1300 2299 1356 facta
2328 1306 2416 1357 est
2446 1301 2865 1373 tranquillitas,
2905 1306 2958 1357 et
2979 1318 3048 1357 ne
3065 1301 3267 1358 navim
3297 1302 3541 1374 quidem
3576 1302 3663 1356 in-

2004 1403 2243 1459 gressus
2273 1395 2377 1455 est,
2423 1389 2530 1445 sed
2560 1406 2698 1445 cum
2737 1390 2950 1445 vellent
2981 1407 3118 1446 eum
3158 1391 3219 1447 in
3272 1390 3471 1448 navim
3512 1388 3667 1446 acci-

2004 1484 2419 1560 pere,repente
2447 1479 2617 1534 navis
2639 1479 2992 1550 pervenitad
3025 1483 3261 1546 terram,
3291 1479 3498 1552 etipse
3528 1484 3662 1551 post

2003 1565 2188 1621 lllam.

2073 1746 2230 1798 Vers.
2273 1742 2665 1815 22.Sequenti
2687 1745 2774 1800 die
2811 1776 2877 1785 —
2910 1746 3071 1801 Vers.
3113 1748 3200 1800 24.
3246 1746 3460 1801 Iesum.
3518 1744 3669 1801 Tur-

2001 1831 2159 1899 bam,
2189 1848 2325 1903 quae
2356 1833 2547 1889 stabat
2580 1834 2657 1889 ad
2691 1849 2870 1902 mare,
2905 1834 3047 1889 dicit
3069 1850 3170 1889 eos
3201 1835 3302 1906 qui
3351 1840 3663 1903 venerant,

2005 1927 2065 1976 ut
2094 1927 2329 1993 raptum
2364 1921 2554 1992 ipsum
2584 1927 2849 1978 crearent
2875 1939 3115 1992 regem:
3151 1939 3291 1979 nam
3329 1940 3466 1979 cum
3491 1923 3659 1980 illum

2002 2026 2121 2066 non
2154 2010 2540 2077 invenissent,
2566 2011 2807 2068 stabant
2828 2013 2884 2067 in
2914 2013 3105 2068 littore
3126 2013 3477 2082 cogitantes,
3510 2012 3663 2085 quid

2002 2105 2202 2155 actum
2231 2105 2403 2154 esset.
2433 2099 2674 2155 Videtur
2700 2118 2841 2169 ergo
2867 2118 3119 2157 mancus
3150 2118 3278 2157 esse
3308 2101 3399 2157 hic
3426 2117 3659 2168 sermo;

2003 2204 2143 2244 nam
2175 2203 2307 2243 cum
2334 2188 2501 2243 illum
2534 2190 2804 2245 nondum
2832 2191 3139 2263 quiescere
3170 2190 3374 2247 fecerit
3411 2206 3664 2259 evange-

2000 2276 2155 2339 lista,
2184 2290 2390 2330 rursus
2412 2276 2885 2350 aliundeincepit
2906 2279 3111 2334 dicens
3146 2296 3159 2334 :
3208 2279 3314 2335 Ubi
3337 2294 3478 2349 ergo
3514 2279 3661 2335 vidit

2004 2365 2377 2436 turba,quod
2392 2365 2556 2421 Iesus
2569 2383 2686 2422 non
2704 2374 2846 2423 esset
2874 2368 2977 2433 ibi,
3013 2371 3307 2424 etcastera.
3337 2368 3434 2423 Est
3463 2375 3665 2424 autem

2003 2453 2195 2510 forma
2233 2454 2358 2509 haec
2388 2454 2871 2510 abbreviationis.

2075 2542 2245 2607 Quod
2289 2547 2485 2599 autem
2515 2545 2780 2615 sequitur
2809 2547 2999 2600 :Atia:
3038 2560 3174 2601 vero
3202 2552 3661 2614 supervenerant

1980 2631 2289 2695 navicula
2314 2647 2348 2687 α
2382 2632 2690 2688 Tiberiade
2705 2636 2895 2703 juxta
2927 2635 3136 2698 locum,
3159 2634 3259 2689 ubi
3280 2635 3658 2691 comederant

2003 2727 2556 2792 panemmostquam
2598 2725 2829 2789 gratias
2872 2729 3068 2792 egerat
3093 2725 3395 2787 Dominus,
3422 2723 3661 2779 interlo-

2006 2810 2164 2865 cutio
2195 2815 2283 2865 est
2321 2810 2397 2865 ad
2426 2810 2914 2879 signiﬁcandum,
2937 2812 3100 2884 quod
3133 2812 3519 2885 postmodum
3546 2813 3662 2869 illm

2008 2901 2310 2955 venerint:
2345 2899 2588 2955 tandem
2605 2902 2761 2956 enim
2781 2901 3167 2973 desperantes
3192 2902 3479 2974 suspicati
3499 2908 3661 2968 sunt,

2006 2989 2168 3061 quod
2202 2989 2458 3060 pedestri
2491 2990 2699 3045 itinere
2724 2991 2884 3047 circa
2918 3008 3081 3047 mare
3120 2992 3363 3048 abiisset
3396 3008 3410 3056 ;
3438 2992 3572 3049 ideo
3606 2998 3666 3049 et

2008 3076 2114 3149 ipsi
2148 3081 2815 3149 venoruntCapernaum
2836 3086 3164 3151 quaerentes
3191 3097 3330 3137 eum
3366 3096 3545 3137 :nam
3577 3081 3665 3137 ibi

2009 3167 2320 3238 plurimum
2354 3167 2632 3223 diversari
2668 3168 2918 3224 solebat.

2079 3259 2236 3310 Vers.
2265 3256 2353 3311 '25.
2382 3256 2638 3327 Cumque
2654 3257 3011 3314 invenissent
3044 3290 3107 3298 —
3133 3258 3391 3315 venisti?
3420 3262 3545 3315 Non
3575 3260 3668 3315 in-

2009 3349 2455 3415 terrogaverunt
2498 3362 2635 3400 eum
2683 3347 2984 3418 quomodo
3026 3347 3303 3411 venisset,
3329 3351 3391 3404 ut
3430 3353 3663 3405 tantum

2008 3435 2247 3504 signum
2281 3434 2594 3499 discerent,
2629 3451 2825 3506 neque
2864 3435 2939 3490 de
2991 3451 3176 3505 regno
3216 3436 3512 3501 dixerunt,
3555 3438 3665 3494 sed

2005 3524 2097 3579 his
2144 3524 2357 3579 relictis
2387 3529 2698 3596 coeperunt
2744 3524 3027 3580 assentari
3079 3525 3343 3580 dicentes
3375 3542 3391 3581 :
3425 3526 3664 3592 Quando
3700 3514 3710 3522 ’

2006 3613 2117 3669 huc
2158 3614 2386 3680 venisti,
2406 3628 2711 3681 ignorans,
2741 3613 2905 3685 quod
2942 3629 3052 3669 nos
3082 3630 3118 3670 a
3147 3619 3202 3670 te
3230 3614 3664 3685 penderemus?

2005 3702 2469 3757 Assentabantur
2496 3707 2720 3766 autem,
2741 3708 2804 3757 ut
2830 3718 3101 3758 mensam
3130 3704 3341 3759 iterum
3365 3704 3448 3760 eis
3475 3720 3665 3776 appo-

2005 3797 2163 3846 neret
2202 3808 2212 3845 :
2252 3807 2393 3845 nam
2445 3791 2629 3845 semel
2682 3792 2897 3857 satiati,
2935 3800 2989 3847 et
3028 3792 3392 3861 ligurientes,
3437 3794 3665 3850 caeteris

2004 3879 2283 3934 omnibus
2304 3880 2559 3951 (rr)jam
2587 3882 2983 3951 consumptis,
3014 3880 3089 3935 de
3112 3881 3483 3937 secundariis
3506 3883 3667 3953 cogi-

2004 3969 2211 4023 tabant
2244 3984 2255 4022 :
2289 3984 2638 4040 quanquam
2680 3985 2796 4024 non
2827 3985 3038 4025 omnes
3090 3970 3148 4024 in
3194 3970 3483 4025 similibus
3524 3970 3666 4027 deli-

2001 4063 2277 4129 querant.
2312 4062 2475 4131 Πέραν
2516 4073 2655 4113 vero
2692 4058 2866 4128 (sicut
2904 4064 2961 4113 et
2996 4064 3167 4115 trans
3202 4060 3422 4125 Latine)
3449 4060 3666 4116 dicitur

2001 4145 2075 4199 de
2105 4149 2354 4216 utroque
2382 4147 2769 4201 terminorum
2791 4146 2972 4201 maris
2998 4147 3660 4219 directeoppositorum,

2001 4233 2374 4302 signiﬁcante
2411 4233 2753 4305 hujusmodi
2797 4234 3084 4291 vocabulo
3121 4252 3282 4292 nunc
3328 4236 3443 4293 hoc
3476 4235 3659 4303 littus,

2001 4337 2158 4377 nunc
2203 4339 2342 4377 vero
2384 4323 2556 4378 illud.

2072 4410 2233 4465 Vers.
2269 4411 2356 4465 26.
2404 4412 2703 4483 Respondit
2738 4444 2804 4453 —
2861 4415 3116 4469 saturati
3142 4414 3293 4470 estis.
3311 4417 3430 4470 Non
3485 4430 3666 4487 expe-

2004 4499 2107 4564 dit,
2144 4499 2359 4571 ubique
2396 4507 2774 4556 mansuetum
2831 4518 2963 4556 esse
3014 4518 3083 4557 ac
3116 4502 3330 4571 lenem,
3385 4502 3488 4557 sed
3525 4519 3666 4559 cum

2002 4587 2329 4658 discipulus
2348 4605 2588 4643 crassus
2605 4605 2675 4643 ac
2704 4589 2901 4658 segnis
2933 4588 3121 4655 fuerit,
3150 4592 3285 4646 tunc
3315 4592 3664 4663 praeceptori

2001 4692 2153 4747 Opus
2180 4683 2267 4731 est
2302 4677 2543 4731 stimulo
2576 4694 2645 4732 ac
2674 4693 2949 4732 sermone
2991 4677 3399 4749 objurgatorio
3430 4679 3507 4735 ad
3540 4684 3664 4736 tan-

2000 4765 2263 4835 gendum
2317 4771 2370 4820 et
2415 4765 2793 4819 excitandum
2836 4766 3013 4828 illum.
3049 4766 3214 4837 quod
3259 4768 3354 4823 hic
3398 4767 3532 4823 fecit
3577 4770 3666 4824 Je-

2000 4871 2101 4909 sus
2131 4873 2142 4911 :
2181 4854 2357 4908 simul
2387 4853 2624 4926 quidem
2660 4854 2977 4927 increpans
3003 4871 3106 4909 eos
3126 4860 3414 4927 tanquam
3462 4871 3666 4913 assen-

2002 4949 2239 5005 tatores,
2295 4942 2471 4997 simul
2528 4943 2706 4999 etiam
2758 4949 3019 4999 mentem
3088 4960 3295 5001 eorum
3359 4945 3662 5015 detegens,

2002 5038 2058 5088 et
2109 5032 2385 5103 utrinque
2440 5031 2567 5087 illos
2608 5033 2929 5103 corrigens.
2987 5032 3077 5089 Ait
3134 5034 3346 5090 enim:
3393 5034 3665 5101 Quaeritis

1488 5324 1713 5395 Varia:
1749 5326 2082 5395 lectiones
2120 5335 2186 5395 et
2239 5336 2439 5395 notae.

364 5519 477 5592 (39)
520 5519 716 5588 Ἰησοῦ,
758 5533 868 5592 pro
901 5522 1118 5593 Κυρίου,
1152 5525 1216 5574 Δ.

2074 5524 2165 5596 40)
2208 5520 2311 5577 Οὗν
2360 5523 2533 5582 abest
2564 5524 2631 5580 Α.

364 5662 477 5734 (rr)
506 5660 774 5720 Crwtsris
801 5661 1089 5718 omnibus.
1126 5663 1189 5717 Et
1229 5662 1456 5738 reliqua
1487 5663 1685 5721 omnia
1726 5664 2007 5733 secunda,
2033 5664 2116 5737 (id
2144 5666 2255 5737 est)
2289 5665 2571 5726 inferiora
2598 5666 2948 5726 censebant.
2974 5668 3088 5725 Nec
3118 5672 3316 5725 tamen
3343 5682 3576 5723 omnes.
