4120 6310
521 220 658 276 1243

1852 231 2204 292 EUTHYMII
2237 231 2565 291 ZIGABENI

3781 223 3936 281 1244

517 364 634 414 me,
668 364 788 406 non
818 350 984 423 quod
1023 352 1191 423 signa
1228 353 1401 412 vobis
1431 355 1818 424 ostenderim,
1866 358 1970 414 sed
2007 359 2166 431 quod

2285 362 2495 416 Ζητεῖτί
2523 377 2605 430 με,
2641 357 2746 431 οὐχ
2793 359 2863 420 ὡς
2919 363 3112 430 σημεῖα
3159 351 3402 420 δείξαντα
3454 355 3600 428 ὑμῖν,
3666 353 3800 408 ἀλλ’
3857 358 3932 414 ὡς

517 453 626 494 vos
653 440 918 511 paverim
949 455 1020 497 ac
1059 445 1486 501 saturaverim:
1514 461 1657 511 non,
1691 451 1755 502 ut
1802 446 1942 502 visis
1989 447 2172 516 signis

516 528 786 594 credatis,
815 529 922 585 sed
955 535 1016 586 ut
1042 531 1210 589 cibos
1240 533 1480 590 edentes
1499 537 2052 607 saturemini,quod
2085 541 2176 593 est

518 618 958 690 mancipiorum
982 624 1200 678 ventris
1224 637 1295 678 ac
1321 623 1686 693 gulosorum.
1724 625 1951 681 Leniter
1970 631 2172 682 autem

517 719 575 763 et
602 723 774 778 parce
805 707 936 764 illos
975 709 1188 780 arguit,
1228 727 1335 768 nec
1377 713 1436 768 in
1469 715 1929 786 reprehensione
1973 716 2170 782 instat,

519 795 625 852 sed
677 798 876 854 statim
924 798 1264 856 doctrinam
1315 802 1608 876 adjungit.

588 977 747 1032 Vers.
781 980 870 1032 27.
914 976 1640 1044 Operemini—wtemam.
1675 980 1894 1038 Curam
1933 983 2172 1053 habete,

515 1078 637 1119 non
667 1064 781 1120 cibi
803 1066 1224 1138 corruptibilis,
1250 1069 1348 1124 sed
1370 1069 1838 1142 incorruptibilis
1873 1089 1886 1137 ;
1921 1087 2040 1127 non
2066 1072 2170 1145 qui

516 1169 760 1209 carnem
805 1159 1037 1226 pascat,
1089 1157 1192 1212 sed
1223 1159 1493 1214 animam
1532 1161 1754 1216 nutriat
1791 1179 1802 1219 :
1839 1161 1934 1216 hic
1969 1166 2169 1216 autem

517 1247 605 1298 est
629 1243 800 1310 ﬁdes,
826 1249 888 1300 ut
907 1245 967 1300 in
989 1261 1307 1317 progressu
1329 1248 1599 1304 dicturus
1618 1254 1723 1306 est.
1752 1250 2170 1323 Operationem

517 1347 660 1388 vero
695 1335 993 1404 pereuntis
1023 1335 1138 1392 cibi
1166 1335 1282 1393 hoc
1306 1337 1516 1394 inloco
1557 1338 1822 1412 appellat
1851 1355 2007 1406 eam,
2041 1355 2173 1412 qua:

515 1423 849 1478 necessaria
871 1439 992 1480 non
1044 1427 1254 1481 estsed
1275 1427 1601 1498 superﬂua,
1655 1428 1777 1484 sive
1813 1443 2168 1501 permanen-

515 1515 633 1566 tem
654 1512 1061 1569 etcontinuam
1081 1514 1536 1573 sollicitudinem
1555 1517 1667 1573 cibi
1686 1517 2016 1586 sensibilis;
2040 1534 2170 1573 nam

515 1615 652 1672 quas
701 1603 1038 1658 necessaria
1067 1609 1176 1668 est,
1237 1621 1358 1660 non
1404 1606 1772 1678 prohibetur.
1823 1607 1961 1662 Ideo
1991 1608 2169 1662 etiam

2286 447 2547 522 θρέψαντα
2603 453 2693 500 καὶ
2754 448 3096 522 χορτάσαντα
3145 447 3281 518 ὑμᾶς
3311 462 3328 476 ⁶
3386 445 3492 517 οὐχ
3541 446 3635 498 ἶνα
3709 452 3930 517 σημεῖα

2285 535 2554 610 βλέποντες
2621 539 2924 606 πιστεύητε,
2982 534 3088 586 ἀλλ’
3156 536 3239 586 ἱνα
3296 533 3554 609 βρώματα
3632 532 3925 594 ὶσθίοντες

2281 626 2641 700 χορτάζησθε,
2668 627 2788 700 ὅπερ
2807 628 2917 678 ἐστὶ
2937 619 3303 677 κοιλιοδούλων
3329 628 3419 675 xui.
3439 642 3616 698 γαστρ
3628 627 3924 694 ιμάργων.

2285 722 2564 787 Προσηνῶς
2640 711 2699 766 δε
2750 718 2840 766 καὶ
2894 716 3024 785 μετὰ
3083 709 3295 784 φειδοῦς
3343 712 3563 784 arma,
3643 715 3752 764 καὶ
3813 711 3925 782 οὐχ

2284 805 2496 856 ἵσταται
2544 808 2704 877 μέχρι
2750 811 2849 855 τῶν
2897 800 3147 873 ἐλέγχων,
3207 800 3335 854 ἀλλά
3383 807 3473 853 καὶ
3525 797 3926 852 διδασκαλίαν

2281 896 2654 969 προστίθησιν,

2353 983 2670 1058 Ἐργάζεσθε
2725 1011 2785 1022 -—
2836 981 3065 1037 αἰώνιον.
3119 979 3418 1054 Φροντίζετε
3468 983 3540 1052 μὴ
3601 987 3721 1040 τῆς
3779 978 3923 1054 βρώ-

2285 1092 2410 1134 σεως
2459 1080 2548 1132 τῆς
2604 1072 2959 1145 φθειρομένης,
3011 1067 3139 1121 ἀλλά
3191 1078 3282 1130 τῆς
3338 1067 3608 1142 ἀφθάρτου
3691 1072 3778 1140 μὴ
3833 1075 3925 1126 τῆς

2281 1164 2568 1236 τρεφούσης
2604 1163 2696 1218 τὴν
2730 1161 2920 1232 σάρκα,
2969 1157 3095 1210 ἀλλά
3146 1167 3242 1220 τῆς
3295 1160 3583 1231 τρεφούσης
3647 1161 3760 1215 τὴν
3815 1155 3925 1226 ψυ-

2280 1256 2408 1324 χήν.
2463 1250 2603 1307 Αὕτη
2662 1244 2721 1301 δι
2763 1247 2958 1307 ἔστινή
3004 1251 3199 1310 πίστις,
3248 1250 3318 1308 ὡς
3370 1252 3565 1321 προῖὼν
3619 1245 3767 1319 ἐρεῖ.
3805 1245 3920 1317 Ἐρ-

2279 1345 2474 1412 γασίαν
2523 1340 2622 1410 γὰρ
2666 1345 2754 1389 νῦν
2812 1336 2948 1408 λέγει
2995 1336 3053 1388 οῦ
3095 1341 3190 1394 τὴν
3244 1335 3550 1406 ἀναγκαίαν,
3619 1334 3774 1387 ἀλλὰ
3824 1339 3919 1391 τὴν

2280 1434 2544 1502 περιττήν,
2599 1431 2718 1486 ἦτοι
2780 1430 2870 1484 τὴν
2927 1428 3142 1498 ἔμμονον
3200 1430 3290 1478 καὶ
3351 1421 3568 1482 διηνεκῆ
3639 1420 3920 1499 φροντίδα

2281 1529 2374 1581 τῆς
2408 1517 2651 1591 βρώσεως
2678 1524 2768 1576 τῆς
2797 1517 3060 1577 αἰσθητῆς
3089 1532 3100 1544 ·
3118 1516 3148 1572 ἠ
3180 1514 3440 1585 ἀναγκαία
3464 1516 3568 1586 γάρ
3605 1513 3914 1573 ἀκώλυτος.

2282 1612 2370 1660 Διό
2397 1612 2485 1659 καὶ
2529 1607 2554 1658 ὁ
2583 1604 2780 1667 Παῦλος
2811 1603 3080 1674 πολλαχοῦ
3111 1611 3210 1655 τῶν
3239 1602 3578 1668 Ἐπιστολῶν,
3632 1602 3702 1654 οὐ
3756 1606 3915 1674 μόνον

514 1688 781 1760 permisit
817 1691 1071 1762 propriis
1124 1694 1360 1765 operari
1409 1696 1709 1760 manibus,
1755 1713 1956 1751 verum
1993 1696 2168 1752 etiam

2284 1695 2554 1771 ἐπέτρεψεν
2601 1695 2916 1766 ἐργάζεσθαι
2972 1700 3083 1752 ταῖς
3135 1689 3295 1753 ἰδίαις
3352 1696 3565 1764 χερσὶν,
3620 1689 3770 1744 ἀλλὰ
3826 1694 3913 1741 καὶ

517 1779 728 1834 Paulus
754 1780 812 1836 in
846 1781 1441 1854 multisEpistolarum
1471 1785 1614 1840 locis
1642 1801 1762 1840 non
1798 1786 1993 1841 solum
2027 1802 2172 1858 prae-

515 1867 666 1938 cepit
694 1868 900 1924 dicens
929 1870 1024 1926 :Si
1042 1877 1172 1942 quis
1195 1889 1313 1929 non
1347 1873 1464 1928 vult
1479 1875 1724 1945 operari,
1757 1875 1803 1928 is
1829 1890 1929 1930 nec
1953 1875 2085 1930 edat
2103 1876 2170 1926 “5.

587 1955 748 2012 Sicut
784 1972 924 2026 ergo
954 1959 1028 2015 de
1059 1962 1278 2017 Martha
1311 1963 1514 2017 dicens
1568 1963 1831 2018 Christus
1871 1965 2173 2027 :Martha,

515 2044 778 2111 Martha,
828 2049 1073 2104 sollicita
1113 2067 1169 2105 es
1217 2067 1280 2106 ac
1321 2053 1708 2108 tumultuaris
1757 2053 1920 2108 circa
1971 2055 2173 2118 multa,

513 2133 682 2204 atqui
696 2151 874 2192 unum
886 2152 940 2191 es
954 2141 1359 2195 tnecessarium
1377 2141 1423 2176 ¹⁶
1438 2155 1576 2205 ,non
1595 2141 1896 2212 prohibuit
1915 2141 2024 2196 hos
2033 2143 2179 2212 pita-

513 2222 756 2290 litatem,
779 2225 881 2280 sed
906 2229 1228 2299 praeposuit
1249 2229 1591 2285 divinorum
1629 2245 1977 2286 sermonum
2004 2231 2180 2286 audi-

516 2313 736 2369 tionem
766 2332 780 2381 ;
810 2317 892 2371 ita
919 2322 974 2372 et
1004 2333 1162 2374 nunc
1193 2319 1400 2375 dicens
1426 2338 1440 2378 :
1473 2320 1814 2388 Operemim'
1835 2337 1946 2376 non
1991 2320 2178 2376 cibum

512 2404 614 2476 qui
629 2405 804 2474 perit,
831 2406 1044 2478 sedqui
1063 2417 1248 2464 manet
1276 2411 1337 2464 in
1361 2409 1542 2466 vitam
1565 2418 1869 2474 aeternam,
1889 2426 2008 2465 non
2033 2425 2179 2481 pras-

512 2493 652 2566 cipit
677 2500 906 2552 tantum
949 2498 1180 2567 operari
1206 2498 1407 2554 cibum
1439 2499 1679 2566 animae,
1722 2514 2074 2572 quanquam
2107 2501 2180 2559 sit

516 2584 709 2653 magis
726 2587 1118 2653 necessarius,
1133 2587 1235 2642 sed
1256 2587 1564 2642 admonuit
1586 2587 1953 2659 corporalem
1977 2587 2172 2643 cibum

513 2672 700 2728 obiter
727 2689 952 2737 curare,
985 2675 1201 2730 animae
1225 2691 1358 2731 vero
1391 2682 1512 2732 toto
1547 2677 1768 2733 studio.
1817 2676 2171 2748 Operemini,

513 2759 724 2835 inquit,
757 2767 874 2818 toto
896 2763 1120 2830 animo,
1149 2763 1315 2820 omni
1347 2781 1506 2830 cura,
1539 2766 1818 2821 continue
1852 2783 1865 2818 :
1904 2781 2024 2821 non
2045 2766 2172 2836 jam

515 2851 650 2915 hoc,
677 2851 807 2922 jam
853 2851 1020 2920 illud,
1054 2852 1158 2907 sed
1206 2852 1320 2908 hoc
1351 2853 1634 2926 amplius,
1672 2853 1814 2909 illud
1865 2870 2006 2910 vero
2061 2854 2171 2910 mi-

517 2955 651 2995 nus.

587 3205 730 3262 Vers
793 3211 880 3262 27.
917 3206 1087 3272 Quem
1131 3237 1198 3248 —
1228 3207 1409 3265 dabit.
1454 3209 1642 3274 Quem
1673 3224 1785 3279 ego
1812 3207 1974 3265 dabo
2005 3208 2168 3266 vobis

513 3295 593 3351 8d
613 3295 1012 3369 operandum,
1038 3313 1216 3368 quem
1239 3297 1368 3369 ipse
1400 3297 1831 3354 demonstrabo
1863 3298 2167 3368 acquiren-

513 3385 671 3442 dum.
704 3388 785 3442 Ne
823 3390 1026 3442 autem
1063 3386 1288 3457 jactare
1347 3403 1407 3442 se
1451 3386 1737 3453 videatur,
1791 3403 2034 3443 rursum
2088 3387 2164 3443 ad

514 3477 745 3530 Patrem
779 3475 1042 3540 recurrit,
1077 3476 1283 3531 dicens
1329 3491 1342 3530 :

586 3564 737 3618 Vert.
792 3563 880 3618 27.
935 3563 1108 3620 Hunc
1139 3595 1205 3604 —
1256 3565 1428 3621 Deus.
1475 3563 1884 3635 Consignavit,
1937 3565 2059 3622 sive
2106 3565 2164 3620 in

513 3652 628 3708 hoc
657 3653 940 3723 apposuit
961 3653 1082 3723 (ss),
1117 3658 1181 3707 ut
1209 3652 1369 3708 hunc
1391 3655 1590 3709 cibum
1613 3654 1782 3710 daret
1811 3654 2002 3710 vobis.
2039 3653 2162 3723 Vel,

511 3739 955 3806 demonstravit,
981 3757 1209 3814 suoque
1234 3742 1562 3798 testimonio
1578 3743 1992 3800 manifestavit.
2016 3743 2162 3799 Nam

511 3835 570 3886 et
597 3831 907 3887 ostendere
933 3847 1171 3904 quoque
1214 3831 1427 3886 dicitur
1465 3832 1702 3901 signare
1735 3833 1779 3868 1⁷
1822 3848 1891 3888 ac
1926 3832 1972 3886 si
2003 3833 2163 3888 vide-

511 3918 645 3976 licet
660 3920 776 3992 (tt),
792 3937 898 3976 suo
911 3921 1248 3976 testimonio
1261 3919 1581 3989 signaverit
1596 3936 1801 3976 verum
1815 3937 1946 3976 esse
1963 3921 2159 3977 Deum.

584 4098 744 4152 Vers.
779 4097 868 4152 28.
912 4097 1204 4153 Dixerunt
1244 4127 1312 4137 -—-
1346 4097 1504 4153 Dei?
1546 4100 1739 4170 Opera
1789 4099 1885 4154 Dei
1929 4103 2159 4164 vocant,

512 4201 646 4259 quae
674 4187 792 4241 Deo
831 4190 1077 4257 accepta
1109 4190 1268 4241 sunt.
1310 4186 1673 4255 lnterrogant
1700 4195 1922 4252 autem,
1958 4203 2074 4242 non
2104 4193 2165 4243 ut

513 4290 584 4330 ea
609 4281 946 4346 operentur,
979 4274 1082 4330 sed
1111 4280 1173 4330 ut
1191 4275 1368 4332 etiam
1396 4276 1844 4347 ipsivideantur
1863 4277 2161 4348 discipuli,

513 4367 571 4419 et
595 4362 676 4420 ita
715 4363 794 4419 ad
824 4363 940 4420 cibi
981 4364 1522 4437 suppeditationem
1557 4367 1876 4422 attrahant.

584 4542 749 4597 Vers.
781 4541 870 4598 29.
916 4542 1211 4614 Respondit
1240 4575 1306 4584 —-
1354 4543 1466 4599 itte.
1501 4545 1646 4598 Nam
1681 4542 1844 4613 prius
1877 4543 2051 4598 variis
2102 4544 2160 4600 in

509 4629 656 4688 locis
685 4630 908 4698 docuit,
941 4631 1100 4701 quod
1122 4632 1198 4686 ad
1222 4631 1342 4686 Deo
1369 4632 1584 4686 missus
1606 4638 1777 4686 esset.

583 4718 754 4775 Vers.
785 4718 872 4775 30.
921 4719 1203 4776 Dixerunt
1235 4751 1300 4761 —
1339 4721 1589 4790 operaris
1617 4724 1643 4776 ?
1675 4721 1998 4776 Considera
2033 4737 2162 4776 ma-

509 4821 696 4880 gnam
722 4807 1083 4864 dementiam
1116 4825 1132 4862 :
1164 4808 1344 4880 paulo
1370 4815 1504 4865 ante
1525 4808 1657 4865 cibo
1688 4809 1975 4865 saturavit
2006 4809 2156 4879 illos,

586 4960 633 4997 ¹⁵
673 4959 719 5016 It
743 4959 942 5018 Thess.
985 4975 1064 5027 ιιι,
1110 4962 1194 5016 to.
1275 4961 1319 4998 ⁸⁸
1352 4961 1488 5018 Luc.
1521 4978 1580 5028 ι,
1605 4961 1694 5018 41.

1775 4963 1816 4998 ιτ
1849 4963 2018 5018 Joan.
2049 4977 2128 5027 ιιι,
2161 4960 2249 5018 33.

2285 1781 2582 1860 διαρρήδην
2626 1783 2919 1848 ένετειλατο,
2952 1784 3032 1834 ὁτι
3064 1785 3122 1835 Εἰ
3154 1801 3230 1842 τις
3270 1780 3328 1834 οὐ
3369 1779 3500 1834 θέλει
3544 1779 3910 1854 ἐργάζεσθαι,

2284 1872 2422 1950 μηδὲ
2452 1873 2686 1926 ἐσθιέτω.
3647 1868 3656 1872 ”

2353 1964 2554 2034 Ὠσπερ
2607 1962 2695 2014 οὖν
2751 1959 2833 2012 ἐπὶ
2908 1969 3002 2022 τῆς
3057 1961 3273 2032 Μάρθας
3328 1959 3482 2012 εἰπὼν
3540 1960 3566 2011 ὁ
3640 1962 3903 2031 Χριστός·

2285 2054 2496 2126 Μάρθα,
2604 2052 2811 2122 Μάρθα,
2905 2055 3156 2123 μεριμνᾷς
3239 2054 3324 2101 καὶ
3425 2047 3680 2124 τνρϐοὲζῃ
3792 2051 3903 2115 περὶ

2286 2140 2478 2193 πολλοὶ*
2538 2139 2642 2200 ἐνὸς
2707 2136 2766 2192 δέ
2819 2137 2933 2190 ἔστι
2982 2141 3159 2212 χρεία·
3216 2137 3308 2189 οὐκ
3365 2136 3597 2190 ἐκώλυσε
3667 2141 3768 2194 τὴν
3825 2157 3903 2208 γι-

2285 2230 2531 2294 λοξενίαν,
2588 2228 2717 2281 ἀλλά
2769 2232 3088 2299 προετίμησε
3140 2231 3232 2285 τὴν
3305 2233 3406 2278 τῶν
3475 2227 3632 2278 θείων
3712 2225 3894 2297 λογίων

2288 2317 2540 2392 ἀκρόασιν
2574 2337 2586 2350 ν
2635 2317 2771 2369 οὕτω
2809 2321 2898 2368 καὶ
2937 2322 3024 2366 νῦν
3074 2315 3245 2368 εἰπών·
3293 2315 3618 2389 Ἐργάζεσθε
3670 2319 3747 2386 μὴ
3805 2317 3893 2369 τήν

2289 2406 2490 2481 βρῶσιν
2590 2411 2683 2464 τὴν
2769 2403 3142 2477 ἀπολλυμένην,
3231 2403 3362 2456 ἀλλά
3444 2408 3537 2461 τὴν
3636 2407 3886 2474 μένουσαν

2287 2497 2353 2558 εἰς
2432 2497 2570 2557 ζωὴν
2655 2495 2858 2546 αἰώνιον
2911 2511 2923 2524 ·
2997 2495 3092 2546 οὐκ
3153 2493 3375 2546 ἐκώλυσε
3438 2497 3498 2546 τὸ
3575 2491 3886 2565 ἐργάζεσθαι

2285 2590 2377 2644 τὴν
2429 2583 2628 2658 βρῶσιν
2673 2591 2768 2644 τῆς
2823 2588 3015 2656 σαρκός
3046 2597 3060 2612 ⁸
3095 2581 3357 2653 ἀναγκαία
3405 2584 3529 2655 γάρ·
3596 2581 3730 2632 ἀλλὰ
3766 2597 3880 2651 προ-

2285 2678 2495 2745 ετίμησε
2524 2677 2582 2724 τὸ
2625 2671 2938 2745 ἐργάξεσθαι
2980 2678 3074 2730 την
3123 2679 3222 2733 τῆς
3247 2671 3435 2743 ψυχῆς
3461 2687 3472 2700 ·
3504 2669 3875 2742 ἀναγκαιοτέρα

2281 2764 2403 2836 γάρ’
2446 2768 2534 2814 καὶ
2583 2765 2866 2836 παρῄνεσεν
2913 2765 3055 2833 ἔχειν
3099 2763 3357 2834 πάρεργον
3413 2763 3503 2832 μεν
3560 2765 3667 2818 τὴν
3719 2775 3868 2826 σωμα-

2283 2857 2430 2908 τικὴν
2477 2849 2696 2923 βρῶσιν,
2750 2851 2896 2922 ἔργον
2963 2847 3023 2903 δε
3080 2854 3172 2908 τὴν
3219 2849 3484 2920 ψυχικήν.
3541 2846 3858 2923 Ὲργάζεσθε,

2281 2945 2459 3012 φησὶν,
2541 2939 2834 3010 ὀλοψύχως,
2937 2944 3370 3013 παντοιοτρὸπως,
3459 2933 3734 3001 διηνεκῶς,
3794 2935 3853 3002 μὲ

2276 3026 2416 3095 τοδε,
2446 3027 2574 3080 ἀλλὰ
2597 3023 2737 3081 τόδεο
2771 3027 2962 3100 μᾶλλον
2992 3032 3082 3100 μὲν
3114 3027 3200 3079 οὖν
3230 3027 3348 3098 (il)
3377 3033 3556 3094 τοῦτο,
3591 3027 3777 3079 ἔλαττον
3800 3016 3844 3070 δὲ

2280 3122 2458 3172 ἓκεῖνο.

2347 3216 2526 3261 Ἥν-
2559 3203 2740 3261 δώσει.
2778 3206 2874 3259 Ἢν
2928 3206 3026 3278 έγώ
3068 3203 3226 3260 δώσω
3269 3207 3390 3277 ὑμῖν
3422 3203 3748 3280 έργάζεσθαι,
3793 3198 3838 3250 ἦν

2275 3296 2433 3358 αὐτὸς
2457 3293 2716 3359 ὑποδείξω
2745 3297 2992 3351 κτᾶσθαι.
3045 3295 3156 3348 Ἰνα
3191 3291 3250 3347 δι
3279 3299 3350 3366 μὴ
3387 3291 3515 3367 δόξῃ
3567 3288 3847 3365 κομπάζειν,

2275 3384 2358 3438 έπὶ
2386 3389 2471 3438 τὸν
2505 3390 2704 3458 Πατέρα
2742 3385 2894 3437 πάλιν
2927 3386 3220 3458 ἀνατρέχει,
3263 3383 3442 3455 λέγων·

2343 3569 2534 3615 Τοῦτον
2617 3593 2685 3603 -
2733 3567 2880 3623 Θεὸς.
2967 3592 3028 3604 -—
3088 3562 3452 3633 Ἐσφράγισεν,
3542 3563 3700 3630 ἤγουν
3741 3569 3848 3625 προ·

2275 3656 2575 3722 εχειρίσατο
2615 3651 2687 3713 εἰς
2718 3658 2891 3716 τοῦτο,
2925 3651 2994 3712 εἰς
3036 3654 3094 3703 τὸ
3139 3646 3352 3702 διδόναι
3379 3651 3574 3705 ταύτην
3620 3648 3752 3718 ὑμῖν.
3791 3639 3846 3690 Ἠ

2276 3737 2560 3807 ἀπέδειξεν,
2615 3739 2900 3812 ἐφανέρωσε
2974 3736 3069 3792 διὰ
3123 3747 3218 3800 τῆς
3294 3738 3477 3791 ἑαυτοῦ
3561 3736 3842 3810 μαρτυρίας.

2275 3829 2580 3904 Σφραγίζειν
2609 3832 2709 3903 γάρ
2746 3829 2950 3900 λέγεται
2979 3832 3070 3880 καὶ
3110 3831 3168 3879 τὸ
3198 3824 3577 3888 ἀποδεικνύειν,
3611 3828 3675 3885 ὡς
3701 3826 3773 3873 τό⁸
3797 3818 3844 3867 Ὀ

2272 3918 2439 3971 λαϐὼν
2471 3919 2630 3969 αὐτοῦ
2679 3922 2772 3974 τὴν
2826 3921 3114 3992 μαρτυρίαν
3161 3915 3494 3990 ἐσφράγισεν,
3549 3915 3628 3966 ὅτι
3671 3913 3694 3963 ὁ
3736 3909 3840 3963 Θεὸς

2273 4008 2385 4080 (Ml
2419 4005 2617 4068 ἀληθής
2639 4005 2773 4060 ἔστι.

2345 4094 2498 4150 Εἶπον
2564 4127 2628 4136 —
2690 4103 2862 4162 Θεοῦ;
2901 4101 3070 4169 Ἔργα
3129 4102 3219 4147 τοῦ

2272 4187 2612 4261 εὐαρέστησιν
2653 4193 2742 4237 τοῦ
2793 4191 2946 4237 Θεοῦ.
2999 4184 3258 4258 Ἐρωτῶσι
3307 4179 3386 4245 δε,
3431 4181 3536 4252 οὐχ
3596 4185 3671 4234 ἱνα
3715 4175 3831 4248 ἐργα-

2275 4295 2467 4328 σωνται
2497 4274 2646 4337 αὐτὰ,
2695 4272 2824 4325 ἀλλά
2865 4271 3226 4334 κολακεύοντες
3258 4273 3340 4323 ἱνα
3386 4268 3588 4333 δόξωσι
3633 4264 3824 4341 μαθηταὶ

2271 4370 2356 4417 xui
2390 4364 2553 4426 αὐτοὶ,
2591 4367 2679 4415 καὶ
2709 4363 2872 4424 οὕτως
2902 4360 3296 4414 ἐπισπάσωνται
3322 4361 3434 4432 (43)
3457 4363 3587 4434 πρὸς
3607 4354 3820 4432 χορηγίαν

2271 4461 2489 4528 τροφῆς.

2340 4543 2626 4615 ’Δπεκρίθη
2658 4572 2726 4582 -
2757 4539 2969 4601 ἐκεῖνος,
3017 4533 3340 4614 Προεδίδαξε
3367 4539 3470 4612 γὰρ
3500 4532 3729 4608 διαγόρως
3748 4525 3803 4575 ὅτι

2270 4635 2413 4705 παρά
2441 4638 2533 4682 τοῦ
2566 4637 2698 4683 Θεοῦ
2731 4627 3071 4682 ἀπέσταλται.
3734 4705 3737 4706 ν
3777 4697 3782 4706 ¹

2345 4715 2496 4771 Εἶπον
2577 4750 2644 4758 ——
2723 4717 2916 4792 ἐργάζῃ
2955 4717 3135 4789 ;”Ορα
3216 4714 3409 4774 πολλὴν
3483 4717 3649 4768 ἄνοιαν.
3712 4705 3789 4770 [ιρο

2271 4808 2499 4882 βραχέος
2537 4807 2822 4883 ἐχόρτασεν
2877 4807 3063 4868 αὐτοὺς
3113 4813 3325 4880 τροφῆς,
3380 4811 3590 4860 καὶτοῦ
3618 4796 3795 4855 τοιοῦτον

3297 4101 3430 4147 Θεοῦ
3487 4092 3698 4144 καλοῦσι
3761 4089 3832 4136 τὶν

1733 5137 1957 5209 Variae
1993 5139 2322 5210 lectiones
2363 5148 2428 5207 et
2467 5145 2646 5206 notae

608 5337 697 5393 Hi
725 5331 828 5388 Οὖν
863 5335 1035 5393 abest
1065 5338 1131 5391 A.

608 5337 669 5392 41
725 5336 828 5388 Οὖν
863 5336 1035 5393 abest
1065 5338 1131 5391 A.

582 5336 697 5478 έιιξ
720 5406 780 5460 Ὀ
806 5412 938 5470 Θεός
957 5407 1130 5464 abest
1158 5410 1227 5464 Α.

582 5583 680 5656 (ss)
710 5583 1014 5656 Apparuit.
1046 5585 1193 5656 lmo,
1225 5584 1416 5655 elegit,
1453 5585 1619 5656 dedit
1650 5585 1730 5642 ad
1767 5585 1903 5651 hoc,
1936 5590 2015 5645 ut.

583 5657 678 5728 (tt)
709 5657 786 5712 Ac
812 5655 862 5712 si
914 5655 1187 5723 videlicet,
1219 5659 1328 5712 etc.
1378 5659 1443 5711 Ut
1471 5655 1617 5712 illud
1647 5672 1663 5714 :
1691 5658 1793 5729 qui
1821 5657 1953 5728 ejus
2004 5657 2159 5715 testi-

2347 5337 2457 5409 (43)
2486 5339 2584 5390 Τὸν
2615 5339 2864 5411 Χριστόν.

2269 5585 2542 5643 monium
2593 5584 2841 5658 accepit,
2887 5583 3146 5643 ostendit
3201 5580 3625 5657 (conﬁrmavit)
3673 5574 3821 5630 Deum

2269 5673 2397 5715 esse
2424 5671 2714 5714 veracem.
