4120 6310
320 305 455 361 1945

1339 304 1707 362 (ΣΟΜΜΕΝΤ.
1756 305 1819 359 ΙΝ
1863 304 2206 361 JUANNEM.
2254 336 2315 345 —
2358 304 2516 360 CXP.
2558 305 2652 361 VI.

3549 303 3683 359 1246

319 432 578 503 Θαύματος
659 427 847 484 αὐτίκα
925 428 1281 506 ἓπιλαθόμενοι
1354 440 1567 508 σημεῖον
1638 432 1912 494 ἐπιζητου-

2037 440 2077 490 at
2102 434 2369 505 protinus
2409 432 2573 489 obliti
2606 431 3047 491 tantimiraculi
3071 430 3314 504 signum
3358 433 3680 506 requirunt,

320 537 433 573 σιν·
492 518 599 573 εἶτα
649 524 733 572 καὶ
800 524 858 573 τό
914 518 1055 585 εἶδος
1106 522 1316 595 λέγουσι
1370 531 1460 575 τοῦ
1502 523 1911 595 ἐπιζητουμένου

321 614 560 681 σημείου.

391 700 456 749 Οἱ
499 702 709 773 πατέρες
762 731 830 740 —
896 708 1093 772 φαγεῖν,
1161 705 1455 773 Γέγραπται
1525 700 1572 752 ἐν
1624 708 1685 772 τῇ
1748 698 1913 773 βίϐλῳ

317 795 417 839 τῶν
465 787 707 859 Ψαλμῶν·
788 788 989 841 Πολλῶν
1058 787 1117 843 δε
1185 796 1411 863 σημείων
1478 796 1763 862 γεγονότων
1832 788 1915 841 ἐπὶ

317 884 416 926 τῶν
465 881 697 951 πατέρων
747 878 930 944 αὐτῶν,
998 882 1185 931 τούτου
1242 880 1476 952 μάλιστα
1532 880 1915 952 μνημονεύουσι

319 961 413 1017 διὰ
441 970 534 1023 τὴν
580 975 673 1027 τῆς
710 972 942 1040 γαστρὸς
984 966 1288 1041 τυραννίδα,
1334 970 1629 1041 νομίζοντες
1670 967 1914 1043 ἐρεθίζειν

318 1055 472 1106 αὐτόν
532 1055 598 1115 εἰς
654 1060 709 1107 τό
776 1066 998 1115 ποιῆσαι
1041 1064 1130 1109 καὶ
1182 1059 1336 1111 αὐτόν
1395 1066 1625 1111 τοιουτον
1678 1066 1910 1129 σημεῖον,

318 1145 438 1219 ὅπερ
499 1144 693 1216 ἔμελλεν
758 1145 1035 1218 ἐμπλήσειν
1116 1148 1305 1210 αὐτοὺς
1368 1157 1581 1224 τροφῆς.
1656 1146 1807 1218 Ἀλλ’,
1876 1142 1914 1196 ὦ

319 1232 608 1305 ἀμνήμονες
650 1240 739 1286 xui.
771 1234 1099 1309 ἀχάριστοιῘ
1146 1238 1203 1289 οὐ
1252 1244 1341 1290 καὶ
1388 1238 1537 1290 αὐτοὶ
1579 1241 1675 1309 πρὸ
1724 1241 1915 1311 μικροῦ

317 1323 501 1394 ἄρτους
566 1328 655 1374 καὶ
721 1324 909 1395 ἰχθύας
985 1326 1049 1386 εἰς
1112 1331 1261 1401 κόρον
1346 1325 1555 1399 ἐφάγετε
1626 1324 1673 1377 ἓν
1740 1324 1914 1399 ἐρήμῳ

318 1431 460 1482 τοπῳ
485 1429 496 1477 ;

393 1506 492 1554 Καὶ
553 1508 839 1577 παρατήρει
892 1524 980 1575 μοι
1038 1503 1303 1558 κάνταῦθα
1354 1510 1441 1563 τὴν
1507 1504 1774 1557 κολακείαν
1829 1504 1917 1555 αὖ·

318 1600 439 1658 τῶν,
501 1589 627 1642 ἀλλὰ
674 1599 762 1644 καὶ
816 1598 1088 1665 πονηρίαν.
1148 1595 1259 1647 Οὐκ
1312 1593 1450 1649 εἶπον
1506 1598 1607 1668 γὰρ
1673 1598 1788 1647 οὔτε
1839 1596 1917 1645 ὅτι

321 1680 484 1749 ό(44)
512 1687 747 1743 Μωυσῆς
786 1680 997 1740 ἐποίησε
1038 1686 1093 1735 τό
1144 1692 1375 1756 σημεῖον,
1434 1685 1657 1757 οἰόμενοι
1710 1683 1917 1745 πλήξειν

2023 523 2233 580 deinde
2256 538 2447 594 genus
2479 523 2658 579 etiam
2694 523 2963 595 requisiti
2995 524 3147 595 signi
3178 523 3429 579 addunt.

2094 702 2260 757 Vers.
2306 703 2393 758 31.
2426 702 2619 756 Patres
2648 732 2714 743 —
2761 702 2842 757 ad
2885 702 3191 759 edendum.
3243 701 3534 774 Scriptum
3596 703 3682 756 est

2022 791 2081 846 in
2125 791 2278 847 libro
2326 791 2697 846 Psalmorum
2733 791 2797 844 ιδ.
2835 791 2985 846 Cum
3030 796 3230 847 autem
3290 790 3477 845 multa
3508 790 3682 859 signa

2022 896 2222 936 coram
2240 880 2505 953 patribus
2525 880 2789 951 ipsorum
2813 880 2966 935 facta
2980 884 3196 945 essent,
3214 879 3393 950 hujus
3420 879 3681 934 maxime

2023 969 2426 1025 meminerunt
2482 972 2727 1041 propter
2782 970 3002 1025 ventris
3048 969 3446 1041 tyrannidem,
3488 968 3684 1024 existi-

2025 1065 2255 1114 mantes
2287 1058 2410 1114 fore
2444 1064 2505 1113 ut
2542 1058 2740 1131 ipsum
2791 1074 3035 1131 quoque
3077 1058 3154 1113 ad
3193 1057 3385 1113 simile
3440 1057 3681 1128 signum

2022 1149 2345 1206 faciendum
2400 1149 2710 1213 irritarent,
2751 1155 2898 1222 puta
2931 1152 2992 1204 ut
3041 1151 3099 1205 et
3130 1148 3202 1203 'se
3254 1148 3387 1203 cibo
3420 1148 3677 1203 satiaret.

2025 1239 2159 1305 Sed,
2193 1236 2517 1294 oobliviosi
2538 1239 2833 1308 acingrati
2868 1238 2879 1290 l
2903 1252 3101 1293 nonne
3130 1236 3309 1309 paulo
3332 1242 3469 1293 ante
3498 1252 3683 1309 panes

2025 1336 2079 1385 et
2107 1329 2301 1402 pisces
2332 1328 2409 1385 ad
2443 1328 2770 1384 satietatem
2810 1328 2867 1383 in
2898 1327 3030 1383 loco
3058 1326 3293 1382 deserto
3325 1326 3526 1382 edistis
3553 1326 3577 1380 τ

2098 1506 2282 1563 Simul
2321 1521 2564 1578 quoquc
2598 1505 2738 1561 mihi
2771 1504 2865 1560 hic
2896 1504 3157 1561 observa
3188 1507 3244 1560 et
3269 1503 3683 1559 adulationem

2026 1598 2292 1669 ipsorum
2323 1601 2379 1651 et
2408 1595 2667 1650 invidam
2717 1593 3025 1649 malitiam.
3076 1595 3277 1664 Neque
3322 1592 3481 1647 enim
3522 1592 3685 1648 dixe-

2027 1691 2183 1751 runt,
2216 1684 2381 1749 quod
2433 1687 2617 1741 Moses
2644 1682 2790 1738 illud
2822 1682 3054 1737 fecisset
3086 1682 3350 1751 signum,
3400 1695 3467 1735 ne
3521 1680 3683 1736 hunc

322 1768 497 1832 αὐτόν,
530 1769 574 1821 εἰ
612 1774 697 1821 τόν
747 1776 973 1824 Μωῡσέα
1012 1776 1177 1844 τούτῳ
1232 1780 1624 1846 συγκρινοῦσιν,
1674 1776 1790 1825 οὔτε
1838 1772 1917 1823 ὅτι

2037 1776 2356 1846 deprimere
2388 1774 2747 1837 viderentur,
2775 1773 2823 1826 si
2863 1772 3087 1826 Mosem
3128 1770 3178 1824 ei
3206 1773 3624 1841 compararent
3664 1786 3678 1824 :

321 1858 346 1909 6
379 1861 506 1920 Θεὸς
538 1858 663 1911 αὐτὸ
714 1865 1007 1927 πεποίηκεν,
1052 1864 1133 1913 ἶνα
1184 1867 1255 1935 μὴ
1312 1860 1535 1926 δοξωσιν
1566 1862 1769 1924 ἑξισοῡν
1828 1860 1917 1912 αὖ·

319 1953 406 1998 τόν
434 1957 504 2019 τῷ
538 1956 669 2019 Θεῷ.
707 1952 802 2001 Διά
848 1958 999 2002 τοῦτο
1052 1949 1319 2012 ἀπολύτως
1373 1949 1511 2004 εἷπον
1538 1968 1549 1980 ·
1586 1954 1652 2003 Οἱ
1702 1954 1919 2024 πατέρες

319 2038 466 2108 ἡμῶν
515 2042 572 2090 τό
624 2042 790 2111 μάννα
846 2043 1032 2112 ἔφαγον
1094 2042 1205 2112 (45)
1255 2042 1304 2093 έν
1357 2050 1418 2113 τῇ
1475 2044 1661 2115 ἐρήμῳ.
1716 2044 1778 2094 Τί
1830 2036 1917 2091 οὖν

320 2127 345 2177 6
409 2127 687 2200 οἰκονομῶν
748 2133 869 2191 τοὺς
918 2129 1099 2202 λόγους
1173 2130 1329 2183 αὑτοῦ
1410 2129 1457 2182 έν
1524 2136 1732 2205 κρίσεις
1809 2129 1918 2180 Οὐκ

321 2214 521 2287 ἐλέγχει
554 2220 779 2288 τούτους,
809 2218 916 2271 ἀλλ’
945 2220 1148 2291 ὁμαλῶς
1171 2219 1521 2293 ἀποκρίνεται.
1556 2224 1669 2293 Χρὴ
1702 2222 1826 2293 γὰρ,
1850 2221 1918 2280 ὡς

320 2311 645 2381 προείρηται,
696 2312 819 2361 ποτε
860 2312 949 2381 μεν
993 2309 1246 2381 ἐλέγχειν,
1304 2314 1428 2363 ποτε
1492 2307 1550 2363 δὲ
1604 2309 1916 2373 ἀνεξικακείν

321 2394 671 2467 οἰκονομικῶς.

393 2484 543 2537 Εἶπεν
601 2518 668 2525 -
723 2486 961 2559 οὐρανοῦ.
1018 2487 1159 2540 Ἐπεὶ
1206 2487 1560 2561 ὑπελάμϐανον
1626 2492 1683 2540 τό
1754 2491 1919 2561 μάννα

321 2576 475 2648 ἄρτον
516 2573 643 2627 εἶναι
673 2575 728 2627 ἐκ
758 2584 847 2628 τοῦ
877 2581 1069 2649 κυρίως
1118 2578 1336 2649 οὐρανοῦ
1367 2574 1459 2630 διὰ
1493 2580 1550 2629 τὸ
1589 2579 1878 2651 γεγράφθαι
1902 2593 1914 2605 ⁸

323 2670 513 2735 Ἀρτον
572 2664 624 2716 ἐκ
668 2674 756 2717 τοῦ
811 2665 1065 2739 οὐρανοῦ·
1124 2662 1408 2739 διορθοῦτα
1458 2671 1548 2724 τὴν
1601 2665 1918 2738 έσφαλμένην

321 2752 582 2823 ὑπόληψιν
643 2754 829 2808 αὐτῶν.
885 2755 1114 2826 Οὐρανόν
1161 2758 1260 2828 γὰρ
1296 2753 1395 2806 ἐκεῖ
1460 2758 1545 2805 τόν
1617 2753 1741 2827 ἀέρα
1812 2752 1919 2807 εἷπε

319 2852 762 2916 καταχρηστικῶς
807 2845 834 2900 ἡ
888 2848 1060 2915 Γραφή
1092 2860 1103 2872 '
1135 2846 1201 2905 ὡς
1253 2848 1341 2896 καὶ
1388 2844 1507 2895 ὅταν
1538 2843 1658 2915 λέγῃ
1711 2845 1774 2895 τὰ
1834 2862 1917 2895 πε-

314 2935 462 2982 τεινὰ
510 2938 601 2983 τοῦ
653 2931 899 3003 οὗρανοῠη
956 2936 1045 2984 καὶ
1100 2932 1272 3000 πάλιν,
1329 2937 1429 2986 Καὶ
1504 2930 1810 3006 ἐϐρόντησεν
1868 2930 1919 2994 ἐξ

321 3018 539 3092 οὐρανοῦ
570 3020 595 3070 ό
629 3022 834 3093 Κύριος.

392 3112 554 3165 Φησὶν
586 3106 693 3174 οὖν,
744 3111 820 3161 ὅτι
853 3110 927 3162 Οὐ
959 3117 1179 3172 Μουσῆς
1232 3106 1431 3163 δέδωκε
1486 3116 1598 3163 τότε
1649 3119 1720 3182 τῷ
1785 3115 1916 3182 γένει
1951 3134 1993 3193 C

321 3199 463 3270 ὑμῶν
504 3201 588 3250 τόν
632 3200 785 3273 ἄρτον
835 3197 888 3251 ἐκ
920 3207 1011 3251 τοῦ
1054 3205 1241 3272 κυρίως
1292 3200 1511 3275 οὐρανοῦ
1540 3200 1655 3272 (46)
1683 3216 1696 3231 ⁸
1758 3198 1863 3251 ἀλλ’
1893 3202 1917 3251 6

325 3292 505 3363 Πατήρ
537 3308 636 3360 μου
668 3296 752 3339 νῦν
780 3289 891 3358 (47)
958 3285 1183 3341 δίδωσιν
1236 3290 1357 3361 ὑμῖν
1400 3294 1485 3341 τὸν
1535 3291 1689 3362 ἄρτον
1730 3288 1784 3342 ἐκ
1827 3298 1918 3341 τοῦ

323 3382 518 3450 κυρίως
548 3378 786 3451 οὐρανοῦ.
831 3376 1029 3452 Ὠσπερ
1061 3381 1162 3452 γὰρ
1206 3379 1230 3429 6
1266 3384 1444 3452 Πατὴρ
1477 3378 1736 3451 οὐράνιός,
1786 3380 1919 3431 οὕτω

324 3472 413 3519 καὶ
450 3468 473 3517 ό
504 3469 620 3527 Υἱός
652 3466 909 3540 οὐράνιος,
938 3471 1028 3518 καὶ
1055 3472 1248 3542 κυρίως
1278 3469 1425 3541 ἄρτος
1470 3466 1564 3540 [ὡς
1591 3468 1705 3537 (48)
1740 3472 1919 3541 στηρί-

327 3556 427 3615 ζων
454 3552 679 3630 καρδίαν
712 3554 1005 3630 ἀνθρώπου.

396 3648 492 3696 Τόν
542 3643 802 3702 ἀληθινόν.
866 3646 1078 3704 Ἐκεῖνος
1127 3647 1224 3719 γὰρ
1272 3647 1296 3696 6
1339 3646 1516 3720 ἄρτος]
1570 3650 1788 3709 τυπικός
1837 3642 1916 3712 ἦν,

326 3740 624 3803 προτυπῶν,
685 3738 861 3804 φησὶν.
920 3731 1003 3804 ἐμὲ
1050 3736 1133 3784 τόν
1190 3732 1557 3791 αὐτοαλὴθειαν
1610 3737 1718 3805 (49)
1778 3738 1915 3788 ὅντα.

328 3822 571 3893 Καθάπερ
626 3822 727 3894 γὰρ
801 3820 988 3881 ἐκεῖνος
1058 3822 1247 3873 ἄνωθεν
1308 3820 1538 3883 καταϐὰς
1602 3826 1773 3897 ἔτρεφε
1832 3829 1922 3874 καὶ

325 3909 569 3985 ἑρρώννυε
635 3913 751 3969 τοὺς
803 3908 1308 3981 μεταλαμϐάνοντας,
1363 3911 1496 3963 οὕτω
1552 3910 1713 3982 κάγὼ.
1787 3912 1918 3964 Ἀλλ’

326 3996 509 4060 ἐκεῖνος
542 4000 629 4070 μὲν
655 3998 733 4072 [ὲκ
914 4006 1003 4050 τοῦ
1052 3996 1213 4073 ἀέρος,
1243 3998 1342 4070 ἐγὼ
1398 3997 1457 4052 δε
1513 3998 1567 4052 ἐκ
1622 4008 1711 4052 του
1766 4005 1919 4062 ὅντως

326 4088 564 4161 οὐρανοῦ.
642 4086 885 4149 Κάκεῖνος
949 4086 1061 4160 μὶν]
1132 4091 1302 4160 ἔτρεφε
1371 4094 1459 4139 καὶ
1525 4087 1769 4162 ὶρῥώννυε
1824 4096 1920 4141 σά.-

322 4197 483 4250 ματα,
527 4175 624 4247 ἐγὼ
656 4172 714 4229 δε
765 4176 969 4247 ψυχάς.
1008 4181 1205 4248 Προϊὼν
1251 4173 1308 4229 δε
1360 4176 1495 4247 λέγει
1543 4182 1630 4229 καὶ
1686 4182 1779 4236 τὴν
1833 4198 1920 4230 κα-

328 4266 665 4339 Θολικωτέραν
713 4262 967 4340 διαφορὰν
1009 4274 1101 4317 του
1133 4285 1186 4317 τε
1227 4274 1446 4319 tumon
1492 4268 1651 4340 ἄρτου
1685 4274 1770 4320 καὶ
1830 4276 1921 4320 τοῦ

326 4354 591 4413 ἀληθινοῦ.

397 4452 439 4496 Ο
489 4447 589 4517 γὰρ
629 4446 781 4517 ἄρτος
849 4474 918 4484 -
974 4448 1175 4516 κόσμῳ.
1243 4444 1301 4495 Ὀ
1367 4449 1558 4516 κυρίως
1625 4446 1781 4516 ἄρτος
1831 4454 1920 4497 τοῦ

326 4541 483 4600 Θεοῦ,
539 4537 701 4586 εἷτουν
752 4534 776 4584 ὁ
837 4534 964 4592 θεῖος
1024 4534 1179 4605 ἄρτος
1244 4532 1448 4585 ἔστὶνό
1506 4531 1559 4584 έκ
1616 4541 1707 4585 τοῦ
1765 4538 1923 4597 ὄντως

326 4624 544 4697 οὐρανοῦ
599 4621 826 4682 καταϐὰς
856 4626 945 4673 καὶ
979 4624 1115 4684 ζωὴν
1164 4622 1368 4673 αἰώνιον
1417 4618 1603 4683 διδοὺς
1630 4631 1701 4692 τῷ
1740 4627 1920 4695 κόσμῳ

326 4722 396 4784 τῷ
453 4715 773 4765 πιστεύοντι.
822 4710 1041 4771 Ἐκεῖνος
1088 4714 1188 4782 γὰρ
1245 4714 1380 4773 ζωὴν
1435 4714 1755 4783 πρόσκαιρον
1805 4708 1917 4763 ἐδί-

327 4799 444 4866 δου,
504 4807 593 4852 καὶ
645 4800 702 4851 οὐ
735 4808 805 4870 τῷ
849 4804 1048 4871 κόσμῳ,
1105 4798 1230 4850 ἀλλὰ
1285 4805 1458 4871 μόνοις
1494 4805 1595 4859 τοῖς
1640 4797 1915 4873 Ἑϐραίοις.

325 4895 471 4948 Ζωὴν
500 4888 557 4943 δε
586 4890 789 4941 αἰώνιον
817 4892 919 4939 νόει
950 4892 1017 4959 μὴ
1049 4892 1141 4945 την
1184 4885 1355 4949 ἁπλῶς
1390 4891 1450 4945 ἣν
1480 4888 1710 4948 ζήσουσι
1738 4897 1921 4950 κοινῶς

326 4983 509 5040 πάντες
534 4980 817 5053 ἄνθρωποι,
851 4975 977 5027 ἀλλὰ
1002 4980 1094 5033 τὴν
1121 4981 1404 5048 μακαρίαν,
1427 4981 1520 5035 τὴν
1552 4977 1600 5029 ἐν
1634 4974 1919 5030 ἀπολαύσει

326 5065 571 5126 διηνεκεῖ.

397 5194 440 5228 ¹⁸
483 5191 637 5248 Psal.
670 5206 875 5256 Lxxvn,
916 5192 1003 5246 24.

1085 5192 1130 5226 ι’
1148 5188 1295 5246 Psal.
1329 5204 1441 5254 ενι,
1476 5191 1528 5246 5.
1558 5191 1606 5227 ²⁰
1635 5189 1788 5246 Psal.
1812 5206 2022 5259 Lxxvn,
2052 5192 2143 5259 24,

2028 1880 2243 1937 neque,
2276 1866 2439 1935 quod
2466 1863 2619 1917 Deus
2661 1862 2862 1933 ipsum
2894 1860 3191 1924 edidisset,
3236 1874 3310 1913 ne
3355 1858 3516 1913 hunc
3560 1858 3683 1913 Deo

2028 1958 2363 2025 aequarent;
2426 1952 2531 2006 sed
2582 1950 2857 2006 absolute
2908 1949 3220 2004 dixerunt:
3259 1948 3456 2003 Patres
3499 1947 3685 2003 nostri

2026 2042 2383 2098 comederunt
2413 2056 2630 2095 manna
2668 2040 2729 2094 in
2773 2039 3012 2094 deserto.
3063 2038 3213 2104 Quid
3260 2052 3401 2105 ergo
3454 2036 3521 2099 is,
3579 2035 3683 2109 qui

2023 2130 2270 2202 disponit
2289 2145 2569 2185 sermones
2586 2144 2719 2184 suos
2735 2128 2793 2183 in
2804 2127 3043 2197 judicio
3062 2128 3107 2162 ¹⁹
3141 2130 3168 2182 ?
3185 2129 3309 2183 Non
3342 2126 3533 2196 arguit
3558 2142 3679 2191 eos,

2026 2221 2127 2276 sed
2161 2220 2381 2275 blande
2433 2219 2773 2290 respondet.
2832 2219 3067 2288 Oportet
3108 2216 3291 2281 enim,
3348 2220 3410 2271 ut
3440 2215 3684 2287 praedic-

2026 2314 2153 2367 tum
2187 2314 2293 2377 est,
2326 2308 2625 2364 interdum
2648 2306 2890 2379 quidem
2915 2321 3185 2375 arguere,
3219 2304 3515 2360 interdum
3543 2320 3683 2359 vero

2026 2399 2425 2469 dispensative
2453 2396 2802 2451 clementem
2835 2410 2983 2448 esse.

2096 2489 2261 2543 Vers.
2290 2488 2380 2543 32.
2425 2486 2585 2539 Dixit
2633 2516 2685 2525 —
2732 2484 2888 2539 creto.
2942 2483 3084 2546 Quia
3112 2482 3421 2552 putabant,
3457 2496 3684 2537 manna

2027 2592 2155 2632 esse
2188 2591 2405 2647 panem
2430 2573 2506 2628 ab
2536 2589 2606 2626 eo
2632 2572 2794 2644 quod
2820 2572 3051 2642 proprie
3083 2570 3293 2626 caelum
3322 2569 3678 2641 appellatur,

2026 2682 2097 2720 eo
2127 2664 2289 2736 quod
2311 2663 2593 2733 scriptum
2611 2666 2794 2716 esset:
2818 2662 3035 2716 Panem
3058 2661 3124 2714 de
3148 2661 3285 2715 creto
3306 2659 3462 2714 dedit
3489 2659 3569 2715 eis
3594 2661 3677 2714 '0:

2027 2753 2264 2821 corrigit
2284 2766 2594 2806 erroneam
2621 2766 2828 2805 eorum
2856 2749 3211 2820 opinionem.
3246 2751 3383 2804 Nam
3419 2748 3501 2803 ibi
3532 2747 3684 2803 Scri-

2029 2848 2205 2915 ptura
2248 2857 2445 2897 aerem
2479 2840 2797 2912 improprie
2839 2838 3071 2893 vocavit
3102 2837 3316 2893 caelum
3355 2835 3683 2909 :quemad-

2029 2932 2276 2989 modum
2306 2930 2483 2985 etiam
2515 2928 2797 2983 dicuntur
2828 2927 3099 2983 volucres
3132 2926 3285 2982 caeli.
3311 2929 3371 2981 Et
3402 2941 3638 2981 rursum
3666 2940 3678 2980 :

2028 3023 2285 3077 Intonuit
2314 3021 2386 3076 de
2402 3020 2547 3076 caelo
2571 3018 2856 3073 Dominus
2882 3019 2950 3072 ²¹.

2100 3111 2191 3166 Ait
2220 3126 2360 3178 ergo
2395 3126 2406 3164 :
2444 3112 2565 3165 Non
2600 3109 2794 3163 MOses
2846 3106 3012 3162 dedit
3042 3111 3182 3162 tunc
3226 3103 3447 3161 nationi
3482 3107 3683 3159 vestrae

2029 3218 2241 3274 panem
2285 3200 2385 3271 qui
2420 3198 2656 3270 proprie
2708 3198 2781 3251 de
2809 3195 2960 3251 caelo
3015 3196 3107 3263 sit,
3148 3195 3253 3250 sed
3308 3198 3472 3250 Pater
3510 3209 3682 3248 meus

2025 3306 2187 3349 nunc
2218 3290 2321 3344 dat
2356 3287 2528 3343 vobis
2560 3302 2776 3357 panem
2798 3285 2875 3340 ab
2899 3300 2969 3340 eo
2999 3284 3161 3356 quod
3195 3283 3431 3355 pr0prie
3461 3282 3683 3337 coelum

2028 3379 2378 3453 appellatur.
2400 3380 2543 3432 Nam
2565 3377 2714 3431 sicut
2732 3375 2897 3429 Pater
2919 3372 3149 3445 proprie
3169 3372 3381 3427 dicitur
3402 3370 3679 3437 celestis,

2028 3471 2108 3525 ita
2139 3473 2193 3523 et
2222 3466 2393 3522 Filius
2425 3464 2705 3529 ccelestis,
2739 3468 2795 3519 et
2819 3462 3058 3535 prOprie
3107 3460 3302 3534 panis,
3351 3463 3549 3532 utpote
3580 3474 3685 3515 cor

2028 3556 2289 3613 hominis
2316 3553 2709 3609 conﬁrmans.

2099 3647 2264 3700 Vers.
2306 3648 2392 3699 32.
2426 3644 2575 3697 Eum
2598 3640 2879 3713 quiverus
2910 3644 3011 3695 est.
3046 3638 3352 3710 Siquidem
3384 3636 3478 3693 ille
3510 3637 3680 3709 panis

2030 3734 2378 3805 ﬁgurativus
2409 3738 2555 3795 erat,
2590 3747 2698 3787 me,
2737 3730 2947 3802 inquit,
2982 3728 3378 3801 praeﬁgurans
3419 3726 3517 3800 qui
3545 3742 3681 3782 sum

2029 3824 2159 3896 ipsa
2178 3822 2425 3877 Veritas.
2443 3819 2964 3886 Quemadmodum
2996 3818 3152 3872 enim
3182 3816 3274 3873 ille
3300 3816 3558 3887 desuper
3583 3815 3682 3871 de-

2030 3912 2337 3977 scendens,
2372 3926 2474 3965 eos
2505 3910 2607 3982 qui
2647 3907 3099 3979 participabant,
3134 3905 3420 3978 pascebat
3473 3919 3543 3958 ac
3584 3918 3681 3959 ro-

2029 4000 2294 4065 borabat,
2329 4000 2408 4055 ita
2439 4004 2492 4053 et
2515 4014 2645 4067 ego.
2679 3996 2791 4053 Sed
2826 3996 2918 4051 ille
2948 3995 3026 4051 ab
3058 4012 3211 4065 aere,
3252 4010 3362 4063 ego
3413 3998 3610 4049 autem
3646 4008 3683 4049 a

2032 4106 2170 4145 vero
2202 4089 2353 4145 cmlo
2382 4106 2395 4144 ε
2424 4087 2518 4143 ille
2548 4088 2791 4160 quidem
2823 4101 3074 4158 corpora
3100 4084 3385 4157 pascebat
3413 4098 3483 4139 ac
3508 4081 3684 4138 robo-

2028 4179 2218 4244 rabat,
2263 4194 2373 4245 ego
2431 4193 2566 4232 vero
2616 4176 2872 4231 animas.
2932 4177 2993 4230 ln
3044 4172 3434 4245 sequentibus
3481 4175 3681 4227 autem

2029 4268 2197 4341 ponit
2236 4265 2662 4337 generaliorem
2694 4263 3089 4319 differentiam
3123 4263 3272 4319 inter
3302 4260 3681 4333 tigurativum

2030 4372 2268 4428 panem,
2311 4360 2367 4410 et
2387 4370 2518 4409 eum
2550 4354 2651 4426 qui
2694 4369 2865 4407 verus
2897 4357 3002 4407 est.

2098 4444 2259 4499 Vers.
2278 4448 2362 4499 33.
2394 4443 2571 4499 Panis
2593 4442 2739 4499 enim
2756 4473 2822 4480 —
2840 4441 3071 4496 mundo.
3089 4439 3323 4511 Proprie
3351 4438 3523 4511 panis
3557 4436 3679 4502 Dei,

2030 4534 2152 4588 sive
2191 4533 2429 4587 divinus
2469 4536 2577 4599 est,
2628 4531 2727 4603 qui
2779 4546 2911 4584 vere
2952 4530 3024 4584 de
3070 4529 3215 4584 cmlo
3259 4526 3582 4593 descendit,
3629 4530 3683 4579 et

2031 4622 2208 4677 vitam
2236 4628 2519 4676 aeternam
2547 4620 2642 4675 dat
2666 4619 2885 4674 mundo
2911 4618 3165 4673 credenti
3193 4634 3203 4673 :
3227 4616 3472 4672 cumille
3499 4615 3682 4671 vitam

2028 4710 2107 4767 ad
2139 4717 2371 4782 tempus
2403 4710 2589 4771 daret,
2625 4724 2741 4763 non
2776 4707 3023 4772 mundo,
3079 4705 3181 4761 sed
3230 4705 3367 4761 solis
3406 4704 3680 4760 Hebraeis.

2028 4800 2217 4855 Vitam
2274 4804 2470 4853 autem
2517 4803 2791 4851 mternam
2835 4795 3110 4864 intelligo,
3145 4810 3265 4849 non
3317 4792 3680 4865 simpliciter,

2028 4905 2150 4960 qua
2176 4887 2374 4941 vivent
2401 4885 2798 4941 communiter
2824 4900 3033 4939 omnes
3070 4883 3367 4954 homines,
3402 4881 3510 4937 sed
3540 4881 3685 4939 bea-

2025 4979 2170 5040 tam,
2204 4992 2337 5048 qum
2369 4975 2472 5030 erit
2504 4975 2563 5030 in
2593 4973 2875 5030 continua
2912 4973 3113 5047 requie
3138 4973 3289 5045 (uu).

2222 5194 2263 5227 ²¹
2292 5189 2445 5246 Psal.
2473 5204 2604 5255 xvn,
2638 5188 2721 5243 14.

1552 5310 1779 5382 Variae
1795 5313 2121 5383 lectiones
2142 5324 2207 5383 et
2230 5325 2436 5383 notae.

390 5435 501 5503 (ιι)
538 5430 599 5489 'o
633 5431 803 5488 abest
830 5432 897 5487 Α.

394 5503 506 5577 (45)
544 5503 774 5577 Ἐφαγον
806 5507 864 5556 τὸ
894 5503 1061 5575 μάννα
1090 5506 1150 5557 Α.

391 5575 507 5650 (46)
548 5575 784 5650 φέρανοῡ
822 5578 1011 5650 κυρίως
1043 5580 1101 5627 Α.

392 5642 506 5720 (47)
542 5642 648 5703 Οὖν
678 5662 788 5719 pro
813 5642 921 5712 νῦν,
955 5651 1009 5700 Β.

2103 5431 2216 5503 (487)
2252 5430 2480 5503 Inclusa
2512 5428 2727 5503 omittit
2749 5430 2813 5484 Δ.

2100 5500 2312 5574 (49)Τόν
2344 5501 2497 5574 αὐτὸν
2523 5500 2775 5574 όιλήθειαν
2818 5506 2880 5555 Δ.

2100 5572 2214 5646 (50)
2248 5573 2480 5629 Inclusa
2508 5572 2724 5629 absunt
2750 5572 2817 5626 A.

394 5749 521 5818 (uu)
550 5746 786 5817 Requie.
818 5743 915 5800 Sic
958 5742 1074 5800 hic.
1116 5742 1272 5801 Infra
1302 5742 1380 5799 ad
1410 5757 1567 5799 vers.
1610 5744 1676 5797 39
1705 5739 1917 5797 reddid

2037 5742 2279 5796 τόλαυσιν
2306 5741 2655 5812 fruitionem
2683 5740 2800 5799 nisi
2828 5740 3123 5797 ἀνάπαυσιν
3152 5740 3375 5812 legerit.
