4120 6310
606 260 741 318 1247

596 476 986 551 intelligentes
1004 479 1106 551 huj
1117 481 1353 538 usmodi
1372 497 1586 553 panem
1608 498 1729 554 prae
1745 482 1966 537 ventris
1989 481 2252 555 ingluvie

597 565 760 622 hunc
798 567 1093 638 petebant,
1129 585 1246 625 non
1283 569 1485 636 semel,
1529 571 1633 626 sed
1674 586 1912 643 semper
1961 571 2250 643 accipere.

672 657 936 712 Vers.35.
972 659 1162 714 Ait—
1191 661 1341 716 vitae.
1374 660 1546 716 Panis
1579 659 1905 727 viviﬁcans,
1947 664 2003 716 et
2031 660 2156 734 qui,
2189 664 2254 716 ut

595 743 813 802 dictum
839 750 946 814 est,
986 747 1090 804 dat
1139 749 1325 806 vitam
1364 755 1650 806 aeternam
1683 769 1698 820 ;
1729 766 1870 806 nam
1906 765 1977 806 ea
2014 749 2254 822 proprie

597 833 820 891 dicitur
852 835 990 903 vita,
1022 853 1155 908 quae
1171 845 1394 896 interna
1422 848 1694 912 estgquae
1726 838 1886 894 enim
1913 839 1988 894 ad
2019 843 2254 911 tempus

596 922 787 993 durat,
818 941 939 981 non
973 925 1094 982 vita
1123 933 1230 992 est,
1263 929 1366 984 sed
1395 929 1524 985 vitae
1555 929 1768 998 imago.
1797 928 2022 984 Panem
2047 931 2250 984 autem

596 1013 732 1069 vitae
761 1030 931 1070 suam
957 1022 1129 1072 vocat
1157 1016 1529 1074 divinitatem
1559 1018 1890 1091 :siquidem
1922 1019 2052 1089 ipsa
2079 1018 2252 1090 panis

598 1116 710 1179 est,
741 1112 846 1184 qui
893 1113 966 1168 de
1009 1114 1159 1170 coelo
1183 1115 1507 1172 descendit.
1568 1117 1834 1177 Tandem
1883 1132 2022 1173 vero
2073 1119 2250 1173 etiam

597 1211 817 1267 corpus
842 1214 1010 1253 suum
1040 1208 1214 1256 vocat
1238 1218 1478 1273 panem.

669 1286 829 1342 Vers.
861 1288 947 1343 35.
969 1287 1163 1355 Qui—
1189 1305 1461 1364 unquam.
1487 1294 1968 1368 Venitquispiam
2001 1293 2077 1350 ad
2109 1307 2249 1350 eum

599 1389 705 1445 per
729 1374 910 1432 ﬁdem
943 1394 956 1444 ;
981 1378 1113 1448 ipsa
1134 1379 1292 1436 enim
1309 1386 1400 1436 est
1418 1381 1512 1438 via
1533 1383 1610 1439 ad
1638 1385 1825 1441 illum.
1847 1387 1976 1440 Non
2005 1382 2249 1449 esuriet,

598 1463 810 1535 inquit,
842 1465 1000 1522 fame
1025 1483 1158 1539 quin
1190 1468 1268 1525 ab
1306 1470 1649 1529 infidelitate
1689 1474 1975 1542 procedit,
2035 1478 2091 1528 et
2128 1485 2251 1527 non

603 1552 756 1608 sitiet
786 1569 1056 1626 unquam
1085 1557 1202 1628 siti,
1231 1575 1368 1631 quin
1415 1562 1495 1617 ab
1525 1563 1931 1620 incredulitate
1963 1561 2250 1623 nascitur,

601 1642 706 1697 sed
737 1646 927 1712 gratia
953 1644 1154 1702 divina
1185 1648 1463 1720 repletus,
1487 1655 1544 1707 et
1563 1653 1690 1724 ipse
1719 1652 2001 1722 deinceps
2033 1649 2254 1705 nullius

1917 264 2264 324 EUTHYMII
2303 265 2634 323 ZIGABENI

669 389 829 444 Vers.
869 388 958 446 34.
985 388 1278 449 Dixerunt
1307 424 1376 434 —
1412 391 1622 462 ipsum.
1655 391 1865 449 Adhuc
1905 392 2251 450 sensibilem
2278 393 2324 449 Α

3802 266 3905 324 1248

2436 389 2589 447 Εἶπον
2646 423 2716 434 -
2770 399 2972 448 τοῦτον.
3035 390 3152 448 "Et:
3202 391 3454 453 αἰσθητὸν
3528 392 3797 466 νομίζοντες
3838 398 3904 449 τὸν

2363 491 2595 535 τοιοῦτον
2630 483 2782 555 ἄρτον
2828 482 2963 554 (51),
2997 483 3096 535 ὑπὸ
3125 482 3438 557 λαιμαργίας
3488 481 3738 544 ἐζήτησαν
3770 485 3902 552 αὐτὸν,

2362 571 2468 644 οὐχ
2507 571 2845 637 άπασλαϐεἰν,
2881 569 3008 623 ἀλλὰ
3041 573 3278 626 πάντοτε.

2436 657 2557 714 Εἶπε
2591 691 2659 701 -
2707 660 2866 722 ζωῆς.
2919 659 2978 715 Ὀ
3027 662 3182 735 ἄρτος
3235 663 3261 714 6
3315 662 3542 734 ζωηρὸς,
3587 663 3611 714 6
3649 665 3770 726 ζωὴν
3810 664 3899 714 aieb-

2361 768 2466 802 νιον
2499 745 2705 814 διδοὺς,
2739 752 2805 812 ὡς
2845 752 3066 826 εἴρηται.
3099 755 3216 808 Ζωη
3257 753 3355 825 γὰρ
3390 756 3584 825 κυρίως
3630 753 3656 810 ἡ
3707 752 3896 814 αἰώνιος¹

2362 841 2392 896 ἡ
2421 842 2521 913 γὰρ
2565 845 2882 912 πρόσκαιρος
2935 839 2993 891 οὗ
3023 844 3214 913 κυρίως
3249 844 3378 907 ζωὴ,
3435 838 3541 891 ἀλλ’
3597 840 3732 894 εἰκὼν
3777 841 3896 902 ζωῆς.

2361 927 2550 1003 Ἀρτον
2584 925 2642 981 δὲ
2701 929 2817 998 (5'2)
2849 929 2983 989 ζωῆς
3011 934 3102 988 τὴν
3159 931 3379 987 θεὸτητα
3436 927 3619 982 ἑαυτοῦ
3663 929 3782 1002 λέγει
3805 938 3895 982 νῦν·

2362 1019 2490 1075 αὕτη
2521 1020 2622 1092 γὰρ
2655 1018 2812 1092 ἄρτος
2842 1016 2896 1069 ἐκ
2925 1025 3014 1070 τοῦ
3043 1017 3268 1091 οὐρανοῦ
3289 1016 3542 1080 καταϐάς.
3572 1023 3699 1094 Πρός
3722 1028 3784 1090 τῷ
3807 1018 3899 1071 τελει

2362 1104 2421 1161 δε
2445 1112 2534 1160 καὶ
2565 1111 2622 1159 τὸ
2654 1107 2840 1160 ἑαυτοῦ
2869 1116 3021 1180 σῶμα
3047 1110 3202 1184 ἄρτον
3235 1108 3398 1163 καλεῖ.

2428 1284 2487 1338 Ὀ
2517 1317 2584 1325 -
2622 1291 2846 1338 πώποτε.
2901 1286 3158 1360 ἹΞρχεταί
3203 1306 3281 1350 τις
3332 1289 3460 1361 πρὸς
3516 1287 3665 1339 αὐτὸν
3719 1283 3797 1339 διὰ
3831 1295 3896 1347 τῆς

2360 1379 2585 1437 πίστεως
2610 1394 2623 1408 ·
2679 1375 2808 1434 αὕτη
2836 1378 2936 1448 γὰρ
2991 1378 3021 1435 ἡ
3055 1376 3170 1446 (53)
3229 1373 3352 1438 ὁδὸς
3383 1380 3509 1450 πρὸς
3547 1376 3710 1430 αὐτόν.
3737 1375 3800 1429 Οὐ
3844 1379 3892 1446 μὴ

2363 1467 2604 1537 πεινάσῃ,
2653 1471 2806 1536 φησὶ,
2838 1469 2932 1524 τὴν
2963 1463 3064 1518 ἀπὸ
3109 1475 3203 1528 τῆς
3244 1464 3495 1527 ἀπιστίας
3515 1473 3682 1518 πεῖναν
3709 1483 3721 1494 ·
3745 1469 3818 1516 καὶ
3858 1462 3896 1515 οὐ

2363 1555 2435 1624 μὴ
2483 1549 2691 1625 διψήσῃ
2738 1558 2941 1606 πώποτε
2987 1559 3079 1612 τὴν
3137 1553 3236 1606 ἀπὸ
3286 1562 3381 1616 τῆς
3450 1554 3691 1614 ἀπιστίας
3741 1550 3896 1623 δίψαν⁵

2365 1639 2492 1693 ἀλλὰ
2528 1643 2780 1705 πλησθεὶς
2809 1651 2904 1704 τῆς
2933 1645 3072 1706 θείας
3113 1645 3337 1717 χάριτος
3384 1643 3536 1704 αὐτὸς
3569 1663 3620 1697 τε
3660 1638 3896 1717 ἀπροσδεὴς

599 1730 908 1801 indigebit,
939 1734 1041 1790 sed
1065 1735 1192 1792 aliis
1235 1739 1431 1809 potius
1459 1742 1795 1798 necessaria
1835 1740 2226 1797 subministra

2291 1746 2331 1802 Β
2364 1731 2513 1782 ἔσται
2539 1730 2736 1795 λοιπὸν,
2769 1735 2858 1784 καὶ
2907 1731 3095 1806 ἑτέροις
3123 1732 3312 1805 μᾶλλον
3342 1732 3632 1808 ἐπαρκέσει,
3676 1727 3893 1784 διδάσκων

600 1819 706 1886 bit,
727 1821 950 1878 docens
975 1839 1046 1880 ac
1076 1827 1352 1883 erudiens
1380 1829 1530 1885 illos.

673 1909 840 1968 Vers.
887 1916 975 1967 36.
1020 1915 1140 1970 Sed
1186 1947 1254 1956 —
1291 1918 1640 1974 credidistis.
1687 1919 1923 1975 Vidistis
1963 1935 2078 1985 me,
2125 1917 2250 1972 sive

602 2001 970 2068 cognovistis
1001 2004 1135 2074 quis
1155 2020 1262 2073 ego
1293 2008 1427 2075 sim,
1465 2013 1520 2064 et
1541 2025 1577 2064 a
1606 2009 1942 2064 testimonio
1985 2007 2249 2068 Joannis.

602 2091 661 2142 et
699 2103 734 2144 a
766 2089 952 2158 signis
991 2107 1128 2162 quae
1153 2094 1326 2160 edidi,
1366 2101 1424 2152 et
1448 2112 1484 2152 a
1534 2097 1870 2153 testimonio
1926 2098 2251 2169 Scriptura-

601 2191 757 2242 rum,
789 2194 941 2250 quas
983 2180 1154 2236 vobis
1205 2185 1432 2255 aperui,
1481 2186 1586 2241 sed
1633 2186 1966 2243 voluntarie
2027 2186 2252 2242 malum

601 2271 920 2335 operantes
950 2283 1072 2324 non
1120 2271 1377 2327 creditis.
1431 2275 1684 2340 Quando
1731 2281 1931 2331 autem
1979 2275 2092 2331 hoc
2136 2274 2252 2330 illis

601 2353 746 2410 dixit
782 2356 811 2412 ἳ
840 2355 1165 2415 Verisimile
1194 2361 1432 2434 quidem
1463 2370 1552 2419 est
1580 2365 1693 2421 hoc
1721 2365 1944 2421 dictum
1964 2380 2115 2431 esse,
2147 2364 2254 2420 etsi

601 2444 888 2515 scriptum
928 2462 1049 2503 non
1081 2449 1175 2506 sit.

674 2533 845 2592 Vers.
907 2539 994 2592 37.
1044 2538 1227 2596 Omne
1280 2571 1350 2582 —
1396 2543 1604 2600 veniet.
1659 2549 1779 2600 Hoc
1824 2559 2100 2599 sermone
2158 2542 2258 2598 de-

606 2627 1102 2698 monstrat,quod
1137 2628 1306 2685 Pater
1335 2631 1578 2688 adducit
1602 2633 1654 2688 ei
1685 2633 1996 2688 credentes
2022 2650 2035 2688 :
2073 2632 2254 2704 siqui-

604 2709 743 2767 dem
782 2713 925 2769 dicit
955 2721 1009 2771 et
1028 2716 1244 2773 Paulus
1281 2741 1292 2772 :
1326 2721 1615 2793 Perquem
1642 2723 1824 2779 vocati
1850 2725 1985 2778 estis
2007 2723 2068 2777 in
2088 2721 2256 2778 socie-

604 2806 783 2857 tatem
816 2803 946 2858 Filii
985 2807 1109 2874 ejus
1157 2809 1224 2861 3’.
1276 2808 1368 2862 Ait
1403 2825 1578 2879 ergo:
1624 2811 1800 2867 Omne
1845 2812 2001 2867 illud
2034 2811 2115 2866 ad
2164 2824 2256 2867 me

605 2890 794 2946 veniet
815 2893 974 2963 quod
1001 2893 1111 2950 dat
1129 2895 1266 2951 mihi
1297 2897 1482 2963 Pater,
1513 2899 1626 2956 hoc
1647 2906 1754 2965 est,
1786 2901 1994 2956 Omnis
2019 2900 2122 2972 qui
2154 2899 2254 2954 da-

605 2980 700 3031 tus
742 2978 910 3034 fuerit
933 2981 1074 3036 mihi
1117 3001 1153 3038 a
1183 2984 1370 3054 Patre,
1404 2987 1600 3043 omnis
1618 2989 1720 3059 qui
1751 2988 2043 3044 deductus
2074 2988 2153 3043 ab
2182 3003 2253 3044 eo

604 3064 797 3133 fuerit,
831 3067 927 3123 hic
958 3070 1150 3127 veniet
1185 3071 1262 3128 ad
1296 3089 1411 3140 me,
1443 3075 1539 3130 hic
1577 3076 1778 3132 credet
1813 3078 1871 3132 in
1901 3093 2015 3142 me,
2049 3083 2250 3132 etnon
2281 3111 2324 3164 ο

604 3153 850 3224 quilibet
889 3158 1251 3229 simpliciter.
1302 3163 1442 3218 Inde
1471 3170 1672 3220 autem
1703 3166 2039 3229 conﬁrmat,
2089 3164 2252 3238 quod

607 3242 730 3299 vult
760 3244 930 3301 Pater
959 3251 1022 3302 ut
1046 3249 1289 3306 credant
1310 3250 1370 3307 in
1403 3268 1563 3308 eum.
1620 3256 1843 3325 itaque,
1887 3255 1992 3326 qui
2021 3256 2083 3310 in
2115 3270 2251 3309 eum

606 3348 730 3388 non
759 3334 962 3404 credit,
996 3337 1344 3397 adversatur
1374 3341 1473 3398 Dei
1505 3343 1813 3400 voluntati.
1847 3347 1950 3400 Dat
1977 3350 2172 3399 autem
2199 3348 2255 3398 et

608 3421 782 3479 Pater
823 3425 986 3495 Filio,
1034 3427 1262 3484 ducens
1301 3445 1404 3486 eos
1435 3431 1509 3486 ad
1542 3431 1724 3488 ﬁdem
1773 3434 1944 3503 ejus;
1973 3438 2030 3490 et
2080 3432 2254 3490 Filius

607 3510 782 3577 Patri,
823 3513 1124 3571 adducens
1154 3531 1257 3572 eos
1281 3519 1358 3573 ad
1383 3518 1552 3576 illum
1591 3536 1697 3592 per
1729 3520 1932 3578 ﬁdem.

679 3689 921 3756 Verum,
954 3691 1002 3747 si
1033 3693 1194 3748 venit
1221 3694 1270 3749 is
1299 3695 1376 3750 ad
1404 3695 1632 3762 Filium,
1666 3698 1764 3769 qui
1803 3699 1981 3755 datur
2007 3714 2042 3755 a
2069 3701 2251 3766 Patre,

608 3776 782 3846 culpa
807 3793 950 3849 ergo
975 3781 1216 3848 carebit,
1243 3783 1346 3854 qui
1367 3799 1487 3840 non
1509 3786 1912 3858 venit,utpote
1938 3802 2058 3842 non
2079 3786 2255 3842 datus

606 3880 643 3921 a
671 3867 856 3922 Patre.
901 3867 1012 3924 Sed
1060 3870 1229 3926 Pater
1259 3871 1388 3927 illos
1425 3873 1547 3940 dat,
1595 3875 1653 3929 in
1701 3875 1920 3946 quibus
1975 3874 2257 3947 praecedit

606 3952 768 4009 bona
792 3955 1068 4012 voluntas
1103 3974 1114 4013 :
1149 3975 1343 4031 neque
1369 3961 1528 4016 enim
1557 3963 1683 4016 haec
1713 3978 1816 4034 per
1841 3979 1902 4019 se
1929 3962 2120 4019 facere
2158 3978 2257 4034 po-

607 4047 739 4107 test,
785 4048 850 4098 ut
878 4046 1142 4111 credant,
1171 4047 1421 4104 absente
1471 4051 1568 4104 Dei
1621 4052 2007 4117 adminiculo,
2061 4066 2256 4123 neque

607 4130 757 4187 illud
798 4133 1101 4197 auxilium,
1138 4136 1247 4190 nisi
1293 4153 1556 4209 praesens
1597 4140 1668 4195 sit
1702 4147 1756 4197 et
1787 4141 1942 4197 bona
1961 4142 2254 4197 voluntas.

681 4307 848 4365 Vers.
870 4308 959 4365 37.
989 4311 1064 4366 Et
1085 4313 1362 4382 —foras.
1397 4318 1596 4388 Neque
1627 4317 1742 4383 hic,
1770 4335 1806 4376 a
1838 4335 1974 4375 mea
2004 4318 2258 4376 familia-

609 4395 798 4462 ritate,
831 4412 1026 4471 neque
1055 4398 1156 4464 ibi,
1180 4417 1216 4456 a
1245 4417 1429 4474 regno
1460 4405 1745 4462 caelorum
1781 4425 1792 4462 :
1821 4422 1982 4472 eum,
2010 4407 2105 4477 qui
2139 4420 2258 4462 non

611 4489 937 4559 utcunque,
985 4488 1088 4544 sed
1119 4495 1278 4546 recto
1307 4493 1511 4548 animo
1550 4495 1628 4550 ad
1663 4512 1756 4551 me
1798 4495 1974 4550 venit.

681 4575 844 4630 Vers.
877 4580 964 4632 38.
1000 4578 1144 4644 Quia
1170 4611 1232 4620 —
1262 4597 1370 4638 me.
1405 4613 1474 4623 —
1502 4583 1635 4639 Non
1659 4591 1722 4638 ut
1748 4585 1974 4655 faciam
1990 4585 2262 4640 volunta-

612 4668 724 4720 tem
746 4680 880 4736 quae
902 4681 1038 4722 mea
1058 4671 1162 4732 est,
1180 4669 1303 4724 sive
1325 4671 1650 4743 propriam,
1675 4687 1866 4744 neque
1886 4673 2047 4728 enim
2070 4673 2262 4729 habeo

613 4753 942 4826 propriam,
961 4755 1064 4811 sed
1076 4757 1429 4814 voluntatem
1450 4761 1577 4829 ejus
1599 4761 1867 4831 quimisit
1881 4777 1988 4830 me,
2014 4763 2126 4816 hoc
2151 4766 2258 4826 est,

612 4858 1020 4911 communem,
1042 4861 1178 4918 qua:
1205 4853 1258 4901 et
1286 4863 1417 4902 mea
1435 4856 1519 4904 est
1541 4855 1596 4903 et
1623 4849 1800 4915 illius,
1829 4867 2086 4922 quorum
2113 4852 2261 4907 sicut

612 4936 702 4989 est
729 4948 849 4988 una
869 4933 1278 5021 divinitas,_ita
1308 4941 1398 4992 est
1425 4942 1482 4992 et
1514 4953 1632 4993 una
1674 4939 1976 4997 voluntas.
2013 4940 2260 5021 Descen-

611 5017 698 5075 dit
729 5021 930 5074 autem
964 5019 1040 5076 de
1079 5019 1226 5078 coelo
1273 5021 1602 5078 secundum
1654 5022 2043 5081 divinitatem.

685 5197 735 5233 "
763 5195 782 5252 Ι
808 5196 939 5254 Cor.
970 5213 1008 5263 ι,
1043 5201 1094 5254 9.

2363 1824 2447 1872 καὶ
2475 1829 2724 1893 κατηχὼν
2751 1821 2961 1882 αὐτούς.

2436 1907 2568 1960 Ἀλλ’
2599 1941 2668 1949 -
2710 1913 2994 1965 πιστεύετε.
3044 1908 3337 1983 Ἐωράκατί
3368 1931 3451 1984 με,
3504 1913 3656 1981 ἤγουν
3695 1908 3892 1979 ἐγνώκατε

2361 2001 2441 2058 τίς
2472 1997 2578 2069 εἰμι
2604 1998 2704 2050 ἀπὸ
2745 2017 2798 2050 τε
2846 2007 2942 2062 τῆς
2974 2005 3265 2074 μαρτυρίας
3309 2002 3568 2062 Ἰωάννου,
3603 1997 3694 2050 ἀπό
3741 2015 3785 2048 τι
3819 2003 3890 2045 τῶν

2363 2091 2590 2159 σημείων
2623 2087 2690 2138 ὧν
2721 2085 2963 2158 ἐποίησα,
3006 2098 3096 2140 καί
3128 2088 3228 2141 ἀπὸ
3260 2099 3355 2151 τῆς
3388 2093 3668 2164 μαρτυρίας
3689 2093 3772 2138 τῶν
3797 2089 3824 2136 Γ
3825 2103 3888 2154 ρω-

2363 2184 2486 2248 φῶν,
2528 2175 2584 2238 ἃς
2614 2177 2734 2248 ὑμῖν
2767 2175 3022 2240 ἀνέπτυξα
3047 2195 3058 2208 ⁶
3109 2177 3215 2229 ἀλλ’
3265 2177 3670 2236 ἐθελοκακοῦντες
3710 2173 3760 2226 οὐ
3795 2190 3887 2224 πισ-

2363 2267 2548 2320 τεύετε.
2584 2272 2714 2318 Ποτε
2741 2262 2799 2318 δε
2817 2273 2966 2318 τοῦτο
2993 2264 3127 2319 εἶπεν
3145 2266 3322 2329 αὐτοῖς
3349 2284 3362 2334 ;
3395 2267 3542 2330 Εἰκὸς
3563 2274 3700 2318 τοῦτο
3716 2264 3885 2338 paena:

2362 2356 2472 2426 μὲν,
2505 2359 2576 2426 μὴ
2604 2363 2868 2427 γραφῆναι
2901 2351 2979 2407 δέ.

2439 2537 2543 2582 Πᾶν
2595 2562 2663 2571 -
2723 2531 2854 2595 ἣξει.
2915 2539 3075 2585 Τοῦτο
3127 2537 3454 2608 παρίστησιν
3507 2534 3533 2585 6
3586 2531 3736 2602 λόγος,
3777 2523 3880 2578 ὅτιὸ

2366 2624 2546 2692 Πατὴρ
2605 2622 2860 2695 προσάγει
2918 2621 3058 2691 αὐτῷ
3091 2625 3208 2682 τοὺς
3265 2625 3618 2682 πιστεύοντας.
3664 2621 3774 2676 Φησὶ
3807 2616 3875 2684 γάρ

2363 2715 2450 2761 καὶ
2483 2708 2714 2770 Παῦλος·
2765 2712 2838 2762 Δι’
2871 2710 2929 2762 οὗ
2975 2709 3225 2769 ἐκλήθητε
3269 2714 3342 2774 εἰς
3389 2713 3643 2763 κοινωνίαν
3686 2713 3758 2759 τοῦ
3791 2705 3874 2754 Υὶοῦ

2361 2797 2542 2850 αὐτοῦ.
2580 2803 2732 2870 Λέγει
2762 2804 2954 2868 τοίνυν,
3015 2802 3095 2852 ὅτι
3134 2805 3240 2852 Πᾶν
3296 2799 3456 2854 ἐκεῖνο
3498 2802 3616 2867 πρὸς
3668 2799 3738 2867 ἐμὲ
3780 2790 3866 2852 ᾖξαν

2361 2887 2388 2939 ὃ
2419 2883 2618 2940 δίδωσί
2647 2908 2742 2960 μοι
2799 2889 2824 2939 ὁ
2870 2893 3072 2961 Πατὴρ,
3127 2893 3389 2957 τουτέστι,
3421 2895 3522 2952 πᾶς
3581 2889 3629 2950 ὃς
3679 2881 3779 2953 δοθῇ
3810 2894 3868 2950 μοι

2361 2980 2502 3049 παρὰ
2536 2985 2626 3028 τοῦ
2660 2985 2790 3030 Θεοῦ
3029 2979 3083 3038 ὃς
3140 2975 3384 3052 ὁδηγηθῇ
3441 2976 3559 3052 παρ’
3596 2975 3731 3028 αὐτοῦ
3772 2967 3859 3039 (55),

2363 3066 2507 3126 οὗτος
2547 3066 2658 3128 ἣξει
2704 3071 2833 3139 πρὸς
2881 3086 2963 3138 με,
3023 3067 3173 3129 οὗτος
3223 3071 3496 3121 πιστεύσει
3547 3085 3646 3139 μοι,
3695 3065 3762 3112 καὶ
3796 3054 3854 3120 οὐχ

2363 3153 2535 3216 ἁπλῶς
2567 3156 2592 3206 6
2622 3162 2820 3228 τυχών.
2879 3156 3135 3210 Ἐντεῦθεν
3191 3153 3249 3209 δε
3297 3156 3667 3215 κατασκευάζει
3691 3153 3748 3202 ὅτι
3779 3146 3846 3194 θυι(

2364 3245 2389 3296 6
2424 3249 2601 3318 Πατὴρ
2636 3245 2716 3296 ἶνα
2758 3247 3113 3297 πιστεύσωσιν
3158 3245 3232 3308 εἰς
3267 3245 3448 3309 αὐτὸν,
3491 3249 3576 3297 καὶ
3606 3242 3782 3294 λοιπόνο
3806 3245 3846 3299 ειη

2363 3336 2620 3385 πιστεύων
2685 3333 2755 3394 εἰς
2812 3334 2965 3386 αὑτὸν
3032 3333 3354 3387 ἐνάντιουται
3427 3343 3497 3405 τῷ
3570 3330 3774 3400 θελήματι
3803 3334 3859 3366 τον

2366 3430 2516 3475 Θεοῦ.
2549 3419 2746 3475 Aidano:
2779 3419 2837 3475 δὲ
2866 3428 2954 3474 καὶ
2982 3425 3007 3475 ὁ
3043 3428 3213 3495 Πατὴρ
3245 3432 3320 3492 τῷ
3369 3431 3491 3494 Υἱῷ,
3523 3417 3702 3489 ὁδηγῶν
3736 3409 3864 3462 αὔτως

2363 3509 2431 3570 εἰς
2461 3515 2553 3569 τὴν
2587 3515 2764 3563 πίστιν
2796 3511 2956 3564 αὐτοῦ
2982 3531 2994 3540 ·
3039 3517 3128 3564 καὶ
3159 3514 3184 3563 6
3215 3516 3340 3574 Υἱὸς
3369 3522 3440 3584 τῷ
3473 3513 3638 3582 Πατρὶ,
3664 3511 3866 3576 προσαγω

2365 3599 2550 3661 αὐτοὺς
2581 3600 2719 3671 αὐτῷ
2744 3597 2838 3654 διὰ
2865 3609 2958 3661 τῆς
2988 3607 3234 3664 πίστεως.
3755 3671 3769 3680 ⁸
3801 3672 3814 3680 Δ
3838 3672 3843 3680 _

2437 3688 2568 3742 .Αλλ’
2618 3690 2662 3742 εἰ
2709 3690 2898 3752 ἐκεῖνος
2943 3692 3155 3765 ἔρχεται
3199 3693 3330 3764 πρὸς
3377 3693 3461 3743 τὸν
3511 3688 3632 3749 Υῐόν⁹
3679 3680 3700 3731 ὁ
3743 3671 3868 3770 eaea?

2363 3781 2506 3851 παρὰ
2552 3787 2642 3830 του
2678 3783 2894 3852 Πατρός,
2932 3778 3160 3841 ἀναίτιος
3209 3781 3318 3851 ἄρα
3364 3782 3388 3832 6
3429 3783 3496 3850 μὴ
3543 3773 3692 3832 ἐλθὼν,
3732 3782 3782 3822 ως

2365 3865 2534 3928 δοθεὶς
2563 3871 2705 3940 παρὰ
2748 3877 2838 3920 τοῦ
2881 3873 3108 3939 Πατρός·
3168 3866 3276 3918 ἀλλ’
3320 3870 3346 3920 ὁ
3397 3870 3559 3938 Πατὴρ
3604 3859 3776 3940 ἐκείνους
3808 3841 3865 3895 δι’

2365 3953 2528 4010 δωσιν
2560 3957 2626 4007 ὧν
2657 3959 2686 4015 ἡ
2721 3962 3025 4031 προαίρεσις
3057 3955 3249 4026 ἀγαθή,
3287 3960 3423 4010 0.3“
3449 3956 3541 4026 ,γὰρ
3566 3949 3675 4002 αῦτη
3703 3938 3862 3993 (tanta:

2364 4055 2484 4104 ποιῆ
2497 4066 2586 4098 σαι
2615 4051 2819 4104 πιστὸν,
2856 4045 3090 4107 ἀπούσης
3119 4054 3214 4107 τῆς
3253 4049 3400 4121 παρὰ
3427 4051 3511 4096 τοῦ
3539 4044 3653 4094 Θεοῦ
3671 4041 3862 4124 χειραῖνςν

2364 4140 2478 4208 γίας
2502 4151 2514 4164 ’
2559 4139 2674 4188 οὔτε
2705 4140 2805 4208 μὴν
2839 4134 3000 4194 ἐκείνη
3053 4142 3306 4208 συνεργεῖ,
3343 4139 3412 4208 μὴ
3459 4131 3692 4202 παρούσης
3717 4112 3860 4185 “iam

2366 4229 2735 4300 προαιρέσεως.
3649 4300 3659 4309 ,
3738 4298 3744 4306 ,

2445 4319 2542 4368 Καὶ
2571 4346 2634 4356 _
2663 4314 2777 4377 ἔξω.
2808 4316 2936 4366 Οὔτε
2967 4314 3206 4382 ἐνταῦθα,
3239 4313 3339 4376 ἔξω
3372 4320 3462 4373 τῆς
3489 4308 3600 4381 ἐμῆς
3621 4302 3854 4387 οικειωσιωῖν

2370 4407 2485 4458 οὔτε
2510 4406 2632 4469 ἐκεῖ,
2665 4404 2747 4466 ἔξη
2783 4411 2874 4465 τῆς
2907 4401 3180 4474 βασιλείας
3210 4412 3312 4454 τῶν
3341 4402 3572 4477 οὐρανῶν.
3599 4393 3678 4444 Τὸν
3698 4388 3853 4456 ίρχομν

2370 4513 2451 4545 νον
2475 4488 2534 4544 δὲ
2559 4491 2663 4562 οὐχ
2689 4491 2884 4552 ἅπλῶς.
2919 4490 3024 4542 ἀλλ’
3056 4490 3240 4564 ὀρθῶς.

2440 4581 2561 4634 Ὀτι
2589 4613 2646 4621 -
2678 4600 2759 4652 με.
2803 4611 2869 4620 -
2902 4579 3024 4652 Οὐχ
3073 4582 3155 4631 ἱνα
3209 4589 3346 4632 ποιῶ
3395 4580 3452 4630 τὸ
3495 4572 3659 4642 θέλημα
3677 4579 3717 4613 το

2558 4673 2566 4680 .
2615 4665 2670 4680 ..ι
2879 4666 2944 4680 εει.
3038 4673 3044 4680 .
3124 4670 3221 4680 ,μηι
3264 4671 3285 4680 ..
3402 4663 3459 4680 -n
3558 4679 3561 4680 ,
3611 4652 3694 4680 ΒΜΔ.
3723 4657 3757 4680 ra
3821 4656 3832 4664 '

2372 4675 2489 4730 ἦτοι
2519 4673 2574 4722 τὸ
2612 4665 2748 4722 ἴδιον
2775 4687 2786 4698 ·
2835 4666 2958 4722 οὐδὲ
2987 4673 3088 4742 γὰρ
3117 4670 3229 4740 (56)
3261 4671 3372 4740 ἔχω
3402 4663 3531 4719 ἴδιον
3554 4679 3564 4690 '
3606 4647 3831 4772 ἀλξάἕυᾟ

2372 4758 2389 4772 λ
2615 4767 2631 4772 ...
2727 4763 2735 4772 ι
2794 4757 2805 4772 Ι
2929 4764 2936 4771 ο
3272 4760 3281 4772 ρ
3445 4758 3453 4769 α
3526 4771 3534 4772 κ
3552 4770 3571 4772 _.
3591 4750 3625 4772 Σ..
3652 4751 3717 4772 l'l‘l

3651 4743 3762 4788 ιιιινοῖ

2371 4758 2514 4830 λημα
2543 4767 2633 4810 τοῦ
2675 4757 2972 4830 πέμψαντός
3017 4776 3097 4829 με,
3133 4760 3376 4809 τουτέστι
3405 4758 3460 4807 τὸ
3485 4750 3625 4804 κοινόν
3651 4750 3840 4840 “TLL:

2372 4853 2460 4900 καὶ
2491 4846 2636 4919 ἐμοῦ,
2670 4848 2736 4898 ὧν
2759 4850 2826 4908 ὡς
2851 4851 2948 4920 μία
2966 4848 3158 4911 θεοτης,
3191 4845 3326 4899 οὕτω
3353 4850 3438 4896 καὶ
3464 4841 3509 4894 ἓν
3540 4835 3702 4902 051:5“-
3723 4820 3822 4867 καδα

2375 4935 2558 4994 ϐέϐηκε
2589 4932 2647 4988 δὲ
2679 4935 2732 4988 ἐκ
2762 4944 2852 4988 τοῦ
2883 4936 3103 5008 οὐρανου
3129 4943 3188 5008 τῇ
3222 4937 3443 4992 θεότητι.

1791 5355 2014 5426 Variae
2061 5354 2390 5425 lectiones
2445 5363 2511 5424 et
2547 5364 2746 5424 nota.

685 5551 782 5763 lii

841 5553 1038 5624 Τοῦτον⁸
1054 5551 1146 5624 ντρν
1176 5549 1340 5624 ,ἄρτον
1374 5551 1416 5604 Α
1427 5591 1439 5605 .

832 5623 894 5672 Δί
918 5617 1134 5676 omittit
1161 5617 1226 5676 A.

831 5693 890 5748 Ἢ
921 5688 1094 5750 abest
1125 5693 1194 5747 A.

783 5547 802 5764 ξ

2453 5552 2542 5623 (54

2473 5627 2538 5679 55

2476 5697 2542 5750 56

2596 5553 2820 5624 Πατρός,
2849 5565 2959 5624 pro
2989 5557 3122 5605 Θεοῦ
3151 5556 3212 5606 Α.

2591 5626 2740 5697 Παρὰ
2767 5630 2861 5697 τοᾷ
2874 5626 3092 5697 ,Πατρός
3125 5629 3186 5678 Α.

2590 5693 2722 5766 Ἐγώ
2747 5693 2912 5752 addit
2933 5698 3000 5750 Α.

2543 5550 2565 5767 ξ
