4120 6310
442 246 583 313 1249

511 387 677 435 Τοῦτο
733 407 801 418 —-
857 376 1046 449 ἡμέρᾳ.
1114 378 1215 429 Καὶ
1277 380 1381 447 μὴν
1461 376 1658 435 πάντας

440 475 577 539 τότε,
626 472 716 520 καὶ
766 469 887 526 τοὺς
933 467 1191 525 σωθέντας
1236 468 1326 516 καὶ
1369 466 1491 523 τοὺς
1551 461 1897 528 ἀπολωλότας,
1950 466 2040 514 καὶ

440 564 558 620 τούς
595 559 815 617 πιστούς
852 558 943 606 καὶ
988 556 1108 615 τοὺς
1161 551 1418 615 ἀπίστους
1451 571 1463 584 ·
1500 551 1605 603 ἀλλ’
1644 550 1931 603 ἀνάστασιν
1963 549 2039 601 έν-

440 650 612 702 ταῦθα
638 645 774 717 λέγει
800 648 893 702 τὴν
939 641 1023 694 έπὶ
1064 640 1369 708 ἀπολαύσει,
1425 641 1482 693 ού
1535 645 1629 699 τὴν
1696 640 1777 692 ἐπὶ
1807 640 2039 696 κολάσει.

442 737 557 809 Ἀφ’
589 737 657 786 ὧν
711 730 770 786 δέ
820 750 1001 805 φησιν,
1044 728 1307 784 δείκνυσιν
1356 733 1436 783 ὅτι
1491 734 1658 783 κοινὸν
1716 730 1911 801 θέλημα
1954 732 2040 779 καὶ

441 821 535 879 τοῦ
581 826 786 897 Πατρός
834 826 924 873 καὶ
974 828 1065 872 τοῦ
1120 823 1243 873 Υἰού
1302 823 1357 871 τὸ
1409 821 1643 878 σωθῆναι
1689 820 1906 879 πάντας.
1951 820 2043 870 Διά

442 921 597 967 τοῦτο
650 914 752 985 γὰρ
786 912 810 963 6
841 914 929 983 μεν
979 908 1291 973 ἀπέστειλεν,
1331 910 1355 960 6
1407 904 1465 961 δε
1517 911 1821 980 παρεγένετο
1853 921 1867 937 ⁸
1900 912 1990 958 καὶ
2017 908 2042 957 6

442 1007 534 1077 μὲν
589 998 790 1055 δίδωσι
864 1003 981 1061 τοὺς
1031 1001 1391 1063 πιστεύοντας,
1443 998 1467 1049 6
1523 994 1581 1049 δί
1629 995 2043 1071 παραλαμϐάνων

445 1093 623 1154 σώζει.

519 1180 653 1254 [Ἵνα
852 1183 924 1251 μὴ
982 1176 1236 1243 ἀπολέσω,
1283 1180 1569 1247 τουτέστιν,
1597 1176 1678 1227 ἶνα
1706 1179 1777 1247 μὴ
1821 1173 1873 1237 ἕξ
1914 1173 2041 1246 ἐμῆς

443 1275 613 1331 αιτίας
652 1268 909 1326 ἀπόληταί
954 1286 1049 1329 τις.
1114 1272 1214 1319 Καὶ
1246 1264 1481 1337 ἀνωτέρω
1513 1268 1614 1340 γὰρ
1649 1261 1802 1329 εἶπεν,
1836 1266 1913 1315 ὃτι
1943 1264 2042 1317 Τὸν

443 1361 726 1435 ἐρχόμενον
780 1361 907 1432 πρός
936 1375 998 1428 με
1046 1356 1103 1407 o6
1134 1360 1205 1427 μὴ
1241 1354 1437 1406 ἐκϐάλω
1478 1354 1591 1417 ἔξω.
1634 1356 1829 1407 Λοιπὸν
1857 1349 1966 1417 οὖν,
2000 1353 2044 1403 εἴ

443 1470 523 1511 τις
555 1447 615 1499 ἂν
646 1447 893 1505 ἑκουσίως
944 1444 1117 1517 ἐξέλθῃ
1153 1448 1241 1495 καὶ
1275 1444 1527 1504 ἑκουσίως
1570 1442 1849 1503 ἀπόληται,
1898 1442 2043 1514 παρά

442 1541 537 1596 τήν
560 1537 745 1607 ἑαυτοῦ
788 1534 958 1587 αἰτίαν
1008 1542 1159 1586 τοῦτο
1207 1536 1428 1605 πάσχει.
1488 1529 1693 1585 Οὐδένα
1720 1534 1821 1604 γάρ
1854 1532 1878 1582 6
1917 1533 2041 1591 Θεὸς

443 1628 574 1697 πρὸς
596 1623 825 1697 ἀνάγκην
851 1623 1003 1677 ἕλκει.

515 1718 679 1765 Τοῦτο
726 1742 794 1753 -
841 1714 1030 1785 ἡμέρᾳ.
1076 1714 1174 1764 Τὸν
1207 1711 1361 1763 αὐτόν
1399 1709 1551 1781 λόγον
1583 1710 1877 1782 σαφηνίζει,
1922 1727 2041 1761 συν-
2072 1730 2115 1785 Β

447 1804 721 1875 εχὲστερον
753 1800 907 1853 αὐτόν
957 1800 1159 1873 ἐνηχῶν
1192 1801 1273 1852 ἵνα
1320 1803 1391 1872 μὴ
1426 1798 1769 1859 εύαπόϐλητος
1805 1802 2036 1869 γένηται,

444 1894 535 1941 καὶ
566 1891 648 1941 ἵνα
678 1889 1006 1965 βεϐαιότερον
1038 1891 1277 1962 μάθωσιν
1316 1891 1394 1941 ὅτι
1448 1888 1730 1948 ἀνάστασίς
1777 1887 1909 1956 ἐστι,
1951 1892 2041 1939 καὶ

443 1986 538 2040 τῆς
566 1980 636 2040 εἰς
663 1979 815 2032 αὐτόν
846 1985 1072 2040 πίστεως
1104 1977 1319 2051 ἀμοιϐὴ,
1352 1983 1441 2030 καὶ
1491 1987 1590 2030 τῶν
1646 1977 1865 2030 ἐνταῦθα
1893 1996 2041 2030 πνευ-

442 2078 675 2135 ματικῶν
707 2067 913 2140 ἀγώνων
946 2064 1310 2138 ἀνταπόδοσις,
1360 2072 1450 2119 καὶ
1486 2067 1529 2119 εἰ
1557 2070 1629 2139 μὴ
1662 2068 1797 2118 κατά
1824 2070 1909 2118 τὸν
1940 2086 2043 2118 πα-

442 2160 601 2231 ρόντα
628 2156 744 2230 βίον
779 2157 1184 2223 ἀπολαύσωσιν,
1220 2155 1348 2209 ἀλλά
1374 2175 1433 2227 γε
1467 2159 1602 2208 κατά
1629 2158 1717 2207 τὸν
1772 2155 2038 2228 μέλλοντα.

446 2252 553 2307 Πᾶς
580 2244 638 2299 δὲ
664 2248 689 2298 6
722 2248 921 2321 θεωρῶν
951 2251 1035 2299 τόν
1067 2249 1187 2299 Υὶόν
1216 2254 1324 2308 τοῖς
1372 2245 1650 2318 ὀφθαλμοῖς
1702 2252 1789 2306 τῆς
1832 2244 1985 2317 ψυχῆ
1999 2265 2038 2311 ς,

445 2336 472 2388 ὅ
496 2338 656 2400 ἐστιν,
690 2337 715 2389 6
742 2338 998 2389 πιστεύων
1026 2336 1097 2396 εἰς
1130 2336 1305 2391 άύτόν.

520 2424 835 2496 Ἐγόγγυζον
886 2457 953 2465 --
983 2424 1319 2483 καταϐέϐηκα
1364 2442 1377 2491 ;
1420 2424 1543 2476 Ὀτε
1596 2426 1683 2495 μεν
1732 2424 1887 2495 ἄρτον
1918 2416 2044 2473 ἔδω-

442 2532 529 2565 κεν
583 2513 759 2577 αύτὸῖς
804 2518 892 2566 καὶ
933 2519 1029 2573 τὴν
1057 2518 1284 2589 γαστέρα
1323 2512 1582 2578 ἐνέπλησε,
1633 2516 1721 2563 καὶ
1775 2515 2043 2583 προφήτην

446 2602 617 2674 ἔλεγον
650 2601 798 2670 εἶναι,
831 2609 920 2655 καὶ
948 2602 1173 2677 βασιλέα
1201 2610 1423 2660 ποιῆσαι
1452 2600 1631 2659 ἤθελον
1674 2616 1687 2630 ·
1732 2601 1813 2652 ὅτε
1841 2596 1900 2651 δε
1927 2602 2045 2671 περὶ

446 2698 541 2743 τοῦ
600 2693 843 2767 οὐρανίου
899 2693 1059 2766 ἄρτου
1116 2696 1205 2744 καὶ
1279 2692 1391 2762 (58)
1433 2696 1786 2761 πνευματικῆς
1850 2696 2045 2759 τροφῆς

445 2786 536 2832 καὶ
585 2785 727 2844 ζωῆς
774 2782 983 2834 αἰωνίου
1040 2779 1314 2852 διελέγετο,
1372 2779 1722 2851 ἐταράσσοντο
1775 2781 1864 2828 καὶ
1900 2776 2044 2839 ἐξηυ-

446 2869 643 2930 τελιζον
682 2875 736 2923 τό
776 2875 921 2942 γένος
979 2871 1159 2934 αὐτοῦ,
1212 2872 1307 2922 Ὠν
1354 2872 1486 2929 Θεὸς
1538 2869 1568 2925 ἡ
1612 2867 1784 2919 κοιλία
1810 2867 1922 2938 (59)
1954 2887 2044 2919 κα-

444 2957 547 3019 λῶς
600 2955 706 3011 εἷπε
767 2960 983 3021 Παῦλος.
1020 2965 1119 3014 Καὶ
1148 2966 1553 3034 προσεποιοῦντο
1585 2961 1673 3029 μὲν
1715 2956 2039 3027 ἀγανακτεῖν,

448 3043 589 3099 διότι
632 3046 788 3116 εἶπεν,
854 3050 934 3100 ὅτι
985 3050 1073 3102 Ἐκ
1128 3056 1218 3101 τού
1263 3049 1481 3122 ούρανοῦ
1528 3045 1863 3104 καταϐέϐηκα
1916 3066 1928 3077 ·
1985 3050 2043 3097 τὸ
2082 3084 2122 3141 C

449 3131 508 3188 δε
538 3134 725 3198 ἀληθὲς
753 3140 1100 3208 ἠγανάκτουν,
1144 3136 1285 3190 διότι
1316 3138 1409 3189 ούκ
1444 3136 1624 3211 ἔθρεψε
1654 3136 1806 3188 πάλιν
1833 3135 2040 3201 αύτούς,

441 3227 510 3287 ὡς
546 3222 902 3300 προσεδόκων.
967 3232 1027 3279 Ei
1076 3229 1177 3301 γὰρ
1236 3224 1309 3279 δι’
1356 3226 1516 3278 ἐκεῖνο
1566 3224 1873 3297 ἐγόγγυζον,
1911 3225 2043 3297 ἠρώ-

442 3334 609 3373 τησαν
638 3315 717 3381 ἀν,
742 3323 852 3377 πῶς
880 3316 1032 3388 ἄρτος
1060 3314 1192 3381 ἐστὶ,
1225 3324 1331 3377 πῶς
1361 3318 1415 3368 ἐκ
1447 3321 1537 3367 τοῦ
1579 3314 1797 3387 ούρανοῦ
1826 3312 2043 3366 καταϐέ-

442 3424 597 3481 ρηκεν
628 3423 641 3472 ;

513 3493 573 3545 '0
595 3491 653 3546 δε
691 3497 922 3568 Χριστὸς
959 3495 1052 3547 ούκ
1102 3491 1255 3560 εἶπεν,
1318 3495 1399 3546 ὅτι
1453 3492 1562 3545 Ούκ
1624 3492 1731 3565 εἰμὶ
1782 3494 1895 3553 υἱὸς
1933 3493 2049 3546 Ἰω-

449 3580 722 3655 σὴφ,ο·ἆδε
761 3581 974 3647 έδίδαξέ
1026 3604 1079 3637 τι
1118 3589 1235 3659 περὶ
1290 3590 1381 3635 τοῦ
1428 3586 1610 3655 γένους
1654 3582 1835 3647 αὐτοῦ,
1895 3588 2050 3653 γινώ-

448 3690 584 3723 σκων
642 3673 830 3735 αύτούς
887 3677 1030 3726 οὔπω
1086 3670 1404 3744 δυναμνους
1456 3670 1681 3723 ἀκοῦσαι
1718 3674 1806 3722 τὸν
1849 3673 2048 3743 θαυμάο

447 3764 570 3812 στὸν
608 3766 756 3814 τόκον
796 3762 977 3829 αὐτοῦ,
1030 3768 1119 3815 καὶ
1150 3762 1319 3833 πολλῷ
1367 3760 1557 3833 μᾶλλον
1595 3766 1687 3819 τὴν
1741 3766 2049 3833 προαιώνιον

447 3849 610 3903 αὑτοῦ
640 3857 904 3922 γέννησιν.
964 3856 1322 3924 Οἶκονομικῶς
1352 3848 1438 3903 οὖν
1469 3846 1773 3924 παρέδραμε
1816 3853 1901 3902 τὸν
1933 3855 2049 3925 περὶ

446 3943 633 3992 τούτου
664 3940 838 4013 λόγον,
872 3942 955 3994 ἵνα
983 3946 1054 4014 μὴ
1107 3942 1274 4017 ἕτερον
1307 3936 1597 3993 σκάνδαλον
1638 3938 1854 4013 ἀνοιρῶν
1884 3940 2048 4015 ἕτερον

448 4029 669 4103 ἐμϐάλῃ.

524 4120 806 4192 Ἀπεκρίθη
845 4152 913 4161 -
943 4120 1114 4175 αὐτόν.
1172 4117 1409 4173 Ἐλευσιν
1474 4121 1605 4191 πρὸς
1654 4117 1832 4171 ἑαυτὸν
1890 4136 2048 4191 φησιν

1726 4208 1871 4259 ἄλλοι
1926 4207 2050 4259 πολ-

447 4300 528 4351 λοὶ
557 4302 788 4369 ἤρχοντο
829 4302 955 4373 πρὸς
1004 4299 1157 4351 αύτόν
1195 4316 1205 4327 ·
1238 4297 1366 4350 ἀλλά
1392 4302 1484 4356 τὴν
1533 4296 1587 4349 ἐκ
1618 4302 1862 4359 πίστεως.
1893 4294 1958 4349 ’⁸0
1989 4294 2048 4350 δε

449 4209 508 4262 o6
584 4214 676 4267 τὴν
733 4209 907 4272 ἀπλῶς
960 4229 974 4243 ο
1041 4209 1148 4262 έπεὶ
1222 4213 1312 4261 καὶ
1365 4208 1514 4261 αὐτοὶ
1576 4212 1666 4259 καὶ

446 4388 583 4457 λέγει
612 4392 843 4440 τοιοῦτόν
878 4387 992 4441 ἐστι
1024 4408 1036 4421 ·
1074 4388 1301 4449 Εἰκότως
1348 4387 1405 4440 ού
1434 4388 1830 4458 πιστεύετέροι,
1865 4386 1922 4438 ού
1949 4389 2047 4460 γὰρ

450 4474 761 4535 εἰλκύσθητε
810 4481 954 4552 παρά
978 4485 1068 4531 τοῦ
1101 4480 1324 4550 Πατρός,
1377 4478 1444 4538 ὡς
1475 4474 1696 4537 ἀνάξιοι.
1732 4472 1917 4536 Ούδεὶς
1946 4478 2046 4551 γὰρ

452 4561 676 4618 δύναται
725 4565 883 4619 ἐλθεῖν
913 4570 1043 4640 πρὸς
1074 4566 1177 4639 έμὶ,
1213 4569 1332 4623 ἦτοι
1373 4572 1657 4617 πιστεῦσαι
1705 4564 1778 4625 εἰς
1830 4566 1934 4637 ἔμε,
1965 4564 2048 4617 ἕάν

449 4659 523 4728 μὴ
548 4656 573 4706 6
597 4659 777 4729 Πατὴρ
811 4657 836 4707 6
892 4656 1103 4729 πέμψας
1146 4674 1209 4727 με
1248 4654 1435 4727 ἂκύσῃ
1488 4653 1663 4707 αὐτόν.
1726 4656 1911 4725 Εἵρηκε
1946 4656 2047 4727 γὰρ

448 4749 539 4796 καὶ
595 4743 851 4817 ἀνωτέρω,
928 4746 1008 4797 ὃτι
1083 4749 1213 4807 Πᾶν,
1274 4743 1299 4794 ὃ
1349 4738 1549 4795 δίδωσί
1603 4762 1693 4815 μοι
1757 4744 1783 4794 6
1842 4747 2045 4818 Πατὴρ,

448 4837 581 4906 πρὸς
637 4832 723 4906 ἔμε
771 4833 883 4895 ἥξει
939 4851 951 4864 ·

449 4929 542 4973 τοῦ
588 4926 683 4980 τὴν
738 4921 988 4993 ἐξήγησιν
1045 4920 1474 4995 συμϐαλλομένην
1534 4920 1600 4981 είς
1657 4924 1715 4973 τὸ
1781 4926 2053 4994 προκείμε-

449 5029 554 5066 νον.

1008 4838 1097 4885 καὶ
1184 4832 1442 4903 ἀνάγνωθι
1510 4838 1603 4883 τοῦ
1658 4834 1895 4883 τοιούτου
1959 4832 2049 4906 ῥη-

557 5190 603 5227 ²³
644 5186 934 5261 Philippe.
965 5202 1046 5257 ιιι,
1092 5192 1175 5247 l9.
1289 5187 1336 5223 ²⁴
1360 5186 1531 5246 Joan.
1560 5203 1638 5256 vr,
1660 5189 1749 5249 37.

1620 239 1992 306 COMMENT.
2035 246 2103 301 IN
2140 246 2490 303 JOANNEM.
2536 278 2599 289 —
2640 240 2795 302 CAP.
2844 240 2933 304 VI.

1753 371 1949 431 ἀναστή
1960 390 2040 425 σει

2223 372 2381 427 Vers.
2412 374 2499 426 39.
2537 370 2673 427 Hec
2700 400 2767 411 —
2788 370 2903 428 die.
2942 371 3117 444 Atqui
3136 358 3350 429 Omnes
3381 376 3521 429 tunc
3541 372 3800 429 resusci-

3664 246 3799 306 1950

2150 458 2316 526 tabit,
2343 464 2401 515 et
2427 459 2533 530 qui
2564 458 2710 515 salvi
2737 464 2929 525 erunt,
2957 465 3015 516 et
3038 461 3142 534 qui
3178 461 3473 533 peribunt,
3506 465 3627 518 tam
3656 462 3799 519 ﬁde-

2148 548 2232 604 les
2256 564 2438 621 quam
2462 548 2748 605 inﬁdeles.
2776 548 2889 605 Sed
2914 551 3407 607 resurrectionem
3437 551 3551 607 hoc
3580 549 3641 606 in
3664 551 3798 608 loco

2150 637 2454 709 appellant
2480 654 2633 703 eam,
2667 654 2801 710 quae
2830 638 2939 695 erit
2966 638 3044 694 ad
3071 639 3360 712 requiem,
3401 656 3523 697 non
3561 656 3692 713 quae
3718 639 3798 697 ad

2151 726 2531 798 supplicium.
2571 730 2637 782 Et
2676 744 2745 782 ex
2793 727 2884 782 his
2913 728 3188 794 ostendit,
3227 745 3615 786 communem
3669 743 3800 785 esse

2152 817 2335 871 Patris
2377 824 2433 872 et
2469 817 2587 873 Filii
2632 817 2989 873 voluntatem
3044 824 3107 873 ut
3155 834 3365 875 omnes
3418 818 3562 874 salvi
3618 819 3797 883 ﬁant;

2152 906 2231 962 ob
2262 906 2321 962 id
2345 922 2609 979 namque
2635 913 2692 962 et
2716 907 2811 961 ille
2841 907 3020 978 misit,
3055 913 3111 963 et
3138 908 3233 963 hic
3265 908 3505 965 advenit
3532 926 3545 975 ;
3570 908 3665 964 ille
3694 908 3801 964 dat

2154 997 2483 1062 credentes,
2512 1002 2568 1053 et
2592 997 2687 1052 hic
2719 1000 2917 1053 servat
2945 1001 3244 1069 acceptos.

2222 1175 2309 1244 Η-
2339 1176 2416 1230 Ne
2438 1172 2700 1245 perdam,
2724 1172 2838 1228 hoc
2859 1176 2964 1238 est,
2990 1188 3064 1228 ne
3092 1188 3226 1230 mea
3251 1174 3428 1246 culpa
3460 1173 3674 1246 aliquis
3700 1190 3804 1247 pe-

2151 1268 2295 1318 reat.
2319 1265 2462 1319 Nam
2493 1267 2550 1318 et
2579 1261 2852 1334 superius
2870 1262 3013 1318 dixit
3044 1279 3057 1318 :
3090 1264 3403 1320 Venientem
3437 1264 3514 1320 ad
3540 1279 3632 1320 me
3678 1281 3802 1321 non

2152 1352 2438 1422 expellam
2450 1352 2629 1423 foras.
2644 1350 3014 1424 Relinquitur
3025 1367 3167 1423 ergo
3185 1358 3246 1408 ut
3260 1353 3309 1407 si
3321 1354 3457 1425 quis
3474 1352 3804 1411 voluntarie

2152 1447 2324 1499 exeat
2351 1449 2408 1500 et
2434 1443 2760 1499 voluntarie
2788 1447 3008 1514 pereat,
3042 1458 3155 1498 sua
3176 1442 3353 1516 culpa
3377 1443 3490 1500 hoc
3521 1444 3800 1517 patiatur.

2152 1533 2458 1589 Neminem
2493 1533 2654 1588 enim
2684 1532 2838 1588 Deus
2867 1532 2926 1587 vi
2962 1532 3159 1588 trahit.

2223 1712 2380 1765 Vers.
2401 1713 2479 1766 4ο.
2502 1711 2633 1767 Haec
2647 1741 2711 1750 —
2724 1709 2832 1765 die.
2854 1710 2935 1763 Eu
2944 1708 3139 1764 mdem
3156 1708 3420 1766 declarat
3434 1726 3799 1779 sermonem,

2150 1800 2511 1872 frequentius
2532 1816 2670 1855 eum
2692 1799 2995 1865 inducens,
3021 1815 3095 1854 ne
3122 1798 3292 1856 facile
3312 1799 3633 1871 rejiciatur,
3655 1806 3714 1857 et
3740 1806 3804 1858 ut

2149 1888 2375 1944 ﬁrmius
2396 1890 2631 1945 discant
2660 1890 2918 1944 futuram
2950 1905 3081 1944 esse
3113 1890 3607 1945 resurrectionem
3637 1906 3709 1946 ac
3738 1890 3807 1945 ﬁ-

2150 1978 2264 2044 dei,
2280 1994 2417 2049 qum
2434 1979 2490 2033 in
2505 1978 2697 2050 ipsum
2713 1982 2815 2042 est,
2833 1978 3267 2049 repensionem,
3283 1979 3804 2053 spiritualiumque

2148 2067 2561 2132 certaminum,
2587 2083 2724 2139 quae
2746 2067 2840 2122 hic
2866 2066 3188 2123 tolerantur
3207 2067 3807 2141 retributionem,qua.

2149 2157 2198 2211 si
2222 2172 2340 2212 non
2372 2162 2510 2213 sunt
2546 2156 2778 2213 fruituri
2817 2157 2877 2211 in
2907 2157 3184 2228 praesenti
3223 2157 3367 2223 vita,
3401 2162 3463 2213 at
3501 2157 3712 2213 saltem
3741 2158 3806 2214 in

2151 2246 2369 2303 futura.
2404 2246 2607 2302 Omnis
2631 2252 2832 2302 autem
2879 2246 2983 2318 qui
3020 2246 3179 2301 videt
3215 2246 3448 2313 Filium,
3486 2247 3673 2304 oculis
3722 2248 3808 2304 vi-

2152 2335 2359 2391 delicet
2390 2335 2549 2404 ﬁdei,
2580 2335 2695 2391 hoc
2726 2339 2838 2404 est,
2867 2337 2965 2407 qui
2997 2335 3180 2391 credit
3207 2334 3270 2391 in
3300 2351 3463 2392 cum.

2226 2427 2379 2479 Vers.
2404 2425 2493 2479 41.
2524 2424 2981 2479 Murmurabant
3023 2455 3092 2464 —
3139 2422 3304 2478 Vers.
3353 2425 3442 2479 42.
3477 2425 3806 2482 descendi?

2154 2511 2406 2577 Quando
2448 2526 2661 2582 panem
2711 2510 2871 2565 dedit
2898 2510 2979 2565 eis
3020 2510 3397 2582 implevitque
3428 2518 3713 2576 ventrem,
3747 2517 3806 2567 et

2154 2600 2508 2673 prophetam
2526 2615 2654 2654 esse
2670 2598 3243 2669 dicebant,etregem
3264 2615 3462 2655 creare
3480 2600 3757 2656 volebant
3785 2617 3800 2657 :

2154 2691 2256 2745 ubi
2288 2705 2429 2745 vero
2459 2689 2533 2743 de
2562 2688 2785 2744 cmlesti
2813 2703 2968 2760 pane
2999 2693 3054 2743 et
3079 2688 3366 2760 spirituali
3397 2690 3805 2762 cibo,vitaque

2154 2786 2374 2835 aeterna
2404 2778 2701 2845 disseruit,
2721 2778 3117 2834 turbabantur
3142 2794 3209 2833 ac
3236 2794 3425 2848 genus
3455 2780 3644 2852 ipsius
3663 2786 3807 2836 atte-

2153 2867 2520 2933 nuabant,de
2534 2867 2753 2939 quibus
2776 2868 2927 2923 bene
2952 2868 3097 2922 dixit
3117 2867 3336 2923 Paulus
3356 2886 3369 2935 ;
3392 2868 3644 2935 Quorum
3659 2869 3804 2924 Deus

2153 2964 2352 3015 venter
2372 2962 2454 3013 est
2468 2959 2535 3008 ²³.
2552 2959 2700 3011 Nam
2716 2956 3094 3026 fingebantse
3108 2956 3425 3028 indignari,
3441 2957 3607 3030 quod
3618 2958 3806 3013 dixis-

2154 3052 2271 3103 set:
2323 3047 2399 3103 De
2422 3048 2565 3103 caelo
2606 3046 2904 3111 descendi,
2933 3062 3071 3101 cum
3104 3046 3295 3101 verius
3325 3046 3803 3117 indignarentur,

2152 3137 2315 3210 quod
2328 3152 2562 3191 rursum
2582 3151 2684 3191 eos
2706 3151 2827 3190 non
2850 3134 3130 3207 pavisset,
3155 3135 3303 3190 sicut
3327 3142 3723 3207 speraverant.
3745 3134 3807 3191 Si

2155 3226 2316 3281 enim
2359 3225 2438 3281 ob
2475 3224 2621 3280 illud
2671 3224 2965 3293 indignati
3017 3222 3284 3284 fuissent,
3340 3224 3809 3293 interrogassent

2154 3315 2377 3387 utique,
2423 3315 2728 3385 quomodo
2768 3312 2938 3385 panis
2964 3318 3139 3377 esset,
3181 3312 3490 3385 quomodo
3538 3313 3611 3367 de
3654 3312 3805 3368 caelo

2156 3402 2600 3459 descendisset?

2229 3490 2494 3546 Christus
2520 3495 2857 3546 autemnon
2870 3488 3015 3544 dixit
3043 3505 3055 3544 :
3078 3491 3204 3545 Non
3226 3504 3359 3543 sum
3384 3488 3540 3544 ﬁlius
3562 3488 3803 3561 Joseph,

2157 3596 2349 3653 neque
2364 3579 2693 3653 quidquam
2713 3578 2787 3634 de
2808 3593 3022 3649 genere
3042 3594 3150 3633 suo
3163 3576 3387 3644 docuit,
3406 3578 3621 3647 sciens,
3639 3577 3809 3650 quod

2158 3670 2241 3727 illi
2272 3671 2544 3725 nondum
2576 3667 2782 3723 audire
2805 3672 3075 3740 poterant
3095 3666 3521 3723 admirandum
3550 3668 3640 3722 sui
3666 3683 3812 3740 par-

2161 3765 2309 3824 tum,
2331 3764 2388 3814 et
2409 3759 2597 3814 multo
2626 3757 2825 3813 minus
2843 3761 3128 3812 aeternam
3147 3757 3239 3811 sui
3272 3758 3709 3825 generationem
3734 3772 3809 3814 ac

2158 3848 2521 3904 nativitatem
2555 3863 2568 3912 ;
2601 3847 2735 3901 ideo
2777 3846 3203 3917 dispensatorie
3245 3845 3319 3900 de
3347 3844 3442 3901 his
3478 3846 3657 3901 rebus
3691 3861 3811 3902 ser-

2160 3953 2391 3993 monem
2406 3936 2796 4009 praetermisit,
2812 3950 2885 3991 ne
2900 3950 3019 3991 uno
3030 3933 3389 3991 oﬂ'endiculo
3404 3935 3635 3991 sublato
3647 3934 3810 3992 aliud

2158 4026 2457 4082 excitaret.

2233 4116 2393 4172 Vers.
2424 4115 2516 4171 43.
2558 4114 2878 4185 Respondit
2906 4114 3151 4172 —Vers.
3174 4113 3268 4170 44.
3299 4128 3457 4170 eum.
3488 4119 3809 4170 Accessum

2158 4206 2233 4262 ad
2272 4223 2334 4261 se
2379 4205 2541 4269 dicit,
2581 4220 2702 4260 non
2729 4203 3233 4278 qualemcunque,
3269 4202 3571 4275 siquidem
3609 4207 3667 4259 et
3702 4202 3806 4269 illi,

2159 4301 2214 4352 et
2236 4296 2403 4352 multi
2437 4294 2536 4351 alii
2567 4294 2645 4350 ad
2674 4295 2872 4366 ipsum
2898 4292 3215 4349 veniebant
3242 4309 3257 4348 :
3287 4292 3392 4347 sed
3414 4308 3570 4359 eum,
3603 4294 3709 4364 qui
3734 4308 3808 4350 ex

2158 4385 2275 4442 ﬁde
2313 4390 2424 4443 est.
2453 4384 2625 4450 Quod
2659 4389 2853 4439 autem
2901 4382 3060 4452 dicit,
3111 4382 3222 4437 hoc
3279 4386 3368 4437 est
3399 4399 3413 4435 :
3465 4382 3661 4438 Merito
3687 4397 3810 4438 non

2159 4474 2393 4530 creditis
2416 4472 2583 4539 mihi,
2612 4488 2806 4545 neque
2830 4472 2990 4527 enim
3020 4470 3249 4527 attracti
3280 4471 3414 4525 estis
3440 4486 3475 4526 a
3504 4473 3687 4541 Patre,
3721 4474 3812 4525 ut-

2157 4570 2295 4636 pote
2324 4562 2557 4632 indigni
2594 4581 2606 4618 :
2630 4563 2810 4619 Nemo
2839 4561 2992 4616 enim
3016 4567 3199 4631 potest
3226 4562 3424 4617 venire
3443 4560 3524 4616 ad
3547 4574 3659 4625 me,
3685 4560 3810 4615 sive

2158 4654 2396 4710 credere
2427 4652 2488 4707 in
2529 4668 2640 4717 me,
2689 4650 2808 4707 nisi
2842 4651 3040 4715 Pater,
3079 4649 3176 4721 qui
3206 4648 3361 4705 misit
3399 4665 3510 4713 me,
3554 4648 3812 4705 traxerit

2156 4758 2308 4799 eum.
2324 4744 2469 4798 Nam
2483 4746 2539 4796 et
2554 4740 2827 4811 superius
2846 4738 3030 4794 dixit:
3050 4737 3227 4795 Omne
3252 4739 3405 4809 quod
3419 4736 3685 4794 datmihi
3695 4739 3813 4795 Pa-

2162 4838 2267 4896 ter,
2292 4831 2372 4887 ad
2382 4846 2466 4887 me
2486 4829 2669 4887 veniet
2691 4830 2737 4865 ²⁴
2754 4846 2767 4883 :
2786 4834 2842 4884 et
2860 4827 3021 4883 illius
3041 4826 3322 4898 dictilege
3348 4827 3809 4897 enarrationem,

2160 4937 2298 4978 cum
2326 4920 2499 4978 etiam
2528 4918 2606 4977 ad
2629 4918 3000 4992 propositum
3027 4916 3265 4975 verbum
3298 4915 3582 4975 conferat.

1686 5338 1913 5411 Variae
1937 5339 2272 5413 lectiones
2311 5349 2377 5411 et
2402 5348 2606 5412 notas.

526 5536 637 5610 (57)
681 5534 915 5593 Inclusa
938 5536 1118 5610 codex
1144 5539 1391 5609 uterque
1416 5535 1476 5593 in
1499 5533 1771 5609 margine
1792 5534 2045 5595 exhibet.

454 5608 776 5667 Hentenius
807 5624 928 5666 non
964 5608 1160 5665 habet.

526 5682 643 5760 (58)
664 5687 769 5746 Τῆς
800 5680 1171 5748 addendum,
1203 5682 1308 5737 aut
1336 5686 1425 5734 τοῦ
1441 5679 2048 5755 pauloanteomitten-
2098 5714 2101 5717 λ

2378 5603 2568 5678 Forte;
2626 5610 2695 5675 ὡς
2741 5609 2928 5677 καλῶς,
2982 5613 3104 5677 aut,
3168 5608 3235 5662 ὧν
3282 5613 3405 5664 Θεὸν
3455 5614 3549 5671 τὴν
3588 5610 3807 5668 κοιλίαν.
