4120 6310
642 212 776 273 1151

1979 201 2323 266 EUTHYMII
2375 198 2708 287 z‘toABENt
3845 206 3934 268 ηεξ

711 339 874 397 νοτε.
905 337 995 395 44.
1025 337 1104 397 Ει
1133 368 1204 380 --
1230 338 1348 396 die.
1391 338 1540 394 Eum
1595 335 1878 404 videlicet,
1936 335 2041 408 qui
2069 333 2146 392 ad
2194 350 2291 391 me
2324 358 2338 391 λ

2324 338 2371 391 Α
2474 340 2575 389 Καὶ
2598 366 2668 398 -έ
2689 336 2878 411 ἡμέρᾳ.
2906 337 3004 391 Τὸν
3029 332 3239 387 ἐλθόντα
3287 322 3505 393 δηλαδὴ
3528 333 3653 409 πρὸς
3688 351 3784 406 εμε,
3812 337 3932 393 sitam

636 429 879 496 venerit,
901 428 992 485 vel
1010 428 1070 485 in
1098 444 1192 484 me
1221 425 1558 485 crediderit.
1588 428 1840 482 Rursum
1857 440 1999 495 ergo
2016 430 2292 497 repetens

638 518 794 591 (vv):
822 518 896 574 Et
918 534 1019 589 ego
1034 516 1395 575 resuscitabo
1406 531 1559 581 eum,
1579 514 1889 588 propriam
1920 514 2296 571 demonstrat

638 607 1009 679 dignitatem,
1045 613 1102 663 et
1127 623 1231 679 per
1273 605 1481 663 talium
1512 620 1862 661 sermonum
1892 603 2293 678 frequentiam

637 697 831 768 carpit
855 695 1087 753 illorum
1109 693 1650 752 insensibilitatem.

707 785 872 841 Vers.
906 785 993 840 45.
1022 784 1319 853 Scriptum
1339 789 1422 839 est
1452 814 1509 825 --
1528 783 1653 838 Deo.
1679 780 1919 837 Addidit
1938 780 2049 837 hoc
2078 781 2294 839 conﬁr-

639 889 824 938 mans,
858 874 1016 945 quod
1039 871 1353 929 Paterillos
1386 871 1662 936 attrahat,
1696 871 1798 942 qui
1829 868 1906 926 ad
1941 886 2002 926 se
2034 871 2289 926 veniunt.

640 962 865 1028 Omns,
905 961 1117 1035 inquit,
1153 967 1291 1033 puta
1316 959 1393 1017 ad
1420 977 1558 1017 eum
1592 959 1894 1016 venientes
1941 966 2000 1014 et
2052 960 2112 1015 in
2153 975 2293 1016 eum

635 1051 942 1108 credentes
958 1068 1025 1107 ac
1046 1051 1323 1118 volentes;
1350 1049 1651 1123 siquidem
1676 1048 1908 1104 nultum
1933 1048 2173 1105 attrahit
2191 1064 2294 1105 no-

634 1139 881 1198 lentem.

713 1229 872 1284 Vers.
905 1229 998 1286 45.
1030 1227 1223 1285 Omnis
1262 1259 1330 1270 -
1381 1245 1483 1284 ms.
1519 1227 1626 1294 Qui
1658 1225 1885 1284 audivit
1913 1225 2293 1283 intellectuali

636 1317 844 1377 modo.
867 1320 947 1375 Ne
975 1319 1128 1374 enim
1151 1316 1616 1390 suspicarentur,
1656 1315 1771 1389 ipsi
1791 1315 1971 1371 rudes
2002 1320 2059 1371 et
2084 1314 2292 1383 crassi,

632 1407 786 1480 quod
819 1406 1078 1463 sensuali
1117 1406 1300 1463 modo
1330 1406 1538 1462 audiat
1568 1404 1894 1478 quisquam
1922 1421 1957 1462 a
1998 1408 2183 1470 Patre,
2211 1402 2292 1459 vi-

634 1495 784 1552 dens
808 1510 934 1551 eum
966 1494 1233 1551 humano
1263 1494 1469 1564 modo,
1502 1494 1584 1550 ait
1613 1512 1626 1551 :

709 1583 872 1640 Vers.
900 1587 990 1640 46.
1019 1584 1153 1640 Νοη
1170 1614 1239 1623 —
1257 1583 1480 1640 viderit.
1504 1584 1573 1639 Ut
1594 1581 1954 1639 sensibiliter
1978 1582 2056 1638 ab
2091 1597 2161 1638 eo
2192 1597 2297 1647 au_

634 1674 762 1732 dire
792 1674 1013 1748 possit:
1049 1676 1232 1732 Deum
1272 1674 1428 1731 enim
1453 1689 1610 1730 nemo
1643 1673 1789 1732 vidit
1822 1687 2086 1745 unquam
2114 1674 2184 1728 ηε

706 1764 864 1820 Vers.
895 1767 982 1821 46.
1008 1765 1211 1821 Νίεὶ-
1239 1764 1379 1821 Deo.
1407 1764 1521 1819 Nisi
1543 1765 1592 1818 is
1623 1764 1726 1836 qui
1754 1766 1933 1818 natus
1964 1767 2052 1818 est
2080 1778 2118 1817 a
2149 1762 2287 1818 Deo.

633 1856 752 1911 Hoc
772 1854 929 1910 enim
962 1869 1123 1910 nunc
1155 1853 1473 1925 signiﬁcat,
1505 1869 1634 1908 esse
1659 1869 1695 1909 a
1744 1855 1880 1907 Deo.
1926 1854 1990 1908 Et
2017 1868 2201 1924 quare
2229 1851 2289 1907 id
2327 1826 2372 1883 Β

631 1958 756 2000 non
782 1942 983 2015 posuit
1012 1943 1382 1998 manifestius
1398 1943 1425 1994 ‘t
1444 1944 1685 2012 Propter
1713 1940 1951 1996 illorum
1975 1939 2291 1996 insensibi-

632 2032 856 2088 litatem
886 2052 897 2097 ;
933 2030 984 2086 si
1013 2032 1173 2087 enim
1203 2047 1340 2087 cum
1382 2030 1646 2094 dixisset,
1684 2031 1766 2086 De
1806 2029 1940 2086 coelo
1996 2029 2287 2095 descendi,

632 2118 1060 2177 oﬁ'endiculum
1101 2118 1257 2190 passi
1287 2124 1443 2184 sunt,
1489 2117 1783 2189 quidnam
1812 2116 1925 2173 illis
1954 2116 2287 2181 accidisset,

634 2209 685 2265 si
706 2207 770 2263 id
789 2207 969 2264 etiam
991 2206 1232 2280 planius
1260 2205 1541 2262 dixisset?
2058 2274 2063 2279 _

704 2297 860 2351 Vers.
876 2295 1079 2352 46.19:}:
1092 2295 1239 2352 vidit
1259 2295 1734 2367 Patrem.Utpote
1746 2292 2021 2366 ejusdem
2038 2298 2286 2363 naturae,

630 2384 995 2454 substantiae,
1053 2382 1412 2455 etscientiaa,
1443 2388 1500 2439 et
1548 2382 1653 2457 qui
1674 2390 1763 2439 est
1787 2383 1849 2439 in
1901 2382 2032 2458 sinu
2079 2382 2284 2455 patris.

631 2472 816 2547 Atqui
834 2473 1007 2530 etiam
1027 2473 1277 2545 Spiritus
1307 2477 1549 2529 sanctus
1573 2470 1730 2528 videt
1756 2488 1904 2537 eum,
1924 2475 2215 2544 tanquam
2232 2475 2289 2526 et

628 2563 758 2636 ipse
778 2562 1044 2634 ejusdem
1076 2567 1323 2629 natura,
1353 2560 1700 2618 substantiae
1714 2565 1770 2617 et
1799 2560 2074 2628 scientias,
2102 2565 2157 2617 et
2186 2560 2287 2633 qui

629 2652 794 2711 estin
813 2655 979 2708 Patre
1007 2651 1141 2719 ;sed
1161 2652 1422 2708 nondum
1439 2657 1677 2722 tempus
1705 2654 1833 2706 erat
1869 2654 1931 2705 ut
1956 2650 2031 2705 de
2069 2649 2287 2722 Spiritu

632 2746 836 2799 sancto
866 2741 1106 2797 doceret
1136 2756 1150 2797 :
1178 2756 1321 2797 nam
1339 2741 1444 2813 qui
1469 2740 1544 2796 de
1572 2739 1693 2796 ﬁlio
1724 2739 1922 2795 adhuc
1952 2754 2075 2795 non
2100 2739 2287 2794 credi-

629 2830 862 2896 derant,
895 2845 1281 2904 nequaquam
1297 2829 1372 2885 de
1402 2829 1620 2902 Spiritu
1643 2834 1850 2885 sancto
1874 2826 2280 2884 credidissent.

701 3188 869 3246 Vers.
891 3191 982 3247 47.
1012 3189 1197 3246 Amen
1221 3219 1291 3230 —
1315 3194 1610 3246 aeternam.
1640 3185 1760 3243 Hoc
1790 3186 1968 3245 etiam
2009 3186 2281 3259 superius
2320 3182 2362 3242 C

629 3278 776 3337 dixit
805 3295 942 3335 cum
956 3278 1061 3336 ait:
1085 3278 1159 3337 Ut
1180 3277 1365 3335 omnis
1384 3279 1489 3351 qui
1508 3277 1664 3335 videt
1683 3275 1915 3343 Filium,
1939 3282 1990 3333 et
2020 3275 2280 3333 creditin

629 3384 756 3425 eum
780 3368 991 3425 habeat
1021 3368 1204 3425 vitam
1235 3373 1514 3425 zternam
1546 3369 1615 3422 ³⁸.

701 3458 866 3515 Vers.
887 3457 976 3514 48.
1005 3459 1148 3529 Ego.
1170 3460 1398 3515 -υίιευ,
1428 3457 1719 3514 Praeterea
1739 3462 1796 3514 et
1814 3457 2000 3514 hocin
2014 3455 2283 3530 superio-

628 3548 798 3606 ribus
822 3547 988 3604 dixit.
1004 3550 1104 3604 Est
1119 3552 1317 3604 autem
1341 3547 1514 3620 panis
1529 3546 1679 3611 vitae,
1710 3551 1995 3620 tanquam
2011 3546 2283 3602 doctrina

612 3636 899 3693 .nutriens
929 3636 1191 3704 animas,
1240 3636 1546 3709 vitamque
1585 3651 1971 3702 conservans,
2021 3639 2075 3690 et
2125 3634 2282 3690 hanc

629 3729 936 3782 sternam.
969 3725 1251 3781 Paulatim
1292 3731 1491 3781 autem
1519 3723 1631 3780 hos
1663 3723 1928 3789 adducit,
1965 3739 2036 3780 ac
2057 3721 2279 3793 leniter,

630 3830 769 3889 qum
792 3814 871 3871 ad
891 3814 1261 3871 divinitatem
1287 3829 1460 3870 suam
1500 3818 1785 3887 spectant,
1810 3814 2025 3886 aperit.

702 3905 863 3961 Vers.
893 3907 981 3961 49.
1015 3905 1225 3961 Patres
1256 3904 1560 3959 —mortui
1572 3908 1731 3958 sunt.
1754 3902 1903 3967 Quia
1933 3902 1992 3957 in
2018 3900 2285 3974 superio-

628 3992 798 4050 ribus
818 3992 1118 4052 dixerant:
1146 3993 1348 4049 Patres
1368 3994 1558 4048 nostri
1576 4006 1793 4047 manna
1815 3990 2195 4048 comederunt
2218 3989 2283 4047 in

627 4081 853 4140 deserto
868 4084 939 4151 ³⁷,
951 4097 1112 4138 nunc
1123 4080 1631 4152 comparationem
1644 4078 1945 4136 facitinter
1957 4079 2103 4135 illud
2118 4095 2286 4135 man-

628 4186 709 4229 na
726 4171 962 4228 ethunc
990 4185 1232 4244 panem,
1257 4169 1365 4242 qui
1394 4168 1663 4226 videlicet
1684 4169 1757 4225 de
1781 4168 1931 4225 cmlo
1952 4167 2280 4233 descendit,

629 4265 688 4318 et
714 4265 805 4317 est
831 4260 1005 4333 panis
1037 4259 1185 4316 vitm.

699 4349 861 4406 Vers.
892 4352 978 4406 50.
1013 4348 1128 4406 Hic
1157 4378 1227 4390 —
1250 4348 1563 4405 moriatur.
1590 4347 1788 4414 Quide
1805 4346 1957 4403 coelo
1975 4345 2285 4403 descendit

633 4443 696 4498 ut
710 4439 950 4506 nutriat,
973 4454 1045 4496 ac
1059 4437 1428 4497 immortales
1446 4438 1675 4494 reddat.
1701 4436 1924 4493 Deinde
1941 4452 2279 4493 sermonem

627 4527 935 4603 explanat,
960 4533 1017 4586 et
1037 4527 1211 4586 docet
1232 4528 1364 4601 quis
1391 4528 1466 4584 sit
1490 4526 1665 4600 panis
1699 4541 1882 4599 quem
1909 4526 2073 4586 dicit.

605 4753 613 4761 .
700 4706 866 4766 Vers.
895 4711 985 4765 5t.
1022 4706 1149 4779 Ego
1171 4703 1424 4765 -—vitas.
1461 4704 1708 4778 Semper
1751 4702 1956 4761 vivens
1986 4719 2056 4761 ac
2098 4702 2281 4760 vitam

610 4796 935 4877 'prasbens.

700 4885 867 4947 Vers.
905 4886 997 4942 5t.
1033 4885 1150 4955 Qui
1179 4915 1250 4930 —
1279 4884 1589 4942 descendit.
1637 4882 1849 4951 Quoad
1892 4881 2283 4940 divinitatem.

735 5070 787 5108 ³⁵
822 5066 991 5126 Joan.
1022 5084 1060 5137 ι,
1093 5066 1183 5122 18.
1289 5067 1340 5104 ³⁸
1376 5065 1550 5123 Joan.
1582 5080 1659 5132 γι,
1690 5067 1760 5122 40
1867 5065 1917 5099 ³⁷
1946 5062 2093 5120 ibid.
2125 5060 2217 5120 31.

2403 427 2489 478 τόν
2519 427 2879 478 πιστεύσαντα
2926 424 2998 487 εἰς
3027 422 3132 497 ὶμί.
3166 422 3324 477 Πάλιν
3382 419 3474 476 οὖν
3503 425 3586 488 τὸ,
3619 427 3711 476 Καὶ
3747 422 3826 476 ἐλῶ
3850 424 3933 477 ἀνα-

2407 518 2590 573 στήσω
2623 513 2796 569 αὐτόν.
2850 510 3228 588 Παραδεικνύει
3280 514 3383 588 γὰρ
3453 516 3515 564 τὸ
3553 511 3730 566 οἰκεῖον
3767 512 3932 587 ἀξίωμα,

2404 608 2494 657 καὶ
2524 611 2585 676 τῇ
2617 608 2867 677 συνεχείᾳ
2904 612 3002 656 τῶν
3056 604 3306 655 τοιούτων
3334 601 3505 675 λογων
3558 603 3846 657 καθικνεῖται
3871 614 3934 665 τῆς

2405 691 2756 754 ἀναισθησίας
2780 692 2970 747 αὐτῶν.

2475 778 2628 833 Ἐστι
2656 785 3013 855 γεγραμμένον
3070 812 3139 821 —
3178 786 3327 835 Θεοῦ.
3361 786 3532 834 Τοῦτο
3561 781 3743 834 τέθεικε
3768 778 3928 853 βεϐαιῶν

2404 871 2484 921 ὃτι
2512 871 2537 921 ὁ
2561 876 2664 922 Πατ
2676 874 2741 945 ὴρ
2773 869 2939 924 ἑλκύει
2965 873 3087 933 τοὺς
3113 868 3433 945 ἐρχομένους
3453 872 3582 942 πρὸς
3608 869 3769 922 αὐτόν.
3795 872 3928 931 Πάντες

2405 952 2465 1009 δὲ
2500 960 2549 1010 οἱ
2580 957 2858 1032 ἐρχόμενοι
2879 956 3123 1019 δηλονότι
3172 962 3298 1034 πρὸς
3350 958 3531 1027 αὐτὸν,
3589 960 3637 1011 οἱ
3671 961 3927 1020 πιστεύοντες

2403 1045 2471 1107 εἰς
2500 1047 2655 1099 αὐτὸν
2684 1049 2715 1107 ἣ
2749 1050 2799 1100 οἱ
2816 1047 3121 1122 βουλόμενοι
3155 1066 3167 1078 ·
3202 1044 3419 1121 [οὐδένα
3446 1049 3550 1123 γὰρ
3582 1048 3689 1119 (60)
3709 1045 3927 1127 piﬁcin-

2401 1153 2550 1207 μενον
2578 1134 2602 1209 ]
2630 1135 2819 1195 axon.

2476 1230 2585 1288 ῐΙάἱς
2612 1256 2681 1268 -
2704 1245 2768 1298 με
2796 1247 2809 1260 -
2842 1226 2899 1279 ’0
2930 1225 3129 1281 ἀκούων
3188 1234 3376 1301 νοερῶς
3406 1230 3526 1302 περὶ
3557 1224 3695 1299 ἐμοῦ.
3740 1224 3833 1279 ἰνα
3860 1228 3924 1297 γὰρ

2402 1317 2474 1387 μὴ
2541 1313 2866 1384 ὑπολάϐωσι,
2906 1324 3102 1388 παχεῖς
3137 1319 3295 1380 ὄντες,
3343 1316 3428 1368 ὃτι
3487 1315 3741 1377 αἰσθητως
3805 1312 3923 1366 ἀκούει

2403 1421 2483 1464 τις
2510 1407 2653 1477 παρὰ
2676 1412 2768 1457 τοῦ
2801 1408 3018 1479 Πατρός,
3051 1406 3181 1481 ὀρῶν
3208 1403 3365 1457 αύτον
3407 1402 3825 1478 ἀνθρωποπρεπῶς
3854 1422 3921 1473 φη·

2407 1510 2489 1544 σιν
2521 1511 2535 1525 ⁹

2476 1581 2587 1634 Ούκ
2616 1613 2683 1624 -
2714 1582 2953 1658 ἰώρακεν.
2978 1588 3088 1637 Ἵνα
3116 1586 3206 1635 καὶ
3232 1582 3505 1645 αἰσθητῶς
3532 1581 3687 1655 ἀκούῃ
3724 1580 3825 1653 παρ’
3860 1577 3922 1630 αὖ·

2403 1677 2495 1722 τοῦ
2530 1688 2541 1700 ’
2572 1675 2700 1726 Θεὸν
2729 1675 2831 1746 γὰρ
2855 1668 3031 1734 οὐδεὶς
3061 1672 3253 1747 ἑώρακε
3280 1678 3507 1728 πώποτε.

2476 1761 2534 1814 Εἰ
2557 1765 2628 1833 μὴ
2661 1792 2731 1803 -
2760 1769 2894 1815 Θεοῦ
2938 1762 3000 1815 Εἰ
3024 1766 3096 1835 μὴ
3121 1763 3146 1814 ό
3172 1763 3434 1833 γεννηθεὶς
3463 1760 3521 1813 ἐκ
3539 1767 3628 1813 τοῦ
3646 1764 3782 1813 Θεοῦ.
3806 1763 3918 1809 Τοῦτο

2399 1852 2500 1923 γὰρ
2534 1846 2690 1910 δηλοῖ
2714 1858 2802 1902 νῦν
2841 1854 2899 1903 τὸ
2923 1850 2982 1905 Ὀ
3006 1851 3120 1923 (61)
3151 1850 3217 1902 ὢν
3250 1854 3395 1926 παρὰ
3424 1858 3514 1903 τοῦ
3540 1856 3684 1903 θεοῦ.
3712 1853 3795 1901 Καὶ
3819 1842 3919 1898 διατί

2399 1944 2471 2012 μὴ
2501 1944 2802 2015 τρανότερον
2832 1940 2961 1993 αύτό
2988 1942 3181 1993 τέθεικε
3215 1957 3229 2007 ;
3251 1942 3349 1992 Διὰ
3371 1945 3467 1999 τὴν
3491 1938 3675 1992 ἐκείνων
3700 1936 3914 1988 ἀσθένειαν.

2401 2028 2461 2081 Εἰ
2488 2031 2589 2104 γὰρ
2632 2029 2883 2099 εἰπόντος,
2918 2030 3000 2082 ὅτι
3047 2027 3396 2088 Καταϐέϐηκα
3443 2028 3499 2081 ἐκ
3525 2036 3613 2081 τοῦ
3638 2026 3914 2102 adpuncti,“-

2396 2114 2851 2188 κανδαλίσθησαν,
2882 2122 2936 2171 τί
2967 2118 3060 2171 οὐκ
3090 2117 3150 2170 ἂν
3181 2116 3459 2188 ἐποίησαν,
3487 2117 3530 2171 εἰ
3565 2121 3649 2170 καὶ
3690 2122 3814 2168 τοῦτο
3834 2130 3912 2183 φαν-

2397 2214 2520 2280 ερῶς
2550 2202 2684 2260 εἶπεν
2715 2223 2730 2274 ;

2469 2296 2635 2358 Αύτός
2666 2296 2859 2372 ἑώρακε
2896 2300 2983 2349 τὸν
3033 2301 3258 2372 Πατέρα.
3298 2297 3391 2360 Ὠς
3442 2304 3538 2360 τῆς
3595 2295 3737 2355 αὐτῆς
3779 2289 3907 2347 οὖσίας

2395 2389 2485 2438 καὶ
2511 2387 2712 2457 φύσεως
2740 2390 2830 2438 καὶ
2888 2390 3151 2457 γνώσεως,
3182 2392 3273 2439 καὶ
3321 2388 3390 2439 ὢν
3423 2386 3474 2439 έν
3511 2393 3614 2447 τοῖς
3665 2382 3829 2439 κόλποις
3848 2382 3904 2428 τοῦ

2397 2479 2616 2548 Πατρός.
2651 2478 2753 2527 Καὶ
2786 2478 2891 2547 μὴν
2916 2479 3008 2528 καὶ
3030 2478 3088 2529 τό
3120 2482 3332 2549 Πνεῦμα
3356 2479 3416 2530 τό
3445 2475 3590 2547 ἅγιον
3618 2474 3704 2545 ὁρᾷ
3727 2469 3842 2522 αὐτόν
3859 2465 3901 2521 ὡς

2394 2569 2485 2616 καὶ
2505 2563 2627 2616 αύτό
2655 2573 2746 2624 τῆς
2772 2563 2933 2626 αὐτῆς
2961 2564 3142 2626 οὐσίας
3161 2570 3252 2618 καὶ
3278 2569 3482 2638 φύσεως
3502 2568 3587 2616 καὶ
3608 2567 3817 2634 γνώσεως,
3839 2556 3896 2603 καὶ

2395 2652 2462 2704 ὢν
2495 2653 2606 2724 (6'2)
2641 2652 2691 2705 ἐν
2717 2660 2788 2724 τῷ
2823 2657 3008 2726 Πατρί.
3043 2652 3177 2706 Ἀλλ’
3210 2656 3356 2707 οὔπω
3394 2656 3572 2730 καιρός
3598 2648 3652 2710 ἧν
3698 2642 3893 2701 διδάσκειν

2393 2746 2512 2816 περὶ
2536 2749 2628 2794 τοῦ
2658 2740 2807 2813 ἁγίου
2831 2745 3149 2815 Πνεύματος.
3180 2744 3270 2815 [Οἱ
3299 2745 3404 2817 γὰρ
3428 2743 3543 2815 (63)
3568 2746 3709 2814 μήπω
3734 2734 3890 2808 περὶτοῦ

2392 2832 2517 2884 Υἰοῡ
2548 2833 2922 2894 πιστεύσαντες
2956 2832 3051 2885 οὐκ
3094 2830 3156 2884 ἂν
3186 2829 3501 2886 ἐπίστευσαν
3529 2834 3639 2905 περὶ
3685 2833 3757 2880 τοῦ
3789 2820 3884 2890 ἀἹίθν

2395 2922 2692 2994 Πνεύματος
2715 2940 2725 2951 ·
2755 2918 2778 2994 ]

2465 3185 2624 3259 ’Δμὴν
2653 3217 2721 3226 -
2752 3185 2976 3242 αἰώνιον.
3035 3192 3137 3242 Καὶ
3183 3186 3424 3258 ἀνωτέρω
3444 3184 3547 3243 εἶτε
3576 3191 3721 3247 τοῦτο,

2387 3274 2500 3329 Ἵνα
2526 3281 2629 3338 πᾶς
2653 3276 2678 3327 ό
2711 3276 2911 3350 θεωρῶν
2941 3280 3028 3329 τόν
3058 3280 3176 3331 Υἰόν
3204 3282 3298 3332 καὶ
3323 3279 3576 3332 πιστεύων
3598 3273 3661 3335 εἰς
3686 3263 3864 3330 αὐτὸ·ιῷ

2391 3364 2529 3426 ζωὴν
2555 3363 2781 3420 αἰώνιον.

2462 3453 2596 3526 Ἐγὼ
2627 3484 2694 3495 --
2729 3457 2832 3517 Croti
2846 3474 2884 3516 ς.
2933 3461 3047 3509 Ἐτι
3076 3453 3317 3531 ἀνωτέρω
3343 3452 3451 3510 εἶπε
3481 3458 3566 3507 καὶ
3592 3455 3735 3504 τοῦτο.
3755 3440 3878 3531 Ἀρῖθί

2392 3537 2453 3596 δέ
2479 3525 2589 3595 id"?!
2609 3549 2703 3605 τῆς
2735 3543 2895 3611 ζωῆς,
2919 3546 2989 3607 ὡς
3018 3548 3213 3618 τρέφων
3337 3541 3640 3612 διδασκαλίᾳ
3653 3538 3726 3594 τὰς
3742 3525 3879 3601 φνκάδν

2390 3636 2481 3684 καὶ
2515 3640 2820 3706 συγκρατῶν
2846 3638 2939 3692 τὴν
2971 3633 3104 3699 ζωὴ,
3144 3640 3233 3687 καὶ
3298 3638 3493 3692 ταύτην
3520 3635 3599 3684 καὶ
3625 3630 3702 3684 τὴν
3724 3622 3879 3672 αἰώνιον-

2395 3723 2539 3774 Κατά
2577 3725 2763 3794 μικρὸν
2787 3718 2846 3774 δε
2876 3721 3054 3795 ἀνάγει
3080 3726 3322 3793 τούτους,
3350 3729 3439 3777 καὶ
3464 3718 3642 3795 ὁμαλῶς
3669 3703 3882 3765 ἀποκαλυπ-

2391 3830 2469 3865 τει
2494 3814 2559 3864 τὰ
2588 3815 2704 3886 περὶ
2738 3819 2824 3873 τῆς
2851 3811 3037 3865 ἑαυτοῦ
3069 3814 3339 3878 θεότητος.

2466 3900 2532 3953 Οἱ
2560 3904 2776 3976 πατέρες
2827 3933 2897 3942 -
2937 3900 3208 3955 ἀπέθανον.
3266 3902 3410 3957 Ἐπεὶ
3462 3890 3749 3975 προλαϐόντες
3784 3892 3853 3979 ttat

2393 3988 2554 4062 αύτῷ,
2587 3991 2659 4043 ὃτι
2694 3993 2759 4042 Oi
2788 3994 3004 4064 πατέρες
3027 3992 3174 4064 ἡμῶν
3200 3994 3258 4044 τὸ
3293 3993 3456 4066 μάννα
3479 3991 3641 4060 ἔφαγον
3664 3976 3702 4029 έν
3725 3978 3770 4043 τῇ
3794 3976 3877 4063 ερης

2390 4099 2473 4152 μῳ
2504 4096 2514 4106 '
2545 4086 2772 4132 ποιεῖται
2800 4087 2887 4131 νῦν
2942 4082 3223 4155 σύγκρισιν
3264 4078 3459 4134 ἐκείνου
3490 4093 3540 4128 τε
3577 4076 3654 4123 τοῦ
3677 4064 3875 4158 μάνναικαί

2392 4170 2578 4221 τούτου
2610 4176 2702 4222 τοῦ
2733 4171 2893 4242 ἄρτου
2924 4177 3016 4222 τοῦ
3047 4169 3104 4223 ἐκ
3130 4178 3222 4223 τοῦ
3252 4171 3472 4248 ούρανοῦ
3497 4157 3773 4218 καταϐάντος,
3795 4154 3871 4199 ητοι

2390 4264 2483 4309 τού
2508 4259 2670 4332 ἄρτου
2696 4266 2793 4321 τῆς
2820 4261 2977 4322 ζωῆς.
3798 4315 3817 4332 ο
3846 4316 3853 4327 ,

2544 4315 2553 4332 .
2745 4315 2791 4321 ν-
2831 4315 2847 4322 -
2912 4315 2956 4319 γ-
3846 4316 3853 4327 ,

2464 4347 2633 4408 Οὗτός
2679 4377 2746 4389 -
2813 4345 3071 4420 ἀποθάνῃ.
3125 4346 3184 4400 Ὀ
3215 4346 3271 4400 ἐκ
3336 4355 3426 4400 τοῦ
3473 4315 3866 4420 ούρανοῦ-καταείβ

2391 4456 2487 4488 νων
2545 4436 2705 4489 ἕνεκεν
2762 4443 2855 4489 τοῦ
2910 4434 3100 4510 θρέψαι
3157 4441 3247 4489 καὶ
3298 4436 3607 4489 ἆθανατίσαι.
3635 4416 3731 4476 Εἶτα

3784 3873 3879 3932 εἶπον

2313 4523 2362 4579 D
2391 4525 2521 4587 νίξει
2569 4529 2656 4578 τὸν
2710 4524 2881 4598 λόγον,
2917 4530 3007 4578 καὶ
3036 4521 3290 4579 διδάσκει
3314 4532 3392 4589 τίς
3421 4524 3551 4577 ἐστιν
3586 4503 3856 4584 ὀᾶρτος⁰⁷“’

2388 4635 2487 4689 γει.

2465 4709 2595 4778 Ἐγώ
2618 4735 2686 4746 -
2716 4706 2742 4758 ὁ
2768 4708 2890 4770 ζῶν.
2929 4702 2989 4758 'o
3021 4705 3122 4767 ζῶν
3145 4704 3224 4759 ἀεὶ
3248 4711 3343 4760 καὶ
3369 4705 3503 4767 ζωὴν
3527 4694 3719 4771 παρέχω·

2465 4881 2525 4936 Ὀ
2605 4913 2671 4923 -
2745 4880 2998 4946 καταϐάς.
3050 4889 3124 4957 Τῇ
3181 4883 3407 4942 θεότητι.
3465 4876 3559 4932 Καὶ
3621 4853 3781 4924 ἀνωτέρω
3814 4829 3853 4888 δί

1848 5158 2075 5259 variae
2103 5185 2433 5257 lectiones
2465 5195 2532 5255 et
2559 5195 2765 5260 notas.

727 5392 821 5450 6οὶ
841 5388 1078 5450 Inclusa
1103 5386 1324 5449 absunt
1357 5391 1423 5445 Α.
1812 5382 1819 5395 “
2132 5406 2159 5414 κ

729 5395 797 5450 60
841 5395 1078 5450 Inclusa
1103 5395 1246 5449 absu

729 5395 821 5539 ot;
848 5464 907 5518 Ὁ
937 5460 1155 5521 omittit
1182 5463 1246 5520 A.

2459 5383 2577 5458 (‘62)
2605 5380 2722 5458 ζον,
2746 5400 2855 5458 pro
2879 5388 2969 5458 ὧν,
3007 5391 3065 5440 Β.

2462 5456 2581 5530 (63)
2606 5456 2837 5514 Inclusa
2856 5457 3079 5514 absunt
3114 5461 3177 5511 Δ.

610 5630 620 5645 ⁴
701 5639 819 5722 (ου)
849 5642 1141 5717 Repetens.
1174 5641 1291 5699 Hoc
1321 5639 1395 5698 de
1425 5652 1533 5696 suo
1561 5636 1786 5696 videtur
1814 5632 2112 5695 addidisse
2147 5630 2456 5710 interpres.
