4120 6310
390 251 432 310 1
444 241 549 307 233

1420 238 1794 306 COMMENT.
1848 248 1915 302 IN
1956 234 2307 305 JOANNEM.
2350 276 2418 287 —
2458 236 2614 302 CAP.
2660 236 2755 304 vi.

3651 249 3785 307 1254

396 385 580 430 ταῦτα
623 377 743 451 περὶ
803 374 988 430 ἑαυτοῦ
1025 374 1281 451 διαφόρως
1334 373 1459 442 εἶπε,
1520 383 1580 448 τῇ
1626 379 1873 447 συνεχείᾳ
1920 372 2008 426 δι-

2142 372 2398 463 inperitis
2418 387 2662 444 quoque
2688 372 2846 429 idem
2870 372 2946 429 de
2966 373 3167 463 seipso
3184 374 3433 433 variisin
3448 375 3596 434 locis
3612 376 3779 463 dixit,

399 467 655 533 ερεθίζων
706 464 894 528 αὐτοὺς
952 466 1023 527 εἰς
1079 469 1136 518 τὸ
1195 465 1454 538 ἐρωτῆσαι
1518 474 1631 526 πῶς
1686 466 1837 536 ἄρτος
1894 461 2007 514 ἐστὶ

401 556 629 631 ζωηρὸς,
682 558 772 607 καὶ
817 562 928 617 πῶς
982 554 1034 605 ἐκ
1083 562 1172 606 τοῦ
1215 554 1435 629 οὐρανοῦ
1464 550 1831 610 καταϐέϐηκεν·
1899 547 2006 601 ἀ)λ’

403 644 596 698 ἐκεῖνοι
650 647 782 717 πρὸς
832 649 991 716 μόνην
1045 646 1255 717 ὁρῶντες
1307 649 1400 701 τὴν
1442 645 1711 717 θεραπείαν
1766 648 1856 701 τῆς
1914 658 2005 711 γα-

407 737 590 808 στρός,
642 735 811 785 πάντα
856 732 1018 785 τᾶλλα
1072 735 1287 807 περιττὰ
1342 732 1597 805 ἐνόμιζον,
1649 734 1719 793 ὡς
1769 734 2009 804 προειρή-

405 842 596 895 καμεν.

486 913 604 965 Ἐὰν
641 941 710 950 -
756 915 937 963 αὶοῦνα.
968 910 1086 963 Ἐὰν
1128 931 1203 971 τις
1251 929 1496 983 μετασχῃ
1529 907 1623 971 τῆς
1665 906 2011 969 διδασκαλίας

406 1004 593 1054 αὑτοῦ.
631 1000 823 1053 Ἐσθίει
872 1003 973 1072 ’γὰρ
1006 999 1057 1062 ἐξ
1084 1000 1246 1051 αὐτοῦ
1294 1001 1319 1051 ό
1349 998 1753 1072 μεταλαμϐάνων
1797 1002 2006 1058 ταύτης

410 1089 620 1164 βρῶσις
665 1090 765 1161 γὰρ
812 1088 901 1140 καί
941 1089 1093 1155 αὕτη,
1126 1094 1385 1164 τρέφουσα
1413 1094 1506 1146 τὴν
1534 1087 1741 1159 ψυχήν.
1788 1090 2009 1145 Ζήσεται

408 1176 450 1232 δ
455 1182 476 1231 ξ
514 1179 587 1240 εἰς
615 1181 702 1230 τὸν
727 1178 907 1244 αἰῶνα,
937 1181 1101 1230 εἶτουν
1132 1176 1233 1243 ἀεὶ,
1285 1180 1349 1239 ὡς
1378 1175 1642 1250 μηδέποτε
1671 1177 2011 1234 ἀποθνήσκων

407 1271 501 1320 τὸν
548 1267 783 1340 ψυχικὸν
827 1268 1062 1321 θάνατον.
1118 1270 1355 1339 Ψυχικὸς
1388 1264 1447 1319 δὲ
1480 1268 1693 1327 θάνατος
1719 1269 1743 1318 ό
1786 1266 1885 1318 ἀπὸ
1921 1274 2011 1318 τοῦ

410 1362 544 1411 Θεοῦ
588 1361 883 1431 χωρισμόςσ
919 1356 1091 1431 ὣσπερ
1124 1361 1211 1409 καὶ
1262 1361 1555 1429 σωματικὰς
1607 1358 1823 1416 θάνατος
1853 1358 1878 1407 ό
1909 1357 2010 1408 ἀπὸ

409 1455 512 1508 τῆς
534 1445 723 1517 ψυχῆς
745 1450 1041 1519 χωρισμός.
1084 1452 1217 1499 Ζωοῖ
1241 1448 1338 1519 γὰρ
1370 1449 1427 1498 τὸ
1470 1454 1622 1518 σῶμα
1651 1449 1740 1518 μὲν
1770 1447 1796 1503 ἦ
1828 1445 2007 1516 ψυχὴ.

409 1540 511 1594 τὴν
538 1535 720 1608 ψυχὴν
753 1532 811 1587 δὲ
842 1536 868 1587 6
908 1539 1051 1596 Θεός.

491 1630 591 1677 Καὶ
640 1628 742 1697 μὴν
794 1623 972 1676 πολλοὶ
1018 1623 1293 1695 μετέλαϐον
1360 1633 1453 1687 τῆς
1515 1622 1868 1686 διδασκαλίας
1916 1632 2009 1676 τοῦ

2115 461 2421 517 iteratione
2445 462 2711 517 excitans
2742 478 2864 527 eos,
2893 467 2957 518 ut
2984 462 3438 533 interrogarent,
3469 461 3782 539 quomodo

2116 552 2455 623 essetpanis
2478 552 2650 606 vivus
2669 568 2773 608 seu
2786 552 3115 622 viviﬁcans,
3145 558 3201 609 et
3216 570 3482 626 quonam
3501 557 3677 613 modo
3706 558 3782 613 de

2118 642 2264 697 coelo
2291 641 2707 697 descendisset.
2736 641 2943 698 Verum
2970 643 3048 698 illi
3089 644 3278 699 solam
3314 646 3528 701 ventris
3572 662 3779 703 curam

2119 734 2473 801 spectantes,
2487 736 2697 785 caetera
2713 734 2917 786 omnia
2930 731 3226 804 superﬂua
3238 733 3562 799 ducebant,
3575 751 3782 808 quem-

2119 818 2449 874 admodum
2491 818 2887 891 prmdiximus.

2191 909 2350 961 Vers.
2385 912 2472 962 5t.
2506 908 2653 963 δίο-
2701 914 2997 964 aeternum.
3028 909 3089 965 Si
3129 910 3265 983 quis
3290 912 3575 969 doctrinae
3626 911 3783 969 illius

2122 996 2418 1068 particeps
2446 996 2634 1052 fuerit.
2660 1000 2805 1053 Nam
2834 998 2936 1070 qui
2966 1015 3099 1055 eam
3128 1001 3459 1072 participat,
3487 1018 3559 1057 ex
3598 1018 3666 1057 eo
3686 1018 3782 1059 co-

2124 1085 2306 1141 medit
2333 1102 2346 1140 :
2378 1086 2675 1157 siquidem
2696 1092 2751 1142 et
2769 1088 2900 1157 ipsa
2922 1088 3088 1142 cibus
3106 1090 3469 1146 estanimam
3492 1090 3779 1146 nutriens.

2135 1175 2290 1229 Vivet
2307 1176 2367 1230 in
2384 1176 2820 1239 aeternum,sive
2837 1191 3092 1249 semper,
3109 1181 3314 1249 utpote
3333 1195 3644 1251 nunquam
3659 1195 3784 1236 mo-

2122 1264 2341 1319 riturus
2368 1270 2555 1320 morte
2587 1264 2797 1320 animae
2827 1281 3023 1334 ;mors
3050 1274 3245 1323 autem
3279 1268 3493 1325 animae
3516 1276 3787 1343 estsepa-

2122 1353 2270 1408 ratio
2288 1369 2323 1409 a
2344 1355 2475 1416 Deo,
2493 1353 3015 1425 quemadmodum
3037 1357 3213 1413 etiam
3234 1373 3395 1413 mors
3412 1358 3679 1431 corporis
3699 1362 3787 1415 est

2123 1442 2305 1513 ipsius
2336 1441 2415 1498 ab
2445 1443 2634 1498 anima
2664 1444 2982 1515 separatio.
3016 1448 3162 1502 Nam
3186 1447 3315 1519 ipsa
3336 1447 3539 1504 anima
3565 1464 3786 1522 corpus

2120 1530 2397 1598 viviﬁcat,
2430 1531 2698 1588 animam
2749 1548 2887 1588 vero
2928 1533 3109 1591 Deus.

2190 1621 2365 1693 Atqui
2414 1621 2618 1693 plures
2694 1621 3013 1693 perierunt,
3082 1624 3180 1695 qui
3223 1623 3508 1683 doctrinm
3576 1625 3786 1684 Christi

415 1720 653 1787 Χριστοῦ
700 1717 789 1764 καὶ
836 1713 954 1783 (64)
1006 1711 1287 1769 ἀπώλοντο.
1345 1711 1473 1765 ἀλλὰ
1500 1722 1673 1775 κακῶς
1713 1712 2011 1786 ἐχρήσαντο

2146 1715 2357 1765 uerunt
2382 1709 2718 1782 participes,
2753 1710 2858 1765 sed
2898 1711 2976 1766 illi
3010 1711 3106 1767 tali
3137 1713 3582 1785 participatione
3629 1715 3786 1773 male

413 1808 480 1873 τῇ
541 1800 846 1873 μεταλήψει’
905 1808 994 1852 νῦν
1052 1798 1111 1853 δε
1159 1806 1278 1873 περὶ
1326 1810 1423 1854 τῶν
1485 1802 1654 1863 καλῶς
1714 1802 1845 1875 αὐτῇ
1900 1802 2011 1874 (65)

412 1893 698 1963 χρωμένων
737 1891 762 1940 ό
814 1889 985 1961 λόγος,
1020 1890 1078 1941 οὐ
1126 1896 1369 1963 περὶτῶν
1410 1888 1817 1963 διαφθειράντων
1850 1892 2013 1949 αὐτὸν

412 1978 655 2051 ἐπιμιξίᾳ
707 1976 985 2051 δογμάτων
1040 1988 1274 2054 πονηρῶν
1313 1984 1343 2038 ἤ
1404 1980 1690 2052 φαυλότητι
1728 1980 2008 2043 πολιτείας.

412 2065 646 2132 ’Ἑδειξεν
698 2065 786 2120 οὖν
852 2069 933 2121 ὅτι
991 2073 1257 2142 κρείττονα
1323 2070 1478 2142 ἄρτον
1544 2073 1746 2131 τούτοις
1814 2065 2014 2122 δίδωσι

414 2160 564 2232 παρὰ
591 2160 649 2209 τὸ
679 2160 845 2229 μάννα
864 2159 889 2209 ὃ
915 2160 1099 2230 ἔφαγον
1128 2160 1176 2210 οἱ
1206 2162 1420 2233 πατέρες
1449 2160 1614 2211 αὐτῶν
1644 2158 1692 2211 ἐν
1723 2179 1785 2232 τη
1815 2158 2009 2233 ἐρήμῳ.

416 2249 612 2300 Ἐκεῖνο
650 2250 739 2319 μεν
762 2249 864 2320 ’γὰρ
901 2249 950 2298 οἱ
983 2253 1218 2319 φαγόντες
1266 2246 1533 2318 ἀπέθανον,
1579 2247 1636 2300 ἐκ
1668 2252 1850 2301 τούτου
1879 2246 1913 2301 δ
1917 2252 1937 2300 ξ
1968 2248 2016 2300 οἰ

414 2343 700 2411 τρώγοντες
722 2336 974 2397 ζήσονται
1004 2336 1071 2397 εἰς
1100 2340 1187 2389 τόν
1214 2337 1393 2393 αἰῶνα.

495 2519 596 2568 Καὶ
651 2546 716 2555 --
771 2513 908 2567 ἐστί’
961 2516 1108 2567 Κατὰ
1165 2511 1264 2567 δύο
1320 2519 1539 2591 τρόπους
1592 2518 1749 2590 ἄρτος
1796 2519 1935 2569 ἐστὶν
1992 2517 2017 2567 ό

416 2608 670 2676 Χριστὸς,
727 2606 861 2656 κατά
909 2623 963 2656 τε
1014 2609 1106 2662 τὴν
1168 2606 1388 2661 θεότητα
1451 2610 1540 2657 καὶ
1605 2608 1741 2657 κατὰ
1786 2610 1881 2663 τὴν
1935 2604 2018 2655 ἀν-

422 2694 750 2767 θρωπότητα.
811 2690 1036 2755 Διδάξας
1090 2692 1177 2745 οὖν
1239 2696 1357 2767 περὶ
1408 2702 1500 2745 τοῦ
1564 2696 1698 2745 κατὰ
1742 2698 1838 2751 τήν
1903 2696 2017 2745 θεό-

418 2800 575 2849 τητα,
628 2788 717 2833 νῦν
758 2777 1006 2834 διδάσκει
1034 2786 1124 2833 καὶ
1160 2786 1279 2854 περὶ
1318 2788 1407 2834 τοῦ
1453 2784 1589 2833 κατὰ
1616 2786 1707 2840 τὴν
1752 2779 2021 2855 ἀνθρωπό-

419 2888 576 2927 τητα.

494 2957 604 3008 Οὐκ
635 2954 742 3010 εἶπε
791 2954 868 3023 δέ,
924 2958 1005 3010 ὃτι
1033 2956 1126 3011 "Ov
1158 2955 1381 3031 δίδωμι,
1413 2957 1535 3030 ἀλλ’,
1588 2961 1668 3012 ὃτι
1695 2959 1788 3013 "Ov
1838 2956 2017 3015 δώσω.

2122 1801 2212 1855 usi
2243 1806 2380 1854 sunt
2426 1815 2440 1865 ;
2495 1815 2655 1855 nunc
2710 1806 2907 1856 autem
2963 1800 3037 1855 de
3084 1800 3176 1856 his
3210 1808 3298 1859 est
3335 1819 3553 1869 sermo,
3581 1806 3685 1877 qui
3716 1820 3788 1861 ea

2122 1890 2273 1944 bene
2305 1889 2395 1943 usi
2418 1895 2574 1954 sunt,
2608 1904 2729 1944 non
2760 1890 2835 1944 de
2864 1888 2978 1943 illis
3003 1889 3108 1962 qui
3134 1906 3259 1946 eam
3276 1907 3599 1963 pravorum
3628 1909 3789 1949 com-

2123 1978 2399 2034 mistione
2447 1978 2820 2049 dogmatum,
2853 1984 2956 2034 aut
2983 1981 3451 2036 conversationis
3497 1982 3788 2053 pravitate

2121 2073 2530 2138 corruperunt.
2564 2068 2828 2123 Ostendit
2878 2083 3039 2137 ergo,
3108 2069 3273 2141 quod
3327 2071 3786 2140 praestantiorem

2123 2157 2239 2214 illis
2256 2156 2458 2213 cibum
2482 2156 2723 2224 tribuat,
2741 2171 2930 2229 quam
2952 2155 3127 2211 fuerit
3148 2158 3577 2231 manna,_quod
3595 2175 3787 2217 come-

2124 2247 2337 2302 derunt
2369 2252 2562 2318 patres
2619 2261 2828 2301 eorum
2894 2245 2953 2300 in
2984 2245 3223 2302 deserto
3271 2264 3288 2302 :
3334 2246 3414 2302 illi
3467 2246 3789 2337 siquidem.

2124 2342 2443 2409 postquam
2494 2334 2896 2402 comederunt,
2954 2336 3168 2391 mortui
3209 2342 3365 2402 sunt,
3408 2336 3514 2410 qui
3544 2354 3685 2395 vero
3716 2334 3789 2396 ei

2125 2426 2239 2482 hoc
2270 2426 2475 2493 edunt,
2504 2425 2700 2480 vivent
2722 2424 2781 2479 in
2808 2429 3114 2480 aeternum.

2203 2517 2359 2571 Vers.
2392 2518 2479 2567 51.
2506 2514 2581 2569 Et
2611 2544 2665 2554 -
2694 2520 2796 2569 est.
2823 2512 3066 2568 Duobus
3088 2513 3277 2568 modis
3300 2513 3558 2571 Christus
3579 2515 3790 2573 dicitur

2126 2619 2253 2659 esse
2285 2602 2474 2675 panis,
2510 2600 2839 2657 secundum
2866 2600 3238 2657 divinitatem
3270 2602 3539 2659 videlicet
3597 2610 3654 2661 et
3681 2604 3791 2660 hu-

2128 2693 2499 2747 manitatem.
2561 2694 2884 2761 Postquam
2927 2704 3070 2759 ergo
3108 2690 3311 2747 docuit
3361 2691 3435 2747 de
3473 2693 3654 2749 modo
3685 2693 3789 2766 qui

2127 2779 2460 2835 secundum
2499 2778 2871 2834 divinitatem
2921 2783 3024 2843 est,
3085 2795 3245 2835 nunc
3310 2780 3488 2837 etiam
3519 2782 3691 2838 docet
3712 2781 3789 2838 de

2128 2869 2308 2924 modo
2330 2868 2431 2941 qui
2462 2873 2553 2924 est
2582 2867 2910 2923 secundum
2939 2867 3395 2924 humanitatem.

2199 2957 2326 3012 Non
2353 2962 2552 3013 autem
2572 2956 2716 3013 dixit
2748 2956 2969 3025 :Quem
2999 2956 3099 3022 do,
3133 2956 3232 3013 sed
3250 2973 3414 3029 quem
3437 2957 3587 3015 dabo
3620 2957 3787 3015 datu-

420 3044 636 3117 Ἔμελλε
687 3049 787 3120 γὰρ
835 3046 991 3099 αὐτὸν
1045 3044 1233 3100 δώσειν
1282 3047 1331 3100 ἓν
1378 3058 1449 3119 τῷ
1497 3048 1770 3121 τελευταίῳ
1804 3046 2015 3121 δείπνῳ,

2147 3064 2230 3102 'us
2259 3062 2523 3118 namque
2544 3052 2669 3102 erat
2697 3045 2754 3101 in
2781 3046 2986 3102 ultima
3014 3062 3198 3111 caena,
3229 3046 3793 3119 quandosumptum

423 3137 507 3188 ὅτε
533 3134 702 3187 λαϐὼν
728 3139 816 3187 τόν
856 3137 1006 3211 ἄρτον
1037 3142 1127 3189 καὶ
1157 3137 1552 3211 εὐχαριστήσας
1580 3138 1695 3211 (66)
1721 3138 1903 3191 ἔκλασε
1932 3144 2021 3192 καὶ

422 3221 604 3279 ἐδίδου
652 3232 761 3288 τοῖς
790 3226 1046 3297 μαθηταῖς
1083 3231 1171 3279 καί
1202 3225 1327 3279 εἶπε·
1384 3226 1596 3294 Λάϐετε,
1631 3229 1833 3300 φάγετει
1868 3233 2019 3281 τοῦτό

425 3314 537 3368 ἔστι
564 3318 621 3367 τό
647 3316 800 3387 σῶμά
837 3332 963 3387 μου.

494 3409 724 3464 Ζήτησον
764 3411 853 3456 οῦν
892 3406 949 3456 τό
1004 3403 1283 3467 ἑξηκοστόν
1336 3409 1576 3480 τέταρτον
1623 3407 1894 3479 κεφάλαιον
1930 3415 2023 3460 τοῦ

424 3496 560 3547 κατὰ
593 3496 882 3561 Ματθαῖον,
931 3498 1021 3547 καὶ
1076 3494 1191 3566 (67)
1237 3496 1356 3547 ἔνθα
1392 3503 1560 3547 κεῖται
1600 3499 1659 3549 τὸ
1713 3497 1802 3559 Εἰς
1839 3498 2023 3570 ἄφεσιν

425 3583 710 3655 ἁμαρτιῶν,
774 3581 1035 3654 ἀνάγνωθι
1084 3587 1172 3641 τὴν
1230 3582 1479 3655 ἰξήγησιν
1531 3584 1671 3654 ὅλην,
1730 3590 1820 3638 καὶ
1876 3587 2026 3660 εὑρὴ-

430 3690 537 3732 σεις
563 3681 669 3732 πῶς
702 3673 812 3725 ἐστι
841 3676 898 3725 τὸ
942 3681 1094 3744 σῶμα
1120 3673 1281 3724 αὑτοῦ
1311 3674 1487 3744 ἄρτος.

496 3759 591 3811 Ἠν
644 3791 711 3800 -
768 3760 923 3821 ζωῆς.
986 3766 1165 3826 Δώσω,
1218 3760 1289 3823 εἰς
1342 3763 1577 3815 θάνατον.
1637 3764 1888 3816 Ἐνταῦθα
1925 3766 2024 3838 γὰρ

426 3853 521 3907 τὴν
554 3851 849 3922 σταύρωσιν
899 3848 1058 3901 αὐτοῦ
1105 3855 1470 3922 προσημαίνει.
1530 3854 1600 3904 Τό
1652 3849 1730 3920 δε,
1770 3851 1864 3905 Ἦν
1928 3852 2025 3925 ἐγὼ

429 3934 606 4002 δώσω,
632 3942 690 3991 τὸ
712 3938 949 3991 ἑκούσιον
979 3936 1210 4010 ἕμφαίνει
1240 3946 1331 3992 τοῦ
1356 3943 1594 3994 τοιούτου
1625 3943 1843 4003 πάθους.

498 4115 793 4187 Ἐμάχοντο
849 4146 920 4157 -
998 4123 1213 4189 par-yth;
1289 4118 1661 4192 Ἐταράττοντο
1716 4123 1788 4192 μὴ
1871 4115 2027 4171 δυνά-

428 4224 569 4277 μενοι
618 4209 879 4257 πιστεύειν
922 4214 993 4278 τῷ
1042 4207 1177 4278 λόγῳ
1232 4204 1325 4261 διὰ
1389 4212 1447 4261 τὸ
1502 4206 1674 4262 δοκεῖν
1746 4206 2024 4263 ἀδύνατον.

431 4295 608 4346 Πάντα
656 4297 755 4367 γὰρ
809 4298 942 4347 κατὰ
991 4299 1145 4369 φύσιν
1190 4295 1525 4366 ἐξετάζοντες,
1580 4296 1731 4351 οὐδὲν
1779 4300 2028 4374 ὑπερφυὲς

430 4380 783 4457 παρεδέχοντο
807 4384 941 4457 (68).

502 4559 651 4614 Εἶπεν
704 4593 774 4605 -
826 4563 1045 4627 ἑαυτοῖς.
1117 4562 1332 4617 Ἐκεῖνοι
1391 4567 1481 4637 μεν
1552 4561 1808 4619 ἀδύνατον
1867 4574 2022 4621 τοῦτο

432 4651 810 4724 ὑπελάμϐανον·
872 4653 1024 4714 αὐτὸς
1096 4650 1157 4706 δε
1222 4650 1487 4707 δείκνυσιν
1549 4655 1671 4707 αὑτό
1744 4660 1829 4707 καὶ
1897 4661 2027 4729 σφό-

434 4738 538 4817 δρα
565 4738 601 4793 δ
605 4746 788 4794 υνατὸν
819 4743 952 4814 (69)·
998 4748 1087 4795 καὶ
1126 4742 1185 4794 οὐ
1223 4750 1370 4796 τοῦτο
1408 4748 1560 4816 μόνον
1592 4742 1720 4796 ἀλλὰ
1747 4750 1838 4796 καὶ
1867 4744 2025 4817 ἀναγ-

432 4838 599 4896 καῖον,
630 4833 752 4905 ὅπερ
791 4836 881 4883 καὶ
919 4830 1002 4885 ἰπὶ
1030 4839 1124 4885 τοῦ
1174 4828 1485 4906 Νικοδήμου
1529 4838 1804 4892 πεποίηκε.
1854 4840 2024 4909 Προσ-

507 5026 553 5063 ³⁸
586 5025 789 5084 Matth.
830 5044 979 5097 xxv1,
1008 5030 1120 5087 26..
1236 5032 1282 5066 ²⁹
1305 5029 1451 5089 ibid.
1482 5032 1571 5088 28.

2131 3152 2347 3208 panem
2374 3136 2518 3193 actis
2542 3135 2746 3206 gratiis
2767 3134 2953 3207 fregit,
2979 3135 3253 3208 deditque
3266 3136 3600 3217 discipulis,
3621 3137 3789 3194 etait:

2129 3225 2396 3295 Accipite
2424 3225 2703 3282 comedite
2732 3242 2750 3292 ;
2775 3226 2884 3282 hoc
2904 3231 2985 3282 est
3006 3241 3216 3295 corpus
3243 3227 3500 3283 meum".

2204 3404 2411 3468 Quaere
2425 3419 2563 3473 ergo
2577 3402 2999 3472 sexagesimum
3014 3408 3276 3475 quartum
3294 3408 3476 3475 caput
3489 3402 3793 3474 Evangelii

2134 3493 2467 3552 secundum
2500 3492 2867 3563 Matthmum;
2898 3496 2954 3547 et
2979 3491 3081 3548 ubi
3107 3492 3483 3565 positumest,
3520 3493 3796 3549 triremis-

2130 3586 2341 3641 sionem
2368 3590 2738 3652 peccatorum
2765 3584 2835 3645 ³⁸,
2867 3581 2997 3651 lege
3029 3586 3205 3637 totam
3236 3581 3697 3648 enarrationem,
3723 3596 3795 3639 ac

2133 3675 2394 3732 invenies
2419 3672 2720 3745 quomodo
2750 3686 2966 3744 corpus
2993 3672 3043 3742 ej
3056 3688 3123 3726 us
3155 3672 3231 3726 sit
3255 3670 3446 3742 panis.

2205 3766 2368 3818 Vers.
2409 3763 2498 3817 5t.
2556 3761 2739 3828 Quam
2789 3791 2853 3802 —
2886 3761 3035 3817 vim.
3096 3761 3262 3817 Dabo
3294 3759 3355 3816 in
3391 3764 3656 3817 mortem.
3693 3760 3795 3818 Hic

2133 3852 2294 3909 enim
2313 3850 2750 3907 cruciﬁxionem
2773 3866 2941 3905 suam
2957 3850 3303 3922 prmsignat.
3329 3849 3537 3905 Dicens
3568 3854 3794 3906 autem:

2136 3943 2324 4010 Quam
2363 3956 2468 4011 ego
2498 3938 2665 4003 dabo,
2700 3939 3035 3996 ultroneam
3067 3938 3249 3995 fuisse
3278 3937 3569 4011 signiﬁcat
3594 3938 3798 4010 hujus-

2137 4031 2291 4087 modi
2330 4030 2693 4102 passionem.

2204 4119 2368 4175 Vers.
2400 4119 2491 4173 52.
2522 4117 2920 4174 Decertabant
2949 4147 3019 4157 —
3056 4117 3138 4174 ad
3164 4117 3582 4174 comedendum
3607 4122 3631 4168 ?
3658 4118 3796 4173 Tur-

2135 4208 2453 4273 babantur,
2482 4223 2602 4263 non
2634 4212 2904 4279 potentes
2929 4206 3190 4263 sermoni
3222 4207 3476 4273 credere.
3502 4205 3665 4279 quod
3685 4205 3800 4263 hoc

2135 4297 2496 4370 impossibile
2527 4297 2842 4352 videretur.
2875 4298 3022 4352 Nam
3053 4312 3189 4352 cum
3220 4296 3427 4354 omnia
3466 4296 3798 4353 secundum

2060 4415 2108 4471 D
2140 4393 2415 4443 naturam
2430 4385 2966 4459 inquirerent,nihil
2980 4385 3145 4458 quod
3162 4401 3345 4459 supra
3358 4391 3636 4443 naturam
3649 4389 3796 4458 erat,

2139 4476 2559 4535 admittebant.

2211 4566 2371 4623 Vers.
2410 4566 2501 4622 53.
2534 4565 2701 4622 Dixit
2732 4595 2790 4606 —
2835 4564 3013 4621 vobis.
3047 4563 3133 4619 Illi
3155 4563 3401 4636 quidem
3438 4564 3554 4621 hoc
3577 4564 3799 4635 impos-

2141 4656 2308 4712 sibile
2316 4654 2693 4727 judicabant,
2727 4653 2853 4725 ipse
2882 4669 3023 4709 vero
3036 4656 3283 4708 omnino
3297 4652 3578 4725 possibile
3599 4659 3803 4710 osten-

2140 4745 2253 4811 dit;
2275 4760 2468 4816 neque
2484 4743 2541 4799 id
2566 4749 2815 4805 tantum,
2833 4742 2936 4797 sed
2958 4740 3137 4797 etiam
3166 4744 3569 4798 necessarium
3594 4761 3607 4800 :
3640 4743 3801 4814 quod

2139 4833 2318 4891 etiam
2348 4832 2483 4890 fecit
2538 4832 2610 4889 ad
2642 4830 3058 4889 Nicodemum.
3107 4830 3283 4887 Addit
3334 4836 3534 4890 autem
3576 4832 3699 4889 :Et
3728 4832 3802 4893 de

1677 5238 1903 5310 Variae
1940 5235 2268 5310 lectiones
2300 5249 2600 5311 etnotae.

505 5459 620 5533 (64)
652 5457 838 5533 [lanci
875 5459 965 5533 μὶν
996 5456 1173 5513 ἔλαϐον
1207 5466 1270 5516 Δ.

437 5530 829 5678 φθξῗρὸἐνέἓιδίθ
875 5530 1261 5606 χρησαμένων,
1308 5536 1373 5590 ut
1422 5537 1618 5606 antea,
1668 5538 1725 5591 et
1766 5548 1903 5592 mox
1939 5530 2033 5589 δια

508 5674 622 5757 (66)
661 5674 890 5735 Etenim
916 5674 1316 5752 εὐχαριστήσας
1340 5676 1442 5736 illo
1470 5677 1709 5747 inloco,
1742 5691 1865 5736 non
1894 5678 2032 5732 εὐλο-

2138 5467 2315 5538 νήσοις
2342 5462 2567 5538 habent
2596 5461 2775 5520 codd.
2808 5460 3089 5536 Euthym.
3122 5464 3178 5520 et
3202 5459 3302 5521 alii
3321 5458 3624 5538 permulti.

2213 5536 2327 5604 (67)
2350 5536 2451 5589 Kal
2468 5536 2637 5591 abest
2665 5540 2729 5591 Α.

2354 5602 3064 5681 ’Υπερφυῶ-ςὲπαραδίχονται
3093 5611 3158 5663 Α.

2240 5606 2307 5663 68
2354 5606 2648 5680 ’Υπερφυῶς
2664 5606 2951 5681 παραδίχο·

2214 5606 2328 5752 E69;
2367 5675 2577 5758 Σφόδρα
2603 5674 2861 5752 ἀδύνατον
2890 5680 2951 5744 Β,
