4120 6310
644 229 667 288 4
678 232 782 288 255

1965 222 2322 289 summu
2361 224 2688 288 zicABsm
3849 240 3932 302 1,55

619 360 956 432 sanguine,
1001 358 1348 428 signiﬁcans
1385 358 1460 415 de
1494 371 1646 431 pane
1697 372 1769 413 ac
1796 356 2029 428 poculo,
2054 373 2246 430 quam

2321 357 2364 412 A
2398 359 2582 416 τίθησι
2641 356 2701 413 δε
2754 366 2853 415 Καὶ
2933 363 3053 436 περὶ
3108 373 3199 419 τοῦ
3255 367 3510 440 αἵματος,
3573 373 3813 441 σημαίνων
3860 372 3931 443 (70)

638 449 867 506 dictum
898 449 1267 509 est.daturus
1297 453 1422 504 erat
1442 446 1754 518 discipulis
1778 447 1838 502 in
1859 446 2070 502 ultima
2091 462 2282 503 ccena.

641 542 865 596 Rursus
905 543 1109 596 autem
1155 539 1338 595 vitam
1381 537 1521 594 dicit
1558 542 1844 593 aeternam
1878 537 2000 592 sive
2024 535 2283 593 beatam.

710 809 873 864 Vers.
929 809 1013 863 54.
1051 808 1160 874 Qui
1185 813 1573 864 —ceternam.
1605 805 1887 861 Continue
1927 805 1987 860 in
2013 818 2288 860 sermone

634 898 710 954 de
731 897 1116 953 sacramentis
1148 896 1524 959 immoratur,
1547 895 1627 950 rei
1660 895 2066 950 necessitatem
2096 898 2290 949 osten-

632 987 800 1052 dens,
833 993 975 1059 puta
1005 986 1171 1058 quod
1212 986 1322 1041 hoc
1360 985 1608 1040 omnino
1648 984 1769 1038 ﬁeri
1807 989 2093 1056 oporteat.

705 1077 864 1132 Vers.
902 1079 992 1132 δι.
1021 1077 1094 1130 Et
1124 1075 1324 1131 —die.
1345 1075 1562 1130 Crebro
1616 1089 1953 1129 sermonem
1989 1074 2060 1128 de
2089 1072 2209 1128 vita
2235 1076 2291 1128 et

629 1166 1055 1223 resurrectione
1069 1166 1297 1235 repetit,
1320 1165 1566 1235 cupiens
1588 1178 1726 1218 eum
1747 1163 1929 1216 menti
1947 1163 2287 1218 auditorum

631 1255 915 1327 imprimi.
950 1255 1091 1320 Quae
1117 1270 1258 1323 ergo
1287 1253 1462 1308 variis
1501 1253 1559 1307 in
1583 1252 1724 1308 locis
1762 1251 2184 1323 prmmisimus,
2219 1267 2289 1306 ea

632 1359 791 1399 nunc
822 1343 879 1398 in
911 1358 1213 1398 summam
1245 1341 1580 1412 colligenda
1625 1346 1781 1396 sunt.
1815 1343 1889 1395 Ex
1928 1356 2046 1411 quo
2075 1354 2287 1394 omnes

628 1432 902 1490 homines
950 1431 1342 1487 resuscitandi
1407 1435 1564 1497 sunt,
1612 1445 1943 1502 omnesque
1998 1433 2286 1501 perpetuo

628 1523 858 1588 victuri,
890 1521 1210 1592 intelligere
1242 1521 1522 1576 convenit
1575 1521 2063 1575 resurrectionem
2101 1519 2284 1590 justo-

627 1627 761 1668 rum
774 1611 1043 1684 quidem,
1063 1626 1196 1666 eam
1212 1625 1350 1683 quae
1363 1610 1468 1666 erit
1499 1609 1556 1664 in
1578 1608 1881 1675 fruitione;
1903 1613 2282 1680 peccatorum

2397 452 2514 521 περὶ
2571 456 2669 501 τοῦ
2737 451 2899 523 ἄρτου
2960 458 3051 506 καὶ
3103 463 3198 508 τοῦ
3262 461 3526 529 ποτηρίου
3582 459 3617 510 ἄ
3672 459 3856 531 ἔμελλιν,
3894 467 3932 521 ὡς

2399 538 2623 610 εἰρηται,
2693 535 2880 593 δοῦναι
2960 549 3072 604 τοῖς
3153 547 3422 618 μαθηταῖς
3491 549 3541 600 ἓν
3599 556 3668 618 τῷ
3728 547 3930 619 τελευταίῳ

2400 621 2613 696 δείπνῳ.
2665 633 2810 687 Ζωήν
2851 626 2912 683 δὲ
2967 631 3120 684 πάλιν
3158 633 3292 706 λέγει
3343 639 3444 694 τήν
3492 637 3709 704 αἰώνιον,
3753 639 3927 696 ironia

2399 721 2686 788 μακαρίαν.

2466 801 2524 854 Ὀ
2583 835 2644 846 -
2699 807 2922 860 αἰώνιον.
2989 817 3226 883 Συνεχῶς
3290 817 3504 886 στρέφει
3563 817 3648 867 τὸν
3711 821 3812 889 περὶ
3864 826 3923 869 τῶν

2397 899 2702 968 μυστηρίων
2732 895 2900 967 λόγον,
2936 895 3137 960 δεικνυς
3165 905 3224 953 τὸ
3245 904 3529 974 ἀναγκαῖον
3553 910 3643 956 τοῦ
3664 906 3920 976 πράγματος,

2398 983 2478 1033 ὃτι
2503 985 2707 1045 πάντως
2735 988 2974 1056 γενέσθαι
2998 996 3153 1041 τοῦτο
3179 996 3314 1064 χρή.

2471 1077 2572 1125 Καὶ
2608 1104 2678 1114 —
2727 1077 2916 1150 ἡμέρα.
2959 1083 3171 1142 Πυκνῶς
3209 1080 3394 1134 ἱλιττει
3444 1082 3561 1152 (71)
3610 1085 3694 1133 καὶ
3735 1082 3809 1132 τὸν
3845 1085 3921 1151 περὶ

2397 1167 2494 1223 τῆς
2551 1162 2692 1224 ζωῆς
2746 1170 2835 1217 καὶ
2885 1175 2976 1228 τῆς
3048 1166 3384 1233 ἀναστάσεως
3456 1170 3624 1242 )670v,
3690 1169 3920 1242 βουλόμενος

2398 1249 2554 1302 αὐτόν
2614 1251 2902 1307 ἓντυπῶσαι
2952 1263 3014 1314 τῆ
3077 1253 3286 1331 διανοίᾳ
3338 1268 3439 1310 τῶν
3496 1257 3851 1312 ἇικουόντων.⁹Δ
3886 1254 3919 1309 is

2398 1335 2658 1415 διαφόρως
2707 1344 3166 1418 προεστειλάμεθα,
3209 1356 3378 1401 ταῦτα
3407 1357 3497 1401 νῦν
3535 1344 3806 1406 συλλήϐδην
3837 1346 3916 1398 ἀνα-

2396 1429 2786 1500 κεφαλαιωτέον·
2847 1434 2951 1500 ὃτι,
3021 1433 3129 1489 ἐπεὶ
3206 1439 3391 1498 πάντες
3457 1440 3711 1512 ἄνθρωποι
3747 1435 3916 1490 ἀναστη-

2398 1537 2594 1587 σονται,
2644 1526 2733 1573 καὶ
2771 1525 2959 1584 πάντες
2994 1524 3242 1584 ζήσονται
3294 1526 3536 1593 αἱωνίως,
3590 1531 3810 1599 προσήκει
3827 1531 3913 1575 νοεῖν

2395 1606 2700 1679 ἀνάστασιν,
2742 1609 2826 1664 ἐπὶ
2876 1621 2976 1664 τῶν
3026 1610 3244 1667 δικαίων
3275 1619 3368 1688 μὲν
3416 1621 3510 1674 τήν
3562 1614 3642 1668 ἐπὶ
3677 1614 3910 1674 ἀπολαύσει,

625 1716 788 1766 vero,
830 1701 1046 1772 quwin
1086 1699 1400 1772 supplicio.
1457 1701 1709 1754 Rursum
1768 1698 1951 1754 vitam
2004 1703 2252 1755 aeternan

2318 1707 2362 1763 Β
2393 1696 2480 1749 ἐπὶ
2518 1707 2618 1750 τῶν
2661 1699 2977 1772 ἁμαρτωλῶν
3018 1699 3077 1756 δὲ
3107 1708 3200 1762 τὴν
3245 1703 3330 1757 ἐπὶ
3369 1705 3597 1758 κολάσει’
3629 1708 3709 1756 καὶ
3738 1703 3793 1756 αὖ
3817 1702 3908 1762 ζωὲν

621 1790 938 1861 justorum,
998 1806 1123 1845 eam
1156 1806 1290 1862 quae
1343 1789 1450 1843 erit
1498 1789 1558 1843 in
1604 1788 1850 1861 requie:
1897 1793 2281 1860 peccatorum

626 1884 850 1948 autem,
882 1895 1014 1951 quae
1046 1879 1105 1933 in
1124 1879 1451 1934 tormentis.

696 1971 855 2024 Vers.
891 1973 977 2023 55.
1013 1968 1163 2023 Caro
1193 1969 1346 2023 enim
1373 1996 1443 2009 —
1467 1973 1652 2037 potus.
1681 1997 1749 2006 —
1779 1968 1958 2024 Verus
1988 1973 2072 2023 est
2101 1966 2277 2032 cibus,

622 2058 748 2114 sive
779 2059 1144 2126 aptissimus,
1177 2062 1376 2128 utpote
1397 2057 1682 2119 animam,
1706 2072 1839 2128 quae
1868 2057 2282 2129 propriissima

622 2147 874 2202 hominis
889 2162 1026 2218 pars
1051 2152 1156 2212 est,
1184 2147 1448 2200 nutriens
1477 2145 1844 2202 :etsimiliter
1873 2146 1946 2201 de
1965 2147 2274 2215 sanguine.

598 2240 732 2300 .Aut
781 2235 895 2291 hoc
942 2235 1090 2290 dixit
1127 2233 1491 2290 conﬁrmans
1522 2234 1687 2306 quod
1740 2250 1854 2290 non
1888 2234 2276 2306 aenigmatice,

617 2340 811 2398 neque
850 2322 1176 2398 parabolice
1213 2323 1563 2394 lequeretur.

689 2414 860 2472 Vers.
893 2419 979 2470 56.
1023 2413 1136 2480 Qui
1188 2444 1256 2452 —
1307 2411 1424 2467 illo.
1474 2443 1542 2454 -—
1585 2411 1653 2468 In
1684 2428 1772 2467 me
1819 2418 2038 2478 manet,
2079 2411 2279 2468 unitur

619 2505 763 2564 mihi
781 2522 886 2580 per
903 2503 1664 2576 transsumptionem(ux)et
1677 2504 2274 2559 communicationem

616 2613 762 2653 mea:
793 2595 988 2652 carnis
1041 2594 1276 2666 meique
1338 2593 1663 2664 sanguinis,
1709 2597 1765 2648 et
1825 2608 2013 2648 unum
2060 2609 2276 2664 corpus

616 2701 854 2742 mecum
891 2683 1161 2748 efﬁcitur,
1183 2699 1251 2738 ac
1277 2683 1577 2755 particeps
1611 2681 1739 2738 vitae
1764 2697 1895 2754 quae
1932 2683 1991 2736 in
2021 2699 2115 2738 me
2145 2689 2272 2750 est;

613 2774 780 2847 quod
807 2775 856 2830 si
885 2773 979 2829 ille
1004 2774 1062 2828 in
1086 2787 1178 2826 me
1205 2776 1313 2840 est,
1347 2772 1550 2843 utique
1575 2775 1632 2826 et
1659 2787 1772 2839 ego
1814 2771 1873 2826 in
1914 2771 2035 2827 illo.

685 2865 855 2919 Vers.
914 2863 998 2917 57.
1042 2861 1210 2917 Sicut
1245 2891 1309 2900 -—
1340 2861 1603 2915 Patrem.
1658 2862 1837 2924 Sicut,
1903 2864 2004 2932 qui
2038 2878 2275 2935 semper

612 2952 758 3008 vivit
783 2955 968 3016 Pater,
995 2950 1154 3004 misit
1183 2965 1294 3012 me,
1332 2947 1481 3003 itaet
1500 2963 1612 3018 ego
1640 2947 2088 3005 immutabiliter
2120 2952 2268 3018 vivo,

614 3056 686 3098 eo
716 3040 878 3109 quod
926 3057 960 3096 a
1003 3039 1230 3094 vivente
1260 3037 1428 3093 Patre
1482 3044 1660 3092 natus
1687 3055 1840 3093 sum.

683 3131 726 3200 -ι-
757 3129 821 3184 In
851 3128 1255 3199 cognitionem
1280 3142 1392 3182 nos
1423 3125 1666 3196 inducit,
1715 3127 1879 3198 quod
1910 3128 2269 3200 principium

610 3219 852 3285 habeat,
878 3243 880 3247 -
911 3223 968 3274 et
1019 3231 1140 3273 non
1173 3217 1248 3271 sit
1277 3216 1504 3288 absque
1556 3217 1848 3288 principio
1901 3217 2051 3273 sicut
2083 3221 2265 3274 Pater.

605 3311 720 3365 Aut
743 3307 920 3363 etiam
943 3305 1060 3362 alio
1093 3305 1276 3361 modo
1300 3311 1540 3375 prapter
1568 3306 1824 3371 Patrem,
1857 3305 1918 3361 id
1957 3313 2043 3362 est
2072 3326 2084 3363 :
2120 3309 2270 3372 Quia

606 3398 779 3454 Pater
805 3397 939 3452 vivit
965 3414 984 3468 ;
1013 3395 1129 3451 nisi
1168 3394 1441 3450 enimille
1471 3395 1710 3459 viveret,
1747 3411 1939 3467 neque
1978 3411 2090 3466 ego
2117 3397 2269 3453 vive-

602 3501 752 3542 rem.
784 3486 935 3551 Quia
981 3500 1124 3541 vero
1153 3483 1246 3540 ille
1280 3484 1418 3540 vivit
1467 3487 1526 3540 et
1580 3499 1689 3554 ego
1741 3484 1899 3540 vivo.
1944 3487 2009 3540 Et
2034 3485 2147 3540 nisi
2172 3485 2267 3542 ille

599 3576 867 3640 haberet,
904 3589 1280 3646 quaecunque
1308 3573 1507 3638 habet,
1567 3588 1762 3645 neque
1801 3589 1913 3644 ego
1957 3574 2263 3640 haberem,

601 3678 974 3738 quaecunque
1029 3663 1242 3718 habeo.
1294 3662 1600 3734 Siquidem
1669 3663 1842 3718 nobis
1888 3666 2092 3721 omnia
2130 3669 2266 3721 sunt

598 3753 832 3820 eadem,
865 3752 1126 3825 exceptis
1155 3752 1574 3824 personalibus
1599 3752 2083 3825 proprietatibus.

669 3842 833 3899 Vers.
864 3846 954 3899 57.
1013 3843 1090 3898 Et
1141 3872 1201 3883 ~
1259 3857 1368 3898 me.
1407 3842 1931 3907 Quemadmodum
1962 3859 2074 3912 ego
2108 3843 2260 3912 vivo,

599 3933 743 4006 quia
763 3937 938 3988 natus
966 3948 1102 3987 sum
1127 3947 1161 3986 a
1187 3931 1417 3987 vivente
1446 3931 1637 4000 Patre,
1669 3933 1749 3987 ita
1778 3938 1834 3988 et
1872 3933 1969 4004 qui
2000 3935 2118 3988 edit
2147 3951 2260 4000 me,

594 4037 727 4096 ipse
747 4037 990 4094 quoque
1017 4020 1188 4084 vivet,
1204 4036 1275 4075 eo
1301 4019 1466 4092 quod
1483 4036 1575 4076 me
1597 4023 1699 4092 qui
1725 4022 1840 4078 vita
1863 4039 2022 4090 sum,
2055 4023 2260 4090 ederit,

595 4111 908 4182 vitamque
941 4110 1389 4181 participaverit.

666 4199 830 4255 Vers.
862 4198 950 4252 58.
992 4198 1098 4252 Hic
1134 4229 1191 4237 —
1225 4197 1326 4269 qui
1353 4197 1664 4254 descendit.
1700 4200 1820 4266 llic,
1857 4204 2022 4272 puta,
2051 4201 2154 4274 qui
2185 4201 2263 4258 vi-

596 4293 718 4346 tam
747 4291 996 4360 praestat
1025 4287 1473 4358 sempiternam.

670 4377 836 4432 Vers.
878 4377 967 4432 58.
1000 4376 1130 4432 Non
1158 4406 1222 4416 —
1254 4375 1466 4431 mortui
1493 4383 1646 4431 sunt.
1674 4375 1799 4433 Non
1833 4379 2050 4434 mortui
2100 4386 2256 4446 sunt,

589 4467 695 4542 qui
740 4466 912 4522 illum
961 4466 1234 4531 ederunt,
1289 4465 1574 4521 videlicet.
1627 4467 1787 4522 Sicut
1835 4474 2038 4537 patre:
2081 4468 2262 4525 vestri

593 4557 972 4616 comederunt
1011 4571 1227 4611 manna
1258 4560 1314 4612 et
1337 4557 1560 4611 mortui
1577 4565 1746 4623 sunt;
1773 4573 1977 4613 verum
1992 4559 2142 4615 sicut
2169 4559 2249 4627 hi,

565 4648 691 4722 qui
721 4661 947 4702 manna
993 4644 1136 4701 illud
1170 4644 1579 4710 comederunt,
1614 4661 1794 4701 carne
1837 4652 2054 4702 mortui
2095 4657 2249 4714 sunt,

588 4738 669 4794 ita
695 4737 865 4808 etqui
893 4750 1110 4807 panem
1143 4734 1303 4790 hunc
1323 4733 1524 4799 edunt,
1560 4750 1740 4790 carne
1763 4735 2113 4792 moriuntur.
2138 4737 2246 4795 Sed

587 4823 652 4881 hi
683 4823 810 4891 soli,
863 4840 1002 4880 cum
1054 4824 1115 4880 in
1156 4839 1258 4896 spe
1288 4823 1422 4878 vitas
1488 4829 1722 4880 aeterna
1755 4825 2098 4894 moriuntur,
2125 4841 2248 4884 non

590 4912 871 4974 videntur
899 4914 1071 4982 mori,
1113 4913 1220 4970 sed
1247 4912 1610 4970 obdormire.

2390 1790 2480 1860 μὲν
2511 1788 2714 1841 αἰώνιον
2744 1789 2828 1842 ἐπὶ
2857 1799 2957 1842 τῶν
2997 1789 3218 1845 δικαίων
3247 1799 3342 1853 τὴν
3371 1793 3421 1847 ἐν
3453 1793 3740 1861 ἁπολαῦσει,
3768 1791 3832 1845 ἐπὶ
3871 1787 3908 1840 δὲ

2390 1885 2489 1928 τῶν
2510 1877 2826 1951 ἁμαρτωλῶν
2851 1885 2944 1938 τὴν
2973 1880 3020 1932 ἐν
3050 1882 3281 1936 κολάσει.

2459 1965 2514 2019 Ἦ
2575 1971 2675 2042 γάρ
2735 1969 2869 2044 σὰρξ
2931 2001 3001 2011 -
3050 1977 3223 2034 πόσις.
3282 2004 3352 2014 -
3405 1972 3625 2032 Ἀληθής
3681 1969 3780 2039 (72)
3828 1965 3904 2017 ἐστι

2391 2054 2613 2128 βρῶσις,
2681 2061 2799 2116 ἤτοι
2862 2063 3182 2135 κυριωτάτη,
3244 2065 3312 2124 ὡς
3368 2066 3427 2115 τὸ
3483 2067 3767 2135 κυριώτατον
3795 2060 3902 2128 μέρος

2389 2153 2480 2196 τοῦ
2539 2144 2810 2222 ἀνθρώπου
2863 2154 3125 2222 τρέφουσα
3160 2155 3249 2209 τὴν
3292 2151 3496 2224 ψυχήν·
3537 2155 3622 2203 καὶ
3657 2153 3707 2201 τὸ
3733 2148 3835 2217 αἷμα
3861 2140 3899 2194 δί

2389 2235 2596 2306 ὁμοίως.
2638 2235 2707 2289 Ἠ
2748 2245 2913 2290 ταῦτα
2942 2236 3050 2292 εἶπε
3091 2237 3317 2313 βεϐαιῶν
3347 2244 3428 2294 ὅτι
3459 2241 3551 2294 οὐκ
3577 2243 3769 2310 αἴνιγμα
3807 2233 3896 2301 λέγει

2387 2320 2511 2377 οὐδὲ
2548 2314 2871 2400 παραϐολήν,

2455 2413 2513 2466 Ὀ
2545 2445 2612 2455 -
2652 2416 2813 2486 αὐτῷ.
2844 2448 2910 2457 -
2941 2417 3020 2471 Ἐν
3048 2417 3159 2490 ἐμοὶ
3195 2423 3359 2492 μένει,
3411 2419 3602 2472 ἑνοῦταί
3625 2435 3703 2490 μοι
3743 2409 3812 2465 διὰ
3831 2418 3891 2467 τῆς

2385 2503 2715 2576 μεταλήψεως
2762 2510 2845 2557 καὶ
2896 2513 3161 2568 κοινωνίας
3212 2515 3306 2570 τῆς
3355 2507 3486 2581 ἕμῆς
3532 2509 3705 2580 σαρκὸς
3736 2505 3804 2554 καί
3829 2504 3886 2549 τοῦ

2385 2592 2509 2665 ἐμοῦ
2559 2595 2797 2666 αἳματος,
2839 2600 2927 2648 καὶ
2957 2599 3242 2670 σύσσωμός
3272 2617 3364 2670 μοι
3393 2602 3589 2669 γίνεται
3627 2599 3704 2646 καὶ
3732 2595 3884 2663 μέτοχοί

2384 2690 2474 2742 τῆς
2529 2681 2577 2734 ἓν
2617 2683 2730 2756 ἐμοὶ
2761 2685 2921 2746 ζωῆς
2986 2686 3030 2737 εἰ
3060 2682 3110 2738 δ’
3141 2684 3332 2748 ἐκεῖνος
3362 2685 3410 2739 έν
3442 2685 3570 2760 ἐμοὶ,
3596 2686 3766 2740 πάντως
3786 2676 3877 2744 ιάῚώ

2384 2769 2432 2822 ἕν
2462 2771 2623 2841 αὐτῷ.

2457 2863 2640 2921 Καθὼς
2684 2893 2750 2902 -
2792 2867 3016 2936 ﬂurépu'
3072 2865 3256 2927 Καθὼς
3289 2867 3389 2928 ζῶν
3423 2860 3669 2915 ἀπέστειλέ
3690 2875 3738 2929 με
3766 2850 3869 2920 H73.)

2383 2949 2484 3009 ζῶν
2517 2955 2717 3023 Πατὴρ,
2747 2952 2880 3003 οὕτω
2919 2955 3063 3024 κάγὼ
3100 2954 3174 3014 ζὼ
3202 2952 3608 3028 ἀπαραλλάκτως
3648 2945 3724 3000 διὰ
3748 2946 3789 2994 τὸ
3807 2956 3867 3009 7ο·

2312 3065 2351 3119 C
2380 3040 2600 3097 νηθῆναι
2621 3041 2678 3092 ἐκ
2710 3041 2896 3102 ζῶντος
2929 3048 3151 3116 Πατρός.

2449 3127 2670 3201 [Γνῶσιν
2714 3130 2830 3201 (74)
2881 3132 3005 3203 ἡμῖν
3215 3133 3420 3204 εἰσάγει
3464 3136 3552 3183 τοῦ
3590 3131 3711 3199 ἔχειν
3741 3119 3845 3191 ἀρχὴν

2377 3222 2464 3270 καὶ
2527 3222 2597 3289 μὴ
2632 3215 2760 3270 εἶναι
2807 3220 3042 3294 ἄναρχος
3078 3222 3254 3293 ὥσπερ
3315 3223 3341 3273 ό
3386 3224 3576 3293 Ηατὴρ,
3607 3222 3664 3268 Ἥ
3703 3215 3770 3262 καὶ
3800 3205 3854 3255 iti-

2376 3325 2496 3380 ρως.
2550 3309 2644 3359 Διὰ
2697 3311 2756 3360 τὸ
2797 3309 2891 3380 ζῇν
2936 3313 3022 3361 τὸν
3065 3313 3272 3382 Πατέρα
3302 3310 3441 3381 (76).
3467 3309 3524 3362 Εἰ
3550 3311 3615 3379 μὴ
3641 3305 3725 3374 γὰρ
3748 3297 3862 3349 ἐκεῖνος

2377 3395 2486 3461 ἕξη,
2543 3393 2666 3450 οὐδὲ
2708 3397 2807 3469 ἐγὼ
2864 3398 3010 3459 ἕζωνο
3069 3398 3176 3452 ἐπεὶ
3227 3397 3292 3453 δὲ
3329 3399 3513 3460 ἐκεῖνος
3554 3398 3630 3458 ζῆ,
3659 3393 3718 3451 ζῶ
3755 3383 3860 3451 κάἹθ·

2379 3491 2479 3538 Καὶ
2510 3486 2553 3538 αἱ
2597 3491 2669 3558 μὴ
2711 3485 2898 3549 ἐκεῖνος
2929 3485 3068 3561 εἶχεν
3107 3490 3208 3540 ὅσα
3242 3491 3379 3561 ἔχει,
3410 3484 3530 3541 οὐδέ
3556 3483 3642 3554 ἐγὼ
3667 3475 3778 3548 εἶχον
3801 3471 3865 3520 ὅσα

2376 3577 2506 3646 ἔχω.
2541 3575 2662 3629 Ἴσα
2708 3579 2808 3650 γὰρ
2845 3580 2966 3650 ἡμῖν
3017 3580 3204 3644 πάντα,
3257 3583 3429 3653 χωρὶς
3474 3584 3565 3629 τῶν
3607 3563 3864 3645 specum!”

2379 3662 2674 3725 ἰδιοτήτων.
2708 3665 2730 3738 ]

2448 3849 2548 3897 Καὶ
2615 3875 2668 3886 —
2731 3847 2835 3917 ἐμέ.
2879 3844 3077 3920 Ὠσπερ
3133 3845 3232 3918 ἕγὼ
3285 3851 3384 3911 ζῶν
3425 3841 3513 3898 διὰ
3556 3842 3606 3893 τὸ
3636 3827 3862 3920 γεννηθῆναι

2374 3933 2431 3986 ἔκ
2463 3933 2654 3995 ζῶντος
2703 3938 2926 4007 Πατρός,
2975 3934 3110 3987 οὓτω
3151 3939 3242 3987 καὶ
3284 3939 3311 3988 ό
3358 3940 3554 4008 τρώγων
3591 3944 3659 4000 5“"
3695 3917 3860 4008 “2“?”

2377 4027 2614 4086 ζήσεται,
2661 4021 2695 4076 ὃ
2702 4027 2753 4075 ιὰ
2777 4027 2837 4076 τὸ
2864 4030 3076 4098 τρώγειν
3107 4023 3192 4097 ἐμὲ
3217 4032 3318 4086 en‘,
3350 4025 3476 4086 ζωὴν
3511 4021 3584 4072 καί
3609 3998 3856 4087 μεταλαμεα-

2371 4133 2471 4166 νειν
2500 4122 2561 4172 τῆ
2576 4134 2597 4175 ς
2619 4116 2722 4176 ζωῆ
2736 4134 2773 4175 ς.

2443 4203 2606 4264 Οὗτος
2653 4233 2718 4244 —-
2765 4202 3014 4265 καταϐάς.
3069 4204 3255 4272 Οὗτος,
3309 4207 3334 4258 ό
3384 4204 3513 4265 ζωὴν
3551 4196 3713 4250 αἰώνιον
3737 4195 3851 4254 1°?"

2369 4301 2494 4364 γῶν.

2441 4382 2517 4434 Οὐ
2558 4414 2623 4424 --
2682 4380 2950 4437 ἀπέθανον.
3003 4383 3113 4435 Οὐκ
3164 4381 3538 4437 ἀποθανοῦνται
3577 4374 3618 4425 οἱ
3649 4369 3840 4459 τΡώΊῨῖεί

2369 4471 2522 4524 αὐτόν
2581 4467 2840 4529 δηλονότι.
2903 4474 3087 4533 Καθὼς
3147 4475 3338 4546 ἔφαγον
3415 4473 3461 4522 οἱ
3530 4464 3700 4532 πατέρες

2366 4564 2426 4613 τὸ
2478 4562 2644 4632 μάννα
2701 4565 2790 4613 καὶ
2864 4559 3136 4619 ἀπίθανον.
3196 4568 3299 4616 Καὶ
3358 4565 3476 4634 μὴν,
3545 4554 3682 4617 ὥσπφ
3726 4539 3828 4634 οιιῗ

2362 4652 2526 4713 μάννα
2585 4649 2742 4702 ἐκεῖνο
2813 4654 3058 4721 φαγόντες
3112 4649 3369 4704 ἀπέθανον
3429 4655 3488 4720 τῇ
3563 4635 3695 4721 σαρκὶῗ
3739 4628 3818 4721 ay?

2359 4744 2449 4792 καὶ
2494 4740 2543 4790 οἱ
2593 4742 2678 4791 τόν
2737 4739 2893 4812 ἄρτον
2948 4747 3130 4792 τοῦτον
3199 4746 3485 4814 τρώγοντες
3552 4712 3811 4814 imm”?!

2358 4836 2421 4901 τῇ
2486 4833 2664 4902 σαρκί·
2723 4805 2828 4880 ἀλλ’
2887 4829 3032 4882 οὗτοι
3081 4805 3242 4902 μόνοι·
3284 4805 3362 4884 εἰτ’
3404 4819 3566 4880 ἐλπίδι
3611 4813 3704 4902 ζυῆἳ
3740 4805 3823 4902 “ut:

2357 4925 2464 4970 νίου
2529 4915 2961 4990 ἀποθνήσκοντες,
3030 4917 3090 4972 οὐ
3164 4915 3415 4992 δοκοῦσιν.
3481 4901 3712 4964 ἀποθανεῖν»

2358 5009 2569 5062 ὑπνοῦν.

1785 5156 2011 5227 Variae
2065 5157 2394 5236 lectiones
2448 5169 2515 5228 et
2553 5169 2753 5229 notas.

795 5287 1001 5365 Malim
1027 5306 1206 5365 προσμ
1250 5292 1421 5365 αίνων.

657 5360 770 5433 (71)
793 5360 1149 5435 Plerumque
1168 5360 1384 5435 spiritu
1433 5360 1550 5417 leni
1593 5361 1857 5418 scribunt
1891 5362 2153 5432 Codices,
2187 5373 2245 5423 ut

582 5432 680 5490 hic
713 5439 975 5491 uterque.

653 5477 1026 5576 (759333;;
1053 5505 1223 5571 enim,
1252 5520 1373 5560 non
1402 5503 1603 5568 ἀληθῶς
1636 5504 1791 5574 legit.

656 5577 771 5647 (73)
801 5583 910 5628 Ζῶν
943 5578 1156 5632 omittit
1177 5576 1457 5634 A.Malim
1483 5576 1683 5633 tollere
1712 5580 1873 5649 prius
1904 5578 2026 5639 ζῶν.

2446 5294 2536 5370 7t)
2568 5294 2702 5370 Haec
2733 5293 3097 5370 in_margi_n_e
3124 5295 3350 5370 habent
3374 5284 3626 5370 codices]:
3653 5335 3722 5370 mf
3747 5327 3838 5370 Ἠῶ,

2446 5296 2536 5368 74)
2568 5296 2702 5351 Haec
2733 5296 2793 5349 in
2828 5296 3097 5365 margine
3126 5296 3350 5353 habent
3385 5296 3614 5359 c0dices.
3690 5335 3698 5348 ‘
3747 5348 3762 5362 ⁸

2425 5296 2890 5454 ἓῖὣᾘθςιιςηὶυε
2930 5367 3206 5434 reddidit,
3241 5383 3307 5423 ac
3338 5362 3387 5420 si
3415 5353 3626 5428 legerit:
3653 5340 3722 5396 Εις
3753 5345 3791 5398 Ιν

2355 5456 2858 5582 Ἣῶαἶοῗῶῗῖἑέ,
2893 5509 2966 5572 ζῶ
2992 5501 3160 5583 κάγώ.

656 5642 788 5754 (καί)
821 5674 1424 5747 Τναηδειιιηρτίοηεπι.
1449 5673 1534 5730 Ad
1571 5642 1846 5747 verb-um,
1879 5676 2283 5751 participation

2206 5676 2409 5738 ionem.
2451 5675 2874 5754 Μεταλαμϐάνειν
2901 5683 2994 5736 est
3013 5678 3354 5755 participem
3381 5679 3498 5728 esse
3533 5645 3738 5720 alicujus
3761 5642 3833 5689 πει·
