4120 6310
246 252 407 323 les?

255 480 431 555 ἄρτου
471 490 556 538 καὶ
602 492 718 561 περὶ
771 497 866 551 τῆς
911 494 1044 553 ζωῆς
1093 493 1250 565 λόγῳ,
1306 500 1573 565 γινώσκων
1629 502 1713 550 τόν
1775 500 1863 569 μὲν

258 567 569 642 ἀναγκαῖον,
606 580 698 634 τὴν
758 574 816 630 δὲ
850 579 1090 650 γλυκεῖαν
1122 591 1231 645 τοῖς
1282 583 1568 659 ἀνθρώποις
1618 607 1630 619 ·
1661 592 1745 639 τὸν
1776 590 1864 658 μὲν

263 667 570 731 σωματικόν
623 667 772 737 ἀρτον
819 676 929 729 τοῖς
978 681 1307 743 σωματικοῖς,
1383 678 1467 726 τόν
1531 673 1590 728 δὲ
1639 696 1867 748 πνευμα-

262 753 415 800 τικόν
453 760 561 814 τοίς
622 767 1033 828 πνευματικοῖς·
1067 766 1155 813 καὶ
1232 767 1326 820 τὴν
1400 767 1489 835 μὲν
1563 770 1865 837 σωματικὴν

266 839 411 897 ζωὴν
437 847 543 903 τοῖς
574 854 907 916 σωματικοῖς,
935 853 1027 906 τὴν
1050 846 1109 901 δὲ
1133 858 1485 924 πνευματικὴν
1512 861 1616 914 τοῖς
1644 874 1867 926 πνευμα-

263 935 453 987 τικοῖς.

342 1018 521 1070 Ταῦτα
550 1051 617 1060 -
652 1026 851 1075 ἀκούειν
878 1042 890 1092 ;
924 1057 991 1067 -
1018 1028 1237 1101 Σκληρός
1270 1030 1425 1099 ἐστιν,
1451 1036 1567 1090 ἤτοι
1592 1028 1865 1105 δυσπαρά-

267 1099 455 1168 ὃεκτος
484 1108 635 1172 οὗτος
665 1113 689 1161 ό
717 1111 863 1183 λόγος
889 1116 913 1166 ὁ
944 1124 1035 1168 τοῦ
1062 1126 1273 1192 τρωγειν
1301 1120 1455 1172 αὐτόν
1481 1138 1494 1151 ο
1527 1126 1619 1181 Τίς
1650 1118 1868 1173 δύναται

265 1193 426 1246 αὐτόν
464 1196 869 1271 παραδέχεσθαι
919 1221 932 1270 ;
982 1205 1047 1257 Οἱ
1103 1215 1255 1259 τοῦτο
1288 1205 1344 1260 δὲ
1376 1209 1596 1270 εἰπόντες
1635 1212 1868 1281 μαθηταὶ

265 1285 361 1353 μὲν
394 1284 555 1337 αὐτοῦ
606 1285 759 1353 ἦσαν,
820 1291 913 1344 οὐκ
962 1292 1016 1345 ἐκ
1051 1303 1151 1346 τῶν
1200 1293 1409 1349 δώδεκα
1441 1294 1521 1367 δὲ,
1556 1297 1661 1350 ἀλλ’
1685 1298 1739 1350 ἐκ
1771 1308 1869 1350 τῶν

267 1369 649 1444 ἑϐδομήκοντα.

341 1466 484 1525 Τινὲς
539 1464 598 1517 δὲ
648 1487 802 1538 φασιν
858 1471 937 1522 ὅτι
968 1470 1019 1522 ἐκ
1069 1482 1169 1525 τῶν
1201 1474 1359 1535 illa);
1416 1477 1527 1547 (77)
1584 1479 1870 1549 μαθητευθ-

268 1554 430 1621 μένων
472 1553 630 1624 αὐτῷ.
668 1557 849 1610 [Ιολλοὶ
901 1562 1001 1633 γὰρ
1048 1568 1136 1614 καὶ
1176 1564 1337 1636 ἕτεροι
1384 1565 1699 1623 ἠκολούθουν
1731 1568 1868 1637 αὐτῷ

268 1640 533 1704 πολλάκις.
584 1645 854 1707 Μέλλοντες
893 1646 979 1700 οὖν
1032 1649 1313 1723 αποπηδᾲν
1361 1655 1871 1727 ὑπεραπολογοὼται

1322 269 1690 336 COMMENT.
1735 274 1805 335 IN
1842 270 2190 338 JOANNEM.
2236 313 2301 322 —
2340 278 2497 337 CAP.
2523 276 2614 339 VI.

332 390 395 443 Ὀ
445 425 508 433 -—
566 395 746 452 αἰῶνα,
793 395 995 462 ’Ῑκανῶς
1067 398 1356 477 ἓνδιέτριψε
1441 414 1513 476 τῷ
1596 413 1716 482 περὶ
1770 414 1861 459 τοῦ
1895 412 1941 462 Α

3478 280 3625 337 1258

2050 411 2203 463 Vers.
2240 408 2325 462 58.
2357 408 2468 474 Qui
2518 438 2587 447 —
2633 413 2943 464 aeternum.
3004 404 3209 462 Merito
3263 409 3529 465 sermoni
3556 409 3633 466 de

1979 513 2134 568 pane
2160 513 2229 553 ac
2242 496 2315 551 de
2331 497 2813 553 vitaimmoratus
2846 502 2953 562 est,
2988 495 3366 552 sciensillum
3386 497 3633 569 quidem

1978 585 2572 653 necessarium,hane
2589 600 2725 639 vero
2739 584 2975 640 dulcem
2989 584 3335 639 hominibus
3368 602 3382 640 :
3411 602 3634 657 panem

1979 690 2179 730 sauem
2193 674 2563 745 corporalem
2589 673 3018 745 corporalibus,
3036 674 3406 745 spiritualem
3432 680 3636 731 autem

1978 763 2415 833 spiritualibus:
2442 763 2706 817 similiter
2734 768 2790 818 et
2819 763 2997 818 vitam
3028 762 3401 835 corporalem
3432 779 3636 835 corpo-

1976 852 2223 921 ralibus,
2252 852 2613 924 spiritualem
2637 868 2778 908 vero
2806 851 3240 924 spiritualibus.

2050 1033 2212 1086 Vers.
2242 1030 2331 1085 59.
2366 1032 2512 1087 Haec
2574 1063 2642 1070 —
2692 1033 2845 1087 Vers.
2906 1031 2994 1086 60.
3041 1032 3250 1086 audire
3289 1031 3316 1085 ?
3346 1062 3415 1071 —
3441 1031 3636 1087 Durus

1980 1126 2082 1184 est,
2116 1120 2230 1175 hoc
2256 1125 2361 1185 est,
2394 1136 2551 1189 asgre
2588 1120 2819 1175 admitti
2851 1124 3059 1191 potest,
3087 1121 3184 1176 hic
3214 1136 3421 1185 sermo,
3464 1125 3632 1191 puta,

1979 1208 2053 1263 de
2078 1208 2213 1279 ipso
2239 1210 2611 1265 comedendo
2646 1209 2813 1280 ;quis
2844 1210 3017 1265 illum
3059 1216 3244 1278 potest
3271 1210 3584 1266 admittere
3607 1209 3635 1264 ’ἲ

1981 1296 2089 1360 Qui
2142 1311 2281 1351 vero
2320 1296 2434 1351 hoc
2460 1295 2759 1361 dicebant,
2812 1312 2842 1351 e
2874 1296 3180 1368 discipulis
3228 1296 3475 1368 quidem
3505 1298 3636 1368 ejus

1979 1390 2165 1450 erant,
2193 1400 2315 1440 non
2350 1390 2547 1440 tamen
2579 1401 2608 1438 e
2635 1386 2973 1452 duodecim,
3007 1385 3110 1440 sed
3142 1401 3173 1440 e
3199 1386 3596 1457 septuaginta.

2051 1473 2301 1536 Quidam
2337 1489 2475 1529 vero
2500 1489 2571 1527 ex
2593 1473 2684 1528 liis
2713 1473 2893 1528 fuisse
2926 1473 3111 1539 aiunt,
3146 1475 3240 1545 qui
3278 1474 3425 1529 alias
3456 1474 3534 1530 ab
3566 1490 3636 1531 eo

1980 1562 2173 1617 edocti
2204 1567 2370 1616 erant
2410 1578 2593 1617 :nam
2629 1568 2683 1616 et
2730 1562 2829 1616 alii
2874 1562 3040 1616 multi
3070 1562 3403 1633 frequenter
3429 1578 3635 1633 seque-

1981 1652 2197 1707 bantur
2228 1651 2415 1705 illum.
2442 1652 2548 1715 Qui
2571 1666 2710 1720 ergo
2737 1651 3052 1707 discessuri
3089 1650 3640 1715 erant,sibiseilicet

273 1724 429 1785 δῆθεν
461 1731 671 1787 ἑαυτῶν.
736 1734 884 1788 Ἔδει
930 1735 987 1790 δὲ
1028 1740 1211 1800 αὐτοὺς
1270 1740 1531 1814 ἀναμεῖναι
1588 1748 1675 1795 τόν
1710 1764 1869 1816 προσ-

1990 1740 2529 1811 patrocinabantur,
2550 1757 2684 1794 cum
2717 1740 2913 1812 potius
2957 1740 3327 1795 convenienti
3371 1744 3638 1811 tempore

270 1821 459 1873 ἡκοντα
486 1826 684 1895 καιρόν,
708 1830 796 1877 καὶ
825 1829 1081 1879 πυθέσθαι
1109 1835 1225 1901 περὶ
1257 1838 1348 1882 τοῦ
1375 1828 1651 1893 δοκοῦντος
1674 1829 1871 1905 δυσχε-

267 1916 388 1981 ρούς
416 1915 503 1962 καὶ
537 1916 607 1979 μὴ
642 1913 980 1986 ἀπαγορεύειν
1027 1934 1039 1946 '
1075 1917 1208 1969 οὕτω
1238 1922 1335 1992 γὰρ
1377 1922 1425 1971 οἰ
1463 1917 1674 1972 δώδεκα
1704 1925 1871 1993 μαθη-

268 2002 355 2048 ταὶ
386 2005 725 2058 πεποιήκασι.
760 2006 1010 2060 Μαθητοῡ
1049 2009 1149 2078 γὰρ
1199 2008 1514 2079 εὐγνώμονος
1556 2009 1868 2085 ἀπεριέργως

264 2087 437 2139 πάντα
469 2085 725 2159 δέχεσθαι
746 2094 809 2143 τὰ
832 2102 919 2143 τον
944 2090 1292 2160 διδασκάλου,
1326 2103 1410 2148 καί
1437 2106 1619 2172 καιροῦ
1650 2099 1870 2151 καλοῦν-

264 2194 377 2238 τος,
411 2176 629 2239 εὐλαϐῶς
661 2179 851 2254 ἐρωτᾷν
882 2189 1119 2256 περὶτῶν
1149 2184 1555 2258 ὑπερϐαινόντων
1585 2193 1676 2246 τὴν
1707 2188 1867 2240 αὐτοῦ

264 2260 525 2320 διάνοιαν.

342 2350 505 2415 Εἰδὼς
540 2388 592 2396 -
645 2355 983 2420 σκανδαλίζει
1017 2378 1029 2428 ;
1070 2367 1169 2414 Καὶ
1201 2366 1301 2437 γὰρ
1360 2370 1624 2419 καὶτοῦτο
1658 2376 1748 2428 τῆς
1775 2369 1866 2419 αὖ·

263 2449 356 2493 τοῦ
385 2444 624 2508 θεότητος
666 2444 948 2515 ἀποδειξις,
991 2454 1048 2501 τὸ
1080 2454 1147 2503 τὰ
1200 2450 1469 2527 ἀπόρρητα
1498 2454 1672 2516 αὐτοῖς
1704 2460 1866 2529 φέρειν

266 2530 342 2590 εἰς
397 2536 575 2604 μέσον.
641 2538 766 2588 Καθ’
845 2537 1059 2601 ἑαυτοὺς
1112 2542 1213 2614 γὰρ
1291 2540 1595 2616 ἁπορρὴτως
1651 2544 1868 2615 ἐγόγγυ-

271 2620 381 2679 ζον.

343 2709 457 2761 Ἐὰν
488 2742 558 2749 -
604 2717 849 2786 πρότερον
877 2732 889 2780 ;
920 2720 1099 2768 Λείπει
1136 2719 1213 2781 τὸ,
1264 2721 1326 2769 Τί
1374 2716 1531 2789 ἐρεῖτε
1560 2736 1572 2786 ;
1604 2719 1778 2790 Ἔλεγε
1810 2718 1868 2774 δε

268 2802 385 2869 περὶ
437 2807 532 2860 τῆς
591 2799 636 2859 ἐς
686 2802 901 2871 ὕστερον
951 2804 1022 2864 εἰς
1078 2805 1291 2878 οὐρανόν
1328 2804 1629 2877 ἀναλήψεως
1685 2808 1865 2864 αὐτοῦ.

275 2885 662 2955 Ἀναϐαίνοντα,
694 2898 753 2960 τῇ
795 2890 1177 2963 ἀνθρωπότητι.
1210 2893 1377 2946 Ὀπου
1408 2891 1467 2952 ἦν
1500 2900 1557 2947 τό
1604 2900 1869 2970 πρότερον,

361 2975 584 3033 θεότητι.
603 2977 660 3029 Ὀ
681 2981 781 3053 γὰρ
808 2977 1091 3053 δυνάμενος
1113 2987 1205 3039 τὴν
1230 2985 1402 3058 σάρκα
1423 2987 1615 3042 ταύτην
1638 2986 1872 3059 οὐράνιον

270 3079 536 3137 ποιῆσαιν,
569 3071 791 3127 δύναται
820 3079 1022 3139 παντως
1048 3078 1205 3136 αὐτὴν
1250 3085 1338 3132 καὶ
1371 3086 1560 3153 τροφὴν
1593 3081 1870 3155 ἀνθρωπων

269 3162 692 3233 ἀπεργάσασθαι.

337 3253 404 3301 Τὸ
450 3260 651 3324 πνεῦμα
691 3284 756 3292 -—
789 3251 959 3308 οὐδέν.
1022 3263 1230 3329 Πνεῦμα
1275 3258 1409 3329 λέγει
1458 3266 1544 3309 νῦν
1604 3263 1660 3311 τό
1718 3281 1865 3312 πνευ-
1904 3251 1942 3303 C

272 3348 499 3400 ματικῶς
584 3349 713 3393 νοεῖν
769 3346 834 3394 τὰ
898 3344 1137 3417 ῥηθέντα.
1207 3345 1429 3418 Ὀριοίως
1488 3344 1547 3399 δὲ
1572 3356 1661 3399 και
1694 3350 1865 3423 σάρκα

268 3430 324 3478 τό
357 3438 612 3502 σαρκικῶς
663 3438 790 3482 νοεῖν
845 3432 1012 3484 αὐτοῦ
1044 3434 1101 3485 οὗ
1169 3438 1268 3507 γὰρ
1303 3441 1419 3510 περὶ
1467 3444 1557 3508 τῇς
1605 3438 1862 3497 ζωοποιοῡ

273 3520 460 3587 σαρκὸς
514 3518 673 3569 αὐτοῦ
725 3528 812 3571 νῦν
872 3522 895 3571 ό
944 3521 1105 3592 λόγος.
1170 3530 1305 3582 Φησὶ
1351 3529 1524 3575 τοίνυν
1569 3527 1735 3577 ὅτιτὸ
1771 3530 1860 3597 μὲν

269 3614 625 3675 πνευματικῶς
651 3616 779 3659 νοεῖν
827 3618 993 3661 ταῦτα
1031 3612 1168 3671 ζωὴν
1216 3617 1438 3686 παρέχει
1490 3618 1576 3670 τόν
1627 3613 1859 3685 ἀνωτέρω

267 3690 542 3761 λεχθεῖσαν
592 3712 603 3723 ·

270 3779 361 3831 λεί.

662 3699 722 3747 τό
771 3694 830 3749 δὲ
885 3709 1147 3771 σαρκικώς
1202 3708 1329 3752 νοεῖν
1383 3702 1517 3753 αὐτὰ
1559 3699 1708 3754 οὐδὲν
1735 3703 1859 3774 ὡφε-

336 3873 411 3922 Tu
451 3871 663 3945 ῥήματα
707 3906 775 3913 -
832 3874 965 3933 ἐστι.
1027 3882 1355 3949 [Ινευματικά
1387 3878 1498 3930 ἐστι
1546 3886 1635 3932 καὶ
1677 3881 1856 3954 ζωηρά

269 3959 376 4011 ἐστι
405 3978 416 3989 '
452 3958 535 4013 διό
564 3968 675 4036 χρὴ
723 3968 793 4035 μὴ
825 3964 995 4027 ἁπλῶς
1036 3966 1102 4025 εἰς
1134 3966 1267 4018 αὐτὰ
1298 3966 1501 4036 βλέπειν
1537 3987 1549 3997 °
1582 3978 1734 4021 τοῦτο
1754 3972 1855 4043 γάρ

268 4048 376 4101 ἐστι
406 4052 463 4101 τὸ
514 4060 771 4123 σαρκικὼς
817 4061 944 4105 νοεῖν
979 4069 992 4084 ⁶
1037 4054 1142 4106 ἀλλ’
1182 4056 1497 4131 ὑψηλότερον
1554 4078 1606 4110 τι
1671 4062 1857 4130 φαντά-

269 4139 468 4203 ζεσθαι,
523 4145 611 4191 καὶ
662 4149 772 4201 τοῖς
821 4139 967 4194 ἔνδον
1015 4143 1297 4217 ὀφθαλμοῖς
1344 4147 1480 4199 αὑτὰ
1526 4151 1857 4200 κατοπτεύειν

267 4230 334 4287 ὡς
397 4234 667 4303 μυστήρια
729 4245 743 4260 ⁶
798 4240 949 4284 τοῦτο
1029 4235 1128 4305 γάρ
1182 4233 1294 4287 ἔστι
1363 4240 1421 4288 τό
1501 4246 1858 4308 πνευματικῶς

263 4324 410 4367 νοεῖν.

336 4405 468 4458 Ἀλλ’
504 4438 563 4446 —
595 4408 767 4464 αὐτόν.
798 4413 875 4463 Οὔ
910 4417 1061 4484 μόνον
1089 4417 1175 4471 τὴν
1202 4418 1514 4484 πρόγνωσιν,
1546 4412 1673 4466 ἀλλά
1697 4417 1859 4467 καὶτὸ

1982 1830 2343 1884 remansiSse
2377 1830 2492 1900 (yy)
2518 1829 2837 1900 oportuerit
2858 1844 2928 1884 ac
2958 1828 3234 1884 obedisse
3263 1830 3323 1884 in
3353 1845 3443 1894 eo,
3475 1830 3639 1900 quod

1982 1917 2219 1973 difﬁcile
2252 1918 2563 1974 videbatur
2589 1924 2645 1973 et
2673 1934 2793 1973 non
2825 1918 3367 1989 desperasseznam
3392 1917 3472 1973 ita
3492 1918 3641 1973 duo-

1980 2008 2173 2061 decim
2203 2006 2281 2061 illi
2306 2008 2586 2062 feeerunt.
2614 2008 2861 2063 Candidi
2890 2006 3185 2078 siquidem
3218 2005 3497 2078 discipuli
3529 2013 3636 2073 est,

1978 2097 2181 2151 omnia
2196 2096 2836 2167 quaejubetprteceptor
2865 2096 3094 2166 absque
3122 2096 3456 2151 curiositate
3487 2096 3641 2151 exci-

1978 2200 2135 2256 pere,
2166 2192 2220 2239 et
2253 2185 2346 2239 ubi
2380 2201 2503 2239 sese
2534 2185 2705 2240 offert
2734 2185 3171 2256 opportunitas,
3201 2185 3531 2240 verecunde
3563 2186 3638 2241 de

1976 2273 2070 2327 his
2098 2274 2477 2341 interrogare,
2507 2290 2639 2343 quas
2656 2274 2784 2343 ejus
2812 2272 3104 2327 excedunt
3127 2272 3598 2342 intelligentiam.

2048 2363 2209 2416 Vers.
2245 2363 2332 2418 6t.
2381 2361 2566 2417 Sciens
2617 2393 2681 2401 —
2730 2362 3086 2430 offendicula
3136 2360 3163 2415 Ὺ
3216 2363 3358 2417 Sane
3416 2367 3473 2416 et
3521 2361 3638 2417 hoc

1976 2450 2342 2505 divinitatem
2356 2450 2487 2519 ejus
2510 2450 2979 2515 demonstrabat,
2998 2455 3144 2521 puta
3164 2466 3299 2522 quae
3323 2450 3487 2522 apud
3503 2449 3638 2506 illos

1976 2538 2547 2594 oceultaerantferre
2573 2540 2631 2593 in
2660 2538 2925 2594 medium
2970 2562 2981 2593 :
3016 2554 3159 2593 nam
3208 2538 3442 2595 occulta
3470 2536 3636 2610 apud

1978 2643 2039 2682 se
2063 2632 2602 2683 murmuraverant.

2050 2715 2217 2770 Vers.
2275 2720 2361 2771 62.
2408 2716 2466 2770 Si
2496 2748 2562 2757 -—
2620 2722 2748 2773 erat
2806 2720 2832 2771 ?
2881 2716 3107 2782 Deﬁcit,
3167 2715 3321 2781 Quid
3366 2714 3575 2770 dicetis
3605 2715 3635 2769 ‘I

1982 2804 2263 2875 Loquitur
2275 2812 2469 2860 autem
2496 2806 2568 2860 de
2584 2804 2779 2860 futura
2794 2805 2883 2859 sui
2899 2807 2955 2860 in
2970 2804 3182 2861 coelum
3228 2803 3633 2875 assumptione

1979 2895 2420 2959 Ascendentem,
2441 2895 2643 2967 quoad
2671 2896 3106 2951 humanitatem
3130 2911 3142 2948 :
3166 2894 3268 2949 ubi
3284 2896 3453 2961 prius
3479 2900 3630 2960 erat,

1981 2985 2179 3053 quoad
2212 2984 2606 3039 divinitatem.
2649 2984 2758 3048 Qui
2797 2984 2944 3038 enim
2988 2989 3176 3055 potest
3203 2983 3359 3037 hanc
3388 2997 3633 3038 carnem

1981 3073 2228 3128 reddere
2259 3073 2581 3138 caelestem,
2631 3078 2822 3144 potest
2861 3072 3065 3144 utique
3106 3077 3161 3127 et
3198 3072 3395 3143 ipsam
3428 3070 3632 3127 cibum

1978 3163 2293 3218 hominum
2321 3161 2569 3217 efﬁcere.

2051 3253 2211 3307 Vers.
2269 3253 2353 3306 63.
2384 3251 2637 3319 Spiritus
2685 3250 3115 3320 w—quidquam.
3158 3247 3444 3318 Spiritum
3469 3263 3633 3304 nunc

1976 3340 2515 3397 vocatintellectum
2535 3338 2905 3410 spiritualem
2920 3354 3121 3392 eorum
3138 3353 3273 3408 quae
3289 3336 3442 3391 dicta
3457 3342 3628 3403 sunt;

1974 3430 2242 3485 similiter
2272 3435 2326 3484 et
2356 3444 2617 3490 carnem,
2650 3427 2974 3495 intelligere
3007 3443 3075 3481 ea
3114 3426 3427 3480 carnaliter
3460 3441 3472 3479 :
3508 3441 3631 3481 non

1970 3519 2131 3574 enim
2162 3518 2237 3573 de
2260 3534 2435 3573 carne
2454 3516 2811 3588 ipsius,qu&3
2832 3516 3105 3580 viviﬁcat,
3125 3530 3281 3568 nunc
3312 3529 3506 3569 sermo
3520 3519 3627 3569 est.

1967 3608 2061 3663 Ait
2118 3623 2258 3676 ergo
2310 3624 2321 3661 ε
2384 3607 2517 3659 Haec
2594 3604 2973 3675 spiritualiter
3024 3602 3367 3673 intelligere,
3447 3601 3629 3658 vitam

1969 3697 2209 3767 praebet,
2243 3711 2421 3765 quam
2456 3710 2638 3765 supra
2658 3694 2777 3747 dixi
2813 3716 2823 3745 :
2851 3692 3159 3748 carnaliter
3192 3708 3330 3747 vero
3364 3708 3435 3747 ea
3460 3691 3631 3747 intel-

1965 3788 2145 3854 ligere
2169 3800 2288 3838 non
2318 3783 2561 3854 prodest
2600 3782 2957 3853 quidquam.

2041 3875 2196 3929 Vers.
2230 3874 2317 3927 63.
2366 3873 2550 3927 Verba
2593 3902 2657 3910 -—-
2705 3877 2861 3925 sunt.
2907 3869 3243 3941 Spiritualia
3291 3874 3347 3925 et
3393 3869 3632 3925 viviﬁca

1968 3969 2103 4018 sunt
2136 3979 2148 4016 :
2183 3967 2413 4032 oportet
2444 3975 2700 4030 namque
2760 3974 2879 4014 non
2913 3958 3258 4029 simpliciter
3287 3974 3357 4013 ea
3390 3957 3627 4022 intueri,

1967 4054 2024 4122 id
2052 4052 2206 4106 enim
2255 4056 2345 4105 est
2371 4048 2682 4104 carnaliter
2722 4048 3064 4117 intelligere,
3113 4047 3218 4101 sed
3250 4046 3411 4101 aliud
3458 4046 3625 4118 quid-

1968 4139 2549 4213 piamimaginari,et
2574 4137 2959 4193 interioribus
2989 4135 3176 4191 oculis
3229 4152 3299 4191 ea
3335 4135 3627 4207 aspicere,

1968 4238 2253 4301 tanquam
2297 4228 2599 4300 mysteria,
2652 4243 2792 4282 nam
2842 4227 2956 4283 hoc
2990 4232 3080 4281 est
3131 4225 3515 4297 spiritualiter
3546 4226 3632 4280 in-

1970 4318 2244 4387 telligere.

2042 4407 2207 4463 Vers.
2237 4407 2325 4462 64.
2343 4407 2459 4463 Sed
2478 4438 2545 4446 —
2570 4406 2774 4477 ipsum.
2801 4408 2924 4460 Non
2949 4403 3144 4458 solum
3170 4402 3629 4475 praescientiam,

266 4493 565 4557 ἀνεξίκακον
597 4498 755 4550 αὐτοῦ
789 4496 1071 4567 δείκνυσιν,
1106 4503 1186 4553 ὅτι
1216 4502 1309 4553 οὐκ
1336 4500 1434 4554 ἀπὸ
1460 4510 1552 4554 τοῦ
1578 4505 1860 4573 γογγύσαι,

1990 4497 2077 4552 sed
2126 4502 2182 4551 et
2229 4496 2609 4551 clementiam
2670 4511 2843 4549 suam
2897 4492 3154 4548 ostendit
3213 4491 3404 4562 :quia
3448 4507 3567 4546 non
3596 4509 3632 4547 a

264 4583 369 4637 ἀλλ’
402 4583 454 4647 ἐξ
484 4583 659 4658 ἀρχῆς
685 4606 773 4639 και
803 4589 993 4641 ἄνωθεν
1024 4588 1285 4661 ἐγίνωσκε,
1330 4596 1418 4642 καὶ
1450 4594 1567 4652 τοὺς
1599 4594 1859 4643 πιστεύον-

262 4693 357 4733 τας
398 4679 487 4725 xui
535 4679 655 4736 τοὺς
692 4681 761 4748 μή
798 4680 1151 4746 πιστεύοντας,
1179 4682 1269 4731 καὶ
1300 4680 1436 4752 ὅμως
1467 4688 1643 4740 κοινῶς
1670 4682 1864 4741 πάντας

264 4758 537 4820 ἐδίδασκε.

338 4855 437 4901 Καὶ
469 4883 535 4892 -
562 4872 683 4925 μου.
718 4856 812 4905 Διά
856 4863 1029 4921 τοῦτο,
1091 4862 1237 4908 ποῖον
1299 4874 1311 4923 ;
1346 4858 1440 4909 Διά
1468 4859 1525 4908 τὸ
1563 4854 1690 4909 εἶναί
1720 4877 1865 4919 τινας

266 4938 312 4991 οἱ
352 4939 408 4989 οὐ
438 4945 769 4996 πιστεύουσι.
806 4951 1038 5015 Συνεχῶς
1088 4942 1145 4997 δε
1170 4948 1377 5018 Πατέρα
1402 4945 1586 4997 ἑαυτοῦ
1616 4949 1700 4998 τόν
1735 4956 1862 4998 Θεον

264 5028 525 5100 ὀνομάζει,
569 5026 842 5083 διδάσκων
874 5034 953 5084 ὅτι
1000 5033 1094 5084 οὐκ
1118 5035 1259 5086 ἑστιν
1286 5036 1394 5095 υίὸς
1432 5042 1524 5087 τοῦ
1552 5037 1765 5107 Ἰωσὴφ,
1800 5038 1864 5095 ὡς

262 5115 442 5169 ἐκεῖνοι
471 5120 650 5189 ᾤοντο.

1972 4592 2241 4657 tempore
2267 4601 2383 4656 quo
2418 4599 2791 4639 murmurare
2838 4585 3163 4652 coeperunt,
3216 4595 3421 4634 verum
3454 4580 3633 4635 etiam

1974 4676 2051 4731 ab
2079 4675 2242 4729 initio
2297 4672 2703 4743 cognoscebat
2756 4670 3063 4726 credentes
3107 4676 3164 4724 et
3194 4674 3391 4724 tamen
3425 4684 3635 4723 omnes

1972 4765 2191 4838 pariter
2217 4762 2492 4819 docebat.

2044 4853 2207 4909 Vers.
2238 4853 2323 4907 65.
2358 4853 2430 4905 Et
2477 4882 2546 4891 —
2593 4865 2740 4907 meo.
2770 4850 3107 4920 Propterea,
3172 4848 3315 4920 quia
3376 4847 3639 4904 videlicet

1974 4949 2112 4998 sunt
2148 4942 2419 5012 quidam,
2460 4941 2559 5013 qui
2601 4956 2719 4994 non
2773 4938 3036 4995 credunt.
3094 4938 3383 4992 Continue
3436 4941 3638 4993 autem

1977 5036 2160 5088 Deum
2196 5034 2427 5086 Patrem
2462 5045 2641 5084 suum
2683 5028 2973 5096 nominat,
3015 5028 3260 5093 docens,
3309 5025 3477 5099 quod
3517 5043 3639 5083 non

1978 5122 2053 5177 sit
2073 5120 2227 5177 ﬁlius
2252 5119 2493 5192 Joseph,
2528 5118 2683 5174 sicut
2711 5118 2794 5174 illi
2826 5117 3139 5190 putabant.

1480 5302 1701 5372 Varia:
1741 5302 2067 5373 lectiones
2100 5310 2166 5370 et
2194 5310 2399 5369 notae.

324 5457 433 5529 (77)
459 5455 631 5515 Extra
658 5474 978 5517 numerum
1025 5460 1344 5520 duodecim
1367 5468 1422 5520 et
1451 5462 1860 5537 septuaginta,

1990 5486 2012 5515 ν
2042 5463 2328 5536 τάξειμαθη
2343 5470 2442 5513 τῶν
2480 5460 2849 5520 ἠκολούθησαν
2884 5462 3050 5531 αὐτῷ.

338 5637 463 5711 (yy)
499 5637 878 5695 Convenientc'
908 5648 1161 5711 tempore
1188 5646 1545 5702 remansisse.
1577 5644 1953 5702 Conveniens
2000 5649 2229 5717 tempus
2262 5646 2631 5716 exspectare.

549 5738 767 5795 PATROL
802 5742 899 5796 Gn.
945 5741 1191 5800 CXXIX.

3052 5734 3121 5794 46
