4120 6310
599 299 734 360 4259
1920 289 2266 356 EUTHYMII
2309 289 2640 356 ZlGABENI
3853 307 3996 366 ηερ

666 428 833 485 Vers.
862 430 956 484 66.
999 426 1096 484 Ea:
1126 458 1193 468 —
1223 423 1626 485 ambulabant.
1677 457 1744 468 —
1770 428 1870 483 Ea:
1897 428 2018 493 hoc,
2070 425 2129 481 id
2155 431 2260 489 est,

2443 428 2533 480 Ἐκ
2580 457 2647 466 -
2698 431 3056 498 περιεπάτουν.
3129 462 3187 471 -
3255 433 3341 485 Ἐκ
3421 437 3634 497 τούτου,
3725 432 3846 486 ἀντὶ
3919 444 4003 487 τεῦ

598 517 676 575 ab
701 533 772 574 eo
803 522 1090 588 tempore,
1123 517 1400 573 abierunt
1447 524 1798 581 retrorsum,
1871 517 1984 571 hoc
2010 523 2116 581 est,
2150 515 2225 568 At:

2380 519 2540 568 ἔκτοτε
2572 534 2584 546 ’
2637 514 2865 574 ἀπῆλθον
2919 515 2978 570 δὲ
3035 518 3102 578 εἰς
3148 522 3210 571 τὰ
3262 521 3450 584 ὀπίσω,
3510 526 3692 574 εἶτ-ουν
3770 522 4007 594 ἐπεσχέ-

595 606 762 662 scissi
791 610 934 660 sunt
956 604 1033 660 ab
1056 619 1148 670 eo,
1171 605 1276 677 qui
1293 604 1562 660 videlicet
1583 611 1760 661 antea
1779 604 2213 660 murmuraban

2376 607 2578 662 σθησαν
2609 608 2656 656 οι
2708 603 2942 681 ἀνωτέρω
2996 612 3364 678 γογγὺσαντες.
3416 612 3627 663 Ὀπίσω
3664 609 3730 664 δὲ
3778 618 3890 664 νόει
3918 635 4003 684 μοι

595 695 942 751 Retrorsum
975 698 1176 749 autem
1195 693 1458 764 intelligo
1483 694 1649 760 mihi,
1673 694 1748 749 ad
1780 693 1960 749 vitam
1981 693 2222 765 priorem

2371 698 2458 746 καὶ
2500 697 2584 745 τόν
2629 700 2874 768 πρότερον
2919 696 3040 768 βίον
3093 698 3278 764 αὐτῶν,
3332 700 3404 762 εἰς
3444 700 3497 751 ὃν
3533 701 3700 753 πάλιν
3743 703 3998 774 ὑπέστρε-

597 783 675 840 ad
697 799 882 856 quam
910 782 1132 838 reversi
1161 787 1325 840 sunt.
2370 784 2494 854 ψαν.

664 872 830 928 Vers.
859 876 946 927 67.
973 873 1076 926 Ait
1106 901 1174 911 —-
1204 871 1364 928 abire
1385 873 1412 928 ‘I
1443 875 1567 928 Non
1601 871 1748 928 dixit
1782 889 1798 926 :
1831 871 1999 927 Abite
2027 876 2084 926 et
2113 883 2258 932 vos;

2441 869 2590 925 Εἶπεν
2651 904 2715 911 ——
2768 874 2980 944 ὑπάγειν
3028 893 3042 943 ;
3105 876 3214 927 Οὐκ
3281 874 3416 930 εἶπεν
3485 898 3498 910 ·
3570 879 3848 931 Απέλθετε
3919 903 3995 930 zz:

594 977 738 1020 nam
768 962 831 1017 id
871 961 1208 1034 repellentis
1235 977 1384 1027 esse,
1445 963 1550 1018 sed
1599 962 1810 1017 blande
1851 960 2209 1030 interrogavi

2369 961 2512 1032 ὑμεῖς
2547 976 2558 990 ⁸
2613 969 2766 1012 τοῦτο
2811 967 2910 1034 γὰρ
2976 966 3343 1036 ἀπωθουμένου
3405 976 3466 1026 ἦν
3527 987 3539 999 ο
3601 967 3726 1019 ἀλλ’
3787 969 3989 1040 ὁμαλὲς

585 1051 913 1109 ostendens
943 1051 1048 1105 sibi
1079 1066 1232 1122 opus
1269 1067 1385 1106 non
1432 1066 1568 1106 esse
1616 1052 1948 1106 ministerio
1993 1050 2212 1106 illorun

2369 1051 2626 1122 ἠρώτησε,
2685 1048 2885 1111 δεικνὺς
2928 1054 3008 1103 ὅτι
3054 1053 3113 1104 οὗ
3146 1051 3316 1106 δεῖται
3354 1064 3449 1116 τῆς
3477 1053 3767 1120 διακονίας
3805 1062 3987 1118 αὐτῶν

587 1156 786 1213 neque
831 1155 895 1195 se
973 1139 1417 1196 circumducere
1471 1140 1604 1196 illos
1645 1141 1719 1194 ad
1776 1139 2214 1196 ostentationen

2366 1136 2490 1191 οὐδὲ
2545 1142 2782 1211 περιάγει
2818 1144 3055 1209 τούτους,
3109 1140 3543 1216 ἐπιδεικνύμενος,
3588 1152 3688 1198 καὶ
3722 1150 3815 1199 ὅτι
3853 1146 3972 1199 οὐδε

587 1231 875 1303 quodque
900 1229 1136 1284 nullum
1175 1228 1308 1283 velit
1337 1229 1591 1284 invitum
1619 1230 1887 1285 retinere.
1922 1228 2035 1284 Sed
2062 1244 2214 1300 nequ

2364 1248 2426 1279 να
2449 1233 2519 1300 μὴ
2557 1227 2867 1300 βουλόμενον
2920 1229 3160 1301 βούλεται
3190 1236 3457 1304 κατέχειν.
3514 1237 3657 1287 Οὔτε
3692 1233 3759 1288 δὲ
3791 1233 3988 1288 ὲδεινττο

586 1334 743 1390 aegre
760 1318 884 1374 tulit
901 1323 1001 1374 aut
1015 1318 1319 1388 redarguit
1347 1319 1607 1391 illos,qui
1623 1326 1942 1374 retrorsum
1960 1317 2204 1372 abieran

2363 1319 2618 1380 πάθησεν,
2681 1321 2801 1370 οὔτε
2867 1326 3198 1393 κατηγόρησε
3254 1331 3354 1372 τῶν
3407 1323 3746 1375 ἀπελθόντων
3812 1327 3892 1387 εἰς
3939 1329 3985 1376 τε

582 1407 762 1463 veluti
789 1407 976 1463 facere
1007 1407 1298 1473 solemus,
1327 1408 1610 1464 ducentes
1629 1407 1975 1478 hujusmodi
2003 1407 2209 1461 facturr

2363 1405 2552 1471 ὀπίσω,
2583 1408 2704 1479 ὅπερ
2751 1415 2914 1459 ποιεῖν
2973 1409 3219 1482 εἰώθαμεν
3253 1411 3420 1482 ἡμεῖς,
3462 1419 3890 1485 καταφρόνησιν
3913 1435 3989 1464 και

581 1497 989 1566 contempium
1039 1502 1140 1552 aut
1194 1497 1476 1566 injuriam
1536 1511 1547 1550 :
1623 1501 1765 1568 quia
1795 1496 2001 1551 omnia
2057 1495 2200 1564 glori

2363 1494 2508 1568 ὕϐριν
2563 1500 2621 1547 τὸ
2670 1503 2889 1570 πρᾶγμα
2940 1503 3200 1569 κρίνοντες
3259 1514 3272 1529 ⁸
3339 1497 3476 1552 διότι
3505 1505 3640 1573 μετά
3675 1501 3989 1574 φιλοδοξίας

582 1600 788 1643 amore
814 1585 1078 1640 facimus.

2361 1585 2568 1636 ἅπαντα
2591 1589 2901 1658 πράττομεν.

652 1676 814 1731 Vers.
841 1674 1355 1743 68.Respondit—
1380 1673 1665 1729 abibimus
1686 1673 1714 1727 7
1751 1673 1962 1728 Petrus
1996 1671 2248 1728 fratrum

2432 1676 2715 1748 Ἀπεκρίθη
2754 1707 2808 1716 --
2844 1675 3231 1748 απελευσόμεθα
3256 1677 3349 1742 ;Ὀ
3379 1683 3573 1748 Πέτρος
3595 1682 3622 1731 ό
3651 1681 3786 1752 φιλά
3813 1680 3991 1753 δελφκ

579 1770 832 1830 amator,
859 1779 970 1836 pro
992 1763 1275 1818 fratribus
1300 1763 1586 1818 omnibus
1603 1763 1953 1835 respondet:
1983 1762 2206 1817 Domini

2364 1763 2820 1836 ὑπεραπολογεῑται
2876 1767 3078 1816 πάντων
3134 1775 3232 1817 τῶν
3282 1764 3514 1838 ἀδελφῶν
3548 1785 3561 1796 ⁸
3601 1775 3796 1842 Κύριε,
3870 1778 3991 1831 πρὸς

580 1855 1030 1918 demonstrans,
1086 1852 1252 1924 quod
1293 1851 1564 1907 videlicet
1605 1853 1903 1906 neminem
1966 1851 2198 1906 habean

2364 1858 2473 1904 τίνα
2500 1851 2882 1925 ἀπελευσόμεθα
2915 1871 2928 1920 ;
2960 1859 3029 1906 Τὸ
3059 1859 3188 1928 πρός
3223 1856 3378 1907 αὑτὸν
3411 1856 3771 1931 φιλόστοργον
3807 1861 3991 1933 ἐμφαί-

576 1944 652 1998 ad
666 1959 835 2014 quem
851 1940 1172 1998 abibimus‘l
1187 1941 1600 1996 vehementem
1620 1957 1761 2010 erga
1783 1941 1954 1998 illum
1977 1957 2203 1996 amorei

2357 1963 2452 1993 νων
2493 1944 2573 1994 ὅτι
2600 1941 2692 1993 οὐκ
2721 1945 2913 2014 ἔχουσι
2944 1946 3111 2014 ἕτερον
3137 1952 3438 2016 τιμιώτερον
3465 1948 3652 2006 αὐτοῦ,
3691 1950 3757 2000 οὐ
3791 1961 3984 2021 γονεῖς,

572 2048 754 2104 quem
786 2032 838 2086 ei
863 2035 1238 2104 prteponant,
1273 2046 1394 2085 non
1422 2039 1719 2101 parentes,
1773 2046 1895 2086 non
1925 2037 2199 2099 cognato:

2355 2031 2414 2082 οὐ
2449 2039 2733 2103 συγγενεῖς,
2763 2033 2820 2083 οὗ
2848 2032 3044 2103 φίλους,
3073 2033 3178 2104 οὐχ
3217 2034 3388 2094 cii-Cio);
3409 2054 3526 2087 τινα
3563 2047 3666 2088 τῶν
3709 2039 3981 2092 ἁπάντων.

574 2136 698 2178 non
727 2120 977 2188 amicos,
1009 2126 1084 2186 et,
1131 2124 1192 2174 ut
1240 2119 1426 2174 semel
1473 2119 1693 2186 dicam,
1745 2119 2046 2174 neminem
2093 2119 2201 2174 inte

2354 2118 2481 2173 Εἶτα
2510 2122 2592 2172 ἱνα
2617 2125 2687 2193 μὴ
2717 2117 2848 2193 δοκῇ
2877 2129 3027 2173 τοῦτο
3049 2121 3226 2190 εἰπεῖν,
3255 2126 3318 2184 ὡς
3340 2123 3433 2175 οὐκ
3459 2129 3609 2187 ὄντος
3634 2136 3742 2180 τοῦ
3787 2127 3977 2182 ὑποδε-

572 2225 806 2266 omnes.
840 2208 1061 2264 Deinde
1085 2223 1160 2264 ne
1197 2208 1312 2264 hoc
1336 2207 1556 2264 dixisse
1586 2202 1876 2273 videatur,
1907 2209 2081 2280 quasi
2121 2223 2196 2263 no

1448 2209 1556 2264 isse
1586 2202 1876 2273 videatur,
1907 2209 2081 2280 quasi
2121 2223 2241 2264 non
2353 2209 2563 2281 ξομένου
2590 2210 2800 2274 αὐτοὺς,
2827 2213 3075 2282 ἐπήγαγε.

572 2299 665 2364 sit,
693 2299 794 2371 qui
821 2314 924 2354 eos
955 2297 1262 2369 suscipiat,
1306 2297 1620 2368 subjunxit
1650 2313 1660 2350 :

638 2387 796 2445 Vers.
853 2387 941 2442 68.
983 2387 1168 2443 Verba
1219 2417 1283 2426 -—
1341 2386 1529 2443 habes.
1593 2387 1814 2452 Verba,
1865 2403 1999 2459 quae
2053 2388 2239 2444 vitam

2420 2386 2650 2458 Ῥήματα
2720 2419 2782 2428 ——
2841 2390 3002 2459 ἔχεις.
3059 2389 3290 2461 Ῥήματα
3339 2390 3480 2450 ζωὴν
3557 2393 3789 2448 αἰώνιον
3860 2418 3972 2461 προ-

569 2476 886 2534 concilient
913 2481 1219 2532 aeternam.
1261 2475 1457 2543 Vides,
1499 2477 1661 2548 quod
1726 2476 1903 2531 verba
1928 2492 2046 2531 non
2071 2492 2196 2531 erat

2511 2453 2519 2458 _
2863 2453 2904 2459 ,ν
3150 2453 3159 2461 1
3899 2453 3907 2470 Α

2351 2477 2606 2540 ξενοῦντα.
2643 2477 2800 2550 Ὀρᾶς
2829 2479 2908 2529 ὅτι
2928 2478 2986 2529 οὗ
3018 2481 3083 2530 τὰ
3100 2479 3314 2552 ῥήματα
3337 2476 3399 2538 ἧν
3425 2484 3491 2532 τὰ
3511 2480 3964 2548 σκανδαλίζονται,

568 2583 704 2640 quae
735 2565 1116 2638 praebuerant
1144 2565 1591 2629 oﬂ'endiculum,
1621 2565 1725 2620 sed
1765 2565 2106 2620 auditorum
2153 2582 2195 2619 St

2348 2565 2455 2618 ἀλλ’
2486 2569 2514 2624 ἡ
2570 2566 2854 2639 ἀπροσεξὶα
2906 2576 3006 2618 τῶν
3055 2567 3362 2633 ἀκουόντων,
3422 2575 3511 2621 καὶ
3568 2575 3629 2623 τό
3701 2586 3964 2640 carpinus};

569 2631 874 2727 gnities,et
899 2653 1044 2727 quia
1074 2653 1386 2710 carnaliter
1417 2670 1485 2709 ea
1508 2653 1936 2722 intelligebant,
1964 2669 2081 2708 non
2124 2669 2193 2724 sp

2646 2631 2653 2639 Ι
3353 2631 3357 2633 ”
3779 2631 3788 2649 Ι

2346 2663 2474 2707 νοεῖν
2525 2656 2674 2718 αὐτὰ,
2707 2659 2890 2726 καὶμὴ
2925 2665 3303 2726 πνευματικῶς.
3356 2656 3668 2711 Ἀκόλουθον
3722 2668 3819 2733 μὲν
3870 2667 3953 2735 γὰρ

567 2745 880 2802 ritualiter.
899 2745 1280 2814 Consequens
1295 2745 1511 2798 etenim
1532 2759 1601 2798 ac
1619 2744 2024 2798 necessarium
2047 2744 2194 2798 ruere

2346 2750 2433 2796 καὶ
2487 2743 2762 2814 ἀναγκαῖον
2821 2741 2880 2801 ἦν
2939 2744 3103 2796 ἐκεῖνα
3151 2746 3378 2817 ῥηθῆναι
3438 2744 3531 2799 διὰ
3585 2754 3676 2800 τὸν
3725 2758 3848 2825 περὶ
3877 2762 3949 2803 τον

565 2839 631 2890 ut
665 2834 764 2888 illa
793 2833 1130 2888 dicerentur
1183 2837 1424 2902 propter
1481 2833 1823 2886 Judeeorum
1886 2832 1958 2886 de
2009 2848 2191 2887 mann

2345 2835 2510 2904 μάννα
2533 2833 2682 2904 λόγον
2725 2842 2822 2884 τῶν
2853 2830 3125 2885 Ἰουδαίων
3153 2854 3164 2865 ·
3196 2831 3302 2886 ἔδει
3344 2832 3404 2887 δὲ
3432 2841 3552 2897 τοὺς
3608 2837 3939 2902 ἁκούονταςὶ

566 2937 928 2979 sermonem.
964 2921 1234 2992 Oportuit
1264 2925 1464 2974 autem
1497 2920 1797 2977 auditores
1829 2926 1934 2975 aut
1964 2924 2193 2990 spiritui

2344 2932 2696 2994 πνευματικῶς
2728 2921 2929 2973 ἀκούειν
2989 2923 3141 2990 αὐτὰ,
3197 2925 3226 2982 ἡ
3283 2929 3353 2995 μὴ
3397 2933 3549 2977 τοῦτο
3615 2925 3931 2990 δυναμένους.

562 3011 776 3068 literea
807 3009 1149 3079 intelligere,
1174 3013 1296 3077 aut,
1332 3007 1458 3062 siid
1487 3009 1762 3063 necduin-
1797 3015 2094 3079 poterant,
2141 3010 2189 3064 hi

2346 3009 2601 3083 δέχεσθαι
2630 3015 2718 3083 μὲν
2762 3020 2947 3075 ταῦτα,
2980 3013 3194 3085 ὕστερον
3237 3009 3295 3064 δὲ
3335 3013 3639 3086 φιλομαθώς
3697 3017 3925 3091 ἐρωτξσνι

562 3100 828 3173 primum
857 3097 1165 3170 susceptis,
1230 3097 1618 3168 postmodum
1675 3098 1750 3151 de
1786 3098 1876 3151 his
1921 3098 2189 3167 diligente

1068 3097 1165 3164 Itis,
1230 3097 1618 3168 postmodum
1675 3098 1750 3151 de
1786 3098 1876 3151 his
1921 3098 2233 3167 diligenter
2276 3134 2315 3188 Ο
2342 3104 2695 3176 περὶτούτων.

561 3189 950 3259 interrogare.

633 3278 794 3334 Vers.
822 3277 908 3333 69.
941 3277 1016 3332 Et
1061 3276 1264 3332 —vivi.
1312 3275 1632 3332 Tricesimo
1677 3276 1843 3331 tertio
1885 3276 2057 3346 juxta
2084 3276 2232 3330 Mat-

2416 3283 2513 3332 Καὶ
2551 3311 2611 3318 —
2644 3280 2850 3341 ζῶντος.
2890 3285 2990 3332 Καὶ
3040 3277 3087 3330 ἐν
3131 3288 3203 3330 τῶ
3242 3290 3538 3353 τριακοστῷ
3588 3288 3762 3355 τρίτῳ
3810 3304 3929 3354 κενε-

562 3367 981 3439 thasumcapite
1011 3366 1161 3422 dixit
1188 3366 1346 3421 idem
1377 3383 1389 3420 :
1415 3367 1495 3420 Tu
1518 3381 1574 3421 es
1603 3365 1874 3422 Christus
1904 3365 2091 3420 Filius
2124 3365 2189 3421 Dt

2337 3369 2465 3441 λαίῳ
2491 3374 2581 3422 τόῦ
2603 3371 2736 3420 κατὰ
2759 3371 3023 3421 Ματθαῑον
3046 3372 3101 3419 τό
3129 3369 3250 3420 αὐτὸ
3283 3365 3390 3420 εἶπε
3423 3389 3434 3400 ·
3471 3374 3539 3422 Σὺ
3569 3368 3662 3423 sio
3700 3377 3937 3445 Χριστὸς,

561 3459 684 3514 υίυί
711 3457 779 3512 ³ο.
815 3456 928 3513 Sed
980 3463 1118 3512 tunc
1164 3456 1408 3528 quidem
1462 3455 1726 3510 Christus
1771 3454 1932 3509 illum
1983 3456 2188 3510 beatui

2337 3461 2362 3511 ό
2395 3462 2513 3519 Υἱός
2541 3463 2631 3510 res
2665 3465 2797 3511 Θεοῦ
2827 3465 2917 3509 τοῦ
2954 3460 3138 3519 ζῶντος
3180 3476 3192 3488 ·
3248 3455 3373 3508 ἀλλὰ
3399 3462 3514 3510 τότε
3535 3463 3628 3530 μὲν
3695 3465 3941 3534 ἐμακάρι·

560 3547 908 3620 praedicavit
934 3551 1176 3618 propter
1206 3560 1452 3600 causam
1482 3545 1564 3599 ibi
1588 3545 1808 3599 dictam
1846 3560 1858 3598 :
1895 3560 2048 3598 nunc
2067 3560 2187 3598 verc

2340 3568 2422 3601 σεν
2454 3548 2662 3600 αὐτόνό
2704 3550 2935 3621 Χριστὸς
2974 3543 3068 3598 διὰ
3114 3551 3206 3604 τὴν
3254 3545 3354 3598 ἐκεῖ
3407 3548 3662 3620 ῥηθεῖσαν
3724 3553 3939 3604 αἰτίαν·

561 3635 708 3708 quia
732 3635 1128 3691 communiter
1153 3634 1300 3688 dixit
1329 3650 1340 3687 :
1377 3636 1490 3688 Nos
1524 3633 1891 3688 credidimus
1920 3637 1974 3687 et
2005 3648 2188 3701 cognc

2333 3647 2419 3688 νῦν
2470 3633 2547 3701 δὲ,
2605 3632 2782 3692 ἐπειδὴ
2827 3655 3010 3697 κοινφς
3063 3643 3195 3687 εἶπεν
3244 3636 3324 3688 ὅτι
3378 3641 3815 3710 Πεπιστεόκαμεν
3867 3645 3942 3692 καὶ

561 3725 782 3790 vimus,
830 3728 1070 3796 separat
1094 3722 1171 3779 ab
1215 3723 1324 3778 illis
1359 3723 1716 3790 lscariotem,
1773 3729 2057 3794 tanquam
2097 3722 2188 3791 jar:

2334 3725 2642 3796 ἐγνώκαμεν,
2681 3721 2970 3776 διαστέλλει
3023 3727 3108 3775 τὸν
3139 3724 3480 3795 Ἰσκαριώτην
3512 3724 3597 3776 ἀπ’
3632 3726 3815 3781 αὐτῶν
3843 3727 3938 3788 ἤδη

559 3811 970 3870 ﬂuctuantem.

2336 3815 2488 3867 σαλευ
2496 3819 2689 3886 όμενον.

633 3903 798 3958 Vers.
831 3906 918 3958 70.
951 3901 1272 3972 Respondit
1305 3932 1370 3941 —
1399 3900 1539 3972 elegi
1567 3900 1594 3956 ?
1656 3907 1771 3956 Hoc
1804 3899 2219 3971 interrogative

2403 3905 2687 3976 Ἀπεκρίθη
2747 3933 2814 3943 -
2873 3901 3174 3975 ἐξελεξάμην
3222 3920 3236 3970 ;
3291 3903 3458 3954 Τοῦτο
3513 3903 3630 3955 κατ’
3686 3902 3938 3978 ἐρώτησιν

560 3991 881 4064 legendum
911 3996 1018 4046 est.

2334 3993 2699 4064 ἀναγνωστέον.

632 4080 796 4136 Vers.
825 4084 914 4136 70.
956 4081 1036 4134 Et
1085 4109 1151 4119 —
1191 4079 1350 4134 Vers.
1403 4079 1495 4132 71.
1534 4079 1866 4136 duodecim.
1920 4111 1987 4119 —
2021 4079 2224 4134 Nonne

2406 4087 2605 4134 Καὶ-
2659 4077 2886 4136 δώδεκα.
2920 4111 2988 4120 ——-
3046 4079 3157 4132 Οὐκ
3222 4077 3342 4151 ἐγὼ,
3398 4085 3574 4152 φησὶν,
3640 4084 3778 4154 ὑμᾶς
3823 4087 3930 4142 τοὺς

560 4185 660 4239 ego
693 4183 810 4234 vos,
842 4168 1052 4240 inquit,
1085 4167 1392 4222 duodecim
1424 4167 1566 4237 elegi
1596 4165 1624 4220 ?
1657 4176 1708 4223 et
1737 4172 1939 4222 tamen
1968 4182 2122 4222 unus
2149 4181 2187 4222 θ.

2334 4167 2546 4223 δώδεκα
2583 4170 2885 4242 ἐξελεξάμην
2921 4186 2935 4236 ;
2967 4174 3056 4220 καὶ
3089 4172 3227 4240 ὅμως
3257 4169 3310 4231 ἐξ
3337 4171 3476 4240 ὑμῶν
3507 4171 3601 4236 εἷς,
3665 4169 3817 4224 οὐδὲν
3846 4179 3925 4229 τῆς

560 4256 801 4315 vobisin
829 4257 993 4312 nullo
1043 4271 1178 4312 mea
1221 4255 1455 4326 adjutus
1506 4257 1813 4317 electione,
1865 4262 2060 4327 utpote
2087 4256 2187 4310 libr

2333 4260 2455 4331 παρ’
2505 4259 2628 4332 ἓμου
2665 4259 2879 4330 ἐκλογῆς
2937 4257 3270 4329 ἀπονάμενος,
3323 4260 3388 4318 ὡς
3445 4257 3784 4321 αὐτεξούσιος
3819 4259 3919 4330 (:8)

558 4363 692 4404 rum
723 4345 954 4401 habens
987 4345 1297 4400 arbitrium
1327 4346 1406 4401 ad
1452 4347 1723 4400 virtutem
1755 4353 1810 4399 et
1842 4345 2069 4410 vilium,
2108 4346 2185 4401 die

2331 4354 2454 4424 πρὸς
2477 4348 2660 4422 ἀρετὴν
2690 4353 2780 4400 καὶ
2805 4353 3012 4413 κακίαν,
3045 4344 3288 4408 διάϐολός
3317 4345 3477 4408 ἐστιν,
3509 4351 3674 4418 ἤγουν
3703 4347 3912 4401 dirige}:-

561 4438 727 4494 bolus
789 4443 888 4502 est,
941 4436 1061 4490 sive
1132 4433 1485 4499 diabolicus,
1545 4441 1598 4488 et
1653 4433 1867 4488 diaboli
1926 4437 2188 4492 ministei

2280 4498 2294 4510 λ
2331 4444 2436 4504 κός,
2461 4447 2549 4491 τοῦ
2575 4437 2819 4491 διάϐολον
2848 4438 3128 4510 ὑπουργὸς.
3158 4435 3313 4493 Δῆλον
3344 4431 3431 4487 οὖν
3466 4437 3546 4486 ὃτι
3577 4436 3626 4487 ἐν
3658 4445 3717 4507 τῇ
3749 4454 3907 4508 προαι-

561 4496 1087 4597 δὶεηίίίοᾶῑῖιειᾳυθ
1129 4524 1185 4578 in
1218 4496 1522 4578 voluntate
1551 4540 1619 4577 ac
1650 4522 1934 4578 electione
1963 4523 2188 4581 homini

2271 4497 2297 4551 )
2329 4532 2470 4602 ρέσει
2526 4535 2616 4580 τοῦ
2647 4527 2917 4601 ἀνθρώπου
2949 4532 3114 4577 κεῖται
3171 4527 3229 4575 τό
3286 4526 3547 4586 σώζεσθαι
3608 4526 3638 4583 ἦ
3672 4524 3898 4575 ἀπόλλυσ-

561 4617 741 4672 situin
771 4630 898 4669 esse
918 4621 979 4668 ut
1009 4613 1286 4669 salvetur.
1322 4618 1425 4666 aut
1463 4617 1684 4682 pereat.
2333 4621 2444 4674 θαι,

632 4705 885 4770 Quidam
920 4720 1056 4759 vero
1088 4703 1391 4758 diabolum
1424 4703 1534 4758 hoc
1563 4704 1619 4756 in
1646 4703 1774 4758 loco
1811 4702 2221 4763 intellexerunt

2399 4709 2542 4767 Τινὲς
2571 4702 2630 4757 δὲ
2692 4701 2933 4757 διάϐολον
2961 4709 3048 4754 νῦν
3080 4706 3165 4755 τὸν
3197 4700 3467 4754 ἐπίϐουλον
3499 4701 3706 4757 ἐνόησαν.
3732 4691 3873 4747 Οὐδὲν

557 4795 986 4851 insidiatorem.
1020 4792 1166 4848 Nihil
1202 4807 1344 4861 ergo
1394 4808 1632 4857 novum,
1667 4793 1828 4863 quod
1859 4792 2045 4847 ludas
2079 4810 2184 4850 cun

2329 4795 2444 4867 (79)
2470 4791 2556 4847 οὖν
2586 4798 2759 4846 καινὸν
2783 4793 2829 4845 ἐν
2859 4801 2930 4863 τῷ
2959 4791 3255 4863 ἐκλέγεσθαι
3286 4794 3375 4863 μὲν
3397 4789 3590 4862 ἀγαθήν
3616 4790 3882 4859 προαίρεσιν

557 4885 866 4955 eligeretur
879 4883 1098 4938 bonam
1117 4882 1379 4937 habuerit
1394 4882 1777 4945 voluntatem,
1795 4887 2003 4953 postea
2017 4891 2184 4941 auten

2326 4888 2466 4956 ἔχειν
2498 4888 2584 4936 τὸν
2614 4880 2841 4951 Ἰούδαν,
2874 4883 3088 4952 ὕστερον
3120 4877 3178 4934 δὲ
3229 4878 3616 4954 μεταϐληθῆναι
3656 4884 3820 4931 τοῦτον
3840 4876 3897 4934 ὡς

559 4976 633 5030 sit
661 4974 1022 5038 immutatus,
1053 4978 1341 5043 tanquam
1380 4971 1565 5026 libero
1601 4987 1740 5026 usus
1772 4971 2035 5028 arbitrio.

1053 4978 1341 5043 tanquam
1380 4971 1565 5026 libero
1601 4987 1740 5026 usus
1772 4971 2035 5028 arbitrio.
2326 4973 2677 5036 αὐτεξούσιον.

630 5063 772 5136 Cap.
802 5063 908 5119 VlI.
956 5063 1112 5117 Vers.
1177 5067 1224 5118 l.
1255 5062 1333 5117 Et
1371 5092 1439 5101 —
1489 5061 1832 5132 interﬁcere.
1886 5064 2012 5117 Non
2054 5063 2214 5120 enim

2397 5067 2498 5116 Καί
2529 5061 2938 5115 -ἁποκτεῐναι.
2995 5062 3070 5112 Οὐ
3123 5061 3222 5133 γὰρ
3293 5058 3433 5130 εἶχεν
3499 5057 3614 5129 (80)
3666 5056 3909 5120 ἐξουσίαν,

556 5157 811 5227 poterat,
846 5152 902 5207 id
933 5156 1037 5218 est,
1070 5167 1191 5206 non
1233 5157 1360 5207 erat
1418 5166 1678 5221 securus,
1711 5155 1774 5207 ut
1798 5159 2132 5208 versaretur
2151 5154 2183 5209 i1

2323 5157 2481 5225 ἤγουν
2504 5155 2596 5205 οὐκ
2623 5148 2761 5223 εἶχεν
2788 5147 2970 5203 ἄδειαν
2995 5148 3043 5201 ἓν
3071 5157 3133 5222 τῇ
3191 5144 3430 5221 Ἰουδαίᾳ
3482 5155 3782 5223 περιπατεῖν
3811 5163 3824 5176 ·
3856 5147 3913 5205 ὼς

555 5242 758 5302 Judtea
816 5261 830 5302 :
879 5245 1167 5312 tanquam
1221 5241 1295 5297 de
1357 5239 1600 5296 homine
1640 5240 1800 5296 enim
1878 5240 1990 5296 hoc
2063 5242 2182 5299 dixi

2321 5246 2438 5319 περὶ
2469 5241 2739 5317 ἀνθρώπου
2791 5242 2892 5316 γὰρ
2940 5245 3092 5292 τοῦτο
3150 5235 3283 5293 εἶπεν
3339 5238 3364 5290 ό
3396 5236 3773 5310 εὖαγγελιστής
3809 5253 3828 5273 ο
3855 5235 3921 5297 ὡς

631 5369 683 5410 ³ο
704 5366 899 5425 Matth.
941 5381 1063 5434 xvi,
1099 5369 1187 5423 l6.

1774 5492 2000 5562 Variae
2045 5492 2372 5563 lectiones
2406 5501 2470 5560 et
2503 5503 2702 5560 uotae.

652 5663 744 5736 78)
766 5658 850 5723 Εἷς
876 5657 1062 5736 ἀρετήν
1087 5665 1187 5736 An
2355 5730 2379 5736 _
2399 5662 3124 5736 (80)___Interpretatur_ergo
3148 5656 3466 5736 lectionem
3480 5650 3923 5736 Chryspstomi-

652 5665 721 5718 78
766 5663 850 5723 Εἰς
876 5663 1062 5736 ἀρετήν
1087 5665 1155 5717 A.

627 5663 745 5819 £79;
784 5737 867 5803 Δέ,
894 5732 1218 5810 interponit
1256 5737 1324 5790 Α.

2399 5663 2514 5733 (80)
2545 5663 2963 5734 Interpretatur
2980 5673 3124 5729 ergo
3148 5663 3466 5716 lectionem
3480 5663 3922 5728 Chrysostomi-

2330 5730 2469 5811 εἶχεν
2499 5733 2758 5804 ἐξουσίαν,
2789 5747 2898 5808 pro
2922 5731 3090 5800 ἤθελε,
3129 5746 3310 5806 quam
3335 5734 3490 5789 recte
3514 5727 3632 5787 hoc
3671 5727 3810 5787 loco
3839 5742 3922 5785 re-
