4120 6310
176 329 318 396 1261

1193 321 1562 392 COMMENT.
1607 320 2070 405 INEJOANNEM.
2113 367 2181 375 _
2221 331 2373 390 CAP.
2422 331 2535 390 vu.

3421 331 3565 393 1⁵262

174 468 283 539 γὰρ
339 466 615 537 ἅνθρωπος
662 462 995 517 ὑπεστέλλετο
1041 468 1152 532 νῦν,
1201 461 1260 514 ού
1300 463 1493 533 φεύγων
1531 463 1615 512 τὸν
1648 461 1798 516 θάνα-

1940 459 2314 530 vangelista:
2358 476 2502 516 nam
2532 459 2686 516 sicut
2710 458 2889 516 homo
2924 475 3085 517 nunc
3116 458 3411 533 formidat,
3441 477 3567 519 non

178 575 289 619 τον,
335 553 466 606 ἀλλὰ
497 549 798 626 φειδόμενος
826 561 924 605 τῶν
964 556 1170 624 φονέων,
1202 555 1287 602 καὶ
1320 552 1400 602 ὅτι
1435 554 1576 602 οὔπω
1619 554 1800 624 καιρὸς

183 641 249 701 ἦν
283 651 381 696 τοῦ
412 645 612 703 πάθους
633 641 811 695 αὐτοῦ.
841 637 988 694 Ἔδει
1015 643 1116 713 γὰρ
1147 639 1302 692 αὐτὸν
1327 643 1450 691 ποτε
1479 643 1569 712 μὲν
1591 641 1658 702 ὡς
1681 644 1801 693 Θεὸν

185 736 364 804 μένειν
393 731 700 806 ἀχείρωτον,
727 734 847 783 ποτὶ
869 727 928 783 δὲ
959 733 1027 792 ὡς
1058 731 1324 803 ἄνθρωπον
1355 730 1648 802 ὑποχωρεῖν
1669 728 1804 780 οἰκο-

184 829 437 893 νομικῶς.

260 995 365 1050 Ἦν
415 1028 478 1037 --
539 1001 892 1069 Σκηνοπηγία.
946 997 1086 1056 Αὕτη
1143 996 1423 1070 ἑωρτάζετο
1479 994 1548 1057 εἰς
1597 999 1803 1066 μνήμην

833 1087 893 1144 ἣν
976 1089 1002 1138 ό
1070 1093 1304 1146 Μωϋσῆς
1370 1084 1522 1146 ἔπηξε
1607 1092 1806 1156 πρῶτον

1173 1182 1263 1226 τοῦ
1349 1172 1587 1230 Βεσελεὴλ
1672 1175 1808 1224 θείαν

188 1095 287 1147 τῆς
345 1089 562 1160 ἡμέρας,
637 1087 754 1138 καθ’

185 1181 285 1232 την
375 1177 894 1228 κατασκευασθεῖσαν
978 1177 1078 1227 ύπὸ

189 1270 416 1322 σκηνήν.

265 1350 428 1406 Εἶπον
458 1385 517 1394 -
547 1353 728 1407 αὐτοῦ.
757 1355 824 1405 Oi
845 1360 935 1406 τοῦ
965 1353 1159 1424 Ἰωσὴφ
1185 1355 1311 1417 υἱοὶ,
1335 1359 1425 1404 τοῦ
1452 1353 1589 1404 θέσει
1617 1355 1811 1424 πατρὸς

192 1442 386 1496 αὐτοῦ.

267 1529 547 1589 Μετάϐηθι
590 1561 659 1572 -
704 1539 888 1592 ποιεῖς.
942 1537 1356 1605 Ιιροσποιοῡνται
1389 1533 1477 1601 μὲν
1522 1529 1598 1581 ἐπ’
1632 1528 1811 1600 ἁγαθῲ

199 1619 599 1692 συμϐουλεύειν,
654 1621 721 1680 ὡς
777 1627 1036 1690 συγγενεῖς
1105 1615 1262 1676 δῆθεν
1323 1624 1412 1670 καὶ
1480 1619 1807 1670 οἰκειότατον

196 1712 402 1770 σκοπός
435 1705 493 1760 δὲ
535 1708 707 1768 αὐτοῖς
755 1712 1000 1781 πονηρὸς,
1034 1707 1090 1758 ἐκ
1122 1709 1309 1779 φθόνου
1339 1711 1566 1778 τεχθείς.
1616 1715 1813 1780 Πειρω-

1912 553 2165 604 mortem
2198 549 2449 621 fugiens,
2496 550 2598 604 sed
2643 548 2962 605 homicidis
3015 565 3282 620 parcens,
3336 554 3392 606 et
3421 550 3570 623 quia

1913 647 2148 709 tempus
2167 654 2287 693 suae
2305 639 2600 710 passionis
2613 639 2879 694 nondum
2903 639 3245 696 advenerat.
3269 641 3568 713 Siquidem

1912 728 2366 798 oportebateum
2379 727 2674 783 interdum
2691 727 2929 799 quidem
2947 744 3183 785 manere
3200 729 3572 800 inexpugna-

1913 815 2104 884 bilem,
2141 819 2343 887 utpote
2368 817 2574 882 Deum,
2601 817 2968 890 quandoque
2990 832 3131 873 vero
3154 823 3442 890 tanquam
3464 819 3570 874 ho-

1917 905 2141 960 minem
2173 905 2613 976 dispensatorie
2645 905 2871 961 cedere.

1987 995 2152 1049 Vers.
2185 997 2244 1050 2.
2270 995 2421 1050 Erat
2441 994 2885 1066 ~Scenopegia.
2923 997 3056 1051 Haec
3078 995 3487 1053 celebrabatur
3508 996 3569 1052 in

1918 1084 2270 1139 memoriam
2315 1084 2452 1153 diei,
2485 1101 2602 1155 quo
2633 1085 2894 1154 primum
2935 1085 3126 1140 Moses
3151 1085 3422 1141 divinum
3446 1086 3574 1142 ﬁxit

1919 1173 2266 1242 tentorium,
2299 1174 2463 1245 quod
2494 1189 2528 1229 a
2563 1173 2814 1228 Beseleel
2852 1173 3214 1230 fabricatum
3249 1179 3352 1230 est.

1993 1353 2154 1407 Vers.
2215 1352 2266 1405 3.
2318 1351 2614 1408 Dixerunt
2653 1382 2721 1390 —
2772 1354 2921 1420 ejus.
2989 1352 3112 1408 Filii
3166 1351 3407 1424 Joseph,
3465 1351 3571 1424 qui

1920 1440 2241 1511 adoptione
2279 1445 2448 1510 pater
2477 1441 2606 1510 ejus
2632 1445 2779 1496 erat.

1994 1528 2155 1583 Vers.
2190 1532 2238 1582 3.
2283 1528 2488 1584 Transi
2516 1559 2582 1566 —
2601 1527 2771 1596 facis.
2800 1528 3053 1597 Fingunt
3089 1528 3326 1598 quidem
3354 1528 3573 1584 utiliter

1923 1618 2175 1672 suadere
2201 1621 2485 1687 tanquam
2508 1617 2742 1686 cognati
2777 1621 2832 1671 et
2861 1610 3036 1672 amici
3069 1617 3410 1681 familiares,
3436 1616 3572 1672 ﬁnis

1924 1722 2062 1761 vero
2107 1721 2313 1760 eorum
2363 1721 2577 1776 pravus
2609 1711 2748 1769 erat,
2799 1705 2876 1760 ab
2929 1705 3155 1760 invidia
3191 1706 3514 1777 procedens
3555 1723 3569 1764 :

193 1815 348 1869 μενοι
375 1800 473 1871 γὰρ
497 1804 807 1868 μεταγαγεῖν
833 1805 1010 1849 τοῦτον
1040 1796 1104 1856 εἰς
1133 1801 1226 1854 τήν
1257 1793 1521 1849 Ἰουδαίαν
1555 1798 1636 1848 ἵνα
1668 1796 1812 1848 ἀναι-

1940 1795 2292 1850 :onabantur
2340 1793 2635 1865 siquidem
2689 1794 2855 1848 illum
2882 1794 2942 1848 in
2973 1794 3241 1849 Judmam
3273 1793 3569 1865 pellicere,

193 1888 322 1958 ρεθῇ
359 1888 503 1960 παρὰ
527 1895 624 1938 τῶν
649 1886 940 1946 ζητούντων
968 1885 1266 1937 ἀποκτεῖναι
1298 1885 1472 1950 αὐτὸν,
1503 1885 1813 1957 προϐάλλον-

192 1994 284 2026 ται
317 1978 379 2026 τὸ
413 1972 518 2026 δεῖν
551 1979 640 2026 καὶ
678 1977 800 2036 τοὺς
831 1973 994 2026 ἐκεῖσε
1035 1978 1182 2034 ὄντας
1211 1976 1449 2046 μαθητὰς
1496 1975 1668 2035 αὐτοῦ,
1699 1978 1816 2033 ἤτοι

193 2067 321 2126 τοὺς
378 2063 586 2134 ὄχλους,
635 2067 751 2123 τοὺς
799 2062 846 2114 ἐν
904 2061 1140 2134 Ἰουδαίᾳ
1194 2067 1581 2137 παρεπομένους
1653 2063 1814 2134 αὐτῷ,

196 2154 411 2229 θεωρεῖν
451 2156 514 2204 τὰ
547 2160 741 2225 σημεῖα
771 2152 806 2204 ἃ
836 2159 993 2205 ποιεῖ.

267 2327 468 2390 Οὐδεὶς
511 2359 578 2370 --
629 2327 778 2386 εἶναι.
830 2333 974 2383 Κατὰ
1021 2333 1110 2402 μὲν
1157 2334 1214 2382 τὸ
1261 2334 1556 2403 προχείρως
1598 2333 1812 2402 νοούμε-

184 2439 272 2472 νον
325 2415 546 2471 δοκοῡσι
574 2419 911 2491 παρακνίζειν
943 2419 1098 2470 αὐτὸν
1126 2419 1206 2470 ἵνα
1235 2417 1430 2491 μεταϐῇ
1463 2436 1475 2448 ·
1506 2422 1639 2470 κατὰ
1671 2417 1729 2471 δὲ
1758 2422 1813 2471 τὸ

196 2507 499 2582 βαθύτερον
555 2507 1013 2572 ἀποσκώπτουσιν,
1065 2510 1128 2567 ὡς
1173 2505 1336 2559 δειλὸν
1377 2507 1486 2579 οἶμα
1532 2513 1621 2558 καὶ
1673 2508 1817 2579 φιλό-

197 2594 384 2660 δοξον.
416 2600 485 2650 T6
515 2601 605 2670 μὲν
634 2599 736 2670 γὰρ
787 2594 834 2647 ἐν
865 2603 1078 2668 κρυπτῷ
1121 2615 1172 2647 τι
1219 2603 1381 2647 ποιεῖν
1428 2593 1620 2661 δειλοῦ,
1667 2600 1724 2646 τὸ
1758 2593 1817 2648 δὲ

203 2686 387 2746 ζητεῖν
419 2685 468 2736 ἓν
513 2684 788 2759 παρρησίᾳ
832 2681 978 2753 εἶναι,
1027 2687 1144 2741 ἤτοι
1188 2687 1418 2757 φανερὸν,
1475 2682 1813 2750 ἀπόϐλεπε-ον,

207 2770 508 2846 φιλοδόξου.

291 2950 349 3002 Εἰ
379 2980 444 2989 -
473 2953 675 3021 κόσμῷ.
706 2949 765 3000 Ei
794 2955 959 3000 ταῦτα
989 2949 1054 3000 τὰ
1077 2954 1266 3020 σημεῖα
1289 2956 1470 3011 ποιεῖς,
1501 2954 1590 3001 καὶ
1615 2949 1672 3001 ού
1695 2971 1820 3021 φαν-

208 3039 407 3100 τάζεις,
445 3042 736 3110 φανέρωσον
765 3041 980 3089 σεαυτόν
998 3043 1157 3089 πᾶσιν
1182 3034 1476 3098 Ἰουδαίοις.
1499 3038 1818 3092 Ὑπώπτευον

209 3129 314 3202 γὰρ
346 3131 436 3179 καὶ
467 3127 578 3198 (8i)
611 3129 677 3178 τὰ
708 3134 900 3199 σημεῖα
930 3128 997 3188 ὡς
1025 3131 1331 3198 φαντασίαν,

279 3305 438 3364 Δῆλον
487 3300 574 3357 οὖν
627 3305 854 3355 ἐντεῦθεν
913 3305 990 3356 ὅτι
1040 3311 1234 3376 σημεῖα
1291 3305 1506 3364 ἐποίησε
1562 3306 1728 3369 κάκεῖ,
1788 3308 1821 3359 ἃ

203 3396 376 3446 πάντα
406 3389 734 3465 παρέδραμεν
779 3394 804 3444 6
850 3393 1109 3458 Ἰωάννης,
1144 3394 1316 3467 ὥσπερ
1350 3401 1438 3447 καὶ
1469 3395 1597 3448 ἄλλα
1635 3396 1816 3452 πολλὰ,

209 3478 450 3533 σπεύδων
483 3481 671 3552 μᾶλλον
721 3478 802 3532 ἐπὶ
842 3483 908 3532 τὰ
938 3486 1153 3554 φέροντα
1191 3482 1334 3546 ξένην
1381 3488 1494 3536 τινα
1544 3482 1818 3556 διήγησιν,

209 3575 302 3621 καὶ
335 3570 401 3620 ὧν
438 3571 485 3621 οἱ
515 3569 658 3621 ἄλλοι
707 3568 800 3621 οὐκ
840 3568 1260 3640 ἓπεμνὰσθησαν.
1314 3569 1439 3624 Εἶτα
1483 3573 1616 3645 λέγει
1646 3580 1730 3627 καὶ
1765 3580 1821 3627 τὸ

215 3661 383 3709 αἱτιον
414 3667 508 3719 τῆς
536 3661 777 3719 τοιαύτης
807 3660 1054 3729 ὑποψίας.

285 3832 425 3890 Οὐδὲ
473 3868 536 3876 -
576 3836 747 3888 αὐτόν.
804 3833 937 3888 Οὐδ’
997 3836 1142 3890 αὐτοὶ
1201 3841 1470 3891 ἐπίστευον
1524 3841 1592 3902 εἰς
1649 3843 1817 3909 αὐτὸν,

217 3927 288 3986 ως
327 3925 395 3988 εὶς
443 3931 590 3979 Θεόν.
623 3925 758 3979 Ἀλλ’
801 3927 938 3998 ὅμως
982 3928 1030 3977 οἱ
1077 3934 1163 3978 νῦν
1209 3936 1434 3980 τοιοῦτοι
1475 3931 1690 4000 μεγάλοι
1731 3952 1822 4001 γε-

213 4018 427 4083 γόνασιν
457 4013 693 4086 ὕστερον,
735 4019 824 4066 καὶ
866 4014 1027 4066 πολλὰ
1055 4018 1197 4088 παρὰ
1245 4016 1438 4068 πολλῶν
1488 4020 1613 4092 ὑπὲρ
1663 4020 1822 4073 αὐτοῦ

215 4104 555 4168 πεπόνθασιν,
591 4101 831 4164 Ἰάκωϐος
876 4109 964 4155 καὶ
996 4100 1218 4165 Ἰούδας.
1261 4110 1321 4157 Τί
1359 4103 1446 4157 οὖν
1489 4109 1512 4158 ό
1555 4110 1649 4168 τὰς
1697 4129 1818 4182 καρ-

212 4187 336 4252 δίας
393 4191 558 4242 αὐτῶν
608 4187 792 4257 εἰδώς;
825 4192 935 4244 Οὐκ
976 4193 1177 4265 ἤλεγξεν
1219 4195 1407 4256 αὐτούς
1448 4202 1704 4272 πονηρούς
1733 4204 1822 4251 καὶ

214 4278 538 4347 ἐπιϐούλους,
595 4277 721 4332 ἀλλα
772 4283 1123 4356 μακροθύμως
1175 4281 1506 4358 ἀποκρίνεται
1552 4289 1682 4361 πρὸς
1734 4293 1820 4338 τὸν

218 4372 414 4419 σκοπὸν
443 4368 632 4426 αὐτῶν,

283 4460 439 4528 Λέγει
467 4489 535 4498 -
564 4459 832 4533 πάρεστιν.
862 4458 921 4511 '0
946 4464 1123 4535 καιρὸς
1161 4463 1186 4512 ό
1227 4461 1360 4534 ἐμὸς,
1394 4464 1419 4514 6
1460 4472 1550 4516 τοῦ
1587 4463 1819 4518 ἀπελθεῖν

210 4565 274 4617 με
314 4546 387 4608 εἰς
423 4550 517 4605 τὴν
553 4543 814 4600 Ἰουδαίαν
855 4547 1336 4624 ἀναιρεθησόμενον,
1374 4555 1438 4612 ὡς
1468 4551 1816 4625 σπουδάζετε,

213 4638 356 4688 οὔπω
400 4636 625 4709 πάρεστι
659 4654 669 4665 ·
704 4641 755 4689 τί
803 4656 866 4709 με
913 4645 1235 4710 κατεπείγετε
1282 4644 1382 4714 πρὸ
1433 4650 1523 4694 τοῦ
1579 4646 1817 4696 τοιούτου

211 4731 400 4799 καιροῦ
423 4740 435 4790 ;

281 4809 340 4862 Ὀ
408 4808 466 4864 δὲ
512 4816 694 4889 καιρὸς
744 4846 811 4857 -
862 4817 1084 4888 ἕτοιμος.
1144 4824 1202 4869 Ὀ
1262 4822 1442 4893 καιρὸς
1495 4822 1520 4872 ὁ
1577 4823 1817 4897 ὑμέτερος

212 4897 239 4948 ὁ
269 4905 361 4949 τοῦ
397 4898 629 4953 ἀπελθεῖν
672 4905 806 4975 ὑμᾶς
855 4904 928 4966 εἰς
967 4911 1060 4964 τὴν
1097 4903 1365 4960 Ἰουδαίαν
1413 4912 1633 4962 πάντοτέ
1679 4909 1818 4963 ἐστιν

211 4984 461 5060 εὐχερής.
524 4988 671 5061 Ἐμοὶ
726 4994 816 5063 μὲν
870 4995 971 5068 γὰρ
1027 4992 1300 5068 ἐμποδίζει
1365 5001 1424 5050 τό
1473 5003 1631 5069 μήπω
1687 5019 1816 5073 παρ-

211 5080 337 5127 εῖναι
371 5074 526 5128 αὐτόν
559 5093 573 5108 ⁶
607 5079 728 5151 ύμῖν
779 5077 838 5133 δε
884 5078 1055 5150 οὐδὲν,
1115 5093 1500 5159 συμφρονοῦσιν
1548 5085 1655 5148 ἤδη
1710 5097 1815 5151 τοῖς

210 5159 517 5228 Ἰουδαίοις.

1927 1891 1986 1940 ut
2013 1885 2090 1939 ab
2131 1883 2242 1938 illis
2273 1883 2658 1948 occideretur,
2691 1883 2796 1954 qui
2818 1899 2952 1937 eum
2987 1883 3330 1954 quaerebant
3359 1881 3577 1938 interﬁ-

1924 1990 2075 2029 cere.
2116 1973 2368 2028 Causam
2389 1976 2588 2027 autem
2622 1971 3044 2043 praetexebant,
3082 1971 3247 2043 quod
3277 1977 3578 2043 oporteret

1923 2061 2249 2133 discipulos
2278 2076 2521 2132 quoque
2553 2061 2700 2131 ejus,
2731 2061 2833 2132 qui
2863 2060 2944 2115 ibi
2972 2067 3158 2126 erant,
3195 2061 3318 2116 sive
3350 2061 3574 2127 turbas,

1923 2167 2058 2223 quas
2095 2150 2254 2204 illum
2305 2151 2365 2204 in
2410 2150 2618 2205 Judtea
2658 2149 3082 2222 sequebantur,
3133 2149 3349 2206 intueri
3381 2150 3573 2220 signa,

1921 2255 2055 2311 quae
2084 2238 2210 2309 ipse
2236 2237 2454 2293 ederet.

1993 2328 2156 2383 Vers.
2205 2330 2258 2381 4.
2292 2327 2468 2381 Nemo
2508 2357 2574 2370 -
2618 2341 2752 2382 esse.
2796 2327 2975 2380 Juxta
3020 2325 3347 2382 faciliorem
3410 2326 3576 2382 intel-

1921 2417 2142 2472 lectum
2176 2420 2228 2468 et
2257 2414 2361 2485 qui
2389 2415 2447 2468 in
2475 2421 2760 2485 promptu
2787 2419 2892 2479 est,
2916 2414 3193 2468 videntur
3222 2413 3389 2469 illum
3436 2414 3580 2469 inci-

1924 2511 2047 2560 tare
2073 2509 2131 2557 ut
2172 2508 2427 2558 transeat
2457 2519 2470 2567 ;
2495 2502 2666 2572 juxta
2707 2502 3152 2572 profundiorem
3181 2519 3339 2568 vero,
3375 2518 3581 2558 scom-

1926 2595 2086 2644 mata
2115 2590 2175 2643 in
2207 2589 2679 2658 eumjaciebant,
2705 2596 2994 2660 tanquam
3025 2589 3081 2643 in
3102 2590 3374 2646 timidum
3400 2590 3582 2646 simul

1923 2685 1978 2734 et
2007 2677 2205 2747 gloriae
2236 2677 2544 2748 cupidum.
2599 2678 2906 2750 Siquidem
2956 2679 3018 2733 in
3056 2679 3288 2734 occulto
3334 2681 3582 2752 quidem

1925 2767 2230 2839 quidpiam
2251 2767 2462 2834 facere,
2483 2767 2673 2823 timidi
2703 2773 2790 2824 est
2819 2784 2829 2821 :
2868 2784 3131 2839 quaerere
3160 2774 3358 2825 autem
3387 2770 3584 2841 palam

1925 2873 2076 2926 esse,
2093 2857 2211 2911 sive
2225 2856 2605 2912 manifestum
2621 2856 3039 2926 etgloriosum,
3056 2857 3584 2930 gloriaecupidiest.

1997 2947 2159 3001 Vers.
2215 2947 2267 2998 4.
2323 2945 2388 3001 Si
2433 2977 2501 2985 —
2543 2947 2782 3002 mundo.
2827 2946 2881 3001 Si
2935 2946 3063 3002 haec
3119 2947 3290 3017 signa
3337 2963 3472 3002 vere
3529 2953 3588 3004 et

1927 3051 2048 3092 non
2086 3039 2438 3107 apparenter
2467 3034 2628 3102 facis,
2661 3035 2976 3090 manifesta
3007 3035 3264 3108 teipsum
3301 3036 3587 3092 omnibus

1858 3134 1897 3189 C
1927 3125 2170 3181 Judaeis.
2204 3125 2674 3197 Suspicabantur
2694 3141 2956 3197 namque
2978 3125 3152 3197 signa
3179 3126 3309 3181 haec
3334 3127 3588 3198 phanta‘

1929 3214 2069 3270 stice
2096 3214 2241 3269 fieri.

2000 3303 2143 3358 Hinc
2165 3319 2306 3372 ergo
2340 3303 2714 3358 manifestum
2754 3307 2859 3369 est,
2888 3303 3053 3374 quod
3082 3304 3258 3358 etiam
3294 3303 3375 3358 ibi
3407 3303 3587 3359 mira-

1932 3397 2068 3448 cula
2124 3392 2392 3456 ediderit,
2447 3408 2581 3463 qua:
2635 3393 2838 3446 omnia
2878 3391 3270 3462 praetercurrit
3299 3393 3584 3460 Joannes,

1931 3481 2444 3554 quemadmodum
2477 3482 2595 3536 alia
2621 3480 2816 3550 multa,
2851 3481 3136 3535 festinans
3187 3480 3375 3552 magis
3406 3481 3483 3536 ad
3514 3497 3588 3539 ea

1932 3587 2062 3644 quae
2119 3586 2338 3626 novum
2373 3569 2634 3641 aliquam
2691 3569 3013 3625 aﬂ‘erebant
3071 3569 3496 3638 narrationem,
3530 3578 3586 3626 et

1933 3675 2190 3730 quorum
2229 3658 2324 3713 alii
2368 3658 2592 3712 nullam
2635 3658 2894 3714 fecerant
2949 3659 3327 3714 mentionem.
3367 3659 3586 3715 Deinde

1935 3765 2175 3804 causam
2204 3749 2380 3802 etiam
2420 3747 2561 3801 dicit
2592 3748 2720 3802 talis
2751 3748 3118 3820 suspicionis.

2008 3837 2165 3890 Vers.
2218 3837 2268 3891 5.
2302 3837 2490 3907 Neque
2514 3869 2581 3877 -—
2623 3854 2768 3892 eum.
2801 3840 2999 3908 Neque
3030 3837 3139 3908 ipsi
3170 3837 3494 3892 credebant
3523 3837 3585 3894 in

1933 3943 2092 3994 eum,
2127 3932 2415 3997 tanquam
2448 3928 2503 3980 in
2541 3930 2742 3981 Deum.
2781 3931 3052 3982 Attamen
3083 3927 3416 3999 biquitunc
3443 3927 3586 3984 tales

1933 4022 2118 4081 erant,
2149 4015 2350 4084 magni
2383 4015 2773 4086 postmodum
2805 4015 2994 4070 eti'ecti
3027 4021 3184 4083 sunt,
3215 4017 3522 4088 multaque
3554 4036 3586 4072 a

1932 4106 2134 4160 multis
2161 4121 2266 4176 pro
2284 4104 2382 4159 illo
2404 4105 2562 4175 passi
2583 4110 2738 4168 sunt,
2757 4105 3013 4160 Jacobus
3029 4105 3359 4161 videlicetet
3375 4106 3581 4162 Judas.

1932 4194 2078 4261 Quid
2114 4211 2254 4263 ergo
2280 4194 2347 4262 is,
2387 4195 2490 4265 qui
2518 4211 2727 4249 eorum
2772 4194 2956 4250 corda
2996 4197 3294 4250 noverat?
3323 4195 3450 4250 Non
3497 4211 3584 4250 re-

1931 4283 2239 4355 prehendit
2270 4283 2419 4353 illos,
2445 4289 2734 4355 tanquam
2761 4284 2951 4338 malos
2971 4292 3025 4338 et
3055 4284 3451 4348 insidiatores,
3479 4286 3584 4340 sed

1932 4374 2220 4443 patienter
2246 4373 2571 4444 respondet
2615 4374 2689 4428 ad
2721 4373 3112 4428 intentionem
3145 4373 3436 4444 ipsorum.

2002 4463 2159 4516 Vers.
2189 4467 2241 4516 6.
2272 4462 2376 4517 Ait
2403 4492 2470 4502 -—-
2500 4462 2675 4517 adest.
2709 4465 2984 4532 Tempus,
3037 4477 3157 4532 quo
3188 4462 3481 4525 convenit.
3522 4468 3584 4517 ut

1929 4566 2039 4621 ego
2056 4551 2114 4605 in
2130 4551 2398 4606 Judaaam
2415 4553 2630 4605 vadam
2651 4551 2935 4605 occidend
2949 4550 3113 4614 us,ad
3129 4551 3287 4622 quod
3305 4567 3405 4605 vos
3421 4550 3584 4606 labo-

1927 4640 2093 4703 ratis,
2128 4640 2396 4694 nondum
2418 4639 2586 4694 adest
2621 4656 2632 4692 :
2669 4639 2811 4710 quid
2850 4655 2941 4692 me
2976 4640 3194 4708 urgetis
3218 4645 3354 4694 ante
3381 4639 3585 4710 hujus-

1930 4729 2095 4784 modi
2125 4734 2364 4799 tempus
2397 4727 2424 4781 ‘I

1996 4819 2158 4874 Vers.
2183 4819 2237 4871 6.
2280 4819 2522 4886 Tempus
2544 4824 2736 4873 autem
2755 4848 2822 4857 -
2841 4822 3147 4885 paratum.
3182 4820 3436 4888 Tempus
3460 4833 3583 4888 quo

1927 4923 2030 4962 vos
2068 4907 2128 4961 in
2171 4906 2443 4961 Judaaam
2486 4905 2732 4970 abeatis,
2784 4922 3024 4978 semper
3051 4907 3106 4960 in
3153 4911 3438 4977 promptu
3476 4911 3584 4971 est,

1929 4997 2073 5053 mibi
2090 4995 2520 5068 impedimento
2539 5000 2627 5050 est
2643 5001 2899 5067 tempus,
2913 4996 3078 5067 quod
3097 4996 3369 5052 nondum
3383 4995 3582 5053 adest:

1926 5086 2098 5143 vobis
2122 5089 2320 5143 autem
2354 5085 2498 5141 nihil
2542 5091 2628 5142 est
2653 5084 3103 5158 impedimento,
3135 5102 3275 5142 cum
3301 5085 3431 5158 jam
3465 5103 3587 5145 una

1928 5192 2059 5235 cum
2086 5177 2305 5234 Iudaeis
2335 5175 2620 5234 sentiatis.

1451 5354 1675 5425 Variae
1700 5357 2034 5427 lectiones
2067 5367 2354 5426 etnotae.

218 5551 986 5636 pudiayit'rheophylactus.
1003 5564 1246 5623 Flumen
1261 5569 1548 5626 orationis
1564 5571 1656 5628 hic
1670 5573 1825 5629 abri-

261 5626 346 5714 μὴ
363 5626 876 5714 Chrysostomum,
894 5634 1211 5708 deceptum
1227 5638 1477 5714 fortasse
1495 5626 1624 5700 loco
1637 5626 1821 5703 sim—ili

276 5714 394 5757 arc.
431 5700 508 5770 vi,
538 5701 592 5756 5.
625 5700 868 5778 Largior
913 5700 1070 5766 certe
1101 5715 1226 5769 erat
1266 5712 1504 5772 dicendi
1554 5700 1820 5787 materia,

1934 5573 2304 5649 explicandis
2338 5573 2493 5649 giliis,
2527 5575 2620 5629 οὐκ
2651 5571 2790 5649 εἶχεν
2825 5574 3088 5640 ἐξουσίαν.

2028 5648 2115 5722 81)
2152 5652 2249 5701 Καὶ
2279 5647 2378 5723 γάρ
2409 5653 2465 5704 Β.
