4120 6310
510 259 644 321 ι259
1831 250 2137 318 ΕυΊἩγΜ]

2264 251 2552 317 lGABENl
3740 263 3891 328 ιεθο

577 389 744 446 Vers.
773 391 867 446 66.
908 387 1007 446 Ea:
1036 419 1104 429 —
1133 385 1536 446 ambulabant.
1587 419 1655 429 —
1680 389 1781 445 Ea:
1807 389 1929 455 hoc,
1980 387 2040 442 id
2065 393 2170 452 est,

2354 390 2443 441 Ἐκ
2490 418 2558 427 —
2609 392 2966 460 περιεπάτουν.
3040 423 3097 432 —
3166 394 3252 446 Ἐκ
3331 397 3536 458 τούτου,
3616 393 3734 448 ἀντὶ
3805 404 3899 450 τοῦ

509 477 587 536 ab
611 493 682 536 eo
714 483 1000 549 tempore,
1034 478 1311 535 abierunt
1357 485 1708 544 retrorsum,
1781 478 1894 533 hoc
1920 484 2026 542 est,
2060 476 2136 530 At

2282 481 2450 530 ἔκτοτε
2483 496 2494 506 ·
2547 476 2775 535 ἀπῆλθον
2830 477 2887 532 δὲ
2945 480 3012 540 εἰς
3059 483 3122 533 τὰ
3173 483 3360 545 ὀπίσω,
3419 487 3588 536 εἶτουν
3658 483 3899 557 ἀπεσχί-

506 567 673 623 scissi
702 570 844 622 sunt
866 565 943 621 ab
967 581 1058 632 eo,
1081 566 1185 639 qui
1204 565 1472 622 videlicet
1494 573 1670 622 antea
1689 565 2123 621 murmuraban

2285 569 2488 624 σθησαν
2519 569 2566 618 οἱ
2619 565 2853 642 ἀνωτέρω
2907 574 3275 640 γογγύσαντες.
3326 573 3531 625 Ὀπίσω
3563 570 3624 625 δὲ
3665 579 3777 626 νόει
3805 595 3898 646 μοι

505 656 853 712 Retrorsum
886 660 1086 710 autem
1105 655 1367 726 intellige
1393 655 1559 721 mihi,
1583 656 1659 711 ad
1690 656 1870 710 vitam
1892 655 2132 727 prioren

2281 660 2369 707 καὶ
2411 659 2495 708 τὸν
2540 661 2785 730 πρότερον
2830 657 2949 730 βίον
3003 659 3190 725 αὐτῶν,
3243 661 3315 723 εἰς
3355 661 3408 713 ὃν
3442 661 3596 715 πάλιν
3635 664 3893 738 ὑπέστρε-

507 745 586 802 ad
607 760 793 818 quam
820 743 1042 800 reversi
1071 749 1235 802 sunt.
2280 745 2404 816 ψαν.

575 833 741 889 Vers.
770 837 857 888 67.
883 833 986 887 Ait
1015 863 1084 872 —
1114 832 1274 890 abire
1295 835 1323 890 ?
1353 836 1477 890 Non
1511 833 1658 890 dixit
1693 850 1708 887 :
1741 833 1909 889 Abite
1937 837 1994 888 et
2023 844 2168 895 vos;

2352 831 2501 886 Εἶπεν
2560 865 2626 873 -
2679 836 2891 905 ὑπάγειν
2940 855 2953 904 ;
3016 837 3126 888 Οὐκ
3193 835 3326 892 εἶπεν
3396 859 3408 872 ·
3477 840 3734 893 Απέλθετε
3803 847 3892 893 καὶ

503 939 649 980 nam
679 923 741 978 id
781 922 1118 995 repellentis
1145 938 1294 988 esse,
1355 924 1458 979 sed
1509 923 1720 978 blande
1761 923 2119 992 interrogavi

2279 924 2423 994 ὑμεῖς
2457 938 2470 952 '
2523 932 2676 974 τοῦτο
2722 928 2821 996 γὰρ
2886 926 3254 998 ἀπωθουμένου
3317 937 3378 987 ἦν
3437 949 3449 961 ο
3509 928 3618 980 ἀλλ’
3674 928 3889 1002 ὀμαλῶς

496 1011 823 1070 ostendens
853 1012 959 1067 sibi
989 1027 1142 1083 opus
1179 1028 1294 1067 non
1343 1028 1478 1068 esse
1526 1013 1858 1068 ministerio
1904 1011 2123 1067 illorun

2278 1012 2536 1083 ἠρώτησε,
2596 1010 2796 1073 δεικνὺς
2839 1015 2918 1065 ὅτι
2965 1015 3024 1066 οὐ
3057 1012 3227 1068 δεῖται
3266 1025 3360 1078 τῆς
3388 1014 3656 1080 διακονίας
3692 1022 3881 1082 αὐτῶν,

498 1117 696 1174 neque
741 1117 805 1156 se
883 1100 1327 1157 circumducere
1381 1101 1514 1157 illos
1555 1102 1629 1156 ad
1686 1101 2125 1157 ostentationem

2277 1098 2400 1153 οὐδὲ
2455 1103 2692 1173 περιάγει
2728 1106 2965 1171 τούτους,
3021 1102 3452 1178 ἐπιδεικνύμενος,
3496 1113 3584 1160 καὶ
3615 1111 3700 1160 ὅτι
3738 1106 3884 1161 οὐδε-

497 1192 785 1264 quodque
809 1190 1045 1246 nullum
1085 1189 1218 1245 velit
1246 1191 1502 1246 invitum
1529 1192 1798 1246 retinere.
1833 1190 1946 1246 Sed
1973 1205 2124 1262 nequ

2274 1209 2335 1241 να
2360 1195 2430 1262 μὴ
2467 1189 2778 1262 βουλόμενον
2831 1191 3071 1263 βούλεται
3101 1198 3369 1266 κατέχειν.
3425 1198 3558 1248 Οὔτε
3588 1193 3649 1249 δὲ
3679 1193 3883 1249 ἐδεινο-

496 1295 653 1351 (egre
670 1279 794 1336 tulit
811 1284 911 1336 aut
925 1279 1229 1349 redarguit
1256 1280 1517 1352 illos,qui
1533 1287 1853 1336 retrorsum
1870 1279 2114 1334 abieran

2273 1281 2530 1342 πάθησεν,
2592 1283 2711 1332 οὔτε
2777 1288 3109 1355 κατηγόρησε
3165 1292 3265 1334 τῶν
3319 1285 3637 1337 ἀπελθόντων
3700 1287 3776 1348 εἰς
3824 1290 3883 1338 τὰ

493 1368 672 1424 veluti
698 1368 886 1424 facere
917 1369 1208 1434 solemus,
1237 1369 1520 1425 ducentes
1539 1368 1885 1440 hujusmodi
1913 1369 2120 1423 factum

2273 1367 2463 1434 ὀπίσω,
2494 1370 2614 1441 ὅπερ
2662 1377 2825 1421 ποιεῖν
2883 1371 3130 1443 εἰώθαμεν
3166 1372 3332 1444 ἡμεῖς,
3373 1380 3772 1447 καταφρόνησιν
3798 1379 3884 1426 καὶ

491 1458 900 1528 contempium
949 1463 1050 1513 aut
1104 1457 1386 1528 injuriam
1446 1473 1457 1512 :
1533 1463 1675 1530 quia
1705 1457 1911 1512 omnia
1967 1456 2110 1526 glori

2273 1456 2420 1529 ὕϐριν
2474 1461 2532 1509 τό
2581 1465 2800 1532 πρᾶγμα
2851 1465 3110 1531 κρίνοντες
3171 1475 3185 1491 ⁶
3251 1458 3387 1514 διότι
3416 1467 3544 1535 μετά
3575 1460 3885 1535 φιλοδοξίας

492 1561 699 1604 amore
724 1545 988 1602 facimus.

2272 1546 2478 1598 ἅπαντα
2501 1551 2813 1620 πράττομεν.

562 1636 724 1691 Vers.
751 1635 841 1690 68.
859 1635 1265 1704 Respondit—
1290 1635 1575 1690 abibimus
1595 1634 1624 1688 7
1662 1635 1872 1690 Petrus
1905 1633 2157 1690 fratrum

2343 1637 2625 1710 Ἀπεκρίθη
2664 1669 2718 1677 -
2755 1637 3143 1710 ἀπελευσόμεθα
3169 1639 3261 1704 ;Ὀ
3292 1645 3481 1710 Πέτρος
3502 1643 3528 1693 6
3555 1641 3677 1713 φιλά
3702 1640 3883 1715 δελφος

489 1730 742 1790 amator,
769 1740 880 1796 pro
901 1723 1184 1780 fratribus
1210 1724 1496 1779 omnibus
1513 1724 1863 1796 respondet:
1893 1723 2116 1779 Domini

2272 1725 2732 1799 ὑπεραπολογείται
2786 1729 2988 1778 πάντων
3045 1737 3143 1779 τῶν
3194 1725 3424 1800 ἀδελφῶν
3458 1746 3470 1758 '
3508 1736 3690 1804 Κύριε,
3753 1736 3883 1805 πρὸς

490 1815 940 1879 demonstrans,
995 1813 1163 1884 quod
1202 1812 1474 1868 videlicet
1514 1814 1813 1868 neminem
1877 1812 2108 1868 habean

2269 1820 2384 1866 τίνα
2411 1813 2793 1887 ἀπελευσόμεθα
2826 1834 2838 1880 ;
2870 1821 2939 1868 Τὸ
2969 1821 3099 1890 πρός
3134 1817 3290 1869 αὐτόν
3323 1818 3662 1892 φιλόστοργον
3698 1820 3880 1893 ἐμφαί-

486 1904 562 1958 ad
577 1919 745 1974 quem
761 1900 1082 1959 abibimus?
1097 1901 1510 1958 vehementem
1530 1918 1670 1972 erga
1693 1903 1865 1959 illum
1886 1918 2113 1957 amore:

2267 1925 2362 1954 νων
2403 1906 2483 1956 ὅτι
2511 1905 2602 1956 οὐκ
2631 1907 2824 1975 ἔχουσι
2855 1907 3022 1976 ἕτερον
3049 1913 3349 1979 τιμιώτερον
3376 1909 3556 1968 αὐτοῦ,
3589 1909 3648 1960 οὐ
3683 1919 3877 1981 γονεῖς,

482 2008 664 2064 quem
695 1993 748 2047 ei
772 1995 1148 2064 praeponam,
1183 2007 1304 2046 non
1332 1999 1629 2062 parentes,
1683 2008 1805 2047 non
1834 1999 2109 2060 cognato:

2265 1994 2324 2044 οὐ
2359 2001 2642 2064 συγγενεῖς,
2673 1994 2731 2045 οὐ
2759 1994 2954 2065 φίλους,
2983 1995 3089 2066 οὐχ
3128 1996 3299 2056 ἁπλῶς
3321 2016 3436 2049 τινα
3471 2007 3568 2050 τῶν
3603 1999 3869 2054 ἁπάντων.

483 2096 608 2138 non
636 2081 886 2148 amicos,
919 2087 993 2146 et,
1040 2085 1102 2135 ut
1149 2080 1336 2135 semel
1382 2080 1602 2147 dicam,
1654 2081 1956 2136 neminem
2003 2081 2110 2136 inte

2264 2079 2391 2134 Εἶτα
2421 2084 2502 2134 ἶνα
2527 2087 2598 2155 μὴ
2629 2079 2664 2135 δ
2667 2091 2758 2154 οκῇ
2789 2092 2938 2135 τοῦτο
2960 2084 3137 2152 εἰπεῖν,
3166 2088 3230 2146 ὡς
3252 2085 3343 2138 οὐκ
3369 2090 3515 2148 ὄντος
3539 2095 3631 2140 τοῦ
3676 2086 3869 2142 ὑποδε·

482 2185 716 2226 omnes.
749 2168 970 2225 Deinde
994 2185 1069 2224 ne
1107 2169 1221 2225 hoc
1246 2169 1466 2226 dixisse
1497 2163 1786 2234 videatur,
1816 2170 1991 2242 quasi
2030 2185 2106 2224 no

1358 2170 1466 2226 isse
1497 2163 1786 2234 videatur,
1816 2170 1991 2242 quasi
2030 2185 2150 2226 non
2263 2170 2473 2242 ξομένου
2501 2173 2710 2236 αὐτοὺς,
2739 2175 2985 2244 ἐπήγαγε.

481 2259 574 2324 sit,
602 2259 704 2331 qui
731 2274 834 2315 eos
864 2257 1172 2330 suscipiat,
1215 2257 1348 2329 subj
1363 2260 1530 2313 unxit
1559 2275 1570 2312 ;

547 2348 705 2404 Vers.
763 2347 851 2402 68.
894 2348 1078 2404 Verba
1128 2378 1194 2388 -—
1251 2348 1438 2404 habes.
1502 2348 1723 2412 Verba,
1774 2365 1908 2420 quae
1962 2349 2148 2404 vitam

2329 2347 2561 2420 Ῥήματα
2630 2382 2692 2390 --
2752 2353 2912 2421 ἔχεις.
2970 2351 3201 2423 Ῥήματα
3251 2352 3390 2413 ζωὴν
3466 2354 3676 2408 αἰώνιον
3745 2377 3865 2429 προ·

479 2437 796 2494 concilient
823 2441 1129 2492 (sternam.
1172 2435 1367 2503 Vides,
1408 2437 1570 2508 quod
1635 2437 1812 2492 verba
1837 2453 1956 2492 non
1981 2453 2106 2492 erat

2260 2439 2516 2500 ξενοῦντα.
2554 2439 2711 2512 Ὀρᾶς
2740 2442 2819 2491 ὅτι
2839 2441 2897 2491 οὗ
2929 2443 2993 2492 τὰ
3011 2441 3225 2515 ῥήματα
3249 2439 3309 2500 ἦν
3335 2446 3400 2494 τὰ
3421 2441 3857 2510 σκανδαλίζονται,

478 2543 614 2600 quae
645 2526 1026 2598 praebuerant
1054 2525 1500 2589 offendiculum,
1531 2526 1635 2581 sed
1674 2525 2016 2581 auditorum
2063 2543 2105 2581 se

2258 2527 2365 2580 ἀλλ’
2395 2531 2424 2586 η
2481 2528 2764 2601 άπροσεξία
2817 2538 2917 2580 τῶν
2966 2529 3274 2596 ἀκουόντων,
3332 2537 3421 2583 καὶ
3477 2536 3533 2585 τὸ
3600 2543 3858 2608 σαρκικῶς

479 2616 783 2686 gnities,et
809 2613 954 2686 quia
983 2613 1296 2670 carnaliter
1326 2631 1394 2670 ea
1418 2613 1846 2683 intelligebant,
1873 2630 1990 2670 non
2034 2631 2103 2686 sp

2256 2625 2384 2669 νοεῖν
2435 2617 2584 2681 αὐτὰ,
2617 2622 2800 2688 καὶμὴ
2835 2627 3214 2688 πνευματικῶς.
3267 2618 3572 2673 Ἀκόλουθον
3617 2626 3706 2694 μεν
3757 2625 3851 2696 γὰρ

476 2704 791 2761 ritualiter.
809 2705 1190 2775 Consequens
1205 2705 1420 2758 etenim
1441 2720 1511 2758 ac
1529 2704 1933 2760 necessarium
1956 2706 2103 2760 fuere

2255 2712 2344 2758 καὶ
2397 2705 2672 2777 ἀναγκαῖον
2731 2703 2790 2764 ἦν
2849 2706 3013 2758 ἐκεῖνα
3062 2707 3289 2779 ῥηθῆναι
3349 2705 3441 2760 διὰ
3492 2715 3580 2762 τόν
3620 2716 3848 2784 περὶτοῦ

475 2798 541 2849 ut
575 2793 674 2849 illa
702 2793 1040 2848 dicerentur
1092 2799 1334 2863 propter
1389 2793 1732 2848 Judaeorum
1795 2793 1868 2848 de
1919 2810 2101 2848 mann

2255 2798 2420 2866 μάννα
2445 2795 2593 2866 λόγον
2635 2804 2732 2846 τῶν
2764 2793 3036 2847 Ἰουδαίων
3064 2816 3075 2827 ’
3107 2793 3214 2848 ἔδει
3255 2794 3313 2849 δὲ
3342 2803 3462 2858 τοὺς
3513 2797 3786 2861 ἀκούοντας
3813 2802 3839 2857 ἦ

475 2897 838 2938 sermonem.
873 2881 1142 2952 Oportuit
1173 2885 1373 2935 autem
1406 2881 1707 2938 auditores
1739 2887 1842 2937 aut
1873 2886 2102 2952 spirilut

2254 2895 2607 2956 πνευματικῶς
2639 2884 2839 2936 ἀκούειν
2899 2885 3052 2952 αὐτὰ,
3108 2887 3137 2944 ἦ
3194 2890 3265 2957 μὴ
3307 2895 3458 2939 τοῦτο
3520 2885 3834 2960 δυναμένους.

472 2969 686 3028 literea
715 2969 1058 3039 intelligere,
1083 2973 1206 3038 aut,
1240 2969 1286 3023 si
1304 2968 1366 3023 id
1396 2969 1671 3024 necdum-
1707 2976 2004 3040 poterant,
2051 2972 2099 3026 hi

2255 2971 2511 3044 δέχεσθαι
2540 2977 2628 3046 μὲν
2673 2982 2857 3037 ταῦτα,
2890 2975 3104 3047 ὕστερον
3147 2971 3206 3026 δὲ
3245 2975 3543 3048 φιλομαθώς
3594 2977 3829 3050 ἐρωτῆσαι

472 3059 738 3132 primt'm
767 3058 1074 3130 susceptis,
1139 3058 1527 3128 postmodum
1584 3059 1659 3113 de
1694 3059 1786 3113 bis
1831 3060 2099 3128 diligente

978 3058 1074 3125 itis,
1139 3058 1527 3128 postmodum
1584 3059 1659 3113 de
1694 3059 1786 3113 bis
1831 3060 2143 3128 diligenter
2185 3095 2225 3150 ρ
2252 3066 2605 3138 περὶτούτων.

471 3148 860 3218 interrogare.

541 3238 704 3294 Vers.
731 3237 818 3294 69.
851 3237 926 3292 Et
971 3236 1174 3292 -υιύί.
1221 3236 1542 3292 Tricesimo
1586 3237 1752 3292 tertio
1795 3237 1966 3308 juxta
1993 3237 2142 3292 Mat-

2326 3245 2424 3293 Καὶ
2461 3273 2521 3280 -—-
2555 3243 2760 3302 ζῶντος.
2800 3247 2900 3293 Καὶ
2950 3239 2997 3292 ἐν
3043 3250 3113 3292 τῶ
3152 3252 3448 3315 τριακοστῷ
3492 3248 3634 3315 τρίτῳ
3678 3259 3821 3312 κεφα-

473 3327 891 3398 thzeumcapite
921 3326 1070 3382 dixit
1097 3326 1256 3381 idem
1287 3343 1299 3381 :
1324 3328 1404 3380 Tu
1427 3342 1483 3381 es
1512 3326 1783 3382 Christus
1814 3327 2001 3381 Filius
2034 3327 2100 3382 De

2247 3332 2375 3402 λαίῳ
2401 3336 2491 3384 τόῡ
2513 3334 2647 3382 κατά
2670 3333 2933 3383 Ματθαίον
2956 3335 3011 3382 τό
3039 3330 3161 3382 αὐτὸ
3195 3327 3302 3383 εἶπε
3334 3351 3346 3363 ·
3384 3337 3450 3384 Σὺ
3479 3329 3563 3384 εἷο
3595 3333 3829 3402 Χριστὸς,

471 3419 594 3474 vivi
621 3417 689 3471 ⁸ο.
725 3416 838 3473 Sed
889 3423 1027 3472 tunc
1073 3416 1317 3488 quidem
1371 3415 1635 3470 Christus
1681 3415 1840 3470 illum
1893 3417 2098 3472 beatui

2247 3423 2272 3472 6
2304 3425 2423 3481 Υἱός
2452 3426 2542 3472 τοῦ
2575 3427 2707 3472 Θεοῦ
2737 3427 2827 3471 τοῦ
2864 3423 3048 3482 ζῶντος
3091 3439 3102 3450 ·
3158 3418 3284 3470 ἀλλὰ
3310 3425 3425 3473 τότε
3446 3425 3538 3492 μὲν
3601 3422 3833 3492 ἐμακάρι-

470 3505 818 3579 praadicavit
844 3509 1086 3578 propter
1115 3521 1362 3560 causam
1392 3506 1473 3560 ibi
1497 3505 1718 3560 dictam
1755 3522 1768 3559 :
1805 3521 1958 3560 nunc
1975 3521 2097 3560 verc

2251 3530 2332 3563 σεν
2363 3511 2572 3562 αὖτὸνό
2615 3513 2845 3583 Χριστός
2884 3505 2978 3560 διά
3025 3513 3117 3566 τὴν
3165 3507 3266 3560 ἐκεῖ
3317 3511 3572 3582 ῥηθεῖσαν
3625 3509 3788 3561 αἰτίαν
3821 3524 3831 3536 ·

471 3594 618 3667 quia
642 3595 1038 3650 communiter
1062 3594 1209 3649 dixit
1238 3610 1250 3648 :
1287 3596 1400 3649 Nos
1433 3594 1800 3649 credidimus
1829 3599 1884 3648 et
1915 3609 2098 3663 cognc

2243 3609 2329 3650 νυν
2380 3596 2457 3664 δὲ,
2515 3595 2692 3655 ἐπειδὴ
2737 3617 2920 3659 κοινῳς
2973 3605 3105 3649 εἶπεν
3155 3599 3235 3650 ὅτι
3289 3603 3705 3672 Πεπιστεύκαμεν
3756 3601 3835 3649 καὶ

471 3683 692 3749 vimus,
739 3687 979 3756 separat
1003 3682 1080 3739 ab
1124 3683 1233 3738 illis
1268 3683 1626 3751 lscariotem,
1682 3690 1967 3755 tanquam
2006 3684 2098 3754 jai:

2244 3687 2553 3758 ἐγνώκαμεν,
2591 3683 2624 3739 δ
2631 3686 2880 3738 ιαστελλει
2933 3689 3018 3738 τὸν
3050 3686 3388 3758 Ἰσκαριώτην
3420 3686 3508 3738 ἀπ’
3542 3688 3706 3740 αὐτῶν
3733 3683 3831 3745 ἤδη

469 3771 880 3829 ﬂuctuantem.

2246 3776 2599 3848 σαλευόμενον.

543 3863 708 3918 Vers.
741 3865 827 3917 70.
861 3861 1182 3931 Respondit
1215 3893 1280 3902 —
1309 3861 1449 3933 elegi
1477 3861 1504 3916 ?
1565 3868 1680 3917 Hoc
1713 3860 2129 3932 interrogative

2313 3867 2597 3939 Ἀπεκρίθη
2657 3895 2724 3905 -
2783 3863 3085 3936 ἕξελεξάμην
3133 3882 3146 3931 ;
3203 3864 3367 3916 Τοῦτο
3422 3863 3539 3916 κατ’
3595 3864 3833 3938 ἐρώτησιν

469 3951 790 4023 legendum
821 3955 928 4006 est.

2243 3954 2609 4026 ἀναγνωστέον.

542 4039 706 4095 Vers.
735 4044 824 4095 70.
865 4040 945 4094 Et
993 4070 1060 4079 —
1101 4039 1259 4094 Vers.
1312 4040 1404 4093 7t.
1443 4039 1775 4096 duodecim.
1830 4071 1896 4079 —
1931 4040 2134 4096 Nonne

2316 4049 2416 4096 Καὶ
2448 4075 2514 4085 --
2569 4039 2797 4098 δώδεκα.
2830 4073 2898 4082 -—-
2956 4041 3067 4094 Οὗκ
3133 4040 3253 4112 ἐγὼ,
3309 4047 3485 4114 φησὶν,
3549 4045 3678 4115 ὑμᾶς
3721 4043 3829 4099 τοὺς

469 4144 569 4199 ego
602 4143 719 4193 vos,
751 4128 961 4200 inquit,
994 4128 1301 4182 duodecim
1333 4127 1476 4197 elegi
1505 4125 1534 4180 7
1566 4135 1617 4183 et
1648 4132 1848 4182 tamen
1877 4143 2032 4182 unus
2059 4142 2096 4182 e.

2244 4128 2456 4185 δώδεκα
2493 4132 2795 4204 ἐξελεξάμην
2831 4148 2844 4197 ;
2876 4135 2966 4182 καὶ
2999 4133 3137 4202 ὅμως
3167 4131 3221 4193 ἐξ
3247 4133 3388 4202 ὑμῶν
3420 4133 3512 4196 εἷς,
3572 4128 3717 4183 οὐδὲν
3745 4135 3826 4186 τῆς

469 4217 630 4274 vobis
653 4217 710 4271 in
737 4216 902 4272 nullo
953 4231 1087 4272 mea
1129 4216 1364 4285 adjutus
1415 4215 1722 4277 electione,
1773 4222 1969 4288 utpote
1996 4216 2096 4272 libe

2243 4222 2365 4294 παρ’
2415 4222 2538 4293 ἓμοῦ
2575 4220 2789 4292 ἐκλογῆς
2847 4219 3180 4291 ἀπονάμενος,
3235 4223 3299 4279 ὡς
3357 4220 3686 4283 αὐτεξούσιος
3721 4216 3823 4288 (ἷ8)

467 4323 601 4363 rum
632 4305 864 4361 habens
896 4305 1205 4360 arbitrium
1236 4305 1314 4360 ad
1361 4306 1632 4360 virtutem
1664 4314 1720 4358 et
1752 4305 1978 4371 vitium,
2017 4307 2094 4363 die

2242 4315 2364 4385 πρὸς
2386 4310 2570 4384 ἀρετὴν
2600 4316 2689 4362 καὶ
2715 4315 2923 4375 κακίαν,
2955 4305 3199 4369 διάϐολός
3228 4307 3388 4370 ἐστιν,
3422 4313 3578 4380 ἤγουν
3606 4305 3818 4361 διαϐόλου

471 4397 637 4453 bolus
698 4403 796 4461 est,
850 4395 970 4449 sive
1041 4393 1394 4458 diabolicus,
1455 4401 1508 4448 et
1562 4393 1776 4448 diaboli
1835 4397 2098 4453 minister

2189 4459 2203 4471 ι
2240 4406 2346 4466 κός,
2371 4408 2459 4453 τοῦ
2484 4398 2730 4453 διάϐολον
2757 4400 3038 4471 ὑπουργὸς.
3067 4396 3224 4454 Δῆλον
3256 4393 3342 4448 οὖν
3377 4398 3456 4449 ὅτι
3486 4397 3535 4448 ἐν
3565 4405 3622 4468 τῇ
3653 4411 3816 4467 προαι-

472 4457 997 4557 δὶεηίῦοδίνὶιᾶᾳυθ
1037 4483 1095 4538 in
1127 4457 1432 4538 voluntate
1461 4500 1529 4537 ac
1559 4483 1844 4539 electione
1873 4484 2098 4542 homini

2183 4459 2379 4564 )pa'azi
2435 4496 2525 4542 τοῦ
2556 4488 2826 4562 ἀνθρώπου
2858 4493 3024 4540 κεῖται
3081 4489 3138 4537 τὸ
3197 4487 3457 4548 σώζεσθαι
3518 4487 3546 4544 ἡ
3581 4483 3810 4537 ἀπόλλυσ-

471 4576 651 4631 situm
680 4589 807 4628 esse
828 4580 888 4628 ut
918 4573 1196 4628 salvetur.
1231 4578 1334 4627 aut
1372 4578 1594 4642 pereat.
2243 4583 2353 4635 θαι,

541 4665 794 4730 Quidam
829 4680 966 4719 vero
997 4662 1301 4718 diabolum
1332 4664 1444 4718 hoc
1473 4665 1528 4717 in
1555 4663 1684 4718 loco
1721 4663 2131 4724 intellexerunt

2309 4671 2452 4728 Τινὲς
2481 4664 2539 4719 δὲ
2602 4663 2842 4718 διάϐολον
2871 4672 2958 4716 νῦν
2990 4667 3075 4716 τὸν
3107 4662 3375 4716 ἐπίϐουλον
3408 4663 3626 4718 ἐνόησαν.
3652 4650 3796 4709 Οὐδὲν

467 4754 895 4810 insidiatorem.
929 4752 1076 4808 Nihil
1111 4768 1253 4821 ergo
1303 4769 1541 4817 novum,
1576 4753 1738 4824 quod
1768 4753 1954 4808 ludas
1988 4772 2094 4810 cun

2238 4757 2354 4830 (⁸79)
2379 4753 2465 4809 οὖν
2495 4761 2668 4808 καινὸν
2693 4754 2739 4807 ἐν
2769 4763 2840 4825 τῷ
2868 4753 3166 4824 ἐκλέγεσθαι
3196 4755 3286 4824 μὲν
3308 4751 3502 4823 ἀγαθὴν
3532 4751 3801 4822 προαίρεσιν

467 4845 776 4915 eligeretur
788 4843 1008 4898 bonam
1024 4842 1288 4898 habuerit
1303 4842 1686 4906 voluntatem,
1705 4848 1912 4914 postea
1926 4851 2094 4902 auten

2235 4850 2376 4918 ἔχειν
2408 4849 2494 4898 τὸν
2523 4842 2751 4912 Ἰούδαν,
2784 4845 2998 4914 ὕστερον
3029 4839 3087 4895 δὲ
3138 4840 3526 4914 μεταϐληθῆναι
3568 4845 3734 4892 τοῦτον
3753 4834 3809 4892 ὡς

469 4936 542 4990 sit
570 4934 930 4998 immutatus,
962 4938 1250 5003 tanquam
1289 4931 1474 4987 libero
1509 4948 1650 4986 usus
1682 4931 1944 4989 arbitrio.

962 4938 1250 5003 tanquam
1289 4931 1474 4987 libero
1509 4948 1650 4986 usus
1682 4931 1944 4989 arbitrio.
2235 4935 2587 4998 αὐτεξούσιον.

539 5023 681 5096 Cap.
711 5023 818 5078 Vll.
864 5023 1020 5077 Vers.
1087 5027 1133 5079 l.
1165 5022 1242 5077 Et
1281 5052 1347 5062 —
1399 5022 1740 5093 interﬁcere.
1795 5025 1921 5078 Non
1963 5023 2124 5081 enim

2307 5029 2408 5079 Καί
2439 5023 2848 5076 -ἀποκτείναι,
2904 5024 2980 5074 Οὐ
3032 5021 3132 5094 γὰρ
3202 5019 3344 5091 εἶχεν
3408 5019 3523 5090 (80)
3576 5016 3813 5081 ἐξουσίαν,

465 5117 720 5186 poterat,
755 5112 812 5167 id
842 5116 946 5177 est,
979 5127 1100 5167 non
1143 5118 1269 5167 erat
1327 5127 1588 5182 securus,
1620 5116 1684 5168 ut
1708 5115 2092 5170 versareturii

2232 5119 2390 5188 ἤγουν
2413 5117 2506 5166 οὐκ
2533 5109 2670 5185 εἶχεν
2698 5108 2879 5165 ἄδειαν
2905 5109 2953 5162 ἐν
2981 5118 3042 5184 τῇ
3100 5105 3340 5182 Ἰουδαίᾳ
3392 5113 3688 5184 περιπατεῖν
3717 5121 3729 5134 ·
3759 5102 3817 5161 ὡς

465 5202 668 5260 Judaea
725 5221 738 5261 :
788 5206 1076 5272 tanquam
1130 5201 1205 5258 de
1267 5201 1510 5256 homine
1549 5201 1710 5258 enim
1787 5201 1899 5258 hoc
1972 5203 2092 5261 dixi

2231 5209 2348 5281 περὶ
2379 5202 2648 5278 ἀνθρώπου
2700 5203 2801 5278 γὰρ
2851 5207 3002 5254 τοῦτο
3059 5195 3192 5253 εἶπεν
3249 5199 3275 5251 6
3307 5197 3679 5272 εὐαγγελιστής
3713 5210 3732 5230 ⁸
3758 5192 3821 5252 ὡς

540 5329 592 5370 ⁸ο
613 5326 808 5386 Matth.
851 5341 972 5395 xvx,
1009 5329 1096 5384 l6.

1683 5453 1908 5523 Variae
1954 5453 2282 5525 lectiones
2315 5463 2380 5522 et
2412 5464 2611 5522 notae.

561 5623 652 5697 78)
675 5619 758 5697 Εἰς
785 5618 971 5697 ἀρετήν
997 5625 1064 5676 Α.
1087 5692 1119 5697 Ἀ
1185 5696 1188 5697 ν

2265 5692 2288 5697 _
2308 5625 2424 5697 (80)
2437 5696 2440 5697 ν
2454 5625 2872 5697 Interpretatur
2882 5635 3033 5697 ergo
3057 5618 3377 5697 lectionem
3391 5604 3816 5697 Chrysostomi-

561 5625 630 5678 78
675 5624 758 5682 Εἰς
785 5624 971 5695 ἀρετήν
997 5625 1064 5676 Α.

536 5624 654 5775 ἕως
694 5696 776 5761 Ai,
803 5692 1127 5767 interponit
1165 5696 1234 5749 Α.

2308 5625 2423 5695 (80)
2454 5625 2872 5697 Interpretatur
2890 5635 3033 5691 ergo
3057 5624 3377 5678 lectionem
3391 5624 3815 5689 Chrysosmmx-

2239 5692 2378 5773 εἶχεν
2408 5695 2667 5766 ἐξουσίαν,
2698 5709 2807 5770 pro
2832 5693 3000 5763 ἤθελε,
3038 5707 3220 5768 quam
3246 5695 3400 5750 recte
3424 5689 3541 5747 hoc
3582 5688 3712 5746 loco
3737 5695 3815 5741 re-
