4120 6310
206 378 348 444 1261

1220 372 1587 440 COMMENT.
1633 369 2095 453 INgJOANNEM.
2139 415 2206 423 —
2246 380 2397 438 CAP.
2447 381 2559 438 vu.

3446 380 3589 441 1262

202 517 316 589 γὰρ
368 515 641 586 ἄνθρωπος
689 511 1021 566 ὑπεστέλλετο
1068 517 1178 580 νῦν,
1228 510 1286 562 οὐ
1326 512 1518 581 φεύγων
1557 513 1640 561 τὸν
1674 509 1824 561 θάνα-

1976 508 2339 578 vangelista:
2383 524 2526 564 nam
2557 507 2710 565 sicut
2737 506 2914 564 homo
2950 523 3110 565 nunc
3141 507 3436 581 formidat,
3467 525 3591 567 non

206 624 321 669 τον,
364 602 492 655 ἀλλὰ
524 599 825 675 φειδόμενος
853 610 951 653 τῶν
992 604 1197 673 φονέων,
1228 604 1312 651 καὶ
1347 601 1426 651 ὅτι
1460 602 1601 651 οὔπω
1644 603 1825 673 καιρὸς

214 689 283 750 ἧν
316 700 408 745 τοῦ
438 695 639 752 πάθους
660 691 838 744 αὐτοῦ.
869 686 1015 743 Ἐδει
1041 692 1142 761 γὰρ
1174 688 1328 740 αὐτὸν
1353 692 1475 740 ποτε
1506 692 1594 760 μὲν
1617 690 1684 750 ὡς
1706 693 1826 741 Θεὸν

214 786 390 853 μένειν
419 780 727 855 ἀχείρωτον,
753 782 873 832 ποτε
896 776 954 831 δὲ
986 782 1053 841 ὡς
1085 780 1350 852 ἄνθρωπον
1381 779 1674 850 ὑποχωρεῖν
1695 777 1830 829 οἰκο-

212 878 464 943 νομικῶς.

293 1046 391 1099 Ἦν
442 1077 504 1085 -—
566 1050 917 1117 Σκηνοπηγὶα.
972 1046 1112 1104 Αὕτη
1170 1044 1449 1118 ἑωρτάζετο
1506 1042 1575 1106 εἰς
1623 1048 1830 1115 μνήμην

860 1136 919 1192 ἢν
1003 1137 1028 1186 6
1096 1141 1329 1194 Μωυσῆς
1396 1133 1548 1195 ἔπηξε
1633 1140 1832 1204 πρῶτον

1199 1230 1289 1274 τοῦ
1375 1220 1612 1279 Βεσελεήλ
1698 1223 1834 1273 θείαν

218 1144 319 1195 τῆς
372 1136 588 1208 ἡμέρας,
664 1135 780 1187 καθ’

214 1230 316 1281 τὴν
402 1226 920 1277 κατασκευασθεῖσαν
1005 1226 1104 1275 ὑπὸ

219 1319 443 1371 σκηνήν.

296 1399 453 1454 Εἶπον
485 1434 544 1441 -
574 1402 754 1456 αὐτοῦ.
784 1404 850 1453 Οἱ
871 1409 961 1453 τοῦ
991 1402 1185 1472 Ἰωσὴφ
1211 1402 1337 1465 υἱοὶ,
1361 1407 1450 1453 τοῦ
1478 1402 1614 1452 θέσει
1645 1403 1837 1472 πατρὸς

223 1491 413 1544 αὐτοῦ.

298 1577 574 1636 Μετάϐηθι
617 1609 685 1619 -
730 1586 914 1639 ποιεῖς.
969 1584 1382 1653 Ιῐροσποιοῦνται
1415 1581 1503 1649 μὲν
1548 1577 1624 1629 ἐπ’
1658 1576 1837 1649 ἁγαθῴ

225 1667 625 1739 συμϐουλεύειν,
681 1669 747 1727 ὡς
803 1675 1063 1737 συγγενεῖς
1132 1664 1289 1723 δῆθεν
1351 1672 1439 1718 καὶ
1506 1668 1832 1718 οἰκειότατοι·

221 1760 429 1818 σγοπὸς
462 1753 519 1808 δὲ
561 1756 733 1815 αὐτοῖς
782 1761 1026 1829 πονηρὸς,
1062 1756 1116 1806 ἐκ
1149 1757 1335 1827 φθόνου
1366 1759 1591 1825 τεχθείς.
1643 1763 1839 1827 Πείρω-

1938 602 2190 653 mortem
2224 597 2473 669 fugiens,
2521 598 2623 653 sed
2668 597 2986 653 homicidis
3040 613 3307 669 parcens,
3361 603 3417 653 et
3445 599 3594 671 quia

1940 695 2173 757 tempus
2192 703 2311 741 sua:
2331 688 2624 758 passionis
2638 688 2904 742 nondum
2928 688 3269 744 advenerat.
3295 689 3592 761 Siquidem

1938 776 2391 847 oportebateum
2405 776 2699 831 interdum
2716 776 2953 847 quidem
2972 793 3208 833 manere
3225 778 3596 848 inexpugna-

1939 864 2130 932 bilem,
2166 868 2368 935 utpote
2393 865 2599 929 Deum,
2626 866 2994 938 quandoque
3014 881 3156 921 vero
3180 872 3466 938 tanquam
3490 867 3595 923 ho-

1944 954 2166 1008 minem
2198 953 2639 1025 dispensatorie
2670 953 2896 1009 cedere.

2013 1043 2178 1097 Vers.
2211 1046 2269 1098 2.
2296 1042 2911 1113 Erat—Scenopegia.
2948 1044 3082 1098 Haec
3104 1043 3512 1101 celebrabatur
3532 1044 3594 1100 in

1945 1132 2295 1187 memoriam
2341 1132 2479 1200 diei,
2511 1149 2628 1203 quo
2659 1133 2919 1202 primum
2960 1133 3152 1187 Moses
3176 1133 3447 1189 divinum
3472 1134 3598 1189 ﬁxit

1946 1222 2291 1290 tentorium,
2326 1222 2489 1292 quod
2519 1238 2554 1277 a
2588 1220 2840 1276 Beseleel
2878 1221 3239 1278 fabricatum
3275 1226 3377 1278 est.

2018 1402 2180 1456 Vers.
2240 1400 2291 1453 3.
2345 1399 2639 1456 Dixerunt
2679 1430 2747 1437 —
2798 1402 2946 1468 ejus.
3014 1399 3137 1455 Filii
3192 1399 3432 1471 Joseph,
3490 1398 3595 1471 qui

1946 1488 2266 1559 adoptione
2305 1494 2473 1559 pater
2503 1488 2631 1558 ejus
2658 1492 2803 1543 erat.

2020 1576 2181 1631 Vers.
2216 1581 2264 1630 3.
2310 1577 2512 1631 Transi
2542 1607 2607 1614 —
2626 1576 2795 1644 facis.
2825 1576 3078 1646 Fingunt
3114 1576 3352 1646 quidem
3381 1576 3597 1631 utiliter

1950 1666 2201 1720 suadere
2226 1670 2509 1736 tanquam
2534 1665 2767 1733 cognati
2803 1669 2857 1719 et
2886 1658 3062 1719 amici
3093 1664 3435 1729 familiares,
3462 1664 3595 1719 ﬁnis

1949 1771 2087 1809 vero
2133 1769 2338 1808 eorum
2388 1770 2603 1824 pravus
2635 1759 2773 1817 erat,
2825 1752 2901 1808 ab
2954 1752 3180 1808 invidia
3217 1754 3538 1824 procedens
3579 1770 3593 1812 :

218 1864 378 1919 μενοι
403 1848 499 1919 γὰρ
524 1852 833 1916 μεταγαγεῖν
860 1853 1037 1897 τοῦτον
1067 1845 1129 1904 εἰς
1159 1848 1252 1901 τὴν
1284 1841 1547 1896 Ἰουδαίαν
1581 1846 1662 1896 ἵνα
1693 1844 1838 1896 ἀναι-

1967 1844 2317 1899 :onabantur
2366 1841 2661 1913 siquidem
2714 1842 2879 1895 illum
2909 1842 2967 1895 in
2999 1842 3267 1896 Judaaam
3298 1841 3593 1912 pellicere,

215 1936 353 2007 ρεθῇ
388 1936 530 2008 παρὰ
554 1942 650 1986 τῶν
676 1933 966 1993 ζητούντων
995 1932 1292 1985 ἀποκτεῖναι
1325 1933 1499 1998 αὐτὸν,
1529 1933 1839 2005 προϐάλλον-

216 2043 319 2076 ται
350 2026 406 2074 τὸ
440 2020 545 2074 δεῖν
578 2027 666 2074 καὶ
705 2026 827 2083 τοὺς
858 2021 1020 2073 ἐκεῖσε
1061 2026 1209 2081 ὄντας
1239 2024 1475 2093 μαθητὰς
1522 2023 1694 2079 αὐτοῦ,
1725 2026 1842 2080 ἤτοι

215 2116 353 2173 τοὺς
406 2111 613 2182 ὄχλους,
662 2114 777 2170 τοὺς
826 2109 873 2162 ἐν
930 2108 1167 2182 Ἰουδαίᾳ
1221 2114 1607 2184 παρεπομένους
1680 2112 1840 2182 αὐτῷ,

219 2204 439 2275 θεωρεῖν
479 2204 541 2251 τὰ
574 2208 768 2272 σημεῖα
799 2199 833 2250 ἃ
863 2207 1020 2252 ποιεῖ.

301 2374 496 2438 Οὐδεὶς
539 2407 605 2417 -—
657 2374 805 2433 εἶναι.
857 2380 1000 2430 Κατὰ
1047 2380 1136 2449 μὲν
1185 2381 1241 2429 τὸ
1288 2383 1583 2450 προχείρως
1625 2381 1838 2449 νοούμε-

220 2489 318 2521 νον
352 2463 572 2518 δοκοῦσι
602 2467 938 2539 παρακνίζειν
970 2466 1124 2517 αὐτὸν
1154 2466 1232 2517 ἵνα
1262 2465 1457 2537 μεταϐῇ
1491 2484 1501 2494 ·
1532 2470 1665 2517 κατὰ
1697 2464 1755 2518 δὲ
1784 2471 1839 2518 τὸ

229 2557 526 2631 βαθύτερον
582 2555 1039 2619 ἀποσκώπτουσιν,
1092 2557 1155 2614 ὡς
1200 2552 1363 2606 δειλὸν
1404 2556 1512 2626 οἶμα
1559 2560 1647 2606 καὶ
1699 2556 1843 2626 φιλο-

229 2644 411 2706 δοξον.
444 2648 513 2697 T6
543 2648 632 2717 μὲν
662 2647 763 2718 γὰρ
814 2642 861 2695 ἐν
893 2650 1104 2715 κρυπτῷ
1148 2662 1198 2693 τι
1246 2650 1407 2694 ποιεῖν
1455 2640 1647 2708 δειλοῦ,
1693 2649 1750 2694 τὸ
1785 2640 1843 2696 δὲ

233 2736 414 2796 ζητεῖν
446 2733 495 2784 ἐν
541 2732 815 2807 παρρησίᾳ
859 2729 1005 2801 εἶναι,
1054 2735 1171 2789 ἦτοι
1216 2734 1445 2804 φανερὸν,
1502 2730 1839 2797 ἀπόϐλεπε-ον,

236 2818 535 2896 φιλοδόξου.

318 2998 376 3050 Εἰ
407 3028 471 3037 --
500 3000 701 3069 κόσμῷ.
735 2997 792 3047 Εἰ
821 3004 986 3047 ταῦτα
1015 2998 1081 3047 τὰ
1104 3003 1293 3068 σημεῖα
1318 3004 1496 3059 ποιεῖς,
1528 3002 1616 3049 καὶ
1642 2997 1699 3049 οὗ
1723 3019 1847 3070 φαν-

234 3086 434 3148 τάζεις,
472 3090 762 3158 φανέρωσον
792 3089 1007 3137 σεαυτὸν
1024 3091 1184 3137 πᾶσιν
1210 3082 1502 3147 Ἰουδαίοις,
1526 3086 1845 3140 ’Υπωπε-ευον

234 3178 341 3249 γὰρ
374 3180 463 3227 καὶ
495 3174 605 3246 (8i)
639 3176 704 3226 τὰ
736 3182 927 3246 σημεῖα
957 3176 1024 3236 ὡς
1051 3180 1358 3246 φαντασίαν.

299 3353 465 3412 Δῆλον
515 3348 601 3405 οὖν
654 3353 881 3403 ἐντεῦθεν
941 3353 1017 3403 ὅτι
1068 3359 1260 3424 σημεῖα
1318 3353 1534 3411 ἐποίησε
1589 3354 1754 3416 κάκεῖ,
1815 3355 1848 3407 ἃ

220 3443 404 3495 πάντα
434 3437 761 3513 παρέδραμεν
806 3442 831 3491 6
878 3442 1136 3504 Ἰωάννης,
1171 3443 1343 3515 ὥσπερ
1378 3450 1465 3494 καὶ
1497 3444 1624 3495 ἀλλα
1664 3444 1842 3501 πολλὰ,

226 3526 477 3581 σπεύδων
510 3529 698 3599 μᾶλλον
748 3527 830 3579 ἐπὶ
870 3532 935 3580 τὰ
966 3534 1180 3601 φέροντα
1218 3530 1361 3593 ξένην
1409 3536 1521 3583 τινα
1571 3530 1845 3603 διήγησιν,

226 3622 329 3669 καὶ
363 3618 428 3667 ὧν
465 3619 513 3668 οἱ
542 3617 686 3668 ἄλλοι
735 3616 827 3668 οὐκ
868 3616 1287 3687 ἐπεμνήσθησαν,
1342 3618 1466 3672 Εἶτα
1510 3621 1642 3692 λέγει
1674 3628 1757 3674 καὶ
1792 3627 1848 3674 τὸ

234 3709 410 3756 αἰτίον
441 3715 535 3766 τῆς
564 3708 804 3766 τοιαύτης
835 3708 1081 3776 ὑποψίας.

310 3880 453 3936 Οὐδὲ
501 3915 563 3923 —
604 3884 774 3935 αὐτόν.
832 3881 965 3936 Οὐδ’
1024 3884 1169 3937 αὐτοὶ
1228 3888 1497 3938 ἐπίστευον
1552 3888 1619 3949 εἰς
1677 3890 1844 3955 αὐτὸν,

244 3976 315 4033 ως
355 3972 423 4034 εἰς
471 3978 617 4026 Θεὸν.
651 3973 785 4026 Ἀλλ’
829 3976 965 4045 ὅμως
1010 3976 1058 4025 οἱ
1104 3982 1190 4025 νῦν
1236 3984 1460 4027 τοιοῦτοι
1502 3978 1717 4048 μεγάλοι
1758 3999 1849 4048 γε-

239 4065 455 4133 γόνασιν
484 4061 721 4134 ὕστερον,
763 4067 852 4113 καὶ
893 4062 1054 4114 πολλὰ
1082 4066 1225 4135 παρὰ
1273 4064 1465 4116 πολλῶν
1515 4068 1640 4139 ὑπὲρ
1690 4068 1849 4120 αὐτοῦ

242 4152 583 4216 πεπόνθασιν,
619 4149 859 4211 Ἰάκωϐος
904 4156 993 4202 καὶ
1024 4149 1246 4213 Ἰούδας.
1288 4158 1348 4206 Τί
1387 4151 1474 4205 οὖν
1516 4157 1539 4206 6
1582 4158 1676 4215 τὰς
1724 4177 1845 4229 καρ-

238 4236 362 4300 δίας
421 4239 587 4290 αὐτῶν
636 4236 820 4305 εἰδὼς;
853 4239 963 4291 Οὐκ
1004 4240 1205 4311 ἤλεγξεν
1248 4243 1434 4304 αὐτοὺς
1476 4250 1730 4320 πονηρους
1760 4252 1849 4298 καὶ

240 4326 566 4395 ἐπιϐούλους,
624 4326 749 4379 ἀλλα
800 4331 1150 4404 μακροθύμως
1203 4328 1534 4405 ἀποκρίνεται
1581 4338 1709 4409 πρὸς
1762 4340 1846 4386 τὸν

245 4419 442 4468 σκοπὸν
470 4416 660 4472 αὐτῶν.

311 4508 467 4573 Λέγει
495 4535 563 4544 -
593 4506 859 4578 πάρεστιν.
890 4506 948 4559 Ὀ
974 4511 1151 4581 καιρὸς
1190 4510 1214 4559 6
1256 4508 1388 4581 ἐμὸς,
1422 4512 1447 4561 6
1489 4520 1577 4563 τοῦ
1615 4512 1846 4565 ἀπελθεῖν

237 4612 302 4665 με
343 4592 415 4654 εἰς
452 4596 545 4650 τὴν
581 4590 842 4646 Ἰουδαίαν
882 4594 1363 4671 ἁναιρεθησόμενον,
1402 4603 1465 4660 ὡς
1496 4599 1843 4671 σπουδάζετε,

239 4686 385 4735 οὔπω
428 4682 653 4755 πάρεστι
686 4700 697 4711 ·
732 4688 783 4735 τί
831 4703 894 4756 με
941 4692 1263 4758 κατεπείγετε
1310 4693 1409 4761 πρὸ
1460 4698 1550 4741 τοῦ
1607 4694 1844 4744 τοιούτου

238 4778 428 4846 καιροῦ
451 4786 463 4835 ;

309 4858 368 4911 Ὀ
436 4855 494 4912 δε
541 4863 721 4936 καιρὸς
772 4894 839 4904 -
890 4864 1111 4936 ἕτοιμος.
1171 4872 1229 4917 Ὀ
1290 4871 1469 4941 καιρὸς
1522 4870 1547 4920 6
1605 4871 1844 4945 ὑμέτερος

239 4947 266 4999 6
296 4954 388 4999 τοῦ
425 4946 657 5001 ἀπελθεῖν
700 4952 834 5023 ὑμᾶς
883 4952 955 5015 εἰς
994 4958 1087 5012 τὴν
1125 4951 1392 5008 Ἰουδαίαν
1442 4961 1661 5010 πάντοτέ
1707 4958 1845 5011 ἐστιν

238 5035 489 5109 εὐχερής.
552 5036 698 5110 Ἐμοὶ
754 5042 844 5111 μὲν
898 5044 998 5116 γὰρ
1054 5040 1327 5116 ἐμποδίζει
1394 5050 1450 5098 τὸ
1500 5052 1658 5117 μήπω
1715 5067 1844 5121 παρ-

237 5131 366 5177 εῖναι
400 5124 554 5177 αὐτόν
587 5142 601 5156 ⁶
634 5128 755 5199 ὑμῖν
806 5125 865 5181 δε
912 5128 1081 5198 οὐδὲν,
1142 5142 1527 5208 συμφρονοῦσιν
1576 5133 1683 5194 ἤδη
1739 5144 1843 5198 τοῖς

237 5208 545 5277 Ἰουδαίοις.

1952 1939 2011 1988 ut
2040 1933 2117 1987 ab
2155 1932 2268 1986 illis
2299 1930 2683 1995 occideretur,
2717 1931 2821 2001 qui
2843 1947 2978 1985 eum
3013 1931 3355 2001 quaerebant
3384 1929 3601 1985 interﬁ-

1951 2038 2101 2076 cere.
2142 2022 2394 2075 Causam
2415 2025 2614 2074 autem
2648 2018 3070 2090 praetexebant,
3108 2018 3272 2090 quod
3302 2023 3602 2090 oporteret

1949 2109 2274 2181 discipulos
2304 2124 2547 2180 quoque
2580 2108 2727 2179 ejus,
2757 2108 2857 2179 qui
2889 2108 2970 2162 ibi
2999 2114 3183 2173 erant,
3221 2108 3344 2162 sive
3376 2109 3598 2173 turbas,

1949 2215 2084 2271 quae
2122 2197 2281 2252 illum
2331 2199 2391 2251 in
2436 2198 2645 2252 Judzea
2684 2196 3107 2269 sequebantur,
3160 2196 3375 2252 intueri
3407 2197 3598 2267 signa,

1948 2303 2080 2359 quae
2111 2286 2236 2357 ipse
2263 2285 2480 2340 ederet.

2020 2376 2183 2431 Vers.
2232 2378 2284 2428 4.
2319 2375 2494 2429 Nemo
2534 2405 2601 2417 —-
2645 2389 2779 2429 esse.
2822 2374 3001 2427 Juxta
3045 2373 3373 2429 faciliorem
3436 2373 3602 2429 intel-

1948 2465 2167 2519 lectum
2203 2468 2255 2517 et
2284 2462 2387 2533 qui
2416 2462 2473 2515 in
2503 2468 2786 2532 promptu
2814 2467 2917 2526 est,
2942 2462 3218 2516 videntur
3248 2461 3415 2516 illum
3462 2462 3605 2516 inci-

1951 2559 2073 2607 tare
2099 2557 2157 2605 ut
2198 2555 2453 2605 transeat
2484 2567 2496 2613 ;
2522 2550 2692 2619 juxta
2734 2550 3177 2620 profundiorem
3206 2566 3364 2615 vero,
3402 2566 3606 2605 scom-

1952 2642 2112 2691 mata
2142 2638 2203 2691 in
2234 2638 2705 2705 eumjaciebant,
2732 2643 3019 2708 tanquam
3051 2637 3106 2690 in
3128 2637 3400 2693 timidum
3427 2637 3607 2693 simul

1950 2732 2005 2781 et
2034 2726 2231 2795 gloriae
2262 2725 2570 2796 cupidum.
2625 2726 2931 2797 Siquidem
2982 2727 3043 2781 in
3082 2727 3313 2782 occulto
3360 2728 3606 2799 quidem

1952 2816 2256 2887 quidpiam
2278 2815 2489 2881 facere,
2510 2815 2699 2871 timidi
2730 2821 2816 2872 est
2845 2832 2856 2868 :
2895 2832 3157 2886 quaerere
3187 2822 3384 2872 autem
3414 2818 3608 2888 palam

1952 2920 2102 2975 esse,
2120 2906 2238 2959 sive
2252 2904 2633 2959 manifestum
2648 2904 3065 2974 etgloriosum,
3082 2905 3279 2974 gloriae
3293 2906 3487 2977 cupidi
3500 2911 3608 2960 est.

2023 2994 2187 3049 Vers.
2242 2996 2294 3046 4.
2350 2993 2414 3048 Si
2459 3026 2527 3033 —
2571 2995 2808 3050 mundo.
2854 2994 2907 3049 Si
2962 2994 3089 3049 haec
3145 2996 3316 3065 signa
3363 3011 3498 3050 vere
3555 3000 3612 3051 et

1955 3100 2075 3139 non
2114 3088 2465 3155 apparenter
2493 3082 2654 3149 facis,
2688 3083 3003 3138 manifesta
3035 3083 3292 3155 teipsum
3327 3084 3611 3139 omnibus

1885 3182 1924 3237 C
1954 3173 2198 3229 Judaeis.
2232 3173 2701 3245 Suspicabantur
2721 3189 2982 3244 namque
3005 3173 3178 3244 signa
3206 3174 3335 3228 haec
3360 3174 3613 3244 phanta-

1957 3262 2096 3317 stice
2124 3262 2268 3316 ﬁeri.

2027 3352 2170 3406 Hinc
2192 3366 2333 3419 ergo
2367 3351 2741 3405 manifestum
2782 3355 2885 3416 est,
2915 3351 3078 3421 quod
3110 3351 3285 3405 etiam
3322 3350 3401 3405 ibi
3434 3351 3612 3405 mira-

1960 3445 2094 3495 cula
2152 3440 2418 3503 ediderit,
2475 3456 2608 3511 quae
2662 3441 2865 3493 omnia
2904 3439 3296 3509 praetercurrii
3325 3440 3609 3506 Joannes,

1958 3528 2471 3601 quemadmodum
2506 3530 2622 3583 alia
2648 3527 2842 3597 multa,
2876 3528 3162 3582 festinans
3214 3527 3401 3599 magis
3432 3528 3509 3582 ad
3541 3544 3613 3585 ea

1960 3635 2089 3690 quae
2147 3633 2365 3672 novum
2401 3617 2661 3687 aliquam
2718 3615 3039 3672 atferebant
3096 3616 3523 3685 narrationem,
3556 3626 3611 3672 et

1959 3722 2216 3777 quorum
2255 3706 2351 3760 alii
2395 3705 2619 3759 nullam
2662 3705 2922 3760 fecerant
2976 3706 3353 3760 mentionem.
3394 3706 3612 3762 Deinde

1962 3812 2202 3851 causam
2231 3796 2406 3849 etiam
2447 3794 2587 3847 dicit
2618 3795 2747 3849 talis
2778 3796 3145 3866 suspicionis.

2035 3884 2191 3937 Vers.
2244 3884 2294 3937 5.
2328 3885 2517 3955 Neque
2542 3916 2607 3924 —
2651 3900 2795 3938 eum.
2828 3888 3025 3954 Neque
3058 3883 3165 3954 ipsi
3196 3883 3520 3939 credebant
3549 3885 3612 3940 in

1960 3990 2119 4042 eum,
2154 3979 2441 4044 tanquam
2475 3974 2530 4027 in
2567 3977 2768 4027 Deum.
2807 3976 3079 4029 Attamen
3109 3974 3442 4045 hiquitunc
3468 3974 3612 4030 tales

1960 4069 2145 4127 erant,
2176 4062 2376 4130 magni
2409 4062 2800 4133 postmodum
2832 4062 3021 4117 etlecti
3054 4068 3211 4130 sunt,
3241 4064 3547 4134 multaque
3580 4082 3613 4119 a

1960 4153 2161 4208 multis
2188 4168 2293 4222 pro
2312 4150 2409 4205 illo
2432 4152 2590 4222 passi
2610 4157 2765 4215 sunt,
2784 4152 3385 4207 Jacobusvidelicetet
3402 4153 3607 4209 Judas.

1959 4242 2104 4308 Quid
2141 4258 2281 4310 ergo
2307 4242 2374 4309 is,
2415 4243 2518 4312 qui
2546 4257 2753 4295 eorum
2799 4241 2983 4296 corda
3023 4243 3321 4297 noverat?
3350 4242 3477 4296 Non
3524 4258 3611 4296 re-

1958 4331 2265 4402 prehendit
2297 4331 2446 4400 illos,
2472 4336 2761 4402 tanquam
2790 4331 2978 4384 malos
2998 4339 3052 4385 et
3083 4331 3478 4395 insidiatores,
3506 4333 3611 4387 sed

1960 4422 2247 4490 patienter
2275 4420 2598 4491 respondet
2643 4420 2716 4474 ad
2748 4420 3139 4474 intentionem
3172 4420 3463 4491 ipsorum.

2030 4511 2186 4564 Vers.
2217 4515 2267 4562 6.
2300 4510 2402 4563 Ait
2431 4540 2496 4549 -—
2528 4510 2702 4564 adest.
2737 4512 3011 4579 Tempus,
3065 4524 3184 4579 quo
3216 4509 3507 4569 convenit,
3548 4515 3611 4564 ut

1956 4614 2066 4669 ego
2084 4598 2142 4652 in
2158 4598 2425 4653 Judaaam
2443 4600 2657 4653 vadam
2678 4599 2961 4652 occidend
2976 4598 3141 4663 us,ad
3156 4599 3313 4669 quod
3332 4614 3432 4652 vos
3449 4598 3611 4653 labo-

1955 4688 2119 4751 ratis,
2154 4688 2422 4742 nondum
2446 4687 2612 4741 adest
2648 4704 2659 4740 :
2696 4686 2837 4757 quid
2877 4703 2968 4740 me
3003 4687 3221 4755 urgetis
3245 4692 3381 4742 ante
3409 4687 3613 4757 hujus—

1957 4776 2122 4832 modi
2152 4782 2391 4847 tempus
2424 4774 2451 4828 ‘2

2024 4868 2185 4921 Vers.
2210 4868 2263 4919 6.
2306 4866 2549 4932 Tempus
2572 4872 2763 4920 autem
2782 4895 2849 4905 -ς
2868 4870 3173 4932 paratum.
3209 4868 3464 4936 Tempus
3487 4880 3611 4936 quo

1956 4971 2057 5010 vos
2095 4956 2155 5009 in
2198 4954 2470 5009 Judaeam
2514 4953 2759 5017 abeatis,
2812 4970 3051 5025 semper
3079 4954 3133 5008 in
3180 4961 3465 5025 promptu
3504 4959 3611 5018 est,

1958 5044 2101 5100 mihi
2117 5043 2546 5115 impedimento
2566 5047 2653 5097 est
2670 5049 2925 5114 tempus,
2941 5044 3105 5114 quod
3124 5044 3395 5099 nondum
3411 5044 3609 5101 adest:

1955 5134 2125 5190 vobis
2149 5138 2347 5189 autem
2382 5133 2525 5188 nihil
2569 5139 2655 5188 est
2681 5132 3129 5205 impedimento,
3162 5150 3301 5190 cum
3328 5133 3457 5205 jam
3492 5150 3615 5193 una

1956 5240 2087 5281 cum
2114 5224 2332 5280 Judaeis
2363 5223 2648 5281 sentiatis.

1478 5402 1702 5471 Variae
1729 5404 2061 5474 lectiones
2095 5414 2381 5473 etnotae.

246 5599 513 5677 pudiavit
524 5603 1014 5675 TheOphylactus.
1031 5611 1274 5669 Flumen
1289 5616 1576 5673 orationis
1592 5618 1684 5675 hic
1698 5621 1853 5677 abri-

289 5672 375 5755 _uit
391 5672 905 5755 Cbryspstomum,
922 5681 1240 5755 deceptum
1256 5672 1505 5746 fortasse
1524 5672 1849 5750 loco—simili

305 5760 423 5803 arc.
460 5763 536 5817 γι,
568 5748 621 5803 5.
654 5748 896 5825 Largior
943 5748 1098 5813 certe
1129 5762 1255 5815 erat
1294 5759 1532 5820 dicendi
1582 5748 1847 5835 materia,

1962 5621 2331 5695 explicandis
2368 5619 2521 5695 illis,
2556 5620 2647 5674 ούκ
2679 5616 2818 5695 εἶχεν
2852 5620 3113 5686 ἐξουσίαν.

2056 5695 2143 5769 81)
2179 5699 2277 5749 Καὶ
2308 5694 2405 5770 γάρ
2438 5700 2493 5749 Β.
