4120 6310
534 369 673 427 {2'53

1860 362 2210 426 EUTHYMII
2251 362 2575 426 ZlGABENl

3766 352 3925 429 4264

608 500 765 554 Vers.
793 501 845 554 7.
872 497 1008 554 Non
1033 525 1104 538 —
1141 510 1260 552 υοε.
1292 494 1503 565 Utpote
1539 492 1771 549 amicos
1804 510 1943 551 suos
1981 502 2039 551 et
2068 512 2181 552 una

2372 495 2450 553 Οὐ
2501 526 2565 538 -—
2619 497 2773 570 ὑμᾶς.
2804 496 2888 559 Ὠς
2928 498 3101 570 φίλους
3130 498 3292 551 αὐτοῦ
3320 502 3411 550 καὶ
3460 497 3767 573 ὁμόφρονας.
3822 503 3925 552 Διὸ

535 602 741 643 secum
766 586 1088 642 sentientes
1115 582 1288 655 :quia
1308 597 1415 637 vos
1439 582 1512 636 ad
1538 598 1674 636 eum
1700 583 2008 639 acceditis.
2031 586 2192 640 Mun-

532 676 680 732 dum
711 679 911 732 autem
942 674 1103 739 dicit,
1129 672 1368 729 Iudaeos
1390 671 1699 727 mundana
1725 672 2046 744 sapientes.

606 767 772 822 Vers.
816 770 875 821 7.
927 764 1019 820 Me
1060 793 1130 802 —
1160 761 1298 817 sint.
1332 760 1464 816 Mihi
1493 765 1696 815 autem
1749 761 2029 818 inimicus
2081 768 2187 828 est,

532 853 677 927 quia
701 869 814 925 ego
846 851 1099 910 ostendo
1133 848 1297 923 quod
1320 863 1504 921 opera
1528 848 1658 919 ejus
1682 849 1841 905 mala
1864 851 1982 906 sint
2013 868 2026 906 :
2056 851 2190 908 ideo

533 957 646 1012 ego
674 957 837 998 nunc
872 956 996 998 non
1045 938 1267 996 accedo
1297 937 1374 994 ad
1428 937 1629 1009 ipsum
1668 937 2052 1007 occidendus,
2085 940 2189 995 sed

533 1046 671 1087 cum
700 1035 936 1102 tempus
969 1026 1293 1085 advenerit.
1328 1025 1598 1083 Ostendit
1625 1041 1787 1096 ergo,
1822 1026 1988 1098 quod
2018 1027 2099 1083 ob
2130 1027 2189 1082 id

533 1120 732 1192 potius
760 1118 1013 1175 oderant
1050 1117 1248 1189 ipsum
1279 1114 1493 1183 Judaei,
1525 1114 1691 1187 quod
1731 1114 1860 1170 illos
1895 1120 2186 1185 argueret,

532 1223 881 1281 quanquam
904 1206 1020 1280 ipsi
1047 1205 1312 1261 dicerent
1333 1220 1396 1259 se
1427 1219 1563 1260 eum
1595 1203 1819 1271 odisse,
1852 1205 2017 1277 quod
2042 1204 2190 1274 legis

531 1300 936 1368 transgressor
977 1300 1151 1359 esset,
1201 1294 1441 1365 Deoque
1489 1292 1826 1348 contrarius
1862 1312 1877 1360 ;
1924 1300 1979 1349 et
2024 1293 2187 1366 quod

531 1401 654 1442 non
675 1385 870 1442 solum
888 1384 1222 1440 Sabbatum
1248 1381 1520 1446 solveret,
1544 1381 1647 1436 sed
1667 1386 1724 1437 et
1749 1382 1982 1438 Patrem
2009 1398 2185 1437 suum

532 1475 753 1531 diceret
778 1477 985 1542 Deum,
1018 1471 1311 1545 aequalem
1349 1486 1479 1527 sese
1528 1469 1755 1526 faciens
1780 1471 1899 1527 Deo
1932 1472 2001 1525 ³¹.

602 1565 685 1619 Tu
723 1578 855 1619 vero
887 1561 1030 1618 mihi
1072 1560 1398 1631 considera,
1432 1575 1618 1631 quam
1654 1567 1962 1616 mansuete
1995 1560 2190 1616 tulerit

529 1651 781 1709 fratrum
806 1650 1142 1717 consilium,
1180 1665 1303 1722 quo
1331 1648 1560 1705 insidiis
1612 1650 2024 1720 appetebatur.
2073 1652 2189 1705 Nos

529 1758 673 1799 vero
706 1757 823 1797 non
854 1741 954 1805 ita,
997 1739 1103 1795 sed
1141 1739 1342 1794 statim
1384 1737 1774 1808 indignamur
1822 1754 1892 1794 ac
1939 1738 2188 1794 moleste

2300 586 2446 645 ὑμεῖς
2475 587 2697 656 ὑπάγετε
2723 586 2790 647 εἰς
2816 587 2990 642 αὐτόν.
3019 591 3227 660 Κόσμον
3247 589 3349 661 γὰρ
3380 586 3513 659 λέγει
3528 606 3651 649 τους
3670 591 3927 660 κοσμικὰ

2300 681 2610 746 φρονοῦντας
2639 672 2949 737 Ἰουδαίους.

2372 762 2491 833 Ἐμὲ
2546 794 2615 802 -
2684 761 2844 819 ἐστιν.
2903 765 3049 837 Ἐμοὶ
3105 762 3165 818 δε
3236 764 3523 839 ἐχθραίνει,
3584 762 3723 817 διότι
3806 766 3920 837 ἐγὼ

2301 847 2625 903 ἀποδεικνύω
2682 853 2759 904 ὅτι
2817 855 2883 904 τά
2962 856 3090 926 ἔργα
3151 853 3310 906 αὐτοῦ
3368 854 3570 927 πονηρά
3617 851 3751 905 ἐστι.
3820 857 3917 905 Διὸ

2299 938 2398 1011 ἐγὼ
2438 940 2542 1010 οὐχ
2591 941 2776 1013 ὑπάγω
2821 941 2888 1002 εἰς
2931 943 3044 1013 (82)
3098 942 3252 995 αὑτὸν
3305 944 3446 1016 ἄρτι,
3499 940 3918 1015 ἀναιρεθησόμε-

2298 1047 2397 1097 νος,
2449 1027 2540 1080 ἀλλ
2604 1030 2684 1081 ὅτε
2736 1031 2761 1081 ὁ
2794 1034 2976 1104 καιρὸς
3020 1031 3233 1104 ἐπιστῇ.
3279 1027 3510 1093 Ἐδειξεν
3554 1026 3640 1082 οὖν
3690 1031 3776 1082 ὅτι
3816 1027 3913 1082 διά

2297 1120 2356 1169 τὸ
2404 1116 2635 1189 ἐλέγχειν
2683 1122 2799 1179 τοὺς
2844 1117 3137 1180 Ἰουδαίους
3182 1119 3375 1192 μᾶλλον
3415 1118 3665 1192 ἐμισεῖτο,
3720 1119 3769 1171 εἰ
3818 1124 3913 1171 καὶ

2298 1204 2480 1258 ἐκεῖνοι
2526 1207 2692 1278 {Ir/cu
2735 1215 2909 1280 μισεῖν
2955 1209 3112 1261 αὐτὸν
3162 1212 3231 1270 ὡς
3271 1210 3570 1281 παράνομον
3621 1213 3712 1260 καὶ
3767 1206 3908 1261 ἀντί·

2300 1296 2430 1358 θεον,
2489 1296 2569 1347 ὃτι
2623 1295 2682 1348 οὐ
2736 1301 2888 1369 μόνον
2943 1297 3054 1350 Eius
3127 1302 3186 1350 τὸ
3261 1296 3544 1358 Σάϐϐατον,
3609 1295 3741 1349 ἀλλά
3816 1301 3911 1349 καὶ

2300 1388 2504 1459 Πατέρα
2540 1381 2677 1436 ἴδιον
2726 1384 2863 1457 ἔλεγε
2915 1390 3001 1438 τὸν
3055 1390 3205 1453 Θεὸν,
3251 1385 3363 1439 ἶσον
3412 1385 3594 1438 ἑαυτὸν
3622 1394 3787 1438 ποιῶν
3832 1394 3909 1455 τῷ

2298 1480 2411 1542 Θεῷ
2422 1515 2434 1526 .

2369 1565 2435 1614 Σὺ
2469 1558 2529 1614 δέ
2565 1583 2655 1635 μοι
2687 1569 2870 1617 σκόπει
2900 1573 3005 1625 πῶς
3049 1566 3228 1638 πράως
3272 1568 3451 1635 ἤνεγκε
3497 1568 3591 1622 τὴν
3630 1561 3915 1616 ἐπίϐουλον

2299 1648 2599 1722 συμϐουλὴν
2641 1660 2741 1703 τῶν
2771 1647 3024 1724 ἀδε)φῶν.
3074 1653 3212 1704 Ἀλλ’
3251 1652 3355 1724 οὐχ
3384 1654 3537 1725 ἡμεῖς
3566 1652 3745 1715 οὕτως,
3795 1651 3916 1703 ἀλλ’

2298 1738 2478 1801 εὐθέως
2510 1738 2896 1812 ἀγανακτοῦμεν
2938 1745 3029 1792 καὶ
3061 1740 3440 1813 σχετλιάζομεν
3469 1746 3560 1792 καὶ
3609 1746 3741 1793 πᾶσι
3779 1745 3918 1814 τρό-

528 1830 802 1900 ferimus,
824 1829 1226 1900 omnibusque
1247 1826 1442 1883 modis
1478 1827 1623 1882 tales
1652 1827 2033 1883 ulciscimur:
2067 1843 2181 1898 quo

2298 1847 2413 1889 ποις
2446 1826 2748 1901 ἀμυνόμεθα
2763 1832 2880 1890 τοὺς
2908 1832 3170 1890 τοιούτους
3194 1847 3207 1859 ·
3235 1838 3343 1892 πῶς
3370 1825 3457 1882 οὖν
3489 1828 3713 1902 ἐσόμεθα
3730 1831 3914 1901 μαθη-

529 1933 673 1988 ergo
703 1922 876 1990 pacto
901 1915 1178 1986 discipuli
1215 1915 1344 1985 ejus
1385 1915 1607 1969 erimus
1636 1913 1665 1968 ’ἲ

602 2007 764 2062 Vers.
791 2005 845 2060 8.
888 2007 996 2061 Vos
1034 2034 1103 2046 ——
1125 2004 1327 2061 istum.
1353 2003 1475 2058 Hoc
1496 2010 1586 2058 est
1614 2002 1986 2076 praedictum,
2017 2008 2184 2075 puta,

531 2095 1062 2167 Scenopegiorum.
1112 2092 1233 2148 Vos
1284 2092 1386 2164 qui
1432 2093 1609 2148 amici
1657 2092 1798 2148 estis
1840 2092 2186 2147 Judaeorum

529 2183 632 2256 qui
680 2182 1007 2255 periculum
1056 2180 1289 2236 nullum
1322 2180 1551 2235 timetis.

600 2271 763 2328 Vers.
793 2273 845 2326 8.
871 2271 1001 2341 Ego
1028 2300 1088 2312 -
1110 2270 1310 2324 istum.
1337 2271 1460 2323 Non
1479 2268 1625 2324 dixit
1656 2286 1666 2324 :
1696 2269 1822 2325 Non
1843 2267 2183 2334 ascendam,

528 2360 653 2428 sed,
689 2360 969 2416 Nondum
994 2357 1322 2425 ascendam,
1345 2359 1460 2413 hoc
1489 2365 1601 2422 est,
1634 2361 1761 2414 Non
1792 2374 1952 2413 nunc
1984 2372 2188 2413 ascen-

527 2450 693 2514 dam,
727 2464 797 2506 eo
827 2447 984 2521 quod
1006 2462 1168 2503 nunc
1188 2446 1353 2502 vivat
1375 2462 1440 2502 ac
1472 2448 1665 2518 vigeat
1692 2444 2189 2502 excandescentia

526 2538 894 2595 Judaaorum.
910 2535 1275 2592 lrrationalis
1291 2551 1558 2607 namque
1574 2535 1918 2591 temeritatis
1936 2540 2043 2598 est,
2058 2549 2186 2590 sese

526 2627 587 2685 in
616 2625 1000 2683 manifestum
1035 2623 1327 2696 conjicere
1351 2624 1704 2696 periculum.

597 2719 760 2773 Vers.
793 2719 846 2772 8.
875 2715 1026 2783 Quia
1054 2746 1108 2755 —-
1131 2715 1439 2783 impletum
1461 2720 1565 2770 est.
1591 2714 1846 2785 Tempus
1865 2714 1998 2769 vitae
2016 2728 2182 2778 meae,

526 2821 655 2878 qua
684 2806 744 2860 in
777 2810 933 2860 terra
962 2804 1121 2859 vivo.
1164 2804 1512 2875 Quanquam
1541 2803 1698 2858 enim
1735 2803 1890 2857 circa
1918 2801 2184 2856 futurum

524 2894 758 2950 Pascha
777 2891 1219 2962 cruciﬁgendus
1250 2897 1393 2957 erat,
1420 2890 1621 2946 adhuc
1652 2895 1851 2946 tamen
1870 2889 2189 2960 oportebat

527 2981 817 3038 miracula
847 2979 1082 3053 operari
1113 2995 1183 3035 ac
1222 2980 1459 3049 docere,
1504 2979 1847 3050 multosque
1876 2978 1952 3032 ad
2003 2977 2184 3033 ﬁdem

524 3070 840 3127 attrahere.
875 3071 1003 3124 Non
1025 3074 1115 3124 est
1146 3084 1287 3140 ergo
1317 3083 1516 3123 sermo
1542 3068 1789 3132 timoris,
1816 3066 1920 3121 sed
1946 3067 2189 3138 dispen-

2296 1922 2382 1969 ταὶ
2404 1917 2565 1968 αὐτοῦ
2589 1934 2602 1984 ;

2368 2005 2537 2078 Ὑμεῖς
2564 2038 2629 2047 ——
2658 2009 2873 2065 ταύτην.
2905 2013 3004 2065 Τὴν
3028 2011 3424 2082 προειρημένην,
3459 2010 3553 2065 τὴν
3583 2015 3682 2060 τῶν
3714 2014 3917 2065 Σκηνο-

2297 2099 2519 2166 πηγίων.
2547 2094 2715 2167 ’Υμεῑς
2744 2097 2793 2147 οὶ
2822 2094 2959 2168 φίλοι
2985 2104 3084 2148 τῶν
3116 2091 3384 2149 Ἰουδαίων
3415 2097 3465 2148 οἱ
3490 2091 3695 2168 μηδένα
3720 2092 3915 2149 κίνδυ-

2295 2203 2378 2236 νον
2407 2186 2793 2245 ὑποπτεύοντες.

2368 2273 2499 2343 Ἐγὼ
2526 2304 2592 2313 -
2622 2274 2834 2331 ταύτην.
2872 2273 2983 2325 Οὐκ
3008 2269 3161 2342 εἶπεν,
3194 2273 3302 2325 Οὐκ
3328 2273 3441 2346 (83)
3479 2271 3760 2341 ἀναϐαίνω,
3796 2273 3908 2326 ἀλλ’

2297 2364 2456 2414 Οὔπω
2487 2360 2764 2428 ἀναϐαίνω,
2813 2365 3080 2414 τουτέστιν
3126 2362 3201 2414 Οὔ
3246 2370 3335 2414 νῦν
3385 2360 3644 2414 ἀναϐαίνω
3696 2359 3795 2415 διὰ
3846 2368 3906 2415 τὸ

2298 2451 2427 2511 ζέειν
2449 2455 2539 2503 καὶ
2565 2449 2816 2523 ἀκμάζειν
2841 2458 2927 2502 νῦν
2953 2455 3037 2504 τὸν
3056 2454 3217 2525 θυμὸν
3243 2459 3342 2504 τῶν
3367 2447 3662 2508 Ἰουδαίων,
3694 2456 3907 2524 Θρασύ-

2294 2559 2448 2602 τντος
2473 2542 2573 2612 γὰρ
2603 2538 2885 2610 ἀλογίστου
2917 2543 2975 2592 τὸ
3003 2539 3319 2615 ἐπιῤῥιπτειν
3342 2539 3521 2593 ἑαυτὸν
3543 2540 3614 2601 εἰς
3635 2538 3904 2616 πρόδηλον

2296 2625 2551 2682 κίνδυνον.

2365 2716 2483 2769 Ὀτι
2555 2748 2624 2757 —
2706 2716 3063 2792 πεπλήρωται.
3134 2715 3192 2770 Ὀ
3262 2721 3444 2792 καιρὸς
3511 2726 3606 2780 τῆς
3664 2718 3796 2791 ἐμῆς
3852 2717 3899 2770 ἐν

2294 2812 2354 2877 τῇ
2402 2813 2469 2877 γῇ
2530 2806 2687 2866 ζωῆς.
2741 2806 2799 2858 Εἰ
2853 2809 2954 2878 γὰρ
3016 2811 3105 2858 καὶ
3157 2808 3291 2858 κατά
3351 2810 3410 2858 τὸ
3465 2806 3644 2878 μέλλον
3700 2810 3899 2878 Πάσχα

2299 2896 2654 2964 σταυροῦσθαι
2686 2894 2903 2967 ἔμελλεν,
2936 2893 3041 2945 ἀλλ’
3086 2892 3191 2947 ἔδει
3230 2894 3384 2946 αὐτὸν
3434 2897 3511 2947 ἔτι
3557 2901 3647 2947 καὶ
3692 2898 3893 2968 θαυμα-

2296 2992 2486 3057 τουργῆ
2499 3003 2589 3035 σαι
2618 2988 2708 3035 καὶ
2730 2978 2969 3048 διδάξαι,
3004 2988 3093 3036 καὶ
3124 2982 3333 3043 πολλοὺς
3364 2983 3438 3045 εἰς
3466 2988 3645 3036 πίστιν
3672 2983 3888 3036 ἐπισπα-

2299 3075 2513 3125 σασθαι.
2562 3072 2636 3124 Οὐ
2675 3068 2873 3133 δειλίας
2921 3076 3090 3124 τοίνυν
3141 3073 3166 3124 ὁ
3202 3071 3370 3143 λόγος,
3422 3071 3529 3123 ἀλλ’
3579 3072 3877 3144 οἰκονομίας

525 3158 811 3231 sationis;
842 3174 985 3215 nam
1013 3157 1064 3213 si
1093 3161 1232 3213 tunc
1252 3157 1312 3211 in
1337 3155 1604 3212 Judaeam
1633 3154 1896 3221 abiisset,
1937 3154 2181 3211 omnino

2298 3161 2339 3213 εἰ
2395 3162 2493 3233 γὰρ
2549 3159 2747 3220 ἀπῆλθε
2785 3165 2901 3213 τότε
2955 3161 3027 3222 εὶς
3080 3165 3172 3218 τὴν
3234 3158 3524 3226 Ἰουδαίαν,
3578 3164 3759 3220 πάντως
3813 3160 3871 3210 ,ἰν

524 3250 727 3322 ipsum
746 3248 1012 3305 occidere
1034 3251 1352 3303 tentassent
1379 3263 1392 3301 :
1416 3244 1582 3317 quod
1604 3245 1649 3300 si
1670 3252 1878 3317 captus
1893 3251 2180 3317 tanquam

523 3337 709 3395 homo
722 3337 956 3395 occisus
977 3338 1199 3406 fuisset,
1219 3336 1425 3392 datum
1448 3334 1659 3389 fuisset
1690 3333 2181 3405 impedimentum

521 3432 615 3489 his
627 3448 758 3505 quae
774 3431 1039 3487 dicturus
1055 3435 1159 3486 aut
1172 3429 1434 3484 facturus
1452 3435 1577 3484 erat
1596 3444 1610 3495 ;
1630 3428 1677 3482 si
1694 3443 1825 3483 vero
1842 3426 2183 3483 non‘fuisset

523 3526 751 3594 captus,
772 3520 876 3576 sed
911 3525 1202 3593 tanquam
1248 3520 1402 3573 Deus
1443 3516 1741 3582 evasisset,
1784 3516 2182 3572 incarnationi

526 3610 656 3681 ejus
680 3624 803 3666 non
822 3608 1032 3664 fuisset
1050 3606 1258 3663 habita
1274 3606 1445 3660 ﬁdes.
1463 3607 1719 3677 Tempus
1755 3606 1955 3676 itaque
1982 3603 2181 3660 debito

527 3698 710 3756 modo
742 3697 1029 3769 disponit.

594 3787 753 3843 Vers.
794 3787 849 3844 9.
879 3785 1013 3842 Hac
1041 3816 1109 3827 -—
1157 3783 1318 3840 Vers.
1353 3784 1439 3839 10.
1462 3784 1704 3854 festum.
1741 3785 1887 3839 Cum
1922 3782 2002 3838 eis
2057 3798 2178 3838 non

523 3876 809 3942 ascendit,
840 3880 1083 3948 propter
1112 3874 1611 3945 dictam",causam,
1644 3878 1700 3928 et
1731 3888 1804 3928 ne
1833 3871 2177 3927 manifesta-

521 3970 802 4024 renteum
818 3965 1033 4021 ludatis
1054 3979 1066 4019 :
1090 3961 1470 4034 postmodum
1492 3968 1691 4018 autem
1715 3961 2003 4027 ascendit,
2038 3977 2176 4016 cum

517 4057 646 4128 jam
694 4055 858 4110 furor
897 4053 1125 4110 illorum
1172 4050 1414 4122 reprimi
1462 4051 1762 4124 inciperet,
1830 4056 1891 4106 ut
1938 4050 2172 4116 scirent,

522 4141 1057 4216 quitimoremejus
1080 4138 1433 4209 arguebant,
1457 4139 1623 4211 quod
1648 4139 1890 4194 timidus
1931 4154 2050 4194 non
2083 4155 2173 4193 es-

524 4236 632 4298 set,
665 4230 770 4286 sed
794 4243 1063 4298 congrua
1092 4227 1539 4299 dispensatione
1571 4233 1849 4283 uteretur.

594 4319 864 4375 Vers.“).
897 4318 1031 4374 Non
1055 4347 1123 4357 ——
1153 4315 1402 4373 occulto.
1454 4316 1896 4381 Quasilatenler
1931 4332 1943 4369 :
1975 4316 2175 4371 adhuc

522 4409 680 4466 enim
709 4406 1042 4473 verebatur,
1084 4410 1433 4475 exspectans
1462 4405 1654 4459 donec
1701 4404 1957 4476 perfecte
1988 4403 2176 4460 defer-

2296 3248 2647 3322 ἐπεχείρησαν
2722 3248 2910 3302 ἀνελεῖν
2988 3250 3181 3302 αὐτον·
3240 3254 3331 3302 καὶ
3384 3250 3430 3301 εἰ
3485 3254 3576 3323 μιν
3623 3250 3879 3324 χειρωθεὶς

2294 3341 2361 3398 ὡς
2387 3340 2651 3412 ἄνθρωπος
2678 3342 2790 3410 (84)
2837 3336 3079 3411 ἀνῃρέθη,
3113 3335 3527 3396 ἕνεποδίσθησαν
3568 3338 3627 3391 ἂν
3668 3338 3701 3389 ἃ
3722 3337 3888 3409 λέγειν

2292 3431 2381 3479 καὶ
2410 3434 2571 3479 ποιεῖν
2604 3426 2797 3498 ἔμελλεν
2817 3443 2831 3457 ’
2862 3427 2904 3479 εἱ
2931 3424 2989 3479 δε
3014 3431 3086 3498 μὴ
3114 3428 3404 3500 χειρωθεὶς,
3429 3430 3492 3488 ὡς
3522 3431 3650 3488 Θεὸς
3679 3423 3891 3501 διέδρα,

2295 3516 2563 3574 ἠπιστήθη
2593 3517 2655 3568 ἄν
2685 3517 2714 3574 ἡ
2749 3515 3136 3590 ἐνανθρὼπησις
3173 3515 3360 3572 αὐτοῦ.
3414 3519 3609 3569 Λοιπὸν
3640 3512 3731 3568 οὖν
3761 3516 3900 3568 οἰιιο-

2290 3613 2435 3677 νομεῖ
2610 3609 2697 3657 τόν
2727 3609 2927 3679 καιρόν.

2359 3789 2534 3835 Ταῦτα
2584 3814 2641 3822 -
2672 3782 2865 3857 ἑορτήν.
2903 3786 2996 3834 Σὺν
3037 3781 3211 3845 αὐτοῖς
3261 3784 3350 3854 μὶν
3377 3782 3469 3834 οὐκ
3509 3780 3661 3840 ἀνέϐη
3698 3778 3795 3835 διοὲ
3844 3802 3900 3835 τε

2287 3876 2379 3929 τὴν
2409 3872 2659 3945 ῥηθεῖσαν
2688 3871 2859 3923 αἰτίαν
2884 3876 2973 3924 καὶ
3001 3872 3084 3923 ἵνα
3104 3876 3175 3944 μὴ
3210 3877 3573 3945 φανερὼσωσιν
3596 3871 3756 3925 αὐτὸν
3787 3880 3900 3933 τοῖς

2288 3956 2569 4023 Ἰουδαίοις
2599 3978 2610 3989 ·
2641 3960 2856 4033 ὕστερον
2888 3956 2948 4012 δὲ
2979 3959 3209 4026 ἀνῆλθεν,
3258 3958 3543 4033 ἀρξαμένου
3582 3959 3770 4013 λοιπὸν
3802 3969 3897 4013 τοῦ

2290 4050 2453 4121 θυμοῦ
2482 4049 2649 4101 αὐτῶν
2678 4048 3135 4114 καταστέλλεσθαι,
3169 4053 3258 4101 καὶ
3290 4049 3371 4100 ἵνα
3393 4057 3588 4119 γνῶσιν
3618 4052 3667 4101 οἱ
3693 4046 3896 4103 δειλίαν

2286 4138 2445 4190 αὐτοῦ
2472 4143 2945 4210 καταγινώσκοντες
2975 4140 3055 4191 ὅτι
3084 4137 3178 4190 οὐκ
3197 4140 3310 4190 ἔστι
3337 4134 3526 4201 δειλὸς,
3560 4137 3668 4190 ἀλλ’
3698 4139 3895 4192 οἰκονο-

2284 4231 2456 4300 μικός.

2357 4316 2432 4368 Οὐ
2466 4348 2531 4356 -
2579 4325 2815 4390 κρυπτῷ.
2854 4314 2944 4377 Ὧς
2975 4319 3203 4389 κρυφίως
3234 4334 3246 4348 ·
3279 4317 3353 4367 ἔτι
3402 4316 3503 4391 γάρ
3548 4315 3893 4369 ὑπεστέλλετο

2284 4409 2565 4479 περιμένων
2594 4406 2937 4477 χαυνωθῆναι
2965 4403 3128 4457 τέλεον
3160 4407 3246 4456 τὸν
3290 4405 3471 4476 θυμὸν,
3500 4409 3592 4457 καὶ
3624 4407 3709 4457 ἱνα
3731 4412 3890 4477 μήπω

520 4493 1037 4553 buissetferocitas
1058 4493 1316 4559 illorum,
1333 4498 1389 4548 et
1412 4509 1486 4549 ne
1511 4498 1971 4564 cognosceretur
1994 4493 2171 4549 etiam

2298 4496 2492 4567 γνωσθῇ
2536 4491 2675 4566 μηδὲ
2710 4501 2819 4556 τοῖς
2849 4490 3089 4566 ἀδεὶφοῖς
3117 4493 3298 4548 αὐτοῦ.

521 4604 559 4645 a
589 4586 868 4642 fratribus
898 4584 1042 4639 suis.

592 4675 755 4732 Vers.
787 4675 874 4732 ll.
913 4672 1106 4729 Judwi
1135 4688 1274 4742 ergo
1300 4703 1367 4711 --
1393 4673 1564 4742 festo.
1598 4672 1849 4729 Pulchra
1878 4688 2019 4728 sane
2052 4672 2173 4729 illo-

517 4781 651 4822 rum
673 4779 858 4836 opera
877 4763 934 4818 in
960 4761 1172 4817 diebus
1195 4762 1373 4828 festis,
1399 4778 1532 4816 cum
1550 4761 1679 4817 illos
1710 4762 1891 4816 caedis
1916 4764 2175 4819 facerent

518 4853 919 4911 occasionem.
951 4852 1093 4907 Cum
1127 4851 1285 4905 enim
1314 4850 1372 4904 in
1400 4850 1546 4906 festo
1572 4850 1841 4906 occidere
1871 4866 2007 4905 eum
2041 4866 2175 4922 pro-

517 4942 885 5018 posuissent,
914 4943 1117 5012 utpote
1140 4944 1281 4995 tunc
1304 4940 1482 4995 etiam
1507 4939 1906 4996 adventurum
1932 4944 2174 5012 propter

589 5069 633 5105 ³¹
659 5069 826 5124 Joan.
862 5081 923 5133 γ,
947 5063 1033 5120 18.

2356 4675 2422 4726 Οἱ
2461 4669 2549 4725 οὖν
2598 4668 2852 4726 Ἰουδαῖοι
2895 4703 2964 4711 -
3008 4670 3181 4747 ἑορτῇ.
3236 4669 3381 4724 Καλοξ
3430 4691 3491 4743 γε
3705 4669 3866 4721 αὐτῶν

2284 4765 2351 4814 τά
2410 4760 2457 4813 ἐν
2510 4770 2621 4823 ταῖς
2693 4760 2888 4835 ἑορταῖς
2948 4763 3351 4835 κατορθώματα,
3428 4760 3647 4834 ἀφορμὴν
3713 4762 3864 4829 φονου

2283 4856 2606 4925 ποιουμένοις
2644 4851 2758 4923 (87)
2801 4850 2986 4913 αὐτάς.
3038 4848 3519 4922 Προμελετὴσαντες
3559 4850 3656 4925 γὰρ
3707 4844 3756 4898 ἰν
3807 4853 3871 4920 τῇ

2283 4939 2431 5016 ἑορτῇ
2478 4947 2656 4994 τοῦτον
2689 4938 2899 5009 ἀνελεῖν,
2931 4941 2995 5000 ὡς
3042 4945 3326 4997 τηνικαῦτα
3369 4934 3464 4991 διὰ
3510 4942 3607 4997 τὴν
3654 4941 3884 5009 πανήγυ-

1734 5187 1951 5258 Variae
1971 5187 2301 5259 lectiones
2331 5199 2395 5257 et
2428 5196 2633 5257 notae.

732 5361 815 5424 Εἰς
853 5360 1015 5435 αὐτήν

730 5362 1259 5507 ξὲρῗιῑὲἱῗνῇοοτεο
1276 5430 1685 5504 Chrysostomi
1704 5430 2040 5495 lectionem,
2062 5431 2165 5504 qni

586 5525 629 5559 ιι.
702 5521 809 5559 oco
861 5507 1004 5556 οὔπω
1082 5503 1284 5558 habet.
1345 5503 1485 5558 Vide
1543 5503 1848 5559 Chrvsost.
1913 5504 2048 5558 VIII.
2107 5521 2163 5559 τ).

513 5506 629 5570 οὐκ,
679 5503 830 5561 Ιοοο’
861 5507 1004 5575 οὔπω
1054 5503 1284 5575 habet.
1345 5503 1485 5558 Vide
1515 5503 1848 5575 ‘Chrysost.
1913 5504 2048 5558 VIII.
2090 5503 2163 5573 ’p.

510 5577 617 5634 285
646 5578 706 5632 E.
749 5574 1001 5645 Cyrillus
1053 5574 1233 5630 habet
1263 5575 1440 5630 etiam
1472 5573 1585 5643 οὐκ,
1642 5570 1790 5631 (om.
1849 5575 1935 5639 IV,
1972 5591 2029 5647 p.
2062 5570 2156 5631 401

512 5649 557 5705 Β
592 5664 661 5703 ac
690 5647 988 5715 deinceps.

606 5719 698 5791 84)
730 5717 963 5791 αφηρέθη
984 5716 1051 5791 B-

606 5719 676 5775 84
730 5736 764 5770 α
803 5719 963 5791 ῃρίθη
984 5719 1051 5772 Β.

583 5719 698 5877 ἱϐὕς
726 5737 798 5847 it;
818 5792 930 5858 est,
956 5787 1301 5864 οἰκονομικῶς
1323 5793 1492 5867 τηρεῖ.

2349 5359 2460 5433 (86)
2544 5356 2827 5433 Καταλέγει
2891 5355 3238 5433 αὐτῶν.--Α.
3310 5352 3892 5433 Lectionemmrece-

2275 5423 2451 5503 ptam'
2476 5423 2827 5502 comprobat
2855 5427 3036 5485 etiam
3086 5426 3396 5500 Chrysost.
3448 5429 3596 5481 tom.
3643 5423 3788 5491 VIII,
3822 5440 3887 5499 p.

2276 5503 2480 5646 é8?8“7|3).
2501 5571 2702 5646 Malim
2723 5573 3062 5644 ποιουμένων.
3098 5570 3295 5646 Potest
3322 5570 3540 5646 tamen
3557 5570 3616 5623 et
3640 5565 3760 5646 hoc
3785 5566 3891 5625 de-

2277 5638 2460 5704 fendi.
2491 5647 2573 5700 Ex
2603 5638 3048 5714 Chrysost'omo,
3086 5641 3191 5714 qui
3229 5638 3328 5699 hic
3376 5638 3889 5698 constructionem

2280 5717 2551 5785 mutavit,
2582 5714 2733 5773 nihil
2747 5714 3032 5772 efﬁcitur.
