4120 6310
299 414 442 471 1265
1288 386 1683 470 comam.
1732 413 1800 467 IN
1838 412 2192 469 JOANNEM.
2237 447 2298 455 —
2344 415 2502 470 CAP.
2555 415 2676 474 vn.
3522 401 3662 470 4266

293 561 376 614 ριν
410 545 500 593 καὶ
549 539 704 592 αὐτόν
741 543 1214 616 συμπαρεσόμενον,
1241 538 1585 609 ἠστόχησαν,
1623 544 1692 612 μὴ
1727 541 1899 612 εὑρισ-

2035 540 2308 599 ›ιιὶ)Ιὶοιιιῐι
2355 546 2739 606 conventum,
2795 557 2865 599 eo
2915 557 3035 599 non
3063 540 3321 608 invento,
3354 533 3495 599 hinc
3524 543 3662 599 inde

294 650 354 682 χο
360 634 510 702 μένου
525 673 536 686 .

2007 631 2291 687 errabant
2324 632 2431 702 (zz)
2478 675 2487 686 .

369 724 468 771 Καὶ
516 751 585 759 —-
630 717 816 779 ἐκεῖνος
850 737 862 786 ;
896 716 1026 771 Οὐδ’
1085 718 1335 792 ὀνομαστὶ
1387 724 1564 771 τοῦτον
1625 718 1897 791 βούλονται

2081 721 2246 776 Vers.
2309 723 2394 775 11.
2429 722 2506 776 Et
2554 751 2622 761 —
2677 722 2777 778 ille
2831 724 2858 778 ‘I
2888 725 3086 794 Neque
3111 737 3251 778 eum
3281 735 3392 777 suo
3417 720 3665 778 nomine

293 806 466 859 καλεῖν
502 803 595 860 διά
624 810 682 859 τό
726 815 874 880 μῖσος
903 825 915 838 ·
943 812 1079 880 ὅμως
1110 810 1134 860 ὁ
1165 808 1315 880 λόγος
1345 807 1576 881 ἐμφαίνει
1626 810 1896 880 χαῦνωσίν

2036 809 2285 865 'olebant
2311 810 2606 882 appellare
2634 816 2874 882 propter
2897 810 3105 866 odium
3139 809 3430 866 :ostendit
3462 813 3663 866 tamen

293 915 410 948 τινα
429 904 520 948 τοῦ
553 899 736 968 Θυμοῦ.

2007 913 2203 954 sermo
2243 900 2572 970 quemdam
2598 899 2698 955 ire;
2731 905 3026 955 tumorem
3058 901 3162 970 (a).

370 991 470 1037 Καὶ
503 1017 565 1025 --
591 987 790 1057 ὄχλοις.
820 987 1086 1058 Τάραχος,
1118 985 1402 1058 ἀντιλογία.

2077 989 2242 1045 Vers.
2281 991 2362 1044 1'2.
2403 991 2479 1043 Et
2523 1019 2589 1030 —-
2621 989 2830 1044 turbis.
2860 989 3138 1045 Turbalio
3169 993 3224 1045 et
3251 986 3662 1044 contradictio.

368 1077 434 1126 Οἱ
471 1106 530 1114 -
563 1073 722 1128 ἐστιν.
755 1077 820 1126 Οἱ
842 1071 1152 1151 ἀδιάφθοροι
1173 1079 1258 1127 τόν
1283 1084 1419 1129 νοῦν.

2078 1079 2240 1134 Vers.
2271 1079 2618 1146 12.0uidam
2645 1110 2712 1119 —
2751 1087 2848 1134 est.
2885 1079 2996 1144 Qui
3026 1078 3290 1134 videlicet
3318 1082 3511 1133 mente
3536 1092 3660 1133 cor-

2005 1167 2164 1237 rupti
2195 1183 2317 1223 non
2348 1173 2537 1224 erant.

367 1252 550 1306 ’Ἄλλοι
580 1284 645 1294 -
685 1257 899 1324 κόσμον.
936 1256 1000 1306 Οἱ
1032 1250 1413 1326 ὃιεγίάρμένοι.
1454 1258 1656 1326 Κόσμον
1699 1257 1814 1325 (88)
1837 1251 1896 1307 δε

2081 1259 2237 1312 Vers.
2273 1259 2508 1313 12.Αιίί
2537 1289 2604 1297 —
2635 1257 2942 1314 mundum.
2991 1258 3100 1323 Qui
3163 1259 3360 1313 mente
3404 1255 3663 1328 corrupti

292 1341 508 1413 λέγουσι
536 1345 594 1393 τὸ
629 1341 729 1399 πλῆ
741 1344 846 1402 Θος.

2004 1351 2190 1402 erant.
2221 1347 2502 1402 Mundum
2538 1350 2739 1401 autem
2767 1346 2908 1402 dicit
2937 1346 3400 1403 multitudinem.

367 1427 563 1491 Οὐδεὶς
585 1462 654 1470 —
688 1427 973 1484 Ἰουδαίων.
1010 1429 1195 1491 Οὐδεὶς
1227 1441 1325 1483 τῶν
1350 1431 1593 1502 λεγόντων
1625 1434 1705 1484 ὅτι
1735 1434 1896 1502 Ἀγα-

2076 1437 2238 1492 Vers.
2295 1441 2376 1492 t3.
2419 1436 2636 1492 Nullus
2673 1466 2743 1474 —
2771 1436 3130 1492 Iudaeorum.
3169 1434 3375 1491 Nullus
3428 1449 3660 1498 eorum,

296 1521 380 1579 θός
411 1517 546 1586 ἐστι,
588 1518 857 1593 παρρησίᾳ
886 1517 1048 1571 ἐλάλει
1095 1525 1210 1591 περὶ
1264 1519 1443 1583 αὐτοῦ,
1477 1524 1636 1592 ἤγουν
1677 1521 1748 1583 εἰς
1773 1519 1894 1578 ἐπή-

2032 1527 2106 1598 [ui
2138 1525 2412 1581 dicebant
2446 1543 2458 1577 :
2493 1527 2692 1580 Bonus
2717 1528 2825 1593 est,
2853 1525 3215 1596 loquebatur
3238 1523 3313 1579 de
3339 1540 3407 1580 eo
3436 1523 3659 1594 palam,

293 1628 412 1660 κοον
444 1616 543 1659 τῶν
570 1607 859 1681 ἁρχοντων,
893 1604 985 1660 διὰ
1013 1612 1098 1660 τόν
1130 1608 1279 1680 φόϐον
1313 1613 1498 1662 αὐτῶν.

2035 1615 2127 1670 ive
2159 1614 2536 1670 audientibus
2593 1613 3042 1684 magistratibus
3099 1616 3340 1685 propter
3383 1613 3662 1669 timorem

1826 1697 1833 1703 ’
2000 1704 2258 1762 illorum.

367 1783 511 1842 Ἤδη
546 1781 604 1837 δὲ
625 1817 691 1824 -
716 1787 866 1858 ἱερὸν.
897 1786 1009 1855 (89)
1033 1785 1211 1844 Ἀνέϐη
1235 1790 1324 1859 μὲν
1349 1788 1431 1840 ὅτε
1456 1790 1581 1858 ἔγνω
1614 1787 1894 1841 σϐεσθέντα

2075 1795 2234 1850 Vers.
2267 1794 2353 1848 14.
2391 1795 2538 1849 Cum
2560 1799 2756 1849 autem
2775 1794 2978 1863 jam—
3006 1793 3289 1861 templum
3323 1794 3376 1847 et
3397 1790 3658 1847 docebat.

293 1878 380 1926 τὸν
413 1876 575 1946 θυμόν
606 1878 774 1925 αὐτῶν
807 1893 819 1905 ο
867 1871 1122 1927 ἐδίδασκε
1153 1872 1210 1927 δὲ
1269 1872 1512 1928 δεικνύων
1544 1880 1602 1928 τό
1635 1875 1893 1934 ἀπτόητον

2034 1882 2282 1939 ιεοθηάίῐ
2312 1882 2569 1953 quidem,
2591 1897 2728 1936 cum
2746 1881 3122 1951 cognovisset
3148 1881 3502 1936 exstinctam
3527 1893 3661 1935 esse

293 1964 504 2016 ἑαυτοῦ.
535 1966 816 2026 Μεσοῦσης
866 1961 923 2015 δε
985 1973 1074 2023 τῆς
1131 1965 1311 2039 ἑορτῆς
1347 1975 1444 2016 τῶν
1503 1971 1890 2036 Σκηνοπηγίων,

2034 1972 2232 2027 .lorurn
2268 1971 2650 2026 ferocitatem.
2686 1971 2943 2028 Docebat
2967 1973 3189 2034 autem,
3218 1967 3540 2024 ostendens
3567 1966 3661 2024 sui

291 2057 454 2123 ἤγουν
484 2060 546 2124 τῇ
580 2054 798 2125 τετάρτη
828 2053 998 2125 ἡμέρᾳ
1029 2073 1040 2084 ·
1085 2053 1210 2105 ἑπτὰ
1265 2057 1362 2127 γὰρ
1417 2056 1608 2126 ἡμέρας
1639 2055 1892 2128 ἑώρταζον

2035 2061 2440 2116 .dmirationem
2458 2059 2878 2131 (b).Postquam
2893 2058 3205 2113 dimidium
3220 2056 3346 2112 festi
3361 2060 3662 2129 peractum

291 2145 480 2199 αὐτὴν.
2003 2153 2146 2215 erat,
2180 2154 2392 2220 quarto
2423 2147 2695 2203 videlicet
2715 2148 2810 2203 die
2840 2145 3344 2218 Scenopegiorum
3375 2161 3390 2213 ;
3415 2159 3555 2200 nam
3576 2160 3666 2202 se-

2003 2243 2166 2311 ptem
2185 2238 2396 2293 diebus
2420 2237 2522 2292 illa
2546 2236 2946 2293 celebrabant.

365 2324 471 2371 Καὶ
501 2324 571 2390 μὴ
605 2350 665 2358 -~
684 2321 998 2390 μεμαθηκώς
1026 2337 1038 2386 ;
1061 2321 1384 2393 Ἐθαύμαξον
1403 2323 1507 2393 οὺχ
1530 2321 1564 2373 ἂ
1591 2318 1892 2386 ἐδίδασκεν,

2076 2328 2216 2383 Vers
2230 2368 2243 2382 .
2270 2329 2440 2383 15.Ει
2457 2358 2526 2366 -
2543 2342 2672 2382 cum
2696 2341 2816 2381 non
2838 2324 3154 2382 didicerit?
3173 2324 3655 2391 admirabantur,

283 2407 426 2459 ἁλλὰ
455 2417 562 2469 πώς
593 2410 881 2482 γράμματα
939 2407 1049 2461 οἷὸε
1097 2415 1167 2482 μὴ
1225 2413 1553 2483 μεμαθηκώς.
1615 2417 1894 2463 Κατενόουν

2031 2432 2125 2472 non
2157 2433 2217 2471 ea
2248 2432 2383 2488 quae
2415 2415 2690 2479 docebat,
2720 2414 2825 2468 sed
2851 2416 3161 2485 quomodo
3191 2413 3412 2469 litteras
3435 2417 3658 2481 nosset,

283 2501 385 2569 γὰρ
419 2493 748 2568 ἂέὃίδασκε,
781 2500 960 2558 πάσης
1011 2501 1125 2568 (90)
1178 2503 1346 2570 μέστά
1398 2505 1600 2571 σοφίας,
1667 2506 1754 2551 καὶ
1803 2505 1896 2552 οῦκ

2033 2523 2141 2560 ιυω
2192 2521 2312 2559 non
2344 2503 2665 2558 didicisset.
2705 2501 3177 2557 Considerabant
3205 2501 3368 2558 enim
3413 2516 3487 2558 ea
3523 2516 3660 2573 quea

289 2588 415 2638 ἄνευ
443 2582 694 2646 εἰδήσεως
721 2589 1040 2658 γραμμάτων
1073 2596 1278 2639 τοιαῦτο
1311 2585 1571 2639 δύνασθαι
1620 2585 1896 2641 διδάσκειν

2034 2593 2257 2649 locebat
2286 2593 2450 2647 omni
2483 2592 2775 2664 sapientia
2804 2606 2935 2646 esse
2965 2589 3174 2662 plena:
3209 2605 3318 2646 nec
3347 2590 3491 2648 talia
3520 2605 3661 2646 eum

291 2674 671 2746 ὑπελάμϐανον.
705 2672 852 2727 Ἔδει
907 2672 964 2727 δὲ
997 2677 1184 2736 αὐτοὺς
1213 2675 1481 2727 κάντεῦθεν
1533 2672 1761 2726 συνιδεῖν
1816 2677 1896 2726 ὅτι

2033 2699 2181 2738 »οεεθ
2209 2682 2421 2736 docere
2450 2679 2869 2735 existimabant
2894 2679 3125 2751 absque
3149 2679 3484 2749 cognitione
3507 2679 3660 2735 litte-

295 2771 427 2824 Θεος
459 2763 596 2814 ἐστιν
631 2764 740 2833 (91)
773 2768 1078 2835 αὐτοσοςοίοι²
1129 2764 1285 2824 αὐτὸς
1329 2763 1540 2836 ἐξευρὼν
1566 2770 1738 2815 πᾶσαν
1771 2762 1893 2815 ὁδὸν

2035 2769 2497 2841 arum.0portuit
2514 2775 2714 2825 autem
2733 2783 3115 2839 cognoscere,
3130 2768 3294 2840 quod
3309 2767 3464 2824 Deus
3480 2771 3659 2835 esset,

296 2853 614 2922 ἐπιστήμης.

2035 2876 2132 2932 psa
2170 2858 2476 2930 sapientia,
2517 2865 2574 2914 et
2628 2857 2732 2930 qui
2763 2872 3006 2913 omnem
3059 2856 3447 2914 adinvenerat
3499 2857 3662 2914 viam

2006 2948 2329 3021 prudentiae
2347 2947 2415 3000 ³1.

368 3028 649 3103 Ἀπεκρίθη
714 3061 781 3068 -—
837 3049 917 3100 με.
977 3033 1046 3082 Τό
1107 3038 1193 3102 μῐν
1251 3031 1377 3102 Ἐμὴ
1445 3029 1650 3098 ἀληθὲς,
1713 3035 1769 3082 τό
1835 3027 1893 3082 δὲ

2075 3038 2239 3093 Vers.
2277 3040 2359 3092 16.
2393 3035 2713 3105 Respondit
2744 3065 2805 3076 --
2832 3050 2940 3092 me.
2983 3034 3153 3100 Quod
3183 3034 3324 3090 dicit
3346 3034 3495 3099 Mea,
3522 3033 3665 3090 veri-

294 3116 407 3168 Οῦκ
437 3118 533 3189 ἐμὴ
568 3118 888 3189 οἰκονομικόν
932 3138 942 3150 ·
1001 3118 1067 3178 εἰς
1115 3124 1268 3190 τιμὴν
1329 3117 1386 3171 δὲ
1443 3127 1532 3171 τοῦ
1567 3123 1768 3194 Πατρός
1806 3124 1892 3172 καὶ

2034 3131 2182 3182 atem
2198 3125 2458 3180 ostendit
2478 3142 2490 3190 ;
2509 3123 2675 3196 quod
2689 3125 2890 3179 autem
2910 3122 3019 3182 ait:
3045 3124 3167 3178 Non
3180 3139 3329 3187 mea,
3346 3123 3661 3194 dispensa-

293 3214 449 3271 Θεοῦ,
493 3213 581 3259 καὶ
636 3207 706 3266 εἰς
768 3204 1036 3269 ἀπόδειξιν
1083 3212 1546 3281 μετριοφροσύνης,
1600 3214 1688 3260 καὶ
1720 3209 1786 3268 εἰς
1834 3213 1891 3260 τό

2035 3215 2229 3270 ionem
2243 3213 2317 3270 ad
2333 3211 2755 3268 honorandum
2772 3215 2996 3267 Patrem
3013 3227 3080 3266 ac
3097 3213 3362 3275 Deum,et
3375 3211 3453 3266 ad
3467 3215 3662 3268 osten-

288 3297 533 3365 γενέσθαι
585 3295 745 3353 αὐτὴν
805 3293 1333 3370 εὖπαραὸεκτοτέράν.
1411 3302 1521 3348 Οὔκ
1579 3295 1756 3356 ἐπειδὴ
1836 3296 1893 3350 δε

2033 3305 2263 3359 [endam
2281 3302 2566 3357 modestia
2581 3317 2660 3365 m,
2686 3305 2866 3370 utque
2891 3299 3118 3354 facilius
3141 3298 3273 3370 ipsa
3289 3298 3660 3368 reciperetur.

291 3384 638 3456 οἰκονομικόν,
686 3382 779 3437 διὰ
835 3393 986 3437 τοῦτο
1060 3391 1150 3436 καὶ
1211 3383 1403 3456 ψευδές
1458 3407 1469 3419 ·
1534 3390 1597 3439 τὰ
1649 3390 1749 3460 γὰρ
1804 3394 1894 3438 τοῦ

2034 3397 2196 3464 teque
2225 3397 2421 3446 tamen
2443 3390 2518 3444 ob
2537 3389 2595 3443 id
2618 3388 2836 3444 falsum
2859 3392 2963 3452 est,
2981 3387 3125 3459 quia
3137 3387 3661 3457 dispensatorium;

291 3475 414 3526 Υἱοῦ
469 3476 670 3536 πάντως
733 3478 820 3524 καὶ
875 3481 965 3524 τοῦ
1035 3478 1256 3548 Πατρός,
1313 3477 1485 3548 ὥσπερ
1552 3480 1641 3527 καὶ
1689 3479 1752 3527 τὰ
1803 3484 1893 3528 τοῦ

2047 3498 2145 3537 am
2175 3497 2312 3552 quae
2342 3478 2465 3534 Filii
2515 3481 2671 3543 sunt,
2712 3476 2960 3531 omnino
3017 3481 3156 3531 sunt
3183 3481 3240 3531 et
3270 3475 3478 3537 Patris,
3513 3475 3666 3533 sicut

294 3565 498 3633 Πατρός
525 3565 729 3623 πάντως
760 3567 849 3614 καὶ
877 3570 964 3614 τοῦ
1022 3565 1145 3615 Υὶοῦ
1200 3581 1211 3592 ·
1265 3566 1412 3615 κοινὰ
1463 3567 1560 3637 γὰρ
1596 3563 1802 3636 ἀμφοῖν,
1832 3568 1895 3626 ὡς

2039 3571 2179 3626 tiam
2207 3585 2341 3640 quae
2393 3568 2601 3631 Patris,
2624 3565 2872 3621 omnino
2922 3569 3057 3620 sunt
3094 3569 3149 3620 et
3184 3563 3305 3620 Filii
3348 3580 3361 3619 :
3411 3569 3663 3636 utraque

290 3651 450 3710 ἴσοις.
2002 3659 2161 3714 enim
2200 3662 2337 3712 sunt
2363 3655 2663 3711 ambobus
2693 3653 3058 3717 communia,
3086 3657 3285 3724 utpote
3305 3651 3661 3724 aequalibus.

365 3741 461 3789 Καὶ
493 3739 608 3790 καθ’
638 3739 805 3812 ἕτερον
840 3737 898 3792 δὲ
935 3744 1120 3814 τρόπον
1149 3739 1454 3813 βαθύτερον.
1507 3742 1562 3794 Ἡ
1617 3747 1891 3814 φαινομένη

2073 3748 2198 3802 Alio
2239 3761 2472 3818 quoque
2529 3741 2916 3814 profundiore
2967 3741 3311 3798 intellectu:
3347 3741 3485 3809 Quae
3529 3758 3664 3797 mea

291 3823 386 3896 ἐμὴ
420 3823 628 3897 διδαχὴ
660 3830 750 3879 οὐκ
783 3831 921 3880 ἔστιν
954 3828 1046 3900 ἐμὴ
1085 3826 1224 3890 ἰδίως
1259 3850 1270 3861 ’
1296 3827 1419 3881 οὐδὲ
1445 3833 1541 3905 γὰρ
1569 3834 1677 3902 ἔχω
1710 3829 1848 3883 ὶὸίαν
1877 3850 1889 3862 ·

2039 3842 2248 3908 pparet
2277 3851 2403 3889 esse
2431 3831 2720 3898 doctrina,
2755 3845 2869 3885 non
2895 3833 2983 3884 est
3012 3846 3147 3885 mea
3182 3830 3437 3901 propria,
3470 3845 3662 3901 neque

291 3913 421 3966 ἀλλὰ
458 3924 548 3966 τοῦ
587 3923 782 3991 Πατρός
815 3920 973 3983 ἐστιν,
1003 3920 1069 3980 ὡς
1093 3917 1216 3988 ἐμοῦ
1245 3921 1309 3970 τὰ
1339 3919 1472 3970 αὐτὰ
1502 3919 1671 3990 ἐκείνῳ
1703 3917 1894 3972 διδάσ-

2039 3926 2159 3980 uim
2185 3923 2366 3978 ullam
2391 3922 2586 3977 habeo
2610 3919 2910 3991 prOpriam
2935 3937 2947 3986 ;
2973 3918 3080 3975 sed
3114 3918 3298 3974 Patris
3321 3922 3434 3982 est,
3458 3923 3661 3990 utpote

290 4023 470 4063 κοντος
501 4001 612 4070 διὰ,
643 4009 700 4056 τὸ
739 4006 922 4058 ταύτόν
954 4014 1048 4066 τῆς
1080 4010 1279 4077 φύσεως
1327 4014 1414 4059 καὶ
1468 4008 1579 4077 (92)
1619 4008 1888 4072 Θελήσεως,

2032 4014 2099 4069 llo
2158 4013 2371 4068 eadem
2427 4028 2530 4082 per
2561 4026 2654 4064 me
2709 4009 2980 4075 docente,
3027 4012 3270 4079 propter
3308 4012 3536 4063 naturas
3587 4023 3659 4064 ac

290 4097 381 4143 καὶ
413 4091 506 4144 du):
535 4098 591 4144 τό
623 4093 751 4146 εἶναί
779 4115 840 4165 με
869 4094 1017 4167 λόγον
1048 4095 1205 4146 αὐτοῦ
1243 4114 1253 4124 ·
1289 4097 1329 4147 εὶ
1367 4099 1464 4169 γὰρ
1497 4101 1585 4148 καὶ
1616 4097 1740 4154 οῖλλη
1770 4099 1894 4149 ὑπο-

2029 4100 2320 4157 'oluntatis
2349 4099 2738 4168 identitatem,
2769 4101 2824 4150 et
2852 4095 2994 4168 quia
3023 4096 3286 4151 Verbum
3311 4095 3468 4151 illius
3499 4111 3656 4163 sum;

293 4200 479 4242 στασις
519 4181 638 4254 ἐγὼ,
673 4182 778 4234 ἀλλ’
798 4184 932 4235 οὕτω
962 4183 1091 4254 λέγώ
1121 4189 1210 4236 καὶ
1237 4185 1448 4257 πράττω
1481 4188 1548 4245 ὡς
1584 4186 1892 4258 νομίζεσθαι

2032 4205 2354 4263 μιειηᾳυειω
2385 4188 2544 4242 enim
2571 4201 2678 4255 ego
2700 4185 2818 4240 alia
2835 4184 2944 4238 sim
2968 4184 3337 4257 hypostasis,
3357 4185 3438 4239 ita
3457 4189 3659 4240 tamen

291 4273 431 4340 ἡμᾶς
461 4272 529 4322 ἓν.
2001 4280 2135 4334 dico
2166 4294 2235 4333 ac
2267 4275 2417 4333 facio
2447 4275 2654 4331 omnia
2685 4278 2748 4328 ut
2776 4288 2887 4328 nos
2917 4289 3106 4329 unum
3135 4288 3262 4328 esse
3291 4273 3656 4345 intelligatis.

364 4358 479 4411 Ἐάν
528 4390 582 4398 -
611 4359 766 4412 λαλῶ.
802 4360 1016 4432 Θέλημα
1067 4369 1157 4413 τοῦ
1197 4369 1332 4415 Θεοῦ
1361 4362 1496 4432 λέγει
1528 4371 1616 4414 νῦν
1645 4367 1702 4415 τό
1742 4362 1892 4437 ἐργά-
1919 4349 1963 4403 D

2071 4368 2235 4422 Vers.
2276 4365 2356 4420 17.
2390 4365 2449 4421 Si
2505 4394 2569 4404 —
2611 4363 2846 4434 loquar.
2898 4361 3280 4418 Voluntatem
3337 4361 3436 4417 Dei
3487 4365 3660 4419 vocat

291 4447 476 4506 ζεσθαι
507 4453 598 4506 τὴν
632 4449 814 4522 ἀρετὴν
854 4456 939 4501 καὶ
977 4455 1256 4524 προσέχειν
1296 4459 1408 4513 ταῖς
1435 4457 1551 4524 περὶ
1582 4452 1736 4504 αὐτοῦ
1767 4473 1890 4527 προ-

2032 4471 2182 4523 ωηο,
2215 4453 2448 4525 operari
2476 4455 2773 4515 virtutem,
2800 4455 2854 4506 et
2882 4449 3226 4522 prophetiis,
3259 4466 3393 4522 quae
3423 4450 3496 4505 de
3525 4450 3659 4522 ipso

291 4542 544 4608 φητείαις.
575 4537 632 4589 Ἠ
663 4537 816 4609 ἀρετὴ
846 4543 934 4610 μεν
955 4542 1056 4613 γὰρ
1088 4541 1326 4612 καθαίρει
1359 4545 1444 4591 τόν
1485 4549 1602 4592 νοῦν
1638 4559 1648 4569 ·
1680 4544 1732 4592 αἱ
1764 4562 1888 4616 προ-

2034 4551 2157 4609 unt,
2203 4543 2506 4599 attendere
2539 4558 2552 4606 ;
2588 4541 2768 4594 virtus
2798 4539 3086 4610 siquidem
3125 4543 3341 4610 purgat
3370 4543 3657 4608 mentem,

292 4632 497 4696 φητείαι
537 4622 594 4678 δὲ
626 4623 981 4679 διδάσκουσιν
1021 4627 1176 4679 αὐτόν
1215 4629 1505 4699 τηλαυγῶς.
1555 4629 1664 4701 ἠδ’
1705 4631 1887 4683 ἑαυτοῦ

2024 4633 2325 4702 ηὀρὴοῐὶεε
2347 4646 2481 4686 vero
2497 4629 2694 4701 ipsam
2710 4627 2903 4682 lucide
2919 4628 3207 4683 docent.A
3226 4626 3426 4698 seipso
3445 4631 3651 4685 autem

292 4709 352 4766 δὲ
379 4714 518 4767 λαλεί
547 4716 572 4766 ό
606 4718 671 4767 τὰ
699 4725 788 4768 τοῦ
819 4713 958 4768 ἰδίου
1021 4717 1299 4789 θελήματος
1329 4717 1512 4774 λαλῶν.
1547 4715 1673 4772 Εἶτα
1709 4718 1889 4791 ἐπάγει

2027 4722 2278 4794 oquitur,
2305 4720 2410 4791 qui
2439 4735 2511 4774 ea
2539 4731 2672 4789 quae
2699 4732 2815 4770 suae
2837 4719 2978 4771 sunt
3000 4715 3340 4780 voluntatis,
3371 4714 3654 4787 loquitur.

290 4807 379 4854 καὶ
407 4803 752 4878 συλλογισμὸν
791 4804 1177 4880 ἀναντίρρητον.

2030 4810 2217 4866 Deinde
2246 4809 2422 4865 etiam
2462 4805 2872 4878 syllogismum
2899 4803 3146 4871 inducit,
3189 4804 3287 4860 cui
3317 4803 3657 4862 nullatenus

2001 4898 2181 4972 possit
2210 4895 2549 4954 contradici.

1497 5020 1721 5087 Variae
1757 5021 2080 5091 lectiones
2123 5030 2189 5089 et
2219 5029 2421 5088 notae.

362 5159 405 5194 ³¹
459 5203 469 5214 .
515 5161 849 5229 Bar.m,37.

362 5257 476 5330 (88)
510 5256 754 5330 Scilicet.
800 5259 930 5314 loco
961 5259 1139 5330 ὄχλον,
1172 5258 1308 5328 legit
1337 5259 1554 5330 κόσμον.
1581 5259 1889 5329 Negligen-

649 5266 754 5320 cet.
800 5259 930 5314 loco
961 5259 1139 5330 ὄχλον,
1172 5258 1308 5328 legit
1337 5259 1554 5330 κόσμον.
1581 5259 1889 5329 Negligen-
2001 5259 2273 5315 ἐδίδασκε.

317 5328 327 5339 .
362 5279 476 5338 (σο)
510 5279 754 5339 δυιιιιᾳθι.
800 5279 930 5314 IOCO
961 5279 1139 5330 exime,
1172 5279 1308 5328 legit.
1337 5279 1554 5384 κοσρον.
1582 5279 1889 5329 tVeglIgen-

292 5334 370 5384 tia
399 5326 459 5382 id
483 5330 716 5402 accidit.
750 5333 894 5386 Nam
936 5337 990 5385 et
1014 5331 1319 5402 Chrysost.
1351 5344 1428 5384 vu
1455 5334 1661 5402 gutum
1693 5333 1886 5396 habet,

1250 5279 1308 5328 ςιι
1337 5279 1437 5310 κοσ
1480 5279 1554 5311 ον.
1582 5279 1889 5329 negugen-
2001 5279 2274 5315 εσιοασχε.

1250 5334 1319 5385 st.
1351 5279 1661 5402 vurgatum
1693 5333 1886 5396 habet,
2069 5335 2185 5399 (90)
2218 5333 2356 5388 Μετὰ
2388 5332 2564 5402 πάσης
2605 5332 2788 5402 σοφίας
2816 5333 2877 5384 Α.

291 5406 442 5473 tom.
483 5399 622 5469 vm,
661 5419 718 5469 p.
755 5405 855 5457 288
882 5405 939 5455 et
966 5405 1088 5456 289.
1131 5399 1145 5402 '
1359 5472 1362 5473 ί
1461 5399 1478 5402 ‘
1605 5472 1610 5473 ί

1461 5399 1478 5402 ⁷
1605 5472 1610 5473 γ
2070 5406 2184 5469 (91)
2214 5402 2406 5458 Malim
2443 5401 2602 5468 ἐστιν,
2635 5399 3009 5473 ἡάὐτοσόφία.

364 5472 478 5544 (89)
529 5476 738 5528 Neuter
792 5489 1059 5528 meorum
1126 5472 1395 5544 agnoscit
1445 5472 1743 5530 vocabula
1800 5480 1888 5528 καὶ

1353 5472 1395 5528 it
1445 5472 1743 5530 vocabula
1800 5480 1888 5528 καὶ
2071 5477 2185 5547 (9'2)
2216 5479 2314 5528 Καὶ
2348 5474 2621 5535 θελήσεως.
2662 5472 2976 5528 Αὺευηίᾼ.

364 5647 468 5721 (zz)
501 5650 588 5730 Eo
614 5665 733 5706 non
760 5682 840 5730 _—
878 5650 1180 5706 errabant.
1232 5648 1592 5706 Exciderunt
1643 5656 1884 5719 conatu,
1997 5653 2246 5730 missam
2279 5666 2409 5730 esse
2438 5649 2619 5730 Paulo
2651 5654 2786 5705 ante
2819 5653 2905 5730 est
2935 5652 3296 5730 χαυνωθῆναι.
3463 5717 3476 5730 θ

291 5718 390 5796 illo
426 5718 541 5796 non
573 5723 833 5796 invento.
1276 5793 1296 5796 _
1585 5792 1599 5796 _
1651 5793 1663 5796 _
1873 5718 1876 5719 ⁷
2067 5725 2145 5796 (ὁ)
2194 5723 2301 5779 δαί
2337 5722 2795 5778 admirationem.
2855 5718 3319 5795 [inperterritum
3380 5718 3654 5775 animum

365 5792 442 5863 (a)
480 5793 751 5859 Quaedam
793 5794 895 5849 irae
939 5800 1240 5851 tumorem.
1275 5793 1430 5850 Iram
1462 5792 1776 5865 paululum
1801 5809 1887 5851 re-
1996 5792 2194 5854 suum.
