4120 6310
539 357 565 420 1
580 362 677 419 267

608 489 777 547 Vers.
824 490 910 546 18.
973 488 1086 560 Qui
1113 523 1181 534 -
1219 498 1320 550 est.
1384 492 1642 550 Gloriam
1695 491 1964 564 intelligit
1990 494 2104 549 hoc
2133 494 2195 549 in

537 580 670 637 loco
700 581 988 636 honorem
1027 601 1038 639 :
1074 598 1217 637 nam
1251 583 1474 655 ubique
1501 584 1719 638 Patrem
1744 599 1812 638 ac
1842 586 2024 638 Deum
2046 599 2198 654 prte-

538 670 822 742 ponebat,
851 671 992 726 etad
1017 671 1181 726 illum
1204 674 1407 728 omnia
1428 673 1738 728 referebat.
1759 674 1934 726 etiam
1956 673 2198 743 propria

539 775 722 832 opera
749 778 762 814 :
790 760 892 831 qui
914 775 1025 828 ego
1047 760 1298 829 gloriam
1327 778 1498 817 suam
1523 777 1642 816 non
1659 762 1984 833 quaerebat,
2009 777 2194 833 quam

538 849 618 904 ob
646 865 892 904 causam
923 848 1117 904 aliena
1134 850 1419 905 docturus
1451 851 1620 906 erat?
1643 851 1744 921 qui
1778 855 1977 905 autem
2005 850 2201 905 aliena

537 953 658 1002 non
691 937 881 1003 docet,
913 938 1017 993 sed
1039 955 1174 1009 quae
1204 939 1360 994 illius
1409 945 1568 1008 sunt,
1619 939 1724 1012 qui
1781 940 1938 995 misit
1978 939 2197 1010 ipsum,

541 1027 784 1082 omnino
813 1041 991 1083 verax
1023 1033 1136 1084 est.

614 1117 687 1172 Et
707 1116 839 1170 vide
852 1117 1154 1187 quomodo
1177 1134 1386 1174 omnes
1405 1118 1483 1174 ad
1501 1117 1844 1190 ﬁdem,qua3
1859 1118 1915 1173 in
1933 1133 1994 1172 se
2007 1120 2204 1183 est,at-

540 1205 833 1270 trahebat,
857 1221 927 1261 ac
949 1207 1185 1262 dicebat
1205 1223 1216 1259 :
1236 1208 1344 1272 Qui
1357 1224 1469 1262 non
1487 1209 1731 1264 honorat
1749 1208 1968 1262 Filium
1984 1223 2096 1262 non
2111 1207 2204 1259 ho-

539 1302 716 1350 norat
743 1296 1006 1361 Patrem,
1037 1296 1139 1367 qui
1167 1299 1322 1352 misit
1349 1298 1520 1352 illum
1547 1303 1592 1332 ³²
1622 1314 1634 1362 ;
1661 1297 1959 1368 siquidem
1989 1313 2060 1351 ex
2091 1297 2206 1351 hoc

540 1385 842 1456 prOpriam
873 1384 1125 1454 gloriam
1153 1401 1420 1457 quaerere
1451 1386 1788 1441 videbatur.
1823 1389 1947 1441 Non
1983 1389 2202 1449 tamen,

541 1473 714 1546 quasi
735 1473 988 1544 propriae
1008 1479 1241 1530 amator
1263 1475 1482 1546 gloriae,
1503 1475 1631 1530 htec
1655 1474 1892 1530 dicebat
1913 1480 2013 1528 aut
2035 1473 2207 1528 facie-

541 1563 664 1627 bat,
711 1563 814 1618 sed
845 1565 1012 1634 quasi
1050 1565 1362 1620 hominum
1419 1565 1666 1636 cupiens
1707 1564 1956 1619 salutem
2016 1581 2026 1618 :
2065 1579 2204 1617 nam

542 1652 696 1707 hanc
722 1667 828 1723 per
848 1652 1044 1715 ﬁdem,
1075 1668 1208 1723 qua}
1234 1653 1290 1708 in
1313 1653 1509 1725 ipsum
1531 1659 1676 1716 erat,
1701 1668 2020 1724 procurare
2036 1667 2207 1722 opor-

543 1743 721 1796 tebat.
752 1741 920 1796 Pater
951 1758 1210 1814 namque
1226 1743 1372 1797 dixit
1401 1759 1413 1795 :
1441 1743 1545 1798 Hic
1561 1750 1644 1798 est
1670 1743 1858 1796 Filius
1880 1756 2036 1796 meus
2065 1740 2204 1794 dite-

1866 363 2214 421 EUTHYMII
2253 359 2589 420 ZIGABEN!

3805 361 3946 417 1268

2377 490 2436 544 Ὀ
2467 523 2534 532 -
2561 490 2721 544 ἐστιν.
2750 490 2909 554 Δόξαν
2940 489 3159 545 ἐνταῦθα
3190 495 3284 550 τὴν
3331 495 3488 565 τιμήν
3528 510 3694 563 φησι.
3737 496 3949 543 Παντα-

2307 589 2411 653 χοῦ
2441 584 2541 654 γὰρ
2569 584 2654 633 τόν
2688 585 2894 655 Πατέρα
2923 587 3011 633 καὶ
3029 585 3149 634 Θεὸν
3176 583 3454 655 προετίθει,
3479 584 3743 650 καὶαὺτῷ
3771 582 3947 630 πάντα

2310 669 2544 735 ἀνετίθει,
2577 675 2666 723 καὶ
2697 675 2763 722 τὰ
2801 670 2986 722 ἑαυτοῦ
3028 672 3430 743 κατορθώματα.
3468 675 3553 728 Μὴ
3605 671 3806 730 ζητῶν
3861 663 3946 720 οὖν

2311 757 2467 822 δόξαν
2511 756 2674 824 ἰδίαν,
2708 765 2850 819 τίνος
2877 760 3038 812 ἕνεκεν
3069 759 3266 831 ἔμελλεν
3292 761 3440 834 ἕτερα
3467 755 3772 812 διδάσκειν
3812 775 3827 823 ;
3857 761 3939 813 Μὴ

2311 845 2583 901 διδάσκων
2617 845 2674 900 δὲ
2698 849 2864 922 ἔτερα,
2892 847 3017 900 ἀλλὰ
3055 851 3120 900 τὰ
3148 855 3236 900 τοῦ
3265 847 3566 920 πέμψαντος
3596 847 3800 914 αὐτόν,
3826 843 3942 902 ἁλη-

2315 939 2404 999 Θής
2436 938 2549 990 ἐστι
2571 939 2789 999 πάντως.

2387 1120 2486 1168 Καὶ
2521 1124 2623 1175 πῶς
2649 1115 2762 1187 (93)
2793 1115 2991 1174 πάντας
3033 1114 3167 1166 sibi:
3209 1117 3333 1187 πρὸς
3359 1118 3451 1171 τὴν
3486 1113 3558 1174 εἰς
3589 1114 3797 1166 ἑαυτὸν
3834 1119 3935 1164 πίσ-

2313 1225 2408 1268 τιν,
2464 1209 2552 1256 καὶ
2595 1203 2776 1274 ἔλεγεν,
2835 1203 2892 1255 Ὀ
2950 1208 3021 1275 μὴ
3079 1211 3240 1274 τιμῶν
3293 1207 3380 1255 τόν
3429 1204 3548 1255 Υὶὸν
3579 1203 3646 1254 οὐ
3690 1207 3836 1273 τιμᾷ
3866 1203 3935 1251 τὸν

2318 1299 2522 1366 Πατέρα
2554 1297 2638 1345 τόν
2677 1292 2956 1364 πέμψαντα
2986 1297 3140 1344 αὐτόν
3175 1309 3188 1359 ;
3223 1289 3368 1344 δοκεί
3390 1294 3488 1365 γὰρ
3517 1290 3765 1344 ἐντεῦθεν
3791 1287 3936 1351 δόξαν

2318 1379 2458 1435 ἰδίαν
2509 1385 2700 1444 ζητεῖν.
2736 1381 2870 1435 Ἀλλ’
2917 1386 3022 1452 οὐχ
3075 1384 3140 1441 ὡς
3189 1377 3349 1443 δόξης
3387 1377 3532 1441 ἰδίας
3585 1379 3730 1454 ἐρῶν
3783 1388 3939 1430 ταντα

2317 1469 2474 1523 ἐποίει
2504 1476 2592 1522 καὶ
2645 1470 2829 1542 ἔλεγεν,
2884 1469 2990 1521 ἀλλ’
3042 1473 3111 1530 ὡς
3158 1468 3310 1522 θέλων
3368 1473 3462 1526 τὴν
3523 1473 3808 1542 σωτηρίαν
3849 1476 3940 1519 τῶν

2318 1557 2596 1630 ἀνθρώπων
2627 1577 2638 1588 ·
2679 1560 2809 1616 αὕτη
2864 1562 2965 1633 γὰρ
3005 1555 3096 1611 διὰ
3148 1567 3243 1618 τῆς
3269 1558 3335 1618 εἰς
3367 1561 3523 1610 αὐτόν
3556 1562 3824 1623 πίστεως,
3857 1561 3943 1607 καὶ

2318 1649 2421 1718 οὐχ
2453 1648 2652 1720 ἑτέρως,
2713 1647 2883 1720 ἔμελλε
2931 1649 3192 1718 γίνεσθαι,
3245 1654 3432 1704 Εἰοηκε
3483 1650 3587 1720 γὰρ
3639 1649 3668 1697 ὁ
3711 1652 3893 1717 Πατήρ
3929 1665 3939 1676 -

2319 1737 2484 1796 Οὗτός
2512 1736 2649 1788 ἐστιν
2679 1739 2704 1788 ό
2735 1739 2854 1797 Υἱός
2882 1757 2982 1808 μου
3015 1739 3040 1788 ό
3072 1736 3356 1807 ἀγαπητός,
3391 1739 3438 1787 ἓν
3559 1735 3682 1805 (94)
3719 1732 3943 1789 εὐδόκη-

544 1835 684 1899 ctus,
717 1831 779 1884 in
818 1846 931 1900 quo
961 1832 1103 1886 mihi
1128 1831 1547 1899 complacitum
1581 1838 1685 1897 est,
1717 1831 1907 1898 ipsum
1936 1829 2202 1892 audite”,

2327 1846 2390 1878 σα
2417 1845 2428 1856 ·
2465 1829 2624 1878 αὑτοῦ
2674 1825 2902 1893 ἀκούετε,
2937 1831 3025 1878 καὶ
3066 1825 3198 1877 ἄλλα
3235 1825 3398 1877 πολλὰ
3431 1833 3660 1876 τοιαῦτα
3718 1821 3818 1876 διὰ
3849 1833 3943 1875 τῶν

545 1919 782 1991 aliaque
815 1920 1000 1976 multa
1038 1921 1387 1990 hujusmodi
1432 1936 1538 1991 per
1575 1919 1920 1991 prophetas.

615 2009 779 2063 Vers.
819 2009 901 2064 18.
931 2010 1034 2063 Est
1060 2041 1127 2048 —
1148 2013 1248 2065 est.
1284 2011 1483 2079 Neque
1513 2009 1668 2063 enim
1699 2007 1952 2076 injustus
1973 2012 2077 2072 est,
2104 2005 2204 2078 qui

545 2097 676 2166 ejus
707 2097 914 2168 quaerit
941 2097 1212 2164 gloriam,
1246 2097 1348 2169 qui
1392 2097 1551 2152 misit
1581 2096 1767 2151 illum.
1825 2097 2076 2159 Quidam
2106 2111 2207 2150 au-

547 2189 665 2242 tem
696 2185 1046 2255 injustitiam
1079 2187 1189 2241 hoc
1233 2187 1294 2241 in
1322 2187 1454 2242 loco
1499 2186 1882 2241 mendacium
1914 2184 2208 2240 intellexe-

545 2278 704 2329 runt.
737 2273 1011 2329 Plurimae
1054 2275 1254 2347 itaque
1303 2281 1469 2330 erant
1523 2292 1740 2339 causae,
1799 2291 1903 2330 cur
1959 2273 2209 2329 humilia

547 2363 810 2418 Christus
837 2363 1168 2434 loqueretur
1198 2383 1210 2419 :
1237 2369 1362 2420 tum
1387 2381 1459 2420 ne
1487 2363 1790 2434 ingenitus
1819 2379 1946 2418 esse
1973 2368 2208 2434 putare.

549 2456 660 2517 tur,
704 2456 804 2508 aut
834 2453 952 2508 Deo
991 2454 1324 2509 contrarius
1356 2453 1692 2508 crederetur
1732 2472 1744 2519 ;
1779 2451 1856 2507 ad
1896 2453 2044 2519 haec,
2077 2467 2210 2522 pro-

547 2545 679 2613 pter
703 2541 1042 2597 auditorum
1072 2542 1532 2598 imbecillitatem
1557 2559 1571 2607 ;
1603 2547 1904 2612 prieterea,
1937 2546 1998 2595 ut
2020 2541 2210 2596 homi-

551 2645 656 2685 nes
677 2629 914 2686 doceret
937 2632 1237 2686 modestos
1271 2647 1424 2699 esse,
1453 2635 1506 2687 et
1525 2631 1669 2686 nihil
1688 2631 1760 2685 de
1784 2647 1844 2684 se
1877 2629 2023 2701 ipsis
2052 2645 2211 2699 mag~

551 2718 798 2774 niﬁcum
814 2717 1009 2774 dicere
1038 2735 1051 2783 ;
1083 2718 1352 2784 demum,
1388 2726 1449 2774 ut
1479 2723 1766 2790 tanquam
1801 2718 1984 2772 homo
2016 2715 2211 2788 loque-

551 2811 730 2872 retur,
755 2823 825 2862 ac
843 2812 1081 2878 propter
1105 2807 1221 2862 alia
1249 2807 1608 2877 bujusmodi.
1640 2807 1820 2864 Unica
1846 2812 2044 2862 autem
2075 2822 2212 2861 cau-

554 2912 621 2952 sa
647 2899 772 2950 erat
792 2911 897 2950 cur
927 2895 1204 2950 sublimia
1233 2895 1594 2968 loqueretur,
1630 2895 1918 2951 celsitudo
1941 2894 2214 2951 videlicet

553 2983 902 3040 divinitatis.

625 3072 776 3139 Quia
815 3087 955 3128 vero
1001 3071 1272 3127 hiJudeei
1324 3073 1445 3129 duo
1475 3072 1725 3129 crimina
1769 3074 1883 3144 ipsi
1923 3074 2214 3144 impinge-

552 3162 719 3229 bant,
753 3165 894 3232 puta
913 3161 1055 3231 legis
1081 3162 1640 3231 transgressionem,
1664 3167 1721 3217 et
1741 3163 1902 3235 quod
1928 3165 2042 3217 Deo
2060 3167 2215 3218 esset

554 3251 905 3316 contrarius,
931 3251 1087 3322 quod
1118 3251 1448 3308 Sabbatum
1476 3253 1744 3316 solveret,
1764 3270 1833 3308 ac
1859 3257 2087 3308 Patrem
2117 3270 2217 3307 su-

553 3357 654 3396 um
683 3339 903 3396 diceret
940 3356 1071 3395 esse
1105 3343 1308 3409 Deum,
1339 3341 1631 3413 tequalem
1659 3358 1788 3397 sese
1820 3342 2045 3397 faciens
2078 3345 2212 3407 Deo,

552 3428 732 3485 veluti
749 3429 1000 3500 septimo
1022 3430 1215 3502 capite
1238 3431 1588 3501 pradictum
1616 3438 1703 3487 est
1733 3433 1779 3466 ³⁸
1804 3449 1816 3487 :
1843 3433 1915 3486 de
1944 3447 2064 3486 uno
2095 3431 2216 3501 qui~

554 3517 690 3573 dem
711 3517 792 3573 ibi
817 3519 1125 3589 respondit
1146 3519 1251 3586 eis,
1275 3525 1535 3586 ostenso,
1560 3521 1724 3591 quod
1748 3523 1867 3576 Deo
1882 3519 2216 3576 contrarius

554 3622 674 3664 non
697 3609 852 3661 esset
887 3623 898 3661 :
933 3607 1006 3662 de
1032 3608 1215 3662 altero
1247 3613 1444 3663 autem
1479 3624 1637 3664 nunc
1657 3611 1994 3680 respondet,
2025 3614 2081 3664 et
2120 3624 2217 3662 os-

556 3693 764 3757 tendit,
794 3693 928 3750 illos
960 3697 1151 3767 potius
1173 3711 1301 3750 esse
1328 3696 1475 3767 legis
1505 3704 1998 3768 transgressores.

626 3874 788 3928 Vers.
820 3877 902 3930 19.
931 3874 1138 3930 Nonne
1165 3905 1234 3915 —
1268 3876 1441 3946 legem
1469 3877 1498 3930 ?
1540 3877 1747 3946 Legem
1811 3876 2216 3933 universaliter

557 3961 836 4033 appellat,
861 3962 1077 4033 legalia
1108 3969 1574 4036 praecepta,qu2e
1605 3965 1766 4019 dedit
1801 3968 2003 4029 Moses,
2025 3982 2160 4020 cum
2182 3982 2218 4022 a

555 4052 674 4106 Deo
699 4051 826 4122 ipsa
853 4051 1170 4119 detulisset,
1200 4058 1256 4107 et
1277 4069 1346 4107 ea
1373 4053 1486 4107 illis
1519 4053 1868 4124 scripsisset.
1896 4054 2220 4123 Interrogat

553 4153 694 4207 ergo
723 4139 965 4195 :Nonne
983 4141 1164 4195 Moses
1178 4140 1340 4196 dedit
1363 4141 1520 4195 vobis
1547 4143 1740 4210 legem,
1767 4158 1945 4212 quem
1968 4143 2220 4198 honora-

555 4227 644 4291 tis,
676 4231 735 4280 et
765 4242 872 4297 pro
901 4243 1023 4299 quo
1058 4227 1438 4295 belligeratis,
1469 4231 1572 4299 qui
1612 4229 1846 4285 locutus
1897 4237 1986 4286 est
2016 4235 2162 4286 Deus
2194 4233 2222 4288 ’ἲ

629 4316 784 4370 Vers.
822 4315 905 4369 19.
940 4316 1015 4370 Et
1048 4347 1114 4356 —
1149 4318 1350 4386 legem,
1384 4349 1435 4358 —
1468 4319 1656 4382 Facit,
1691 4317 1834 4384 sive,
1866 4323 2087 4376 Servat.
2122 4321 2225 4389 De_

556 4403 692 4459 inde
743 4405 922 4461 etiam
979 4405 1166 4473 addit,
1219 4408 1525 4478 quomodo
1583 4423 1701 4462 non
1735 4421 1973 4464 servent
2008 4409 2222 4480 legem,

569 4551 571 4554 ς
628 4495 889 4551 Vers.19.
920 4495 1066 4562 Quid
1091 4525 1158 4536 —
1178 4495 1498 4553 interﬁcere
1523 4495 1716 4550 ?Cum
1745 4496 1834 4552 lex
1861 4497 2019 4553 dicat
2049 4516 2058 4552 :
2089 4501 2224 4555 Non

552 4583 794 4648 occides,
810 4584 956 4655 quid
977 4600 1070 4640 me
1092 4585 1358 4640 occidere
1379 4585 1654 4649 nitimini,
1669 4601 1858 4657 neque
1875 4587 2072 4656 legem
2099 4605 2225 4643 ser-

555 4676 785 4738 vantes,
815 4676 1210 4744 nequeMosen
1233 4673 1418 4739 veriti,
1441 4675 1543 4746 qui
1566 4691 1700 4730 eam
1728 4675 1900 4730 vobis
1929 4677 2168 4733 tradidit
2200 4695 2229 4751 τ

558 4759 939 4830 impudentiae
968 4762 1266 4834 siquidem
1294 4769 1399 4828 est,
1422 4763 1568 4832 legis
1605 4780 1892 4820 accusare
1918 4767 1994 4834 (ε)
2036 4769 2225 4821 trans-

559 4863 859 4920 gressores
899 4850 1016 4908 alia
1052 4851 1200 4923 legis
1228 4852 1722 4924 transgressione.

631 5001 676 5034 ³²
713 5001 860 5058 Joan
890 5017 946 5068 v,
975 5006 1063 5059 23.
1144 5005 1189 5038 ³³
1217 5006 1370 5060 Matt.
1396 5019 1532 5068 xvu,
1562 5005 1614 5058 5.

1697 5007 1742 5040 ³⁴
1781 5007 1950 5062 Joan.
1989 5023 2040 5073 v,
2077 5008 2162 5063 t8.

2319 1924 2617 1989 προφητῶν.

2393 2009 2492 2056 Καὶ
2525 2035 2590 2043 -
2629 2006 2790 2057 ἔστιν.
2826 2006 2934 2054 Οὐκ
2966 1999 3152 2065 ἄδικος
3198 2005 3296 2076 γὰρ
3335 2004 3359 2054 ό
3414 2003 3589 2063 ζητῶν
3645 2006 3750 2058 τὴν
3785 1997 3938 2062 δόξαν

2319 2100 2409 2144 τοῦ
2439 2093 2736 2164 πέμψαντος
2767 2092 2940 2146 αὐτόν.
2992 2095 3136 2154 Τινὲς
3185 2088 3243 2144 δὲ
3274 2088 3486 2144 ἀδικίαν
3537 2092 3620 2142 ἐπὶ
3666 2098 3768 2142 τοῦ
3811 2108 3937 2162 παρ-

2321 2186 2459 2241 όντος
2507 2185 2564 2233 τό
2635 2177 2830 2252 ψεῦδος
2906 2179 3142 2239 ἐνόησαν.
3221 2187 3323 2233 Τοῦ
3399 2183 3489 2252 μὲν
3573 2176 3666 2231 οὖν
3726 2181 3937 2231 ταπεινά

2321 2272 2639 2342 φθέγγεσθαι
2669 2273 2755 2321 τόν
2797 2273 3024 2344 Χριστόν
3080 2269 3244 2322 πολλὰ
3285 2272 3351 2321 τὰ
3401 2273 3567 2334 αἴτια,
3627 2273 3691 2320 τὸ
3748 2273 3822 2340 μὴ
3865 2287 3936 2318 νο-

2320 2361 2575 2430 μισθῆναι
2629 2357 2922 2429 ἀγέννητον,
2973 2361 3028 2411 τό
3081 2363 3152 2430 μὴ
3198 2354 3349 2420 δόξαι
3394 2355 3649 2426 ἀντίθεον,
3680 2360 3740 2408 τό
3793 2354 3933 2408 ἀσθε-

2320 2451 2394 2508 νὲς
2448 2458 2546 2499 τῶν
2605 2450 2916 2512 ἀκουόντων,
2998 2451 3055 2499 τὸ
3111 2443 3389 2499 διδάσκειν
3459 2450 3579 2506 τοὺς
3634 2446 3931 2520 ἀνθρώπους

2323 2544 2704 2609 μετριοφρονεῑν
2763 2542 2849 2589 καὶ
2916 2533 3081 2608 μηδὲν
3139 2540 3274 2607 μέγα
3328 2534 3491 2606 λέγειν
3545 2541 3669 2606 περὶ
3723 2535 3921 2596 ἑαυτῶν,

3763 2631 3848 2675 τοῦ
3873 2619 3923 2674 δὲ

2324 2714 2501 2784 ὑψηλὰ
2535 2717 2647 2785 (95)
2680 2716 2996 2786 φθέγγεσθαι
3026 2718 3122 2786 μία
3171 2713 3334 2780 αἰτία,
3367 2715 3424 2764 τό
3451 2712 3587 2784 ὕψος
3620 2722 3713 2772 τῆς
3762 2714 3914 2767 9:611-

2325 2822 2432 2864 τος.

2324 2630 2381 2677 τό
2433 2628 2502 2687 ὡς
2553 2627 2821 2700 ἄνθρωπον
2867 2625 3056 2695 λέγειν,
3115 2629 3202 2676 καὶ
3253 2623 3379 2676 ἀλλὰ
3429 2624 3652 2676 τοιαῦτα
3690 2644 3703 2655 ·

2397 3073 2536 3125 Ἐπεὶ
2569 3068 2627 3124 δὲ
2658 3074 2706 3124 οὶ
2739 3067 2986 3125 Ἰουδαῖοι
3016 3071 3159 3124 οὗτοι
3190 3071 3300 3142 (96)
3352 3067 3448 3122 δύο
3477 3070 3768 3144 ἐγκλήματα
3786 3067 3884 3121 ἐπῆ-

2324 3181 2413 3231 γον
2468 3161 2628 3231 αὐτῷ,
2680 3165 3004 3234 παρανομίαν
3043 3165 3132 3212 καὶ
3176 3158 3454 3228 ἁντιθεῖαν,
3517 3161 3606 3212 ότι
3644 3179 3690 3212 τε
3720 3157 3810 3209 {me
3836 3156 3884 3204 τὸ

2328 3248 2586 3302 Σάϐϐατόν
2617 3254 2705 3301 καὶ
2735 3252 2811 3300 ὅτι
2847 3252 3051 3321 Πατέρα
3103 3249 3240 3300 ἴδιον
3285 3248 3426 3318 ἔλεγε
3483 3252 3574 3300 τὸν
3623 3253 3764 3308 Θεὸν,
3802 3240 3899 3295 im

2327 3340 2502 3393 ἑαυτὸν
2533 3347 2692 3390 ποιῶν
2843 3346 2978 3408 Θεῷ,
3029 3339 3196 3398 καθὼς
3227 3336 3274 3388 ἐν
3301 3345 3373 3406 τῷ
3428 3333 3640 3408 ἑϐδόμῳ
3678 3333 3905 3407 κεφαλαίῳ

2326 3435 2632 3504 προείρηται
2655 3440 2667 3459 ⁸
2703 3433 2820 3503 περὶ
2841 3429 2930 3499 μὲν
2953 3434 3046 3479 τοὺ
3059 3427 3162 3487 ἑνός
3193 3425 3295 3479 ἐκεῖ
3321 3429 3516 3486 τούτοις
3539 3425 3904 3496 ἀπελογήσατο,

2328 3515 2497 3580 δείξας
2537 3519 2616 3568 ὅτι
2647 3517 2740 3568 οὐκ
2776 3520 2913 3569 ἔστιν
2964 3514 3192 3577 ἀντίθεος
3223 3533 3232 3544 ·
3263 3520 3380 3586 περὶ
3420 3511 3478 3567 δί
3509 3524 3603 3567 τοῦ
3646 3515 3810 3585 ἐτέρου
3834 3519 3910 3562 νυν

2327 3607 2657 3678 ἀπολογεῖται
2687 3611 2776 3658 καὶ
2809 3602 3072 3658 δείκνυσιν
3105 3607 3184 3657 ὅτι
3238 3603 3387 3656 αὐτοὶ
3429 3604 3539 3676 (97)
3592 3603 3783 3676 μᾶλλόν
3823 3600 3914 3652 εἰσι

2325 3698 2640 3770 παράνομοι.

2397 3875 2746 3945 οὑ-νόμον
2805 3889 2817 3938 ;
2882 3871 3186 3933 Καθολιχῶς
3223 3871 3358 3941 λέγει
3419 3875 3574 3942 νόμον
3641 3873 3734 3932 τὰς
3786 3886 3911 3938 "°i“°

2326 3968 2421 4025 κάς
2456 3963 2659 4023 ἐντο)ἁς
2688 3962 2749 4022 ἃς
2778 3958 2976 4014 δέδωκε
3013 3959 3132 4031 (98)
3168 3968 3394 4020 Μωϋσῆς
3424 3958 3478 4011 ἐκ
3526 3968 3620 4011 του
3668 3966 3796 4012 Θεοῦ
3838 3974 3910 4005 xo-

2329 4058 2489 4124 μίσας
2521 4053 2682 4112 αὐτὰς
2737 4056 2824 4102 καὶ
2853 4049 3063 4124 γράψας
3102 4054 3297 4109 ταύτας
3343 4049 3535 4109 αὐτοῖς.
3569 4047 3767 4121 Ἐρωτᾲ
3789 4041 3865 4096 οὖν
3895 4058 3905 4068 ·

2332 4147 2406 4195 Οὐ
2484 4145 2710 4200 Μωυσῆς
2777 4135 2962 4192 ἔδωκεν
3019 4138 3130 4209 (99)
3183 4139 3301 4210 ὑμῖν
3367 4140 3452 4190 τόν
3507 4138 3746 4208 νόμον,ό
3799 4129 3903 4198 παρ’

2334 4233 2452 4304 ὑμῖν
2491 4237 2770 4301 τιμώμενος
2815 4233 2904 4280 καὶ
2945 4223 3328 4298 ἀδικούμενος,
3363 4225 3693 4296 ᾧλε).οί).ηκεν
3722 4225 3893 4278 όΘεός.

2408 4324 2505 4372 Καὶ
2537 4351 2597 4357 -
2647 4324 2820 4388 νόμον.
2853 4347 2917 4356 -—
2954 4323 3114 4380 Ποιεῐ,
3144 4320 3303 4386 ἤγουν
3326 4322 3503 4384 Τηρεῖ.
3547 4311 3678 4369 Εἶτα
3720 4311 3902 4381 προστίο

2339 4412 2462 4466 θησι
2487 4413 2575 4460 καὶ
2598 4416 2706 4469 πῶς
2728 4407 2783 4458 οὐ
2807 4414 3032 4477 τηροῦσι
3061 4409 3147 4457 τόν
3177 4409 3348 4476 νόμον.

2405 4503 2466 4549 Τί
2494 4529 2561 4536 —
2588 4495 2884 4547 ἀποκτεῖναι
2917 4511 2931 4558 ;
2954 4501 3056 4546 Τοῦ
3084 4498 3242 4564 νόμου
3267 4493 3471 4563 λέγοντο
3483 4513 3522 4554 ς,
3557 4493 3632 4544 Οὐ
3657 4490 3888 4562 φονεύσεις,

2335 4593 2385 4640 τί
2419 4607 2481 4658 με
2508 4581 2834 4644 σπουδάζετε
2861 4590 3125 4654 φονεῦσαι,
3177 4588 3308 4653 μήτε
3339 4583 3418 4652 (1)
3447 4581 3601 4632 αὑτὸν
3642 4583 3878 4658 τπιοοῠντξς,

2337 4682 2467 4750 μήτε
2497 4678 2581 4727 τόν
2625 4676 2851 4726 Μωυσέα
2881 4668 3200 4742 αἰδούμενοι,
3256 4673 3341 4722 τὸν
3392 4666 3653 4722 δεδωκότα
3680 4667 3775 4734 ὑμῖν
3800 4667 3870 4705 au-

2335 4771 2418 4818 τόν
2459 4780 2473 4829 ;
2508 4759 2714 4824 ἀναιδὲς
2756 4764 2856 4836 γὰρ
2894 4765 3008 4821 τους
3039 4764 3366 4833 παρανόμους
3393 4758 3612 4831 ἐγκαὶείν
3643 4753 3770 4824 ἑτέρῳ
3795 4763 3860 4796 πα

2334 4859 2602 4932 ρανομίαν.

1796 5158 2017 5226 Variae
2047 5159 2368 5228 lectiones
2409 5168 2475 5228 et
2506 5168 2704 5225 notae.

639 5322 751 5397 (93)
794 5327 1109 5404 [lentenius
1160 5331 1296 5385 ante
1339 5331 1430 5390 πός
1480 5327 1801 5401 interponit
1831 5330 1944 5404 ὅρα,
1979 5346 2095 5402 quo
2143 5334 2226 5387 ta-

569 5405 705 5469 men
737 5412 857 5469 non
879 5403 973 5469 est
1007 5415 1184 5469 opus.

642 5468 756 5534 (94)
786 5465 1074 5525 ιίὑὸόκησα
1107 5480 1167 5525 Α.

641 5535 753 5605 (95)
775 5538 996 5606 ’Υψηλόν
1021 5544 1085 5594 Α.

651 5610 762 5683 (96)
794 5610 955 5661 Οὗτοι
992 5611 1160 5667 abest
1197 5615 1263 5666 Α.

2406 5331 2522 5398 (97)
2555 5330 2717 5385 Αὐτοὶ
2744 5331 2912 5387 abest
2947 5336 3010 5387 A.

2407 5399 2518 5473 (98)
2549 5399 2783 5473 Λιέδωκε
2816 5409 2874 5457 Α.

2405 5471 2518 5541 (99)
2543 5471 2766 5525 Δέδωκεν
2799 5477 2866 5528 Α.

2408 5546 2484 5618 (1)
2510 5549 2606 5598 Τόν
2639 5549 2814 5616 νόμον.

645 5763 813 5835 Legis
832 5777 1129 5829 accusare,
1159 5766 1264 5820 etc.
1297 5765 1424 5831 Eos,
1453 5764 1556 5838 qui
1581 5763 1740 5836 leges
1776 5766 2016 5834 violant,
2052 5768 2232 5825 alium
2271 5782 2574 5832 accusare,
2612 5771 2672 5822 ut
2704 5766 2805 5841 qui
2847 5765 3006 5836 leges
3033 5765 3285 5822 violarit.
