4120 6310
309 364 451 423 1269

387 492 667 565 Ἀπεκρίθη
719 523 787 533 -
844 491 1192 558 ἀποκτεῖναι;

309 585 660 655 χαριζόμενος
709 589 816 644 τοῖς
864 584 1118 656 ἄρχουσι.
1185 590 1284 636 Καὶ
1359 580 1641 658 ὑϐρίζουσι
1697 591 1786 658 μὲν
1831 591 1916 640 τόν

311 679 470 742 τιμῆς
520 671 769 737 ἐπέκεινα,
828 671 894 731 εἰς
943 678 1097 743 τιμὴν
1149 669 1305 730 δῆθεν
1365 682 1466 725 τῶν
1521 673 1714 747 ὕϐρεως
1763 675 1917 738 ἀξίων

313 761 585 833 ἀρχόντων
619 777 630 788 ·
664 758 934 834 ἀρνοῦνται
968 757 1025 812 δὲ
1055 765 1137 812 τὸν
1173 766 1320 834 φόνον
1363 759 1457 814 διὰ
1502 767 1560 815 τὸ
1604 767 1787 836 μύσος,
1829 771 1918 817 καὶ

317 848 398 898 ἶνα
437 845 727 919 ἀφύλακτος
752 848 932 900 λοιπόν
961 859 1196 921 καταστῇ
1232 857 1340 912 τοῖς
1386 850 1773 906 ἐπιϐουλεύουσι

317 940 467 996 Γνοὺς
513 933 571 988 δὲ
601 937 787 998 αὐτοὺς
829 936 1312 1009 ἀναισχυντοῦντας
1367 946 1456 992 καὶ
1509 941 1574 1002 εἰς
1625 941 1784 1016 ὀργὴν
1814 946 1885 994 πά

313 1023 394 1076 λιν
462 1027 912 1097 ὑποκινουμένους,
955 1026 1142 1099 ἀφίησι
1212 1032 1302 1100 μεν
1359 1029 1444 1082 ἐπὶ
1512 1030 1659 1083 πλέον
1721 1031 1912 1102 ἐλέγξαι

313 1117 548 1178 τούτους,
590 1118 673 1166 ἵνα
712 1119 782 1186 μὴ
843 1114 1309 1192 ἀναισχυντότεροι
1341 1123 1626 1189 γένωνται’
1678 1125 1767 1172 καὶ
1813 1122 1913 1195 γάρ

313 1203 408 1254 οὐκ
437 1202 668 1256 ἐϐούλετο
695 1214 924 1275 συνεχῶς
952 1209 1037 1256 τὸν
1058 1207 1217 1277 θυμὸν
1241 1206 1408 1258 αὐτῶν
1423 1207 1674 1270 ἐξάπτειν·
1697 1209 1916 1262 ἅπτεται

312 1287 372 1344 δέ
402 1300 492 1354 τῆς
525 1291 807 1364 ἀπολογίας
837 1302 934 1356 τῆς
972 1299 1088 1366 περὶ
1117 1303 1207 1346 τοῦ
1235 1294 1521 1348 Σαϐϐάτον.

381 1470 660 1543 Ἀπεκρίθη
716 1503 785 1510 -
835 1473 1150 1543 θαυμάζετε.
1203 1473 1289 1526 ’Ἐν
1336 1478 1480 1548 ἔργον
1527 1474 1683 1546 λέγει,
1727 1481 1820 1534 τὴν
1865 1475 1912 1527 ἐν

308 1559 556 1631 Σαϐϐάτῳ
604 1562 777 1632 ὑγείαν
823 1570 912 1613 τοῦ
967 1563 1246 1634 τριάκοντα
1297 1570 1386 1615 καὶ
1434 1564 1568 1615 ὀκτὼ
1627 1568 1710 1622 ἔτη
1767 1568 1913 1636 ἔχον-

309 1668 396 1708 τος
427 1649 475 1700 ἐν
512 1658 572 1707 τῆ
631 1650 889 1721 ἀσθενείᾳ,
922 1657 1040 1722 περὶ
1091 1651 1148 1703 οὗ
1195 1656 1252 1703 τό
1303 1650 1522 1724 ἕϐδομον
1585 1657 1781 1728 ἱστορεί
1823 1674 1911 1707 κε-

310 1738 544 1807 φάλαιον.
607 1744 704 1790 Καὶ
770 1742 950 1800 πάντες
1010 1740 1319 1812 θαυμάζετε,
1372 1746 1533 1812 ἤγουν
1588 1742 1908 1817 θορυϐεῖσθε,

1300 341 1683 423 COMMENT.
1730 369 1797 426 IN
1825 370 2165 429 JOANNEM.
2209 401 2272 414 _
2315 370 2471 428 CAP.
2513 370 2633 426 vn.

1247 492 1306 547 Ὀ
1360 488 1520 565 ὄχλος
1571 502 1725 550 τοῦτό
1786 517 1907 570 φησι

2097 497 2262 553 Vers.
2293 497 2384 553 20.
2428 494 2741 567 Respondit
2772 525 2839 534 —
2863 490 3212 561 inter/icere.
3241 487 3363 546 Hoc
3392 484 3536 544 dicit
3563 489 3688 544 tur-

3554 356 3691 420 1270

2029 586 2125 653 ba,
2153 587 2361 643 volens
2392 603 2517 642 rem
2546 590 2779 655 gratam
2813 585 3097 654 praestare
3127 575 3606 647 magistratibus.
3633 577 3692 632 et

2027 692 2166 731 eum
2189 676 2548 749 quiomnem
2575 673 2805 730 excedit
2837 673 3127 726 honorem
3149 666 3372 738 injuria
3397 665 3686 730 afﬁciunt,

2028 763 2085 818 in
2112 765 2363 832 gratiam
2395 763 2740 836 primatum,
2782 762 2883 833 qui
2915 758 3134 831 injuria
3163 755 3328 826 digni
3361 757 3548 810 erant.
3577 755 3689 809 Ne-

2028 857 2391 922 gantautem
2423 868 2485 908 se
2518 851 2940 924 illiprocurare
2966 847 3194 903 caedem
3238 848 3482 916 propter
3507 841 3687 898 scele-

2029 941 2103 995 ris
2128 941 2496 1009 gravitatem,
2527 951 2584 996 et
2640 945 2704 996 ut
2748 939 2983 995 incaute
3022 935 3301 1006 deinceps
3349 930 3685 997 ambulans,

2027 1031 2356 1086 traderetur
2408 1027 2879 1086 insidiatoribus.
2913 1027 3022 1098 (-H-
3055 1024 3256 1082 Sciens
3303 1026 3527 1086 autem,
3580 1036 3686 1076 eos

2024 1119 2401 1190 impudentes
2429 1135 2561 1176 esse
2583 1136 2649 1174 ac
2673 1133 2876 1174 rursus
2897 1117 2975 1172 ad
3001 1115 3154 1171 iram
3185 1111 3438 1177 incitari,
3466 1109 3688 1167 omittit

2025 1209 2262 1280 quidem
2292 1210 2485 1279 magis
2501 1225 2604 1266 eos
2631 1222 2900 1279 arguere,
2925 1221 3000 1262 ne
3024 1201 3495 1276 impudentiores
3514 1198 3682 1256 ﬁant.

2025 1298 2270 1354 Nolebat
2299 1298 2458 1353 enim
2490 1298 2774 1354 continuo
2815 1311 2918 1352 eos
2968 1293 3046 1350 ad
3085 1293 3238 1348 iram
3281 1289 3683 1346 inﬂammare.

2024 1386 2225 1458 Incipit
2255 1393 2456 1442 autem
2488 1386 2902 1442 defensionem
2934 1386 3170 1455 propter
3201 1378 3574 1449 Sabbatum.)

2098 1478 2253 1531 Vers.
2283 1477 2371 1530 21.
2415 1475 2728 1545 Respondit
2758 1505 2826 1513 —
2858 1469 3186 1529 miramini.
3214 1500 3282 1508 —-
3317 1469 3504 1524 Unum
3534 1481 3684 1536 opus

2021 1563 2182 1628 dicit,
2216 1564 2372 1620 illius
2405 1565 2462 1619 in
2515 1563 2772 1620 Sabbato
2804 1561 3196 1623 curationem,
3229 1557 3330 1628 qui
3361 1555 3599 1625 triginta
3627 1560 3685 1610 et

2022 1658 2155 1708 octo
2185 1654 2445 1709 annosin
2479 1654 2818 1708 infirmitate
2842 1651 3088 1718 vixerat,
3120 1647 3196 1703 de
3221 1661 3338 1718 quo
3357 1644 3679 1716 septimum

2020 1747 2226 1798 narrat
2255 1747 2456 1812 caput.
2497 1743 2568 1797 Et
2595 1756 2793 1798 omnes
2819 1737 3145 1802 miramini,
3180 1734 3304 1790 sive
3329 1731 3678 1797 turbamini,

308 1827 668 1898 ταράττεσθεο
705 1826 846 1878 οὗτοι
899 1831 999 1902 γὰρ
1059 1825 1192 1884 ἦσαν
1251 1830 1300 1880 οἱ
1361 1836 1474 1881 τότε
1527 1835 1766 1900 μανέντες
1821 1836 1907 1883 καὶ

2022 1836 2126 1886 aut
2153 1831 2600 1888 tumultuamini
2635 1847 2648 1898 ;
2677 1846 2820 1886 nam
2879 1827 2939 1884 hi
2965 1831 3155 1891 erant,
3202 1824 3307 1896 qui
3333 1838 3404 1878 ex
3435 1837 3504 1878 eo
3536 1825 3681 1878 tem-

310 1917 483 1966 ἔκτοτε
551 1915 823 1977 ζητοῦντες
888 1916 1046 1968 αὐτὸν
1101 1915 1419 1971 ἀποκτεῖναι.
1475 1915 1597 1971 Εἶτα
1638 1919 1775 1990 λέγει
1831 1921 1910 1972 ὅτι

311 2008 544 2063 Μωυσῆς
600 2001 895 2078 παρέδωκεν
955 2006 1132 2067 αὐτοῖς
1199 2011 1292 2063 τὴν
1346 2012 1648 2078 περιτομὴν,
1707 2015 1796 2060 καὶ
1861 2007 1908 2060 ἐν

309 2090 557 2163 Σαϐϐάτῳ
588 2097 1000 2165 περιτέμνουσιν,
1038 2097 1157 2146 ὅταν
1209 2091 1417 2153 δηλαδὴ
1452 2098 1481 2154 η
1535 2093 1698 2166 ὀγδόη
1742 2098 1910 2170 ἡμέρα

303 2188 393 2233 τοῦ
432 2177 651 2233 παιδίου
701 2182 770 2242 εἰς
809 2181 1069 2234 Σαϐϐατον
1126 2190 1424 2257 καταντήσῃ
1457 2205 1468 2216 ο
1513 2187 1689 2237 ἔπειτα
1729 2186 1909 2240 συλλο-

300 2270 530 2340 γίξεται,
565 2271 644 2322 ὃτι
679 2271 734 2324 Εἰ
764 2275 1122 2344 περιτέμνεται
1149 2275 1420 2347 οἶνθρῳπος
1464 2273 1513 2325 ἐν
1548 2274 1791 2346 Σαϐϐάτῳ
1823 2278 1906 2345 (τὸ

304 2356 364 2412 δὲ
394 2363 709 2432 περιτέμνειν
754 2362 946 2432 ἔργον),
991 2370 1095 2421 πῶς
1135 2363 1229 2414 οὐκ
1273 2362 1526 2433 ἐγκαλεῖτε
1577 2371 1788 2417 Μωυσεῖ
1833 2373 1904 2435 τῷ

304 2447 631 2520 ἐντειλαμένῳ
664 2452 809 2520 ἔργον
841 2449 889 2501 ἐν
923 2449 1165 2521 Σαϐϐάτῳ
1198 2471 1214 2522 ;

380 2540 473 2589 Διά
510 2569 566 2580 —-
620 2539 908 2612 ἄνθρωπον.
939 2543 1008 2590 T6
1055 2543 1148 2590 Διά
1188 2548 1344 2592 τοῦτο
1375 2542 1468 2592 οὐκ
1526 2545 1637 2593 ἔστι
1686 2549 1774 2592 νυν
1816 2543 1903 2594 αἱ-

305 2625 616 2696 τιολογικὸν,
708 2626 813 2677 ἀλλ’
889 2627 1063 2687 ἀπλώς
1139 2636 1306 2680 κεῖται
1405 2632 1540 2680 κατά
1630 2632 1903 2686 συνήθειαν

307 2714 604 2788 Ἐϐραῑκήν.
665 2720 816 2786 Λέγει
866 2714 924 2767 δὲ
971 2717 1051 2767 ότι
1116 2724 1348 2776 Μωυσῆς
1412 2714 1710 2790 παρέδωκεν
1783 2720 1904 2790 υμῖν

306 2807 399 2860 τὴν
481 2809 784 2876 περιτομὴν,
875 2810 965 2856 καὶ
1085 2803 1132 2855 ἐν
1251 2804 1496 2876 Σαϐϐάτῳ
1583 2810 1902 2878 περιτέμνετε

305 2893 594 2962 ἄνθρωπον·
664 2895 729 2943 τα
780 2889 830 2943 δ’
889 2892 939 2944 ἐν
1010 2902 1080 2962 τῷ
1136 2897 1278 2964 μέσῳ
1341 2894 1476 2965 ῥητά
1526 2897 1735 2960 τέθεικε,
1797 2892 1904 2947 δει-

303 2982 466 3030 κνύων
529 2981 628 3043 ὃτι,
683 2981 740 3034 Ei
789 2986 878 3033 καὶ
934 2989 1161 3042 Μωυσῆς
1207 2979 1504 3054 παρέδωκεν
1551 2985 1670 3054 ὑμῖν
1721 2984 1899 3050 αὐτὴν,

304 3065 408 3119 ἀλλ’
441 3068 528 3119 οὗν
578 3068 895 3141 παλαιοτέρα
941 3070 1098 3122 αὐτοῦ
1161 3067 1242 3128 ἦν.
1299 3076 1434 3128 Φησὶ
1489 3074 1606 3144 γάρ·
1653 3073 1764 3144 Οὐχ
1823 3075 1899 3126 ὅτι

301 3156 357 3209 ἐκ
402 3165 490 3209 τοῦ
567 3163 827 3219 Μωϋσέως
887 3159 1021 3226 ἐστι,
1087 3164 1330 3212 τουτέστι
1403 3158 1705 3234 Παρέδωκεν
1780 3165 1900 3235 ὑμῖν

303 3247 484 3311 αὐτὴν,
518 3246 620 3318 οὐχ
653 3249 732 3299 ὅτι
774 3247 827 3298 ἐκ
858 3257 952 3308 τῆς
1001 3249 1158 3300 αὐτοῦ
1214 3251 1512 3320 νομοθεσίας
1564 3249 1733 3324 ἀρχὴν
1773 3253 1898 3324 λαμ-

300 3335 462 3401 ϐάνει,
517 3337 622 3407 οὐχ
672 3339 752 3388 ὅτι
805 3339 974 3389 ἔκτοτε
1027 3356 1270 3410 αρχεται,
1330 3337 1436 3388 ἀλλ’
1495 3338 1549 3389 ἐκ
1607 3349 1704 3390 τῶν
1749 3347 1902 3394 πατέ-

298 3444 399 3496 ρων
463 3424 600 3492 ἐστὶ,
659 3434 758 3476 των
809 3431 927 3497 περί
964 3425 1200 3498 Ἀϐραάμ
1257 3444 1267 3455 ·
1325 3429 1497 3497 ἐκείνῳ
1548 3430 1648 3500 γὰρ
1709 3433 1900 3499 πρώτῳ

301 3513 506 3570 ἐνετάλη
527 3533 538 3544 ·
573 3519 662 3566 καὶ
687 3515 822 3585 ὅμως
840 3513 1144 3566 ἐπείσακτον
1168 3512 1355 3568 δοκοῦν
1377 3522 1682 3588 κυριώτερον
1704 3521 1901 3585 γίνεται

300 3610 391 3653 τοῦ
427 3601 714 3654 Σαϐϐάτου.

368 3691 427 3743 Εἰ
475 3723 536 3730 -
581 3690 863 3763 Σαϐϐάτῳ;
904 3692 1014 3745 Ἵνα
1067 3698 1138 3764 μὴ
1198 3691 1424 3766 ἀθετηθῇ
1481 3696 1505 3745 6
1545 3699 1701 3767 νόμος
1749 3702 1900 3748 Μωυ-

305 3782 452 3843 σέως,
498 3782 523 3831 ό
577 3786 693 3854 περὶ
741 3789 833 3840 τῆς
875 3789 1178 3856 περιτομῆς.
1233 3789 1334 3834 Τοῦ
1383 3788 1642 3846 Μωυσέως
1697 3780 1755 3836 δε
1812 3785 1902 3836 αὖ·

301 3871 386 3920 τὸν
446 3865 602 3936 εἶπεν,
660 3872 723 3930 ὡς
781 3869 866 3920 ὑπ’
917 3871 1076 3922 αὐτοῦ
1121 3868 1503 3942 παραδοθέντα,
1545 3875 1717 3934 καθὼς
1764 3873 1898 3946 είρή-

298 3977 475 4028 καμεν.
554 3964 690 4016 Φησὶ
763 3963 932 4010 τοίνυν
1003 3961 1084 4011 ότι
1164 3961 1223 4012 Ei
1287 3965 1571 4034 περιτομὴν
1650 3961 1899 4034 λαμϐάνει

299 4048 566 4121 ἄνθρωπος
638 4049 686 4099 ἓν
763 4046 1027 4119 Σαϐϐάτῳ,
1093 4047 1206 4120 ἐμοὶ
1270 4048 1562 4123 ὀργίζεσθε,
1623 4052 1704 4102 ὅτι
1779 4051 1897 4103 ὅλου

298 4135 567 4210 ἀνθρώπου
612 4137 786 4206 ὑγείαν
836 4137 1180 4210 εἰργασάμην,
1234 4136 1433 4209 ἀφέντες
1476 4139 1640 4209 χολᾴν
1686 4147 1901 4192 Μωυσεῖ

297 4229 396 4297 πρό
447 4224 571 4297 ἔμου
610 4233 680 4295 τῷ
746 4224 1075 4297 ἐπιτρέψανιι
1128 4225 1443 4300 ἐργάζεσθαι
1509 4233 1791 4300 περιτομὴν
1847 4229 1895 4282 ἐν

301 4312 545 4384 Σαϐϐάτῳ
577 4333 589 4378 ;

364 4401 515 4456 Ὀλον
571 4400 628 4456 δε
676 4405 944 4476 ἄνθρωπον
1013 4408 1201 4479 εἴρηκε,
1264 4401 1402 4456 διότι
1455 4405 1566 4458 ὅλον
1632 4410 1688 4458 τό
1744 4417 1896 4480 σῶμα

296 4491 455 4542 αὑτοῦ
482 4492 912 4564 παραλελυμένον,
954 4491 1067 4544 ὅλον
1097 4495 1239 4563 ὑγιὲς
1269 4492 1510 4551 εποίησεν
1546 4516 1558 4528 ’
1605 4495 1632 4552 ἦ
1667 4493 1892 4563 ἐνέφηνεν

296 4582 372 4632 ὅτι
421 4579 478 4631 οὐ
524 4585 580 4631 τό
629 4589 781 4653 σῶμα
824 4587 998 4652 μόνον,
1055 4580 1181 4634 ἀλλά
1228 4588 1316 4634 καὶ
1365 4587 1458 4640 τὴν
1521 4583 1706 4655 ψυχὴν
1734 4583 1894 4636 αὐτοῦ

298 4668 623 4741 ἐθεράπευσε.

371 4763 455 4816 Μὴ
492 4790 557 4796 —
602 4758 739 4828 ὅφιν.
788 4763 872 4816 Μὴ
910 4763 1103 4832 κρίνετε
1147 4760 1680 4833 προσωποληπτικῶς,
1709 4759 1893 4812 ἐκεῖνον

298 4849 386 4917 μεν
415 4849 481 4907 ὡς
506 4848 627 4919 παρ’
659 4849 779 4918 ὑμῖν
829 4852 987 4919 μέγαν
1035 4853 1122 4900 καὶ
1174 4846 1377 4911 ἔνδοξον
1429 4849 1650 4920 ἀφιέντες
1700 4851 1890 4916 αἰτίας,

297 4934 385 5007 ἐμὲ
418 4931 476 4988 δι
508 4938 570 4996 ὡς
601 4936 771 4994 εὐτελῆ
805 4941 893 4989 καὶ
927 4934 1116 4999 ἄδοξον
1147 4942 1462 5010 αἰτιώμενοι.

370 5022 522 5075 Ἀλλά
581 5055 648 5064 -
680 5029 902 5098 κρίνατε.
958 5030 1042 5083 Μὴ
1094 5030 1218 5099 πρὸς
1263 5030 1325 5079 τὰ
1377 5031 1633 5102 πρόσωπα
1677 5026 1895 5100 βλέπον-

297 5129 399 5180 τες,
451 5111 577 5165 ἀλλὰ
625 5116 754 5186 πρὸς
800 5116 867 5165 τὰ
915 5115 1220 5186 πράγματα.
1291 5120 1388 5168 Καὶ
1442 5115 1622 5189 ἑτέρως
1659 5119 1781 5191 γάρ·
1834 5117 1890 5170 Ἠ

2019 1935 2162 1991 pore
2177 1920 2538 1976 insanientes
2552 1918 2905 1991 quaerebant
2927 1932 3063 1972 eum
3086 1913 3427 1970 interﬁcere.
3458 1909 3682 1967 Deinde

2019 2007 2101 2063 ait
2133 2025 2145 2062 :
2179 2008 2362 2064 Moses
2394 2008 2644 2064 tradidit
2690 2008 2848 2064 vobis
2900 2005 3422 2066 circumcisionem,
3455 1999 3509 2055 ei
3537 1999 3681 2054 Sab-

2015 2097 2160 2154 bato
2174 2097 2629 2164 circumcidunt,
2649 2097 2895 2170 quando
2926 2094 3199 2150 videlicet
3227 2095 3473 2148 octavus
3493 2087 3681 2144 infan-

2019 2187 2088 2242 tis
2119 2186 2244 2242 dies
2275 2186 2542 2244 Sabbato
2571 2185 2910 2243 occurrerit.
2939 2187 3068 2240 Jam
3116 2195 3258 2251 ergo
3297 2181 3680 2249 argumenta-

2019 2281 2154 2331 tur:
2201 2275 2256 2331 Si
2313 2275 2578 2332 Sabbato
2635 2274 3075 2331 circumciditur
3111 2271 3315 2336 homo,
3366 2265 3680 2340 quomodo

2015 2379 2158 2433 ergo
2192 2363 2264 2418 de
2291 2363 2758 2420 circumcisionis
2789 2378 2964 2433 Opere
2984 2363 3184 2415 Mosen
3212 2372 3332 2413 non
3363 2354 3673 2420 accusatis,

2014 2453 2180 2525 quod
2211 2468 2364 2523 opus
2411 2453 2539 2507 ﬁeri
2579 2451 2925 2523 praeceperit
2968 2449 3028 2504 in
3062 2447 3323 2504 Sabbato
3362 2445 3390 2502 ?

2087 2542 2250 2595 Vers.
2284 2544 2371 2595 22.
2401 2541 2715 2607 Propterea
2760 2569 2828 2578 —
2859 2538 3171 2594 hominem.
3201 2532 3380 2590 Dictio
3407 2533 3678 2602 Propter-

2012 2645 2100 2693 ea,
2130 2645 2250 2683 non
2283 2634 2373 2683 est
2401 2629 2492 2683 hic
2519 2644 2712 2683 causas
2743 2627 3056 2690 redditiva,
3085 2623 3188 2680 sed
3227 2620 3461 2692 vulgari
3493 2619 3675 2675 modo

2013 2734 2082 2773 ac
2109 2716 2404 2788 superﬂue
2423 2716 2712 2771 Hebraico
2737 2731 2900 2771 more
2920 2713 3180 2786 ponitur.
3201 2711 3344 2767 Dicit
3362 2725 3526 2782 ergo,
3552 2709 3674 2764 Μο·

2012 2823 2096 2863 ses
2118 2806 2370 2861 tradidit
2387 2805 2542 2861 vobis
2557 2804 3088 2866 circumcisionem,
3112 2807 3166 2858 et
3189 2800 3252 2856 in
3275 2799 3528 2856 Sabbato
3559 2799 3676 2854 cir-

2014 2894 2345 2951 cumciditis
2360 2894 2664 2950 hominem.
2681 2895 2819 2959 Qum
2831 2897 3032 2948 autem
3046 2892 3105 2946 in
3125 2889 3323 2946 medio
3336 2893 3478 2943 sunt
3489 2886 3675 2943 verba

2015 2983 2260 3048 addidit,
2280 2983 2602 3038 ostendens
2613 2983 2780 3056 quod
2797 2983 2929 3038 licet
2943 2983 3132 3038 Moses
3152 2977 3319 3036 illam
3341 2975 3670 3046 tradiderit,

2013 3079 2273 3128 attamen
2305 3077 2443 3128 ante
2470 3071 2636 3128 illum
2663 3071 2872 3128 fuerat.
2903 3071 2992 3126 Ait
3021 3069 3180 3126 enim
3215 3083 3228 3123 :
3269 3083 3383 3123 non
3415 3065 3573 3138 quod
3601 3081 3672 3122 ea:

2013 3161 2544 3218 Mosesit.Tradidit
2559 3161 2727 3218 vobis
2745 3160 3060 3227 illam,non
3075 3156 3239 3230 quod
3255 3174 3288 3212 a
3302 3155 3671 3225 legislatione

2009 3251 2372 3324 principium
2394 3257 2619 3306 sumat:
2641 3266 2762 3306 non
2781 3251 2944 3322 quod
2974 3254 3110 3305 tunc
3133 3245 3448 3318 inceperit:
3477 3245 3669 3302 sedex

2013 3341 2276 3413 patribus
2297 3341 2508 3412 est,qui
2527 3339 2890 3410 tempore(d)
2909 3337 3206 3393 Abraham
3223 3335 3464 3392 fuerunt
3488 3350 3503 3401 ;
3525 3349 3668 3391 nam

2010 3431 2094 3487 illi
2127 3430 2388 3502 primum
2409 3429 2552 3485 data
2573 3434 2660 3484 est
2688 3428 2749 3484 in
2790 3429 3159 3498 praeceptum
3184 3428 3240 3480 et
3270 3427 3494 3487 tamen,
3522 3438 3667 3479 cum

2013 3518 2255 3574 aliunde
2286 3516 2539 3574 ascititia
2556 3516 2845 3579 videatur,
2861 3513 3088 3570 ﬁrmior
3106 3511 3369 3570 Sabbato
3391 3509 3666 3568 efﬁcitur.

2085 3695 2246 3752 Vers.
2275 3696 2364 3752 23.
2408 3695 2476 3751 Si
2517 3723 2584 3735 —
2623 3692 2870 3750 Sabbato
2899 3691 2927 3746 ‘I
2974 3693 3045 3748 Ut
3092 3704 3214 3747 non
3249 3691 3669 3746 contemnatur

2010 3785 2101 3840 lex
2134 3783 2491 3855 Mosis,quae
2509 3783 2582 3838 de
2605 3779 3056 3838 circumsicione
3091 3783 3200 3835 est.
3235 3777 3436 3850 Ipsam
3466 3781 3670 3834 autem

2009 3873 2367 3936 dixitMosis,
2385 3878 2676 3944 tanquam
2703 3870 2782 3926 ab
2813 3885 2884 3926 eo
2906 3868 3208 3937 traditam,
3236 3867 3400 3923 sicuti
3413 3865 3669 3922 diximus

2009 3963 2100 4017 Ait
2137 3979 2266 4033 ergo
2305 3979 2317 4017 :
2350 3961 2409 4017 Si
2457 3960 2956 4017 circumcisionem
2989 3958 3201 4027 accipit
3237 3958 3408 4014 homo
3438 3957 3503 4012 in
3529 3954 3667 4012 Sab-

2009 4052 2161 4115 bato,
2191 4050 2332 4107 mihi
2345 4050 2697 4113 irascimini,
2731 4049 2890 4120 quod
2917 4053 3102 4104 totum
3136 4045 3428 4104 hominem
3458 4060 3668 4102 sanum

2006 4140 2367 4197 reddiderim
2394 4141 2454 4194 in
2483 4139 2762 4204 Sabbato,
2793 4154 2928 4193 cum
2968 4136 3112 4192 Mosi
3170 4151 3291 4192 non
3337 4134 3467 4191 sitis
3520 4133 3672 4190 indi-

2007 4230 2189 4300 gnati,
2214 4229 2315 4302 qui
2342 4236 2477 4284 ante
2541 4244 2636 4284 me
2685 4227 2954 4299 permisit
2997 4225 3510 4282 circumcisionem
3539 4222 3668 4280 ﬁeri

2006 4321 2068 4373 in
2101 4318 2364 4374 Sabbato
2394 4316 2421 4372 ?
2474 4318 2676 4373 Totum
2725 4321 2928 4372 autem
2977 4315 3271 4372 hominem
3296 4311 3441 4369 dixit
3473 4328 3488 4378 ;
3521 4327 3666 4369 nam

2004 4423 2139 4462 cum
2159 4411 2345 4463 totum
2377 4407 2500 4476 ejus
2517 4421 2735 4478 corpus
2762 4402 3027 4476 paralysi
3043 4401 3402 4458 dissolutum
3431 4399 3662 4466 fuisset,

2005 4501 2194 4552 totum
2213 4495 2465 4551 reddidit
2491 4510 2706 4552 sanum
2734 4511 2746 4562 ;
2773 4499 2875 4548 aut
2897 4491 3176 4558 ostendit,
3206 4489 3369 4564 quod
3390 4505 3514 4546 non
3537 4504 3665 4547 cor-

2005 4601 2113 4657 pus
2142 4589 2393 4652 tantum,
2426 4583 2532 4640 sed
2588 4588 2644 4640 et
2675 4581 2943 4640 animam
2981 4581 3113 4653 ejus
3143 4579 3446 4636 curaverit.

2076 4762 2246 4818 Vers.
2269 4761 2357 4816 24.
2391 4761 2589 4818 Nolite
2611 4791 2680 4801 —
2704 4766 3024 4829 aspectum.
3049 4761 3128 4814 Ne
3154 4755 3564 4829 judicaveritis
3589 4772 3662 4814 ex

2005 4851 2340 4922 acceptione
2356 4865 2770 4922 personarum,
2814 4847 2895 4904 illi
2915 4845 3184 4920 quidem,
3199 4850 3488 4919 tanquam
3501 4847 3662 4918 apud

2005 4955 2111 4996 vos
2137 4954 2357 5010 magno
2391 4937 2459 4995 et
2492 4937 2782 5011 praeclaro
2818 4936 3180 4994 remittentes
3222 4934 3656 5001 accusationes,

2006 5044 2100 5085 me
2124 5044 2285 5090 vero.
2311 5028 2482 5101 quasi
2503 5026 2671 5084 vilem
2715 5032 2770 5084 et
2800 5026 3143 5099 inglorium,
3177 5027 3552 5082 accusantes.

2073 5117 2234 5174 Vers.
2255 5117 2342 5173 24.
2389 5117 2508 5175 Sed
2537 5116 2902 5189 —judicate.
2931 5118 3060 5174 Non
3081 5115 3161 5174 ad
3181 5129 3462 5189 personas
3492 5128 3660 5188 spec-

1533 5319 1754 5389 Varia
1793 5320 2125 5390 lectiones
2166 5330 2232 5390 et
2287 5331 2467 5391 notae

361 5537 438 5609 (2)
465 5537 510 5592 Α
542 5553 684 5594 voce
709 5541 858 5610 γνοὺς
882 5538 958 5595 ad
990 5539 1174 5596 ﬁnem
1203 5540 1406 5598 scholii
1460 5541 1674 5600 omittit
1717 5543 2061 5600 Hentenius.

365 5742 446 5814 (ιι)
471 5743 578 5811 Qui
599 5750 876 5815 tempore,
903 5747 1011 5800 etc.
1045 5743 1368 5802 Abrahami
1388 5745 1696 5803 nimirum.
1733 5806 1742 5814 ,
