4120 6310
606 347 732 407 127i

601 566 847 639 quidem
870 565 1064 620 solum
1093 564 1363 621 Hebraeis
1404 565 1642 635 signum
1665 570 1789 620 erat
1822 581 1834 617 :
1864 563 2030 635 quod
2057 567 2258 619 autem

602 671 639 711 a
664 671 759 712 me
774 655 994 710 factum
1009 658 1114 718 est,
1145 654 1375 722 integra
1401 653 1508 709 fuit
1538 653 1758 708 sanitas
1789 669 1856 708 ac
1881 652 2094 708 veritas
2109 653 2256 723 ejus,

601 744 768 818 quod
796 741 1315 814 significabantur.

673 835 835 889 Vers.
859 837 948 887 25.
978 831 1263 887 Dicebant
1293 861 1360 871 —
1390 830 1554 888 Vers.
1580 831 1666 884 26.
1697 830 1923 886 dicunt.
1958 829 2260 902 siquidem

601 921 902 978 silentium
935 921 1048 976 illis
1091 921 1478 990 imposuerat.

675 1012 833 1067 Vers.
864 1013 954 1066 26.
989 1009 1142 1065 Num
1185 1040 1254 1048 --
1287 1010 1554 1064 Christus
1594 1009 1623 1066 ?
1652 1011 1810 1064 Tunc
1837 1008 1996 1064 enim
2019 1013 2076 1064 et
2105 1009 2263 1080 prin-

601 1101 763 1172 cipes
793 1101 850 1155 in
883 1099 1056 1154 turba
1111 1101 1298 1152 erant.

673 1189 834 1245 Vers.
865 1189 954 1244 27.
981 1187 1090 1244 Sed
1122 1219 1187 1227 ——
1225 1188 1356 1243 erit.
1409 1187 1583 1259 Atqui
1635 1186 1934 1259 principes
1964 1187 2144 1243 vestri
2175 1187 2261 1242 in-

599 1279 878 1346 terrogati
908 1277 986 1332 ab
1015 1276 1260 1342 Herode,
1291 1276 1390 1330 ubi
1422 1275 1760 1331 nasciturus
1792 1283 1945 1332 esset
1975 1276 2260 1340 Christus,

599 1368 869 1423 dixerunt
901 1366 951 1421 ei
1006 1386 1018 1424 :
1052 1366 1125 1420 In
1160 1365 1453 1421 Bethleem
1500 1365 1714 1420 ludam:
1744 1367 1790 1400 ³⁵
1822 1382 1831 1418 :
1863 1365 2008 1437 quin
2043 1371 2098 1420 et
2122 1381 2263 1437 pro-

600 1456 885 1528 phetiam,
916 1470 1052 1527 quae
1098 1455 1213 1510 hoc
1262 1455 1634 1524 signiﬁcaret,
1674 1454 2026 1509 addiderunt
2067 1471 2079 1509 :
2115 1471 2260 1526 quo-

599 1545 784 1601 modo
813 1559 954 1613 ergo
985 1544 1313 1614 nugamini,
1343 1543 1609 1598 dicentes
1641 1545 1806 1615 quod
1833 1544 2109 1600 Christus
2128 1560 2258 1600 cum

599 1633 838 1702 venerit,
859 1649 1024 1690 nemo
1047 1633 1334 1703 cognoscit
1365 1633 1519 1688 unde
1533 1633 1684 1687 erit?
1701 1632 2005 1697 Praeterea,
2031 1634 2079 1687 si
2103 1633 2260 1688 hunc

597 1724 783 1779 nostis
810 1722 968 1778 unde
1000 1722 1090 1788 sit,
1119 1721 1427 1794 quomodo
1453 1720 1699 1793 quidam
1725 1737 1791 1776 ex
1825 1721 1993 1776 vobis
2017 1721 2255 1777 dicunt:

598 1815 778 1868 Hunc
797 1829 916 1867 non
941 1814 1206 1868 novimus
1241 1811 1398 1867 unde
1419 1811 1496 1866 sit
1527 1811 1572 1844 ³⁵
1605 1812 1633 1867 ?
1676 1810 1795 1866 Hoc
1825 1811 2005 1867 modo
2034 1811 2258 1868 malitia

598 1917 720 1957 non
751 1900 1038 1971 intelligit,
1067 1900 1228 1971 quod
1259 1899 1370 1953 sibi
1405 1898 1517 1969 ipsi
1564 1899 1928 1955 contradicat
1968 1916 2038 1955 ac
2079 1900 2256 1971 plane

600 1992 921 2046 mentiatur
949 2005 960 2044 :
986 2005 1127 2044 nam
1160 1992 1251 2043 est
1279 1988 1563 2056 quaedam
1585 1988 1803 2042 animae
1834 1987 2112 2044 ebrietas.

673 2078 842 2144 Quod
863 2078 909 2131 si
937 2077 1071 2148 quis
1099 2078 1321 2131 dictum
1354 2075 1499 2131 illud
1530 2096 1541 2134 :
1585 2076 1741 2132 Unde
1764 2077 1861 2142 sit,
1892 2093 2010 2131 non
2044 2077 2260 2134 deloco

599 2171 656 2223 et
679 2167 888 2237 patria.
913 2165 1018 2220 sed
1048 2165 1122 2219 de
1144 2181 1358 2236 genere
1389 2171 1445 2220 et
1470 2169 1634 2236 patre
1666 2165 2034 2231 intellexerit,
2068 2166 2261 2223 dicere

600 2255 825 2328 poterit,
842 2270 944 2311 eos
968 2254 1186 2310 dixisse
1213 2253 1428 2324 :Hujus
1458 2253 1706 2326 quidem
1734 2269 1922 2322 genus
1953 2261 2004 2308 et
2030 2260 2259 2326 patrem

600 2344 892 2409 novimus,
935 2348 1074 2414 puta
1102 2343 1322 2414 Joseph
1355 2349 1413 2398 ut
1433 2342 1782 2398 credebatur
1810 2360 1822 2396 :
1859 2343 2068 2398 Christi
2104 2361 2259 2409 vero,

600 2449 790 2505 genus
807 2438 863 2489 et
892 2435 1126 2489 Patrem
1156 2448 1335 2487 nemo
1367 2431 1689 2502 cognoscit,
1712 2447 1782 2486 eo
1805 2433 1968 2504 quod
2001 2448 2121 2488 non
2149 2436 2265 2489 sint

601 2524 727 2579 haec
755 2521 961 2578 litteris
989 2520 1246 2594 prodita,
1295 2525 1358 2576 ut
1382 2520 1498 2576 dici
1525 2520 1770 2592 possint.

611 2695 619 2702 ’
677 2699 1348 2757 Vers.28.Ctamabat—
1381 2701 1512 2754 sim.
1547 2697 1868 2768 Clamabat,
1899 2699 2266 2756 confundens

603 2807 727 2857 eos,
755 2790 901 2844 dum
935 2789 1017 2844 illi
1073 2789 1141 2844 de
1202 2788 1497 2843 industria
1551 2787 1704 2842 male
1747 2795 1989 2857 agerent
2035 2807 2048 2844 :
2084 2789 2264 2844 simul

603 2879 781 2936 etiam
808 2878 1092 2932 omnibus
1126 2877 1534 2942 manifestans,
1568 2893 1704 2948 quae
1735 2876 1813 2931 ab
1844 2877 1992 2947 ipsis
2034 2877 2264 2932 occulte

604 2967 970 3024 dicebantur.
1016 2966 1160 3022 Dicit
1189 2970 1390 3020 autem
1441 2982 1453 3020 :
1505 2967 1582 3019 Et
1612 2980 1703 3020 me
1752 2966 1950 3031 nostis,
1979 2967 2100 3036 quis
2129 2967 2262 3035 sim,

602 3057 744 3130 quia
778 3055 931 3110 Deus
961 3071 985 3124 ,·
1004 3058 1056 3112 et
1087 3057 1264 3110 nostis
1303 3053 1457 3109 unde
1485 3055 1613 3118 sim,
1647 3054 1790 3125 quia
1835 3072 1862 3107 τι
1905 3059 2064 3110 Patre
2097 3055 2214 3110 Deo
2249 3076 2260 3114 ε

604 3159 958 3216 quanquam
991 3159 1094 3199 vos
1125 3143 1274 3197 scire
1301 3141 1564 3211 ﬁngatis,
1613 3142 1777 3214 quod
1823 3159 1858 3197 a
1894 3143 2122 3214 Joseph
2152 3144 2264 3199 sim

604 3235 970 3307 progenitus.
1003 3231 1246 3288 Dicebat
1273 3237 1485 3297 autem,
1541 3231 1704 3303 quod
1737 3231 1815 3286 illi
1851 3233 2050 3303 ipsum
2085 3249 2268 3288 nove-

601 3327 737 3379 rant
787 3338 823 3378 a
870 3321 1202 3378 testimonio
1246 3321 1508 3385 Joannis,
1560 3321 1633 3376 de
1689 3336 1812 3392 quo
1844 3321 1991 3376 dixit
2044 3323 2264 3379 :Atius

605 3417 706 3478 est,
749 3411 854 3483 qui
879 3412 1264 3466 testimonium
1306 3409 1570 3478 perhibet
1615 3410 1689 3465 de
1736 3425 1827 3465 me
1853 3411 1896 3443 ³⁷
1929 3425 1941 3473 ;
1973 3409 2050 3464 ab
2077 3409 2262 3481 operi-

601 3502 716 3557 bus
745 3501 886 3566 suis,
919 3499 993 3556 de
1025 3499 1247 3573 quibus
1275 3499 1390 3554 ait:
1423 3499 1561 3568 Ipsa
1589 3514 1787 3570 opera,
1812 3515 1941 3569 quas
1972 3514 2076 3570 ego
2097 3500 2265 3569 facio

605 3589 995 3646 testimonium
1024 3588 1329 3659 perhibent
1360 3589 1432 3644 de
1483 3603 1572 3644 me
1603 3589 1650 3623 ³⁸
1711 3604 1724 3653 ;
1758 3592 1814 3642 et
1857 3604 1893 3643 a
1928 3588 2262 3659 Scripturis,

601 3679 676 3734 de
707 3678 922 3750 quibus
952 3677 1222 3733 similiter
1268 3677 1348 3733 ait
1379 3697 1390 3736 :
1423 3677 1545 3732 [ιιω
1566 3683 1702 3732 sunt
1726 3691 1853 3748 qua:
1875 3679 2263 3733 testimonium

599 3767 906 3838 perhibent
931 3768 1004 3824 de
1030 3775 1134 3823 me'
1156 3770 1224 3819 ³9.

677 3859 740 3913 Et
769 3856 1078 3930 quomodo
1109 3855 1257 3912 dixit
1298 3854 1583 3911 vicesimo
1610 3855 1784 3925 juxta
1814 3854 2265 3912 Matthasumca-

603 3945 722 4020 pite
749 3969 760 4000 :
793 3948 975 4003 Nemo
1004 3945 1164 4001 novit
1208 3945 1397 4015 ﬁlium
1425 3944 1541 4000 nisi
1560 3946 1740 4000 Pater
1784 3944 1831 3978 ⁴⁰
1887 3944 1908 3996 i’
1940 3945 2086 4008 Quia
2120 3943 2264 3998 illud

603 4035 678 4090 de
709 4040 924 4091 natura
954 4034 1280 4090 divinitatis
1312 4051 1430 4088 sure
1453 4033 1620 4100 dixit,
1653 4033 1766 4088 hoc
1807 4038 2004 4087 autem
2039 4033 2266 4105 simpli-

603 4124 741 4180 citer
769 4123 843 4178 de
871 4123 1098 4188 notitia,
1123 4121 1286 4194 quod
1321 4121 1474 4175 Deus
1517 4121 1590 4176 sit
1636 4121 1850 4192 Deique
1887 4121 2081 4176 Filius.

674 4213 832 4266 Vers.
860 4211 948 4266 28.
980 4210 1057 4265 Et
1093 4240 1153 4250 —
1185 4211 1328 4265 veni.
1394 4210 1580 4265 Etiam
1629 4209 1764 4272 hoc,
1795 4209 2008 4280 inquit,
2036 4209 2220 4264 nostis
2248 4227 2261 4277 ;

601 4316 747 4357 nam
787 4304 842 4355 et
863 4299 924 4354 id
957 4299 1234 4369 praedicta
1264 4298 1475 4353 docent
1512 4297 1868 4366 testimonia,
1901 4306 1955 4353 et
1982 4299 2261 4367 maxime,

601 4389 747 4462 quia
773 4389 1039 4445 Gloriam
1066 4387 1375 4457 propriam
1415 4401 1536 4442 non
1589 4401 1811 4457 quwro,
1858 4387 1960 4442 sed
2007 4388 2262 4458 gloriam

603 4481 748 4549 ejus,
776 4477 880 4549 qui
907 4476 1063 4533 misit
1110 4491 1201 4533 me
1230 4477 1299 4528 ‘1.

673 4542 837 4622 vér's.
868 4568 956 4621 28.
980 4565 1098 4622 Sed
1128 4596 1194 4605 —
1225 4579 1331 4620 me.
1359 4563 1529 4620 Pater
1563 4579 1633 4620 ac
1668 4565 1836 4629 Deus,
1869 4564 1970 4636 qui
1998 4564 2264 4620 videlicet
2293 4542 2336 4594 D

605 4655 767 4712 misit
794 4671 907 4721 me,
940 4655 1093 4711 sicut
1135 4655 1490 4726 promiserat
1541 4669 1646 4726 per
1685 4653 2007 4725 prophetas
2053 4654 2261 4724 :quod

604 4745 651 4799 si
676 4760 854 4800 verax
882 4747 988 4810 est,
1065 4743 1166 4816 qui
1217 4743 1392 4810 misit,
1436 4743 1639 4814 utique
1696 4747 1753 4797 et
1814 4758 1990 4798 verax
2045 4742 2258 4813 estqui

603 4833 820 4890 missus
845 4838 951 4898 est,
984 4848 1122 4889 cum
1149 4831 1417 4904 ejusdem
1469 4831 1589 4886 sint
1619 4836 1866 4886 naturae.

673 4923 840 4977 Vers.
899 4922 986 4976 28.
1033 4923 1210 4985 Quem
1263 4953 1332 4960 —
1384 4920 1648 4975 novistis.
1711 4922 1918 4990 Utpote
1978 4925 2260 4989 negantes

604 5012 771 5067 illum
802 5011 1099 5083 operibus.
1131 5011 1226 5065 Ait
1249 5010 1408 5065 enim
1440 5015 1496 5064 et
1520 5009 1824 5080 apostolus
1853 5026 1863 5062 :
1898 5010 2262 5077 Conﬁtentur

603 5115 658 5156 se
686 5115 846 5155 nosse
875 5101 1080 5164 Deum,
1119 5099 1298 5168 factis
1327 5100 1516 5152 autem
1545 5103 1764 5166 negant
1799 5099 1863 5149 ⁸³.

678 5279 724 5314 ³⁸
771 5279 970 5335 Matth.
1040 5295 1098 5344 ιι,
1157 5279 1210 5334 5.

678 5351 722 5386 ⁴¹
750 5349 916 5406 Joan.
941 5366 1041 5418 vu,
1074 5351 1160 5405 18.

1289 5279 1336 5313 ³⁸
1379 5279 1548 5334 Joan.
1609 5279 1682 5348 ix,
1734 5278 1822 5332 29.

1239 5351 1286 5386 ⁴²
1317 5349 1422 5406 Tit.
1443 5367 1480 5414 ι,
1515 5353 1600 5406 16.

1946 347 2289 404 ῐῖυΤΗΥΜῙι
2331 346 2652 404 ΖΙΟΑΒΕΝῘ

601 480 814 544 tantes,
842 471 1036 532 sedad
1067 489 1161 530 res
1187 474 1369 547 ipsas.
1398 474 1541 531 Item
1569 479 1626 530 et
1649 475 1818 532 aliter
1845 473 2256 530 :Circumcisio

2374 475 2465 546 μὲν
2526 479 2776 547 περιτομὴ
2835 482 3048 547 σημεῖον
3109 473 3170 536 ἦν
3222 482 3374 549 μόνον
3437 478 3701 554 Ἐϐραίου
3760 495 3774 508 ⁸

1901 5278 1942 5312 ³⁷
1990 5279 2161 5334 Joan.
2221 5295 2274 5342 ν,

3864 359 3978 411 12Ἷὲ

3828 483 3883 533 τὸ
3934 480 3981 536 δι

2374 563 2496 634 παρ’
2551 561 2676 635 ἐμοῦ
2723 563 2974 636 ἐργασθὶν
3043 565 3320 641 ὁλόκληρος
3375 571 3525 641 ὑγειο.
3585 578 3691 622 τοῦ
3747 590 3975 644 σεσημα-

2377 655 2586 723 σμένον.

2446 828 2652 902 Ἔλεγον
2705 863 2774 872 -
2816 831 3048 904 λέγουσι.
3112 839 3210 887 Καὶ
3283 836 3382 908 γὰρ
3465 836 3832 910 ἐπεστόμισεν
3901 840 3971 891 cr}.

2373 938 2514 980 τους.

2441 1009 2655 1066 Μήποτε
2693 1039 2760 1050 —-
2793 1016 3052 1083 Χριστός;
3101 1011 3180 1066 Ἐν
3225 1021 3296 1085 τῷ
3349 1013 3491 1086 ὄχλῳ
3533 1018 3653 1090 γὰρ
3699 1017 3753 1067 οἱ
3801 1017 3963 1089 σίρχον-

2491 1094 2513 1112 τ
2695 1103 2703 1111 ι

2372 1115 2454 1158 τις
2486 1117 2619 1154 ησαν
2652 1118 2785 1154 τοτε.

2446 1185 2599 1238 Ἀλλὰ
2656 1217 2724 1229 -
2771 1187 2900 1242 ἐστί.
2958 1195 3056 1242 Καὶ
3119 1195 3224 1263 μὴν
3284 1193 3332 1243 οἱ
3386 1194 3654 1266 ἄρχοντες
3697 1194 3952 1266 ὑμὼνέρω-

2371 1277 2604 1336 τηθέντες
2673 1280 2814 1351 παρὰ
2875 1275 3134 1349 Ἡρώδου,
3185 1288 3285 1332 ποῦ
3337 1282 3363 1332 6
3432 1287 3678 1356 Χριστὸς
3731 1290 3960 1354 γεννᾶται,

2371 1371 2510 1415 εἶπον
2563 1367 2721 1436 αὐτῷ·
2773 1367 2856 1419 Ἐν
2902 1367 3127 1440 Βηθλεὲμ
3182 1378 3273 1429 τῆς
3320 1367 3588 1431 Ἰουδαίας
3627 1388 3642 1402 ⁶
3700 1377 3795 1424 καὶ
3836 1390 3964 1445 προιιό

2373 1453 2562 1510 ἐθηκαν
2619 1458 2708 1505 καὶ
2774 1460 2866 1513 τὴν
2923 1465 3075 1508 τοῦτο
3137 1453 3401 1516 δηλοῦσαν
3448 1466 3786 1534 προφητείαν
3819 1483 3832 1494 ο

2373 1537 2459 1592 οὖν
2509 1541 2776 1616 φλυαρεῖτε
2827 1546 2906 1596 ὃτι
2961 1543 3019 1598 ⁸0
3094 1550 3341 1618 Χριστὸς,
3401 1550 3522 1600 ὅταν
3585 1553 3844 1624 ἔρχηται,
3897 1550 3966 1600 οὗ·

2373 1633 2483 1690 ὁέὶς
2537 1637 2784 1700 γινώσκει
2833 1635 2985 1685 πόθεν
3038 1633 3218 1706 iam»;
3281 1635 3434 1689 Ἀλλά
3474 1642 3566 1690 καὶ
3611 1639 3658 1690 εἰ
3698 1647 3874 1690 τοῦτον
3902 1639 3964 1707 (3)

2373 1715 2551 1771 οἴδατε
2598 1722 2751 1772 πόθεν
2796 1720 2930 1786 ἐστὶ,
2971 1732 3076 1782 πῶς
3133 1724 3184 1786 ἐξ

3882 1470 3963 1519 πῶς

3230 1727 3370 1796 ὑμῶν
3419 1725 3568 1777 ἄλλοι
3618 1727 3863 1798 λέγουσιν
3902 1728 3967 1777 ὅτι

2301 1831 2336 1884 Β
2372 1815 2564 1861 Τοῦτον
2595 1809 2688 1860 οὐκ
2727 1806 2943 1882 οἴδαμεν
2973 1814 3124 1864 πόθεν
3165 1816 3314 1880 East;
3360 1821 3612 1867 Τοιοῦτον
3657 1819 3688 1874 ἡ
3739 1821 3960 1889 πονηρία,

2375 1896 2799 1969 ἐναντιολογοῦσα
2839 1904 2929 1952 καὶ
2975 1897 3270 1973 ψευδομένη
3302 1913 3594 1976 προφανῶς,
3631 1905 3693 1956 οὐ
3752 1910 3964 1960 συνίησι.

2376 1988 2519 2043 Μέθη
2559 1989 2660 2061 γὰρ
2692 1993 2782 2039 καὶ
2807 1989 2939 2047 αῦτη
2970 1989 3172 2062 ψυχῆς.

2447 2075 2506 2127 Εἰ
2564 2073 2622 2128 δέ
2678 2095 2758 2136 τις
2805 2081 2862 2128 τὸ
2914 2081 3071 2130 Πόθεν
3124 2079 3182 2130 οὗ
3230 2085 3347 2154 περὶ
3382 2086 3539 2133 τόπου
3579 2088 3674 2134 καὶ
3708 2078 3956 2156 πατρίδος,

2378 2162 2505 2214 ἀλλὰ
2547 2170 2664 2238 περὶ
2710 2171 2889 2237 γένους
2930 2173 3019 2218 καὶ
3069 2172 3262 2240 πατρὸς
3308 2175 3496 2243 νοήσῃ,
3529 2176 3678 2224 εἴποι
3708 2171 3769 2222 ἂν
3795 2171 3957 2228 αὐτούς

2376 2251 2537 2323 λέγειν
2564 2255 2642 2304 ὃτι
2671 2258 2866 2307 Τούτου
2897 2260 2986 2327 μὲν
3016 2255 3231 2329 οἴδαμεν
3256 2261 3312 2309 τὸ
3338 2263 3481 2330 γένος
3511 2265 3607 2312 καὶ
3649 2265 3736 2312 τὸν
3766 2265 3950 2329 πατέρα’

2375 2338 2610 2413 [δηλαδὴ
2641 2347 2724 2394 τὸν
2755 2344 2833 2416 (4)
2873 2345 3086 2417 Ἰωσὴφ,
3121 2347 3184 2406 ὡς
3214 2343 3403 2399 ἐδόκει·
3427 2355 3518 2400 τοῦ
3564 2346 3627 2402 δὲ
3659 2356 3881 2422 Χριστοῦ
3906 2351 3950 2397 τὸ

2375 2434 2520 2500 γένος
2565 2435 2655 2482 καὶ
2711 2435 2798 2484 τὸν
2859 2434 3085 2508 Πατέρα]
3147 2431 3323 2496 οὐδεὶς
3363 2442 3636 2507 γινώσκει,
3668 2435 3760 2490 διὰ
3803 2439 3854 2487 τό
3885 2437 3941 2506 μή

2373 2521 2545 2593 ῥητῶς
2577 2518 2985 2594 ἀναγεγράφθαι.

2445 2606 2693 2680 Ἔκραξεν
2759 2639 2828 2651 ——
2903 2611 3028 2682 εἰμί.
3107 2611 3377 2688 Ἔκραξεν,
3454 2613 3710 2688 ἐντρέπων
3787 2613 3937 2668 αὐτοὺς

2376 2698 2444 2756 ὡς
2509 2696 2954 2763 ἑθελοκακοῦντας,
3006 2701 3116 2772 ἅμα
3178 2698 3237 2754 δι
3299 2707 3390 2755 καὶ
3445 2709 3588 2756 πᾶσι
3641 2711 3842 2776 φανερῶν
3883 2701 3931 2749 τὰ

2376 2789 2603 2858 κρυφίως
2659 2787 2780 2858 παρ’
2837 2788 3004 2840 αὐτῶν
3058 2789 3322 2862 λεγόμενα.
3377 2797 3530 2864 Λέγει
3587 2791 3648 2847 δε
3698 2795 3768 2845 ὄτι
3817 2787 3922 2859 Κάμὲ

2377 2870 2554 2926 οἴδατε
2603 2880 2682 2936 τίς
2738 2877 2865 2947 εἰμι,
2925 2880 3005 2929 ὃτι
3052 2885 3177 2939 Θεὸς
3211 2896 3224 2910 ⁶
3283 2885 3382 2933 Καὶ
3429 2879 3620 2936 οἴδατε
3661 2884 3794 2936 ποθεν
3825 2878 3914 2946 εἰμί,

2377 2965 2456 3015 ὅτι
2513 2962 2568 3014 ἐκ
2619 2969 2816 3039 [ἰατρὸς
2872 2974 3026 3032 Θεοῦ,
3075 2967 3118 3020 εἰ
3165 2969 3243 3040 (5)
3281 2975 3370 3022 καὶ
3420 2969 3475 3022 ἐκ
3529 2973 3618 3044 (6)
3664 2979 3743 3024 τοῦ
3769 2969 3908 3033 Ἰωσίᾳ

2379 3049 2570 3104 εἰδέναι
2628 3073 2691 3124 με
2746 3059 3138 3127 προσποιεῖσθε.
3208 3055 3413 3111 Εἰδέναι
3468 3057 3528 3113 δε
3581 3061 3728 3114 αὐτὸν
3769 3057 3900 3110 αὐτοὺς

2379 3141 2541 3213 ἔλεγεν
2623 3142 2722 3195 ἀπὸ
2797 3152 2892 3206 τῆς

3006 3151 3297 3221 μαρτυρίας
3383 3149 3654 3215 Ἰωάννου,
3717 3151 3799 3219 περὶ
3853 3139 3896 3191 οὗ

2379 3186 2535 3213 -..η-τ
2624 3186 2721 3195 ﬂ..-
2804 3186 2890 3206 ..η
3006 3186 3296 3221 Fuﬁa...“
3403 3186 3654 3215 ....-.....,.,,
3857 3186 3892 3191 --

2307 3186 2344 3238 C
2380 3235 2581 3302 εἴφηκεν
2640 3232 2718 3283 ὸτι
2777 3232 2960 3285 ’Ἄλλος
3017 3233 3156 3286 ἐστιν
3220 3238 3245 3287 6
3309 3247 3594 3310 μαρτυρῶν
3653 3242 3752 3311 περὶ
3801 3231 3906 3302 igni”

2380 3319 2479 3370 άπὸ
2511 3338 2564 3371 τε
2602 3329 2701 3370 τῶν
2732 3323 2891 3394 ἔργων
2923 3323 3103 3390 αὐτοῦ,
3135 3329 3252 3397 περὶ
3302 3327 3368 3376 ὧν
3400 3323 3534 3378 εἶπεν
3594 3330 3674 3380 ὅτι
3718 3323 3834 3378 Αὑτὰ
3870 3319 3918 3368 τὰ

2377 3410 2505 3479 ἔργα
2542 3407 2576 3458 ἆ
2623 3407 2721 3480 ἐγὼ
2762 3419 2913 3473 ποιῶ,
2962 3421 3214 3486 μαρτυρεῖ
3265 3419 3379 3486 περὶ
3435 3413 3584 3487 ἐμοῦ·
3629 3413 3818 3468 καὶάπὸ
3844 3416 3919 3459 τῶν

2378 3502 2734 3572 Γραφων,περὶ
2764 3501 2830 3550 ὧν
2858 3502 3047 3572 ὁμοίως
3074 3504 3162 3574 ἔφη
3205 3504 3282 3555 ὅτι
3330 3504 3549 3556 Ἐκείναί
3583 3507 3709 3558 εἰσιν
3747 3504 3792 3553 αὶ
3823 3515 3922 3570 μαρ-

2377 3595 2630 3658 τυροῦσαι
2651 3593 2768 3661 περὶ
2798 3591 2940 3661 ἐμοῦ.

2452 3767 2551 3814 Καὶ
2589 3771 2699 3824 πῶς
2751 3762 2799 3814 ἐν
2843 3773 2914 3834 τῷ
2965 3765 3181 3836 εἰκοστῷ
3227 3767 3482 3839 κεφαλαίῳ
3521 3776 3614 3820 τοῦ
3661 3768 3779 3819 κατὰ
3811 3767 3920 3814 Ματ-

2380 3853 2522 3903 θαῖον
2558 3855 2757 3926 εἴρηκεν
2783 3855 2863 3905 ὅτι
2894 3851 3086 3916 Οὐδεὶς
3117 3854 3443 3927 ἐπιγινώσκει
3475 3861 3560 3909 τὸν
3592 3861 3724 3920 Υἱὸν,
3755 3853 3792 3905 εἰ
3813 3853 3872 3922 μὴ
3899 3847 3916 3896 ὸ

2380 3946 2586 4013 Πατὴρ;
2614 3940 2913 3995 Ὀτιέκείνο
2943 3946 3032 4014 μὲν
3065 3942 3172 3996 εἶπε
3196 3950 3311 4016 περὶ
3334 3953 3423 4006 τῆς
3454 3949 3651 4018 φύσεως
3677 3954 3757 4004 ’ῆς
3778 3943 3914 3992 θεότη·

2375 4049 2458 4092 τος
2491 4030 2670 4082 αὑτοῦ·
2700 4038 2847 4083 τοῦτο
2880 4029 2939 4084 δὲ
2970 4037 3081 4106 περὶ
3142 4042 3232 4085 τοῦ
3275 4030 3468 4086 εἰδέναι
3512 4035 3684 4095 ἁπλῶς
3713 4035 3779 4085 ὅτι
3825 4026 3912 4078 ἐστὶ

2379 4122 2506 4178 Θεὸς
2535 4125 2623 4170 καὶ
2649 4122 2763 4180 Υἱὸς
2794 4126 2939 4173 Θεοῦ.

2450 4208 2548 4260 Καὶ
2577 4240 2645 4248 -
2676 4207 2915 4266 ἐλήλυθα.
2950 4206 3145 4263 Οἴδατε
3197 4217 3284 4263 καὶ
3304 4219 3477 4280 τοῦτο,
3507 4219 3639 4284 φησί
3667 4231 3678 4244 ο
3702 4210 3907 4261 καὶτοῦτο

2373 4300 2473 4368 γὰρ
2506 4300 2559 4348 αὶ
2586 4294 2903 4354 δηλωθείσαι
2945 4305 3231 4373 μαρτυρίαι
3276 4297 3648 4366 διδάσκουσιν,
3682 4297 3816 4354 ἄλλως
3848 4307 3900 4344 τίν

2373 4391 2460 4436 καὶ
2488 4386 2648 4457 (7)ὃτι
2696 4386 2771 4438 Οὐ
2816 4391 2908 4444 τὴν
2959 4383 3118 4450 δόξαν
3167 4393 3258 4447 τὴν
3300 4386 3440 4442 ἰδίαν
3481 4390 3646 4457 ζητῶ,
3695 4386 3795 4440 ἀλλά
3834 4382 3899 4433 τὴν

2375 4471 2530 4537 δόξαν
2561 4483 2651 4526 τοῦ
2691 4475 2989 4547 πέμψαντος
3020 4496 3100 4548 με.

2445 4563 2558 4615 AD.’
2617 4594 2680 4603 —
2731 4583 2812 4636 με.
2865 4563 2924 4616 Ὀ
2959 4570 3135 4639 Πατὴρ
3189 4571 3279 4619 καὶ
3325 4571 3474 4632 Θεὸς,
3509 4572 3578 4631 ὡς
3627 4564 3789 4633 πέμψας
3820 4570 3882 4624 μιν

2371 4654 2542 4714 καθὼς
2572 4649 2666 4704 διὰ
2686 4661 2783 4704 τῶν
2823 4663 3098 4727 προφητῶν
3138 4653 3478 4728 ἐπηγγείλατο
3513 4675 3524 4687 ”
3562 4659 3603 4710 εἰ
3633 4645 3873 4709 agilibus;

2372 4743 2396 4792 ὁ
2437 4741 2666 4812 πέμψας,
2701 4739 2937 4802 ἀληθινὸς
2970 4744 3069 4816 sip-.4
3111 4749 3200 4796 καὶ
3225 4747 3250 4796 6
3278 4748 3530 4818 πεμφθεὶς
3554 4756 3646 4806 τῆς,
3678 4741 3734 4812 (8)
3755 4732 3872 4785 αὑτοῦ

2372 4850 2566 4902 φυσεως
2598 4851 2686 4882 ων.

2438 4917 2532 4969 Ὃν
2593 4949 2656 4958 -—-
2709 4915 2906 4973 οἴδατε.
2939 4919 3021 4980 Ὠς
3067 4928 3177 4982 τοῖς
3222 4924 3390 4996 ἔργοις
3448 4921 3730 4996 ἀρνούμενοι
3759 4910 3888 4966 αὐτὸν.

2372 5013 2504 5064 Φησὶ
2521 5010 2620 5079 γὰρ
2647 5013 2736 5059 καί
2755 5009 2779 5059 6
2805 5008 3122 5072 Ἀπόστολος
3145 5013 3225 5062 ὅτι
3243 5015 3372 5064 Θεὸν
3388 5012 3718 5084 ὁμολογοῦσιν
3738 4999 3895 5059 εἰδέναιγ

2370 5105 2473 5158 τοῖς
2502 5093 2558 5149 δὲ
2585 5100 2755 5169 ἔργοις
2785 5095 3077 5171 ἀρνοῦνται.

2475 5278 2522 5312 ³⁸
2553 5275 2698 5332 ibid.
2762 5275 2850 5331 36.
2930 5278 2977 5312 '9
3007 5275 3156 5332 ibid.
3201 5281 3289 5334 39.
3369 5279 3414 5314 ‘°
3479 5279 3677 5336 Matth.
3733 5263 3904 5338 111,72.

2309 5280 2395 5334 32.
2475 5278 2522 5312 ³⁸
2553 5275 2698 5332 ibid.
2762 5275 2850 5331 36.
2930 5278 2977 5312 ³⁹
3007 5275 3156 5332 ibid.
3201 5281 3289 5334 39.

1867 5471 2088 5542 Variae
2118 5473 2448 5577 lectiones
2483 5484 2547 5540 et
2570 5483 2748 5541 notae

679 5617 755 5754 (3)
787 5623 949 5668 Τοῦτο
979 5617 1042 5672 Β.

679 5691 730 5754 (4
795 5686 1029 5743 Inclusa

677 5686 752 5759 (4)
795 5686 1029 5759 Inclusa
1076 5689 1423 5746 exciderunt
1477 5692 1542 5744 Α.

792 5762 854 5814 Δί
882 5758 1014 5821 loco
1046 5764 1155 5832 καί,
1191 5760 1256 5818 Β.

2443 5619 2519 5690 (6)
2544 5614 2766 5694 -Εἰδέναι
2803 5637 2866 5691 με
2897 5617 2950 5694 ἐκ
2973 5625 3063 5671 τοῦ
3097 5618 3290 5692 Ἰωσὴφ
3321 5619 3695 5694 προσποιεῖσθε
3722 5621 3774 5669 Α.

2442 5695 2514 5759 (7)
2543 5689 2662 5740 Ὀτι
2705 5689 2870 5746 abest
2901 5691 2966 5745 A.

2437 5749 2514 5834 (8)
2543 5768 2650 5825 Τῆς
2681 5761 2809 5821 αὐτῆ
2823 5781 2844 5822 ς
2884 5769 2944 5834 Α,
2978 5763 3143 5835 quod
3189 5763 3507 5821 Hentenius
3556 5763 3730 5820 etiam
3756 5749 3904 5813 habet
