4120 6310
349 385 492 444 1273

1316 357 1699 437 COMMENT.
1740 382 1815 438 IN
1850 379 2207 437 JOANNEM.
2252 414 2321 425 -
2359 385 2512 440 CAP.
2560 387 2675 441 v11.

3569 382 3709 442 1274

424 513 553 583 Ἐγὼ
585 543 653 552 -
682 511 811 583 εἰμί,
852 514 992 563 Διὸτι
1020 510 1070 573 ἐξ
1100 510 1258 563 αὐτοῦ
1290 509 1412 582 εἰμι,
1448 501 1499 569 ἒξ
1530 503 1692 561 αὐτοῦ
1714 512 1948 581 γεγέννη-

2137 511 2296 564 Vers.
2344 516 2430 567 29.
2487 513 2613 583 Ego
2649 545 2718 552 —
2758 512 2887 568 sim.
2939 512 3085 578 Quia
3140 527 3211 567 ex
3256 511 3385 584 ipso
3429 528 3586 579 sum,
3636 528 3710 568 ex

352 621 467 673 μαι.
506 605 605 653 Καὶ
637 600 808 652 ὀπίσω
848 597 906 653 δὲ
936 603 1154 673 εἴρηκεν,
1201 599 1321 670 Οὐχ
1351 600 1428 650 ὅτι
1479 597 1566 648 τόν
1624 602 1827 672 Πατέρα
1871 618 1952 660 τις

352 689 592 764 ἑώρακεν,
621 700 664 741 ει
692 694 763 760 μὴ
807 690 831 741 ό
862 694 928 740 ὥν
957 691 1101 763 παρά
1129 696 1220 741 τοῦ
1247 695 1400 742 Θεοῦ.

427 863 669 925 Κάκεῐνός
704 883 767 936 με
797 862 1076 917 ἀπέστειλε.
1108 871 1342 935 Συνεχῶς
1357 862 1492 934 λέγει
1520 867 1639 935 περὶ
1663 872 1759 925 τῆς
1788 862 1949 915 ἀποσ-

351 953 523 1018 τολῆς,
558 952 871 1026 βουλόμενος
901 961 1081 1005 πεῖσαι
1121 953 1304 1013 αὐτοὺς
1334 954 1412 1005 ὅτι
1446 955 1500 1004 ἐκ
1530 961 1620 1004 τοῦ
1649 959 1781 1005 Θεοῦ
1828 951 1945 1005 ἀπέ-

356 1044 589 1107 στα).ται,
622 1047 712 1094 καὶ
742 1042 835 1095 οὐκ
861 1045 999 1095 ἔστιν
1029 1040 1251 1101 ἀντίθεος
1286 1044 1350 1102 ὠς
1376 1041 1712 1114 προλαϐόντες
1738 1042 1951 1115 εἰρήκα-

352 1152 461 1203 μεν.
498 1130 642 1184 Ἀαα
690 1127 749 1183 δε
794 1136 884 1182 καὶ
940 1130 1012 1193 εἰς
1057 1132 1327 1203 θεραπείαν
1382 1140 1481 1183 τῶν
1519 1136 1948 1204 προσισταμένων

352 1222 526 1282 αὐτοῖς
557 1222 845 1294 θεοπρεπών
868 1220 1113 1294 ῥημάτων
1141 1218 1177 1271 ἂ
1211 1225 1528 1295 παρεμίγνυε
1556 1220 1802 1282 πολλάκις
1840 1228 1949 1283 τοῖς

353 1310 841 1384 ἀνθρωποπρεπέσιν
867 1309 1047 1362 αὐτοῦ.

423 1399 672 1459 Ἐζήτουν
703 1428 770 1438 -
804 1401 1014 1452 πιάσαι.
1043 1397 1371 1470 Ἐπλήσγησαν
1392 1401 1492 1475 γὰρ
1527 1398 1839 1462 ἀκούσαντες
1869 1402 1948 1452 ὅτι

350 1487 443 1540 “Ov
470 1489 610 1560 ὑμεῖς
636 1487 729 1539 οὐκ
760 1483 959 1539 οἴδατε.

428 1670 525 1718 Καὶ
565 1696 633 1704 -
675 1663 881 1738 χεῖρα.]
922 1664 1225 1736 Ἐπείχοντο
1271 1668 1371 1738 ’γὰρ
1423 1665 1652 1739 ἀοράτως
1704 1668 1799 1718 ὃπὸ
1852 1674 1947 1728 τῆς

353 1753 567 1815 ἐνούσης
606 1754 682 1824 (9)
715 1753 853 1824 αὐτῷ
877 1756 1011 1814 θείας
1038 1752 1324 1827 δυνάμεως.

421 1842 540 1895 "Ott
588 1874 656 1883 —
716 1842 892 1895 αὐτοῦ.
950 1843 1007 1895 Ἠ
1058 1851 1149 1895 τοῦ
1209 1844 1563 1917 συλληφθῆναι
1621 1850 1710 1897 καὶ
1763 1848 1943 1899 παθεῖν
1978 1856 2023 1910 Β

350 1952 523 1985 αυτόν.

422 2021 606 2074 Πολλοὶ
636 2053 704 2062 -
734 2022 907 2076 αὐτόν.
940 2021 1063 2074 Ὑπὸ
1094 2042 1146 2074 τε
1172 2032 1271 2076 τῶν
1299 2023 1656 2097 προλαϐόντων
1696 2029 1944 2096 σημείων,

350 2113 451 2162 ὑπό
481 2130 535 2163 τε
559 2120 657 2163 τῶν
679 2112 800 2183 ἄρτι
824 2112 1079 2185 ῥηθέντων
1108 2112 1269 2183 λόγων
1301 2112 1593 2175 ἑαλωκότες.

428 2205 524 2251 Καὶ
554 2232 621 2239 -
653 2199 892 2258 ἐποίησεν
919 2219 931 2267 ;
963 2202 1021 2253 Ei
1037 2206 1125 2252 καὶ
1148 2200 1479 2265 ἐπίστευσαν,
1502 2200 1729 2273 ἀλλὀὐχ
1762 2203 1943 2272 ὑγιῶς.

352 2288 581 2349 Εἱπόντες
606 2292 706 2364 γὰρ
739 2292 817 2341 ὅτι
842 2290 900 2341 Ὀ
934 2294 1158 2364 Χριστός
1203 2292 1321 2342 ὅταν
1349 2291 1491 2363 ἔλθῃ,
1524 2288 1723 2354 ἔδειξαν
1753 2294 1832 2343 ὃτι
1853 2292 1947 2343 οὐκ

350 2380 663 2430 ἐπίστευσαν
712 2378 937 2451 βεϐαίως
996 2380 1149 2431 αὐτόν
1199 2377 1327 2432 εἶναι
1380 2385 1463 2433 τόν
1516 2385 1764 2455 Χριστόν,
1840 2381 1945 2433 ἀλλ’

351 2466 667 2539 ἀμφιϐόλως,
691 2472 754 2529 ὡς
782 2467 1009 2539 ἀγελαῖοι
1034 2474 1122 2521 καὶ
1153 2478 1354 2541 κοῦφοι.

420 2645 487 2699 Ἦ
525 2652 614 2698 καὶ
642 2646 759 2699 καθ’
800 2648 1044 2699 ὑπόθεσιν
1066 2656 1217 2699 τοῦτο
1248 2644 1407 2713 εἶπον,
1445 2650 1525 2699 ὅτι
1560 2653 1755 2720 Θῶμεν,
1780 2650 1945 2722 ἕτερον

351 2732 477 2789 εἶναι
503 2739 589 2787 τὸν
614 2739 865 2809 Χριστὸν,
897 2739 965 2796 ὡς
992 2738 1040 2787 οἱ
1069 2738 1323 2807 ἄρχοντες
1356 2737 1594 2806 λέγουσιν
1620 2756 1631 2768 ·
1663 2738 1687 2788 ό
1716 2742 1947 2811 Χριστὸς

349 2825 403 2876 ὃν
450 2824 594 2876 αὐτοί
624 2844 801 2895 φασιν,
844 2827 963 2876 ὅταν
1000 2824 1143 2888 ἢθη,
1180 2831 1251 2895 μή
1298 2844 1349 2875 τι
1398 2822 1750 2897 δυνατώτερος
1798 2828 1946 2878 ἔσται

348 2916 533 2965 τούτου
562 2930 576 2979 ;
605 2913 753 2984 οὐχί.

417 3097 684 3143 Ἤκουσαν
710 3124 777 3131 -
806 3100 990 3146 ταῦτα.
1032 3091 1299 3145 Ἤκουσαν
1332 3093 1379 3145 ἐν
1411 3096 1557 3167 ἑτέρα
1586 3097 1754 3170 ἡμέρᾳ
1789 3095 1943 3154 δηλο-

2062 598 2194 665 ipso
2240 606 2419 657 natus
2469 620 2627 659 sum.
2668 606 2812 659 Nam
2855 607 2911 658 et
2957 602 3018 657 in
3067 602 3473 673 superioribus
3516 602 3704 659 dixit:

2059 688 2193 743 Non
2247 692 2405 761 quod
2435 694 2671 749 Patrem
2705 692 3001 764 quispiam
3042 691 3275 758 viderit,
3311 692 3431 746 nisi
3467 693 3514 748 is
3544 692 3643 764 qui
3670 708 3707 748 a

2058 779 2176 833 Deo
2198 786 2281 834 est
2310 780 2380 833 ⁴⁸.
2785 806 2789 811 τ

2131 868 2294 924 Vers.
2329 872 2417 925 29.
2450 873 2511 926 Et
2544 872 2647 927 ille
2683 887 2775 928 me
2798 872 2975 926 misit.
3009 871 3293 927 Continue
3323 871 3395 927 de
3424 871 3708 927 missione

2058 956 2336 1029 loquitur,
2402 960 2606 1016 volens
2661 960 2769 1016 illis
2834 961 3215 1032 persuadere,
3279 961 3443 1033 quod
3496 977 3532 1016 a
3589 963 3708 1016 Deo

2060 1047 2273 1102 missus
2303 1053 2478 1113 esset,
2505 1066 2612 1105 nec
2646 1054 2762 1106 Deo
2791 1049 3121 1105 contrarius
3146 1054 3320 1115 esset,
3353 1049 3505 1105 sicut
3532 1054 3708 1105 antea

2058 1136 2353 1203 diximus;
2377 1138 2554 1193 simul
2584 1140 2763 1195 etiam
2787 1140 2863 1195 ad
2895 1138 3259 1194 medendum
3276 1139 3493 1193 divinis
3510 1138 3708 1193 verbis

2057 1225 2282 1298 quibus
2311 1226 2435 1282 illos
2466 1227 2814 1297 offenderat,
2847 1245 2981 1300 quas
3014 1228 3353 1299 frequenter
3383 1226 3577 1283 verbis
3602 1228 3710 1283 hu-

2062 1330 2241 1370 mano
2281 1332 2443 1371 more
2473 1317 2647 1372 dictis
2681 1318 3098 1388 permiscebat.

2135 1406 2290 1460 Vers.
2346 1409 2433 1461 30.
2492 1408 2849 1474 Quwrebant
2914 1438 2981 1448 -—
3044 1406 3497 1477 apprehendere.
3560 1408 3707 1463 Nam

2057 1508 2214 1563 aegre
2262 1494 2577 1550 audierant
2629 1495 2921 1551 dicentem
2976 1511 2988 1550 ε
3043 1495 3223 1561 Quem
3294 1510 3390 1550 vos
3434 1510 3556 1550 non
3606 1512 3710 1552 no-

2058 1583 2241 1638 vistis.

2129 1673 2291 1728 Vers.
2324 1674 2411 1727 30.
2444 1674 2514 1727 Et
2546 1704 2607 1712 —
2634 1688 2892 1729 manum.
2912 1674 3285 1729 Tenebantur
3310 1673 3604 1745 siquidem
3628 1673 3707 1731 ab

2058 1762 2221 1816 unita
2250 1760 2362 1832 ipsi
2402 1762 2603 1818 divina
2639 1762 2867 1817 virtute.

2130 1851 2295 1905 Vers.
2349 1856 2441 1908 30.
2503 1852 2651 1919 Quia
2704 1883 2771 1892 —
2830 1854 2979 1922 ejus.
3050 1853 3178 1917 Qua
3233 1851 3415 1906 teneri
3469 1866 3538 1907 ac
3582 1852 3705 1923 pati

2057 1938 2417 1995 decreverat.

2130 2029 2289 2084 Vers.
2324 2029 2411 2084 3t.
2441 2031 2621 2085 Multi
2657 2062 2726 2070 —
2761 2032 2954 2086 illum.
2988 2034 3033 2085 A
3078 2029 3373 2100 praedictis
3408 2029 3619 2099 signis,
3651 2035 3707 2086 et

2056 2134 2091 2173 a
2132 2119 2514 2173 sermonibus
2546 2120 2727 2174 modo
2756 2120 2928 2174 dictis
2955 2118 3136 2190 capti.

2128 2206 2290 2262 Vers.
2322 2207 2408 2263 31.
2442 2210 2518 2262 Et
2548 2240 2616 2249 —
2648 2208 2788 2277 fecit
2810 2210 2838 2262 Υ
2867 2207 3256 2263 Crediderunt
3284 2207 3550 2277 quidem,
3585 2222 3706 2263 non

2055 2301 2255 2350 tamen
2316 2298 2570 2369 perfecte
2612 2315 2624 2352 :
2660 2314 2801 2353 nam
2856 2298 3120 2353 dicentes
3168 2314 3179 2351 :
3241 2296 3507 2351 Christus
3571 2312 3707 2352 cum

2056 2386 2300 2451 venerit,
2343 2386 2744 2441 ostendebant
2783 2402 2844 2441 se
2896 2402 3014 2441 non
3064 2385 3310 2440 ﬁrmiter
3356 2384 3702 2451 credidisse,

2054 2489 2193 2528 eum
2233 2490 2368 2529 esse
2400 2476 2714 2540 Christum,
2750 2475 2856 2530 sed
2887 2476 3073 2530 dubio
3105 2474 3309 2541 modo,
3343 2479 3545 2546 utpote
3597 2474 3705 2530 ab-

2050 2561 2187 2632 jecti
2215 2567 2271 2617 et
2298 2564 2477 2619 leves.

2126 2656 2239 2706 Aut
2298 2652 2357 2706 id
2416 2668 2489 2708 ex
2557 2651 2963 2724 suppositione
3011 2653 3288 2708 dixerunt
3336 2669 3347 2707 :
3401 2652 3704 2708 Ponamus

2053 2741 2440 2812 postmodum
2468 2746 2779 2797 venturum
2802 2758 2931 2797 esse
2949 2741 3270 2805 Christum,
3287 2741 3467 2797 veluti
3498 2742 3706 2799 dicunt

2054 2829 2351 2901 principes
2391 2831 2769 2887 sacerdotum
2817 2830 3116 2886 :Christus
3173 2830 3287 2897 ille,
3355 2847 3532 2903 quem
3590 2830 3703 2903 ipsi

2052 2919 2279 2983 dicunt,
2319 2936 2454 2975 cum
2498 2920 2735 2988 venerit,
2769 2936 2914 2975 num
2946 2919 3060 2975 hoc
3092 2920 3283 2992 magis
3309 2920 3702 2976 admirandus

2053 3008 2211 3064 erit?
2244 3024 2649 3082 nequaquam.

2125 3099 2285 3153 Vers.
2308 3104 2394 3153 32.
2420 3100 2761 3156 Audierant
2790 3130 2859 3141 ——
2889 3100 3039 3155 hac.
3077 3099 3403 3155 Audierunt
3434 3099 3702 3171 sequenti

346 3185 475 3233 νότι.
510 3182 861 3253 Γογγύξοντος
891 3179 968 3247 δὲ,
1017 3186 1177 3253 ἤγουν
1222 3187 1313 3234 σὺν
1356 3204 1645 3257 γογγυσμῳ
1695 3195 1764 3237 τῶ
1808 3189 1943 3238 κατά

2080 3187 2327 3244 'idelicet
2369 3188 2485 3245 die.
2520 3192 2978 3244 Murmurantem
3014 3205 3172 3254 vero,
3217 3189 3341 3243 sive
3372 3206 3509 3245 cum
3541 3204 3703 3244 mur-

345 3279 441 3323 τών
466 3269 722 3344 ἀρκόντων
752 3270 1004 3341 λέγοντος.

423 3364 620 3411 Καὶ-
669 3360 843 3414 αὐτόν.
894 3359 982 3421 Ὠς
1028 3358 1392 3430 ἀποσχίζοντα
1435 3365 1519 3412 τὸν
1556 3362 1697 3415 λαὸν.
1750 3363 1819 3415 Ὠ
1849 3373 1940 3426 τῆς

347 3452 553 3519 μανίας,
588 3448 777 3519 μᾶλλον
804 3444 863 3499 δὲ
906 3456 1000 3508 τῆς
1042 3446 1249 3508 ἀνοίαςῖ
1287 3449 1440 3501 Αὐτοὶ
1470 3450 1716 3513 πολλάκις
1746 3452 1941 3523 ἐπιχει-

346 3542 600 3611 ρήσαντες
630 3542 719 3588 καὶ
745 3537 837 3588 οὐκ
870 3537 1185 3608 ἰσχύσαντές
1203 3545 1310 3598 τοῖς
1340 3540 1618 3612 ὑπηρέταις
1643 3544 1699 3592 τὸ
1726 3548 1944 3614 πρᾶγμα

348 3625 647 3698 ἐπέτρεψαν,
699 3631 783 3677 τόν
835 3646 888 3679 τε
954 3628 1114 3697 θυμὸν
1162 3630 1639 3700 παραμυθούμενοι,
1693 3634 1783 3681 καὶ
1850 3635 1942 3688 τὴν

349 3712 613 3765 ἀσθένειαν
639 3714 829 3767 ἑαυτῶν
872 3715 1337 3786 συγκαλυπτοντες.

418 3889 569 3944 Εἶπεν
618 3925 685 3932 —
734 3894 856 3965 εἰμι.
906 3893 1079 3965 Ἐλεγε
1125 3898 1214 3967 μεν
1268 3900 1395 3969 πρὸς
1439 3900 1495 3947 τό
1550 3896 1760 3962 πλῆθος,
1818 3897 1943 3950 ἀπε-

1750 3988 1939 4061 ὑπηρέ-

346 4090 458 4131 τας.
493 4076 865 4128 Δυσωπητικὸν
898 4068 957 4124 δε
995 4075 1052 4123 τό
1099 4073 1246 4145 ῥῆμα
1287 4078 1413 4147 πρὸς
1468 4076 1793 4133 καταστολὴν
1848 4085 1941 4139 τῆς

872 4160 983 4212 Ἔτι

345 4247 470 4319 εἰμὶ,
514 4252 599 4299 τόν
630 4250 764 4321 ἄχρι
787 4257 876 4302 τοῦ
914 4255 1113 4322 Πάσχα
1144 4248 1314 4309 δηλῶν
1349 4271 1358 4281 ·
1390 4262 1570 4305 τοῦτον
1618 4261 1769 4327 μόνον
1819 4254 1939 4307 ἀνα-

344 4341 567 4409 μείνατε.

345 3986 532 4033 τείνετο
604 3979 663 4034 δὲ
716 3987 840 4056 πρὸς
917 3987 1031 4044 τοὺς
1099 3982 1500 4046 ἀποστείλαντας
1569 3990 1683 4046 τοὺς

345 4164 534 4231 μανίας
612 4160 825 4212 αὐτῶν·
872 4160 983 4212 Ἐτι
1070 4166 1256 4235 μικρὸν
1334 4168 1523 4237 χρόνον
1602 4166 1714 4236 μεθ’
1800 4168 1941 4237 ὑμῶν

420 4431 518 4479 Καὶ
549 4458 614 4469 —
640 4448 722 4501 με.
754 4428 876 4481 Ὀτε
902 4427 1177 4502 ἀναληφθεῦ
1217 4431 1286 4493 εἰς
1316 4436 1402 4484 τόν
1434 4432 1665 4504 οὐρανόν.

2053 3294 2221 3333 mure
2255 3279 2543 3334 adversus
2576 3278 2868 3350 principes
2909 3278 3274 3349 loquentem.

2126 3366 2288 3421 Vers.
2317 3369 2405 3421 32.
2436 3368 2509 3422 Et
2564 3399 2627 3407 —
2668 3383 2817 3422 eum.
2865 3369 3173 3438 Tanquam
3218 3370 3699 3422 commoventem

2055 3455 2339 3527 populum
2369 3456 2443 3511 ad
2486 3456 2857 3511 seditionem.
2887 3457 2930 3511 Ο
2956 3455 3343 3519 dementiam,
3377 3455 3570 3524 magis
3596 3472 3703 3511 au-

2054 3551 2168 3600 tem
2205 3544 2493 3600 insaniam
2526 3546 2537 3600 l
2565 3547 2708 3600 Cum
2730 3546 2838 3610 ipsi
2868 3544 3202 3617 frequenter
3224 3550 3563 3613 tentassent,
3593 3560 3701 3600 nec

2053 3634 2409 3704 potuissent,
2467 3634 2749 3690 ministris
2802 3650 2925 3689 rem
2984 3632 3459 3689 commiserunt:
3497 3638 3559 3689 ut
3624 3634 3699 3690 de

2054 3724 2249 3779 furore
2280 3723 2743 3779 consolationem
2779 3724 3130 3795 acciperent,
3155 3739 3325 3779 suam
3365 3728 3559 3779 autem
3592 3724 3703 3779 im-

2052 3812 2426 3868 becillitatem
2452 3812 2829 3868 occultarent.

2124 3904 2283 3957 Vers.
2311 3903 2399 3957 33.
2450 3902 2619 3958 Dixit
2649 3934 2713 3942 —
2746 3918 2895 3957 sum.
2955 3901 3305 3957 Multitudini
3332 3902 3577 3973 quidem
3616 3903 3700 3959 lo-

2051 3991 2347 4062 quebatur
2403 4008 2415 4046 :
2458 3991 2805 4047 intendebat
2869 3994 3065 4046 autem
3127 3990 3204 4045 ad
3236 3991 3559 4055 ministros,
3594 3992 3698 4063 qui

2053 4081 2214 4135 missi
2246 4085 2411 4135 erant
2445 4098 2457 4135 :
2484 4086 2569 4134 cst
2590 4082 2745 4135 enim
2800 4079 3147 4151 placationis
3201 4080 3445 4134 verbum
3476 4080 3554 4134 ad
3576 4097 3701 4136 cor-

2050 4169 2386 4240 ruptionem
2417 4169 2662 4224 insaniae
2682 4169 2904 4224 illorum
2928 4185 2939 4223 :
2966 4168 3177 4224 Adhuc
3196 4169 3419 4224 modico
3443 4176 3698 4237 tempore

2052 4258 2344 4315 vobiscum
2383 4274 2532 4321 sum,
2593 4258 2933 4327 signiﬁcans
2990 4264 3224 4329 tempus
3278 4274 3463 4330 usque
3494 4258 3563 4314 ad
3589 4258 3698 4315 Pa-

2052 4348 2199 4403 scha
2229 4364 2241 4401 :
2284 4346 2399 4402 hoc
2438 4362 2577 4415 ergo
2605 4346 2800 4403 solum
2831 4351 3184 4418 exspectate.

2123 4437 2282 4492 Vers.
2344 4437 2431 4493 33.
2482 4436 2559 4491 Et
2610 4466 2674 4478 --
2728 4451 2836 4492 me.
2899 4437 3043 4491 Cum
3121 4452 3400 4492 assumar
3458 4436 3515 4492 in
3582 4454 3697 4493 cce—

2050 4525 2197 4581 lum.

414 4610 768 4664 Ζητήσετέ-
804 4608 1064 4681 εὑρήσετε.
1100 4608 1244 4670 Εἰκὸς
1287 4612 1386 4683 γὰρ
1420 4610 1632 4673 πολλοὺς
1679 4611 1731 4674 ἐξ
1772 4612 1938 4665 αὐτῶν

2120 4615 2279 4670 Vers.
2315 4614 2408 4670 34.
2446 4613 2731 4681 Quaeretis
2759 4643 2822 4651 —
2850 4612 3177 4668 invenietis.
3211 4612 3516 4684 Siquidem
3552 4614 3699 4669 veri-

341 4698 674 4767 μνημονεύειν
706 4696 885 4762 αὐτοῦ,
909 4702 997 4749 καὶ
1019 4697 1192 4757 ζητεῖν
1215 4699 1369 4751 αὐτόν
1387 4698 1604 4772 βοηθόν,
1633 4706 1721 4754 καὶ
1749 4702 1938 4774 μᾶλλον

341 4784 690 4859 ἀλισκομένωδ
721 4795 817 4838 τῶν
846 4786 1231 4860 Ἰεροσολύμων.

416 4967 514 5013 Καὶ
556 4994 609 5003 -—
641 4962 821 5016 ἐλθεῖν.
844 4963 1010 5017 Ὀπου
1039 4965 1139 5031 εἰμὶ
1167 4970 1298 5021 τότε.
1334 4966 1489 5025 Δηλοί
1526 4964 1578 5020 )"s
1604 4973 1696 5026 τὴν
1730 4968 1810 5021 ἐπὶ
1845 4980 1935 5023 τοῦ

338 5049 560 5122 οὐρανοῦ
592 5051 639 5103 ἐν
672 5049 822 5123 δεξιᾴ
844 5061 933 5105 τοῦ
969 5059 1170 5128 Πατρός
1199 5052 1477 5131 καθέδραν.

412 5137 567 5192 Εἶπον
627 5172 695 5180 -
768 5141 960 5213 ἱλθεῐνς
993 5142 1222 5195 Ἐπαθόν
1278 5165 1329 5197 τι
1388 5150 1513 5219 πρὸς
1570 5150 1685 5208 τοὺς
1750 5148 1933 5220 λόγους

597 5226 991 5294 δυσωπηθέντες
1067 5232 1225 5285 αὑτοὺ
1236 5253 1275 5301 ς,

336 5228 520 5294 αὐτοῦ,
597 5228 991 5294 δυσωπηθέντες
1067 5232 1275 5301 αὐτοὺς,
1356 5240 1442 5287 καὶ
1516 5236 1739 5296 ζητοῦσι
1804 5243 1934 5312 πρὸς

410 5409 457 5443 ⁸³
493 5410 662 5465 Joan.
703 5424 783 5475 v1,
824 5408 919 5467 46.

2050 4703 2231 4759 simile
2276 4708 2381 4768 est,
2438 4702 2604 4773 quod
2668 4700 2837 4757 multi
2890 4716 3097 4756 eorum
3152 4701 3443 4757 recordati
3504 4702 3700 4774 ipsius

2049 4792 2411 4865 quaesierunt
2472 4807 2608 4846 eum
2664 4789 3091 4856 auxiliatorem,
3129 4796 3183 4848 et
3241 4790 3492 4848 maxime
3551 4793 3695 4849 dum

2051 4882 2458 4952 Hierosolyma
2484 4885 2856 4951 caperentur.

2154 4970 2317 5024 Vers.
2352 4970 2444 5026 34.
2484 4971 2558 5023 Et
2605 5000 2654 5009 -—
2686 4969 2899 5023 venire.
2936 4968 3040 5022 Ubi
3079 4975 3216 5023 tunc
3243 4986 3361 5024 ero.
3393 4970 3700 5039 Signiﬁcat

2048 5066 2243 5115 autem
2282 5060 2605 5113 sessionem
2641 5057 2717 5114 ad
2747 5057 3049 5113 dexteram
3082 5058 3294 5114 Patris.

2118 5152 2275 5205 Vers.
2322 5151 2415 5205 35.
2476 5148 2768 5203 Dixerunt
2827 5178 2892 5186 —
2952 5148 3111 5202 Vers.
3142 5150 3258 5204 36.
3324 5149 3523 5205 venire
3557 5149 3699 5204 ‘lAf-

2044 5240 2177 5297 fecti
2207 5237 2660 5312 quodammodo
2696 5241 2832 5291 sunt
2857 5236 2932 5291 ad
2963 5253 3269 5293 sermones
3301 5238 3449 5309 ejus,
3479 5238 3698 5311 quibus

1612 5540 1831 5609 Variae
1858 5540 2182 5610 lectiones
2216 5552 2275 5609 et
2306 5552 2505 5610 notae.

394 5732 471 5803 (9)
505 5731 759 5795 Ἐνούσης
782 5733 845 5787 Α.
884 5730 1019 5789 Tale
1050 5732 1197 5805 quid
1225 5734 1512 5806 reperisse
1546 5734 1905 5794 Hentenius.
1944 5745 1948 5789 :

2087 5735 2167 5793 ita
2199 5736 2619 5809 corrigendum
2651 5741 2807 5794 esset
2845 5740 3137 5799 ένωθείσης.
