4120 6310
529 352 664 408 1275

1859 352 2203 410 EUTHYMII
2258 341 2593 410 ZlGABENI

3779 353 3961 409 i276

526 479 942 551 placabantur,
973 485 1028 534 et
1052 484 1330 552 quaerunt
1392 484 1542 535 inter
1592 493 1744 544 sese,
1798 495 1912 536 non
1966 479 2172 535 intelli-

2292 475 2507 542 ἑαυτοὺς
2545 485 2616 552 μὴ
2666 487 2898 542 νοοῦντες
2941 483 3006 533 τὰ
3057 482 3298 556 ῥηθέντα.
3341 482 3638 555 Διασπορὰν
3691 476 3759 532 δὲ
3825 488 3957 531 τῶν

527 575 730 637 gentes
777 585 847 623 ea
904 585 1038 640 qua;
1095 569 1462 625 dicebantur.
1522 570 1955 642 Dispersionem
2039 586 2174 625 vero

527 660 864 714 Graecorum
889 658 1166 714 dicebant
1205 665 1427 726 gentes,
1471 676 1600 730 qum
1622 659 1844 730 ubique
1898 665 2175 714 terrarum

527 747 806 818 dispersae
837 752 1025 815 erant,
1053 748 1290 803 etnullo
1342 748 1688 818 prohibente
1713 750 1863 802 inter
1912 764 1973 802 se
2019 764 2174 803 com-

529 836 954 900 miscebantur,
998 853 1135 892 cum
1167 838 1276 908 ipsi
1308 836 1500 892 solam
1529 837 1932 892 inhabitarent
1999 837 2180 892 Palae-

527 923 1070 997 stinam,etalege
1127 925 1582 998 prohiberentur
1647 927 1872 982 caeteris
1933 925 2178 982 commi-

527 1012 674 1068 sceri
705 1013 1003 1083 gentibus.

598 1279 766 1334 Vers.
803 1279 889 1333 37.
923 1280 991 1335 In
1023 1311 1091 1321 —
1119 1280 1295 1338 bibat.
1333 1282 1555 1337 Primus
1581 1297 1650 1339 ac
1672 1285 2016 1354 postremus
2051 1283 2179 1338 dies

528 1366 668 1422 dicti
698 1367 823 1423 festi
847 1368 1354 1441 Scenopegiorum
1385 1373 1586 1441 magni
1612 1371 2010 1438 habebantur,
2036 1373 2178 1444 quia

525 1456 586 1511 in
604 1455 696 1511 his
735 1457 1127 1513 studiosiusin
1161 1475 1347 1514 unum
1379 1461 1834 1517 collectidivinis
1860 1463 2176 1530 vacabant,

528 1561 630 1600 eos
661 1547 833 1617 quiin
850 1548 1046 1603 medio
1064 1549 1300 1604 erantin
1317 1549 1538 1606 deliciis
1569 1553 2178 1607 consumentes.Tunc

528 1651 688 1704 ergo,
724 1652 858 1692 cum
891 1639 1307 1710 unusquisque
1338 1640 1636 1712 completo
1668 1641 1786 1710 iam
1815 1641 1965 1696 festo
1991 1642 2048 1695 in
2075 1641 2178 1696 do-

530 1742 695 1782 mum
712 1743 884 1782 suam
900 1744 1237 1784 recessurus
1256 1736 1402 1794 erat,
1419 1731 1671 1786 decrevit
1685 1731 2016 1787 volentibus
2033 1731 2176 1787 dare

2286 567 2532 626 Ἑλλήνων
2563 570 2732 642 ἔλεγον
2761 574 2824 622 τὰ
2855 574 2993 634 ἔθνη,
3029 569 3123 624 διὰ
3151 575 3210 623 τό
3241 567 3562 642 διεσπάρθαι
3590 579 3948 641 πανταχοῦ,

2287 663 2376 711 καὶ
2425 658 2697 722 ἀκωλύτως
2761 659 2996 723 ἀλλήλοις
3075 660 3472 731 ἐπιμίγνυσθαι,
3529 660 3678 712 αὐτοὶ
3734 665 3950 731 μόνην

2287 749 2542 810 οἰκοῦντες
2571 754 2662 806 τὴν
2696 749 3066 815 Παλαιστίνην,
3097 755 3186 801 καὶ
3217 751 3357 822 παρά
3378 757 3466 800 τοῦ
3497 753 3656 821 νόμου
3697 747 3814 800 κω)
3829 754 3942 800 υό-

2286 856 2428 909 μενοι
2450 837 2827 910 ἐπιμίγνυσθαι
2860 845 2969 899 τοῖς
2995 837 3334 910 ἀλλογενέσιν.

2358 1105 2440 1158 Ἐν
2490 1136 2554 1147 -
2609 1110 2816 1159 πινέτω.
2872 1111 2972 1160 Καὶ
3023 1107 3053 1164 ἠ
3114 1110 3292 1180 πρώτη
3346 1108 3516 1178 ἡμέρα
3572 1114 3673 1167 τῆς
3729 1101 3918 1164 3n)»-

2290 1195 2468 1256 θείσης
2511 1195 2688 1269 ἑορτῆς
2742 1204 2842 1247 τῶν
2901 1200 3270 1266 Σκηνοπηγίων
3321 1199 3411 1246 καὶ
3461 1197 3491 1252 ἡ
3555 1195 3775 1267 ἐσχάτη
3827 1215 3904 1266 με·

2285 1283 2443 1354 ’γαλαι
2495 1282 2808 1356 ἐνομίζοντο.
2879 1289 2964 1337 Διό
3014 1290 3105 1336 καὶ
3186 1281 3595 1358 σπουδαιότερον
3667 1283 3718 1335 ἐν
3784 1288 3922 1336 τετύ-

2287 1392 2404 1435 ταις
2477 1372 2837 1444 συλλεγόμενοι
2906 1381 3013 1434 τοῖς
3077 1375 3232 1433 θείοις
3308 1371 3620 1444 ἐσχόλαζον,
3692 1376 3798 1433 τας
3869 1372 3922 1423 ἐν

2286 1482 2357 1533 τῳ
2422 1465 2564 1535 μέσῳ
2644 1462 2832 1534 μᾶλλον
2920 1463 2990 1523 εἰς
3062 1465 3260 1536 τρυφὰς
3317 1461 3702 1522 ἀναλίσκοντες.
3775 1467 3927 1514 Τότε

2286 1557 2476 1616 τοίνυν,
2529 1553 2607 1603 ὅτε
2656 1551 3119 1628 συμπληρουμένης
3169 1548 3275 1610 ἤδη
3323 1559 3412 1612 τῆς
3469 1551 3650 1623 ἑορτῆς
3697 1551 3924 1622 ἔμελλεν

2653 1642 2866 1700 ἕκαστος
2941 1637 3144 1708 οἶκαδε,

2287 1640 2576 1712 ἀναχωρεῖν
2653 1642 2866 1700 ἕκαστος
2941 1637 3144 1708 οἶκαδε,
3220 1639 3465 1712 βούλεται
3529 1637 3719 1692 δοῦναι
3797 1648 3926 1699 τοῖς

2290 1729 2617 1802 βουλομένοις
2669 1727 2854 1802 ἐφόδια
2891 1733 3021 1803 πρὸς
3062 1734 3365 1804 σωτηρίαν⁸
3417 1735 3506 1780 καὶ
3564 1729 3748 1800 ἔκραξε
3815 1733 3924 1800 μὲν

527 1816 806 1872 viaticum
862 1817 935 1872 ad
993 1818 1261 1884 salutem,
1296 1823 1349 1874 et
1381 1820 1674 1885 clamavit,
1703 1822 2024 1876 ostendens
2055 1838 2174 1892 qua

2292 1816 2460 1877 δηλῶν
2510 1825 2603 1876 τὴν
2647 1818 2945 1893 παρρησίαν
2994 1819 3173 1882 αὐτοῦ,
3215 1823 3304 1870 καὶ
3357 1819 3438 1870 ἱνα
3489 1820 3677 1879 πάντες
3736 1817 3924 1870 ακού-

527 1904 795 1960 libertate
825 1905 1185 1977 loqueretur,
1210 1913 1264 1962 et
1295 1915 1356 1963 ut
1385 1923 1595 1964 omnes
1651 1909 1925 1964 audirent
1965 1926 1978 1975 ;
2010 1909 2175 1966 multi

529 1994 686 2049 enim
719 2000 910 2050 erant.
942 1995 1092 2050 Dixit
1115 2001 1336 2062 autem,
1364 1996 1562 2068 Siquis
1589 1999 1734 2063 sitit,
1757 1999 1850 2054 siti
1869 1999 2174 2064 doctrinae,

541 2083 751 2139 Veniat
770 2084 851 2138 ad
876 2099 964 2139 me
988 2090 1040 2139 et
1064 2084 1206 2140 bibat
1225 2085 1527 2155 potionem
1564 2087 1924 2156 spiritualem
1951 2103 2179 2159 ;neque

531 2173 688 2227 enim
711 2188 815 2227 eos
840 2188 1126 2238 convoco,
1148 2173 1250 2245 qui
1267 2191 1385 2230 non
1415 2175 1643 2238 sitiunt,
1671 2176 1774 2231 sed
1792 2177 2180 2249 quiardenter

530 2266 818 2332 appetunt
845 2261 1194 2332 hujusmodi
1218 2263 1547 2334 potionem.

603 2353 758 2406 Vers.
787 2351 874 2407 38.
913 2352 1022 2418 Qui
1049 2383 1111 2393 —
1161 2352 1324 2410 viva.
1379 2355 1655 2410 Ventrem
1712 2355 1804 2412 hic
1857 2355 2000 2412 dicit
2029 2372 2174 2422 cor;

527 2441 703 2498 veluti
726 2458 861 2496 cum
885 2441 1100 2497 dicitur
1130 2462 1142 2502 :
1176 2445 1252 2499 Et
1275 2445 1458 2515 legem
1482 2451 1644 2502 tuam
1667 2446 1729 2501 in
1758 2446 1938 2502 medio
1957 2447 2178 2504 ventris

527 2533 635 2588 mei
660 2532 726 2586 “.
751 2531 1033 2588 Numina
1057 2548 1197 2588 vero
1219 2548 1409 2603 aqua,
1431 2533 1678 2606 Spiritus
1718 2535 2174 2602 abundantiam,

527 2620 744 2676 divinae
772 2622 978 2690 gratia;
1009 2621 1436 2693 plenitudinem
1467 2640 1480 2689 ;
1518 2625 1664 2680 vivce
1689 2633 1910 2689 autem,
1934 2625 2047 2680 hoc
2065 2630 2174 2691 est,

527 2725 760 2780 semper
788 2712 1112 2782 operantis,
1146 2726 1383 2784 semper
1401 2718 1577 2768 motaa
1606 2732 1618 2771 :
1649 2729 1792 2769 nam
1815 2731 1951 2770 cum
1971 2715 2178 2771 divina

529 2799 719 2868 gratia
747 2800 960 2855 animae
991 2799 1286 2865 insederit,
1316 2800 1449 2856 fons
1493 2801 1764 2871 efﬁcitur,
1821 2819 2176 2876 semperque

528 2888 794 2943 scaturit.
830 2889 1029 2943 Petrus
1077 2889 1370 2960 siquidem
1401 2896 1455 2946 et
1483 2891 1721 2956 Paulus,
1774 2896 1830 2948 et
1881 2898 2177 2964 quotquot

527 2976 764 3031 illorum
789 2976 1010 3031 similes
1037 2976 1294 3046 fuerunt,
1324 2979 1590 3034 divinam
1625 2981 1876 3049 gratiam
1910 2983 1968 3036 in
1998 2983 2178 3037 corde

528 3065 923 3120 inundantem
964 3065 1272 3131 habentes,
1319 3083 1439 3123 non
1499 3067 1743 3132 ﬂumen,
1769 3069 1872 3123 sed
1924 3069 2178 3125 ﬂumina

527 3153 964 3225 concipiebant,
1000 3159 1185 3210 multo
1214 3156 1378 3212 ﬂuxu
1410 3158 1810 3218 scaturientia.
1847 3175 1979 3230 quas
2009 3159 2178 3231 quid-
2212 3191 2252 3248 (Ζ

527 3242 673 3314 quid
704 3243 1030 3308 accederet,
1065 3245 1442 3301 attrahebant
1471 3249 1566 3316 (e),
1595 3253 1651 3303 et
1672 3248 1999 3304 inﬁdelium
2019 3249 2179 3304 vani-

527 3332 734 3404 loquia
775 3332 950 3388 undis
980 3333 1313 3391 obruebant
1343 3351 1413 3392 ac
1443 3336 1893 3407 demergebant.

600 3513 816 3578 Quinto
847 3520 1048 3569 autem
1102 3515 1296 3587 capite
1341 3514 1488 3572 dixit
1551 3517 1629 3572 ad
1686 3517 2174 3574 Samaritanam:

526 3602 700 3673 Aqua
719 3618 894 3674 quam
916 3620 1010 3675 ego
1035 3603 1199 3670 dabo,
1228 3605 1332 3673 ﬁet
1357 3607 1419 3662 in
1451 3621 1514 3662 eo
1540 3607 1678 3676 fons
1715 3622 1886 3678 aqua
1913 3608 2180 3664 salientis

525 3690 589 3746 in
621 3692 799 3747 vitam
830 3698 1112 3750 aeternam
1137 3696 1200 3760 ⁴⁶;
1233 3694 1387 3750 etibi
1454 3711 1689 3751 rursum
1714 3696 1844 3767 lege
1897 3697 2177 3752 similium

528 3779 850 3837 verborum
881 3783 1321 3840 enarrationem
1335 3826 1349 3842 .

599 3957 736 4012 Post
758 3957 980 4014 dictum
1011 3963 1228 4027 autem,
1251 3958 1410 4015 Sicut
1435 3959 1522 4016 ait
1543 3959 1872 4032 Scriqtura,
1896 3963 2179 4034 ponenda

527 4049 614 4101 est
643 4045 963 4103 distinctio.
996 4047 1363 4104 Multifariam
1385 4051 1542 4105 enim
1567 4049 1849 4123 praecepit
1875 4053 2179 4123 Scriptura

530 4135 767 4190 credere
798 4135 856 4190 in
887 4135 1083 4192 illum.

603 4224 768 4278 Vers.
809 4225 902 4280 39.
941 4225 1062 4279 Hoc
1091 4256 1152 4266 —
1205 4241 1353 4281 eum.
1399 4227 1550 4294 Hoc,
1589 4232 1755 4300 puta,
1790 4228 2069 4287 Flumina
2108 4232 2181 4290 de

528 4317 732 4368 ventre
759 4314 882 4382 ejus
907 4314 1094 4383 ﬂuent
1119 4329 1290 4385 aquae
1319 4316 1485 4372 vivae.
1513 4319 1590 4374 De
1622 4317 1841 4388 Spiritu
1870 4333 2027 4387 vero,
2059 4321 2179 4377 sive

529 4401 604 4456 de
635 4399 1042 4473 spiritualibus
1069 4403 1299 4473 gratiis.

602 4580 766 4637 Vers.
807 4581 899 4638 39.
938 4581 1214 4639 Nondum
1247 4615 1313 4624 —
1341 4594 1600 4641 sanctus.
1635 4586 1911 4643 Nondum
1946 4592 2071 4644 erat
2120 4589 2176 4644 in

529 4669 663 4737 illis,
696 4670 800 4742 qui
827 4672 885 4727 in
915 4672 1113 4744 ipsum
1143 4673 1468 4731 credebant
1503 4691 1516 4742 ;
1546 4676 1818 4732 nondum
1849 4678 2024 4734 datus
2056 4682 2181 4734 erat

530 4759 832 4831 discipulis
862 4761 1008 4832 ejus.

603 4853 770 4906 Vers.
813 4855 902 4907 39.
952 4851 1092 4916 Quia
1123 4884 1189 4893 —
1244 4854 1639 4922 gloriﬁcatus.
1699 4857 1844 4921 Quia
1907 4856 2177 4912 nondum

603 5030 649 5064 “
680 5027 833 5086 Psal.
857 5044 1055 5097 χχχιχ,
1088 5034 1141 5087 9.
1219 5031 1268 5066 ⁸⁸
1293 5031 1460 5088 Joan.
1496 5047 1572 5099 xv,
1611 5036 1693 5089 14.

2292 1927 2444 1973 σωσι,
2500 1908 2678 1960 πολλοὶ
2726 1913 2880 1969 ὄντες.
2941 1904 3063 1960 Εἶπε
3117 1903 3215 1959 δέ’
3252 1907 3367 1960 Ἐάν
3414 1926 3496 1969 τις
3555 1904 3694 1977 διψᾲ
3727 1903 3918 1976 δίψαν

2290 1993 2664 2061 διδασκαλίας,
2778 1995 3016 2070 ἐρχέσθω
3115 2001 3241 2068 πρός
3340 2014 3423 2067 με,
3518 2000 3605 2047 καὶ

2287 2091 2432 2158 πόμα
2489 2086 2604 2157 (10)
2657 2089 3001 2157 πνευματικόν
3033 2101 3046 2114 ’
3080 2089 3200 2146 τοὺς
3253 2087 3354 2157 γὰρ
3398 2083 3458 2136 ού
3505 2081 3780 2154 διψῶντας
3848 2085 3914 2135 οὐ

3706 1999 3916 2047 πινέτω

2292 2174 2554 2245 συγκαλῶ,
2609 2174 2736 2227 ἀλλὰ
2778 2178 2897 2236 τούς
2950 2171 3186 2236 διακαῶς
3233 2172 3453 2246 ἐρῶντας
3501 2181 3594 2224 τού
3649 2175 3911 2225 τοιούτου

2287 2269 2539 2336 πόματος.

2355 2356 2414 2408 Ὀ
2469 2388 2534 2397 -
2593 2357 2800 2417 ζῶντος.
2873 2356 3080 2409 Κοιλίαν
3162 2355 3381 2407 ἐνταῦθα
3443 2353 3578 2424 λέγει
3622 2357 3715 2410 τὸν
3766 2373 3907 2427 acap-

2289 2442 2427 2508 δίαν,
2498 2449 2561 2506 ὡς
2619 2452 2717 2498 τό·
2781 2451 2880 2498 Καὶ
2958 2449 3044 2498 τόν
3111 2449 3263 2516 νόμον
3325 2463 3416 2496 σου
3475 2446 3522 2495 ἐν
3600 2447 3748 2514 μέσῳ
3802 2451 3906 2505 τῆς

2287 2535 2480 2595 κοιλίας
2535 2555 2635 2607 μου
2673 2555 2686 2568 ο
2753 2538 3017 2607 ποταμοὺς
3086 2531 3144 2586 δὲ
3201 2529 3396 2592 ὓδατος
3461 2537 3554 2589 τὴν
3614 2527 3904 2601 δαψίλειαν

2287 2643 2377 2676 του
2421 2627 2730 2696 Πνεύματος,
2781 2628 2874 2682 τὴν
2923 2623 3240 2695 πλημμύραν
3293 2630 3386 2682 τῆς
3438 2623 3578 2682 θείας
3624 2623 3895 2692 χάρι-ος·

2289 2714 2480 2775 ζῶντος
2511 2711 2587 2778 δε,
2639 2717 2800 2784 ἤγουν
2851 2711 2928 2765 ἀεὶ
2975 2715 3315 2785 ἐνεργοῦντος,
3366 2709 3684 2768 ἀεικινήτου.
3733 2709 3895 2762 Ὀταν

2285 2806 2386 2876 γὰρ
2437 2806 2466 2861 ἠ
2520 2805 2631 2856 θεία
2686 2805 2844 2875 χάρις
2901 2799 3172 2875 ἐνιδρυνθῇ
3227 2800 3406 2873 ψυχῇ,
3463 2804 3609 2870 πηγὴ
3667 2804 3885 2868 γίνεται,

2287 2898 2374 2945 καὶ
2426 2891 2607 2964 βλύξει
2657 2889 2962 2952 διαπαντός.
3035 2895 3134 2943 Καὶ
3204 2893 3304 2963 γὰρ
3379 2896 3470 2941 καὶ
3544 2893 3735 2962 Πέτρος
3800 2892 3882 2938 καὶ

2291 2981 2490 3043 Παῦλος
2537 2985 2626 3033 καὶ
2665 2983 2781 3033 ὅσοι
2828 2980 2942 3032 κατ’
2974 2979 3197 3041 ἐκείνους
3243 2979 3357 3050 (11)
3406 2983 3500 3036 τὴν
3548 2980 3682 3030 θείαν
3725 2978 3877 3047 χάριν

2290 3069 2338 3122 ἕν
2391 3078 2452 3143 τῇ
2510 3066 2708 3144 καρδία
2770 3069 3187 3143 πλημμυροῦσαν
3245 3071 3469 3139 ἔχοντες,
3532 3067 3592 3118 ού
3639 3068 3859 3134 ποταμόν,

2293 3158 2419 3211 ἀλλὰ
2442 3164 2706 3231 ποταμοὺς
2735 3159 2899 3230 λόγων
2931 3159 3170 3228 ἠφίεσαν,
3199 3156 3367 3226 πολλῷ
3391 3164 3464 3227 τῷ
3489 3156 3648 3230 ῥοίζῳ
3672 3155 3859 3224 espous-

2291 3269 2426 3313 νους,
2481 3254 2569 3300 καὶ
2606 3255 2706 3300 πᾶν
2755 3252 2812 3299 τό
2861 3251 3166 3320 προστυχὸν
3200 3249 3625 3320 παρασύροντας,
3672 3248 3753 3294 καὶ
3785 3244 3877 3303 τὰς

2291 3347 2388 3391 τῶν
2428 3337 2660 3389 ἀπίστων
2685 3341 2989 3408 κενοφωνίας
3030 3335 3420 3400 ἐπικλύζοντας,
3451 3339 3541 3386 καὶ
3572 3335 3687 3405 (12)
3735 3351 3884 3384 κατα-

2289 3431 2640 3490 ποντίζοντας.

2363 3522 2463 3570 Καὶ
2496 3517 2541 3568 ἐν
2571 3523 2643 3585 τῷ
2681 3520 2896 3587 πέμπτῳ
2944 3511 3002 3567 δε
3041 3513 3297 3586 κεφαλαίῳ
3340 3515 3471 3586 πρὸς
3508 3518 3602 3570 τὴν
3644 3517 3892 3584 Σαμαρεῖ-

2289 3626 2366 3659 τιν
2421 3603 2552 3658 εἶπεν
2606 3607 2685 3658 ὅτι
2734 3608 2804 3657 Τό
2879 3600 3046 3676 ὕδωρ,
3105 3603 3131 3656 ὃ
3185 3599 3341 3656 δώσω
3394 3602 3557 3671 αύτῷ,
3616 3606 3891 3673 γενήσεται

2289 3694 2336 3748 ἐν
2378 3695 2516 3766 αύτῴ
2563 3700 2702 3766 πηγὴ
2760 3689 2952 3756 ὕδατος
3001 3691 3276 3764 ἁλλομένου
3339 3691 3409 3752 εἰς
3449 3692 3582 3752 ζωὴν
3637 3690 3842 3742 αἰώνιον
3871 3709 3885 3719 ·

2288 3790 2376 3837 καὶ
2407 3783 2666 3856 ἀνάγνωθι
2717 3783 2869 3836 πάλιν
2923 3788 3018 3842 τὴν
3072 3781 3321 3854 ἰξὴσγησιν
3367 3789 3467 3833 τῶν
3497 3783 3746 3832 τοιούτων
3795 3782 3887 3854 ρη-

2287 3883 2404 3929 τῶν.

2359 3964 2504 4018 Μετὰ
2566 3959 2623 4014 δὲ
2666 3966 2723 4014 τό
2781 3963 2960 4022 Καθὼς
3013 3959 3145 4014 εἶπεν
3203 3962 3233 4019 ἡ
3283 3964 3455 4034 Γραφὴ
3503 3959 3620 4029 (13)
3672 3960 3885 4011 ὑποστε-

2288 4057 2450 4106 κτέον.
2486 4056 2745 4124 Διαφόρως
2775 4053 2876 4124 γὰρ
2919 4049 3196 4103 ἐνετείλατο
3231 4051 3261 4107 ἡ
3293 4052 3466 4123 Γραγὴ
3515 4050 3778 4100 πιστεύειν
3821 4047 3885 4106 εἰς

2289 4143 2442 4195 αὐτόν
2452 4183 2464 4194 .

2359 4240 2522 4285 Τοῦτο
2563 4262 2630 4272 —-
2675 4231 2850 4284 αὐτὸν.
2881 4236 3072 4300 Τοῦτο,
3103 4236 3248 4282 ποῖον
3277 4244 3291 4293 ;
3323 4230 3382 4279 τό
3415 4231 3650 4298 Ποταμοὶ
3698 4225 3752 4277 ἐκ
3793 4233 3880 4286 τῆς

2289 4321 2487 4382 κοιλίας
2541 4321 2700 4373 αὑτοῦ
2748 4321 3025 4395 ῥεύσουσιν
3081 4320 3195 4387 (14)
3249 4313 3436 4376 ὕδατος
3493 4317 3706 4377 ζῶντος.
3765 4320 3877 4389 Περὶ

2291 4420 2380 4464 τοῦ
2422 4413 2716 4482 Πνεύματος
2747 4406 2824 4475 δι,
2851 4412 3016 4462 εἰτουδ
3042 4412 3158 4482 περὶ
3178 4415 3278 4459 τῶν
3306 4413 3663 4477 πνευματικῶν
3691 4423 3873 4475 χαρισ-

2291 4504 2466 4574 μάτων
2475 4542 2486 4553 .

2361 4593 2520 4641 Οὔπω
2551 4621 2619 4628 -
2648 4588 2816 4659 ἅγιον.
2850 4589 3011 4639 Οὔπω
3050 4605 3110 4644 ην
3133 4583 3180 4637 ἓν
3211 4591 3316 4645 τοῖς
3344 4585 3679 4636 πιστεύουσιν
3699 4582 3762 4640 εἰς
3783 4579 3862 4630 αύ-

2289 4683 2374 4732 τόν
2408 4699 2421 4712 ο
2445 4681 2588 4730 οὔπω
2614 4675 2673 4736 ἦν
2702 4673 2976 4749 δεδομένον
3001 4683 3110 4738 τοῖς
3142 4676 3406 4747 μαθηταῖς
3434 4673 3603 4726 αὐτοῦ.

2358 4855 2478 4908 Ὀτι
2528 4888 2592 4896 -
2639 4852 2922 4919 ἐδοξάσθη.
2981 4861 3101 4906 Ὅτι
3149 4856 3292 4906 οὔπω
3332 4849 3592 4915 ἐδοξάσθη
3645 4844 3735 4900 διὰ
3779 4855 3862 4900 τοῦ

1751 5213 1968 5282 Variae
1996 5212 2321 5282 lectiones
2352 5220 2414 5280 et
2460 5222 2660 5280 notae.

635 5379 692 5430 10
757 5373 1135 5429 Διδασκαλικόν
1169 5383 1231 5433 Α.

603 5378 646 5518 11
668 5377 716 5517 lg
748 5447 990 5518 Videtur
1019 5449 1231 5518 aliquid

635 5447 990 5522 ll)__\’idetur
1019 5449 1244 5522 aliquid
1275 5451 1505 5510 deesse.
1550 5458 1628 5511 Ex
1672 5456 1957 5512 Hentenio
2017 5454 2183 5512 colli-

532 5517 868 5646 gatshillum
934 5517 1167 5589 legisse,
1227 5521 1473 5594 ἐγένοντο,
1548 5531 1664 5585 τήν.
1736 5529 1934 5584 Potest
1979 5532 2183 5584 tamen

532 5606 590 5646 In
621 5606 650 5646 Β
697 5605 803 5646 121.

531 5605 775 5659 mteuigi
790 5630 803 5645 .

605 5743 677 5815 (e)
717 5743 1130 5801 Attrahebant.
1166 5748 1381 5803 Secum
1409 5747 1751 5820 rapiebant.

2391 5450 2474 5526 t3)
2516 5458 2598 5510 Ita
2627 5455 2929 5526 Chrysost.
2967 5457 3109 5511 tom.
3143 5453 3281 5518 VIII,
3312 5468 3373 5525 p.
3405 5450 3511 5506 299
3540 5451 3606 5506 D.

2392 5383 2451 5438 12
2518 5381 2862 5445 Ποντίζοντας
2887 5388 2944 5437 Β.

2392 5384 2475 5528 131
2516 5458 2598 5510 Ita
2627 5455 2929 5526 Chrysost.

2392 5383 2451 5438 12
2518 5383 2862 5445 Ποντίζοντας

2361 5383 2475 5600 Ξ131
2516 5458 2598 5510 Ita
2627 5455 2878 5526 Chrysos

2393 5529 2479 5598 14)
2517 5527 2790 5602 ῥεύσονται
2823 5533 2878 5583 B.
