4120 6310
238 380 262 436 1
277 379 388 437 277

1291 362 1660 435 coMMENT.
1705 382 1777 437 IN
1815 380 2161 438 JOANNEM.
2204 412 2273 423 -
2315 380 2476 438 CAP.
2501 378 2621 436 vn.

3498 380 3637 437 1278

238 516 490 579 σταυροῦ
523 527 534 539 ·
580 508 735 574 δόξαν
774 514 873 584 γὰρ
927 512 1070 565 καλεί
1097 514 1181 564 τὸν
1218 510 1463 582 σταυρὸν.
1495 511 1615 570 Τοῖς
1644 513 1733 581 μὶν
1763 512 1852 583 γὰρ

1980 507 2344 578 gloriﬁcatus
2384 512 2508 562 erat
2538 523 2643 579 per
2682 522 2914 562 crucem
2946 522 2959 571 ;
2995 522 3137 563 nam
3178 522 3413 563 crucem
3464 511 3636 564 vocat

233 595 421 659 ἄλλοις
456 598 659 651 ἅπασιν
693 598 884 662 ὄνειδος
914 600 996 665 ἦν,
1028 606 1096 662 ὡς
1121 601 1353 673 μεγάλων
1381 595 1716 671 ἐγκλημάτων
1758 599 1859 650 ἐπι-

233 690 415 756 τίμιον
453 705 466 717 °
503 694 645 759 μόνῳ
678 686 736 741 δὲ
756 698 828 760 τῷ
862 699 1073 765 Χριστῷ
1104 688 1235 753 δόξα
1261 694 1483 761 γέγονεν,¹
1522 690 1590 749 ὡς
1634 688 1863 759 μεγάλης

232 773 460 845 ἀγάπης
489 786 589 839 τῆς
618 782 747 852 πρὸς
802 781 943 853 ἡμᾶς
997 779 1275 852 ἐπιτίμιον.
1326 782 1412 839 Τίς
1436 781 1537 851 γὰρ
1572 779 1863 850 εὐγνώμονα

228 860 429 933 ψυχὴν
465 868 630 936 ἔχων,
655 866 853 920 ἀκούων
879 873 963 922 τὸν
986 868 1217 921 ἐπέκεινα
1236 871 1413 929 πάσης
1437 875 1596 938 τιμῆς
1620 867 1864 925 τηλικαύ-

227 971 328 1008 την
359 950 589 1025 ἀτιμίαν
607 957 905 1010 ὑποστάντα
927 955 1020 1011 διὰ
1040 963 1132 1016 τὴν
1161 961 1420 1031 σωτηρίαν
1442 966 1538 1009 τῶν
1557 957 1858 1029 ἀνθρωπων,

229 1040 294 1092 οῦ
326 1038 562 1104 δοξάσει
586 1053 765 1097 τοῦτον
782 1062 795 1112 ;

312 1134 431 1205 Πρό
466 1136 563 1204 μὲν
619 1131 705 1186 οὖν
771 1142 861 1187 τοῦ
919 1144 1148 1209 σταυροῦ
1187 1136 1245 1188 οῦ
1300 1143 1505 1208 Πνεῦμα
1552 1136 1697 1207 οἷγιον
1748 1137 1860 1206 (15)

232 1216 415 1273 ἔδωκε
449 1230 567 1284 τοῖς
619 1226 901 1295 μαθηταῖς,
956 1224 1062 1277 ἀλλ’
1119 1225 1357 1288 ἐξουσίαν
1405 1227 1705 1297 πνευμάτων
1736 1224 1862 1276 ἀκα-

234 1310 476 1382 θάρτων,
542 1314 675 1364 ὥστε
731 1312 987 1366 ἐκϐάλλειν
1048 1318 1182 1367 αὐτὰ
1252 1320 1342 1367 καὶ
1398 1317 1690 1387 θεραπεύειν
1764 1320 1862 1366 πᾶ-

234 1418 340 1449 σαν
384 1404 549 1451 νόσον
575 1406 664 1452 καὶ
706 1408 879 1454 πᾶσαν
936 1403 1193 1475 μαλακίαν
1227 1424 1239 1436 ’
1276 1407 1405 1477 μετὰ
1464 1401 1522 1457 δὲ
1564 1408 1651 1455 τόν
1703 1423 1859 1455 σταυ-

231 1490 329 1559 ρὸν
418 1496 636 1560 [Ινεῦμα
715 1490 878 1561 ἅγιον.
951 1495 1087 1545 Ἐπεὶ
1158 1497 1258 1566 γάρ
1343 1497 1695 1567 ἡμαρτηκότες
1767 1498 1858 1544 καὶ

1527 1585 1554 1641 ἡ
1592 1580 1650 1636 δὲ
1696 1586 1859 1656 χάρις

228 1675 331 1719 τοῦ
387 1667 551 1737 ἁγίου
608 1671 902 1741 ῐινεῦματος
943 1668 1113 1744 δωρεά
1145 1674 1285 1724 ἐστιν
1320 1692 1331 1704 ο
1370 1676 1395 1730 ἦ
1441 1670 1498 1724 δε
1532 1670 1703 1746 δωρεὰ
1755 1680 1858 1733 τοῖς

233 1756 417 1827 φίλοις
469 1753 684 1808 δίδοται
743 1776 755 1789 ·

230 1583 735 1652 προσκεκρουκότες
765 1578 949 1655 ἐχθροὶ
998 1579 1122 1654 ἦμεν
1170 1591 1258 1635 τοῦ
1293 1592 1424 1636 Θεοῦ
1461 1603 1472 1615 ·

813 1755 917 1811 ἔδει
993 1765 1235 1833 πρότερον
1302 1764 1719 1835 προσενεχθῆναι
1764 1766 1856 1820 τὴν

231 1846 370 1918 ὑπὲρ
410 1848 563 1916 ἡμῶν
617 1848 825 1911 θυσίαν,
874 1854 963 1899 καὶ
1022 1852 1132 1918 (16)
1164 1850 1487 1921 καταλλαγὴν
1520 1856 1607 1902 καὶ
1638 1850 1857 1902 κατάλυ-
1891 1860 1928 1913 Β

236 1953 325 1985 σιν
359 1941 464 1995 τῆς
519 1936 730 2005 ἔχθρας,
792 1938 907 1997 ἣτις
946 1939 1006 1995 ἦν
1057 1940 1168 2008 (t7)
1228 1941 1255 1996 ἡ
1302 1944 1475 2010 σφαγὴ
1509 1948 1599 1992 τοῦ
1648 1939 1858 2010 λογικοῦ

234 2024 466 2095 Ἀμνοῦ,
509 2024 535 2075 ό
560 2025 775 2085 θάνατος
804 2034 893 2077 τοῦ
938 2035 1171 2101 Χριστοῦ
1206 2046 1217 2056 ·
1251 2034 1338 2081 καὶ⁸
1365 2034 1477 2081 τότε
1501 2026 1721 2088 δοθῆναι
1766 2034 1857 2087 τὴν

234 2108 476 2183 δωρεάν,

312 2199 513 2252 Πολλοὶ
546 2232 612 2241 -
650 2208 935 2276 προφήτης.
973 2211 1095 2278 Περὶ
1145 2203 1204 2258 οὗ
1232 2214 1466 2267 Μωυσῆς
1498 2206 1739 2279 ἔγραψεν,
1790 2210 1856 2270 ὡς

226 2288 505 2350 πολλάκις
535 2290 807 2363 εἰρήκαμεν
842 2312 854 2325 ⁸
889 2299 978 2345 καὶ
1009 2294 1212 2358 άληθῶς
1238 2297 1383 2356 οὗτος
1423 2294 1483 2355 ἦν
1508 2317 1520 2329 ·
1559 2296 1665 2347 ἀλλ’
1713 2297 1856 2349 αὐτοὶ

227 2384 449 2451 προφήτ
462 2399 524 2436 ην
546 2380 700 2431 αὐτὸν
718 2380 885 2442 ἁπλῶς
907 2380 1035 2435 εἶναι
1052 2385 1406 2457 ὑπελάμϐανον
1424 2390 1486 2446 ὡς
1500 2392 1586 2438 τὸν
1605 2390 1851 2450 Μωυσέα,

230 2473 328 2520 καὶ
356 2468 497 2540 οὐχὶ
526 2474 615 2521 καὶ
646 2474 785 2522 Θεόν.

310 2557 500 2610 ’Ἄλλοι
541 2590 591 2597 -
636 2565 869 2631 Χριστός.
925 2568 1023 2614 Καὶ
1052 2562 1251 2625 ἀληθῶς
1294 2565 1443 2624 οὗτος
1474 2562 1534 2622 ἧν
1570 2582 1580 2593 ·
1608 2563 1734 2615 ἀλλὰ
1763 2569 1847 2615 καὶ

236 2648 397 2699 αὐτοὶ
429 2646 582 2717 ψιλόν
614 2650 879 2722 ἄνθρωπον
908 2650 1060 2701 αὐτόν
1092 2652 1347 2723 ἐνόμιζον.

314 2736 502 2789 ’Ἄλλοι
529 2767 593 2777 --
624 2740 836 2808 ἔρχεται
884 2755 896 2804 ;
932 2746 1028 2791 Καὶ
1059 2746 1161 2811 μὴν
1200 2739 1323 2794 οὐδὲ
1350 2743 1499 2804 οὗτος
1521 2741 1568 2793 ἐν
1604 2750 1663 2815 τῇ
1702 2742 1853 2793 Γαλι-

238 2826 371 2896 λαίᾳ
398 2828 720 2894 γεγέννηται.

318 2913 467 2983 Οὐχὶ
499 2943 567 2952 -
615 2917 865 2985 ἔρχεται;
904 2921 1002 2969 Καὶ
1034 2922 1137 2988 μὴν
1194 2924 1282 2972 καὶ
1340 2920 1490 2981 οὗτος
1545 2922 1733 2973 ἐκεῖθεν
1766 2918 1846 2990 ἦν,

242 3000 356 3051 ἀλλ’
400 3000 708 3063 ἑθελοκάκως
760 3002 993 3075 πατρίδα
1018 3009 1181 3079 τούτῳ
1212 3010 1587 3080 ἑπιφημίξονσι
1618 3014 1710 3068 τὴν
1746 3017 1848 3063 Να-

241 3090 425 3164 ζαρὲτ,
459 3091 569 3142 ὅθεν
595 3088 654 3149 ἦν
702 3094 731 3150 ὴ
766 3098 939 3166 μήτηρ
980 3102 1064 3146 καὶ
1090 3098 1115 3147 ὁ
1144 3099 1257 3168 (l8)
1291 3100 1625 3171 νομιζόμενος
1672 3105 1844 3174 πατὴρ

240 3177 429 3241 αὑτοῦ,
465 3179 546 3229 ἵνα
600 3184 670 3251 μὴ
726 3184 779 3233 ἐκ
837 3184 1057 3256 Βηθλεὲμ
1110 3186 1379 3259 λεγόμενος
1407 3190 1432 3239 ό
1462 3192 1690 3263 Χριστός
1719 3186 1846 3243 εἶναι
1878 3213 1917 3269 C

240 3268 499 3338 πιστευθῇ
532 3264 625 3319 διὰ
652 3274 740 3327 την
770 3279 1103 3345 προφητείαν.

316 3360 537 3427 Σχίσμα
592 3388 659 3399 --
709 3364 882 3413 αὐτόν.
939 3362 1190 3416 Ἐκάστου
1261 3370 1450 3439 μέρους
1507 3367 1845 3438 φιλονεικοῦν-

238 3465 351 3507 τος.

312 3536 459 3595 Τινες
492 3568 558 3575 -
585 3536 758 3592 αὐτόν.
794 3539 875 3600 Ὠς
906 3540 1090 3593 πλάνον
1119 3540 1294 3602 δῆθεν.

316 3709 452 3761 Ἀλλ’
483 3743 551 3752 -
576 3722 785 3787 χεῖρας.
820 3715 1170 3790 Ἐπεχομένας
1213 3722 1466 3794 ἀοράτως,
1508 3727 1571 3784 ὡς
1600 3729 1689 3776 καὶ
1715 3722 1846 3776 ἀνω-

239 3803 373 3871 τέρῳ
416 3796 545 3859 δεδή
554 3801 731 3857 λωται.

312 3887 505 3941 Ἦλθον
553 3892 843 3966 ἄνθρωπος.
878 3894 1132 3954 Ἀπῆλθον
1189 3902 1278 3969 μὲν
1338 3896 1589 3962 δήσοντες
1654 3902 1839 3954 αὐτόν·

238 3977 525 4035 ἐπανῆλθον
559 3976 617 4031 δὲ
662 3978 890 4043 δεθέντες
946 3984 1093 4037 αὐτοὶ
1154 3994 1225 4055 τῷ
1268 3989 1495 4060 θαύματι
1547 3992 1563 4061 [
1604 4000 1701 4042 τῶν
1731 3993 1841 4063 (19)

235 4066 406 4136 λόγων
437 4066 614 4121 αὐτοῦ.
656 4074 751 4121 Καὶ
784 4073 830 4121 οὶ
860 4076 949 4142 μὲν
979 4074 1293 4144 πέμψαντες,
1335 4078 1529 4130 πολλῶν
1560 4079 1723 4149 λόγων
1756 4081 1843 4132 αῦ-

234 4164 328 4206 τοῦ
381 4153 689 4217 ἀκούσαντες
738 4163 825 4210 καὶ
881 4160 1042 4213 πολλά
1093 4166 1375 4240 θαύματα]
1410 4170 1715 4239 θεασάμενοι
1754 4177 1842 4223 καὶ

233 4247 329 4304 τὰς
360 4248 476 4315 περὶ
526 4245 683 4297 αὐτοῦ
724 4255 1036 4321 προφητείας
1082 4251 1530 4325 ἀναγινώσκοντες,
1571 4268 1659 4312 καὶ
1693 4268 1842 4332 σοφοὶ

234 4329 511 4394 δοκοῦντες
569 4332 717 4387 οὐδὲν
778 4335 1045 4391 ἀπωναντο

228 4426 433 4472 ναντίον
514 4423 650 4475 ἅπαν
731 4425 830 4478 ἀπὸ
912 4438 1037 4499 μιᾶς
1122 4429 1455 4499 δημηγορίας
1591 4440 1837 4493 ἑάλωσαν·

233 4506 525 4563 ἀδέκαστον
576 4517 677 4587 γὰρ
737 4512 971 4569 διάνοιαν
1038 4517 1184 4590 εἶχον
1216 4524 1329 4575 .οῦ
1383 4531 1551 4577 τοίνυν
1576 4535 1666 4586 τὴν
1722 4535 1845 4583 σύν-

1122 4429 1455 4505 δημηγορίας

230 4616 342 4650 εσιν
415 4601 581 4652 αὐτῶν
643 4608 795 4674 μόνον
849 4608 961 4657 ἔστι
1040 4610 1330 4681 θαυμάσαι,
1415 4613 1543 4666 ἀλλὰ
1609 4624 1696 4670 καὶ
1751 4626 1844 4678 τὴν

229 4688 553 4762 παρρησίαν,
607 4692 680 4743 Οὐ
712 4696 812 4766 γὰρ
846 4694 1083 4766 λέγουσιν
1112 4700 1189 4749 ὅτι
1240 4703 1334 4752 Διὰ
1386 4706 1441 4754 το
1477 4710 1547 4775 μὴ
1600 4701 1845 4776 γενέσθαιι

230 4786 323 4828 τοῦ
353 4778 479 4831 λαοῦ
514 4784 699 4833 στάσιν
733 4781 998 4855 ἀφήκαμεν
1030 4785 1202 4853 αὐτὸν,
1234 4788 1357 4842 οὐδὲ
1393 4792 1704 4847 πλάττονταί
1726 4817 1840 4851 τινα

229 4870 511 4938 πρόφασιν,
548 4868 654 4921 ἀλλ’
686 4871 848 4930 αὐτὴν
884 4873 1091 4946 λέγουσι
1118 4881 1213 4935 τὴν
1238 4876 1502 4947 ἀλήθειαν,
1539 4889 1627 4936 καὶ
1667 4890 1837 4960 κηρῦ-

233 4972 430 5009 σσουσι
461 4961 555 5016 τὴν
587 4959 748 5012 αὐτοῦ
775 4966 981 5033 σοφίαν.

303 5151 351 5189 ⁸⁸
378 5152 578 5211 Matth.
611 5170 665 5221 ι,
694 5155 754 5214 1.

1978 598 2254 668 gloriam,
2284 598 2574 669 siquidem
2611 614 2748 652 cum
2776 597 2999 653 caeteris
3033 596 3317 653 omnibus
3346 602 3501 653 esset
3530 614 3634 669 op-

1977 687 2519 758 probrium,utpote
2541 702 2894 756 magnorum
2912 687 3229 741 criminum
3246 686 3629 757 supplicium,

1977 776 2085 831 soli
2119 776 2347 831 Christo
2379 776 2567 846 gloria
2605 776 2761 831 facta
2789 780 2914 843 est;
2948 775 3091 831 ultio
3123 776 3395 831 videlicet
3424 776 3631 845 magni

1976 866 2216 934 amoris,
2238 882 2359 937 quo
2390 880 2499 921 nos
2525 865 2745 921 dilexit.
2773 866 2912 931 Quis
2936 881 3219 937 namque.
3250 865 3431 920 modo
3460 870 3630 935 grato

1976 954 2049 1009 sit
2090 956 2313 1019 animo,
2348 954 2573 1020 audito,
2622 954 2787 1025 quod
2818 955 2867 1009 is
2896 954 2998 1026 qui
3033 970 3273 1010 omnem
3307 955 3631 1009 excedebat

1973 1041 2286 1108 honorem,
2312 1048 2535 1099 tantam
2568 1053 2809 1115 propter
2830 1043 3145 1098 hominum
3164 1042 3418 1098 salutem
3450 1042 3631 1097 susti-

1974 1132 2103 1187 nuit
2128 1131 2546 1203 ignominiam,
2582 1149 2703 1187 non
2740 1131 3294 1203 gloriﬁcabiteum?

2043 1226 2190 1277 Ante
2224 1238 2460 1278 crucem
2486 1223 2687 1293 itaque
2705 1221 3013 1293 discipulis
3034 1238 3148 1276 non
3166 1222 3321 1277 dedit
3345 1221 3628 1291 Spiritum

1974 1316 2269 1376 sanctum,
2304 1311 2401 1365 sed
2430 1316 2778 1382 potestatem
2814 1312 3125 1381 spirituum
3152 1312 3626 1378 immundorum,

1974 1406 2037 1454 ut
2065 1400 2193 1455 illos
2220 1400 2495 1471 ejicerent
2520 1406 2575 1455 et
2597 1407 2875 1456 curarent
2912 1416 3153 1455 omnem
3183 1400 3463 1456 morbum
3495 1416 3630 1455 om-

1971 1503 2231 1561 nemque
2253 1489 2697 1559 languorem“;
2731 1494 2864 1560 post
2885 1505 3122 1544 crucem
3147 1505 3286 1545 vero
3314 1490 3476 1544 dedit
3502 1490 3630 1561 Spi-

1971 1577 2147 1632 ritum
2193 1584 2489 1633 sanctum.
2542 1577 2689 1633 Cum
2735 1580 2891 1633 enim
2937 1594 3359 1648 peccassemus
3400 1594 3470 1633 ac
3509 1581 3625 1635 Deo

1971 1667 2262 1722 adversati
2320 1667 2661 1735 fuissemus,
2699 1667 2922 1722 inimici
2952 1668 3077 1737 ejus
3104 1684 3345 1722 eramus
3392 1684 3404 1721 :
3435 1668 3625 1737 gratia

1970 1772 2110 1811 vero
2158 1756 2407 1827 Spiritus
2450 1758 2659 1826 sancti,
2712 1757 2940 1811 donum
3001 1762 3106 1821 est,
3165 1756 3392 1811 donum
3427 1762 3622 1812 autem

1969 1845 2176 1899 amicis
2203 1846 2378 1900 datur
2412 1865 2423 1913 ;
2454 1846 2767 1916 oportebat
2798 1862 2937 1917 ergo
2981 1846 3238 1917 primum
3274 1845 3470 1900 offerri
3518 1862 3623 1917 pro

1968 1935 2140 1989 nobis
2163 1934 2494 2000 victimam,
2518 1934 2763 2006 ﬁerique
2780 1934 3321 1990 reconciliationem
3346 1950 3415 1989 ac
3432 1934 3626 1989 inimi-

1967 2023 2115 2078 citiae
2157 2023 2537 2094 solutionem,
2583 2039 2717 2095 quae
2748 2028 2873 2078 erat
2900 2023 3095 2078 cazdes
3130 2025 3271 2092 agni
3316 2023 3621 2079 rationalis

1967 2128 2037 2168 ac
2058 2128 2221 2167 mors
2253 2112 2465 2167 Christi
2499 2130 2511 2166 :
2539 2117 2594 2166 et
2618 2118 2756 2167 tunc
2782 2112 3011 2167 donum
3039 2112 3189 2167 dari.

2038 2202 2202 2257 Vers.
2236 2204 2323 2257 40.
2357 2202 2538 2256 Multi
2591 2233 2659 2241 —
2704 2202 3019 2270 propheta.
3079 2204 3157 2256 De
3209 2217 3331 2273 quo
3382 2202 3620 2273 scripsit

1965 2290 2175 2357 Moses,
2208 2297 2268 2347 ut
2300 2307 2460 2362 saepe
2493 2290 2773 2345 diximus.
2807 2294 2871 2346 Et
2901 2308 3032 2346 vere
3063 2291 3157 2345 hic
3188 2296 3331 2357 erat,
3366 2291 3470 2345 sed
3501 2291 3617 2362 ipsi

1965 2380 2313 2451 simpliciter
2343 2397 2476 2435 eum
2506 2380 2856 2452 prophetam
2880 2396 3007 2435 esse
3022 2380 3438 2451 Opinabantur,
3466 2381 3616 2436 sicut

1963 2470 2210 2534 Mosem,
2244 2474 2299 2524 et
2333 2486 2445 2525 non
2480 2475 2769 2540 tanquam
2793 2469 3007 2525 Deum.

2034 2558 2200 2611 Vers.
2228 2559 2317 2612 41.
2349 2558 2473 2612 Alii
2498 2588 2557 2596 —
2597 2557 2879 2612 Christus.
2919 2560 2985 2611 Et
3009 2572 3145 2613 vere
3177 2557 3270 2612 hic
3300 2561 3428 2613 erat
3459 2575 3471 2614 :
3507 2559 3612 2615 sed

1962 2648 2017 2698 et
2042 2645 2099 2698 hi
2127 2645 2357 2699 nudum
2387 2645 2693 2699 hominem
2728 2660 2855 2699 esse
2881 2644 3323 2700 existimabant.

2035 2734 2195 2788 Vers.
2229 2736 2315 2789 41.
2350 2734 2464 2789 Alii
2492 2762 2557 2774 —-
2590 2735 2796 2790 venit?
2823 2734 3001 2805 Atqui
3029 2750 3221 2806 neque
3253 2734 3346 2789 hic
3372 2734 3433 2791 in
3465 2736 3614 2792 Gali-

1960 2822 2066 2878 laaa
2090 2826 2260 2877 natus
2299 2827 2406 2879 est.

2030 2911 2195 2966 Vers.
2224 2911 2311 2965 42.
2340 2912 2633 2969 Nonne—
2657 2910 2862 2967 venit?
2892 2912 3070 2983 Atqui
3097 2916 3153 2967 et
3179 2911 3271 2968 hic
3292 2911 3429 2969 inde
3455 2918 3609 2980 erat;

1956 3000 2196 3073 sedipsi
2245 3000 2583 3056 voluntaria
2610 3000 2835 3057 malitia
2874 3001 3133 3071 patriam
3174 3001 3312 3057 huic
3341 3002 3613 3071 divulga-

1955 3089 2245 3145 bantesse
2272 3090 2578 3154 Nazareth,
2606 3090 2761 3145 unde
2788 3094 2913 3145 erat
2931 3094 3138 3153 mater,
3160 3096 3216 3146 et
3234 3090 3338 3162 qui
3358 3090 3608 3162 putaba-

1958 3183 2051 3234 tur
2069 3184 2236 3249 pater
2253 3179 2300 3248 ej
2315 3196 2482 3244 us,ne
2500 3179 2543 3233 si
2565 3195 2635 3234 ex
2650 3178 2938 3234 Bethleem
2956 3194 3083 3233 esse
3100 3178 3412 3244 diceretur,
3433 3196 3610 3252 prop-

1958 3273 2040 3324 ter
2089 3269 2460 3339 prophetiam
2494 3268 2759 3325 Christus
2792 3284 2923 3323 esse
2956 3268 3312 3323 crederetur.

2026 3358 2193 3414 Vers.
2233 3358 2326 3414 43.
2365 3358 2560 3413 Sedito
2603 3388 2672 3399 —
2716 3373 2858 3414 eum.
2896 3360 3265 3430 Unaquaque
3292 3362 3459 3428 parte
3498 3374 3607 3429 pro

1956 3463 2065 3501 sua
2096 3447 2369 3518 opinione
2403 3448 2650 3502 rixante.

2026 3536 2196 3590 Vers.
2225 3537 2311 3590 44.
2343 3536 2593 3604 Quidam
2618 3566 2682 3575 -—
2712 3551 2856 3592 eum.
2900 3539 3210 3609 Tanquam
3238 3537 3607 3592 seductorem

1956 3624 2245 3681 videlicet.

2025 3715 2187 3769 Vers.
2213 3715 2299 3769 44.
2326 3714 2446 3771 Sed
2475 3746 2541 3754 —
2566 3730 2791 3771 manus.
2823 3717 3031 3786 Utpote
3056 3714 3423 3771 invisibiliter
3451 3714 3607 3771 cohi-

1952 3803 2128 3869 bitas,
2156 3803 2333 3859 veluti
2363 3802 2632 3874 superius
2663 3808 2967 3859 ostensum
2999 3808 3106 3861 est.

2025 3893 2190 3947 Vers.
2223 3894 2309 3947 45.
2356 3894 2640 3947 Venerunt
2670 3924 2739 3933 —
2788 3892 2951 3947 Vers.
2992 3893 3079 3948 46.
3113 3894 3292 3949 homo.
3321 3891 3608 3948 Abierunt

1952 3981 2200 4053 quidem
2231 3997 2367 4036 eum
2396 3981 2625 4051 ligaturi
2657 3998 2669 4036 :
2694 3982 2911 4037 reversi
2952 3987 3090 4037 sunt
3120 3986 3318 4037 autem
3345 3981 3607 4038 admira-

1953 4070 2109 4125 tione
2128 4086 2469 4125 sermonum
2495 4070 2542 4140 ej
2556 4087 2622 4124 us
2644 4070 2885 4141 alligati.
2908 4070 2987 4125 Illi
3012 4086 3153 4141 ergo
3171 4070 3273 4142 qui
3298 4070 3600 4136 miserant,

1954 4176 2089 4214 cum
2151 4158 2367 4231 multos
2408 4160 2538 4231 ejus
2591 4160 2897 4216 audissent
2937 4176 3263 4227 sermones,
3306 4159 3603 4230 multaque

1952 4248 2245 4304 vidissent
2275 4249 2579 4315 miracula,
2613 4265 2683 4304 ac
2714 4249 3059 4321 prophetias
3089 4249 3163 4305 de
3194 4266 3265 4305 eo
3296 4250 3601 4319 legissent,

1096 4361 1108 4373 ’
1150 4346 1197 4393 οἱ
1256 4341 1313 4396 δε
1372 4350 1675 4419 πεμφθέντες
1728 4350 1840 4401 τοῦ-

1980 4338 2286 4393 udicantes
2332 4354 2457 4393 sese
2490 4338 2805 4410 sapientes,
2850 4338 2993 4394 nihil
3034 4338 3406 4409 profecerunt
3440 4358 3452 4397 :
3501 4338 3603 4410 qui

1953 4443 2094 4482 vero
2114 4427 2274 4482 missi
2295 4432 2484 4493 erant,
2499 4429 2747 4484 omnino
2762 4428 3042 4483 ediverso
3064 4428 3142 4484 ab
3171 4444 3291 4484 una
3316 4427 3601 4483 concione

1953 4516 2111 4587 capti
2139 4522 2273 4571 sunt
2301 4533 2313 4581 ;
2343 4533 2484 4572 nam
2518 4522 2779 4573 mentem
2822 4516 3128 4573 habebant
3166 4517 3598 4588 incorruptam.

1955 4606 2083 4659 Non
2116 4619 2257 4673 ergo
2291 4610 2551 4661 mentem
2597 4606 2789 4660 solum
2842 4621 2910 4660 ac
2956 4605 3337 4676 prudentiam
3388 4620 3597 4660 eorum

1955 4693 2238 4749 admirari
2264 4694 2513 4764 dignum
2551 4699 2656 4759 est,
2689 4694 2792 4749 sed
2824 4701 2879 4749 et
2907 4694 3190 4765 loquendi
3244 4692 3594 4749 libertatem.

1952 4785 2153 4853 Neque
2192 4785 2349 4839 enim
2383 4783 2621 4838 dicunt:
2680 4783 3024 4837 Dimisimus
3080 4782 3266 4848 illum,
3317 4797 3391 4837 ne
3434 4781 3601 4837 ﬁeret

1951 4871 2238 4927 dissensio
2261 4872 2319 4927 in
2335 4873 2579 4945 populo,
2600 4889 2793 4945 neque
2816 4873 2993 4929 aliam
3011 4873 3247 4941 ﬁngunt
3268 4872 3597 4928 excusatio-

1947 4975 2107 5029 nem,
2130 4962 2229 5016 sed
2246 4962 2440 5034 ipsam
2458 4961 2662 5018 dicunt
2682 4962 3010 5027 veritatem,
3025 4978 3095 5018 ac
3110 4961 3260 5018 illius
3274 4961 3598 5033 prasdicant

1946 5049 2321 5122 sapientiam.

1456 5293 1681 5362 Variae
1708 5296 2040 5366 lectiones
2071 5305 2137 5367 et
2168 5309 2349 5368 notae

297 5442 411 5508 (15)
442 5439 622 5512 Ἀγιον
654 5442 828 5499 abest
860 5452 922 5503 A.

296 5512 410 5591 (_l6)
453 5513 584 5569 Hec
612 5515 777 5591 nullo
809 5517 989 5591 modo
1018 5518 1271 5591 pendere
1299 5533 1546 5591 possunt
1568 5540 1634 5578 ex
1657 5540 1829 5581 voca-

220 5580 364 5639 bulo
392 5580 829 5663 προσενεχθῆναι.
863 5580 1180 5643 Hentenius
1237 5580 1436 5657 habet,
1486 5596 1635 5663 ﬁeri.
1680 5580 1824 5652 Puto

220 5668 364 5738 (’3‘ng
410 5656 770 5738 legendum"
801 5675 963 5738 esse_
987 5656 1757 5738 καὶ-γενέσθαι-γκάταλλαγήν
1809 5712 1820 5724 ,

222 5724 524 5803 ςῒιτγεοβῐ.
555 5733 595 5783 t.
647 5729 791 5799 VIII,
824 5747 886 5803 p.
942 5733 1039 5803 301
1094 5724 1257 5791 B'ita
1304 5733 1533 5793 habet:
1588 5724 1688 5791 Καὶ
1729 5743 1823 5797 τὴν

222 5798 416 5873 ἔχθραν
442 5798 489 5851 ἐν
538 5809 596 5874 νῇ
641 5798 797 5875 σαρκὶ
826 5798 1226 5870 “καταλυθῆναι,
1287 5812 1375 5859 καὶ
1430 5811 1672 5879 γενέσθαι
1730 5820 1822 5864 τοῦ

1941 5465 2075 5511 Θεοῦ
2107 5457 2303 5529 φίλους,
2336 5465 2424 5529 καὶ
2444 5463 2559 5512 τότε
2588 5460 2759 5513 λαϐεῖν
2786 5466 2879 5520 τὴν
2904 5458 3121 5529 δωρεάν.

2010 5528 2123 5602 (17)
2162 5529 2311 5593 Ἠτις
2342 5528 2401 5589 ἧν
2441 5531 2654 5587 durum
2702 5533 2950 5589 videtur.
2982 5528 3092 5590 Sed
3120 5535 3200 5590 ita
3226 5535 3405 5591 etiam
3436 5537 3598 5594 Hen-

1940 5602 2160 5675 tenius._
2186 5605 2359 5675 Nunc
2380 5603 2579 5659 malim
2614 5610 2746 5675 post
2774 5606 2981 5673 θυσίαν,
3016 5606 3147 5662 loco
3178 5612 3287 5673 καὶ,
3323 5608 3412 5670 εἰς.

2148 5672 2558 5747 ίΟνομαζόμενος
2583 5672 2646 5730 A.

2032 5676 2120 5738 18)
2148 5675 2558 5747 Ὀνομαζόμενος
2583 5680 2646 5730 Α.

2006 5675 2120 5817 ἒ19)
2149 5744 2381 5803 Inclusa
2405 5746 2753 5804 exciderunt
2783 5752 2848 5803 A.
