  <div class='ocr_page' id='page_1' title='image "/cluster/home/n/w/nwhite01/storage/ocr_20150623/129/mdp.39015061528470/677.png"; bbox 0 0 4120 6310; ppageno 0'>
   <div class='ocr_carea' id='block_1_1' title="bbox 534 397 673 460">
    <p class='ocr_par' dir='ltr' id='par_1_1' title="bbox 534 397 673 460">
     <span class='ocr_line' id='line_1_1' title="bbox 534 397 673 460; baseline 0.029 -5"><span class='ocrx_word' id='word_1_1' title='bbox 534 397 673 460; x_wconf 69' lang='grc'><strong>1279</strong></span> 
     </span>
    </p>
   </div>
   <div class='ocr_carea' id='block_1_2' title="bbox 605 527 2266 598">
    <p class='ocr_par' dir='ltr' id='par_1_2' title="bbox 605 527 2266 598">
     <span class='ocr_line' id='line_1_2' title="bbox 605 527 2266 598; baseline 0.001 -16"><span class='ocrx_word' id='word_1_2' title='bbox 605 527 769 583; x_wconf 90' lang='lat' dir='ltr'><strong>Vers.</strong></span> <span class='ocrx_word' id='word_1_3' title='bbox 817 527 908 582; x_wconf 76' lang='grc'><strong>47.</strong></span> <span class='ocrx_word' id='word_1_4' title='bbox 962 528 1403 598; x_wconf 75' lang='lat' dir='ltr'><strong>Responderunt</strong></span> <span class='ocrx_word' id='word_1_5' title='bbox 1456 560 1523 569; x_wconf 61' lang='grc' dir='ltr'>μ</span> <span class='ocrx_word' id='word_1_6' title='bbox 1559 529 1783 587; x_wconf 82' lang='lat' dir='ltr'><strong>seducti</strong></span> <span class='ocrx_word' id='word_1_7' title='bbox 1825 530 2005 586; x_wconf 81' lang='lat' dir='ltr'><strong>estis?</strong></span> <span class='ocrx_word' id='word_1_8' title='bbox 2034 528 2181 586; x_wconf 84' lang='lat' dir='ltr'><strong>Vide</strong></span> <span class='ocrx_word' id='word_1_9' title='bbox 2217 528 2266 583; x_wconf 83' lang='lat' dir='ltr'><strong>A</strong></span> 
     </span>
    </p>
   </div>
   <div class='ocr_carea' id='block_1_3' title="bbox 532 616 2185 691">
    <p class='ocr_par' dir='ltr' id='par_1_3' title="bbox 532 616 2185 691">
     <span class='ocr_line' id='line_1_3' title="bbox 532 616 2185 691; baseline 0.001 -19"><span class='ocrx_word' id='word_1_10' title='bbox 532 616 773 675; x_wconf 63' lang='lat' dir='ltr'><strong>invidiae</strong></span> <span class='ocrx_word' id='word_1_11' title='bbox 790 617 1174 673; x_wconf 89' lang='lat' dir='ltr'><strong>dementiam.</strong></span> <span class='ocrx_word' id='word_1_12' title='bbox 1194 621 1343 675; x_wconf 87' lang='lat' dir='ltr'><strong>Nam</strong></span> <span class='ocrx_word' id='word_1_13' title='bbox 1361 635 1498 675; x_wconf 86' lang='lat' dir='ltr'><strong>cum</strong></span> <span class='ocrx_word' id='word_1_14' title='bbox 1511 618 1875 688; x_wconf 87' lang='lat' dir='ltr'><strong>interrogare</strong></span> <span class='ocrx_word' id='word_1_15' title='bbox 1892 619 2185 691; x_wconf 87' lang='lat' dir='ltr'><strong>oportuis-</strong></span> 
     </span>
    </p>
   </div>
   <div class='ocr_carea' id='block_1_4' title="bbox 536 706 2185 780">
    <p class='ocr_par' dir='ltr' id='par_1_4' title="bbox 536 706 2185 780">
     <span class='ocr_line' id='line_1_4' title="bbox 536 706 2185 780; baseline 0.002 -19"><span class='ocrx_word' id='word_1_16' title='bbox 536 713 644 774; x_wconf 89' lang='lat' dir='ltr'><strong>set,</strong></span> <span class='ocrx_word' id='word_1_17' title='bbox 676 722 747 763; x_wconf 88' lang='lat' dir='ltr'><strong>ac</strong></span> <span class='ocrx_word' id='word_1_18' title='bbox 775 706 1002 763; x_wconf 83' lang='lat' dir='ltr'><strong>discere</strong></span> <span class='ocrx_word' id='word_1_19' title='bbox 1021 707 1161 779; x_wconf 89' lang='lat' dir='ltr'><strong>quid</strong></span> <span class='ocrx_word' id='word_1_20' title='bbox 1185 707 1419 764; x_wconf 91' lang='lat' dir='ltr'><strong>locutus</strong></span> <span class='ocrx_word' id='word_1_21' title='bbox 1449 712 1621 773; x_wconf 84' lang='lat' dir='ltr'><strong>esset,</strong></span> <span class='ocrx_word' id='word_1_22' title='bbox 1654 708 1770 780; x_wconf 87' lang='lat' dir='ltr'>ipsi</span> <span class='ocrx_word' id='word_1_23' title='bbox 1792 708 1938 764; x_wconf 86' lang='lat' dir='ltr'>nihil</span> <span class='ocrx_word' id='word_1_24' title='bbox 1968 708 2185 764; x_wconf 88' lang='lat' dir='ltr'><strong>horum</strong></span> 
     </span>
    </p>
   </div>
   <div class='ocr_carea' id='block_1_5' title="bbox 534 794 2188 869">
    <p class='ocr_par' dir='ltr' id='par_1_5' title="bbox 534 794 2188 869">
     <span class='ocr_line' id='line_1_5' title="bbox 534 794 2188 869; baseline 0 -18"><span class='ocrx_word' id='word_1_25' title='bbox 534 794 973 868; x_wconf 69' lang='lat' dir='ltr'><strong>praestolamur,</strong></span> <span class='ocrx_word' id='word_1_26' title='bbox 1005 796 1110 851; x_wconf 91' lang='lat' dir='ltr'><strong>sed</strong></span> <span class='ocrx_word' id='word_1_27' title='bbox 1159 798 1358 852; x_wconf 78' lang='lat' dir='ltr'><strong>statim</strong></span> <span class='ocrx_word' id='word_1_28' title='bbox 1382 797 1466 852; x_wconf 89' lang='lat' dir='ltr'><strong>eis</strong></span> <span class='ocrx_word' id='word_1_29' title='bbox 1496 796 1834 863; x_wconf 80' lang='lat' dir='ltr'><strong>adulantur,</strong></span> <span class='ocrx_word' id='word_1_30' title='bbox 1876 801 2188 869; x_wconf 80' lang='lat' dir='ltr'><strong>parcentes</strong></span> 
     </span>
    </p>
   </div>
   <div class='ocr_carea' id='block_1_6' title="bbox 535 884 2191 953">
    <p class='ocr_par' dir='ltr' id='par_1_6' title="bbox 535 884 2191 953">
     <span class='ocr_line' id='line_1_6' title="bbox 535 884 2191 953; baseline 0.001 -14"><span class='ocrx_word' id='word_1_31' title='bbox 535 884 711 939; x_wconf 87' lang='lat' dir='ltr'><strong>etiam</strong></span> <span class='ocrx_word' id='word_1_32' title='bbox 743 888 800 939; x_wconf 92' lang='lat' dir='ltr'><strong>et</strong></span> <span class='ocrx_word' id='word_1_33' title='bbox 847 899 969 941; x_wconf 91' lang='lat' dir='ltr'><strong>non</strong></span> <span class='ocrx_word' id='word_1_34' title='bbox 1011 885 1258 941; x_wconf 84' lang='lat' dir='ltr'><strong>austeris</strong></span> <span class='ocrx_word' id='word_1_35' title='bbox 1312 886 1506 941; x_wconf 82' lang='lat' dir='ltr'><strong>verbis</strong></span> <span class='ocrx_word' id='word_1_36' title='bbox 1570 890 1843 953; x_wconf 81' lang='lat' dir='ltr'><strong>utentes;</strong></span> <span class='ocrx_word' id='word_1_37' title='bbox 1896 885 2191 942; x_wconf 85' lang='lat' dir='ltr'><strong>timebant</strong></span> 
     </span>
    </p>
   </div>
   <div class='ocr_carea' id='block_1_7' title="bbox 536 973 1593 1046">
    <p class='ocr_par' dir='ltr' id='par_1_7' title="bbox 536 973 1593 1046">
     <span class='ocr_line' id='line_1_7' title="bbox 536 973 1593 1046; baseline 0.001 -18"><span class='ocrx_word' id='word_1_38' title='bbox 536 973 696 1029; x_wconf 90' lang='lat' dir='ltr'><strong>enim</strong></span> <span class='ocrx_word' id='word_1_39' title='bbox 725 989 798 1029; x_wconf 88' lang='lat' dir='ltr'><strong>ne</strong></span> <span class='ocrx_word' id='word_1_40' title='bbox 825 974 1078 1046; x_wconf 81' lang='lat' dir='ltr'><strong>perfecte</strong></span> <span class='ocrx_word' id='word_1_41' title='bbox 1095 974 1174 1030; x_wconf 90' lang='lat' dir='ltr'><strong>illi</strong></span> <span class='ocrx_word' id='word_1_42' title='bbox 1202 974 1593 1032; x_wconf 65' lang='lat' dir='ltr'><strong>adhaererent.</strong></span> 
     </span>
    </p>
   </div>
   <div class='ocr_carea' id='block_1_8' title="bbox 610 1060 2190 1136">
    <p class='ocr_par' dir='ltr' id='par_1_8' title="bbox 610 1060 2190 1136">
     <span class='ocr_line' id='line_1_8' title="bbox 610 1060 2190 1136; baseline 0.001 -19"><span class='ocrx_word' id='word_1_43' title='bbox 610 1060 770 1118; x_wconf 88' lang='lat' dir='ltr'><strong>Vers.</strong></span> <span class='ocrx_word' id='word_1_44' title='bbox 811 1066 906 1119; x_wconf 79' lang='grc'><strong>48.</strong></span> <span class='ocrx_word' id='word_1_45' title='bbox 945 1064 1101 1119; x_wconf 85' lang='lat' dir='ltr'><strong>Num</strong></span> <span class='ocrx_word' id='word_1_46' title='bbox 1154 1064 1282 1136; x_wconf 77' lang='lat' dir='ltr'><strong>quis</strong></span> <span class='ocrx_word' id='word_1_47' title='bbox 1312 1096 1381 1105; x_wconf 91' lang='grc'><strong>--</strong></span> <span class='ocrx_word' id='word_1_48' title='bbox 1436 1066 1600 1121; x_wconf 88' lang='lat' dir='ltr'><strong>Vers.</strong></span> <span class='ocrx_word' id='word_1_49' title='bbox 1632 1068 1728 1121; x_wconf 80' lang='grc'><strong>49.</strong></span> <span class='ocrx_word' id='word_1_50' title='bbox 1785 1066 1985 1136; x_wconf 83' lang='lat' dir='ltr'><strong>legem.</strong></span> <span class='ocrx_word' id='word_1_51' title='bbox 2043 1063 2190 1130; x_wconf 85' lang='lat' dir='ltr'><strong>Quin</strong></span> 
     </span>
    </p>
   </div>
   <div class='ocr_carea' id='block_1_9' title="bbox 535 1150 2190 1227">
    <p class='ocr_par' dir='ltr' id='par_1_9' title="bbox 535 1150 2190 1227">
     <span class='ocr_line' id='line_1_9' title="bbox 535 1150 2190 1227; baseline 0.001 -20"><span class='ocrx_word' id='word_1_52' title='bbox 535 1150 667 1207; x_wconf 65' lang='lat' dir='ltr'><strong>haec</strong></span> <span class='ocrx_word' id='word_1_53' title='bbox 687 1152 883 1223; x_wconf 87' lang='lat' dir='ltr'><strong>major</strong></span> <span class='ocrx_word' id='word_1_54' title='bbox 905 1152 1181 1208; x_wconf 86' lang='lat' dir='ltr'><strong>estvestri</strong></span> <span class='ocrx_word' id='word_1_55' title='bbox 1196 1155 1517 1221; x_wconf 91' lang='lat' dir='ltr'><strong>accusatio,</strong></span> <span class='ocrx_word' id='word_1_56' title='bbox 1540 1155 1700 1227; x_wconf 87' lang='lat' dir='ltr'><strong>quod</strong></span> <span class='ocrx_word' id='word_1_57' title='bbox 1726 1154 1903 1210; x_wconf 89' lang='lat' dir='ltr'><strong>turba</strong></span> <span class='ocrx_word' id='word_1_58' title='bbox 1921 1154 2190 1221; x_wconf 86' lang='lat' dir='ltr'><strong>credidit,</strong></span> 
     </span>
    </p>
   </div>
   <div class='ocr_carea' id='block_1_10' title="bbox 538 1241 2194 1315">
    <p class='ocr_par' dir='ltr' id='par_1_10' title="bbox 538 1241 2194 1315">
     <span class='ocr_line' id='line_1_10' title="bbox 538 1241 2194 1315; baseline 0.001 -20"><span class='ocrx_word' id='word_1_59' title='bbox 538 1256 645 1295; x_wconf 91' lang='lat' dir='ltr'><strong>vos</strong></span> <span class='ocrx_word' id='word_1_60' title='bbox 675 1246 874 1297; x_wconf 90' lang='lat' dir='ltr'><strong>autem</strong></span> <span class='ocrx_word' id='word_1_61' title='bbox 909 1256 1031 1297; x_wconf 92' lang='lat' dir='ltr'><strong>non</strong></span> <span class='ocrx_word' id='word_1_62' title='bbox 1056 1242 1407 1298; x_wconf 86' lang='lat' dir='ltr'><strong>credidistis.</strong></span> <span class='ocrx_word' id='word_1_63' title='bbox 1443 1246 1658 1313; x_wconf 82' lang='lat' dir='ltr'><strong>Legem</strong></span> <span class='ocrx_word' id='word_1_64' title='bbox 1675 1258 1816 1300; x_wconf 87' lang='lat' dir='ltr'><strong>vero</strong></span> <span class='ocrx_word' id='word_1_65' title='bbox 1849 1241 2194 1315; x_wconf 81' lang='lat' dir='ltr'><strong>simpliciter</strong></span> 
     </span>
    </p>
   </div>
   <div class='ocr_carea' id='block_1_11' title="bbox 540 1327 1764 1403">
    <p class='ocr_par' dir='ltr' id='par_1_11' title="bbox 540 1327 1764 1403">
     <span class='ocr_line' id='line_1_11' title="bbox 540 1327 1764 1403; baseline 0.002 -18"><span class='ocrx_word' id='word_1_66' title='bbox 540 1327 864 1400; x_wconf 88' lang='lat' dir='ltr'><strong>appellant,</strong></span> <span class='ocrx_word' id='word_1_67' title='bbox 898 1333 1087 1384; x_wconf 89' lang='lat' dir='ltr'><strong>totam</strong></span> <span class='ocrx_word' id='word_1_68' title='bbox 1116 1345 1343 1386; x_wconf 83' lang='lat' dir='ltr'><strong>sacram</strong></span> <span class='ocrx_word' id='word_1_69' title='bbox 1376 1332 1764 1403; x_wconf 89' lang='lat' dir='ltr'><strong>Scripturam.</strong></span> 
     </span>
    </p>
   </div>
   <div class='ocr_carea' id='block_1_12' title="bbox 612 1418 2194 1493">
    <p class='ocr_par' dir='ltr' id='par_1_12' title="bbox 612 1418 2194 1493">
     <span class='ocr_line' id='line_1_12' title="bbox 612 1418 2194 1493; baseline 0.003 -22"><span class='ocrx_word' id='word_1_70' title='bbox 612 1418 770 1472; x_wconf 87' lang='lat' dir='ltr'><strong>Vers.</strong></span> <span class='ocrx_word' id='word_1_71' title='bbox 802 1420 891 1475; x_wconf 83' lang='grc'><strong>49.</strong></span> <span class='ocrx_word' id='word_1_72' title='bbox 924 1418 1295 1475; x_wconf 73' lang='lat' dir='ltr'><strong>Exsecrandi</strong></span> <span class='ocrx_word' id='word_1_73' title='bbox 1318 1428 1475 1476; x_wconf 84' lang='lat' dir='ltr'><strong>sunt.</strong></span> <span class='ocrx_word' id='word_1_74' title='bbox 1508 1421 1686 1493; x_wconf 78' lang='lat' dir='ltr'><strong>Atqui</strong></span> <span class='ocrx_word' id='word_1_75' title='bbox 1727 1420 1818 1477; x_wconf 79' lang='lat' dir='ltr'><strong>lex</strong></span> <span class='ocrx_word' id='word_1_76' title='bbox 1851 1420 1986 1476; x_wconf 89' lang='lat' dir='ltr'><strong>illos</strong></span> <span class='ocrx_word' id='word_1_77' title='bbox 2032 1435 2194 1476; x_wconf 85' lang='lat' dir='ltr'><strong>exse-</strong></span> 
     </span>
    </p>
   </div>
   <div class='ocr_carea' id='block_1_13' title="bbox 540 1507 2190 1581">
    <p class='ocr_par' dir='ltr' id='par_1_13' title="bbox 540 1507 2190 1581">
     <span class='ocr_line' id='line_1_13' title="bbox 540 1507 2190 1581; baseline 0.002 -20"><span class='ocrx_word' id='word_1_78' title='bbox 540 1512 758 1573; x_wconf 87' lang='lat' dir='ltr'><strong>cratur,</strong></span> <span class='ocrx_word' id='word_1_79' title='bbox 772 1508 876 1579; x_wconf 90' lang='lat' dir='ltr'><strong>qui</strong></span> <span class='ocrx_word' id='word_1_80' title='bbox 890 1507 1081 1576; x_wconf 83' lang='lat' dir='ltr'><strong>legem</strong></span> <span class='ocrx_word' id='word_1_81' title='bbox 1097 1514 1492 1565; x_wconf 89' lang='lat' dir='ltr'><strong>contemnunt</strong></span> <span class='ocrx_word' id='word_1_82' title='bbox 1511 1527 1649 1576; x_wconf 86' lang='lat' dir='ltr'><strong>;vos</strong></span> <span class='ocrx_word' id='word_1_83' title='bbox 1665 1525 1805 1581; x_wconf 91' lang='lat' dir='ltr'><strong>ergo</strong></span> <span class='ocrx_word' id='word_1_84' title='bbox 1823 1508 2190 1573; x_wconf 83' lang='lat' dir='ltr'><strong>exsecrandi,</strong></span> 
     </span>
    </p>
   </div>
   <div class='ocr_carea' id='block_1_14' title="bbox 539 1594 2191 1670">
    <p class='ocr_par' dir='ltr' id='par_1_14' title="bbox 539 1594 2191 1670">
     <span class='ocr_line' id='line_1_14' title="bbox 539 1594 2191 1670; baseline 0 -19"><span class='ocrx_word' id='word_1_85' title='bbox 539 1594 643 1667; x_wconf 87' lang='lat' dir='ltr'><strong>qui</strong></span> <span class='ocrx_word' id='word_1_86' title='bbox 686 1595 881 1666; x_wconf 83' lang='lat' dir='ltr'><strong>legem</strong></span> <span class='ocrx_word' id='word_1_87' title='bbox 936 1597 1361 1667; x_wconf 89' lang='lat' dir='ltr'><strong>contemnitis;</strong></span> <span class='ocrx_word' id='word_1_88' title='bbox 1402 1599 1482 1655; x_wconf 92' lang='lat' dir='ltr'><strong>illi</strong></span> <span class='ocrx_word' id='word_1_89' title='bbox 1520 1615 1661 1655; x_wconf 88' lang='lat' dir='ltr'><strong>vero</strong></span> <span class='ocrx_word' id='word_1_90' title='bbox 1699 1599 1892 1670; x_wconf 85' lang='lat' dir='ltr'><strong>legem</strong></span> <span class='ocrx_word' id='word_1_91' title='bbox 1932 1604 2191 1665; x_wconf 86' lang='lat' dir='ltr'><strong>servant,</strong></span> 
     </span>
    </p>
   </div>
   <div class='ocr_carea' id='block_1_15' title="bbox 542 1683 2194 1762">
    <p class='ocr_par' dir='ltr' id='par_1_15' title="bbox 542 1683 2194 1762">
     <span class='ocr_line' id='line_1_15' title="bbox 542 1683 2194 1762; baseline 0.001 -21"><span class='ocrx_word' id='word_1_92' title='bbox 542 1683 848 1741; x_wconf 89' lang='lat' dir='ltr'><strong>credentes</strong></span> <span class='ocrx_word' id='word_1_93' title='bbox 893 1686 951 1741; x_wconf 92' lang='lat' dir='ltr'><strong>in</strong></span> <span class='ocrx_word' id='word_1_94' title='bbox 994 1703 1123 1742; x_wconf 87' lang='lat' dir='ltr'><strong>eum</strong></span> <span class='ocrx_word' id='word_1_95' title='bbox 1182 1704 1197 1754; x_wconf 87' lang='lat'><strong>;</strong></span> <span class='ocrx_word' id='word_1_96' title='bbox 1232 1688 1398 1759; x_wconf 87' lang='lat' dir='ltr'><strong>jubet</strong></span> <span class='ocrx_word' id='word_1_97' title='bbox 1428 1704 1691 1762; x_wconf 89' lang='lat' dir='ltr'><strong>namque</strong></span> <span class='ocrx_word' id='word_1_98' title='bbox 1720 1689 1813 1745; x_wconf 82' lang='lat' dir='ltr'><strong>lex</strong></span> <span class='ocrx_word' id='word_1_99' title='bbox 1866 1687 2105 1744; x_wconf 88' lang='lat' dir='ltr'><strong>credere</strong></span> <span class='ocrx_word' id='word_1_100' title='bbox 2133 1688 2194 1744; x_wconf 91' lang='lat' dir='ltr'><strong>in</strong></span> 
     </span>
    </p>
   </div>
   <div class='ocr_carea' id='block_1_16' title="bbox 544 1774 758 1832">
    <p class='ocr_par' dir='ltr' id='par_1_16' title="bbox 544 1774 758 1832">
     <span class='ocr_line' id='line_1_16' title="bbox 544 1774 758 1832; baseline 0.014 -3"><span class='ocrx_word' id='word_1_101' title='bbox 544 1774 729 1830; x_wconf 89' lang='lat' dir='ltr'><strong>Deum</strong></span> <span class='ocrx_word' id='word_1_102' title='bbox 745 1818 758 1832; x_wconf 93' lang='lat'><strong>.</strong></span> 
     </span>
    </p>
   </div>
   <div class='ocr_carea' id='block_1_17' title="bbox 617 1864 2210 1943">
    <p class='ocr_par' dir='ltr' id='par_1_17' title="bbox 617 1864 2197 1939">
     <span class='ocr_line' id='line_1_17' title="bbox 617 1864 2197 1939; baseline 0.003 -20"><span class='ocrx_word' id='word_1_103' title='bbox 617 1864 781 1920; x_wconf 83' lang='lat' dir='ltr'><strong>Vers.</strong></span> <span class='ocrx_word' id='word_1_104' title='bbox 813 1869 901 1921; x_wconf 82' lang='grc'><strong>50.</strong></span> <span class='ocrx_word' id='word_1_105' title='bbox 942 1866 1042 1921; x_wconf 83' lang='lat' dir='ltr'><strong>Ait</strong></span> <span class='ocrx_word' id='word_1_106' title='bbox 1068 1897 1136 1909; x_wconf 88' lang='lat'><strong>--</strong></span> <span class='ocrx_word' id='word_1_107' title='bbox 1164 1868 1330 1925; x_wconf 87' lang='lat' dir='ltr'><strong>Vers.</strong></span> <span class='ocrx_word' id='word_1_108' title='bbox 1372 1873 1456 1925; x_wconf 81' lang='lat' dir='ltr'><strong>5t.</strong></span> <span class='ocrx_word' id='word_1_109' title='bbox 1486 1869 1732 1939; x_wconf 80' lang='lat' dir='ltr'><strong>faciat?</strong></span> <span class='ocrx_word' id='word_1_110' title='bbox 1754 1868 1995 1924; x_wconf 84' lang='lat' dir='ltr'><strong>Addidit</strong></span> <span class='ocrx_word' id='word_1_111' title='bbox 2013 1882 2197 1923; x_wconf 88' lang='lat' dir='ltr'><strong>evan-</strong></span> 
     </span>
    </p>
   </div>
   <div class='ocr_carea' id='block_1_18' title="bbox 2326 1864 2913 1943">
    <p class='ocr_par' dir='ltr' id='par_1_18' title="bbox 2377 1871 2913 1939">
     <span class='ocr_line' id='line_1_18' title="bbox 2377 1871 2913 1939; baseline -0.013 -18"><span class='ocrx_word' id='word_1_112' title='bbox 2377 1871 2530 1939; x_wconf 80' lang='grc' dir='ltr'>Λέγει</span> <span class='ocrx_word' id='word_1_113' title='bbox 2576 1897 2645 1906; x_wconf 94' lang='lat'><strong>—</strong></span> <span class='ocrx_word' id='word_1_114' title='bbox 2709 1871 2845 1917; x_wconf 86' lang='grc' dir='ltr'>ποιεῖ</span> <span class='ocrx_word' id='word_1_115' title='bbox 2900 1880 2913 1931; x_wconf 92' lang='grc'><strong>;</strong></span> 
     </span>
    </p>
   </div>
   <div class='ocr_carea' id='block_1_19' title="bbox 548 1952 2196 2023">
    <p class='ocr_par' dir='ltr' id='par_1_19' title="bbox 548 1952 2196 2023">
     <span class='ocr_line' id='line_1_19' title="bbox 548 1952 2196 2023; baseline 0.003 -15"><span class='ocrx_word' id='word_1_116' title='bbox 548 1952 779 2023; x_wconf 87' lang='lat' dir='ltr'><strong>gelista,</strong></span> <span class='ocrx_word' id='word_1_117' title='bbox 805 1956 951 2011; x_wconf 90' lang='lat' dir='ltr'><strong>Cum</strong></span> <span class='ocrx_word' id='word_1_118' title='bbox 976 1961 1131 2011; x_wconf 88' lang='lat' dir='ltr'><strong>esset</strong></span> <span class='ocrx_word' id='word_1_119' title='bbox 1160 1972 1312 2012; x_wconf 91' lang='lat' dir='ltr'><strong>unus</strong></span> <span class='ocrx_word' id='word_1_120' title='bbox 1360 1959 1434 2014; x_wconf 93' lang='lat' dir='ltr'><strong>de</strong></span> <span class='ocrx_word' id='word_1_121' title='bbox 1465 1974 1718 2014; x_wconf 90' lang='lat' dir='ltr'><strong>numero</strong></span> <span class='ocrx_word' id='word_1_122' title='bbox 1748 1974 1976 2023; x_wconf 89' lang='lat' dir='ltr'><strong>eorum,</strong></span> <span class='ocrx_word' id='word_1_123' title='bbox 2005 1962 2196 2013; x_wconf 86' lang='lat' dir='ltr'><strong>osten-</strong></span> 
     </span>
    </p>
   </div>
   <div class='ocr_carea' id='block_1_20' title="bbox 547 2042 2196 2119">
    <p class='ocr_par' dir='ltr' id='par_1_20' title="bbox 547 2042 2196 2119">
     <span class='ocr_line' id='line_1_20' title="bbox 547 2042 2196 2119; baseline 0.002 -21"><span class='ocrx_word' id='word_1_124' title='bbox 547 2042 721 2111; x_wconf 89' lang='lat' dir='ltr'><strong>dens,</strong></span> <span class='ocrx_word' id='word_1_125' title='bbox 740 2042 901 2114; x_wconf 91' lang='lat' dir='ltr'><strong>quod</strong></span> <span class='ocrx_word' id='word_1_126' title='bbox 918 2044 1096 2100; x_wconf 87' lang='lat' dir='ltr'><strong>etiam</strong></span> <span class='ocrx_word' id='word_1_127' title='bbox 1113 2046 1355 2116; x_wconf 88' lang='lat' dir='ltr'><strong>quidam</strong></span> <span class='ocrx_word' id='word_1_128' title='bbox 1372 2064 1403 2102; x_wconf 92' lang='lat' dir='ltr'><strong>e</strong></span> <span class='ocrx_word' id='word_1_129' title='bbox 1423 2048 1790 2119; x_wconf 86' lang='lat' dir='ltr'><strong>principibus</strong></span> <span class='ocrx_word' id='word_1_130' title='bbox 1805 2047 2196 2111; x_wconf 84' lang='lat' dir='ltr'><strong>crediderant,</strong></span> 
     </span>
    </p>
   </div>
   <div class='ocr_carea' id='block_1_21' title="bbox 548 2130 2201 2209">
    <p class='ocr_par' dir='ltr' id='par_1_21' title="bbox 548 2130 2201 2209">
     <span class='ocr_line' id='line_1_21' title="bbox 548 2130 2201 2209; baseline 0.001 -22"><span class='ocrx_word' id='word_1_131' title='bbox 548 2130 681 2187; x_wconf 90' lang='lat' dir='ltr'><strong>licet</strong></span> <span class='ocrx_word' id='word_1_132' title='bbox 706 2131 815 2203; x_wconf 91' lang='lat' dir='ltr'><strong>ipsi</strong></span> <span class='ocrx_word' id='word_1_133' title='bbox 843 2131 1126 2200; x_wconf 89' lang='lat' dir='ltr'><strong>dicerent,</strong></span> <span class='ocrx_word' id='word_1_134' title='bbox 1152 2135 1381 2191; x_wconf 91' lang='lat' dir='ltr'><strong>nullum</strong></span> <span class='ocrx_word' id='word_1_135' title='bbox 1406 2153 1477 2192; x_wconf 83' lang='lat' dir='ltr'><strong>ex</strong></span> <span class='ocrx_word' id='word_1_136' title='bbox 1490 2136 1861 2209; x_wconf 89' lang='lat' dir='ltr'><strong>principibus</strong></span> <span class='ocrx_word' id='word_1_137' title='bbox 1879 2135 2201 2191; x_wconf 85' lang='lat' dir='ltr'><strong>credidisse</strong></span> 
     </span>
    </p>
   </div>
   <div class='ocr_carea' id='block_1_22' title="bbox 549 2221 2202 2297">
    <p class='ocr_par' dir='ltr' id='par_1_22' title="bbox 549 2221 2202 2297">
     <span class='ocr_line' id='line_1_22' title="bbox 549 2221 2202 2297; baseline 0.002 -22"><span class='ocrx_word' id='word_1_138' title='bbox 549 2221 611 2276; x_wconf 93' lang='lat' dir='ltr'><strong>in</strong></span> <span class='ocrx_word' id='word_1_139' title='bbox 640 2221 852 2287; x_wconf 83' lang='lat' dir='ltr'><strong>ipsum.</strong></span> <span class='ocrx_word' id='word_1_140' title='bbox 906 2224 1112 2296; x_wconf 87' lang='lat' dir='ltr'><strong>Arguit</strong></span> <span class='ocrx_word' id='word_1_141' title='bbox 1142 2241 1282 2296; x_wconf 91' lang='lat' dir='ltr'><strong>ergo</strong></span> <span class='ocrx_word' id='word_1_142' title='bbox 1312 2241 1414 2282; x_wconf 88' lang='lat' dir='ltr'><strong>eos</strong></span> <span class='ocrx_word' id='word_1_143' title='bbox 1452 2226 1831 2283; x_wconf 86' lang='lat' dir='ltr'><strong>Nicodemus.</strong></span> <span class='ocrx_word' id='word_1_144' title='bbox 1864 2225 2029 2297; x_wconf 89' lang='lat' dir='ltr'><strong>quod</strong></span> <span class='ocrx_word' id='word_1_145' title='bbox 2054 2224 2202 2295; x_wconf 87' lang='lat' dir='ltr'><strong>legis</strong></span> 
     </span>
    </p>
   </div>
   <div class='ocr_carea' id='block_1_23' title="bbox 553 2314 2205 2388">
    <p class='ocr_par' dir='ltr' id='par_1_23' title="bbox 553 2314 2205 2388">
     <span class='ocr_line' id='line_1_23' title="bbox 553 2314 2205 2388; baseline 0.001 -21"><span class='ocrx_word' id='word_1_146' title='bbox 553 2322 752 2371; x_wconf 88' lang='lat' dir='ltr'><strong>essent</strong></span> <span class='ocrx_word' id='word_1_147' title='bbox 784 2322 1265 2388; x_wconf 87' lang='lat' dir='ltr'><strong>transgressores,</strong></span> <span class='ocrx_word' id='word_1_148' title='bbox 1295 2314 1522 2372; x_wconf 89' lang='lat' dir='ltr'><strong>occulte</strong></span> <span class='ocrx_word' id='word_1_149' title='bbox 1550 2320 1748 2371; x_wconf 87' lang='lat' dir='ltr'><strong>tamen</strong></span> <span class='ocrx_word' id='word_1_150' title='bbox 1774 2321 1830 2371; x_wconf 90' lang='lat' dir='ltr'><strong>et</strong></span> <span class='ocrx_word' id='word_1_151' title='bbox 1852 2314 2059 2388; x_wconf 87' lang='lat' dir='ltr'><strong>paucis</strong></span> <span class='ocrx_word' id='word_1_152' title='bbox 2081 2329 2205 2369; x_wconf 82' lang='lat' dir='ltr'><strong>ver-</strong></span> 
     </span>
    </p>
   </div>
   <div class='ocr_carea' id='block_1_24' title="bbox 554 2403 2203 2477">
    <p class='ocr_par' dir='ltr' id='par_1_24' title="bbox 554 2403 2203 2477">
     <span class='ocr_line' id='line_1_24' title="bbox 554 2403 2203 2477; baseline -0.001 -16"><span class='ocrx_word' id='word_1_153' title='bbox 554 2403 650 2461; x_wconf 91' lang='lat' dir='ltr'><strong>bis</strong></span> <span class='ocrx_word' id='word_1_154' title='bbox 675 2423 687 2460; x_wconf 91' lang='lat'><strong>:</strong></span> <span class='ocrx_word' id='word_1_155' title='bbox 710 2407 981 2464; x_wconf 90' lang='lat' dir='ltr'><strong>nondum</strong></span> <span class='ocrx_word' id='word_1_156' title='bbox 1016 2407 1173 2463; x_wconf 90' lang='lat' dir='ltr'><strong>enim</strong></span> <span class='ocrx_word' id='word_1_157' title='bbox 1205 2406 1659 2462; x_wconf 81' lang='lat' dir='ltr'><strong>convenientem</strong></span> <span class='ocrx_word' id='word_1_158' title='bbox 1683 2406 1933 2477; x_wconf 89' lang='lat' dir='ltr'><strong>adeptus</strong></span> <span class='ocrx_word' id='word_1_159' title='bbox 1972 2408 2096 2460; x_wconf 89' lang='lat' dir='ltr'><strong>erat</strong></span> <span class='ocrx_word' id='word_1_160' title='bbox 2116 2403 2203 2459; x_wconf 88' lang='lat' dir='ltr'><strong>lo-</strong></span> 
     </span>
    </p>
   </div>
   <div class='ocr_carea' id='block_1_25' title="bbox 556 2494 2204 2567">
    <p class='ocr_par' dir='ltr' id='par_1_25' title="bbox 556 2494 2204 2567">
     <span class='ocr_line' id='line_1_25' title="bbox 556 2494 2204 2567; baseline -0.001 -18"><span class='ocrx_word' id='word_1_161' title='bbox 556 2496 778 2567; x_wconf 89' lang='lat' dir='ltr'><strong>quendi</strong></span> <span class='ocrx_word' id='word_1_162' title='bbox 792 2496 1148 2553; x_wconf 88' lang='lat' dir='ltr'><strong>libertatem.</strong></span> <span class='ocrx_word' id='word_1_163' title='bbox 1166 2499 1309 2553; x_wconf 87' lang='lat' dir='ltr'><strong>Nam</strong></span> <span class='ocrx_word' id='word_1_164' title='bbox 1327 2495 1377 2551; x_wconf 90' lang='lat' dir='ltr'><strong>si</strong></span> <span class='ocrx_word' id='word_1_165' title='bbox 1397 2511 1517 2551; x_wconf 91' lang='lat' dir='ltr'><strong>non</strong></span> <span class='ocrx_word' id='word_1_166' title='bbox 1535 2496 1899 2552; x_wconf 89' lang='lat' dir='ltr'><strong>condemnat</strong></span> <span class='ocrx_word' id='word_1_167' title='bbox 1913 2494 2002 2549; x_wconf 79' lang='lat' dir='ltr'><strong>lex</strong></span> <span class='ocrx_word' id='word_1_168' title='bbox 2017 2494 2204 2565; x_wconf 85' lang='lat' dir='ltr'><strong>prius-</strong></span> 
     </span>
    </p>
   </div>
   <div class='ocr_carea' id='block_1_26' title="bbox 555 2582 2207 2656">
    <p class='ocr_par' dir='ltr' id='par_1_26' title="bbox 555 2582 2207 2656">
     <span class='ocr_line' id='line_1_26' title="bbox 555 2582 2207 2656; baseline -0.001 -18"><span class='ocrx_word' id='word_1_169' title='bbox 555 2599 740 2656; x_wconf 88' lang='lat' dir='ltr'><strong>quam</strong></span> <span class='ocrx_word' id='word_1_170' title='bbox 770 2585 1039 2642; x_wconf 90' lang='lat' dir='ltr'><strong>audiatet</strong></span> <span class='ocrx_word' id='word_1_171' title='bbox 1062 2592 1403 2656; x_wconf 90' lang='lat' dir='ltr'><strong>cognoscat,</strong></span> <span class='ocrx_word' id='word_1_172' title='bbox 1431 2583 1544 2656; x_wconf 91' lang='lat' dir='ltr'><strong>ipsi</strong></span> <span class='ocrx_word' id='word_1_173' title='bbox 1563 2599 1693 2639; x_wconf 91' lang='lat' dir='ltr'><strong>vero</strong></span> <span class='ocrx_word' id='word_1_174' title='bbox 1720 2582 2207 2639; x_wconf 88' lang='lat' dir='ltr'><strong>condemnabant</strong></span> 
     </span>
    </p>
   </div>
   <div class='ocr_carea' id='block_1_27' title="bbox 555 2671 2204 2747">
    <p class='ocr_par' dir='ltr' id='par_1_27' title="bbox 555 2671 2204 2747">
     <span class='ocr_line' id='line_1_27' title="bbox 555 2671 2204 2747; baseline -0.001 -20"><span class='ocrx_word' id='word_1_175' title='bbox 555 2688 694 2728; x_wconf 90' lang='lat' dir='ltr'><strong>eum</strong></span> <span class='ocrx_word' id='word_1_176' title='bbox 734 2682 1059 2747; x_wconf 90' lang='lat' dir='ltr'><strong>antequam</strong></span> <span class='ocrx_word' id='word_1_177' title='bbox 1107 2674 1410 2731; x_wconf 87' lang='lat' dir='ltr'><strong>audissent</strong></span> <span class='ocrx_word' id='word_1_178' title='bbox 1454 2679 1510 2729; x_wconf 90' lang='lat' dir='ltr'><strong>et</strong></span> <span class='ocrx_word' id='word_1_179' title='bbox 1539 2672 1977 2742; x_wconf 85' lang='lat' dir='ltr'><strong>cognovissent,</strong></span> <span class='ocrx_word' id='word_1_180' title='bbox 2015 2671 2204 2741; x_wconf 88' lang='lat' dir='ltr'><strong>legem</strong></span> 
     </span>
    </p>
   </div>
   <div class='ocr_carea' id='block_1_28' title="bbox 556 2762 1385 2834">
    <p class='ocr_par' dir='ltr' id='par_1_28' title="bbox 556 2762 1385 2834">
     <span class='ocr_line' id='line_1_28' title="bbox 556 2762 1385 2834; baseline 0.004 -19"><span class='ocrx_word' id='word_1_181' title='bbox 556 2762 750 2832; x_wconf 91' lang='lat' dir='ltr'><strong>utique</strong></span> <span class='ocrx_word' id='word_1_182' title='bbox 780 2764 1385 2834; x_wconf 86' lang='lat' dir='ltr'><strong>transgrediebantur.</strong></span> 
     </span>
    </p>
   </div>
   <div class='ocr_carea' id='block_1_29' title="bbox 629 2847 2206 2920">
    <p class='ocr_par' dir='ltr' id='par_1_29' title="bbox 629 2847 2206 2920">
     <span class='ocr_line' id='line_1_29' title="bbox 629 2847 2206 2920; baseline -0.003 -14"><span class='ocrx_word' id='word_1_183' title='bbox 629 2850 796 2906; x_wconf 89' lang='lat' dir='ltr'><strong>Vers.</strong></span> <span class='ocrx_word' id='word_1_184' title='bbox 824 2856 909 2908; x_wconf 76' lang='lat'><strong>52.</strong></span> <span class='ocrx_word' id='word_1_185' title='bbox 940 2853 1383 2920; x_wconf 80' lang='lat' dir='ltr'><strong>Responderunt</strong></span> <span class='ocrx_word' id='word_1_186' title='bbox 1426 2882 1489 2892; x_wconf 93' lang='lat'><strong><em>—</em></strong></span> <span class='ocrx_word' id='word_1_187' title='bbox 1516 2867 1574 2909; x_wconf 81' lang='lat' dir='ltr'><strong>es</strong></span> <span class='ocrx_word' id='word_1_188' title='bbox 1603 2851 1632 2907; x_wconf 84' lang='lat'><strong>?</strong></span> <span class='ocrx_word' id='word_1_189' title='bbox 1688 2853 1831 2907; x_wconf 89' lang='lat' dir='ltr'><strong>Num</strong></span> <span class='ocrx_word' id='word_1_190' title='bbox 1873 2849 2007 2905; x_wconf 92' lang='lat' dir='ltr'><strong>ideo</strong></span> <span class='ocrx_word' id='word_1_191' title='bbox 2038 2847 2120 2904; x_wconf 89' lang='lat' dir='ltr'><strong>illi</strong></span> <span class='ocrx_word' id='word_1_192' title='bbox 2144 2863 2206 2903; x_wconf 92' lang='lat' dir='ltr'><strong>es</strong></span> 
     </span>
    </p>
   </div>
   <div class='ocr_carea' id='block_1_30' title="bbox 558 2936 2202 3013">
    <p class='ocr_par' dir='ltr' id='par_1_30' title="bbox 558 2936 2202 3013">
     <span class='ocr_line' id='line_1_30' title="bbox 558 2936 2202 3013; baseline -0.002 -19"><span class='ocrx_word' id='word_1_193' title='bbox 558 2939 800 3006; x_wconf 83' lang='lat' dir='ltr'><strong>auxilio,</strong></span> <span class='ocrx_word' id='word_1_194' title='bbox 829 2940 992 3012; x_wconf 90' lang='lat' dir='ltr'><strong>quod</strong></span> <span class='ocrx_word' id='word_1_195' title='bbox 1019 2940 1293 3013; x_wconf 89' lang='lat' dir='ltr'><strong>ejusdem</strong></span> <span class='ocrx_word' id='word_1_196' title='bbox 1317 2940 1396 2995; x_wconf 90' lang='lat' dir='ltr'><strong>sis</strong></span> <span class='ocrx_word' id='word_1_197' title='bbox 1418 2939 1674 3009; x_wconf 87' lang='lat' dir='ltr'><strong>regionis</strong></span> <span class='ocrx_word' id='word_1_198' title='bbox 1693 2945 1748 2994; x_wconf 88' lang='lat' dir='ltr'><strong>et</strong></span> <span class='ocrx_word' id='word_1_199' title='bbox 1770 2939 1975 3010; x_wconf 67' lang='lat' dir='ltr'><strong>patrias</strong></span> <span class='ocrx_word' id='word_1_200' title='bbox 1997 2938 2025 2992; x_wconf 86' lang='lat'><strong>?</strong></span> <span class='ocrx_word' id='word_1_201' title='bbox 2044 2936 2202 3000; x_wconf 89' lang='lat' dir='ltr'><strong>Vide,</strong></span> 
     </span>
    </p>
   </div>
   <div class='ocr_carea' id='block_1_31' title="bbox 559 3027 1863 3101">
    <p class='ocr_par' dir='ltr' id='par_1_31' title="bbox 559 3027 1863 3101">
     <span class='ocr_line' id='line_1_31' title="bbox 559 3027 1863 3101; baseline 0.001 -20"><span class='ocrx_word' id='word_1_202' title='bbox 559 3043 740 3100; x_wconf 89' lang='lat' dir='ltr'><strong>quam</strong></span> <span class='ocrx_word' id='word_1_203' title='bbox 765 3045 973 3100; x_wconf 90' lang='lat' dir='ltr'><strong>aspere</strong></span> <span class='ocrx_word' id='word_1_204' title='bbox 1004 3045 1074 3085; x_wconf 91' lang='lat' dir='ltr'><strong>ac</strong></span> <span class='ocrx_word' id='word_1_205' title='bbox 1103 3029 1371 3085; x_wconf 85' lang='lat' dir='ltr'><strong>ferociter</strong></span> <span class='ocrx_word' id='word_1_206' title='bbox 1402 3032 1805 3101; x_wconf 88' lang='lat' dir='ltr'><strong>respondeant</strong></span> <span class='ocrx_word' id='word_1_207' title='bbox 1834 3027 1863 3082; x_wconf 80' lang='lat'><strong>?</strong></span> 
     </span>
    </p>
   </div>
   <div class='ocr_carea' id='block_1_32' title="bbox 634 3115 2210 3175">
    <p class='ocr_par' dir='ltr' id='par_1_32' title="bbox 634 3115 2210 3175">
     <span class='ocr_line' id='line_1_32' title="bbox 634 3115 2210 3175; baseline 0 -5"><span class='ocrx_word' id='word_1_208' title='bbox 634 3116 796 3175; x_wconf 86' lang='lat' dir='ltr'><strong>Vers.</strong></span> <span class='ocrx_word' id='word_1_209' title='bbox 828 3123 914 3175; x_wconf 84' lang='lat'><strong>52.</strong></span> <span class='ocrx_word' id='word_1_210' title='bbox 941 3120 1224 3175; x_wconf 81' lang='lat' dir='ltr'><strong>Scrutare</strong></span> <span class='ocrx_word' id='word_1_211' title='bbox 1245 3150 1308 3159; x_wconf 93' lang='lat'><strong>--</strong></span> <span class='ocrx_word' id='word_1_212' title='bbox 1327 3119 1685 3175; x_wconf 72' lang='lat' dir='ltr'><strong>surrexerit.</strong></span> <span class='ocrx_word' id='word_1_213' title='bbox 1714 3120 1864 3174; x_wconf 88' lang='lat' dir='ltr'><strong>Sane</strong></span> <span class='ocrx_word' id='word_1_214' title='bbox 1886 3115 2050 3171; x_wconf 91' lang='lat' dir='ltr'><strong>illum</strong></span> <span class='ocrx_word' id='word_1_215' title='bbox 2081 3115 2210 3172; x_wconf 92' lang='lat' dir='ltr'><strong>sine</strong></span> 
     </span>
    </p>
   </div>
   <div class='ocr_carea' id='block_1_33' title="bbox 560 3204 2210 3279">
    <p class='ocr_par' dir='ltr' id='par_1_33' title="bbox 560 3204 2210 3279">
     <span class='ocr_line' id='line_1_33' title="bbox 560 3204 2210 3279; baseline 0 -19"><span class='ocrx_word' id='word_1_216' title='bbox 560 3204 931 3264; x_wconf 86' lang='lat' dir='ltr'><strong>discussione</strong></span> <span class='ocrx_word' id='word_1_217' title='bbox 959 3209 1363 3264; x_wconf 89' lang='lat' dir='ltr'><strong>condemnare</strong></span> <span class='ocrx_word' id='word_1_218' title='bbox 1417 3223 1538 3264; x_wconf 90' lang='lat' dir='ltr'><strong>non</strong></span> <span class='ocrx_word' id='word_1_219' title='bbox 1588 3207 1921 3279; x_wconf 88' lang='lat' dir='ltr'><strong>oportebat,</strong></span> <span class='ocrx_word' id='word_1_220' title='bbox 1967 3205 2046 3261; x_wconf 88' lang='lat' dir='ltr'><strong>illi</strong></span> <span class='ocrx_word' id='word_1_221' title='bbox 2074 3220 2210 3261; x_wconf 89' lang='lat' dir='ltr'><strong>vero</strong></span> 
     </span>
    </p>
   </div>
   <div class='ocr_carea' id='block_1_34' title="bbox 563 3295 2210 3368">
    <p class='ocr_par' dir='ltr' id='par_1_34' title="bbox 563 3295 2210 3368">
     <span class='ocr_line' id='line_1_34' title="bbox 563 3295 2210 3368; baseline -0.001 -18"><span class='ocrx_word' id='word_1_222' title='bbox 563 3295 847 3368; x_wconf 83' lang='lat' dir='ltr'><strong>injuriose</strong></span> <span class='ocrx_word' id='word_1_223' title='bbox 878 3297 1083 3355; x_wconf 91' lang='lat' dir='ltr'><strong>dicunt</strong></span> <span class='ocrx_word' id='word_1_224' title='bbox 1124 3313 1136 3351; x_wconf 91' lang='lat'><strong>:</strong></span> <span class='ocrx_word' id='word_1_225' title='bbox 1174 3297 1475 3367; x_wconf 84' lang='lat' dir='ltr'><strong>Interroga</strong></span> <span class='ocrx_word' id='word_1_226' title='bbox 1505 3301 1560 3352; x_wconf 93' lang='lat' dir='ltr'><strong>et</strong></span> <span class='ocrx_word' id='word_1_227' title='bbox 1596 3297 1778 3361; x_wconf 88' lang='lat' dir='ltr'><strong>disce,</strong></span> <span class='ocrx_word' id='word_1_228' title='bbox 1833 3311 2022 3368; x_wconf 88' lang='lat' dir='ltr'><strong>neque</strong></span> <span class='ocrx_word' id='word_1_229' title='bbox 2052 3295 2210 3350; x_wconf 89' lang='lat' dir='ltr'><strong>enim</strong></span> 
     </span>
    </p>
   </div>
   <div class='ocr_carea' id='block_1_35' title="bbox 564 3384 2216 3460">
    <p class='ocr_par' dir='ltr' id='par_1_35' title="bbox 564 3384 2216 3460">
     <span class='ocr_line' id='line_1_35' title="bbox 564 3384 2216 3460; baseline -0.002 -19"><span class='ocrx_word' id='word_1_230' title='bbox 564 3387 719 3443; x_wconf 89' lang='lat' dir='ltr'><strong>nosti</strong></span> <span class='ocrx_word' id='word_1_231' title='bbox 751 3387 1103 3460; x_wconf 85' lang='lat' dir='ltr'><strong>Scripturas.</strong></span> <span class='ocrx_word' id='word_1_232' title='bbox 1152 3388 1374 3442; x_wconf 86' lang='lat' dir='ltr'><strong>Verum</strong></span> <span class='ocrx_word' id='word_1_233' title='bbox 1422 3388 1471 3441; x_wconf 90' lang='lat' dir='ltr'><strong>si</strong></span> <span class='ocrx_word' id='word_1_234' title='bbox 1518 3402 1622 3442; x_wconf 88' lang='lat' dir='ltr'><strong>eas</strong></span> <span class='ocrx_word' id='word_1_235' title='bbox 1673 3401 1792 3440; x_wconf 91' lang='lat' dir='ltr'><strong>non</strong></span> <span class='ocrx_word' id='word_1_236' title='bbox 1838 3384 2022 3449; x_wconf 89' lang='lat' dir='ltr'><strong>novit,</strong></span> <span class='ocrx_word' id='word_1_237' title='bbox 2072 3400 2216 3456; x_wconf 83' lang='lat' dir='ltr'><strong>quo-</strong></span> 
     </span>
    </p>
   </div>
   <div class='ocr_carea' id='block_1_36' title="bbox 567 3475 1897 3548">
    <p class='ocr_par' dir='ltr' id='par_1_36' title="bbox 567 3475 1897 3548">
     <span class='ocr_line' id='line_1_36' title="bbox 567 3475 1897 3548; baseline -0.003 -14"><span class='ocrx_word' id='word_1_238' title='bbox 567 3477 750 3534; x_wconf 90' lang='lat' dir='ltr'><strong>modo</strong></span> <span class='ocrx_word' id='word_1_239' title='bbox 783 3493 889 3533; x_wconf 88' lang='lat' dir='ltr'><strong>vos</strong></span> <span class='ocrx_word' id='word_1_240' title='bbox 914 3477 989 3533; x_wconf 89' lang='lat' dir='ltr'><strong>de</strong></span> <span class='ocrx_word' id='word_1_241' title='bbox 1017 3476 1164 3547; x_wconf 90' lang='lat' dir='ltr'><strong>legis</strong></span> <span class='ocrx_word' id='word_1_242' title='bbox 1186 3477 1621 3548; x_wconf 88' lang='lat' dir='ltr'><strong>trangressione</strong></span> <span class='ocrx_word' id='word_1_243' title='bbox 1651 3475 1897 3545; x_wconf 84' lang='lat' dir='ltr'><strong>arguit?</strong></span> 
     </span>
    </p>
   </div>
   <div class='ocr_carea' id='block_1_37' title="bbox 642 3651 2219 3727">
    <p class='ocr_par' dir='ltr' id='par_1_37' title="bbox 642 3651 2219 3727">
     <span class='ocr_line' id='line_1_37' title="bbox 642 3651 2219 3727; baseline -0.004 -15"><span class='ocrx_word' id='word_1_244' title='bbox 642 3654 798 3712; x_wconf 87' lang='lat' dir='ltr'><strong>Scire</strong></span> <span class='ocrx_word' id='word_1_245' title='bbox 831 3660 1020 3711; x_wconf 86' lang='lat' dir='ltr'><strong>autem</strong></span> <span class='ocrx_word' id='word_1_246' title='bbox 1052 3658 1298 3727; x_wconf 90' lang='lat' dir='ltr'><strong>oportet,</strong></span> <span class='ocrx_word' id='word_1_247' title='bbox 1326 3654 1490 3726; x_wconf 87' lang='lat' dir='ltr'><strong>quod</strong></span> <span class='ocrx_word' id='word_1_248' title='bbox 1518 3670 1589 3710; x_wconf 89' lang='lat' dir='ltr'><strong>ea</strong></span> <span class='ocrx_word' id='word_1_249' title='bbox 1634 3668 1772 3725; x_wconf 75' lang='lat' dir='ltr'><strong>quae</strong></span> <span class='ocrx_word' id='word_1_250' title='bbox 1813 3651 1890 3708; x_wconf 89' lang='lat' dir='ltr'><strong>ab</strong></span> <span class='ocrx_word' id='word_1_251' title='bbox 1942 3652 2056 3707; x_wconf 88' lang='lat' dir='ltr'><strong>hoc</strong></span> <span class='ocrx_word' id='word_1_252' title='bbox 2088 3651 2219 3708; x_wconf 91' lang='lat' dir='ltr'><strong>loco</strong></span> 
     </span>
    </p>
   </div>
   <div class='ocr_carea' id='block_1_38' title="bbox 568 3742 2221 3816">
    <p class='ocr_par' dir='ltr' id='par_1_38' title="bbox 568 3742 2221 3816">
     <span class='ocr_line' id='line_1_38' title="bbox 568 3742 2221 3816; baseline -0.002 -16"><span class='ocrx_word' id='word_1_253' title='bbox 568 3744 867 3800; x_wconf 90' lang='lat' dir='ltr'><strong>habentur</strong></span> <span class='ocrx_word' id='word_1_254' title='bbox 898 3759 1086 3816; x_wconf 90' lang='lat' dir='ltr'><strong>usque</strong></span> <span class='ocrx_word' id='word_1_255' title='bbox 1108 3743 1184 3799; x_wconf 89' lang='lat' dir='ltr'><strong>ad</strong></span> <span class='ocrx_word' id='word_1_256' title='bbox 1205 3759 1366 3808; x_wconf 91' lang='lat' dir='ltr'><strong>eum,</strong></span> <span class='ocrx_word' id='word_1_257' title='bbox 1396 3759 1519 3815; x_wconf 88' lang='lat' dir='ltr'><strong>quo</strong></span> <span class='ocrx_word' id='word_1_258' title='bbox 1544 3742 1757 3798; x_wconf 85' lang='lat' dir='ltr'><strong>dicitur</strong></span> <span class='ocrx_word' id='word_1_259' title='bbox 1789 3760 1803 3795; x_wconf 93' lang='lat'><strong>:</strong></span> <span class='ocrx_word' id='word_1_260' title='bbox 1829 3742 2048 3798; x_wconf 83' lang='lat' dir='ltr'><strong>Iterum</strong></span> <span class='ocrx_word' id='word_1_261' title='bbox 2082 3756 2221 3811; x_wconf 86' lang='lat' dir='ltr'><strong>ergo</strong></span> 
     </span>
    </p>
   </div>
   <div class='ocr_carea' id='block_1_39' title="bbox 571 3830 2219 3902">
    <p class='ocr_par' dir='ltr' id='par_1_39' title="bbox 571 3830 2219 3902">
     <span class='ocr_line' id='line_1_39' title="bbox 571 3830 2219 3902; baseline -0.002 -13"><span class='ocrx_word' id='word_1_262' title='bbox 571 3835 797 3890; x_wconf 81' lang='lat' dir='ltr'><strong>locutus</strong></span> <span class='ocrx_word' id='word_1_263' title='bbox 813 3839 895 3890; x_wconf 84' lang='lat' dir='ltr'><strong>est</strong></span> <span class='ocrx_word' id='word_1_264' title='bbox 908 3835 1032 3889; x_wconf 78' lang='lat' dir='ltr'><strong>illis</strong></span> <span class='ocrx_word' id='word_1_265' title='bbox 1053 3832 1221 3889; x_wconf 75' lang='lat' dir='ltr'><strong>Iesus</strong></span> <span class='ocrx_word' id='word_1_266' title='bbox 1233 3833 1458 3890; x_wconf 78' lang='lat' dir='ltr'><strong>dicens:</strong></span> <span class='ocrx_word' id='word_1_267' title='bbox 1482 3833 1607 3902; x_wconf 84' lang='lat' dir='ltr'><strong>Ego</strong></span> <span class='ocrx_word' id='word_1_268' title='bbox 1625 3849 1756 3888; x_wconf 87' lang='lat' dir='ltr'><strong>sum</strong></span> <span class='ocrx_word' id='word_1_269' title='bbox 1779 3833 1890 3888; x_wconf 74' lang='lat' dir='ltr'><strong>tua:</strong></span> <span class='ocrx_word' id='word_1_270' title='bbox 1911 3830 2121 3887; x_wconf 81' lang='lat' dir='ltr'><strong>mundi</strong></span> <span class='ocrx_word' id='word_1_271' title='bbox 2133 3831 2179 3865; x_wconf 77' lang='grc'><strong>⁸⁷</strong></span> <span class='ocrx_word' id='word_1_272' title='bbox 2206 3848 2219 3885; x_wconf 91' lang='lat'><strong>:</strong></span> 
     </span>
    </p>
   </div>
   <div class='ocr_carea' id='block_1_40' title="bbox 1851 392 2570 459">
    <p class='ocr_par' dir='ltr' id='par_1_40' title="bbox 1851 392 2570 459">
     <span class='ocr_line' id='line_1_40' title="bbox 1851 392 2570 459; baseline 0 0"><span class='ocrx_word' id='word_1_273' title='bbox 1851 399 2196 459; x_wconf 85' lang='lat' dir='ltr'><strong>EUTHYMII</strong></span> <span class='ocrx_word' id='word_1_274' title='bbox 2235 392 2570 459; x_wconf 84' lang='lat' dir='ltr'><strong>ZIGABENI</strong></span> 
     </span>
    </p>
   </div>
   <div class='ocr_carea' id='block_1_41' title="bbox 3764 388 3946 449">
    <p class='ocr_par' dir='ltr' id='par_1_41' title="bbox 3764 388 3946 449">
     <span class='ocr_line' id='line_1_41' title="bbox 3764 388 3946 449; baseline -0.016 0"><span class='ocrx_word' id='word_1_275' title='bbox 3764 388 3946 449; x_wconf 76' lang='lat' dir='ltr'><strong>i280</strong></span> 
     </span>
    </p>
   </div>
   <div class='ocr_carea' id='block_1_42' title="bbox 2371 522 3942 604">
    <p class='ocr_par' dir='ltr' id='par_1_42' title="bbox 2371 522 3942 604">
     <span class='ocr_line' id='line_1_42' title="bbox 2371 522 3942 604; baseline -0.009 -21"><span class='ocrx_word' id='word_1_276' title='bbox 2371 530 2754 604; x_wconf 74' lang='grc' dir='ltr'><strong>Ἀπεκρίθησαν</strong></span> <span class='ocrx_word' id='word_1_277' title='bbox 2778 559 2848 570; x_wconf 91' lang='lat'><strong>-—-</strong></span> <span class='ocrx_word' id='word_1_278' title='bbox 2876 527 3205 585; x_wconf 75' lang='grc' dir='ltr'><strong>πεπλάνησθε</strong></span> <span class='ocrx_word' id='word_1_279' title='bbox 3237 523 3408 596; x_wconf 89' lang='grc' dir='ltr'>;”Ορα</span> <span class='ocrx_word' id='word_1_280' title='bbox 3435 523 3623 595; x_wconf 75' lang='grc' dir='ltr'>φθόνου</span> <span class='ocrx_word' id='word_1_281' title='bbox 3683 522 3942 592; x_wconf 71' lang='grc' dir='ltr'>μανίαν.</span> 
     </span>
    </p>
   </div>
   <div class='ocr_carea' id='block_1_43' title="bbox 2297 605 3943 693">
    <p class='ocr_par' dir='ltr' id='par_1_43' title="bbox 2297 605 3943 693">
     <span class='ocr_line' id='line_1_43' title="bbox 2297 605 3943 693; baseline -0.009 -21"><span class='ocrx_word' id='word_1_282' title='bbox 2297 622 2413 672; x_wconf 82' lang='grc' dir='ltr'>Δέον</span> <span class='ocrx_word' id='word_1_283' title='bbox 2438 622 2537 693; x_wconf 85' lang='grc' dir='ltr'><strong>γὰρ</strong></span> <span class='ocrx_word' id='word_1_284' title='bbox 2585 622 2844 692; x_wconf 70' lang='grc' dir='ltr'>ἐρωτῆσαι</span> <span class='ocrx_word' id='word_1_285' title='bbox 2872 623 2961 671; x_wconf 85' lang='grc' dir='ltr'>καὶ</span> <span class='ocrx_word' id='word_1_286' title='bbox 3008 618 3187 688; x_wconf 78' lang='grc' dir='ltr'><strong>μαθεῖν</strong></span> <span class='ocrx_word' id='word_1_287' title='bbox 3215 619 3268 667; x_wconf 85' lang='grc' dir='ltr'><strong>τί</strong></span> <span class='ocrx_word' id='word_1_288' title='bbox 3306 612 3570 679; x_wconf 72' lang='grc' dir='ltr'>ἐλάλησεν,</span> <span class='ocrx_word' id='word_1_289' title='bbox 3621 611 3676 662; x_wconf 81' lang='grc' dir='ltr'>οἱ</span> <span class='ocrx_word' id='word_1_290' title='bbox 3708 605 3777 661; x_wconf 64' lang='grc' dir='ltr'><strong>δὲ</strong></span> <span class='ocrx_word' id='word_1_291' title='bbox 3818 606 3943 660; x_wconf 67' lang='grc' dir='ltr'>οὐκ</span> 
     </span>
    </p>
   </div>
   <div class='ocr_carea' id='block_1_44' title="bbox 2295 692 3942 782">
    <p class='ocr_par' dir='ltr' id='par_1_44' title="bbox 2295 692 3942 782">
     <span class='ocr_line' id='line_1_44' title="bbox 2295 692 3942 782; baseline -0.008 -22"><span class='ocrx_word' id='word_1_292' title='bbox 2295 713 2565 782; x_wconf 81' lang='grc' dir='ltr'>νέσχοντο,</span> <span class='ocrx_word' id='word_1_293' title='bbox 2622 707 2727 760; x_wconf 80' lang='grc' dir='ltr'>ἀλλ’</span> <span class='ocrx_word' id='word_1_294' title='bbox 2768 708 2919 768; x_wconf 69' lang='grc' dir='ltr'>εὐθὺς</span> <span class='ocrx_word' id='word_1_295' title='bbox 2947 706 3315 758; x_wconf 78' lang='grc' dir='ltr'><strong>κολακεύουσιν</strong></span> <span class='ocrx_word' id='word_1_296' title='bbox 3346 701 3533 760; x_wconf 75' lang='grc' dir='ltr'>αὐτοὺς</span> <span class='ocrx_word' id='word_1_297' title='bbox 3580 701 3661 751; x_wconf 77' lang='grc' dir='ltr'>ἔτι</span> <span class='ocrx_word' id='word_1_298' title='bbox 3719 692 3942 769; x_wconf 72' lang='grc' dir='ltr'>φειδό-</span> 
     </span>
    </p>
   </div>
   <div class='ocr_carea' id='block_1_45' title="bbox 2297 785 3940 871">
    <p class='ocr_par' dir='ltr' id='par_1_45' title="bbox 2297 785 3940 871">
     <span class='ocr_line' id='line_1_45' title="bbox 2297 785 3940 871; baseline -0.009 -21"><span class='ocrx_word' id='word_1_299' title='bbox 2297 817 2456 871; x_wconf 81' lang='grc' dir='ltr'><strong>μενοι,</strong></span> <span class='ocrx_word' id='word_1_300' title='bbox 2490 801 2577 850; x_wconf 82' lang='grc' dir='ltr'><strong>καὶ</strong></span> <span class='ocrx_word' id='word_1_301' title='bbox 2600 798 2691 850; x_wconf 66' lang='grc' dir='ltr'>οὐκ</span> <span class='ocrx_word' id='word_1_302' title='bbox 2723 796 2984 870; x_wconf 78' lang='grc' dir='ltr'>αὐστηρίᾳ</span> <span class='ocrx_word' id='word_1_303' title='bbox 3011 802 3268 867; x_wconf 77' lang='grc' dir='ltr'>χρῶνται,</span> <span class='ocrx_word' id='word_1_304' title='bbox 3300 786 3594 850; x_wconf 77' lang='grc' dir='ltr'><strong>δεδοικότες</strong></span> <span class='ocrx_word' id='word_1_305' title='bbox 3621 791 3697 860; x_wconf 76' lang='grc' dir='ltr'>μή</span> <span class='ocrx_word' id='word_1_306' title='bbox 3731 785 3940 838; x_wconf 69' lang='grc' dir='ltr'>τέλεον</span> 
     </span>
    </p>
   </div>
   <div class='ocr_carea' id='block_1_46' title="bbox 2299 886 2823 959">
    <p class='ocr_par' dir='ltr' id='par_1_46' title="bbox 2299 886 2823 959">
     <span class='ocr_line' id='line_1_46' title="bbox 2299 886 2823 959; baseline -0.002 -21"><span class='ocrx_word' id='word_1_307' title='bbox 2299 886 2438 958; x_wconf 81' lang='grc' dir='ltr'>αὐτῷ</span> <span class='ocrx_word' id='word_1_308' title='bbox 2475 888 2823 959; x_wconf 83' lang='grc' dir='ltr'>προστεθῶσι.</span> 
     </span>
    </p>
   </div>
   <div class='ocr_carea' id='block_1_47' title="bbox 2370 1054 3929 1135">
    <p class='ocr_par' dir='ltr' id='par_1_47' title="bbox 2370 1054 3929 1135">
     <span class='ocr_line' id='line_1_47' title="bbox 2370 1054 3929 1135; baseline -0.012 -16"><span class='ocrx_word' id='word_1_309' title='bbox 2370 1070 2455 1123; x_wconf 84' lang='grc' dir='ltr'><strong>Μή</strong></span> <span class='ocrx_word' id='word_1_310' title='bbox 2491 1084 2569 1126; x_wconf 86' lang='grc' dir='ltr'><strong>τις</strong></span> <span class='ocrx_word' id='word_1_311' title='bbox 2609 1095 2677 1105; x_wconf 91' lang='grc'><strong><em>-</em></strong></span> <span class='ocrx_word' id='word_1_312' title='bbox 2704 1067 2876 1135; x_wconf 87' lang='grc' dir='ltr'>νόμον.</span> <span class='ocrx_word' id='word_1_313' title='bbox 2909 1064 3049 1119; x_wconf 78' lang='grc' dir='ltr'>Αὕτη</span> <span class='ocrx_word' id='word_1_314' title='bbox 3090 1057 3277 1132; x_wconf 83' lang='grc' dir='ltr'>μᾶλλον</span> <span class='ocrx_word' id='word_1_315' title='bbox 3308 1058 3338 1115; x_wconf 85' lang='grc' dir='ltr'><strong>ἠ</strong></span> <span class='ocrx_word' id='word_1_316' title='bbox 3378 1054 3571 1128; x_wconf 81' lang='grc' dir='ltr'>μείζων</span> <span class='ocrx_word' id='word_1_317' title='bbox 3601 1056 3929 1123; x_wconf 71' lang='grc' dir='ltr'><strong>κατηγορία</strong></span> 
     </span>
    </p>
   </div>
   <div class='ocr_carea' id='block_1_48' title="bbox 2301 1138 3915 1226">
    <p class='ocr_par' dir='ltr' id='par_1_48' title="bbox 2301 1138 3915 1226">
     <span class='ocr_line' id='line_1_48' title="bbox 2301 1138 3915 1226; baseline -0.007 -19"><span class='ocrx_word' id='word_1_318' title='bbox 2301 1156 2461 1226; x_wconf 77' lang='grc' dir='ltr'>ὑμῶν,</span> <span class='ocrx_word' id='word_1_319' title='bbox 2495 1154 2576 1206; x_wconf 86' lang='grc' dir='ltr'>ὅτι</span> <span class='ocrx_word' id='word_1_320' title='bbox 2599 1154 2625 1205; x_wconf 99' lang='lat'><strong>6</strong></span> <span class='ocrx_word' id='word_1_321' title='bbox 2652 1155 2740 1225; x_wconf 70' lang='grc' dir='ltr'><strong>μεν</strong></span> <span class='ocrx_word' id='word_1_322' title='bbox 2793 1150 2950 1223; x_wconf 77' lang='grc' dir='ltr'>ὄχλος</span> <span class='ocrx_word' id='word_1_323' title='bbox 2984 1148 3306 1213; x_wconf 76' lang='grc' dir='ltr'><strong>ἐπίστευσεν,</strong></span> <span class='ocrx_word' id='word_1_324' title='bbox 3344 1147 3491 1218; x_wconf 82' lang='grc' dir='ltr'><strong>ὑμεῖς</strong></span> <span class='ocrx_word' id='word_1_325' title='bbox 3559 1138 3619 1195; x_wconf 68' lang='grc' dir='ltr'><strong>δί</strong></span> <span class='ocrx_word' id='word_1_326' title='bbox 3672 1142 3915 1200; x_wconf 68' lang='grc' dir='ltr'>ἠπιστέ-</span> 
     </span>
    </p>
   </div>
   <div class='ocr_carea' id='block_1_49' title="bbox 2301 1230 3918 1314">
    <p class='ocr_par' dir='ltr' id='par_1_49' title="bbox 2301 1230 3918 1314">
     <span class='ocr_line' id='line_1_49' title="bbox 2301 1230 3918 1314; baseline -0.011 -18"><span class='ocrx_word' id='word_1_327' title='bbox 2301 1262 2441 1297; x_wconf 88' lang='grc' dir='ltr'>κατε.</span> <span class='ocrx_word' id='word_1_328' title='bbox 2494 1246 2664 1314; x_wconf 90' lang='grc' dir='ltr'>Νόμον</span> <span class='ocrx_word' id='word_1_329' title='bbox 2715 1237 2774 1294; x_wconf 67' lang='grc' dir='ltr'><strong>δὲ</strong></span> <span class='ocrx_word' id='word_1_330' title='bbox 2826 1240 3048 1293; x_wconf 69' lang='grc' dir='ltr'>ἐνταῦθα</span> <span class='ocrx_word' id='word_1_331' title='bbox 3110 1237 3323 1309; x_wconf 75' lang='grc' dir='ltr'>λέγουσι</span> <span class='ocrx_word' id='word_1_332' title='bbox 3358 1239 3448 1293; x_wconf 77' lang='grc' dir='ltr'>τὴν</span> <span class='ocrx_word' id='word_1_333' title='bbox 3524 1230 3648 1288; x_wconf 82' lang='grc' dir='ltr'>ὅλην</span> <span class='ocrx_word' id='word_1_334' title='bbox 3693 1234 3918 1305; x_wconf 54' lang='grc' dir='ltr'>Γραγὴτ</span> 
     </span>
    </p>
   </div>
   <div class='ocr_carea' id='block_1_50' title="bbox 2303 1332 2494 1394">
    <p class='ocr_par' dir='ltr' id='par_1_50' title="bbox 2303 1332 2494 1394">
     <span class='ocr_line' id='line_1_50' title="bbox 2303 1332 2494 1394; baseline -0.01 -10"><span class='ocrx_word' id='word_1_335' title='bbox 2303 1332 2447 1385; x_wconf 83' lang='grc' dir='ltr'>ἁπλώ</span> <span class='ocrx_word' id='word_1_336' title='bbox 2456 1353 2494 1394; x_wconf 92' lang='grc' dir='ltr'>ς.</span> 
     </span>
    </p>
   </div>
   <div class='ocr_carea' id='block_1_51' title="bbox 2375 1409 3930 1495">
    <p class='ocr_par' dir='ltr' id='par_1_51' title="bbox 2375 1409 3930 1495">
     <span class='ocr_line' id='line_1_51' title="bbox 2375 1409 3930 1495; baseline -0.01 -21"><span class='ocrx_word' id='word_1_337' title='bbox 2375 1421 2776 1495; x_wconf 75' lang='grc' dir='ltr'>Ἐπιιιατάρατοί</span> <span class='ocrx_word' id='word_1_338' title='bbox 2809 1418 2937 1475; x_wconf 81' lang='grc' dir='ltr'>εἰσι,</span> <span class='ocrx_word' id='word_1_339' title='bbox 2982 1420 3081 1470; x_wconf 80' lang='grc' dir='ltr'><strong>Καὶ</strong></span> <span class='ocrx_word' id='word_1_340' title='bbox 3105 1419 3207 1489; x_wconf 80' lang='grc' dir='ltr'>μὴν</span> <span class='ocrx_word' id='word_1_341' title='bbox 3233 1416 3258 1466; x_wconf 91' lang='grc' dir='ltr'><strong>ό</strong></span> <span class='ocrx_word' id='word_1_342' title='bbox 3277 1417 3429 1486; x_wconf 84' lang='grc' dir='ltr'>νόμος</span> <span class='ocrx_word' id='word_1_343' title='bbox 3467 1409 3930 1482; x_wconf 67' lang='grc' dir='ltr'>ἐπικπηράσατό</span> 
     </span>
    </p>
   </div>
   <div class='ocr_carea' id='block_1_52' title="bbox 2303 1497 3939 1579">
    <p class='ocr_par' dir='ltr' id='par_1_52' title="bbox 2303 1497 3939 1579">
     <span class='ocr_line' id='line_1_52' title="bbox 2303 1497 3939 1579; baseline -0.01 -16"><span class='ocrx_word' id='word_1_344' title='bbox 2303 1518 2410 1572; x_wconf 86' lang='grc' dir='ltr'>τοῖς</span> <span class='ocrx_word' id='word_1_345' title='bbox 2454 1509 2697 1562; x_wconf 59' lang='lat' dir='ltr'><strong>eamea;</strong></span> <span class='ocrx_word' id='word_1_346' title='bbox 2725 1511 2812 1560; x_wconf 85' lang='grc' dir='ltr'><strong>τόν</strong></span> <span class='ocrx_word' id='word_1_347' title='bbox 2841 1510 2995 1579; x_wconf 88' lang='grc' dir='ltr'>νόμον</span> <span class='ocrx_word' id='word_1_348' title='bbox 3027 1522 3039 1535; x_wconf 75' lang='lat'>&#39;</span> <span class='ocrx_word' id='word_1_349' title='bbox 3087 1507 3234 1576; x_wconf 78' lang='grc' dir='ltr'>ὑμεῖς</span> <span class='ocrx_word' id='word_1_350' title='bbox 3292 1498 3379 1555; x_wconf 85' lang='grc' dir='ltr'>οὖν</span> <span class='ocrx_word' id='word_1_351' title='bbox 3426 1499 3815 1572; x_wconf 77' lang='grc' dir='ltr'>ἓπικατοίρατοι</span> <span class='ocrx_word' id='word_1_352' title='bbox 3879 1497 3939 1547; x_wconf 84' lang='grc' dir='ltr'>οἱ</span> 
     </span>
    </p>
   </div>
   <div class='ocr_carea' id='block_1_53' title="bbox 2303 1588 3939 1668">
    <p class='ocr_par' dir='ltr' id='par_1_53' title="bbox 2303 1588 3939 1668">
     <span class='ocr_line' id='line_1_53' title="bbox 2303 1588 3939 1668; baseline -0.009 -17"><span class='ocrx_word' id='word_1_353' title='bbox 2303 1597 2595 1658; x_wconf 72' lang='grc' dir='ltr'><strong>ἀθετοῦντες</strong></span> <span class='ocrx_word' id='word_1_354' title='bbox 2623 1601 2709 1650; x_wconf 87' lang='grc' dir='ltr'><strong>τόν</strong></span> <span class='ocrx_word' id='word_1_355' title='bbox 2767 1601 2919 1668; x_wconf 89' lang='grc' dir='ltr'>νόμον</span> <span class='ocrx_word' id='word_1_356' title='bbox 2972 1616 2984 1628; x_wconf 94' lang='grc'><strong>·</strong></span> <span class='ocrx_word' id='word_1_357' title='bbox 3016 1593 3196 1646; x_wconf 77' lang='grc' dir='ltr'>ἐκεῖνοι</span> <span class='ocrx_word' id='word_1_358' title='bbox 3248 1588 3307 1644; x_wconf 76' lang='grc' dir='ltr'>δε</span> <span class='ocrx_word' id='word_1_359' title='bbox 3353 1597 3577 1665; x_wconf 71' lang='grc' dir='ltr'>τηροῦσι</span> <span class='ocrx_word' id='word_1_360' title='bbox 3615 1591 3708 1639; x_wconf 87' lang='grc' dir='ltr'>τὸν</span> <span class='ocrx_word' id='word_1_361' title='bbox 3752 1590 3939 1657; x_wconf 76' lang='grc' dir='ltr'>νόμον</span> 
     </span>
    </p>
   </div>
   <div class='ocr_carea' id='block_1_54' title="bbox 2303 1676 3943 1752">
    <p class='ocr_par' dir='ltr' id='par_1_54' title="bbox 2303 1676 3943 1752">
     <span class='ocr_line' id='line_1_54' title="bbox 2303 1676 3943 1752; baseline -0.01 -10"><span class='ocrx_word' id='word_1_362' title='bbox 2303 1691 2630 1748; x_wconf 76' lang='grc' dir='ltr'><strong>πιστεύοντες</strong></span> <span class='ocrx_word' id='word_1_363' title='bbox 2667 1685 2740 1747; x_wconf 85' lang='grc' dir='ltr'><strong>εἰς</strong></span> <span class='ocrx_word' id='word_1_364' title='bbox 2782 1684 2937 1738; x_wconf 75' lang='grc' dir='ltr'>αὐτόν</span> <span class='ocrx_word' id='word_1_365' title='bbox 2971 1701 2984 1714; x_wconf 90' lang='grc'><strong>·</strong></span> <span class='ocrx_word' id='word_1_366' title='bbox 3017 1682 3208 1735; x_wconf 78' lang='grc' dir='ltr'>κελεύει</span> <span class='ocrx_word' id='word_1_367' title='bbox 3247 1682 3349 1752; x_wconf 73' lang='grc' dir='ltr'><strong>γὰρ</strong></span> <span class='ocrx_word' id='word_1_368' title='bbox 3376 1680 3403 1731; x_wconf 91' lang='lat'><strong>6</strong></span> <span class='ocrx_word' id='word_1_369' title='bbox 3457 1682 3614 1750; x_wconf 82' lang='grc' dir='ltr'>νόμος</span> <span class='ocrx_word' id='word_1_370' title='bbox 3640 1676 3943 1728; x_wconf 74' lang='grc' dir='ltr'><strong>πιστεύειν</strong></span> 
     </span>
    </p>
   </div>
   <div class='ocr_carea' id='block_1_55' title="bbox 2305 1778 2659 1840">
    <p class='ocr_par' dir='ltr' id='par_1_55' title="bbox 2305 1778 2659 1840">
     <span class='ocr_line' id='line_1_55' title="bbox 2305 1778 2659 1840; baseline -0.014 -8"><span class='ocrx_word' id='word_1_371' title='bbox 2305 1778 2377 1840; x_wconf 88' lang='grc' dir='ltr'><strong>εἰς</strong></span> <span class='ocrx_word' id='word_1_372' title='bbox 2397 1781 2483 1830; x_wconf 89' lang='grc' dir='ltr'>τὸν</span> <span class='ocrx_word' id='word_1_373' title='bbox 2510 1780 2659 1832; x_wconf 84' lang='grc' dir='ltr'>Θεὸν,</span> 
     </span>
    </p>
   </div>
   <div class='ocr_carea' id='block_1_56' title="bbox 2967 1855 3945 1926">
    <p class='ocr_par' dir='ltr' id='par_1_56' title="bbox 2967 1855 3945 1926">
     <span class='ocr_line' id='line_1_56' title="bbox 2967 1855 3945 1926; baseline -0.012 -11"><span class='ocrx_word' id='word_1_374' title='bbox 2967 1865 3036 1915; x_wconf 84' lang='grc' dir='ltr'>Τό</span> <span class='ocrx_word' id='word_1_375' title='bbox 3066 1860 3150 1922; x_wconf 83' lang='grc' dir='ltr'><strong>Εἷς</strong></span> <span class='ocrx_word' id='word_1_376' title='bbox 3197 1859 3264 1911; x_wconf 82' lang='grc' dir='ltr'>ὢν</span> <span class='ocrx_word' id='word_1_377' title='bbox 3319 1857 3373 1921; x_wconf 77' lang='grc' dir='ltr'><strong>ἐξ</strong></span> <span class='ocrx_word' id='word_1_378' title='bbox 3420 1856 3588 1909; x_wconf 76' lang='grc' dir='ltr'>αὐτῶν</span> <span class='ocrx_word' id='word_1_379' title='bbox 3643 1855 3945 1926; x_wconf 69' lang='grc' dir='ltr'><strong>προσέθη⁹</strong></span> 
     </span>
    </p>
   </div>
   <div class='ocr_carea' id='block_1_57' title="bbox 2307 1940 3937 2027">
    <p class='ocr_par' dir='ltr' id='par_1_57' title="bbox 2307 1940 3937 2027">
     <span class='ocr_line' id='line_1_57' title="bbox 2307 1940 3937 2027; baseline -0.012 -17"><span class='ocrx_word' id='word_1_380' title='bbox 2307 1958 2441 2010; x_wconf 87' lang='grc' dir='ltr'>κενό</span> <span class='ocrx_word' id='word_1_381' title='bbox 2486 1954 2875 2027; x_wconf 73' lang='grc' dir='ltr'>εὐαγγελιστὴς,</span> <span class='ocrx_word' id='word_1_382' title='bbox 2933 1947 3139 2011; x_wconf 81' lang='grc' dir='ltr'>δεικνὺς</span> <span class='ocrx_word' id='word_1_383' title='bbox 3197 1950 3279 2000; x_wconf 89' lang='grc' dir='ltr'>ὃτι</span> <span class='ocrx_word' id='word_1_384' title='bbox 3322 1951 3414 1999; x_wconf 89' lang='grc' dir='ltr'><strong>καί</strong></span> <span class='ocrx_word' id='word_1_385' title='bbox 3467 1963 3598 2005; x_wconf 88' lang='grc' dir='ltr'>τινες</span> <span class='ocrx_word' id='word_1_386' title='bbox 3654 1951 3759 1995; x_wconf 84' lang='grc' dir='ltr'>τῶν</span> <span class='ocrx_word' id='word_1_387' title='bbox 3825 1940 3937 2016; x_wconf 75' lang='grc' dir='ltr'><strong>ἀρ-</strong></span> 
     </span>
    </p>
   </div>
   <div class='ocr_carea' id='block_1_58' title="bbox 2309 2027 3936 2118">
    <p class='ocr_par' dir='ltr' id='par_1_58' title="bbox 2309 2027 3936 2118">
     <span class='ocr_line' id='line_1_58' title="bbox 2309 2027 3936 2118; baseline -0.011 -19"><span class='ocrx_word' id='word_1_388' title='bbox 2309 2052 2510 2118; x_wconf 81' lang='grc' dir='ltr'>χόντων</span> <span class='ocrx_word' id='word_1_389' title='bbox 2560 2044 2891 2105; x_wconf 71' lang='grc' dir='ltr'>ἐπίστευσαν,</span> <span class='ocrx_word' id='word_1_390' title='bbox 2952 2040 2995 2093; x_wconf 88' lang='grc' dir='ltr'>εἰ</span> <span class='ocrx_word' id='word_1_391' title='bbox 3048 2044 3138 2090; x_wconf 82' lang='grc' dir='ltr'>καὶ</span> <span class='ocrx_word' id='word_1_392' title='bbox 3195 2037 3346 2090; x_wconf 76' lang='grc' dir='ltr'>αὐτοὶ</span> <span class='ocrx_word' id='word_1_393' title='bbox 3416 2032 3554 2088; x_wconf 85' lang='grc' dir='ltr'>εἶπον</span> <span class='ocrx_word' id='word_1_394' title='bbox 3608 2034 3689 2084; x_wconf 87' lang='grc' dir='ltr'>ὅτι</span> <span class='ocrx_word' id='word_1_395' title='bbox 3735 2027 3936 2090; x_wconf 76' lang='grc' dir='ltr'>οὐδεὶς</span> 
     </span>
    </p>
   </div>
   <div class='ocr_carea' id='block_1_59' title="bbox 2311 2117 3934 2207">
    <p class='ocr_par' dir='ltr' id='par_1_59' title="bbox 2311 2117 3934 2207">
     <span class='ocr_line' id='line_1_59' title="bbox 2311 2117 3934 2207; baseline -0.011 -19"><span class='ocrx_word' id='word_1_396' title='bbox 2311 2145 2410 2189; x_wconf 86' lang='grc' dir='ltr'>τῶν</span> <span class='ocrx_word' id='word_1_397' title='bbox 2463 2135 2730 2207; x_wconf 79' lang='grc' dir='ltr'><strong>ἀρχόντων</strong></span> <span class='ocrx_word' id='word_1_398' title='bbox 2791 2135 3090 2184; x_wconf 78' lang='grc' dir='ltr'><strong>ἐπίστευσεν</strong></span> <span class='ocrx_word' id='word_1_399' title='bbox 3140 2127 3211 2188; x_wconf 85' lang='grc' dir='ltr'><strong>εἰς</strong></span> <span class='ocrx_word' id='word_1_400' title='bbox 3276 2125 3448 2178; x_wconf 74' lang='grc' dir='ltr'>αὐτόν.</span> <span class='ocrx_word' id='word_1_401' title='bbox 3515 2122 3760 2193; x_wconf 78' lang='grc' dir='ltr'>Ἐλέγχει</span> <span class='ocrx_word' id='word_1_402' title='bbox 3829 2117 3934 2172; x_wconf 72' lang='grc' dir='ltr'>οὖν</span> 
     </span>
    </p>
   </div>
   <div class='ocr_carea' id='block_1_60' title="bbox 2314 2209 3934 2294">
    <p class='ocr_par' dir='ltr' id='par_1_60' title="bbox 2314 2209 3934 2294">
     <span class='ocr_line' id='line_1_60' title="bbox 2314 2209 3934 2294; baseline -0.012 -15"><span class='ocrx_word' id='word_1_403' title='bbox 2314 2226 2499 2286; x_wconf 77' lang='grc' dir='ltr'>αὐτοὺς</span> <span class='ocrx_word' id='word_1_404' title='bbox 2524 2226 2550 2276; x_wconf 91' lang='lat'><strong>6</strong></span> <span class='ocrx_word' id='word_1_405' title='bbox 2581 2219 2883 2294; x_wconf 81' lang='grc' dir='ltr'><strong>Νικόδημος</strong></span> <span class='ocrx_word' id='word_1_406' title='bbox 2934 2216 3240 2294; x_wconf 79' lang='grc' dir='ltr'>παραϐάτας</span> <span class='ocrx_word' id='word_1_407' title='bbox 3296 2222 3386 2267; x_wconf 87' lang='grc' dir='ltr'>τοῦ</span> <span class='ocrx_word' id='word_1_408' title='bbox 3437 2217 3619 2284; x_wconf 84' lang='grc' dir='ltr'>νόμον,</span> <span class='ocrx_word' id='word_1_409' title='bbox 3669 2210 3809 2267; x_wconf 80' lang='grc' dir='ltr'>πλὴν</span> <span class='ocrx_word' id='word_1_410' title='bbox 3845 2209 3934 2261; x_wconf 76' lang='grc' dir='ltr'>λε-</span> 
     </span>
    </p>
   </div>
   <div class='ocr_carea' id='block_1_61' title="bbox 2313 2302 3933 2385">
    <p class='ocr_par' dir='ltr' id='par_1_61' title="bbox 2313 2302 3933 2385">
     <span class='ocr_line' id='line_1_61' title="bbox 2313 2302 3933 2385; baseline -0.013 -16"><span class='ocrx_word' id='word_1_411' title='bbox 2313 2315 2546 2376; x_wconf 87' lang='grc' dir='ltr'>ληθότως</span> <span class='ocrx_word' id='word_1_412' title='bbox 2579 2317 2670 2366; x_wconf 81' lang='grc' dir='ltr'>καὶ</span> <span class='ocrx_word' id='word_1_413' title='bbox 2707 2313 2836 2385; x_wconf 85' lang='grc' dir='ltr'>μετὰ</span> <span class='ocrx_word' id='word_1_414' title='bbox 2891 2305 3101 2381; x_wconf 74' lang='grc' dir='ltr'>φειδοῦς</span> <span class='ocrx_word' id='word_1_415' title='bbox 3132 2325 3145 2338; x_wconf 76' lang='grc' dir='ltr'><strong><em>ο</em></strong></span> <span class='ocrx_word' id='word_1_416' title='bbox 3179 2308 3321 2357; x_wconf 81' lang='grc' dir='ltr'>οὔπω</span> <span class='ocrx_word' id='word_1_417' title='bbox 3370 2305 3470 2374; x_wconf 80' lang='grc' dir='ltr'>γὰρ</span> <span class='ocrx_word' id='word_1_418' title='bbox 3533 2304 3633 2358; x_wconf 78' lang='grc' dir='ltr'>τὴν</span> <span class='ocrx_word' id='word_1_419' title='bbox 3695 2302 3933 2373; x_wconf 71' lang='grc' dir='ltr'>προσ-ἠ·-</span> 
     </span>
    </p>
   </div>
   <div class='ocr_carea' id='block_1_62' title="bbox 2314 2388 3929 2475">
    <p class='ocr_par' dir='ltr' id='par_1_62' title="bbox 2314 2388 3929 2475">
     <span class='ocr_line' id='line_1_62' title="bbox 2314 2388 3929 2475; baseline -0.011 -18"><span class='ocrx_word' id='word_1_420' title='bbox 2314 2424 2509 2457; x_wconf 89' lang='grc' dir='ltr'>κουσαν</span> <span class='ocrx_word' id='word_1_421' title='bbox 2549 2399 2661 2475; x_wconf 82' lang='grc' dir='ltr'>εἶχε</span> <span class='ocrx_word' id='word_1_422' title='bbox 2719 2398 3033 2474; x_wconf 77' lang='grc' dir='ltr'>παρρησίαν.</span> <span class='ocrx_word' id='word_1_423' title='bbox 3068 2395 3128 2449; x_wconf 86' lang='grc' dir='ltr'>Εἰ</span> <span class='ocrx_word' id='word_1_424' title='bbox 3159 2397 3261 2467; x_wconf 79' lang='grc' dir='ltr'><strong>γὰρ</strong></span> <span class='ocrx_word' id='word_1_425' title='bbox 3303 2393 3329 2444; x_wconf 94' lang='lat'><strong>6</strong></span> <span class='ocrx_word' id='word_1_426' title='bbox 3366 2395 3518 2463; x_wconf 86' lang='grc' dir='ltr'>νόμος</span> <span class='ocrx_word' id='word_1_427' title='bbox 3557 2388 3619 2441; x_wconf 74' lang='grc' dir='ltr'>οὐ</span> <span class='ocrx_word' id='word_1_428' title='bbox 3650 2391 3929 2461; x_wconf 83' lang='grc' dir='ltr'>κατακρί-</span> 
     </span>
    </p>
   </div>
   <div class='ocr_carea' id='block_1_63' title="bbox 2314 2475 3927 2566">
    <p class='ocr_par' dir='ltr' id='par_1_63' title="bbox 2314 2475 3927 2566">
     <span class='ocr_line' id='line_1_63' title="bbox 2314 2475 3927 2566; baseline -0.012 -21"><span class='ocrx_word' id='word_1_429' title='bbox 2314 2513 2387 2547; x_wconf 84' lang='grc' dir='ltr'><strong>νει</strong></span> <span class='ocrx_word' id='word_1_430' title='bbox 2407 2495 2507 2566; x_wconf 87' lang='grc' dir='ltr'>πρό</span> <span class='ocrx_word' id='word_1_431' title='bbox 2556 2498 2645 2545; x_wconf 87' lang='grc' dir='ltr'>τοῦ</span> <span class='ocrx_word' id='word_1_432' title='bbox 2676 2489 2900 2542; x_wconf 76' lang='grc' dir='ltr'>ἀκοῦσαι</span> <span class='ocrx_word' id='word_1_433' title='bbox 2929 2491 3019 2538; x_wconf 85' lang='grc' dir='ltr'>καὶ</span> <span class='ocrx_word' id='word_1_434' title='bbox 3051 2492 3262 2557; x_wconf 83' lang='grc' dir='ltr'>γνῶναι,</span> <span class='ocrx_word' id='word_1_435' title='bbox 3298 2480 3444 2533; x_wconf 75' lang='grc' dir='ltr'>αὐτοὶ</span> <span class='ocrx_word' id='word_1_436' title='bbox 3505 2475 3564 2531; x_wconf 59' lang='grc' dir='ltr'>δε</span> <span class='ocrx_word' id='word_1_437' title='bbox 3601 2480 3927 2549; x_wconf 74' lang='grc' dir='ltr'>κατέκριναν</span> 
     </span>
    </p>
   </div>
   <div class='ocr_carea' id='block_1_64' title="bbox 2317 2566 3926 2654">
    <p class='ocr_par' dir='ltr' id='par_1_64' title="bbox 2317 2566 3926 2654">
     <span class='ocr_line' id='line_1_64' title="bbox 2317 2566 3926 2654; baseline -0.013 -18"><span class='ocrx_word' id='word_1_438' title='bbox 2317 2583 2470 2635; x_wconf 75' lang='grc' dir='ltr'>αὐτόν</span> <span class='ocrx_word' id='word_1_439' title='bbox 2496 2584 2597 2654; x_wconf 84' lang='grc' dir='ltr'>πρὸ</span> <span class='ocrx_word' id='word_1_440' title='bbox 2643 2579 2798 2651; x_wconf 88' lang='grc' dir='ltr'>λόγου</span> <span class='ocrx_word' id='word_1_441' title='bbox 2827 2581 2917 2629; x_wconf 85' lang='grc' dir='ltr'>καὶ</span> <span class='ocrx_word' id='word_1_442' title='bbox 2971 2572 3316 2646; x_wconf 68' lang='grc' dir='ltr'>διαγνώσεως,</span> <span class='ocrx_word' id='word_1_443' title='bbox 3348 2566 3653 2641; x_wconf 79' lang='grc' dir='ltr'>παρέϐησαν</span> <span class='ocrx_word' id='word_1_444' title='bbox 3689 2566 3801 2639; x_wconf 79' lang='grc' dir='ltr'>ἄρα</span> <span class='ocrx_word' id='word_1_445' title='bbox 3832 2566 3926 2616; x_wconf 81' lang='grc' dir='ltr'><strong>τόν</strong></span> 
     </span>
    </p>
   </div>
   <div class='ocr_carea' id='block_1_65' title="bbox 2314 2676 2485 2744">
    <p class='ocr_par' dir='ltr' id='par_1_65' title="bbox 2314 2676 2485 2744">
     <span class='ocr_line' id='line_1_65' title="bbox 2314 2676 2485 2744; baseline 0.012 -20"><span class='ocrx_word' id='word_1_446' title='bbox 2314 2676 2485 2744; x_wconf 88' lang='grc' dir='ltr'>νόμον.</span> 
     </span>
    </p>
   </div>
   <div class='ocr_carea' id='block_1_66' title="bbox 2389 2832 3913 2918">
    <p class='ocr_par' dir='ltr' id='par_1_66' title="bbox 2389 2832 3913 2918">
     <span class='ocr_line' id='line_1_66' title="bbox 2389 2832 3913 2918; baseline -0.013 -19"><span class='ocrx_word' id='word_1_447' title='bbox 2389 2845 2772 2918; x_wconf 81' lang='grc' dir='ltr'>’Δπεκρίθησαν</span> <span class='ocrx_word' id='word_1_448' title='bbox 2798 2872 2866 2881; x_wconf 90' lang='grc'><strong>-</strong></span> <span class='ocrx_word' id='word_1_449' title='bbox 2890 2836 2936 2892; x_wconf 85' lang='grc' dir='ltr'>εἶ</span> <span class='ocrx_word' id='word_1_450' title='bbox 2967 2854 2981 2906; x_wconf 89' lang='grc'><strong>;</strong></span> <span class='ocrx_word' id='word_1_451' title='bbox 3013 2842 3230 2903; x_wconf 81' lang='grc' dir='ltr'><strong>Μὴ,τῆς</strong></span> <span class='ocrx_word' id='word_1_452' title='bbox 3253 2834 3412 2894; x_wconf 78' lang='grc' dir='ltr'>αὐτῆς</span> <span class='ocrx_word' id='word_1_453' title='bbox 3442 2832 3584 2902; x_wconf 78' lang='grc' dir='ltr'>αὐτῷ</span> <span class='ocrx_word' id='word_1_454' title='bbox 3614 2835 3801 2905; x_wconf 75' lang='grc' dir='ltr'>χώρας</span> <span class='ocrx_word' id='word_1_455' title='bbox 3829 2832 3913 2880; x_wconf 77' lang='grc' dir='ltr'>καὶ</span> 
     </span>
    </p>
   </div>
   <div class='ocr_carea' id='block_1_67' title="bbox 2317 2920 3909 3009">
    <p class='ocr_par' dir='ltr' id='par_1_67' title="bbox 2317 2920 3909 3009">
     <span class='ocr_line' id='line_1_67' title="bbox 2317 2920 3909 3009; baseline -0.013 -20"><span class='ocrx_word' id='word_1_456' title='bbox 2317 2932 2567 3009; x_wconf 83' lang='grc' dir='ltr'>πατρίδος</span> <span class='ocrx_word' id='word_1_457' title='bbox 2610 2933 2698 2997; x_wconf 84' lang='grc' dir='ltr'><strong>ὧν,</strong></span> <span class='ocrx_word' id='word_1_458' title='bbox 2741 2927 2833 2983; x_wconf 81' lang='grc' dir='ltr'><strong>διὰ</strong></span> <span class='ocrx_word' id='word_1_459' title='bbox 2879 2936 3030 2982; x_wconf 83' lang='grc' dir='ltr'>τοῦτο</span> <span class='ocrx_word' id='word_1_460' title='bbox 3089 2925 3297 3000; x_wconf 82' lang='grc' dir='ltr'>βοηθεῖς</span> <span class='ocrx_word' id='word_1_461' title='bbox 3354 2922 3542 2992; x_wconf 71' lang='grc' dir='ltr'>αὐτῷς</span> <span class='ocrx_word' id='word_1_462' title='bbox 3600 2920 3754 2973; x_wconf 81' lang='grc' dir='ltr'>Βλέπε</span> <span class='ocrx_word' id='word_1_463' title='bbox 3800 2927 3909 2979; x_wconf 75' lang='grc' dir='ltr'>πῶς</span> 
     </span>
    </p>
   </div>
   <div class='ocr_carea' id='block_1_68' title="bbox 2238 3013 3578 3099">
    <p class='ocr_par' dir='ltr' id='par_1_68' title="bbox 2238 3013 3578 3099">
     <span class='ocr_line' id='line_1_68' title="bbox 2238 3013 3578 3099; baseline -0.01 -20"><span class='ocrx_word' id='word_1_464' title='bbox 2238 3031 2279 3087; x_wconf 86' lang='lat' dir='ltr'>C</span> <span class='ocrx_word' id='word_1_465' title='bbox 2318 3027 2680 3099; x_wconf 75' lang='grc' dir='ltr'>ἀγροικότερον</span> <span class='ocrx_word' id='word_1_466' title='bbox 2699 3023 2788 3073; x_wconf 84' lang='grc' dir='ltr'>καὶ</span> <span class='ocrx_word' id='word_1_467' title='bbox 2820 3021 3166 3090; x_wconf 79' lang='grc' dir='ltr'>θυμικώτερον</span> <span class='ocrx_word' id='word_1_468' title='bbox 3189 3013 3578 3086; x_wconf 84' lang='grc' dir='ltr'>ἀποκρίνονται.</span> 
     </span>
    </p>
   </div>
   <div class='ocr_carea' id='block_1_69' title="bbox 2390 3096 3882 3188">
    <p class='ocr_par' dir='ltr' id='par_1_69' title="bbox 2390 3096 3882 3188">
     <span class='ocr_line' id='line_1_69' title="bbox 2390 3096 3882 3188; baseline -0.016 -20"><span class='ocrx_word' id='word_1_469' title='bbox 2390 3096 2694 3188; x_wconf 77' lang='grc' dir='ltr'>Ἒρεύνησον</span> <span class='ocrx_word' id='word_1_470' title='bbox 2718 3140 2783 3149; x_wconf 89' lang='grc'><strong><em>-</em></strong></span> <span class='ocrx_word' id='word_1_471' title='bbox 2808 3106 3103 3182; x_wconf 76' lang='grc' dir='ltr'>ἐγήγερται.</span> <span class='ocrx_word' id='word_1_472' title='bbox 3132 3108 3226 3157; x_wconf 71' lang='grc' dir='ltr'><strong>Καὶ</strong></span> <span class='ocrx_word' id='word_1_473' title='bbox 3257 3106 3354 3175; x_wconf 79' lang='grc' dir='ltr'>μὴν</span> <span class='ocrx_word' id='word_1_474' title='bbox 3384 3100 3481 3153; x_wconf 75' lang='grc' dir='ltr'>οὐκ</span> <span class='ocrx_word' id='word_1_475' title='bbox 3522 3096 3654 3153; x_wconf 82' lang='grc' dir='ltr'>εἶπεν</span> <span class='ocrx_word' id='word_1_476' title='bbox 3676 3098 3742 3149; x_wconf 77' lang='grc' dir='ltr'>ὅτι</span> <span class='ocrx_word' id='word_1_477' title='bbox 3770 3098 3882 3167; x_wconf 69' lang='grc' dir='ltr'>προ-</span> 
     </span>
    </p>
   </div>
   <div class='ocr_carea' id='block_1_70' title="bbox 2322 3186 3899 3278">
    <p class='ocr_par' dir='ltr' id='par_1_70' title="bbox 2322 3186 3899 3278">
     <span class='ocr_line' id='line_1_70' title="bbox 2322 3186 3899 3278; baseline -0.014 -22"><span class='ocrx_word' id='word_1_478' title='bbox 2322 3186 2487 3278; x_wconf 73' lang='grc' dir='ltr'>φὴτης</span> <span class='ocrx_word' id='word_1_479' title='bbox 2518 3204 2676 3265; x_wconf 75' lang='grc' dir='ltr'>εστὶν,</span> <span class='ocrx_word' id='word_1_480' title='bbox 2712 3196 2818 3250; x_wconf 78' lang='grc' dir='ltr'>ἀλλ’</span> <span class='ocrx_word' id='word_1_481' title='bbox 2850 3199 2929 3248; x_wconf 85' lang='grc' dir='ltr'>ὅτι</span> <span class='ocrx_word' id='word_1_482' title='bbox 2957 3194 3337 3266; x_wconf 82' lang='grc' dir='ltr'>κατακριθῆναι</span> <span class='ocrx_word' id='word_1_483' title='bbox 3376 3188 3532 3242; x_wconf 72' lang='grc' dir='ltr'>αὐτόν</span> <span class='ocrx_word' id='word_1_484' title='bbox 3578 3186 3899 3248; x_wconf 71' lang='grc' dir='ltr'>ἀνεξετάστως</span> 
     </span>
    </p>
   </div>
   <div class='ocr_carea' id='block_1_71' title="bbox 2323 3274 3911 3365">
    <p class='ocr_par' dir='ltr' id='par_1_71' title="bbox 2323 3274 3911 3365">
     <span class='ocr_line' id='line_1_71' title="bbox 2323 3274 3911 3365; baseline -0.011 -21"><span class='ocrx_word' id='word_1_485' title='bbox 2323 3274 2381 3345; x_wconf 75' lang='grc' dir='ltr'>οὐ</span> <span class='ocrx_word' id='word_1_486' title='bbox 2412 3296 2519 3365; x_wconf 81' lang='grc' dir='ltr'>χρή</span> <span class='ocrx_word' id='word_1_487' title='bbox 2558 3307 2569 3319; x_wconf 93' lang='grc'><strong>·</strong></span> <span class='ocrx_word' id='word_1_488' title='bbox 2601 3291 2649 3341; x_wconf 87' lang='grc' dir='ltr'>οἰ</span> <span class='ocrx_word' id='word_1_489' title='bbox 2680 3284 2738 3340; x_wconf 77' lang='grc' dir='ltr'><strong>δὲ</strong></span> <span class='ocrx_word' id='word_1_490' title='bbox 2790 3285 3107 3360; x_wconf 83' lang='grc' dir='ltr'>ὑϐριστικῶς</span> <span class='ocrx_word' id='word_1_491' title='bbox 3156 3281 3394 3352; x_wconf 75' lang='grc' dir='ltr'>λέγουσιν</span> <span class='ocrx_word' id='word_1_492' title='bbox 3440 3299 3454 3312; x_wconf 88' lang='grc'><strong>·</strong></span> <span class='ocrx_word' id='word_1_493' title='bbox 3486 3280 3774 3350; x_wconf 80' lang='grc' dir='ltr'>Ἐρώτησον</span> <span class='ocrx_word' id='word_1_494' title='bbox 3798 3274 3911 3343; x_wconf 62' lang='grc' dir='ltr'><strong>(ὶῦ)</strong></span> 
     </span>
    </p>
   </div>
   <div class='ocr_carea' id='block_1_72' title="bbox 2325 3363 3923 3453">
    <p class='ocr_par' dir='ltr' id='par_1_72' title="bbox 2325 3363 3923 3453">
     <span class='ocr_line' id='line_1_72' title="bbox 2325 3363 3923 3453; baseline -0.013 -19"><span class='ocrx_word' id='word_1_495' title='bbox 2325 3386 2414 3434; x_wconf 82' lang='grc' dir='ltr'>καὶ</span> <span class='ocrx_word' id='word_1_496' title='bbox 2456 3363 2588 3453; x_wconf 84' lang='grc' dir='ltr'>μάθε</span> <span class='ocrx_word' id='word_1_497' title='bbox 2648 3396 2658 3407; x_wconf 92' lang='grc'>·</span> <span class='ocrx_word' id='word_1_498' title='bbox 2706 3376 2765 3429; x_wconf 73' lang='grc' dir='ltr'>οὐ</span> <span class='ocrx_word' id='word_1_499' title='bbox 2816 3377 2917 3448; x_wconf 78' lang='grc' dir='ltr'>γὰρ</span> <span class='ocrx_word' id='word_1_500' title='bbox 2959 3369 3111 3434; x_wconf 82' lang='grc' dir='ltr'>οἶδας</span> <span class='ocrx_word' id='word_1_501' title='bbox 3155 3373 3249 3433; x_wconf 79' lang='grc' dir='ltr'><strong>τὰς</strong></span> <span class='ocrx_word' id='word_1_502' title='bbox 3302 3369 3521 3444; x_wconf 74' lang='grc' dir='ltr'>Γραφάς.</span> <span class='ocrx_word' id='word_1_503' title='bbox 3586 3371 3688 3419; x_wconf 75' lang='grc' dir='ltr'><strong>Καὶ</strong></span> <span class='ocrx_word' id='word_1_504' title='bbox 3738 3364 3786 3416; x_wconf 87' lang='grc' dir='ltr'>εἰ</span> <span class='ocrx_word' id='word_1_505' title='bbox 3830 3363 3923 3415; x_wconf 67' lang='grc' dir='ltr'>οὐκ</span> 
     </span>
    </p>
   </div>
   <div class='ocr_carea' id='block_1_73' title="bbox 2327 3456 3927 3537">
    <p class='ocr_par' dir='ltr' id='par_1_73' title="bbox 2327 3456 3927 3537">
     <span class='ocr_line' id='line_1_73' title="bbox 2327 3456 3927 3537; baseline -0.013 -12"><span class='ocrx_word' id='word_1_506' title='bbox 2327 3469 2466 3525; x_wconf 84' lang='grc' dir='ltr'>οἶδεν</span> <span class='ocrx_word' id='word_1_507' title='bbox 2524 3470 2699 3533; x_wconf 76' lang='grc' dir='ltr'>αὐτὰς,</span> <span class='ocrx_word' id='word_1_508' title='bbox 2755 3474 2862 3528; x_wconf 81' lang='grc' dir='ltr'>πῶς</span> <span class='ocrx_word' id='word_1_509' title='bbox 2922 3466 3054 3537; x_wconf 83' lang='grc' dir='ltr'>ὑμᾶς</span> <span class='ocrx_word' id='word_1_510' title='bbox 3119 3460 3299 3532; x_wconf 78' lang='grc' dir='ltr'>ἤλεγξε</span> <span class='ocrx_word' id='word_1_511' title='bbox 3367 3456 3785 3531; x_wconf 85' lang='grc' dir='ltr'>παραϐαίνοντας</span> <span class='ocrx_word' id='word_1_512' title='bbox 3840 3456 3927 3505; x_wconf 78' lang='grc' dir='ltr'>τὸν</span> 
     </span>
    </p>
   </div>
   <div class='ocr_carea' id='block_1_74' title="bbox 2324 3566 2499 3634">
    <p class='ocr_par' dir='ltr' id='par_1_74' title="bbox 2324 3566 2499 3634">
     <span class='ocr_line' id='line_1_74' title="bbox 2324 3566 2499 3634; baseline -0.017 -20"><span class='ocrx_word' id='word_1_513' title='bbox 2324 3566 2499 3634; x_wconf 89' lang='grc' dir='ltr'>νόμον.</span> 
     </span>
    </p>
   </div>
   <div class='ocr_carea' id='block_1_75' title="bbox 2400 3635 3932 3725">
    <p class='ocr_par' dir='ltr' id='par_1_75' title="bbox 2400 3635 3932 3725">
     <span class='ocr_line' id='line_1_75' title="bbox 2400 3635 3932 3725; baseline -0.013 -21"><span class='ocrx_word' id='word_1_514' title='bbox 2400 3653 2515 3725; x_wconf 80' lang='grc' dir='ltr'><strong>Χρὴ</strong></span> <span class='ocrx_word' id='word_1_515' title='bbox 2574 3644 2633 3700; x_wconf 69' lang='grc' dir='ltr'><strong>δὲ</strong></span> <span class='ocrx_word' id='word_1_516' title='bbox 2664 3645 2776 3718; x_wconf 82' lang='lat'><strong>(2|)</strong></span> <span class='ocrx_word' id='word_1_517' title='bbox 2804 3649 3081 3714; x_wconf 86' lang='grc' dir='ltr'>γινώσκειν</span> <span class='ocrx_word' id='word_1_518' title='bbox 3126 3641 3206 3692; x_wconf 88' lang='grc' dir='ltr'>ὅτι</span> <span class='ocrx_word' id='word_1_519' title='bbox 3256 3639 3324 3690; x_wconf 80' lang='grc' dir='ltr'>τὰ</span> <span class='ocrx_word' id='word_1_520' title='bbox 3364 3635 3587 3689; x_wconf 75' lang='grc' dir='ltr'>ἐντεῦθεν</span> <span class='ocrx_word' id='word_1_521' title='bbox 3638 3635 3775 3706; x_wconf 74' lang='grc' dir='ltr'>ἄχρι</span> <span class='ocrx_word' id='word_1_522' title='bbox 3821 3641 3932 3703; x_wconf 78' lang='grc' dir='ltr'>τοῦ,</span> 
     </span>
    </p>
   </div>
   <div class='ocr_carea' id='block_1_76' title="bbox 2334 3724 3935 3795">
    <p class='ocr_par' dir='ltr' id='par_1_76' title="bbox 2334 3724 3935 3795">
     <span class='ocr_line' id='line_1_76' title="bbox 2334 3724 3935 3795; baseline -0.014 -1"><span class='ocrx_word' id='word_1_523' title='bbox 2334 3740 2492 3794; x_wconf 83' lang='grc' dir='ltr'>Πάλιν</span> <span class='ocrx_word' id='word_1_524' title='bbox 2524 3734 2611 3790; x_wconf 83' lang='grc' dir='ltr'>οὖν</span> <span class='ocrx_word' id='word_1_525' title='bbox 2638 3734 2881 3791; x_wconf 75' lang='grc' dir='ltr'>ἐλάλησεν</span> <span class='ocrx_word' id='word_1_526' title='bbox 2912 3731 3090 3791; x_wconf 69' lang='grc' dir='ltr'>αὐτοῖς</span> <span class='ocrx_word' id='word_1_527' title='bbox 3119 3731 3144 3782; x_wconf 91' lang='lat'><strong>6</strong></span> <span class='ocrx_word' id='word_1_528' title='bbox 3170 3730 3379 3788; x_wconf 82' lang='grc' dir='ltr'>Ἰησοῦς</span> <span class='ocrx_word' id='word_1_529' title='bbox 3405 3724 3563 3795; x_wconf 77' lang='grc' dir='ltr'>λέγων</span> <span class='ocrx_word' id='word_1_530' title='bbox 3621 3739 3634 3753; x_wconf 89' lang='grc'><strong>·</strong></span> <span class='ocrx_word' id='word_1_531' title='bbox 3663 3724 3799 3793; x_wconf 85' lang='grc' dir='ltr'><strong>Ἐγὼ</strong></span> <span class='ocrx_word' id='word_1_532' title='bbox 3831 3724 3935 3794; x_wconf 81' lang='grc' dir='ltr'>εἰμι</span> 
     </span>
    </p>
   </div>
   <div class='ocr_carea' id='block_1_77' title="bbox 2332 3810 3933 3902">
    <p class='ocr_par' dir='ltr' id='par_1_77' title="bbox 2332 3810 3933 3902">
     <span class='ocr_line' id='line_1_77' title="bbox 2332 3810 3933 3902; baseline -0.014 -20"><span class='ocrx_word' id='word_1_533' title='bbox 2332 3833 2389 3882; x_wconf 88' lang='grc' dir='ltr'><strong>τό</strong></span> <span class='ocrx_word' id='word_1_534' title='bbox 2413 3837 2516 3902; x_wconf 72' lang='grc' dir='ltr'>φῶς</span> <span class='ocrx_word' id='word_1_535' title='bbox 2539 3833 2629 3878; x_wconf 84' lang='grc' dir='ltr'>τοῦ</span> <span class='ocrx_word' id='word_1_536' title='bbox 2651 3829 2852 3895; x_wconf 88' lang='grc' dir='ltr'>κόσμου</span> <span class='ocrx_word' id='word_1_537' title='bbox 2884 3840 2896 3852; x_wconf 91' lang='grc'><strong>·</strong></span> <span class='ocrx_word' id='word_1_538' title='bbox 2933 3822 3077 3893; x_wconf 87' lang='grc' dir='ltr'>παρὰ</span> <span class='ocrx_word' id='word_1_539' title='bbox 3112 3818 3222 3889; x_wconf 83' lang='lat'><strong>(22)</strong></span> <span class='ocrx_word' id='word_1_540' title='bbox 3253 3823 3363 3877; x_wconf 87' lang='grc' dir='ltr'>τοῖς</span> <span class='ocrx_word' id='word_1_541' title='bbox 3392 3812 3659 3886; x_wconf 78' lang='grc' dir='ltr'>ἀκριϐέσιν</span> <span class='ocrx_word' id='word_1_542' title='bbox 3692 3810 3933 3886; x_wconf 73' lang='grc' dir='ltr'>ἀντιγράο</span> 
     </span>
    </p>
   </div>
   <div class='ocr_carea' id='block_1_78' title="bbox 568 3905 2210 4013">
    <p class='ocr_par' dir='ltr' id='par_1_78' title="bbox 568 3919 2210 3994">
     <span class='ocr_line' id='line_1_78' title="bbox 568 3919 2210 3994; baseline -0.003 -16"><span class='ocrx_word' id='word_1_543' title='bbox 568 3924 630 3979; x_wconf 88' lang='lat' dir='ltr'><strong>in</strong></span> <span class='ocrx_word' id='word_1_544' title='bbox 651 3922 1041 3978; x_wconf 85' lang='lat' dir='ltr'><strong>exactioribns</strong></span> <span class='ocrx_word' id='word_1_545' title='bbox 1062 3922 1526 3994; x_wconf 85' lang='lat' dir='ltr'><strong>exemplaribus,</strong></span> <span class='ocrx_word' id='word_1_546' title='bbox 1554 3926 1656 3978; x_wconf 90' lang='lat' dir='ltr'><strong>aut</strong></span> <span class='ocrx_word' id='word_1_547' title='bbox 1682 3936 1800 3977; x_wconf 93' lang='lat' dir='ltr'><strong>non</strong></span> <span class='ocrx_word' id='word_1_548' title='bbox 1820 3919 2210 3983; x_wconf 63' lang='lat' dir='ltr'><strong>inveniuntur,</strong></span> 
     </span>
    </p>
   </div>
   <div class='ocr_carea' id='block_1_79' title="bbox 2326 3905 3931 4013">
    <p class='ocr_par' dir='ltr' id='par_1_79' title="bbox 2335 3905 3931 3992">
     <span class='ocr_line' id='line_1_79' title="bbox 2335 3905 3931 3992; baseline -0.013 -21"><span class='ocrx_word' id='word_1_549' title='bbox 2335 3938 2447 3992; x_wconf 73' lang='grc' dir='ltr'>φοις</span> <span class='ocrx_word' id='word_1_550' title='bbox 2478 3918 2507 3976; x_wconf 77' lang='grc' dir='ltr'>ἦ</span> <span class='ocrx_word' id='word_1_551' title='bbox 2571 3915 2676 3985; x_wconf 75' lang='grc' dir='ltr'>οὐχ</span> <span class='ocrx_word' id='word_1_552' title='bbox 2706 3912 2921 3986; x_wconf 72' lang='grc' dir='ltr'>εὕρηται</span> <span class='ocrx_word' id='word_1_553' title='bbox 2945 3909 2974 3968; x_wconf 74' lang='grc' dir='ltr'><strong><em>ἦ</em></strong></span> <span class='ocrx_word' id='word_1_554' title='bbox 3016 3906 3314 3960; x_wconf 81' lang='grc' dir='ltr'>ὼϐέλισται.</span> <span class='ocrx_word' id='word_1_555' title='bbox 3371 3906 3457 3956; x_wconf 86' lang='grc' dir='ltr'>Δίό</span> <span class='ocrx_word' id='word_1_556' title='bbox 3494 3905 3766 3974; x_wconf 75' lang='grc' dir='ltr'>φαίνονται</span> <span class='ocrx_word' id='word_1_557' title='bbox 3826 3920 3931 3951; x_wconf 83' lang='grc' dir='ltr'>πα-</span> 
     </span>
    </p>
   </div>
   <div class='ocr_carea' id='block_1_80' title="bbox 571 4009 2223 4083">
    <p class='ocr_par' dir='ltr' id='par_1_80' title="bbox 571 4009 2223 4083">
     <span class='ocr_line' id='line_1_80' title="bbox 571 4009 2223 4083; baseline -0.002 -15"><span class='ocrx_word' id='word_1_558' title='bbox 571 4018 674 4069; x_wconf 90' lang='lat' dir='ltr'><strong>aut</strong></span> <span class='ocrx_word' id='word_1_559' title='bbox 699 4012 873 4068; x_wconf 91' lang='lat' dir='ltr'><strong>obelo</strong></span> <span class='ocrx_word' id='word_1_560' title='bbox 895 4011 1168 4067; x_wconf 85' lang='lat' dir='ltr'><strong>confossa</strong></span> <span class='ocrx_word' id='word_1_561' title='bbox 1195 4018 1346 4076; x_wconf 90' lang='lat' dir='ltr'><strong>sunt,</strong></span> <span class='ocrx_word' id='word_1_562' title='bbox 1363 4028 1434 4067; x_wconf 91' lang='lat' dir='ltr'><strong>eo</strong></span> <span class='ocrx_word' id='word_1_563' title='bbox 1463 4010 1624 4083; x_wconf 90' lang='lat' dir='ltr'><strong>quod</strong></span> <span class='ocrx_word' id='word_1_564' title='bbox 1652 4010 1970 4080; x_wconf 86' lang='lat' dir='ltr'><strong>illegitima</strong></span> <span class='ocrx_word' id='word_1_565' title='bbox 1990 4009 2223 4065; x_wconf 89' lang='lat' dir='ltr'><strong>videan-</strong></span> 
     </span>
    </p>
   </div>
   <div class='ocr_carea' id='block_1_81' title="bbox 571 4097 2221 4171">
    <p class='ocr_par' dir='ltr' id='par_1_81' title="bbox 571 4097 2221 4171">
     <span class='ocr_line' id='line_1_81' title="bbox 571 4097 2221 4171; baseline -0.003 -15"><span class='ocrx_word' id='word_1_566' title='bbox 571 4105 667 4156; x_wconf 86' lang='lat' dir='ltr'><strong>tur</strong></span> <span class='ocrx_word' id='word_1_567' title='bbox 689 4106 741 4155; x_wconf 92' lang='lat' dir='ltr'><strong>et</strong></span> <span class='ocrx_word' id='word_1_568' title='bbox 764 4100 989 4155; x_wconf 88' lang='lat' dir='ltr'><strong>addita.</strong></span> <span class='ocrx_word' id='word_1_569' title='bbox 1014 4102 1074 4155; x_wconf 88' lang='lat' dir='ltr'><strong>Et</strong></span> <span class='ocrx_word' id='word_1_570' title='bbox 1095 4099 1273 4171; x_wconf 90' lang='lat' dir='ltr'><strong>hujus</strong></span> <span class='ocrx_word' id='word_1_571' title='bbox 1299 4105 1716 4169; x_wconf 87' lang='lat' dir='ltr'><strong>argumentum</strong></span> <span class='ocrx_word' id='word_1_572' title='bbox 1731 4104 1814 4153; x_wconf 90' lang='lat' dir='ltr'><strong>est</strong></span> <span class='ocrx_word' id='word_1_573' title='bbox 1835 4097 1997 4170; x_wconf 87' lang='lat' dir='ltr'><strong>quod</strong></span> <span class='ocrx_word' id='word_1_574' title='bbox 2017 4112 2221 4152; x_wconf 89' lang='lat' dir='ltr'><strong>eorum</strong></span> 
     </span>
    </p>
   </div>
   <div class='ocr_carea' id='block_1_82' title="bbox 573 4186 2218 4259">
    <p class='ocr_par' dir='ltr' id='par_1_82' title="bbox 573 4186 2218 4259">
     <span class='ocr_line' id='line_1_82' title="bbox 573 4186 2218 4259; baseline -0.005 -13"><span class='ocrx_word' id='word_1_575' title='bbox 573 4189 1035 4259; x_wconf 85' lang='lat' dir='ltr'><strong>Chrysostomus</strong></span> <span class='ocrx_word' id='word_1_576' title='bbox 1054 4188 1282 4243; x_wconf 89' lang='lat' dir='ltr'><strong>nullam</strong></span> <span class='ocrx_word' id='word_1_577' title='bbox 1308 4189 1551 4243; x_wconf 91' lang='lat' dir='ltr'><strong>omnino</strong></span> <span class='ocrx_word' id='word_1_578' title='bbox 1567 4188 1701 4244; x_wconf 89' lang='lat' dir='ltr'><strong>fecit</strong></span> <span class='ocrx_word' id='word_1_579' title='bbox 1720 4187 2081 4243; x_wconf 89' lang='lat' dir='ltr'><strong>mentionem</strong></span> <span class='ocrx_word' id='word_1_580' title='bbox 2099 4186 2178 4258; x_wconf 67' lang='grc' dir='ltr'><strong>(Γ)</strong></span> <span class='ocrx_word' id='word_1_581' title='bbox 2204 4202 2218 4238; x_wconf 87' lang='lat'><strong>:</strong></span> 
     </span>
    </p>
   </div>
   <div class='ocr_carea' id='block_1_83' title="bbox 573 4275 2221 4350">
    <p class='ocr_par' dir='ltr' id='par_1_83' title="bbox 573 4275 2221 4350">
     <span class='ocr_line' id='line_1_83' title="bbox 573 4275 2221 4350; baseline -0.001 -15"><span class='ocrx_word' id='word_1_582' title='bbox 573 4278 744 4335; x_wconf 91' lang='lat' dir='ltr'><strong>nobis</strong></span> <span class='ocrx_word' id='word_1_583' title='bbox 774 4281 975 4333; x_wconf 89' lang='lat' dir='ltr'><strong>tamen</strong></span> <span class='ocrx_word' id='word_1_584' title='bbox 1002 4278 1084 4350; x_wconf 83' lang='lat' dir='ltr'><strong>(g)</strong></span> <span class='ocrx_word' id='word_1_585' title='bbox 1120 4278 1359 4334; x_wconf 89' lang='lat' dir='ltr'><strong>animus</strong></span> <span class='ocrx_word' id='word_1_586' title='bbox 1407 4285 1494 4333; x_wconf 88' lang='lat' dir='ltr'><strong>est</strong></span> <span class='ocrx_word' id='word_1_587' title='bbox 1525 4279 1703 4335; x_wconf 91' lang='lat' dir='ltr'><strong>etiam</strong></span> <span class='ocrx_word' id='word_1_588' title='bbox 1735 4278 1865 4333; x_wconf 66' lang='lat' dir='ltr'><strong>haec</strong></span> <span class='ocrx_word' id='word_1_589' title='bbox 1896 4275 2221 4342; x_wconf 90' lang='lat' dir='ltr'><strong>declarare,</strong></span> 
     </span>
    </p>
   </div>
   <div class='ocr_carea' id='block_1_84' title="bbox 575 4366 2226 4441">
    <p class='ocr_par' dir='ltr' id='par_1_84' title="bbox 575 4366 2226 4441">
     <span class='ocr_line' id='line_1_84' title="bbox 575 4366 2226 4441; baseline -0.001 -18"><span class='ocrx_word' id='word_1_590' title='bbox 575 4367 738 4441; x_wconf 92' lang='lat' dir='ltr'><strong>quod</strong></span> <span class='ocrx_word' id='word_1_591' title='bbox 757 4366 1002 4422; x_wconf 89' lang='lat' dir='ltr'><strong>utilitate</strong></span> <span class='ocrx_word' id='word_1_592' title='bbox 1033 4382 1155 4423; x_wconf 91' lang='lat' dir='ltr'><strong>non</strong></span> <span class='ocrx_word' id='word_1_593' title='bbox 1186 4372 1449 4433; x_wconf 89' lang='lat' dir='ltr'><strong>careant,</strong></span> <span class='ocrx_word' id='word_1_594' title='bbox 1477 4372 1628 4423; x_wconf 81' lang='lat' dir='ltr'><strong>sicut</strong></span> <span class='ocrx_word' id='word_1_595' title='bbox 1665 4372 1721 4424; x_wconf 92' lang='lat' dir='ltr'><strong>et</strong></span> <span class='ocrx_word' id='word_1_596' title='bbox 1765 4372 1945 4440; x_wconf 87' lang='lat' dir='ltr'><strong>caput</strong></span> <span class='ocrx_word' id='word_1_597' title='bbox 1974 4367 2049 4423; x_wconf 91' lang='lat' dir='ltr'><strong>de</strong></span> <span class='ocrx_word' id='word_1_598' title='bbox 2097 4382 2226 4422; x_wconf 90' lang='lat' dir='ltr'><strong>mn-</strong></span> 
     </span>
    </p>
   </div>
   <div class='ocr_carea' id='block_1_85' title="bbox 577 4455 2227 4530">
    <p class='ocr_par' dir='ltr' id='par_1_85' title="bbox 577 4455 2227 4530">
     <span class='ocr_line' id='line_1_85' title="bbox 577 4455 2227 4530; baseline 0 -18"><span class='ocrx_word' id='word_1_599' title='bbox 577 4457 715 4514; x_wconf 90' lang='lat' dir='ltr'><strong>liere</strong></span> <span class='ocrx_word' id='word_1_600' title='bbox 770 4457 830 4513; x_wconf 92' lang='lat' dir='ltr'><strong>in</strong></span> <span class='ocrx_word' id='word_1_601' title='bbox 881 4455 1169 4521; x_wconf 85' lang='lat' dir='ltr'><strong>adulterio</strong></span> <span class='ocrx_word' id='word_1_602' title='bbox 1225 4456 1619 4530; x_wconf 90' lang='lat' dir='ltr'><strong>deprehensa,</strong></span> <span class='ocrx_word' id='word_1_603' title='bbox 1679 4457 1840 4530; x_wconf 89' lang='lat' dir='ltr'><strong>quod</strong></span> <span class='ocrx_word' id='word_1_604' title='bbox 1901 4458 2052 4514; x_wconf 86' lang='lat' dir='ltr'><strong>inter</strong></span> <span class='ocrx_word' id='word_1_605' title='bbox 2101 4456 2227 4513; x_wconf 64' lang='lat' dir='ltr'><strong>haec</strong></span> 
     </span>
    </p>
   </div>
   <div class='ocr_carea' id='block_1_86' title="bbox 577 4546 842 4624">
    <p class='ocr_par' dir='ltr' id='par_1_86' title="bbox 577 4546 842 4624">
     <span class='ocr_line' id='line_1_86' title="bbox 577 4546 842 4624; baseline -0.023 -17"><span class='ocrx_word' id='word_1_606' title='bbox 577 4546 842 4624; x_wconf 89' lang='lat' dir='ltr'><strong>ponitur.</strong></span> 
     </span>
    </p>
   </div>
   <div class='ocr_carea' id='block_1_87' title="bbox 652 4674 1164 4742">
    <p class='ocr_par' dir='ltr' id='par_1_87' title="bbox 652 4674 1164 4742">
     <span class='ocr_line' id='line_1_87' title="bbox 652 4674 1164 4742; baseline -0.008 -9"><span class='ocrx_word' id='word_1_607' title='bbox 652 4676 694 4710; x_wconf 78' lang='grc'><strong>⁸⁷</strong></span> <span class='ocrx_word' id='word_1_608' title='bbox 723 4674 897 4732; x_wconf 87' lang='lat' dir='ltr'><strong>Joan.</strong></span> <span class='ocrx_word' id='word_1_609' title='bbox 931 4689 1047 4742; x_wconf 82' lang='lat' dir='ltr'><strong>Vltl,</strong></span> <span class='ocrx_word' id='word_1_610' title='bbox 1076 4675 1164 4731; x_wconf 84' lang='grc'><strong>12.</strong></span> 
     </span>
    </p>
   </div>
   <div class='ocr_carea' id='block_1_88' title="bbox 2334 3993 3928 4084">
    <p class='ocr_par' dir='ltr' id='par_1_88' title="bbox 2334 3993 3928 4084">
     <span class='ocr_line' id='line_1_88' title="bbox 2334 3993 3928 4084; baseline -0.011 -27"><span class='ocrx_word' id='word_1_611' title='bbox 2334 4014 2635 4084; x_wconf 75' lang='grc' dir='ltr'>ρέγγραπτα</span> <span class='ocrx_word' id='word_1_612' title='bbox 2670 4005 2760 4054; x_wconf 87' lang='grc' dir='ltr'>καὶ</span> <span class='ocrx_word' id='word_1_613' title='bbox 2807 3999 3083 4073; x_wconf 80' lang='grc' dir='ltr'>προσθήκη</span> <span class='ocrx_word' id='word_1_614' title='bbox 3121 4015 3132 4028; x_wconf 90' lang='grc'><strong>·</strong></span> <span class='ocrx_word' id='word_1_615' title='bbox 3164 3999 3254 4047; x_wconf 85' lang='grc' dir='ltr'>καὶ</span> <span class='ocrx_word' id='word_1_616' title='bbox 3308 3995 3494 4045; x_wconf 84' lang='grc' dir='ltr'>τούτου</span> <span class='ocrx_word' id='word_1_617' title='bbox 3546 3994 3823 4062; x_wconf 72' lang='grc' dir='ltr'>τεκμήριον</span> <span class='ocrx_word' id='word_1_618' title='bbox 3869 3993 3928 4040; x_wconf 84' lang='grc' dir='ltr'><strong>τό</strong></span> 
     </span>
    </p>
   </div>
   <div class='ocr_carea' id='block_1_89' title="bbox 2337 4076 3926 4170">
    <p class='ocr_par' dir='ltr' id='par_1_89' title="bbox 2337 4076 3926 4170">
     <span class='ocr_line' id='line_1_89' title="bbox 2337 4076 3926 4170; baseline -0.014 -21"><span class='ocrx_word' id='word_1_619' title='bbox 2519 4097 2606 4146; x_wconf 85' lang='grc' dir='ltr'><strong>τόν</strong></span> <span class='ocrx_word' id='word_1_620' title='bbox 2663 4093 3037 4164; x_wconf 87' lang='grc' dir='ltr'>Χρυσόστομον</span> <span class='ocrx_word' id='word_1_621' title='bbox 3089 4085 3202 4156; x_wconf 80' lang='lat'><strong>(&#39;23)</strong></span> <span class='ocrx_word' id='word_1_622' title='bbox 3256 4081 3380 4141; x_wconf 81' lang='grc' dir='ltr'>ὅλως</span> <span class='ocrx_word' id='word_1_623' title='bbox 3434 4083 3792 4152; x_wconf 72' lang='grc' dir='ltr'>μνημονεῦσαί</span> <span class='ocrx_word' id='word_1_624' title='bbox 3838 4076 3926 4128; x_wconf 70' lang='grc' dir='ltr'><strong>αὖ·</strong></span> 
     </span>
    </p>
   </div>
   <div class='ocr_carea' id='block_1_90' title="bbox 2335 4163 3924 4255">
    <p class='ocr_par' dir='ltr' id='par_1_90' title="bbox 2335 4163 3924 4255">
     <span class='ocr_line' id='line_1_90' title="bbox 2335 4163 3924 4255; baseline -0.014 -17"><span class='ocrx_word' id='word_1_625' title='bbox 2335 4163 2431 4238; x_wconf 73' lang='grc' dir='ltr'>τῶν</span> <span class='ocrx_word' id='word_1_626' title='bbox 2457 4182 2591 4255; x_wconf 74' lang='grc'>(24).</span> <span class='ocrx_word' id='word_1_627' title='bbox 2625 4163 2893 4255; x_wconf 83' lang='grc' dir='ltr'>Πειρατέον</span> <span class='ocrx_word' id='word_1_628' title='bbox 2925 4173 2983 4229; x_wconf 76' lang='grc' dir='ltr'>δε</span> <span class='ocrx_word' id='word_1_629' title='bbox 3013 4176 3152 4246; x_wconf 83' lang='grc' dir='ltr'>ὅμως</span> <span class='ocrx_word' id='word_1_630' title='bbox 3180 4174 3304 4245; x_wconf 76' lang='grc' dir='ltr'>ἡμῖν</span> <span class='ocrx_word' id='word_1_631' title='bbox 3356 4174 3444 4222; x_wconf 81' lang='grc' dir='ltr'>καὶ</span> <span class='ocrx_word' id='word_1_632' title='bbox 3474 4176 3642 4220; x_wconf 81' lang='grc' dir='ltr'>ταῦτα</span> <span class='ocrx_word' id='word_1_633' title='bbox 3664 4163 3924 4238; x_wconf 72' lang='grc' dir='ltr'>διασαςοῆο</span> 
     </span>
    </p>
   </div>
   <div class='ocr_carea' id='block_1_91' title="bbox 2340 4255 3925 4341">
    <p class='ocr_par' dir='ltr' id='par_1_91' title="bbox 2340 4255 3925 4341">
     <span class='ocr_line' id='line_1_91' title="bbox 2340 4255 3925 4341; baseline -0.013 -15"><span class='ocrx_word' id='word_1_634' title='bbox 2340 4292 2431 4325; x_wconf 86' lang='grc' dir='ltr'><strong>σαι</strong></span> <span class='ocrx_word' id='word_1_635' title='bbox 2463 4289 2475 4301; x_wconf 92' lang='grc'><strong>·</strong></span> <span class='ocrx_word' id='word_1_636' title='bbox 2505 4270 2599 4323; x_wconf 72' lang='grc' dir='ltr'>οὐκ</span> <span class='ocrx_word' id='word_1_637' title='bbox 2627 4271 2841 4341; x_wconf 77' lang='grc' dir='ltr'>ἄμοιρον</span> <span class='ocrx_word' id='word_1_638' title='bbox 2870 4269 2971 4338; x_wconf 79' lang='grc' dir='ltr'>γὰρ</span> <span class='ocrx_word' id='word_1_639' title='bbox 2998 4263 3241 4336; x_wconf 71' lang='grc' dir='ltr'>ὠφελείας</span> <span class='ocrx_word' id='word_1_640' title='bbox 3270 4255 3394 4312; x_wconf 72' lang='grc' dir='ltr'>οὐδε</span> <span class='ocrx_word' id='word_1_641' title='bbox 3423 4261 3482 4309; x_wconf 90' lang='grc' dir='ltr'>τὸ</span> <span class='ocrx_word' id='word_1_642' title='bbox 3535 4255 3585 4308; x_wconf 74' lang='grc' dir='ltr'>ἐν</span> <span class='ocrx_word' id='word_1_643' title='bbox 3604 4259 3804 4315; x_wconf 74' lang='grc' dir='ltr'>τούτοις</span> <span class='ocrx_word' id='word_1_644' title='bbox 3840 4273 3925 4306; x_wconf 83' lang='grc' dir='ltr'>κε-</span> 
     </span>
    </p>
   </div>
   <div class='ocr_carea' id='block_1_92' title="bbox 2339 4346 3927 4434">
    <p class='ocr_par' dir='ltr' id='par_1_92' title="bbox 2339 4346 3927 4434">
     <span class='ocr_line' id='line_1_92' title="bbox 2339 4346 3927 4434; baseline -0.013 -21"><span class='ocrx_word' id='word_1_645' title='bbox 2339 4360 2553 4434; x_wconf 74' lang='grc' dir='ltr'>φάλαιον</span> <span class='ocrx_word' id='word_1_646' title='bbox 2578 4362 2636 4411; x_wconf 84' lang='grc' dir='ltr'>τὸ</span> <span class='ocrx_word' id='word_1_647' title='bbox 2663 4361 2780 4431; x_wconf 81' lang='grc' dir='ltr'>περὶ</span> <span class='ocrx_word' id='word_1_648' title='bbox 2819 4364 2909 4415; x_wconf 85' lang='grc' dir='ltr'>τῆς</span> <span class='ocrx_word' id='word_1_649' title='bbox 2939 4351 3022 4407; x_wconf 83' lang='grc' dir='ltr'><strong>ἐπὶ</strong></span> <span class='ocrx_word' id='word_1_650' title='bbox 3056 4355 3275 4424; x_wconf 81' lang='grc' dir='ltr'>μοιχείᾳ</span> <span class='ocrx_word' id='word_1_651' title='bbox 3312 4346 3717 4418; x_wconf 79' lang='grc' dir='ltr'>κατειλημμένης</span> <span class='ocrx_word' id='word_1_652' title='bbox 3755 4362 3927 4414; x_wconf 78' lang='grc' dir='ltr'>γυναι-</span> 
     </span>
    </p>
   </div>
   <div class='ocr_carea' id='block_1_93' title="bbox 2339 4471 2449 4514">
    <p class='ocr_par' dir='ltr' id='par_1_93' title="bbox 2339 4471 2449 4514">
     <span class='ocr_line' id='line_1_93' title="bbox 2339 4471 2449 4514; baseline 0 -9"><span class='ocrx_word' id='word_1_653' title='bbox 2339 4471 2449 4514; x_wconf 87' lang='grc' dir='ltr'>κός.</span> 
     </span>
    </p>
   </div>
   <div class='ocr_carea' id='block_1_94' title="bbox 1804 4796 2714 4868">
    <p class='ocr_par' dir='ltr' id='par_1_94' title="bbox 1804 4796 2714 4868">
     <span class='ocr_line' id='line_1_94' title="bbox 1804 4796 2714 4868; baseline -0.014 -2"><span class='ocrx_word' id='word_1_654' title='bbox 1804 4798 2028 4868; x_wconf 62' lang='lat' dir='ltr'><strong>Variae</strong></span> <span class='ocrx_word' id='word_1_655' title='bbox 2067 4796 2395 4864; x_wconf 84' lang='lat' dir='ltr'><strong>lectiones</strong></span> <span class='ocrx_word' id='word_1_656' title='bbox 2416 4802 2480 4859; x_wconf 92' lang='lat' dir='ltr'><strong>et</strong></span> <span class='ocrx_word' id='word_1_657' title='bbox 2511 4796 2714 4856; x_wconf 61' lang='lat' dir='ltr'><strong>notae.</strong></span> 
     </span>
    </p>
   </div>
   <div class='ocr_carea' id='block_1_95' title="bbox 650 4978 2230 5057">
    <p class='ocr_par' dir='ltr' id='par_1_95' title="bbox 650 4978 2230 5057">
     <span class='ocr_line' id='line_1_95' title="bbox 650 4978 2230 5057; baseline -0.006 -16"><span class='ocrx_word' id='word_1_658' title='bbox 650 4984 767 5057; x_wconf 80' lang='lat'><strong>(20)</strong></span> <span class='ocrx_word' id='word_1_659' title='bbox 794 4983 907 5041; x_wconf 89' lang='lat' dir='ltr'><strong>Hic</strong></span> <span class='ocrx_word' id='word_1_660' title='bbox 927 4980 1436 5057; x_wconf 75' lang='lat' dir='ltr'><strong>interpretationis</strong></span> <span class='ocrx_word' id='word_1_661' title='bbox 1459 4978 2230 5057; x_wconf 74' lang='lat' dir='ltr'><strong>locum_ob_ti_net_hoc_voca-</strong></span> 
     </span>
    </p>
   </div>
   <div class='ocr_carea' id='block_1_96' title="bbox 581 5049 2230 5125">
    <p class='ocr_par' dir='ltr' id='par_1_96' title="bbox 581 5049 2230 5125">
     <span class='ocr_line' id='line_1_96' title="bbox 581 5049 2230 5125; baseline -0.007 -10"><span class='ocrx_word' id='word_1_662' title='bbox 581 5049 816 5115; x_wconf 83' lang='lat' dir='ltr'><strong>bulum.</strong></span> <span class='ocrx_word' id='word_1_663' title='bbox 834 5049 1420 5125; x_wconf 64' lang='lat' dir='ltr'><strong>SedChrj&#39;sostomus</strong></span> <span class='ocrx_word' id='word_1_664' title='bbox 1436 5050 1738 5125; x_wconf 76' lang='lat' dir='ltr'><strong>multoties</strong></span> <span class='ocrx_word' id='word_1_665' title='bbox 1756 5051 1812 5125; x_wconf 82' lang='lat' dir='ltr'><strong>id</strong></span> <span class='ocrx_word' id='word_1_666' title='bbox 1831 5049 2031 5113; x_wconf 77' lang='lat' dir='ltr'><strong>tribuit</strong></span> <span class='ocrx_word' id='word_1_667' title='bbox 2044 5051 2230 5104; x_wconf 84' lang='lat' dir='ltr'><strong>Evan-</strong></span> 
     </span>
    </p>
   </div>
   <div class='ocr_carea' id='block_1_97' title="bbox 582 5122 1908 5200">
    <p class='ocr_par' dir='ltr' id='par_1_97' title="bbox 582 5122 1908 5200">
     <span class='ocr_line' id='line_1_97' title="bbox 582 5122 1908 5200; baseline -0.008 -14"><span class='ocrx_word' id='word_1_668' title='bbox 582 5124 1014 5200; x_wconf 66' lang='lat' dir='ltr'><strong>gelistie._Vide_</strong></span> <span class='ocrx_word' id='word_1_669' title='bbox 1031 5122 1176 5181; x_wconf 83' lang='lat' dir='ltr'><strong>tom.</strong></span> <span class='ocrx_word' id='word_1_670' title='bbox 1214 5138 1437 5200; x_wconf 69' lang='lat' dir='ltr'><strong>vni,_p.</strong></span> <span class='ocrx_word' id='word_1_671' title='bbox 1465 5122 1585 5200; x_wconf 50' lang='lat'><strong>£305</strong></span> <span class='ocrx_word' id='word_1_672' title='bbox 1618 5124 1677 5187; x_wconf 86' lang='lat' dir='ltr'><strong>E,</strong></span> <span class='ocrx_word' id='word_1_673' title='bbox 1704 5122 1908 5200; x_wconf 38' lang='lat'><strong>306}.</strong></span> 
     </span>
    </p>
   </div>
   <div class='ocr_carea' id='block_1_98' title="bbox 652 5190 2228 5271">
    <p class='ocr_par' dir='ltr' id='par_1_98' title="bbox 652 5190 2228 5271">
     <span class='ocr_line' id='line_1_98' title="bbox 652 5190 2228 5271; baseline -0.006 -18"><span class='ocrx_word' id='word_1_674' title='bbox 652 5196 972 5271; x_wconf 10' lang='lat' dir='ltr'><strong>(2l)7Hnnc_</strong></span> <span class='ocrx_word' id='word_1_675' title='bbox 1001 5195 1201 5250; x_wconf 91' lang='lat' dir='ltr'><strong>locum</strong></span> <span class='ocrx_word' id='word_1_676' title='bbox 1231 5190 1791 5271; x_wconf 51' lang='lat' dir='ltr'><strong>laudaLRicharilus</strong></span> <span class='ocrx_word' id='word_1_677' title='bbox 1820 5191 2118 5247; x_wconf 61' lang='lat' dir='ltr'><strong>Simonins</strong></span> <span class='ocrx_word' id='word_1_678' title='bbox 2172 5190 2228 5243; x_wconf 89' lang='lat' dir='ltr'><strong>in</strong></span> 
     </span>
    </p>
   </div>
   <div class='ocr_carea' id='block_1_99' title="bbox 587 5265 1732 5338">
    <p class='ocr_par' dir='ltr' id='par_1_99' title="bbox 587 5265 1732 5338">
     <span class='ocr_line' id='line_1_99' title="bbox 587 5265 1732 5338; baseline -0.007 -11"><span class='ocrx_word' id='word_1_679' title='bbox 587 5265 831 5328; x_wconf 81' lang='lat' dir='ltr'><strong>Historia</strong></span> <span class='ocrx_word' id='word_1_680' title='bbox 851 5268 1052 5322; x_wconf 79' lang='lat' dir='ltr'><strong>critica</strong></span> <span class='ocrx_word' id='word_1_681' title='bbox 1093 5273 1284 5321; x_wconf 84' lang='lat' dir='ltr'><strong>textus</strong></span> <span class='ocrx_word' id='word_1_682' title='bbox 1324 5268 1391 5321; x_wconf 93' lang='lat' dir='ltr'><strong>N.</strong></span> <span class='ocrx_word' id='word_1_683' title='bbox 1422 5268 1482 5321; x_wconf 94' lang='lat' dir='ltr'><strong>T.</strong></span> <span class='ocrx_word' id='word_1_684' title='bbox 1516 5281 1574 5338; x_wconf 89' lang='lat' dir='ltr'><strong>p.</strong></span> <span class='ocrx_word' id='word_1_685' title='bbox 1617 5265 1732 5320; x_wconf 73' lang='lat' dir='ltr'><strong>I45.</strong></span> 
     </span>
    </p>
   </div>
   <div class='ocr_carea' id='block_1_100' title="bbox 656 5337 1274 5413">
    <p class='ocr_par' dir='ltr' id='par_1_100' title="bbox 656 5337 1274 5413">
     <span class='ocr_line' id='line_1_100' title="bbox 656 5337 1274 5413; baseline -0.006 -18"><span class='ocrx_word' id='word_1_686' title='bbox 656 5342 772 5413; x_wconf 82' lang='lat'><strong>(&#39;22)</strong></span> <span class='ocrx_word' id='word_1_687' title='bbox 804 5340 922 5413; x_wconf 22' lang='grc' dir='ltr'>ΑἘπί</span> <span class='ocrx_word' id='word_1_688' title='bbox 963 5337 1274 5413; x_wconf 80' lang='lat' dir='ltr'><strong>Simonius.</strong></span> 
     </span>
    </p>
   </div>
   <div class='ocr_carea' id='block_1_101' title="bbox 652 5408 1411 5486">
    <p class='ocr_par' dir='ltr' id='par_1_101' title="bbox 652 5408 1411 5486">
     <span class='ocr_line' id='line_1_101' title="bbox 652 5408 1411 5486; baseline -0.018 -6"><span class='ocrx_word' id='word_1_689' title='bbox 652 5408 765 5486; x_wconf 23' lang='lat'><strong>(‘23,)</strong></span> <span class='ocrx_word' id='word_1_690' title='bbox 793 5410 963 5486; x_wconf 71' lang='grc' dir='ltr'><strong>’φλως</strong></span> <span class='ocrx_word' id='word_1_691' title='bbox 987 5408 1411 5486; x_wconf 73' lang='lat' dir='ltr'><strong>omittitidem.</strong></span> 
     </span>
    </p>
   </div>
   <div class='ocr_carea' id='block_1_102' title="bbox 660 5475 2237 5557">
    <p class='ocr_par' dir='ltr' id='par_1_102' title="bbox 660 5475 2237 5557">
     <span class='ocr_line' id='line_1_102' title="bbox 660 5475 2237 5557; baseline -0.006 -18"><span class='ocrx_word' id='word_1_692' title='bbox 660 5475 775 5557; x_wconf 62' lang='lat'><strong>&#39;(24&#39;)</strong></span> <span class='ocrx_word' id='word_1_693' title='bbox 824 5480 1040 5555; x_wconf 81' lang='grc' dir='ltr'>Ἀκριϐῆ</span> <span class='ocrx_word' id='word_1_694' title='bbox 1106 5480 1396 5554; x_wconf 77' lang='grc' dir='ltr'>ἀντίγραφα</span> <span class='ocrx_word' id='word_1_695' title='bbox 1457 5494 1617 5536; x_wconf 89' lang='lat' dir='ltr'><strong>nunc</strong></span> <span class='ocrx_word' id='word_1_696' title='bbox 1669 5476 1951 5550; x_wconf 86' lang='lat' dir='ltr'><strong>appellat,</strong></span> <span class='ocrx_word' id='word_1_697' title='bbox 2001 5475 2237 5532; x_wconf 86' lang='lat' dir='ltr'><strong>codices</strong></span> 
     </span>
    </p>
   </div>
   <div class='ocr_carea' id='block_1_103' title="bbox 663 5670 2240 5750">
    <p class='ocr_par' dir='ltr' id='par_1_103' title="bbox 663 5670 2240 5750">
     <span class='ocr_line' id='line_1_103' title="bbox 663 5670 2240 5750; baseline -0.004 -17"><span class='ocrx_word' id='word_1_698' title='bbox 663 5678 731 5750; x_wconf 79' lang='grc' dir='ltr'><strong>(Ι)</strong></span> <span class='ocrx_word' id='word_1_699' title='bbox 773 5678 854 5732; x_wconf 89' lang='lat' dir='ltr'><strong>Ac</strong></span> <span class='ocrx_word' id='word_1_700' title='bbox 874 5675 1138 5750; x_wconf 80' lang='lat' dir='ltr'><strong>profecto</strong></span> <span class='ocrx_word' id='word_1_701' title='bbox 1160 5677 1220 5750; x_wconf 86' lang='lat' dir='ltr'><strong>in</strong></span> <span class='ocrx_word' id='word_1_702' title='bbox 1243 5675 1526 5750; x_wconf 86' lang='lat' dir='ltr'><strong>omnibus</strong></span> <span class='ocrx_word' id='word_1_703' title='bbox 1541 5673 1680 5750; x_wconf 80' lang='lat' dir='ltr'><strong>ejus</strong></span> <span class='ocrx_word' id='word_1_704' title='bbox 1702 5672 1981 5746; x_wconf 90' lang='lat' dir='ltr'><strong>operibus</strong></span> <span class='ocrx_word' id='word_1_705' title='bbox 2006 5670 2240 5727; x_wconf 90' lang='lat' dir='ltr'><strong>nullum</strong></span> 
     </span>
    </p>
   </div>
   <div class='ocr_carea' id='block_1_104' title="bbox 589 5747 1738 5816">
    <p class='ocr_par' dir='ltr' id='par_1_104' title="bbox 589 5747 1738 5816">
     <span class='ocr_line' id='line_1_104' title="bbox 589 5747 1738 5816; baseline -0.005 -10"><span class='ocrx_word' id='word_1_706' title='bbox 589 5747 771 5816; x_wconf 82' lang='lat' dir='ltr'><strong>huius</strong></span> <span class='ocrx_word' id='word_1_707' title='bbox 792 5748 1148 5804; x_wconf 81' lang='lat' dir='ltr'><strong>narrationis</strong></span> <span class='ocrx_word' id='word_1_708' title='bbox 1181 5748 1378 5803; x_wconf 88' lang='lat' dir='ltr'><strong>inveni</strong></span> <span class='ocrx_word' id='word_1_709' title='bbox 1405 5747 1738 5811; x_wconf 76' lang='lat' dir='ltr'><strong>vestigium.</strong></span> 
     </span>
    </p>
   </div>
   <div class='ocr_carea' id='block_1_105' title="bbox 665 5813 2240 5895">
    <p class='ocr_par' dir='ltr' id='par_1_105' title="bbox 665 5813 2240 5895">
     <span class='ocr_line' id='line_1_105' title="bbox 665 5813 2240 5895; baseline -0.004 -19"><span class='ocrx_word' id='word_1_710' title='bbox 665 5813 738 5895; x_wconf 79' lang='lat' dir='ltr'><strong>(g)</strong></span> <span class='ocrx_word' id='word_1_711' title='bbox 769 5821 1175 5879; x_wconf 81' lang='lat' dir='ltr'><strong>Nobistamen.</strong></span> <span class='ocrx_word' id='word_1_712' title='bbox 1197 5826 1307 5874; x_wconf 91' lang='lat' dir='ltr'><strong>etc.</strong></span> <span class='ocrx_word' id='word_1_713' title='bbox 1329 5818 1661 5873; x_wconf 81' lang='lat' dir='ltr'><strong>Periculum</strong></span> <span class='ocrx_word' id='word_1_714' title='bbox 1687 5813 2240 5873; x_wconf 82' lang='lat' dir='ltr'><strong>tanienfaciendum</strong></span> 
     </span>
    </p>
   </div>
   <div class='ocr_carea' id='block_1_106' title="bbox 2338 4953 3911 5043">
    <p class='ocr_par' dir='ltr' id='par_1_106' title="bbox 2338 4953 3911 5043">
     <span class='ocr_line' id='line_1_106' title="bbox 2338 4953 3911 5043; baseline 0.001 -1"><span class='ocrx_word' id='word_1_715' title='bbox 2338 4967 2765 5043; x_wconf 70' lang='lat' dir='ltr'><strong>Chrysostomi.</strong></span> <span class='ocrx_word' id='word_1_716' title='bbox 2807 4978 3051 5043; x_wconf 60' lang='lat' dir='ltr'><strong>pessus</strong></span> <span class='ocrx_word' id='word_1_717' title='bbox 3081 4959 3224 5043; x_wconf 63' lang='lat' dir='ltr'><strong>Novi</strong></span> <span class='ocrx_word' id='word_1_718' title='bbox 3253 4957 3634 5043; x_wconf 63' lang='lat' dir='ltr'><strong>Testamenﬁ-</strong></span> <span class='ocrx_word' id='word_1_719' title='bbox 3658 4953 3911 5043; x_wconf 48' lang='lat' dir='ltr'><strong>salsa!!!</strong></span> 
     </span>
    </p>
   </div>
   <div class='ocr_carea' id='block_1_107' title="bbox 2339 5024 3916 5107">
    <p class='ocr_par' dir='ltr' id='par_1_107' title="bbox 2339 5024 3916 5107">
     <span class='ocr_line' id='line_1_107' title="bbox 2339 5024 3916 5107; baseline -0.013 -7"><span class='ocrx_word' id='word_1_720' title='bbox 2339 5024 2579 5099; x_wconf 50' lang='lat' dir='ltr'><strong>scholiis</strong></span> <span class='ocrx_word' id='word_1_721' title='bbox 2609 5024 2766 5095; x_wconf 55' lang='lat' dir='ltr'><strong>sunt:</strong></span> <span class='ocrx_word' id='word_1_722' title='bbox 2797 5024 2973 5095; x_wconf 72' lang='lat' dir='ltr'><strong>Crisis</strong></span> <span class='ocrx_word' id='word_1_723' title='bbox 3000 5032 3298 5107; x_wconf 79' lang='lat' dir='ltr'><strong>Euthymii</strong></span> <span class='ocrx_word' id='word_1_724' title='bbox 3336 5029 3601 5101; x_wconf 89' lang='lat' dir='ltr'><strong>arguitur</strong></span> <span class='ocrx_word' id='word_1_725' title='bbox 3628 5024 3916 5107; x_wconf 65' lang='lat' dir='ltr'><strong>vocabulis</strong></span> 
     </span>
    </p>
   </div>
   <div class='ocr_carea' id='block_1_108' title="bbox 2340 5097 3919 5182">
    <p class='ocr_par' dir='ltr' id='par_1_108' title="bbox 2340 5097 3919 5182">
     <span class='ocr_line' id='line_1_108' title="bbox 2340 5097 3919 5182; baseline -0.01 -14"><span class='ocrx_word' id='word_1_726' title='bbox 2340 5097 2636 5168; x_wconf 79' lang='grc' dir='ltr'>τούτου</span> <span class='ocrx_word' id='word_1_727' title='bbox 2668 5112 2961 5182; x_wconf 38' lang='grc' dir='ltr'>τεκμήριον)</span> <span class='ocrx_word' id='word_1_728' title='bbox 2998 5097 3218 5182; x_wconf 61' lang='lat' dir='ltr'><strong>Egdqh</strong></span> <span class='ocrx_word' id='word_1_729' title='bbox 3244 5103 3320 5182; x_wconf 64' lang='lat' dir='ltr'><strong>de</strong></span> <span class='ocrx_word' id='word_1_730' title='bbox 3345 5097 3538 5182; x_wconf 65' lang='lat' dir='ltr'><strong>causa</strong></span> <span class='ocrx_word' id='word_1_731' title='bbox 3574 5113 3758 5182; x_wconf 72' lang='lat' dir='ltr'><strong>supra</strong></span> <span class='ocrx_word' id='word_1_732' title='bbox 3780 5097 3919 5153; x_wconf 86' lang='lat' dir='ltr'><strong>solli-</strong></span> 
     </span>
    </p>
   </div>
   <div class='ocr_carea' id='block_1_109' title="bbox 2343 5170 3920 5247">
    <p class='ocr_par' dir='ltr' id='par_1_109' title="bbox 2343 5170 3920 5247">
     <span class='ocr_line' id='line_1_109' title="bbox 2343 5170 3920 5247; baseline -0.01 -10"><span class='ocrx_word' id='word_1_733' title='bbox 2343 5185 2534 5239; x_wconf 71' lang='lat' dir='ltr'><strong>citavit</strong></span> <span class='ocrx_word' id='word_1_734' title='bbox 2564 5186 2729 5238; x_wconf 70' lang='lat' dir='ltr'><strong>Lucae</strong></span> <span class='ocrx_word' id='word_1_735' title='bbox 2756 5170 2843 5246; x_wconf 55' lang='lat' dir='ltr'><strong>ix;</strong></span> <span class='ocrx_word' id='word_1_736' title='bbox 2891 5178 2980 5235; x_wconf 83' lang='lat'><strong>56.</strong></span> <span class='ocrx_word' id='word_1_737' title='bbox 3034 5174 3386 5247; x_wconf 84' lang='lat' dir='ltr'><strong>Euthymins</strong></span> <span class='ocrx_word' id='word_1_738' title='bbox 3430 5170 3703 5247; x_wconf 74' lang='lat' dir='ltr'><strong>debebat</strong></span> <span class='ocrx_word' id='word_1_739' title='bbox 3742 5183 3920 5247; x_wconf 58' lang='lat' dir='ltr'><strong>nosse,</strong></span> 
     </span>
    </p>
   </div>
   <div class='ocr_carea' id='block_1_110' title="bbox 2343 5241 3927 5327">
    <p class='ocr_par' dir='ltr' id='par_1_110' title="bbox 2343 5241 3927 5327">
     <span class='ocr_line' id='line_1_110' title="bbox 2343 5241 3927 5327; baseline -0.011 -14"><span class='ocrx_word' id='word_1_740' title='bbox 2343 5241 2832 5327; x_wconf 71' lang='lat' dir='ltr'><strong>Chrysostomum</strong></span> <span class='ocrx_word' id='word_1_741' title='bbox 2858 5241 3200 5327; x_wconf 65' lang='lat' dir='ltr'><strong>exclusisse</strong></span> <span class='ocrx_word' id='word_1_742' title='bbox 3213 5245 3394 5327; x_wconf 78' lang='lat' dir='ltr'><strong>etiam</strong></span> <span class='ocrx_word' id='word_1_743' title='bbox 3413 5245 3627 5327; x_wconf 50' lang='grc' dir='ltr'>μείω.</span> <span class='ocrx_word' id='word_1_744' title='bbox 3647 5312 3661 5327; x_wconf 38' lang='grc' dir='ltr'>ι</span> <span class='ocrx_word' id='word_1_745' title='bbox 3681 5256 3851 5327; x_wconf 45' lang='lat'>11111,.</span> <span class='ocrx_word' id='word_1_746' title='bbox 3862 5241 3927 5322; x_wconf 51' lang='grc' dir='ltr'>μϐ</span> 
     </span>
    </p>
   </div>
   <div class='ocr_carea' id='block_1_111' title="bbox 2347 5311 3931 5399">
    <p class='ocr_par' dir='ltr' id='par_1_111' title="bbox 2347 5311 3931 5399">
     <span class='ocr_line' id='line_1_111' title="bbox 2347 5311 3931 5399; baseline -0.013 -13"><span class='ocrx_word' id='word_1_747' title='bbox 2347 5311 2479 5385; x_wconf 62' lang='lat'><strong>:25</strong></span> <span class='ocrx_word' id='word_1_748' title='bbox 2502 5331 2559 5399; x_wconf 85' lang='lat' dir='ltr'><strong>et</strong></span> <span class='ocrx_word' id='word_1_749' title='bbox 2580 5325 2717 5399; x_wconf 73' lang='lat' dir='ltr'><strong>alia</strong></span> <span class='ocrx_word' id='word_1_750' title='bbox 2747 5321 3062 5399; x_wconf 62' lang='lat' dir='ltr'><strong>permulta.</strong></span> <span class='ocrx_word' id='word_1_751' title='bbox 3091 5317 3350 5399; x_wconf 48' lang='lat' dir='ltr'><strong>_C0pi‘ose</strong></span> <span class='ocrx_word' id='word_1_752' title='bbox 3394 5315 3468 5372; x_wconf 89' lang='lat' dir='ltr'><strong>de</strong></span> <span class='ocrx_word' id='word_1_753' title='bbox 3500 5314 3616 5399; x_wconf 61' lang='lat' dir='ltr'><strong>hoc</strong></span> <span class='ocrx_word' id='word_1_754' title='bbox 3647 5312 3776 5399; x_wconf 76' lang='lat' dir='ltr'><strong>loco</strong></span> <span class='ocrx_word' id='word_1_755' title='bbox 3819 5311 3931 5399; x_wconf 73' lang='lat' dir='ltr'><strong>dis-</strong></span> 
     </span>
    </p>
   </div>
   <div class='ocr_carea' id='block_1_112' title="bbox 2345 5388 3933 5539">
    <p class='ocr_par' dir='ltr' id='par_1_112' title="bbox 2345 5388 3933 5539">
     <span class='ocr_line' id='line_1_112' title="bbox 2345 5388 3933 5474; baseline -0.011 -18"><span class='ocrx_word' id='word_1_756' title='bbox 2345 5397 2553 5474; x_wconf 88' lang='lat' dir='ltr'><strong>putavi</strong></span> <span class='ocrx_word' id='word_1_757' title='bbox 2580 5396 2638 5451; x_wconf 91' lang='lat' dir='ltr'><strong>in</strong></span> <span class='ocrx_word' id='word_1_758' title='bbox 2694 5388 2829 5450; x_wconf 77' lang='lat' dir='ltr'><strong>mea</strong></span> <span class='ocrx_word' id='word_1_759' title='bbox 2867 5396 2930 5450; x_wconf 87' lang='lat' dir='ltr'><strong>N.</strong></span> <span class='ocrx_word' id='word_1_760' title='bbox 2976 5394 3126 5448; x_wconf 89' lang='lat' dir='ltr'><strong>Test.</strong></span> <span class='ocrx_word' id='word_1_761' title='bbox 3178 5388 3671 5469; x_wconf 77' lang='lat' dir='ltr'><strong>editione._Nunc</strong></span> <span class='ocrx_word' id='word_1_762' title='bbox 3717 5388 3933 5440; x_wconf 87' lang='lat' dir='ltr'><strong>tantum</strong></span> 
     </span>
     <span class='ocr_line' id='line_1_113' title="bbox 2348 5454 3930 5539; baseline -0.013 -10"><span class='ocrx_word' id='word_1_763' title='bbox 2348 5471 2525 5536; x_wconf 86' lang='lat' dir='ltr'><strong>addo,</strong></span> <span class='ocrx_word' id='word_1_764' title='bbox 2562 5466 2677 5533; x_wconf 76' lang='lat' dir='ltr'><strong>legi</strong></span> <span class='ocrx_word' id='word_1_765' title='bbox 2704 5466 2869 5539; x_wconf 86' lang='lat' dir='ltr'><strong>illum</strong></span> <span class='ocrx_word' id='word_1_766' title='bbox 2895 5464 3093 5520; x_wconf 90' lang='lat' dir='ltr'><strong>locum</strong></span> <span class='ocrx_word' id='word_1_767' title='bbox 3126 5462 3184 5517; x_wconf 91' lang='lat' dir='ltr'><strong>in</strong></span> <span class='ocrx_word' id='word_1_768' title='bbox 3216 5457 3624 5539; x_wconf 59' lang='lat' dir='ltr'><strong>Evapgeliarip</strong></span> <span class='ocrx_word' id='word_1_769' title='bbox 3652 5454 3930 5522; x_wconf 87' lang='lat' dir='ltr'><strong>Gothano,</strong></span> 
     </span>
    </p>
   </div>
   <div class='ocr_carea' id='block_1_113' title="bbox 2346 5532 3699 5609">
    <p class='ocr_par' dir='ltr' id='par_1_113' title="bbox 2346 5532 3699 5609">
     <span class='ocr_line' id='line_1_114' title="bbox 2346 5532 3699 5609; baseline -0.015 -10"><span class='ocrx_word' id='word_1_770' title='bbox 2346 5544 2464 5600; x_wconf 91' lang='lat' dir='ltr'><strong>bris</strong></span> <span class='ocrx_word' id='word_1_771' title='bbox 2495 5532 2594 5597; x_wconf 88' lang='lat' dir='ltr'><strong>die</strong></span> <span class='ocrx_word' id='word_1_772' title='bbox 2626 5532 2683 5607; x_wconf 83' lang='lat'><strong>8,</strong></span> <span class='ocrx_word' id='word_1_773' title='bbox 2715 5537 2800 5594; x_wconf 90' lang='lat' dir='ltr'><strong>uti</strong></span> <span class='ocrx_word' id='word_1_774' title='bbox 2826 5537 2955 5609; x_wconf 86' lang='lat' dir='ltr'><strong>jam</strong></span> <span class='ocrx_word' id='word_1_775' title='bbox 2988 5535 3297 5591; x_wconf 86' lang='lat' dir='ltr'><strong>notaverat</strong></span> <span class='ocrx_word' id='word_1_776' title='bbox 3320 5532 3699 5587; x_wconf 84' lang='lat' dir='ltr'><strong>Wetstenius.</strong></span> 
     </span>
    </p>
   </div>
   <div class='ocr_carea' id='block_1_114' title="bbox 2350 5650 3931 5733">
    <p class='ocr_par' dir='ltr' id='par_1_114' title="bbox 2350 5650 3931 5733">
     <span class='ocr_line' id='line_1_115' title="bbox 2350 5650 3931 5733; baseline -0.011 -12"><span class='ocrx_word' id='word_1_777' title='bbox 2350 5668 2526 5724; x_wconf 86' lang='lat' dir='ltr'><strong>etiam</strong></span> <span class='ocrx_word' id='word_1_778' title='bbox 2562 5663 2688 5720; x_wconf 66' lang='lat' dir='ltr'><strong>haec</strong></span> <span class='ocrx_word' id='word_1_779' title='bbox 2709 5659 3022 5733; x_wconf 84' lang='lat' dir='ltr'><strong>explicare.</strong></span> <span class='ocrx_word' id='word_1_780' title='bbox 3059 5660 3172 5714; x_wconf 83' lang='lat' dir='ltr'><strong>Nec</strong></span> <span class='ocrx_word' id='word_1_781' title='bbox 3193 5654 3418 5733; x_wconf 87' lang='lat' dir='ltr'><strong>_enim__</strong></span> <span class='ocrx_word' id='word_1_782' title='bbox 3441 5650 3713 5733; x_wconf 72' lang='lat' dir='ltr'><strong>utilitatis</strong></span> <span class='ocrx_word' id='word_1_783' title='bbox 3739 5665 3931 5733; x_wconf 55' lang='lat' dir='ltr'><strong>erpers</strong></span> 
     </span>
    </p>
   </div>
   <div class='ocr_carea' id='block_1_115' title="bbox 2350 5720 3930 5810">
    <p class='ocr_par' dir='ltr' id='par_1_115' title="bbox 2350 5720 3930 5810">
     <span class='ocr_line' id='line_1_116' title="bbox 2350 5720 3930 5810; baseline -0.012 -14"><span class='ocrx_word' id='word_1_784' title='bbox 2350 5720 2628 5810; x_wconf 34' lang='lat' dir='ltr'><strong>est—quod</strong></span> <span class='ocrx_word' id='word_1_785' title='bbox 2652 5734 2745 5791; x_wconf 91' lang='lat' dir='ltr'><strong>hic</strong></span> <span class='ocrx_word' id='word_1_786' title='bbox 2769 5720 2923 5790; x_wconf 72' lang='lat' dir='ltr'><strong>inest</strong></span> <span class='ocrx_word' id='word_1_787' title='bbox 2942 5734 3141 5803; x_wconf 87' lang='lat' dir='ltr'><strong>caput,</strong></span> <span class='ocrx_word' id='word_1_788' title='bbox 3174 5728 3249 5786; x_wconf 90' lang='lat' dir='ltr'><strong>de</strong></span> <span class='ocrx_word' id='word_1_789' title='bbox 3278 5724 3522 5785; x_wconf 83' lang='lat' dir='ltr'><strong>muliere</strong></span> <span class='ocrx_word' id='word_1_790' title='bbox 3551 5724 3611 5781; x_wconf 92' lang='lat' dir='ltr'><strong>in</strong></span> <span class='ocrx_word' id='word_1_791' title='bbox 3639 5720 3930 5779; x_wconf 84' lang='lat' dir='ltr'><strong>adulterio-</strong></span> 
     </span>
    </p>
   </div>
   <div class='ocr_carea' id='block_1_116' title="bbox 2351 5806 2805 5882">
    <p class='ocr_par' dir='ltr' id='par_1_116' title="bbox 2351 5806 2805 5882">
     <span class='ocr_line' id='line_1_117' title="bbox 2351 5806 2805 5882; baseline -0.015 -15"><span class='ocrx_word' id='word_1_792' title='bbox 2351 5806 2805 5882; x_wconf 49' lang='lat' dir='ltr'><strong>com—prehensa.</strong></span> 
     </span>
    </p>
   </div>
  </div>
