4120 6310
254 328 386 394 4281

333 466 433 517 Καὶ
456 494 521 506 -—
547 461 727 517 αὐτοῦ.
756 460 1107 534 Ὀργισθέντες
1132 457 1212 510 ἐπὶ
1237 461 1307 526 τῷ
1329 450 1471 519 λόγῳ
1491 450 1584 505 τού
1627 454 1865 514 Νικοὸή-
1894 457 1935 509 Α

262 574 386 627 μου,
422 558 511 605 καὶ
556 551 859 625 φοϐηθέντες
903 554 1102 622 μήποτε
1148 552 1235 599 καὶ
1266 545 1411 602 ἄλλος
1447 550 1545 594 τῶν
1595 545 1861 621 ἀρχόντων

265 646 399 695 εἴποι
427 650 661 693 τοιαῦτα.

341 737 440 784 Καὶ
496 732 696 790 Ἰησοῦς
750 730 861 802 (25)
904 761 971 772 -—
1026 728 1257 783 Ἐλαιῶν.
1301 724 1574 779 Ἐκκλίνων
1624 730 1715 784 τὴν
1772 721 1863 777 διὰ

264 824 449 881 νυκτὸς
482 819 776 877 ἐπιϐουλήν.

337 908 566 981 Ὀρθρου
627 940 696 949 --
750 908 956 969 αύτούς.
994 910 1130 959 Λαὸν
1182 904 1397 958 ἐνταῦθα
1450 924 1578 977 φησι
1627 908 1744 963 τοὺς
1789 902 1863 955 λέ-

963 995 1101 1049 ἐστιν
1184 994 1382 1054 ἀληθῶς
1456 996 1480 1045 ὁ
1552 1004 1861 1069 προφήτης’

266 1092 355 1138 καὶ
411 1090 533 1147 τοὺς
600 1089 834 1156 λέγοντας
891 1082 1044 1146 αὖθις
1092 1086 1169 1137 ὅτι
1223 1084 1386 1143 Οὗτός
1447 1081 1585 1135 ἐστιν
1649 1084 1673 1133 ὁ
1736 1089 1865 1153 Χρι-

266 1018 452 1071 γοντας
534 1000 614 1049 ὅτι
698 998 835 1049 Οὗτὸ
846 1019 866 1059 ς

270 1180 391 1237 στός
424 1193 437 1206 ο
489 1177 608 1247 ὅπερ
656 1174 749 1225 ούκ
809 1173 1083 1245 ἐνεγκόντες
1149 1174 1197 1225 οἱ
1250 1169 1520 1238 Ἰουδαῖοι,
1578 1174 1761 1223 σκόπει
1812 1174 1864 1221 τί

266 1266 659 1337 πονηρεύονται.

340 1353 596 1425 Ἄγουσιν
646 1386 713 1393 σ-
764 1356 1163 1424 μοιχευομένην.
1202 1352 1307 1404 Ἐπ’
1350 1350 1628 1422 αὐτοφώρῳ
1662 1349 1864 1419 λέγεται

268 1447 326 1495 τὸ
354 1443 717 1515 αύτελέγκτως,
752 1441 1070 1513 αύτοφανώς,
1111 1438 1406 1516 προδήλως.

343 1620 423 1673 Ἐν
458 1652 521 1660 -
552 1620 730 1673 αὐτοῦ.
766 1626 1107 1679 Γινώσκοντες
1133 1620 1247 1694 ’γὰρ
1280 1619 1434 1671 αὐτὸν
1490 1617 1734 1689 ἐλεήμονα
1776 1622 1865 1668 καὶ

274 1712 548 1781 συμπαθῆ,
580 1707 912 1783 προσεδόκων
940 1711 1017 1761 ὅτι
1065 1714 1295 1781 φείσεται
1340 1709 1519 1773 αὐτῆς,
1554 1714 1642 1760 καὶ
1690 1708 1866 1759 λοιπὸν

1295 282 1687 387 ΟΟΜΜΕΝΤ,
1737 322 1808 384 ΙΝ
1848 312 2199 385 ῘΟᾹΝΝΕΜ.
2229 364 2297 372 -
2325 328 2477 389 CAP.
2512 332 2656 390 VIII.

3424 366 3431 370 ι
3485 332 3623 398 4282

2052 456 2209 511 Vers.
2244 463 2333 514 53.
2385 462 2449 513 Et
2497 491 2566 499 ——
2612 476 2794 517 suam.
2840 460 3134 535 lndignati
3173 464 3253 520 ob
3283 482 3622 523 sermonem

1977 544 2298 611 Nicodemi,
2332 564 2399 601 ac
2450 549 2721 604 timentes
2773 567 2846 606 ne
2897 551 3043 608 forte
3090 554 3267 609 etiam
3320 556 3622 627 quispiam

1976 634 2129 689 alius
2162 635 2374 691 similia
2398 636 2636 693 diceret.

2049 722 2201 778 CAP.
2233 725 2354 780 VIII
2406 725 2570 782 Vers.
2596 728 2820 785 l.Jesus
2836 736 3031 787 autem
3076 762 3129 773 —
3170 733 3491 791 Olivarum.
3524 736 3625 790 De-

1976 812 2205 868 clinans
2232 820 2549 871 nocturnas
2581 816 2841 873 insidias.

2047 901 2209 956 Vers.
2253 907 2302 958 2.
2334 904 2572 961 Summo
2614 938 2676 947 —
2702 907 2854 964 illos.
2896 909 3187 981 Populum
3227 911 3324 967 hic
3370 911 3627 984 appellat

1977 1004 2079 1045 eos
2109 992 2212 1062 qui
2241 992 2521 1049 dicebant
2554 1011 2565 1050 :
2598 996 2711 1051 Hic
2731 1004 2812 1052 est
2840 1013 2975 1053 vere
3023 1001 3340 1071 propheta:
3364 1002 3627 1073 itemque

1977 1094 2102 1143 eos,
2136 1081 2239 1150 qui
2272 1081 2553 1139 dicebant
2587 1100 2598 1138 :
2650 1085 2760 1140 Hic
2808 1092 2885 1140 est
2940 1088 3209 1143 Christus
3236 1102 3260 1159 ;
3298 1091 3463 1161 quod
3504 1105 3628 1145 non

1976 1166 2230 1224 ferentes
2251 1171 2457 1237 Judaei,
2501 1173 2635 1228 vide
2668 1174 2814 1245 quid
2844 1175 3247 1246 malignentur
3279 1178 3307 1233 7

2050 1347 2211 1402 Vers.
2232 1350 2619 1407 3.Adducunt
2640 1384 2708 1393 —
2731 1355 2956 1410 Versat.
3004 1356 3385 1412 Adulterium
3426 1372 3633 1426 perpe-

1979 1439 2249 1492 trantem.
2292 1439 2404 1490 Ἐπ’
2446 1440 2747 1515 αὐτοφώρῳ,
2778 1441 2895 1497 hoc
2947 1449 3051 1509 est,
3094 1446 3409 1509 manifeste
3445 1454 3500 1501 et
3535 1447 3633 1504 de-

1971 1525 2280 1596 prehense,
2312 1527 2392 1582 ita
2418 1533 2481 1583 ut
2513 1530 2709 1600 negari
2733 1547 2849 1585 nou
2885 1534 3091 1602 possit.

2048 1614 2210 1670 Vers.
2240 1617 2294 1669 5.
2320 1617 2385 1671 In
2409 1619 2654 1674 —Vers.
2685 1622 2735 1673 6.
2765 1621 2961 1676 illum.
2989 1620 3428 1691 Cognoscentes
3445 1625 3630 1690 enim,

1982 1721 2114 1759 eum
2149 1705 2589 1761 misericordem
2622 1724 2750 1763 esse
2781 1725 2851 1763 ac
2898 1712 3381 1781 compatientem.
3413 1712 3637 1781 cogita-

271 1799 446 1861 ἕξουσι
477 1804 794 1873 κατηγορίαν
825 1799 935 1850 κατ’
966 1800 1145 1859 αὑτοῦ,
1180 1801 1243 1858 ὡς
1282 1802 1589 1872 παρανόμως
1630 1794 1866 1869 φειδομέ-

2004 1798 2125 1850 )ant
2175 1794 2332 1867 quod
2404 1802 2560 1850 esset
2616 1796 2695 1852 illi
2749 1799 3100 1868 parciturus,
3135 1807 3186 1854 et
3246 1801 3325 1856 ita
3373 1801 3637 1857 habituri

268 1908 357 1940 νου
380 1896 475 1950 τῆς
502 1888 601 1940 ἀπὸ
631 1895 723 1940 τοῦ
743 1893 900 1960 νόμον
926 1887 1283 1959 λιθαζομένης.

339 2156 397 2208 Ὀ
449 2153 508 2209 δὲ
574 2156 781 2216 Ἰησοῦς
832 2186 896 2194 -
954 2163 1070 2226 γῆν.
1123 2153 1283 2228 Ὀπερ
1344 2155 1559 2207 εἰώθασι
1627 2154 1871 2215 πολλάκις

269 2254 435 2299 ποιεῖν
475 2248 523 2298 οἱ
575 2249 646 2317 μὴ
696 2246 916 2305 θέλοντες
964 2242 1335 2315 ἀποκρίνεσθαι
1393 2244 1506 2315 (‘26)
1558 2247 1686 2315 πρὸς
1750 2247 1871 2304 τοὺς

1309 2336 1458 2403 γνούς

271 2429 367 2482 τὴν
421 2427 669 2495 μηχανὴν
720 2429 1079 2497 προσεποιεῖτο
1139 2424 1352 2493 γράφειν
1404 2422 1469 2481 εἰς
1496 2426 1587 2479 τὴν
1626 2426 1745 2492 γὴν,
1780 2426 1869 2473 καὶ

272 2334 566 2407 ἐρωτῶντας
614 2335 809 2407 ἄκαιρα
859 2338 948 2385 καὶ
1024 2331 1251 2394 ἀνάξια·
1309 2336 1458 2403 γνούς
1543 2335 1643 2407 γὰρ
1703 2333 1870 2384 αὐτῶν

277 2517 348 2585 μὴ
381 2516 662 2584 προσέχειν
690 2508 766 2572 οἷς
797 2511 983 2582 ἔλεγον.

348 2601 435 2661 Ὠς
474 2633 540 2641 -
590 2602 771 2658 αὐτήν.
826 2600 963 2671 Ὀρα
1007 2605 1191 2672 σοφίαν
1217 2609 1306 2659 τῆς
1358 2599 1668 2670 αύτοσοφίας
1716 2618 1874 2650 κατα-

281 2694 623 2763 σοφιζομένην
678 2690 991 2761 εὐμηχάνως
1044 2692 1137 2750 τὰς
1196 2691 1441 2759 μηχανὰς
1499 2688 1683 2740 αὐτῶν.
1738 2687 1875 2759 ’Ὸρα

276 2788 387 2840 πῶς
438 2781 548 2851 ἅμα
602 2784 690 2830 καὶ
748 2783 834 2830 τὸν
881 2787 1033 2849 νόμον
1084 2778 1323 2850 ἐτήρησε,
1358 2781 1443 2827 καὶ
1494 2786 1588 2838 τῆς
1631 2782 1874 2846 γυναικὸς

276 2868 533 2939 ἐφείσατο.
587 2867 862 2940 Ἐπέτρεφε
909 2870 1008 2941 γὰρ
1059 2873 1144 2918 τὸν
1203 2866 1563 2938 ἀναμάρτητον
1613 2866 1667 2928 ἐξ
1707 2866 1873 2917 αὐτῶν

274 2956 537 3026 ἄρξασθαι
590 2964 677 3007 τοῦ
734 2954 1013 3007 λιθοϐολεῖν
1079 2955 1263 3019 αὐτὴν,
1333 2952 1488 3017 εἰδὼς
1557 2958 1749 3015 πάντας
1824 2955 1871 3007 ἐν

270 3044 572 3117 ἁμαρτίαις.

1954 2346 2095 2401 νῳιθ
2141 2332 2491 2398 rogantibus
2532 2349 2544 2386 :

1979 1888 2173 1939 essent
2203 1885 2487 1939 adversus
2531 1902 2667 1941 eum
2720 1889 3179 1956 accusationem,
3231 1896 3434 1961 utpote
3481 1890 3633 1959 legis

1977 1973 2453 2041 transgressione
2473 1974 2551 2029 illi
2572 1982 2931 2045 parcentem,
2951 1993 3081 2048 quas
3097 1979 3424 2034 secundum
3439 1979 3634 2049 legem

1977 2061 2304 2132 lapidanda
2334 2068 2478 2118 erat.

2049 2152 2212 2206 Vers.
2245 2156 2293 2207 6.
2324 2151 2485 2207 Jesus
2526 2182 2598 2194 —
2641 2156 2820 2210 terra.
2869 2156 3032 2219 Quod
3076 2155 3409 2228 frequenter
3439 2156 3635 2214 facere

1980 2241 2189 2306 solent,
2221 2242 2323 2313 qui
2362 2242 2723 2313 respondere
2756 2243 2964 2299 nolunt
2993 2246 3339 2316 importuna
3369 2247 3639 2318 indigna-

2590 2332 2826 2404 cognita
2856 2335 3014 2388 enim
3059 2335 3289 2390 illorum
3332 2337 3637 2392 machina-

1982 2419 2160 2485 tione,
2195 2420 2455 2487 lingebat
2496 2436 2555 2475 se
2586 2422 2643 2475 in
2689 2427 2845 2477 terra
2887 2423 3157 2488 scribere,
3192 2440 3300 2479 nec
3329 2424 3423 2479 his
3450 2431 3638 2480 atten-

1981 2508 2142 2576 dere,
2182 2524 2318 2579 qua:
2340 2508 2635 2564 dicebant.

2054 2597 2212 2650 Vers.
2249 2614 2299 2666 7.
2350 2597 2495 2651 Cum
2538 2626 2605 2637 —
2645 2597 2838 2652 illam.
2888 2598 3027 2654 Vide
3072 2600 3426 2670 sapientiam
3482 2603 3631 2672 ejus,

1982 2686 2085 2756 qui
2150 2686 2282 2755 ipsa
2330 2691 2416 2739 est
2486 2686 2802 2756 Sapientia.
2857 2691 3002 2741 Nam
3055 2689 3344 2759 sagaciter
3397 2690 3631 2746 illorum

1983 2774 2207 2844 decepit
2250 2774 2722 2829 machinationes
2754 2793 2767 2830 :
2802 2776 2978 2830 simul
3007 2782 3063 2831 et
3104 2780 3400 2834 servando
3441 2780 3632 2849 legem

1983 2870 2039 2918 et
2064 2864 2362 2935 parcendo
2390 2863 2633 2918 mulieri.
2660 2866 2963 2937 Siquidem
2979 2868 3025 2919 ei
3050 2867 3151 2938 qui
3174 2884 3243 2922 ex
3270 2869 3414 2939 ipsis
3444 2886 3477 2923 a
3505 2885 3638 2940 pec-

1982 2959 2114 3008 cato
2172 2953 2459 3007 immunis
2516 2958 2688 3019 esset,
2751 2955 3017 3025 permisit
3082 2962 3143 3010 ut
3191 2972 3322 3011 eam
3374 2957 3635 3029 lapidare

1981 3042 2297 3113 inciperet:
2342 3043 2536 3097 sciens
2559 3059 2766 3099 omnes
2794 3044 3053 3116 peccatis
3085 3061 3215 3101 esse
3246 3047 3561 3102 obnoxios.

346 3137 446 3185 Καὶ
499 3132 651 3183 πάλιν
709 3163 771 3172 -α
830 3140 949 3203 γῆν.
1003 3131 1113 3185 Ἵνα
1141 3137 1213 3204 μὴ
1258 3131 1537 3204 βλέποντος
1581 3134 1650 3196 εἰς
1684 3134 1873 3195 αύτούς

2052 3131 2216 3186 Vers.
2252 3136 2300 3187 8.
2335 3132 2699 3204 Rursumque
2723 3166 2791 3173 —-
2814 3140 2992 3191 terra.
3025 3136 3096 3190 Ut
3121 3135 3259 3190 dum
3289 3135 3415 3207 ipse
3446 3137 3503 3191 in
3536 3153 3636 3192 eos

272 3222 632 3293 αἰσχύνωνται
683 3223 806 3296 ῥᾷον
868 3222 1032 3283 οὕτως
1062 3221 1407 3293 ἐλεγχθέντες,
1470 3228 1559 3274 καὶ
1632 3224 1731 3289 ἱνα,
1804 3226 1873 3286 ὡς

273 3312 431 3363 αὑτοῦ
492 3308 648 3369 δῆθεν
698 3310 1089 3382 ἀσχολουμένου
1146 3316 1212 3370 εἰς
1267 3314 1323 3362 τὸ
1376 3311 1610 3386 γράφειν,
1646 3310 1728 3385 ἐξῇ
1782 3314 1869 3363 αύ-

273 3408 381 3462 τοῖς
427 3402 850 3472 ύπαναχωρῆσαι
906 3403 1004 3472 πρὸ
1054 3404 1404 3473 φανερωτέρας
1474 3407 1869 3472 καταγνώσεως

274 3495 366 3543 καὶ
422 3490 588 3542 αὐτῶν
643 3483 742 3564 γὰρ
821 3486 1047 3562 ἐφείδετο
1121 3486 1193 3541 δι’
1274 3488 1555 3563 ὑπερϐολὴν
1645 3510 1873 3565 χρηστο-

274 3600 450 3640 τητος.

353 3672 418 3721 Οἱ
465 3665 523 3721 δὲ
572 3701 639 3708 -
674 3668 935 3740 ἐσχάτων.
976 3665 1166 3730 Οὐδεὶς
1193 3671 1294 3740 γὰρ
1328 3666 1687 3743 ἀναμάρτητον
1720 3670 1875 3723 εἰπεῖν

276 3757 456 3809 ἑαυτὸν
488 3759 517 3817 ἡ
528 3756 737 3811 δύνατο.

352 3853 451 3900 Καὶ
504 3880 572 3888 -
614 3852 951 3920 κατέκρινεν;
1006 3849 1470 3922 Ἀναχωρήσαντες
1511 3851 1612 3921 γὰρ
1673 3848 1874 3920 ἀφῆκαν

276 3937 440 3995 αὐτὴν
468 3939 660 3989 ἄνετον
705 3936 811 3989 ἐπεὶ
858 3934 915 3988 δὲ
946 3938 1139 4004 ἄνετον,
1182 3940 1381 3997 πάντως
1408 3943 1495 3989 καὶ
1528 3938 1873 4010 ἀκατάκριτον

272 4030 332 4079 τὸ
365 4025 440 4077 ἐπ’
474 4026 675 4086 αὐτοῖς’
717 4022 745 4083 ἦ
775 4029 873 4100 γάρ
907 4025 965 4077 ἂν
999 4031 1260 4098 συνέσχον
1300 4027 1477 4087 αὐτὴν.

1982 3237 2101 3276 non
2131 3222 2470 3293 respiceret,
2503 3226 2913 3278 erubescerent
2941 3224 3131 3278 lenius
3157 3225 3459 3293 redarguti
3492 3243 3504 3279 :
3531 3227 3642 3280 uti-

1983 3327 2100 3382 que
2159 3310 2238 3365 ita
2288 3311 2385 3365 illo
2430 3312 2488 3365 in
2544 3312 2856 3366 scribendo
2909 3319 3221 3383 occupato,
3276 3313 3492 3378 liceret,
3549 3314 3636 3368 eis

1984 3399 2203 3453 sensim
2235 3400 2569 3465 abscedere,
2608 3406 2931 3472 antequam
2962 3400 3333 3455 manifestius
3356 3402 3640 3457 condem-

1984 3494 2270 3543 narentur
2302 3504 2479 3543 :nam
2512 3505 2621 3544 sua
2644 3505 2884 3544 summa
2933 3489 3299 3561 benignitate
3329 3490 3511 3546 etiam
3538 3490 3633 3563 ip-

1986 3579 2067 3633 sis
2098 3579 2401 3651 parcebat.

2058 3669 2214 3725 Vers.
2268 3672 2321 3725 9.
2370 3668 2571 3723 Atilli
2599 3700 2665 3708 —
2692 3676 3029 3737 postremos.
3076 3668 3278 3724 Nullus
3329 3669 3486 3725 enim
3530 3672 3636 3727 sei-

1985 3774 2162 3831 psum
2203 3775 2238 3814 a
2277 3763 2522 3829 peccato
2552 3759 2877 3813 immunem
2900 3758 3097 3814 dicere
3139 3764 3388 3830 poterat.

2057 3847 2215 3901 Vers.
2260 3852 2310 3902 9.
2346 3848 2509 3902 Et—
2535 3849 2698 3901 Vers.
2736 3851 2820 3903 lO.
2854 3848 3263 3903 condemnavit
3291 3849 3317 3902 ‘I
3346 3849 3641 3906 Receden-

1985 3940 2070 3993 tes
2103 3952 2366 4009 namque
2393 3937 2740 3992 dimiserant
2772 3952 2898 3991 eam
2927 3937 3231 4003 intactam,
3265 3938 3468 4010 utique
3516 3956 3639 3996 non

1983 4028 2470 4092 condemnatam,
2507 4026 2669 4098 quod
2701 4026 2777 4081 ad
2807 4042 2870 4081 se
2902 4026 3250 4097 pertinebat,
3284 4028 3507 4101 alioqui
3533 4045 3637 4101 0p-

1904 4122 1909 4131 '
1984 4119 2502 4190 pressissenteam.

343 4203 400 4255 Ἡ
428 4235 496 4243 ——
533 4210 843 4277 κατακρίνω.
882 4204 941 4257 Εἰ
975 4208 1073 4277 γαρ
1125 4204 1301 4257 ἐκεῖνοι
1347 4206 1610 4278 ἄνθρωποι
1642 4210 1774 4266 ὄντες
1814 4206 1872 4259 ού

271 4294 574 4365 κατέκριναν
617 4312 691 4359 σε,
722 4293 889 4365 πολλῳ
919 4295 1106 4366 μαλλον
1153 4292 1276 4347 οὐδὲ
1327 4294 1426 4366 ἐγώ
1456 4314 1511 4347 σε
1557 4300 1871 4368 κατακρίνω,

274 4386 405 4445 Θεὸς
432 4384 498 4434 ὡν
529 4388 618 4434 καὶ
648 4390 736 4434 τού
763 4388 919 4456 νόμου
956 4387 1157 4457 Κύριος.

353 4563 577 4633 Πορεύου
634 4592 699 4600 —
772 4561 1051 4633 ἁμάρτανε.
1130 4562 1433 4636 Ἀρκούντος
1497 4572 1587 4614 τοῦ
1634 4565 1875 4621 τηλικού·

278 4670 369 4702 τον
426 4650 700 4722 οριέμϐον,
731 4656 819 4701 και
872 4660 966 4711 τῆς
1020 4650 1229 4702 ἐνώπιον
1285 4655 1545 4703 τοσούτων
1611 4654 1875 4725 αἰσχύνης

280 4741 346 4800 εἰς
402 4746 675 4814 nympha-
746 4742 873 4811 ἔγνω
933 4743 1034 4814 γὰρ
1107 4740 1269 4798 αὐτὴν
1327 4747 1415 4793 καὶ
1476 4749 1876 4813 μετανοήσασαν

280 4827 618 4901 ὁλοκαρδίως.

352 4917 512 4969 Πάλιν
587 4950 656 4959 --
720 4922 945 4990 κόσμου.
1018 4918 1103 4979 Ὠς
1173 4921 1408 4991 φωτίζων
1459 4924 1543 4973 τὸν
1601 4930 1717 4975 νοῦν
1774 4932 1875 4975 τῶν

276 5004 576 5079 ἀνθρώπων,
625 5012 713 5059 καὶ
744 5004 952 5078 ὁδηγῶν
981 5006 1080 5059 ἀπὸ
1138 5016 1232 5069 τῆς
1279 5009 1478 5071 πλάνης
1520 5010 1591 5072 εἰς
1624 5016 1717 5070 τὴν
1750 5011 1875 5071 ἀλή-

275 5098 415 5149 θειαν
470 5100 555 5147 καὶ
603 5094 703 5147 ἀπὸ
743 5102 833 5155 τῆς
889 5097 1149 5168 ἁμαρτίας
1202 5096 1271 5157 εἰς
1308 5102 1402 5156 τὴν
1451 5098 1658 5173 ἀρετὴν,
1692 5106 1779 5154 καὶ
1808 5105 1875 5165 ὡς

271 5184 623 5256 καταλάμπων
679 5189 767 5235 καὶ
826 5182 1121 5257 φαιδρύνων
1172 5190 1230 5239 τὸ
1307 5190 1612 5260 ἡγεμονικὸν
1682 5191 1870 5257 αὐτῶν,

269 5276 438 5335 καθὼς
495 5279 583 5326 καὶ
637 5272 685 5325 ἐν
736 5278 1028 5347 προοιμίοις
1096 5284 1186 5327 τοῦ
1244 5282 1497 5351 παρόντος
1558 5280 1871 5352 Εὐαγγελίου

2057 4209 2215 4261 Vers.
2250 4207 2337 4261 ll.
2388 4206 2505 4271 Que
2550 4236 2621 4246 —
2673 4206 3003 4263 condemno.
3064 4209 3209 4263 Nam
3252 4207 3296 4262 si
3349 4207 3449 4273 illi,
3500 4225 3638 4264 cum

1981 4295 2250 4350 homines
2297 4294 2427 4361 sint,
2467 4301 2517 4349 te
2540 4310 2657 4350 non
2684 4295 3263 4363 condemnaverunt,
3296 4296 3482 4352 multo
3516 4314 3642 4353 ma.-

1983 4385 2074 4455 gis
2111 4400 2239 4455 ego,
2265 4385 2367 4456 qui
2402 4384 2551 4439 Deus
2580 4401 2738 4451 sum,
2776 4385 3042 4458 legisque
3074 4386 3391 4455 Dominus,
3421 4392 3476 4441 te
3515 4402 3639 4443 non

1985 4468 2332 4524 condemno.

2057 4558 2221 4613 Vers.
2258 4559 2341 4611 ll.
2371 4557 2487 4612 Abi
2515 4589 2583 4598 ——
2601 4560 2959 4627 peccaveris.
2992 4558 3141 4614 Satis
3168 4558 3329 4613 enim
3360 4562 3483 4614 erat
3504 4558 3641 4615 talis

1908 4645 1953 4699 D
1988 4646 2333 4717 divulgatio,
2368 4654 2423 4702 et
2466 4664 2667 4703 coram
2709 4652 2790 4703 tot
2831 4647 3186 4703 adversariis
3226 4648 3643 4704 erubescentia

1991 4750 2096 4807 pro
2129 4737 2425 4808 supplicio
2461 4754 2472 4792 :
2509 4737 2771 4793 maxime
2790 4753 2926 4793 cum
2945 4737 3117 4792 sciret
3138 4736 3299 4809 quod
3321 4737 3483 4794 illam
3515 4742 3643 4795 toto

1988 4828 2160 4882 corde
2189 4828 2518 4898 poeniteret.

2058 4918 2212 4972 Vers.
2245 4918 2334 4973 12.
2373 4918 2589 4972 [terum
2616 4947 2686 4959 —
2708 4917 2937 4973 mundi.
2971 4920 3179 4989 Utpote
3228 4921 3476 4973 mentem
3534 4919 3644 4975 ho-

1986 5006 2218 5062 minum
2238 5006 2581 5062 illuminans
2602 5007 2744 5062 etab
2759 5023 2953 5062 errore
2967 5007 3195 5062 ducens
3215 5008 3292 5064 ad
3311 5009 3638 5079 veritatem,

1985 5113 2021 5151 a
2054 5101 2301 5167 peccato
2333 5096 2407 5152 ad
2453 5097 2724 5152 virtutem
2768 5113 2781 5152 :
2830 5102 2887 5152 et
2918 5102 3209 5168 tanquam
3235 5096 3542 5153 illustrans
3572 5114 3642 5154 ac

1984 5186 2324 5242 exhilarans
2396 5186 2629 5241 animas
2687 5201 2917 5254 eorum,
2998 5185 3518 5257 quemadmodum
3576 5186 3643 5244 in

1988 5274 2283 5333 Prooemio
2308 5276 2612 5347 praesentis
2645 5274 2945 5345 Evangelii
2977 5274 3390 5345 disseruimus,
3424 5274 3527 5332 ubi
3556 5275 3647 5335 di-

1438 5458 1661 5528 Variae
1715 5460 2046 5531 lectiones
2095 5470 2160 5529 et
2222 5470 2427 5528 notae.

353 5639 480 5715 (°_2_5_)_
498 5638 609 5696 Pro
637 5639 885 5715 vulgari,
912 5641 1079 5715 Jesus
1110 5648 1327 5715 autem,
1356 5644 1522 5715 quod
1552 5643 1878 5705 Hentenius

280 5710 529 5779 addidit,
560 5710 803 5786 uterque
831 5713 1033 5784 habet,
1065 5718 1165 5767 Καὶ
1192 5710 1415 5777 Ἰησοῡξ.

2062 5648 2176 5723 (26)
2208 5647 2605 5725 Αποκρίνασθαι
2636 5646 2702 5704 Α.
