4120 6310
204 325 341 393 4288

204 469 309 534 χοῦ
338 461 468 533 λέγει
499 457 593 512 διὰ
619 462 709 516 τὴν
743 456 1001 509 ἀσθένειαν
1033 455 1214 517 αὐτῶν,
1242 452 1333 501 ἱνα
1362 449 1578 511 εκείνοις
1603 454 1691 523 μὲν
1720 454 1795 510 εἴη
1839 451 1880 504 Α

207 551 508 621 ἀσυμφανῆ,
540 554 649 609 τοῖς
681 543 1057 619 δυνατωτέροις
1099 541 1154 595 δε
1203 546 1540 614 Χριστιανοῖς
1581 543 1798 612 ἐμφανῇ.

204 644 299 692 Eni
354 640 556 690 πάντων
602 632 687 688 οὖν
738 643 835 686 τῶν
892 635 1133 686 τοιούτων
1190 633 1386 687 ταύτην
1434 634 1661 700 γίνωσκε
1709 635 1802 687 τὴν

202 729 393 780 αἰτίαν.

276 818 406 887 Ἐγὼ
457 846 522 855 -
576 813 821 887 ἐμαυτοῦ.
872 812 1029 864 Πάλιν
1074 814 1203 884 πρὸς
1244 815 1300 862 τό
1335 827 1346 838 ’
1379 814 1443 861 Σὺ
1488 812 1606 882 περὶ
1654 827 1803 859 σεαυ-

198 912 289 957 τοῦ
322 910 621 978 μαρτυρεῖς,
666 908 891 954 ποιεῖται
935 904 1021 952 τὸν
1063 900 1233 970 λόγον,
1292 899 1421 969 Ἐγὼ
1453 898 1578 969 εἰμι,
1619 897 1797 967 λέγων,

201 996 226 1047 6
271 1001 548 1067 μαρτυρῶν
601 996 719 1066 περὶ
766 989 1010 1062 ἐμαυτοῦ,
1063 989 1105 1041 εἰ
1158 995 1247 1041 καὶ
1300 984 1476 1049 οὐδεὶς
1551 993 1804 1060 μαρτυρεῖ

199 1086 320 1157 περὶ
371 1081 595 1133 ἑαυτοῦ·
631 1081 726 1151 ἐγὼ
775 1081 863 1150 μὲν
914 1081 1014 1150 γὰρ
1070 1079 1139 1139 ὡς
1200 1081 1347 1146 Θεὸς,
1400 1072 1569 1135 οὐδεὶς
1634 1070 1692 1126 δὲ
1740 1076 1803 1133 ὡς

201 1173 498 1243 ἄνθρωπος.

274 1352 376 1401 Καὶ
413 1379 478 1387 —
522 1352 724 1419 Πατήρ.
773 1345 832 1397 Εἰ
862 1349 932 1417 μὴ
980 1343 1077 1416 ἐγὼ
1128 1341 1266 1396 δοκῶ
1310 1346 1429 1415 ύμῖν
1482 1342 1802 1405 ἀξιόπιστος.

197 1442 470 1511 Μαρτυρεῖ
522 1438 621 1508 γὰρ
678 1431 771 1487 διὰ
824 1454 913 1486 του
975 1434 1241 1506 προφήτου
1302 1437 1476 1503 λέγων·
1538 1428 1679 1484 Ἰδού
1728 1434 1802 1481 τέ-

199 1528 346 1578 θεικὰ
397 1545 453 1577 σε
505 1525 575 1584 εἰς
610 1532 714 1596 φὼς
740 1522 911 1586 ἐθνῶν,
954 1524 1138 1594 [ἤγουν
1181 1523 1290 1594 (33)
1332 1521 1487 1582 εἰςτό
1536 1517 1662 1572 εἶναι
1703 1527 1804 1591 φῶς

196 1613 402 1686 ἔθνῶν.]
456 1618 770 1687 Προείρηται
816 1610 874 1664 δὲ
920 1617 1010 1663 καὶ
1063 1610 1111 1662 ἐν
1160 1620 1230 1681 τῷ
1285 1608 1490 1682 ἑϐδόμῳ
1548 1608 1803 1681 κεφαλαίῳ

194 1712 305 1764 πῶς
347 1705 372 1754 6
422 1707 601 1774 Πατὴρ
634 1708 889 1775 μαρτυρεῖ
935 1706 1050 1773 περὶ
1102 1700 1280 1770 αὐτοῦ,
1340 1702 1459 1751 ἔνθα
1507 1707 1674 1750 κεῖται
1724 1701 1801 1762 τὸ,

201 1796 298 1843 Καὶ
342 1793 367 1843 6
394 1790 608 1863 πέμψας
631 1810 695 1863 με
726 1795 902 1863 Πατὴρ
937 1789 1072 1861 (34),
1107 1789 1261 1851 αὐτὸς
1297 1792 1662 1863 μεμαρτύρηκε
1690 1806 1804 1861 περι
1837 1800 1881 1855 Β

203 1878 349 1953 ἐμοῦ.

270 1968 481 2040 Ἔλεγον
505 2000 569 2008 -
595 1976 687 2021 σοῦ
715 1986 726 2033 ;
754 1966 957 2040 Ἔλεγον
976 1976 1127 2019 τοῦτο
1149 1970 1583 2041 προσποιούμενοι
1605 1965 1803 2037 ἀγνοεῖν

201 2062 320 2110 τίνα
348 2057 486 2129 λέγει
512 2061 737 2133 Πατέρα,
765 2062 855 2110 καὶ
884 2057 1232 2132 πειράζοντες.

276 2236 558 2309 Ἀπεκρίθη
659 2266 727 2274 -
808 2254 929 2306 μου.
1020 2233 1125 2307 [Ὠς
1204 2235 1316 2306 (35)

199 2333 263 2398 τῇ
314 2324 527 2396 ἀληθεία
555 2327 654 2398 γὰρ
709 2321 906 2389 οἴδατε,
942 2326 1111 2384 καθὼς
1154 2330 1242 2375 καὶ
1291 2323 1523 2397 ἀνωτέρω
1569 2320 1806 2381 δεδηλω-

659 2266 727 2274 -
808 2254 929 2306 μου.
1020 2236 1125 2307 [Ὠς
1204 2236 1316 2306 (35)
1394 2236 1801 2308 προσποιεισθε·

203 2434 308 2468 ται.
361 2413 430 2465 Ἠ
480 2422 633 2466 τοῦτο
690 2410 817 2480 εἶπε,
875 2410 1011 2465 διότι
1077 2421 1479 2485 προσεποιοῦντο
1532 2432 1805 2483 γινωσκειν

200 2504 359 2555 αὐτὸν
412 2506 523 2554 υἱὸν
575 2510 666 2554 τοῦ
706 2502 922 2575 Ἰωσὴφ,
956 2502 1112 2574 λέγων
1148 2521 1159 2531 ’
1196 2503 1254 2555 Εἰ
1297 2504 1459 2563 οὕτως
1500 2499 1696 2566 οἰδατε,
1739 2506 1806 2562 ὡς

202 2594 598 2667 προσποιεῖσθε,
644 2592 776 2644 Οὔτε
815 2591 901 2663 ἐμὲ
956 2589 1134 2644 οἴδατε
1158 2610 1168 2621 ⁸
1204 2591 1262 2642 ού
1292 2594 1390 2663 γὰρ
1432 2592 1527 2661 ἐγὼ
1558 2593 1668 2652 υἱὸς
1716 2598 1805 2642 τοῦ

203 2683 401 2753 Ἰωσήφ
434 2699 444 2710 ·
480 2683 596 2733 οὔτε
631 2684 715 2732 τὸν
748 2685 953 2754 Πατέρα
981 2699 1081 2753 μου
1108 2700 1120 2711 ο
1153 2680 1264 2751 (36)
1312 2680 1369 2731 ού
1408 2685 1507 2753 γὰρ
1555 2680 1579 2729 6
1612 2680 1805 2750 Ἰωσὴφ

201 2775 378 2843 πατὴρ
412 2789 533 2839 μου.

274 2858 336 2910 Εἰ
365 2888 435 2896 —
462 2854 638 2929 ᾔδειτε
668 2857 755 2912 οἶν.
802 2863 941 2918 Misi;
983 2858 1081 2929 γὰρ
1132 2854 1409 2928 ἀμφότεροι
1454 2858 1673 2927 φύσεως.
1713 2859 1808 2907 Καὶ

206 2946 256 2996 ἐν
296 2953 366 3012 τῷ
415 2942 767 3015 ἑκκαιδεκάτῳ
822 2942 881 2996 δε
927 2944 1184 3016 κεφαλαίῳ
1240 2948 1365 3019 πρὸς
1428 2948 1514 2996 τὸν
1560 2945 1807 2997 Φίλιππον

206 3037 406 3105 εἴρηκεν
442 3053 452 3063 ·
530 3032 588 3084 Ὀ
647 3033 884 3104 ἑωρακὼς
953 3032 1057 3105 ἐμὲ,
1148 3033 1339 3107 ἑώρακε
1417 3037 1502 3085 τὸν
1586 3039 1805 3106 Πατέρα,

207 3126 367 3193 ἤγουν
400 3123 425 3173 6
472 3126 740 3186 νενοηκὼς,
790 3124 815 3173 6
857 3124 1027 3193 γνούς.
1082 3120 1303 3180 Εἳὸησιν
1345 3126 1444 3196 γὰρ
1499 3129 1587 3175 καὶ
1625 3125 1807 3197 ὅρασιν
1845 3142 1885 3199 C

205 3210 299 3262 οὐκ
343 3211 603 3268 αἰσῦητήν
639 3229 815 3281 φησιν,
851 3209 976 3262 ἀλλὰ
1006 3216 1213 3270 νοητήν.
1245 3210 1382 3264 Ἐπεὶ
1416 3208 1473 3264 δὲ
1521 3212 1605 3284 ἐμὲ
1649 3233 1808 3283 προσ-

204 3301 442 3353 ποιεῖσθε
488 3304 558 3370 μὴ
608 3295 820 3369 εἰδέναι,
868 3298 1157 3361 ἀκολούθως
1200 3306 1290 3353 καὶ
1339 3305 1422 3352 τὸν
1471 3307 1673 3375 Πατέρα
1709 3322 1808 3373 μου

206 3390 580 3464 προσποιεῖσθε
601 3392 672 3458 μὴ
708 3385 918 3440 εἰδέναι.

273 3485 455 3530 Ταῦτα
499 3507 566 3517 —
610 3477 999 3549 γαζοφυλακίῳ.
1042 3485 1219 3531 Ταῦτα
1266 3482 1331 3531 τά
1360 3478 1806 3554 παῤῥησιαστικά.

206 3572 589 3639 Επεσημὴνατο
627 3570 728 3639 γὰρ
759 3570 845 3618 τὸν
876 3571 1051 3633 τόπον,
1088 3565 1333 3620 δεικνύων
1374 3574 1467 3626 τὴν
1510 3568 1809 3643 παρρησίαν

204 3664 294 3708 τοῦ
324 3653 678 3708 διδασκαλου.
706 3656 1094 3727 Γαζοφυλάκιον
1118 3653 1196 3721 δὲ,
1220 3662 1276 3708 τὸ
1302 3658 1807 3730 θησαυροφυλάκιον,

204 3750 321 3817 περὶ
352 3745 413 3796 οὗ
447 3744 764 3817 πλατύτερον
810 3743 857 3795 ἓν
900 3754 972 3816 τῷ
1003 3755 1411 3819 τεσσαρακοστῷ
1442 3754 1628 3821 πρώτῳ
1659 3768 1810 3821 κεφα-

205 3833 334 3905 λαίῳ
367 3839 461 3887 τοῦ
492 3835 622 3885 κατὰ
644 3835 855 3905 Μάρκον
884 3835 1179 3909 εἰρήκαμεν.

280 4008 558 4064 Διδάσκων
590 4008 636 4060 ἐν
662 4017 730 4079 τῷ
764 4012 901 4083 ἱερῷ.
928 4016 1166 4083 Δημοσία
1192 4030 1203 4041 ·
1234 4010 1280 4063 ἐν
1312 4015 1476 4084 τούτῳ
1506 4015 1606 4087 γὰρ
1640 4010 1700 4071 ἦν
1722 4019 1809 4066 καὶ

206 4105 265 4153 τὸ
296 4098 705 4173 γαζοφυλάκιον.

282 4194 382 4242 Καὶ
411 4216 479 4229 —
509 4187 681 4243 αὐτόν.
717 4193 865 4241 Οὕτω
896 4188 1401 4264 παρρησιαζόμενον.

279 4364 401 4416 Ὀτι
435 4395 500 4404 -
547 4364 726 4419 αὐτοῦ.
760 4365 816 4417 ’Π
869 4375 958 4418 τοῦ
1007 4366 1358 4439 συλληφθῆναι
1414 4376 1502 4423 καὶ
1540 4371 1810 4446 ἀναιρεθῆ-

208 4474 294 4505 ναι
334 4452 504 4506 αὐτόν.
552 4450 698 4506 Ἔδει
727 4458 828 4529 γὰρ
873 4464 1051 4507 τοῦτον
1096 4459 1168 4508 ἔτι
1216 4460 1681 4535 θαυματουργῆσαι
1722 4470 1810 4517 καὶ
1841 4501 1887 4556 D

224 4539 246 4556 ﬂ
286 4538 307 4556 ἢ
334 4541 377 4556 ιν
534 4545 541 4556 ι
640 4542 685 4556 ΝΚ
742 4547 749 4556 ι
851 4543 861 4553 9
982 4549 990 4556 ι
1167 4544 1177 4556 ἱ
1345 4551 1353 4556 .
1479 4551 1491 4556 ρ
1623 4554 1632 4556 -

211 4538 433 4602 διδάξαι
464 4545 546 4591 καὶ
574 4542 788 4604 πολλούς
820 4543 889 4605 εἷς
933 4549 1108 4595 πίστιν
1158 4544 1576 4617 ἐπισπάσασθαι,
1609 4554 1671 4611 ὡς
1722 4559 1811 4606 καὶ

210 4630 466 4705 προλαϐον
482 4650 550 4691 τες
574 4630 867 4705 εἰρήκαμεν.
904 4640 1137 4703 Συνεχὼς
1163 4630 1220 4685 δὲ
1246 4644 1397 4688 τούτο
1419 4636 1571 4707 λέγει,
1608 4636 1812 4704 δεικνύς

210 4722 292 4772 ὅτι
341 4718 589 4780 πολλάκις
659 4718 1085 4794 ἐπιχειρήσαντες
1153 4723 1245 4775 οὐκ
1294 4721 1657 4796 ἠδυνήθησαν,
1726 4735 1815 4782 καὶ

211 4809 292 4859 ὅτι
320 4805 439 4859 οὐδ’
463 4808 678 4884 ὕστερον
709 4812 996 4883 ἐκράτησαν
1023 4812 1083 4862 οἷν
1110 4812 1284 4882 αὐτὸν,
1318 4813 1361 4865 εἰ
1393 4820 1464 4887 μὴ
1499 4816 1609 4887 (37)
1658 4817 1813 4880 αὐτὸς

211 4896 482 4956 ἠθέλησεν.

286 5148 333 5182 ⁵³
369 5147 482 5202 lsa.
519 5163 671 5217 χιιι,
698 5148 750 5204 6.
828 5150 874 5185 ⁵³
902 5150 1072 5217 Joan,
1113 5166 1168 5215 v,
1206 5151 1293 5206 37.
1374 5154 1421 5188 ⁵⁸
1446 5154 1614 5210 Joan.
1646 5171 1763 5228 xw,
1797 5160 1848 5211 9.

1102 278 1475 383 Comlm'l‘.
1529 322 1596 379 IN
1637 308 1989 381 JOANNEM.
2030 355 2097 364 —
2136 306 2292 377 CAP.
2335 305 2487 378 Vill.

3428 314 3565 380 4286

1912 451 2111 517 quitur
2142 451 2383 519 propter
2421 460 2625 500 eorum
2674 445 3159 513 imbecillitatem,
3197 452 3261 503 ut
3299 447 3413 503 illis
3438 448 3567 521 qui-

1912 537 2049 591 dem
2076 535 2310 591 occulta
2330 534 2910 599 sint,robustioribus
2934 552 3067 591 vero
3087 535 3427 593 Christianis
3444 555 3569 594 ma-

1911 624 2144 680 nifesta.
2178 627 2238 678 In
2271 622 2554 678 omnibus
2583 638 2725 693 ergo
2774 624 3069 681 similibus
3120 642 3362 684 causam
3413 629 3570 684 hanc

1911 714 2244 783 agnoscito.

1983 803 2149 858 Vers.
2187 806 2268 857 t8.
2298 803 2422 871 Ego
2449 832 2513 843 -
2535 801 2774 869 meipso,
2804 804 3058 859 Rursum
3087 805 3165 861 ad
3187 807 3260 873 id,
3292 808 3455 879 quod
3483 809 3574 865 di-

1911 898 2156 947 xerant:
2195 892 2281 948 Tu
2321 890 2707 947 testimonium
2758 893 3030 960 perhibes
3082 895 3154 951 de
3183 898 3367 965 teipso
3410 899 3572 955 hunc

1912 981 2051 1037 facit
2078 996 2415 1037 sermonem
2458 980 2664 1034 dicens
2723 981 2893 1051 :Ego
2934 983 3319 1042 testimonium
3373 989 3573 1056 perhi-

1915 1072 2013 1127 beo
2039 1070 2105 1126 de
2134 1071 2364 1141 meipso,
2397 1069 2631 1124 etiamsi
2674 1086 2848 1126 nemo
2894 1072 3201 1141 perhibeat
3230 1074 3303 1129 de
3332 1077 3570 1150 seipso;

1912 1174 2024 1228 ego
2051 1159 2348 1231 siquidem
2364 1162 2655 1229 tanquam
2672 1158 2849 1225 Deus,
2868 1176 3046 1216 nemo
3066 1168 3265 1218 autem
3286 1170 3574 1238 tanquam

1913 1249 2117 1304 homo.

1984 1339 2144 1392 Vers.
2181 1341 2262 1392 18.
2298 1338 2371 1392 Et
2401 1368 2467 1376 —-
2499 1338 2700 1393 Pater.
2734 1337 2787 1394 Si
2841 1354 2951 1411 ego
3012 1340 3182 1396 vobis
3210 1342 3328 1399 ﬁde
3360 1345 3575 1414 dignus

1915 1440 2036 1481 non
2082 1426 2310 1483 videor.
2362 1425 2491 1481 Fert
2523 1431 2722 1481 autem
2767 1429 3167 1485 testimonium
3218 1431 3423 1488 dicens
3471 1450 3577 1506 per

1915 1515 2267 1585 prophetam
2299 1514 2518 1568 :Posui
2555 1520 2607 1570 te
2635 1514 2697 1570 in
2745 1516 2933 1571 lucem
2965 1518 3231 1587 gentium
3256 1522 3324 1585 ⁵³,
3372 1521 3495 1577 sive
3518 1528 3578 1579 ut

1913 1603 2014 1658 lux
2046 1605 2125 1658 sis
2173 1603 2458 1675 gentium.
2518 1604 2867 1659 Praedictum
2923 1606 3007 1660 est
3064 1616 3264 1663 autem
3325 1611 3577 1682 septimo

1914 1691 2092 1748 etiam
2121 1691 2331 1762 capite,
2355 1693 2662 1763 quomodo
2682 1693 2851 1748 Pater
2876 1694 2948 1748 de
2968 1695 3100 1766 ipso
3132 1696 3278 1753 {erat
3310 1699 3574 1756 testimo-

1917 1781 2108 1850 nium,
2136 1780 2237 1835 ubi
2272 1781 2523 1835 dicitur:
2578 1783 2654 1836 Et
2711 1782 2809 1853 qui
2864 1784 3021 1839 misit
3073 1802 3159 1840 me
3217 1789 3423 1854 Pater,
3454 1791 3581 1859 ipse

1916 1871 2311 1927 testimonium
2360 1870 2654 1938 perhibuit
2688 1872 2753 1927 de
2786 1887 2875 1928 me
2904 1873 2971 1926 ⁵³.

1986 1962 2145 2014 Vers.
2198 1958 2282 2015 19.
2315 1960 2612 2014 Dixerunt
2661 1992 2728 1999 —
2757 1966 2890 2015 tuus
2934 1961 2961 2015 ?
2992 1964 3277 2021 Dicebant
3326 1967 3441 2024 hoc
3466 1969 3578 2025 ﬁn-

1916 2053 2140 2118 gentes,
2177 2064 2240 2103 se
2289 2048 2564 2118 ignorare
2607 2065 2933 2121 quemnam
2976 2051 3193 2111 diceret
3226 2059 3476 2124 Patrem,
3507 2074 3577 2114 ac

1916 2142 2229 2193 tentantes.

1986 2227 2131 2282 Vers
2191 2230 2269 2281 19.
2307 2227 2630 2296 Respondit
2678 2259 2747 2269 —
2790 2244 2997 2286 meum.
3056 2232 3577 2297 Quemadmodum

1918 2315 2239 2370 simulatis:
2272 2330 2414 2369 nam
2464 2316 2521 2369 in
2556 2316 2797 2371 veritate
2829 2320 3033 2384 nostis,
3059 2324 3577 2392 quemadmodum

1918 2404 2196 2473 superius
2228 2409 2534 2457 ostensum
2585 2411 2689 2458 est.
2747 2407 2861 2459 Aut
2890 2406 3001 2462 hoc
3027 2407 3193 2475 dixit,
3224 2412 3365 2482 quia
3398 2413 3579 2467 simu—

1916 2490 2121 2545 labant
2149 2506 2209 2544 se
2230 2492 2375 2545 scire
2403 2491 2566 2560 quod
2592 2492 2745 2545 ﬁlius
2772 2499 2926 2548 esset
2954 2496 3191 2567 Joseph.
3227 2498 3369 2555 Dicit
3394 2517 3575 2571 ergo:

1919 2578 1975 2634 Si
2008 2595 2102 2633 me
2134 2578 2215 2633 ita
2241 2579 2620 2647 cognoscitis,
2654 2584 2715 2635 ut
2744 2582 2985 2650 ﬁngitis,
3028 2599 3210 2655 neque
3239 2603 3327 2643 me
3344 2594 3526 2645 nostis
3561 2608 3573 2656 ;

1915 2683 2035 2722 non
2060 2684 2191 2721 sum
2220 2668 2375 2721 enim
2397 2666 2548 2721 ﬁlius
2567 2668 2786 2740 Joseph
2818 2689 2830 2729 :
2856 2686 3050 2743 neque
3085 2677 3308 2731 Patrem
3344 2695 3533 2734 meum
3562 2699 3574 2749 ;

1917 2772 2061 2811 nam
2096 2756 2315 2826 Joseph
2350 2773 2469 2811 non
2496 2763 2586 2811 est
2615 2757 2784 2813 Pater
2817 2776 3005 2816 meus.

1992 2848 2146 2900 Vers.
2186 2850 2265 2901 19.
2300 2845 2368 2901 Si
2396 2877 2465 2885 —
2496 2846 2695 2917 utique
2742 2852 3173 2919 cognovissetis.
3212 2858 3357 2911 Nam
3406 2859 3577 2913 unius

1920 2950 2128 2989 sumus
2160 2934 2342 2991 ambo
2367 2941 2610 2991 natura.
2640 2938 2702 2991 In
2731 2937 2965 2995 decimo
2995 2949 3155 2997 sexto
3183 2944 3362 3000 etiam
3385 2954 3579 3019 capite

1919 3023 2063 3077 dixit
2089 3024 2161 3079 ad
2178 3023 2541 3096 Philippum:
2561 3026 2673 3091 Qui
2698 3028 2844 3082 vidit
2864 3045 2973 3095 me,
3007 3032 3147 3087 vidit
3166 3040 3217 3088 et
3242 3036 3478 3093 Patrem
3508 3040 3575 3105 ⁵⁸,

1923 3113 2047 3167 sive
2099 3114 2394 3185 cognovit,
2428 3114 2728 3170 intellexit.
2778 3120 2922 3173 Nam
2964 3120 3254 3177 visionem
3286 3132 3340 3178 et
3378 3129 3578 3198 cogni-

1920 3202 2297 3258 tionemdicit
2318 3220 2437 3258 non
2459 3205 2817 3271 sensibilem,
2849 3207 2952 3262 sed
2982 3209 3431 3281 intelligibilem.
3463 3219 3578 3274 Sed

1919 3291 2169 3362 quiame
2184 3308 2303 3346 non
2320 3308 2487 3347 nosse
2519 3309 2623 3347 vos
2655 3293 2966 3360 simulatis,
2992 3313 3369 3371 consequens
3400 3306 3579 3362 etiam

1921 3384 2007 3435 est
2039 3384 2098 3435 ut
2124 3385 2178 3435 et
2210 3380 2440 3435 Patrem
2478 3397 2680 3436 meum
2712 3399 2818 3437 vos
2852 3400 2972 3439 non
3005 3402 3179 3442 nosse
3210 3390 3468 3459 fingatis.

1989 3468 2151 3523 Vers.
2184 3468 2270 3523 20.
2321 3470 2465 3525 Haec
2495 3501 2563 3510 —-
2606 3473 3040 3542 gazophylacio.
3070 3476 3200 3532 Haec
3227 3480 3410 3537 verba
3430 3482 3577 3541 libe-

1918 3572 1982 3612 re
2012 3557 2190 3613 dicta.
2254 3558 2620 3628 Signiﬁcavit
2680 3567 2880 3617 autem
2941 3562 3163 3631 locum,
3254 3571 3579 3628 ostendens

1920 3646 2155 3702 dicendi
2239 3646 2571 3704 libertatem
2657 3650 2844 3721 ipsius
2909 3653 3192 3710 doctoris.
3274 3657 3580 3733 Gazophy-

1918 3735 2138 3791 lacium
2166 3752 2301 3792 vero
2351 3736 2610 3793 thesauri
2660 3742 3079 3811 repositorium
3127 3751 3270 3816 erat,
3323 3750 3398 3805 de
3454 3767 3577 3823 quo

1919 3825 2094 3881 latius
2112 3825 2373 3881 diximus
2400 3828 2867 3899 quadragesimo
2897 3833 3093 3904 primo
3115 3836 3285 3907 juxta
3317 3840 3579 3898 Marcum

1920 3914 2128 3987 capite.

1993 4003 2265 4059 Ver-$.20.
2318 4005 2535 4062 Docens
2597 4007 2661 4065 in
2721 4013 2955 4080 templo.
3005 4012 3242 4072 Publice
3300 4034 3495 4084 ;nam
3518 4021 3580 4078 in

1919 4094 2141 4166 templo
2172 4093 2351 4151 etiam
2391 4101 2516 4152 erat
2549 4099 3067 4172 gazophylacium.

1919 4276 1940 4327 t
1992 4186 2151 4239 Vers.
2204 4187 2289 4239 20.
2340 4186 2416 4240 Et
2446 4216 2511 4227 —
2562 4203 2715 4246 eum.
2771 4189 2919 4246 Cum
2977 4192 3058 4250 ita
3081 4192 3263 4254 libere
3310 4197 3581 4271 loquere-

1948 4288 2033 4327 ur.

1948 4288 2033 4327 ur.

1994 4359 2154 4416 Vers.
2181 4361 2269 4416 20.
2306 4360 2449 4427 Quia
2478 4394 2547 4404 -
2574 4368 2718 4433 ejus.
2753 4368 2882 4433 Qua
2904 4373 3331 4443 comprehendi
3364 4380 3420 4432 et
3444 4379 3578 4450 capi

1921 4454 2140 4521 posset.
2175 4450 2384 4507 Adhuc
2413 4453 2573 4509 enim
2604 4456 2917 4526 oportebat
2943 4474 3080 4515 eum
3118 4463 3402 4520 miracula
3448 4482 3581 4537 Ope-

1922 4538 2035 4593 rari
2067 4554 2135 4593 ac
2165 4539 2400 4604 docere,
2436 4542 2774 4616 multosque
2820 4546 2897 4601 ad
2937 4547 3119 4603 ﬁdem
3152 4553 3463 4619 attrahere,
3507 4556 3579 4611 si-

1922 4632 2022 4682 cut
2079 4628 2141 4683 in
2183 4630 2657 4699 praecedentibus
2715 4633 2994 4690 diximus.
3043 4636 3327 4697 Continue
3386 4648 3575 4701 autem

1924 4716 2039 4771 hoc
2070 4717 2231 4783 dicit,
2278 4720 2598 4774 ostendens
2623 4722 2789 4793 quod
2819 4723 3159 4796 frequenter
3197 4730 3256 4785 id
3289 4736 3581 4789 tentantes

1922 4819 2045 4859 non
2117 4810 2459 4876 potuerunt,
2511 4813 2567 4864 et
2619 4811 2784 4882 quod
2834 4828 3149 4886 nunquam
3220 4821 3581 4891 potentiores

1918 4891 1998 4982 ad
2036 4907 2175 4949 eum
2204 4896 2784 4966 apprehendendum
2832 4900 3111 4971 fuissent,
3160 4908 3275 4964 nisi
3315 4908 3444 4982 ipse
3479 4927 3577 4968 vo-

1918 4980 2142 5037 luisset.

1429 5331 1641 5403 Variae
1662 5334 1998 5407 lectiones
2042 5347 2106 5407 et
2138 5350 2335 5410 notae.

441 5518 670 5577 Inclusa
698 5522 1044 5582 exciderunt
1062 5526 1129 5581 A.

436 5591 600 5655 Αὐτὸς
629 5592 844 5651 omittit
869 5592 928 5653 Β.

437 5662 667 5722 Inclusa
691 5664 911 5725 absunt
931 5669 999 5725 A.

303 5522 373 5575 33

303 5522 373 5575 33

276 5519 399 5737 ἒεάξ

306 5664 374 5717 35

306 5664 374 5717 35

2132 5536 2447 5625 _Mou_i;6‘ttra
2486 5540 2574 5625 ἂν,
2600 5545 2819 5625 caeteris
2842 5549 3088 5608 omissis
3114 5553 3184 5612 A.

1987 5537 2102 5682 E36}
2132 5537 2447 5620 Μουῂδειτε
2486 5540 2564 5625 ἂν)
2600 5559 2681 5602 ca;

2011 5610 2074 5664 37
2130 5614 2230 5665 Καί
2260 5617 2582 5687 interponit
2609 5620 2682 5675 A.
