4120 6310
566 379 701 444 1287

649 514 806 566 Vers.
837 515 924 564 2t.
969 509 1134 564 Dixit
1171 537 1229 547 —
1265 507 1430 563 vado.
1459 509 1717 561 Transeo
1753 520 1789 558 a
1819 509 2051 558 terrena
2084 500 2220 555 vita.
2256 500 2301 554 Α

642 603 799 656 Vers.
832 601 920 654 2t.
969 600 1041 653 Et
1089 599 1343 669 quaeritis
1383 613 1487 652 me.
1542 596 1726 649 Etiam
1783 592 2058 666 superius
2111 591 2226 646 hoc

569 690 734 756 dixit,
767 694 824 746 et
845 688 927 744 ibi
957 686 1324 743 declaratum
1369 692 1481 741 est.

642 869 804 924 Vers.
833 871 921 923 2t.
946 867 1010 921 Et
1041 895 1109 906 —
1161 861 1513 920 moriemini.
1552 865 1670 931 Ego
1703 860 1856 928 veni,
1912 865 1972 915 ut
2023 873 2131 914 vos
2163 856 2227 910 li-

572 959 848 1016 berarem
881 955 958 1011 ab
1005 954 1171 1010 omni
1216 957 1460 1026 peccato
1500 958 1698 1006 vestro
1741 949 1921 1022 :quia
1958 963 2099 1004 vero
2125 962 2228 1002 no-

575 1046 783 1116 luistis,
824 1045 952 1114 jam
1009 1042 1180 1109 abeo,
1242 1046 1298 1096 et
1325 1041 1609 1112 deinceps
1657 1039 1718 1094 in
1771 1037 1936 1093 omni
1983 1041 2228 1109 peccato

575 1142 768 1192 vestro
792 1131 1146 1198 moriemini,
1173 1132 1338 1202 quod
1369 1128 1442 1185 ab
1465 1145 1535 1185 eo
1562 1127 1801 1184 liberari
1833 1125 2151 1182 nolueritis.

648 1315 960 1369 Peccatum
991 1317 1191 1366 autem
1237 1309 1494 1379 intellige
1530 1309 1713 1364 etiam
1745 1305 1805 1360 id
1830 1304 1994 1378 quod
2025 1304 2231 1359 adver-

579 1421 679 1460 sus
719 1403 914 1474 ipsum
957 1402 1269 1471 erat,quia
1313 1397 1669 1454 interfecturi
1697 1397 1894 1468 ipsum
1942 1398 2128 1459 erant,
2171 1394 2228 1448 in

578 1509 700 1566 quo
733 1491 945 1546 mortui
981 1495 1142 1551 sunt,
1186 1504 1401 1560 nempe
1449 1491 1696 1559 propter
1741 1484 1885 1540 illud
1922 1482 2233 1554 jugulatia

577 1580 883 1649 Romanis,
911 1577 1278 1650 Vespasiano
1314 1584 1367 1633 et
1411 1578 1554 1632 Tito.

647 1673 809 1727 Vers.
843 1675 930 1726 2t.
965 1669 1084 1734 Quo
1134 1701 1202 1708 —
1253 1669 1465 1723 venire.
1529 1669 1661 1721 Haec
1713 1665 2049 1737 frequenter
2073 1663 2231 1729 dicit,

579 1763 814 1819 animas
846 1759 1081 1815 illorum
1109 1757 1454 1813 concutiens
1483 1761 1537 1811 et
1559 1761 1879 1810 exterrens.

650 1851 813 1906 Vers.
846 1851 934 1901 22.
974 1849 1257 1902 Dicebant
1291 1876 1356 1886 —
1397 1846 1614 1901 venerit
1654 1845 1680 1897 ‘I
1711 1845 1878 1909 Quod
1923 1841 2234 1914 optabant,
2274 1852 2315 1906 Β

580 1942 694 1998 hoc
740 1940 916 1994 etiam
973 1938 1456 2007 suspicabantur.
1517 1933 1669 2001 Quid
1721 1950 1863 2003 ergo
1912 1933 2180 1988 Christus
2210 1930 2239 1983 ‘P

579 2028 749 2086 Tollit
777 2025 1121 2096 hujusmodi
1179 2024 1596 2094 suspicionem,
1666 2021 2044 2094 ostenditque
2075 2019 2238 2092 quod

583 2123 893 2190 peccatum
932 2115 1003 2168 sit
1035 2130 1095 2167 se
1124 2112 1319 2182 ipsum
1350 2112 1705 2168 interimere.

655 2208 818 2260 Vers.
847 2204 933 2258 23.
961 2204 1026 2257 Et.
1065 2231 1133 2242 —
1177 2205 1308 2256 estis
1335 2232 1400 2240 —
1427 2201 1525 2256 Ex
1555 2208 1740 2268 terra,
1775 2215 1896 2255 non
1923 2199 2085 2271 quod
2120 2215 2246 2255 cor-

583 2311 698 2367 pus
727 2308 935 2348 eorum
986 2297 1283 2346 terrenum
1337 2295 1509 2352 esset,
1553 2289 1658 2344 sed
1714 2289 1857 2362 quia
1929 2289 2248 2360 prudentia

584 2384 820 2440 illorum
859 2388 1014 2436 esset
1043 2386 1277 2435 terrena
1303 2386 1359 2434 et
1397 2395 1604 2449 prava.
1655 2382 1804 2435 Nam
1837 2383 1892 2434 et
1918 2378 2133 2433 Paulus
2164 2378 2248 2432 di-

585 2489 727 2530 cens
764 2472 930 2527 :Non
955 2469 1115 2527 estis.
1146 2483 1217 2524 ea:
1263 2484 1436 2524 carne
1467 2469 1513 2503 ⁵⁵
1546 2483 1788 2524 carnem
1815 2467 2071 2540 appellat
2109 2483 2244 2539 pru-

586 2561 853 2619 dentiam
889 2558 1211 2615 carnalem.

659 2651 824 2706 Vers.
853 2651 938 2706 23.
964 2649 1074 2719 Ego
1101 2677 1168 2688 —
1200 2663 1350 2702 sum.
1396 2647 1483 2702 De
1529 2647 1660 2701 c0310
1697 2665 1709 2714 ;
1767 2661 1886 2701 non
1919 2645 2081 2718 quod
2121 2645 2248 2717 ipse

587 2741 662 2796 de
687 2739 838 2796 ccelo
870 2739 1149 2802 venisset,
1183 2737 1284 2791 sed
1313 2737 1456 2808 quia
1487 2737 1802 2807 prudentia
1832 2736 1960 2806 ejus
1995 2733 2248 2791 cmlestis

587 2836 823 2886 essetac
851 2827 1069 2882 divina.
1102 2825 1321 2880 Deinde
1353 2841 1676 2879 sermonem
1727 2841 1902 2878 suum
1945 2824 2244 2896 explanat.

663 2917 826 2973 Vers.
867 2919 958 2969 23.
999 2915 1103 2969 Vos
1134 2945 1198 2952 —
1229 2914 1356 2968 hoc.
1393 2914 1677 2967 Mundum
1708 2913 1802 2967 hic
1832 2913 1970 2967 dicit
1998 2912 2250 2967 munda-

590 3021 752 3069 nam,
785 3020 1033 3075 pravam
1061 3019 1128 3057 ac
1181 3007 1472 3056 terrenam
1515 3001 1917 3072 prudentiam.
1962 3000 2250 3067 Quemad-

593 3094 844 3151 modum
875 3092 1033 3147 enim
1067 3090 1308 3164 spiritus
1339 3089 1574 3158 dicitur,
1607 3089 1928 3161 spiritualis
1958 3089 2252 3162 sapientia

1900 367 2239 431 ιῖυτΗγΜιι
2286 347 2603 426 mortem

3820 339 3982 406 4288

2411 495 2558 550 Εἶπεν
2625 527 2675 538 -
2731 495 2934 565 ὑπάγω.
2999 484 3299 548 Μεταϐαίνω
3357 482 3457 537 ἀπὸ
3537 489 3634 544 τῆς
3708 477 3978 549 ἐπιγείου

2336 589 2494 650 ζωῆς.

2409 681 2508 730 Καὶ
2538 677 2790 738 ζητήσετέ
2819 692 2899 744 με.
2940 675 3037 724 Καὶ
3067 671 3296 739 ἀνωτέρω
3321 671 3473 717 τούτο
3496 658 3624 725 εἶπε,
3655 663 3749 711 καὶ
3779 659 3976 732 ἡρμη-

2334 768 2487 823 νεύθη
2519 765 2639 818 ἐκεῖ.

2410 860 2510 908 Καὶ
2569 885 2634 894 -
2698 850 3058 903 ἀποθανεῖσθε.
3131 844 3320 898 Ἦλθον
3386 840 3745 913 ἐλευθερώσων
3843 837 3970 904 (38)

2337 948 2474 1018 ὑμᾶς
2513 943 2612 996 ἀπὸ
2662 943 2833 1000 πάσης
2886 940 3142 1011 ἁμαρτίας
3190 936 3330 1006 ὑμῶν
3363 951 3375 964 ⁸
3410 929 3518 983 ἐπεὶ
3558 925 3617 980 δὲ
3670 927 3777 979 οὐκ
3839 925 3969 982 ἠθε-

2337 1034 2553 1100 λήσατε,
2616 1031 2938 1103 ἀπέρχομαι,
3001 1030 3088 1077 καὶ
3145 1024 3321 1076 λοιπόν
3388 1018 3436 1071 ἐν
3498 1020 3645 1088 πάσῃ
3709 1015 3967 1087 ἁμαρτίᾳ

2339 1126 2479 1196 ὑμῶν
2570 1120 2910 1174 ἀποθανεῖσθε
3016 1118 3085 1187 μὴ
3188 1112 3493 1171 θελήσαντες
3576 1104 3959 1175 amna-ﬁ.”

2339 1213 2518 1272 αὐτῆς.

2409 1301 2694 1374 Ἀμαρτίαν
2749 1293 2807 1349 δὲ
2857 1299 3044 1352 νόησον
3098 1296 3189 1343 καὶ
3257 1294 3350 1347 τὴν
3415 1287 3482 1346 εἰς
3555 1284 3736 1345 αὑτὸν,
3825 1278 3967 1333 διότι

2342 1390 2542 1464 ἔμελλον
2587 1387 2772 1439 ἀνελεῖν
2826 1385 2997 1450 αὐτὸν,
3049 1380 3096 1432 ἐν
3249 1377 3516 1440 ἀπέθανον,
3562 1378 3686 1431 ἦτοι
3753 1367 3846 1423 δι’
3908 1371 3968 1425 ἦν

2342 1480 2748 1550 κατεσφάγησαν
2785 1474 2884 1526 ὑπὸ
2931 1481 3030 1524 τῶν
3065 1470 3351 1541 Ῥωμαίων,
3401 1465 3826 1517 Οὐεσπασιανοῦ
3877 1479 3972 1510 και

2341 1573 2497 1620 Τίτου
2508 1610 2518 1620 .

2413 1656 2581 1708 Ὀπου
2623 1685 2690 1694 -
2737 1652 2914 1706 ἐλθεῖν.
2963 1656 3200 1720 Συνεχὼς
3235 1652 3399 1699 ταῦτα
3448 1641 3599 1714 λέγει,
3651 1641 3975 1690 κατασείων

2347 1748 2512 1799 αὐτῶν
2545 1748 2636 1806 τάς
2660 1743 2847 1815 ψυχὰς
2883 1747 2972 1793 καὶ
3003 1737 3243 1810 ἐκφοϐῶν.

2419 1836 2626 1906 Ἔλεγον
2685 1865 2749 1872 —
2804 1831 2981 1887 ἐλθεῖν.
3035 1836 3099 1880 Ὃ
3155 1826 3420 1879 ἐϐούλοντο
3467 1829 3624 1874 τοῦτο
3684 1824 3783 1870 καὶ
3847 1819 3980 1869 ὑπέ-

2348 1927 2526 1982 λαϐον.
2574 1930 2636 1978 Τί
2666 1920 2753 1976 οὖν
2780 1924 2805 1974 6
2857 1924 3082 1997 Χριστός
3109 1935 3123 1985 ;
3151 1920 3378 1990 Ἀναιρεῖ
3404 1917 3495 1971 τὴν
3539 1912 3801 1965 τοιαύτην
3838 1909 3982 1959 ὑπο-

2347 2015 2528 2087 ληψιν,
2561 2019 2650 2066 καὶ
2682 2010 2946 2065 δείκνυσιν
2986 2011 3064 2061 ὅτι
3090 2007 3320 2080 ἁμαρτία
3357 2001 3470 2054 ἐστὶ
3515 2003 3572 2052 τὸ
3605 1997 3808 2050 ἀνελεῖν
3859 1996 3980 2048 iazi-

2352 2112 2460 2160 τόν.

2434 2200 2534 2249 Καὶ
2563 2226 2630 2234 -—
2661 2191 2792 2244 ἐστέ.
2815 2222 2880 2230 -
2906 2190 2996 2241 Ἐκ
3024 2195 3120 2248 τῆς
3146 2193 3213 2256 γῆ
3226 2205 3264 2247 ς,
3289 2182 3395 2253 οὐχ
3424 2181 3503 2232 ὅτι
3521 2181 3577 2230 τὸ
3600 2184 3763 2247 σῶμα
3794 2174 3980 2226 αὐτῶν

2357 2285 2410 2337 ἐκ
2433 2293 2521 2344 τῆς
2540 2291 2652 2355 γῆς,
2679 2280 2785 2332 ἀλλ’
2810 2281 2888 2330 ὅτι
2908 2281 2966 2330 τό
2991 2280 3226 2348 φρόνημα
3247 2271 3413 2324 αὐτῶν
3433 2273 3612 2340 γήϊνον
3634 2269 3730 2316 καὶ
3747 2262 3977 2334 φαῦλον.

2359 2380 2459 2428 Καὶ
2490 2376 2514 2426 6
2547 2371 2744 2431 Παῦλος
2773 2371 2897 2443 γὰρ,
2936 2365 3093 2436 λέγων
3128 2381 3138 2392 ·
3167 2361 3275 2414 Ούκ
3311 2358 3425 2412 ἐστὶ
3454 2356 3501 2408 ἐν
3535 2357 3699 2429 σαρκί
3731 2372 3743 2382 ·
3791 2355 3980 2426 σάρκα

2355 2468 2411 2517 τὸ
2443 2465 2689 2536 σαρκικὸν
2715 2463 2953 2532 φρόνημα
2973 2454 3126 2526 λέγει.

2429 2641 2563 2712 Ἐγὼ
2596 2671 2653 2679 -
2687 2637 2814 2710 εἰμί.
2845 2666 2914 2674 —
2943 2637 3029 2686 Ἐκ
3071 2636 3162 2682 τοῦ
3211 2627 3448 2702 ούρανοῦ,
3496 2621 3603 2692 ούχ
3649 2621 3734 2671 ὅτι
3785 2617 3843 2669 ἐκ
3873 2624 3970 2668 τοῦ

2359 2731 2577 2804 ούρανοῦ
2607 2729 2748 2793 ἧκεν,
2783 2723 2889 2776 ἀλλ’
2918 2723 2999 2774 ὅτι
3027 2725 3084 2772 τὸ
3125 2723 3363 2792 φρόνημα
3405 2712 3560 2766 αὐτοῦ
3587 2709 3832 2780 οὐράνιον
3874 2711 3965 2757 καὶ

2362 2824 2512 2874 θεῖον.
2553 2815 2678 2872 Εἶτα
2707 2814 2978 2888 σαφηνίζει
3008 2814 3093 2862 τόν
3117 2808 3288 2878 λόγον.

2429 2910 2592 2981 ’Υμεῖς
2667 2937 2730 2947 -
2803 2906 3007 2955 τούτου.
3081 2903 3286 2968 Κόσμον
3362 2891 3581 2944 ἐνταῦθα
3670 2886 3807 2956 λέγει
3895 2884 3949 2932 τὸ

2360 3001 2611 3071 κοσμικόν
2661 3000 2749 3046 καὶ
2811 2991 2999 3065 φαῦλον
3052 2992 3140 3040 καὶ
3195 2989 3375 3055 γήινον
3440 2983 3698 3054 φρόνημα.

2360 3092 2460 3163 γὰρ
2492 3094 2694 3158 πνεῦμα
2715 3083 2914 3154 λέγεται
2943 3083 3000 3130 τὸ
3036 3075 3378 3147 πνευματικὸν
3417 3074 3676 3143 φρόνημα,
3705 3065 3782 3113 καὶ
3813 3065 3930 3126 σέθτῗ

3756 2972 3817 3023 Ὠ
3823 2987 3943 3038 σπερ

593 3191 650 3240 et
679 3199 838 3248 caro,
873 3182 1128 3236 carnalis
1161 3181 1277 3235 :ita
1305 3183 1362 3234 et
1403 3187 1555 3235 terra
1601 3195 1669 3235 ac
1710 3179 1995 3246 mundus,
2020 3185 2248 3235 terrena

2372 3183 2415 3231 τό
2451 3179 2697 3249 σαρκικόν
2732 3195 2743 3206 ’
2774 3171 2907 3223 οὕτω
2935 3171 3025 3219 καὶ
3053 3173 3120 3237 ’γῆ
3153 3169 3242 3216 καὶ
3272 3166 3470 3232 κόσμος
3515 3159 3573 3209 τό
3627 3160 3799 3225 γήινον.
3838 3162 3927 3194 και

593 3289 660 3328 ac
693 3271 1021 3326 mundana.
1057 3269 1148 3325 Ait
1204 3285 1344 3338 ergo
1379 3292 1389 3323 :
1426 3271 1544 3340 Ego
1575 3285 1696 3324 non
1728 3269 1880 3324 sicut
1908 3285 2016 3325 vos
2059 3269 2248 3341 sapio,

593 3367 659 3417 ut
686 3378 777 3416 me
810 3361 1010 3432 ipsum
1058 3359 1432 3415 interiiciam.

665 3453 828 3506 Vers.
861 3455 947 3505 21.
981 3449 1115 3505 Πίχὶ
1139 3480 1206 3488 —
1238 3453 1380 3505 vesti
1399 3449 1465 3503 is.
1499 3449 1709 3504 Adhuc
1741 3464 1840 3504 eos
1880 3453 2131 3504 exterret
2160 3463 2255 3504 vo-

595 3543 725 3596 lens
751 3539 1131 3612 persuadere.

667 3630 827 3684 Vers.
857 3628 944 3683 24.
980 3628 1041 3683 Si
1095 3628 1249 3684 enim
1292 3658 1360 3668 —
1418 3627 1643 3693 vestris,
1698 3627 1767 3684 Si
1797 3643 1913 3682 non
1939 3627 2252 3682 credideri-

598 3720 687 3788 tis,
713 3718 867 3788 quod
914 3732 1017 3788 ego
1065 3718 1191 3782 sim,
1269 3716 1537 3772 videlicet
1566 3717 1828 3772 Christus
1900 3715 2080 3770 Filius
2130 3715 2251 3780 Dei,

592 3807 927 3864 moriemini
950 3808 1010 3861 in
1032 3807 1278 3877 peccatis
1306 3808 1532 3876 vestris,
1568 3806 1790 3860 detenti
1838 3809 1915 3861 ab
1959 3806 2061 3860 eis.
2105 3804 2252 3859 Nam

595 3897 694 3968 qui
733 3911 855 3951 non
874 3895 1208 3957 crediderit,
1229 3901 1282 3951 et
1313 3912 1417 3967 per
1445 3895 1817 3966 baptismum
1852 3911 1888 3950 a
1920 3894 2095 3949 sorde
2126 3909 2255 3966 pec-

596 3985 710 4042 cati
752 4001 874 4040 non
913 3985 1154 4040 ablutus
1186 3985 1380 4048 fuerit,
1416 3984 1662 4038 omnino
1693 3985 1753 4039 in
1801 3984 1901 4040 illa
1951 3984 2254 4047 morietur,

597 4080 653 4130 et
682 4090 818 4130 cum
847 4090 917 4128 ea
956 4087 1276 4143 resurgens
1328 4071 1497 4127 dabit
1530 4088 1756 4144 paenas.

669 4163 837 4217 Vers.
869 4165 961 4218 24.
1018 4162 1312 4217 Dixerunt
1375 4190 1441 4200 —
1481 4176 1537 4216 es
1579 4160 1608 4216 ?
1642 4162 2089 4218 Subsannantes
2146 4161 2261 4217 hoc

598 4249 874 4306 dicebant
915 4266 984 4307 ac
1017 4253 1334 4305 tentantes.

673 4339 836 4394 Vers.
866 4341 953 4393 25.
978 4340 1056 4394 Et
1093 4368 1164 4378 —
1191 4339 1363 4395 vobis.
1397 4338 1728 4394 Defectivus
1754 4345 1841 4394 est
1868 4355 2064 4395 sermo
2090 4341 2262 4412 juxta

603 4435 956 4484 consuetum
989 4427 1271 4499 loquendi
1303 4427 1551 4483 modum
1586 4425 1694 4497 (li).
1727 4428 1862 4484 Tale
1915 4434 2001 4484 est
2037 4434 2258 4494 autem,

2520 3234 2528 3249 .
3062 3234 3070 3237 -
3854 3234 3871 3246 ι

2363 3270 2631 3339 κοσμικόν.
2664 3265 2826 3320 Φησὶν
2857 3255 2943 3311 οὖν
2971 3259 3051 3309 ὅτι
3074 3256 3205 3326 Ἐγὼ
3236 3251 3340 3321 οὐχ
3366 3251 3434 3309 ὡς
3465 3249 3609 3318 ὑμεῖς
3656 3245 3823 3314 γρῦ-δῶ,
3859 3253 3944 3285 ινα

2365 3356 2647 3408 ἀποκτείνω
2673 3350 2888 3424 ἐμαυτόν
2909 3396 2916 3402 .

2434 3441 2594 3499 Εἶπον
2652 3471 2719 3481 —
2773 3441 2935 3511 ὑμῶν.
2983 3433 3104 3489 Ἔτι
3149 3428 3349 3502 ἐκφοϐεῖ
3407 3424 3597 3482 αύτούς
3653 3416 3960 3492 βουλόμενος

2362 3543 2561 3588 πεῖσαι.

2437 3624 2540 3676 Κάν
2571 3621 2682 3692 (39)
2713 3649 2777 3659 —
2809 3618 2969 3688 ὑμῶν.
3000 3612 3117 3664 Ἐἀν
3148 3612 3217 3682 μὴ
3251 3606 3567 3659 πιστεύσητε
3591 3599 3673 3650 ὃτι
3699 3595 3802 3666 ἐγὼ
3834 3593 3958 3664 εἰμι,

2368 3679 2633 3771 ὃηλαδὶίό
2681 3679 2913 3779 Χριστὸς
2953 3704 2977 3754 6
3027 3679 3276 3760 Υἱὸςήτού
3325 3699 3472 3757 Θεοῦ,
3523 3685 3870 3740 ἀποθανεῖσθε
3919 3679 3965 3732 ἐν

2363 3810 2480 3862 ταῖς
2509 3800 2790 3872 ἁμαρτίαις
2819 3796 2981 3866 ὑμῶν,
3027 3791 3364 3858 συνεχόμενοι
3410 3780 3611 3837 αὐταῖς.
3643 3774 3702 3826 Ὀ
3748 3775 3850 3844 γὰρ
3893 3775 3962 3842 μὴ

2365 3893 2667 3958 πιστεύσας,
2717 3890 2807 3936 καὶ
2865 3879 2956 3934 διὰ
3007 3877 3371 3953 βαπτίσματος
3409 3866 3831 3935 ἀπολουσάμενος
3882 3864 3965 3910 τον

2364 3983 2526 4057 ῥύπον
2565 3986 2664 4030 τῶν
2691 3976 2976 4047 αμαρτιῶν,
3009 3967 3055 4020 ἐν
3087 3965 3224 4034 αύτῷ
3249 3965 3454 4020 πάντως
3483 3957 3845 4015 ἀποθανεῖται,
3877 3955 3966 4000 καὶ

2367 4070 2476 4144 μετ’
2508 4067 2668 4120 αὑτοῦ
2700 4063 2926 4121 ἀναστὰς
2953 4056 3110 4114 δίκην
3143 4051 3322 4107 δώσει.

2438 4158 2651 4229 Ἔλεγον
2682 4185 2748 4194 -
2775 4149 2818 4205 εἰ
2849 4169 2862 4218 ;
2898 4147 3228 4206 Φαυλὶζοντες
3269 4148 3422 4194 τοῦτο
3453 4136 3641 4207 ἔλεγον,
3671 4134 3760 4183 καὶ
3791 4128 3966 4202 πειρά-

2373 4253 2558 4313 ζοντες.

2446 4341 2544 4391 Καὶ
2601 4367 2669 4376 --
2729 4335 2868 4405 ύμῖν.
2926 4325 3273 4381 Ἐλλειπτικὸν
3332 4321 3389 4371 τὸ
3445 4316 3591 4391 ῥῆμα
3650 4310 3766 4362 κατ’
3826 4303 3960 4365 ἦθος.

2369 4430 2434 4482 ’Ὁ
2467 4425 2525 4480 δὲ
2561 4426 2696 4497 λέγει
2726 4423 2956 4474 τοιοῦτόν
3006 4415 3137 4468 ἐστι.
3187 4410 3356 4468 Ὀλως
3402 4407 3481 4458 ὃτι
3530 4406 3621 4454 καὶ
3662 4397 3798 4451 λαλῶ
3848 4396 3961 4466 ύμῖν

604 4535 674 4576 ac
703 4519 749 4572 si
778 4517 997 4573 diceret
1032 4533 1042 4572 :
1069 4517 1320 4573 Omnino
1353 4515 1721 4590 superﬂuum
1753 4525 1842 4574 est
1861 4519 2059 4585 etiam,
2097 4521 2248 4592 quod

2376 4519 2606 4592 περιττόν
2655 4516 2792 4565 ἐστιν
2823 4528 2834 4540 ·
2883 4506 3081 4570 ἀνςὶξιοι
3125 4505 3225 4576 γὰρ
3279 4499 3394 4551 ἐστε
3439 4494 3628 4551 παντὸς
3675 4487 3850 4558 λόγον,
3898 4501 3960 4541 ως

605 4609 780 4666 vobis
810 4607 1022 4680 loquar
1055 4625 1068 4674 ;
1101 4623 1244 4663 nam
1288 4608 1451 4664 omni
1510 4624 1786 4664 sermone
1843 4607 2074 4679 indigni
2102 4608 2260 4677 estis,

611 4703 809 4770 utpote
852 4702 1190 4752 tentatores.

681 4788 845 4842 Vers.
888 4791 975 4842 26.
1033 4786 1218 4844 Multa
1257 4818 1324 4827 —-
1353 4788 1641 4859 judicare.
1673 4787 1846 4844 Multa
1898 4787 1971 4843 de
2023 4788 2267 4844 vobisin

611 4875 1055 4934 accusationem
1095 4875 1289 4932 dicere
1341 4893 1601 4948 possem.
1635 4883 1689 4932 et
1736 4875 2004 4947 judicare
2055 4878 2129 4932 ad
2160 4894 2272 4949 pu-

613 4964 899 5023 niendum
920 4981 933 5031 ;
958 4964 1062 5019 sed
1083 4979 1244 5020 nunc
1266 4965 1419 5036 nolo,
1446 4967 1589 5038 quia
1610 4981 1717 5022 nec
1744 4967 1911 5022 Pater
1936 4982 2106 5022 meus
2129 4970 2271 5022 vult.

615 5054 886 5112 Prasdixit
913 5053 1095 5122 enim,
1120 5053 1280 5125 quod
1307 5069 1425 5110 non
1455 5055 1678 5110 miserit
1703 5057 1853 5110 Deus
1870 5054 2080 5110 Filium
2095 5072 2271 5112 suum

686 5232 732 5266 ⁸⁸
767 5231 934 5286 Rom.
966 5245 1084 5294 Vill,
1113 5233 1166 5283 9.

2374 4608 2653 4683 πειρασταί
2669 4648 2680 4660 .

3107 4768 3277 4824 Πολλά
3341 4761 3571 4835 δύναμαι
3631 4756 3737 4824 περὶ
3806 4754 3939 4818 υμῶν

2453 4784 2622 4840 Πολλά
2679 4813 2744 4821 -
2813 4782 3023 4854 κρίνειν.

3583 4849 3634 4899 τό
3691 4839 3909 4894 κολάσαι
3937 4856 3949 4869 ·

2379 4876 2546 4930 λαλεῖν
2587 4873 2656 4933 εἰς
2698 4871 3034 4940 κατηγορίαν,
3085 4864 3174 4912 καὶ
3226 4859 3414 4929 κρίνειν
3466 4852 3534 4912 εἰς

2385 4967 2488 5019 ἀλλ’
2518 4964 2576 5016 ού
2611 4959 2868 5036 βούλομαι
2895 4963 3004 5020 νῦν,
3056 4947 3195 5004 διότι
3225 4941 3348 4999 οὐδὲ
3371 4945 3395 4994 6
3442 4942 3621 5012 Πατήρ
3667 4952 3764 5008 μου
3800 4927 3962 5003 βούλε-

2385 5074 2493 5110 ται.
2573 5023 2855 5124 Πιροείρηκε
2919 5044 3021 5116 γὰρ
3094 5041 3174 5091 ὅτι
3224 5035 3318 5088 οὐκ
3371 5026 3668 5083 ἀπέστειλεν
3741 5023 3766 5074 6
3834 5024 3971 5078 Θεὸς.

1825 5381 2041 5450 Variae
2086 5382 2420 5452 lectiones
2475 5391 2541 5450 et
2578 5387 2780 5449 notae.

691 5551 805 5696 (38;
830 5551 1203 5624 Ἐλευθερῶσαι
1229 5551 1296 5604 Α.

689 5622 782 5693 (39
838 5623 980 5679 Vide
1010 5623 1296 5680 variantes

838 5623 980 5679 Vide
1010 5617 1302 5680 variantes
1347 5620 1628 5678 lectiones
1657 5620 1834 5679 codd.
1868 5621 2171 5695 Euthymii
2200 5623 2260 5680 in
2297 5623 2494 5697 operis
2519 5619 2815 5695 principio
2845 5617 3097 5674 notatas.

695 5773 983 5847 (li)Ju1-ta
1015 5800 1076 5810 -—
1110 5766 1368 5824 modum.
1395 5768 1458 5821 Et
1487 5769 1773 5832 moratus,
1802 5782 1925 5834 seu,
1981 5768 2083 5839 qui
2118 5783 2315 5825 mores
2345 5765 2639 5842 exprimit.
2668 5763 2958 5836 Interpres
2987 5760 3070 5816 ita
3104 5772 3175 5814 ac
3201 5754 3248 5812 si
3279 5752 3484 5826 legerit
3502 5749 3638 5803 κατὰ
3663 5748 3726 5801 τὸ
3749 5746 3886 5811 ἔθος.
