4120 6310
215 368 360 423 1289

216 493 305 542 τόν
334 492 454 543 Υίόν
485 487 643 541 αὐτοῦ
684 484 755 551 είς
782 486 867 541 τόν
896 492 1089 563 κόσμον
1121 491 1203 543 ἶνα
1255 490 1402 562 κρίνῃ
1452 488 1541 539 τόν
1594 494 1811 563 κόσμον,
1848 494 1893 547 Α

217 577 332 630 ἀλλ’
364 580 447 630 ἵνα
479 580 620 650 σωθῇ
655 579 680 630 ό
703 582 895 650 κόσμος
926 575 997 630 δι’
1023 579 1202 633 αὐτοῦ.

293 667 430 721 Ἀλλ’
462 699 530 707 -
560 665 689 721 ἐστι.
726 698 790 708 -
836 667 1050 740 Πέμψας
1093 688 1173 740 με,
1208 672 1279 741 μή
1322 674 1494 741 κρῖναι
1533 678 1641 735 νῦν,
1688 668 1817 721 ἀλλὰ

221 765 413 811 σῶσαι.
444 754 510 807 ”Η
540 754 738 816 ἀληθής
769 757 930 822 ἐστιν,
965 756 1220 829 ὀνομάσας
1246 777 1308 831 με
1334 766 1438 829 φῶς
1466 765 1557 809 τοῦ
1587 762 1813 830 κόσμου.

218 842 361 899 Ἰδοὺ
398 848 523 918 γὰρ,
555 851 705 918 φησὶ,
731 848 934 899 τέθεικά
958 865 1014 899 σε
1052 846 1119 907 εἰς
1150 854 1252 918 φῶς
1284 844 1456 913 ἐθνῶν,
1491 849 1560 908 ὡς
1582 846 1816 919 ἀνωτέρω

220 931 536 992 δεδήλωται.

296 1024 451 1095 Kays»
516 1055 583 1065 —
647 1027 864 1096 κόσμον.
929 1023 1173 1077 ’Ἦκουσα
1231 1025 1354 1099 παρ’
1410 1024 1570 1076 αὑτοῦ
1626 1026 1692 1076 τά
1764 1044 1817 1076 τε

218 1112 369 1179 ἄλλα,
401 1116 490 1164 καὶ
517 1113 595 1163 ὅτι
618 1111 718 1184 εἰμὶ
749 1121 854 1183 φῶς
883 1114 1061 1165 εθνῶν·
1109 1116 1198 1165 καὶ
1230 1111 1368 1165 εἶπον
1394 1114 1458 1165 τά
1483 1132 1536 1164 τε
1577 1112 1705 1164 ἄλλα
1729 1120 1818 1164 καὶ

218 1205 299 1255 ὅτι
329 1200 427 1272 ἐγώ
470 1200 576 1274 εἰμι
606 1205 663 1253 τό
694 1210 799 1273 φῶς
828 1208 919 1254 τοῦ
949 1206 1170 1275 κόσμου.
1206 1201 1270 1256 Ὀ
1295 1199 1383 1254 οὖν
1408 1205 1633 1267 ἤκουσα,
1665 1209 1816 1253 τοῦτο

221 1288 363 1343 εἷπον
372 1333 383 1344 .

294 1380 404 1431 Οὐκ
435 1412 502 1420 -
533 1378 720 1450 ἔλεγεν.
767 1380 877 1432 Οῦκ
920 1382 1149 1451 ἔγνωσαν
1193 1382 1272 1432 ὅτι
1314 1385 1428 1455 περὶ
1478 1387 1569 1432 τοῦ
1616 1382 1818 1454 [ἰατρὸς

220 1470 395 1529 αὐτοῖς
443 1468 600 1540 ἔλεγε,
676 1476 766 1520 τοῦ
821 1471 970 1541 φύσει
1025 1473 1229 1543 Πατρός
1280 1468 1458 1523 αὐτοῦ.
1515 1469 1665 1530 Εἰκός
1715 1471 1816 1542 γὰρ

224 1558 411 1619 αὐτοὺς
451 1556 719 1628 διαπορεῖν
750 1561 880 1629 πρὸς
927 1556 1198 1624 ἀλλήλους,
1239 1558 1500 1630 λέγοντας,
1542 1563 1633 1618 Τίς
1678 1556 1816 1609 ἐστιν

222 1651 248 1700 ό
304 1646 514 1719 πέμψας
560 1647 713 1699 αὐτόν
743 1664 756 1712 ;
789 1652 963 1699 καίτοι
1009 1647 1250 1708 πολλάκις
1314 1647 1491 1708 αὐτοῖς
1543 1644 1814 1719 διειλέχθη

220 1742 340 1808 περὶ
392 1736 602 1790 ἐκείνου.
655 1743 914 1788 Τοσοῦτον
985 1744 1272 1810 προσεῖχον
1330 1743 1439 1797 τοῖς
1496 1735 1672 1806 λόγοις
1729 1736 1818 1787 αῦ-

219 1833 330 1890 τοῦ,
390 1825 578 1894 μᾶλλον
630 1821 709 1891 δε,
766 1833 1013 1877 τοσοῦτον
1076 1821 1211 1882 ἦσαν
1264 1823 1634 1898 φρενοϐλαϐεῖς.
1673 1825 1818 1877 Εἰκό-

221 1934 323 1975 τως

398 1911 485 1965 οὖν
540 1911 674 1966 εἶπεν
731 1913 925 1975 αὐτοῖς’
985 1915 1090 1973 Τήν
1148 1912 1344 1987 ἀρχήν,
1405 1916 1484 1966 ὅτι
1537 1919 1627 1967 καὶ
1684 1913 1818 1966 λαλῶ

222 2005 364 2073 ὑμῖν,

295 2090 447 2144 Εἶπεν
496 2123 563 2133 -
603 2092 728 2164 εἰμι.
781 2091 942 2144 Ὀταν
980 2093 1279 2164 κρεμάσητέ
1326 2110 1388 2164 με
1439 2093 1508 2152 ὡς
1553 2092 1819 2164 ἄνθρωπον

224 2179 307 2232 ἐπὶ
340 2189 591 2254 σταυροῦ,
629 2186 743 2233 τότε
794 2182 1057 2251 γνώσεσθε
1087 2183 1167 2233 ὅτι
1215 2179 1314 2252 ἐγὼ
1360 2180 1485 2253 εἰμι,
1527 2177 1820 2238 δηλονότιό

226 2272 347 2331 Υἱός
385 2278 476 2321 τοῦ
526 2277 658 2323 Θεοῦ
706 2275 795 2321 καὶ
844 2274 988 2330 Θεός.
1041 2269 1130 2332 Ὠς
1185 2272 1309 2329 Θεός
1360 2272 1458 2343 γὰρ
1514 2272 1684 2344 εἰρηκε
1740 2272 1819 2339 τό,

224 2359 357 2429 Ἐγὼ
443 2359 569 2431 εἰμι.
630 2361 896 2412 Γνὼσεσθε
948 2355 1007 2411 δὲ
1068 2367 1221 2411 τοῦτο
1273 2358 1373 2411 ἀπό
1436 2378 1490 2411 τε
1558 2368 1655 2411 τῶν
1733 2378 1825 2417 τη-

223 2455 445 2500 νικαῦτα
470 2448 582 2520 (40)
622 2452 975 2521 γενησομένων
1026 2446 1403 2523 ἀναντιῤῥήτων
1455 2452 1702 2520 σημείων,
1733 2452 1822 2499 καὶ

228 2534 329 2588 ἀπό
383 2544 477 2599 τῆς
533 2536 585 2589 ἐκ
642 2546 830 2612 νεκρῶν
893 2535 1222 2597 ἀναστάσεως
1279 2556 1401 2608 μου,
1450 2541 1535 2587 ναὶ
1586 2540 1687 2607 μὴν
1733 2540 1824 2587 καὶ

228 2624 329 2677 ἀπὸ
372 2634 468 2687 τῆς
520 2628 692 2678 ἔκτοτε
733 2625 1164 2698 καταληψομένης
1228 2629 1286 2677 τό
1339 2628 1481 2694 ’γένος
1532 2634 1631 2676 τῶν
1688 2625 1825 2677 Ἰου-

231 2711 392 2766 δαίων
445 2716 735 2786 θεομηνίας.
780 2718 925 2767 Μετὰ
965 2717 1063 2786 ’γὰρ
1118 2717 1175 2765 τό
1225 2715 1591 2787 σταυρωθῆναι
1646 2712 1820 2777 αὐτόν,

228 2808 317 2854 καὶ
355 2804 595 2872 γενέσθαι
644 2806 709 2854 τὰ
748 2801 937 2873 φοϐερὰ
975 2801 1141 2853 ἐκεῖνα
1195 2808 1404 2872 σημεῖα,
1454 2806 1641 2873 γράφει
1694 2807 1824 2854 Λου-

228 2899 322 2952 κᾶς
373 2892 451 2942 ὅτι
494 2896 584 2941 καὶ
632 2893 812 2950 πάντες
867 2893 916 2942 οἱ
962 2895 1474 2964 συμπαραγενόμενοι
1539 2890 1690 2962 ὄχλοι
1742 2888 1825 2941 ἐπὶ

231 2986 325 3035 τήν
426 2982 640 3053 θεωρίαν
730 2983 945 3045 ταύτην,
1039 2983 1343 3053 θεωροῦντες
1424 2983 1491 3032 τὰ
1560 2985 1823 3053 γενόμενα,

230 3072 503 3129 τύπτοντες
560 3068 750 3121 ἑαυτῶν
807 3072 873 3120 τὰ
932 3072 1100 3128 στήθη
1159 3072 1491 3143 ὑπέστρεφον.
1560 3069 1827 3141 Ἐγνωσαν

233 3161 321 3231 μὲν
376 3160 477 3231 γὰρ
530 3158 607 3209 ὅτι
671 3160 797 3217 θεῖος
850 3160 1117 3231 ἄνθρωπος
1177 3162 1327 3221 ὅντως
1381 3156 1462 3225 ἦν,
1538 3165 1628 3211 καὶ
1699 3178 1830 3231 συμ-
1863 3188 1905 3245 C

233 3249 435 3318 πάσχει
477 3246 614 3316 αὐτῷ
662 3248 692 3303 ἠ
726 3251 913 3312 κτίσις,
969 3253 1040 3319 μή
1074 3252 1303 3321 φέρουσα
1339 3253 1397 3300 τό
1442 3250 1602 3308 πάθος
1650 3247 1824 3300 αὐτοῦ·

235 3341 301 3410 μὴ
352 3335 630 3407 τολμῶντες
675 3332 733 3387 δὲ
781 3334 946 3387 λαλεῖν
1005 3333 1099 3389 διὰ
1148 3340 1236 3389 τόν
1284 3336 1436 3408 φόϐον
1492 3346 1592 3389 τῶν
1640 3335 1832 3411 ἀρχόν-

235 3444 354 3488 των,
389 3427 603 3476 ἔτυπτον
642 3428 706 3476 τά
738 3426 899 3483 στήθη
950 3425 1135 3497 αὐτῶν9
1182 3431 1512 3497 σημαίνοντες
1557 3430 1652 3484 τήν
1690 3426 1833 3487 ἐντός

237 3510 447 3571 ὀδύνην.
515 3512 839 3566 ’Υπὼπτευον
894 3516 991 3585 γὰρ
1059 3516 1139 3565 ὃτι
1192 3518 1349 3566 κακόν
1417 3514 1698 3572 ἀνήκεστον
1772 3517 1829 3566 τό

233 3606 376 3674 γένος
424 3602 559 3654 ἅπαν
597 3608 829 3655 πείσεται
873 3600 945 3654 δι’
985 3603 1159 3656 αὐτόν.
1215 3608 1314 3656 Καὶ
1359 3606 1460 3676 γὰρ
1504 3608 1593 3655 καὶ
1645 3604 1671 3655 ὁ
1718 3603 1831 3655 ἑκα-

234 3696 524 3763 τόνταρχος
578 3697 667 3744 καὶ
705 3694 753 3744 oi
796 3693 906 3764 μετ’
946 3691 1106 3744 αὐτοῦ
1142 3700 1410 3765 τηροῦντες
1463 3696 1547 3745 τόν
1605 3693 1827 3757 Ἰησοῦν,

239 3780 302 3839 ὦς
358 3798 489 3851 φησι
544 3782 833 3847 Ματθαίος,
896 3777 1092 3841 ἰδόντες
1143 3781 1258 3851 (41)
1316 3784 1382 3833 τὰ
1425 3785 1671 3853 γενόμενα
1722 3779 1832 3852 ἐφο-

239 3866 477 3926 ϐήθησαν
531 3865 757 3943 σφόδρα,
813 3868 1057 3940 λέγοντες·
1123 3868 1347 3930 Ἀληθῶς
1401 3878 1533 3923 Θεοῦ
1592 3872 1713 3930 Υίός
1770 3866 1832 3927 ἧν

237 3957 406 4018 οὗτος.

312 4046 466 4099 Ἀλλὰ
515 4049 603 4097 καὶ
634 4045 782 4098 αὐτοὶ
826 4047 875 4098 οἱ
922 4048 1177 4121 ἄρχοντες
1224 4056 1322 4099 τῶν
1356 4044 1625 4101 Ἰουδαίων
1674 4050 1834 4120 ἔγνω-

243 4155 337 4188 σαν
364 4140 477 4187 τότε
521 4136 597 4185 ὅτι
645 4142 777 4187 Θεοῦ
828 4138 947 4197 Υἱός
993 4133 1072 4203 ἦν,
1107 4141 1198 4189 καὶ
1247 4141 1397 4205 Θεὸς,
1440 4138 1482 4189 εἰ
1539 4143 1628 4189 καὶ
1672 4157 1833 4189 πεπαο

239 4231 435 4282 τήκασι
465 4228 559 4281 τήν
606 4221 912 4282 συνείδησιν
953 4225 1145 4277 ἑαυτῶν
1197 4222 1271 4278 δι’
1311 4226 1599 4299 ὑπερϐολήν
1648 4228 1832 4299 φθόνον

238 4318 328 4365 καὶ
389 4316 595 4384 μανίας.
674 4317 829 4385 Λέγει
896 4316 998 4386 ⁹γόιρ
1072 4314 1225 4367 πάλιν
1283 4317 1308 4366 ὁ
1377 4318 1645 4378 Ματθαῑος
1679 4331 1692 4342 ’
1755 4317 1834 4367 ὅτι

242 4399 382 4456 Ἰδού
478 4420 604 4462 τινες
678 4410 773 4465 τῆς
851 4400 1181 4466 κουστωδίας
1264 4404 1489 4467 ἐλθόντες

239 4490 407 4561 πόλιν,
538 4490 859 4563 ἀπήγγειλαν

1586 4405 1655 4468 εἰς
1743 4410 1835 4463 τήν

981 4498 1091 4552 τοῖς
1185 4492 1519 4568 ἀρχιερεῦσιν
1634 4493 1838 4546 ἅπαντα

238 4582 306 4632 τὰ
333 4584 597 4653 γενόμενα.
645 4585 746 4633 Καὶ
777 4582 1123 4652 συναχθέντες
1152 4585 1283 4654 μετὰ
1322 4591 1419 4634 τῶν
1462 4581 1835 4657 πρεσϐυτέρων,

244 4668 558 4740 συμϐούλιόν
633 4687 687 4720 τε
745 4668 1005 4737 λαϐόντες,
1089 4669 1317 4743 ἀργύρια
1409 4673 1559 4723 ἰκανά
1637 4666 1837 4722 ἔδωκαν

240 4764 347 4817 τοῖς
383 4762 744 4833 στρατιώταις,
795 4757 1040 4831 λέγοντες
1097 4761 1306 4826 Εἴπατε,
1359 4761 1438 4812 ὅτι
1487 4761 1554 4815 Οἱ
1605 4761 1838 4832 μαθηταὶ

241 4845 403 4897 αὐτοῦ
422 4850 607 4909 νυκτός
633 4846 878 4912 ἕλθόντες,
902 4846 1117 4919 ἔκλεψαν
1138 4848 1294 4901 αὐτόν
1321 4850 1466 4921 ἡμῶν
1487 4852 1837 4921 κοιμωμένων,

241 4937 331 4987 καὶ
362 4936 428 4987 τὰ
456 4934 594 4998 ἑξῆς.

316 5086 364 5121 ⁵⁸
388 5085 558 5142 Joan.
586 5100 664 5156 III,
690 5085 774 5143 17.

851 5088 897 5125 ⁸⁷
923 5086 1041 5147 Isa.
1068 5104 1223 5158 χιιι,
1247 5090 1303 5147 6.

244 5172 443 5224 xxvui,
490 5157 671 5215 11-13.

1380 5091 1428 5128 ⁵⁸
1466 5091 1636 5149 Joan.
1664 5092 1884 5156 “11,25.

1247 340 1628 421 COMMENT.
1675 367 1742 421 1N
1781 346 2131 425 JOANNEM.
2176 401 2241 409 —
2280 368 2436 425 CAP.
2484 370 2622 425 VIII.

3456 377 3593 431 1290

1926 493 1986 549 in
2018 495 2333 557 mundum,
2392 496 2455 549 ut
2479 493 2706 564 judicet
2749 497 3064 565 mundum,
3096 498 3199 555 sed
3229 502 3291 556 ut
3330 500 3589 557 salvetur

1927 584 2187 639 mundus
2217 599 2323 653 per
2352 598 2490 638 eum
2521 584 2589 636 ⁸⁸.

2000 674 2155 727 Vers.
2189 675 2275 726 26.
2308 671 2423 727 Sed
2450 702 2514 712 —
2537 678 2637 727 est.
2661 704 2726 713 -
2754 673 2866 741 Qui
2885 676 3041 731 misit
3066 690 3177 740 me,
3202 691 3322 732 non
3348 684 3588 734 utnunc

1920 760 2205 831 judicem,
2254 760 2358 814 sed
2412 764 2473 814 ut
2512 760 2757 816 salvem.
2798 765 2910 818 Aut
2940 778 3127 819 verax
3156 770 3261 831 est,
3321 781 3459 821 cum
3490 781 3588 821 me

1926 850 2110 905 lucem
2158 848 2369 903 mundi
2407 848 2757 905 nominavit.
2798 851 2968 919 Ecce,
3009 852 3223 924 inquit.
3249 854 3415 923 posui
3447 859 3499 911 te
3522 855 3585 911 in

1927 940 2114 994 lucem
2145 937 2414 1007 gentium
2449 938 2516 1003 ⁵⁷,
2549 938 2723 994 veluti
2743 941 3015 1011 superius
3046 941 3442 1008 significatum
3472 948 3582 997 est-

1997 1028 2161 1081 Vers.
2195 1029 2281 1080 '26.
2335 1026 2408 1080 Et
2438 1041 2536 1096 ego
2582 1058 2639 1067 —
2678 1028 2913 1083 mundo.
2957 1028 3169 1083 Audivi
3201 1029 3279 1085 ab
3317 1045 3384 1085 eo
3416 1030 3587 1087 etiam

1926 1116 2041 1171 hoc
2079 1115 2228 1171 inter
2279 1114 2414 1178 alia,
2456 1115 2620 1186 quod
2662 1131 2772 1185 ego
2804 1117 2917 1172 sim
2975 1117 3077 1173 lux
3135 1119 3403 1187 gentium
3460 1137 3473 1185 ;
3530 1126 3587 1177 et

1927 1206 2075 1259 inter
2100 1204 2217 1259 alia
2238 1203 2414 1258 etiam
2442 1204 2555 1259 hoc
2584 1205 2726 1271 dixi,
2751 1206 2917 1277 quod
2942 1221 3054 1276 ego
3080 1206 3194 1263 sim
3214 1207 3318 1263 lux
3351 1208 3583 1263 mundi.

1929 1294 2095 1360 Quod
2121 1307 2262 1362 ergo
2299 1292 2522 1357 audivi,
2558 1293 2670 1348 hoc
2709 1293 2853 1349 dixi.

1998 1383 2159 1437 Vers.
2202 1382 2295 1437 27.
2359 1381 2483 1436 Non
2536 1413 2603 1422 ——
2651 1383 2903 1438 dicebat.
2966 1386 3091 1439 Non
3150 1390 3582 1458 cognoverunt,

1927 1471 2088 1543 quod
2130 1470 2202 1524 de
2252 1469 2421 1523 Patre
2474 1469 2553 1524 eis
2584 1469 2837 1536 dicebat,
2874 1470 2976 1543 qui
3011 1471 3123 1527 sibi
3182 1478 3388 1529 natura
3423 1476 3588 1529 Pater

1928 1565 2098 1616 esset.
2154 1556 2488 1612 Verisimile
2516 1560 2673 1614 enim
2714 1564 2819 1623 est,
2862 1559 3027 1631 quod
3065 1560 3408 1616 dubitantes
3438 1561 3589 1617 inter

1928 1666 1989 1704 se
2028 1646 2323 1718 rogabant
2350 1662 2361 1700 :
2391 1645 2534 1713 Quis
2573 1653 2680 1712 est,
2712 1647 2815 1719 qui
2845 1648 3004 1703 misit
3025 1647 3190 1703 illum
3217 1647 3245 1702 ?
3272 1650 3447 1721 Atqui
3477 1650 3589 1706 fre-

1926 1746 2176 1810 quenter
2223 1740 2307 1795 eis
2358 1740 2432 1795 de
2476 1738 2577 1793 illo
2624 1736 3004 1791 disseruerat.
3058 1737 3228 1806 Vide,
3277 1738 3589 1809 quomodo

1929 1828 2307 1883 sermonibus
2323 1829 2452 1898 ejus
2469 1824 2875 1889 attendebant,
2893 1824 3013 1879 imo
3036 1825 3254 1896 potius,
3278 1827 3587 1896 quomodo

1929 1922 2126 1972 mente
2155 1918 2312 1988 capti
2343 1921 2535 1973 erant.
2576 1914 2772 1971 Merito
2802 1929 2945 1985 ergo
2990 1913 3139 1969 dixit
3168 1912 3279 1968 illis
3321 1931 3335 1969 :
3370 1915 3440 1970 In
3466 1916 3590 1985 pri-

1928 2007 2037 2061 mis
2058 2007 2211 2077 quod
2240 2008 2416 2062 etiam
2451 2006 2667 2075 toquar
2693 2002 2851 2058 vobis
2878 2004 2947 2057 ⁵⁸.

2002 2096 2162 2150 Vers.
2221 2095 2309 2150 28.
2358 2094 2517 2149 Dixit
2572 2122 2643 2132 --
2678 2094 2809 2147 sim.
2840 2092 2982 2146 Cum
3035 2091 3465 2163 suspenderitis
3493 2109 3589 2149 me

1930 2184 2103 2257 quasi
2138 2184 2444 2239 hominem
2476 2182 2533 2237 in
2568 2196 2761 2247 cruce,
2795 2186 2937 2235 tunc
2967 2180 3367 2252 cognoscetis,
3419 2182 3587 2252 quod

1931 2288 2063 2342 ego,
2094 2274 2226 2338 sim,
2270 2272 2538 2328 videlicet
2571 2270 2746 2326 Filius
2796 2268 2891 2324 Dei
2946 2274 3003 2325 et
3052 2269 3227 2325 Ueus.
3282 2273 3431 2326 Nam
3459 2276 3591 2326 tan-

1931 2379 2115 2434 quam
2141 2365 2289 2417 Deus
2319 2361 2463 2416 dixit
2495 2383 2507 2415 :
2533 2360 2650 2430 Ego
2680 2359 2810 2414 sim.
2843 2360 3222 2427 Cognoscetis
3249 2366 3451 2414 autem
3475 2359 3591 2415 hoc

1932 2467 1970 2507 a
2020 2450 2225 2519 signis,
2258 2466 2393 2522 quae
2443 2454 2583 2504 tunc
2626 2447 2787 2513 ﬁent,
2821 2447 3034 2517 quibus
3085 2446 3408 2501 contradici
3466 2463 3590 2503 non

1933 2541 2161 2611 poterit,
2214 2546 2268 2593 et
2314 2554 2349 2592 a
2402 2535 2824 2592 resurrectione
2858 2550 2993 2589 mea
3021 2550 3057 2590 a
3102 2535 3389 2590 mortuis:
3425 2536 3593 2590 insu-

1930 2644 2037 2702 per
2066 2628 2243 2683 etiam
2285 2626 2361 2681 ab
2392 2626 2481 2680 ira
2509 2624 2734 2687 divina,
2774 2640 2907 2694 quae
2934 2628 3074 2678 tunc
3105 2639 3292 2693 genus
3324 2639 3593 2696 compre-

1932 2716 2154 2773 hendet
2176 2715 2542 2769 Judaeorum.
2571 2711 2880 2784 Siquidem
2902 2717 3225 2783 postquam
3248 2711 3415 2767 illum
3448 2728 3588 2768 cru—

1935 2806 2246 2861 ciﬁxerunt
2275 2809 2330 2859 et
2361 2802 2657 2874 stupenda
2681 2800 2780 2857 illa
2811 2801 2987 2870 signa
3019 2800 3177 2857 facta.
3207 2805 3358 2867 sunt,
3393 2801 3595 2858 scribit

1935 2894 2207 2959 Lucas",
2229 2892 2396 2964 quod
2424 2907 2634 2947 omnes
2653 2890 2855 2953 turbae,
2871 2905 3006 2961 quae
3021 2889 3198 2944 simul
3219 2895 3595 2946 accesserant

1936 2982 2014 3038 ad
2066 2980 2465 3053 spectaculum
2496 2978 2673 3039 istud.
2708 2984 2763 3034 et
2810 2977 3114 3044 videbant,
3156 2993 3293 3049 quae
3346 2978 3591 3044 ﬁebant,

1936 3069 2330 3141 percutientes
2364 3073 2603 3141 pectora
2630 3083 2741 3122 sua
2766 3066 3233 3123 revertebantur.
3266 3066 3596 3136 Cognosce-

1937 3159 2083 3216 bant
2108 3158 2287 3222 enim,
2339 3157 2504 3229 quod
2552 3171 2684 3211 vere
2730 3155 2970 3210 divinus
3001 3155 3184 3209 homo
3216 3160 3389 3223 esset,
3415 3160 3471 3210 et
3512 3154 3595 3210 illi

1938 3253 2375 3319 compateretur
2400 3252 2667 3301 creatura
2696 3261 2707 3299 :
2748 3261 2885 3300 cum
2918 3251 3115 3298 autem
3144 3243 3305 3315 loqui
3337 3259 3459 3298 non
3490 3259 3595 3298 au-

1940 3338 2144 3392 derent
2196 3341 2433 3407 propter
2474 3334 2734 3388 timorem
2793 3331 3141 3403 principum,
3184 3330 3597 3402 percutiebant

1941 3430 2178 3497 pectora
2201 3440 2327 3491 sua,
2354 3422 2757 3492 signiﬁcantes
2787 3419 3058 3475 dolorem
3088 3419 3449 3474 interiorem.
3483 3419 3593 3473 Su-

1941 3512 2324 3586 spicabantur
2357 3524 2613 3580 namque
2653 3510 2920 3563 futurum
2959 3522 3107 3575 esse,
3140 3510 3205 3561 ut
3238 3505 3461 3561 malum
3489 3506 3597 3562 ali-

1939 3603 2101 3675 quod
2117 3599 2543 3656 irremediabile
2559 3604 2799 3670 propter
2810 3596 2961 3651 illum
2977 3611 3146 3651 omne
3161 3611 3351 3665 genus
3365 3594 3392 3649 J
3404 3596 3602 3652 udaao-

1938 3708 2072 3748 rum
2128 3693 2486 3745 concuteret.
2532 3687 2679 3742 Nam
2713 3691 2768 3742 et
2810 3686 3096 3752 centurio,
3130 3691 3187 3740 et
3213 3684 3311 3756 qui
3343 3701 3482 3739 cum
3527 3701 3599 3740 eo

1939 3785 2126 3846 erant,
2150 3779 2687 3844 servantesJesum,
2708 3779 2769 3831 ut
2790 3775 2869 3830 ait
2893 3773 3218 3839 Matthaaus,
3250 3789 3388 3828 cum
3417 3773 3598 3829 vidis-

1941 3874 2069 3925 sent
2089 3884 2224 3938 quae
2245 3867 2489 3932 ﬂebant,
2511 3866 2886 3920 vehementer
2906 3862 3083 3919 territi
3109 3868 3265 3927 sunt,
3289 3862 3553 3918 dicentes
3582 3881 3596 3920 :

1949 3958 2089 4015 Vere
2116 3957 2307 4013 Filius
2349 3956 2446 4010 Dei
2473 3960 2595 4009 erat
2632 3954 2741 4009 iste
2779 3953 2847 4006 ⁸ο.

2016 4048 2123 4103 Sed
2182 4053 2237 4100 et
2284 4043 2395 4115 ipsi
2436 4042 2734 4114 principes
2790 4040 3133 4096 Judaeorum
3183 4043 3603 4108 cognoverunt

1945 4140 2081 4190 tunc
2110 4132 2274 4206 quod
2305 4132 2400 4187 Dei
2445 4131 2617 4185 Filius
2649 4132 2775 4185 erat
2795 4134 2851 4184 et
2880 4129 3053 4193 Deus,
3079 4143 3428 4200 quanquam
3460 4142 3595 4199 pro-

1944 4226 2137 4297 priam
2166 4221 2669 4279 conculcaverunt
2696 4218 3143 4282 conscientiam,
3176 4216 3609 4272 nimiainvidia

1944 4330 2015 4370 ac
2038 4314 2283 4368 insania.
2318 4312 2410 4365 Ait
2435 4310 2595 4364 enim
2626 4324 2855 4364 rursum
2888 4308 3194 4363 Matthaaus
3249 4322 3261 4360 :
3298 4306 3452 4361 Ecce
3480 4305 3607 4375 qui—

1945 4404 2082 4459 dam
2098 4402 2165 4457 de
2181 4399 2518 4457 custodibus
2537 4402 2822 4454 venerunt
2836 4396 2898 4450 in
2915 4396 3211 4450 civitatem
3227 4400 3279 4449 et
3298 4395 3608 4449 renuntia-

1948 4496 2150 4547 verunt
2169 4488 2542 4558 principibus
2567 4485 2937 4541 sacerdotum
2964 4482 3232 4538 universa
3249 4496 3376 4551 qua?
3398 4480 3612 4536 accide-

1946 4584 2082 4635 rant
2104 4594 2116 4631 :
2137 4584 2191 4633 et
2208 4574 2545 4645 congregati
2566 4589 2697 4629 cum
2727 4570 3051 4627 senioribus
3070 4570 3315 4638 accepto
3348 4568 3604 4638 consilio,

1940 4666 2221 4738 pecunias
2254 4666 2469 4719 multas
2488 4662 2778 4717 dederunt
2803 4659 3082 4714 militibus
3108 4659 3366 4713 dicentes
3398 4658 3614 4713 :Diczte

1945 4755 2228 4827 Discipuli
2244 4756 2368 4823 ejus
2390 4758 2553 4807 nocte
2576 4751 2880 4813 venerunt,
2906 4750 2960 4803 et
2978 4746 3179 4817 furati
3194 4753 3330 4801 sunt
3353 4761 3484 4802 eum
3508 4761 3611 4801 no-

1950 4845 2030 4901 bis
2065 4842 2486 4900 dormientibus
2527 4841 2594 4906 ⁶¹,
2627 4844 2686 4894 et
2715 4842 2951 4893 caetera.

1959 5091 2005 5125 ⁸ο
2035 5087 2175 5144 Luc.
2214 5101 2377 5152 χχιιι,
2417 5081 2507 5141 48.
2608 5083 2655 5120 ³ο
2678 5079 2886 5139 Matth.
2920 5076 3247 5144 xxxvu,54.
3327 5078 3371 5115 ⁶¹
3401 5076 3609 5138 Matth.

1470 5286 1693 5357 Varia
1722 5281 2049 5354 lectiones
2098 5290 2163 5353 et
2202 5292 2403 5351 notae.

344 5398 432 5469 40)
472 5397 774 5471 meum»,
806 5403 861 5455 Β.

319 5399 432 5539 ξιο)
472 5399 774 5471 Γωόμὲνων,
806 5403 861 5455 Β.

464 5472 839 5550 Τόν-,σεισμόν
890 5474 982 5550 καί
1031 5470 1213 5529 iidem
1263 5474 1503 5550 codices
1550 5472 1848 5550 Euthymii

247 5546 526 5617 omittunt
543 5546 720 5617 etiam
738 5546 795 5617 in
816 5548 1101 5617 contextu
1115 5546 1275 5617 apud
1296 5547 1650 5603 Matthmum.
1673 5546 1852 5617 Chry-

250 5616 551 5685 sostomus
573 5612 733 5668 hunc
750 5613 949 5670 locum
974 5612 1478 5685 negligentissime
1498 5624 1723 5682 tractat,
1742 5612 1851 5671 Lu-

246 5698 383 5741 cam
411 5683 633 5755 potius,
665 5699 851 5756 quam
880 5683 1199 5743 Mathaaum
1230 5688 1650 5762 interpretans.
1682 5687 1850 5745 Vide-

578 5781 654 5837 PA
664 5799 817 5840 ἢτοι..
863 5782 945 5841 Gn
960 5828 973 5845 .
1023 5783 1270 5846 CXXIX.

1961 5407 2106 5458 tom.
2138 5402 2251 5464 VII,
2281 5416 2339 5464 p.
2373 5400 2480 5455 826
2532 5399 2590 5452 E.
2637 5393 2840 5451 Caeteri
2871 5392 3109 5450 codices
3144 5392 3207 5447 N.
3251 5389 3625 5464 Testamenti

1961 5416 2106 5458 tom.
2146 5416 2251 5464 VII,
2328 5440 2339 5451 .
2373 5416 2480 5455 620
2532 5416 2590 5452 Is.
2637 5416 2840 5451 hateri
2871 5416 3109 5450 couwes
3144 5416 3207 5447 ιη.
3274 5416 3625 5447 testamenti

1960 5490 2096 5529 cum
2130 5416 2387 5537 schoiiis,
2431 5468 2781 5547 cujusmodi
2808 5466 2885 5547 ad
2917 5480 3137 5547 manus
3166 5462 3625 5547 habuit‘lﬁuthy-

1959 5546 2138 5612 mins,
2166 5546 2281 5599 ista
2306 5533 2567 5598 servant.
2613 5538 2673 5594 Id
2691 5537 3044 5612 intelligitur
3075 5551 3147 5612 ex
3176 5550 3311 5612 mea
3336 5533 3621 5612 editione.

1961 5552 2138 5612 mins,
2166 5552 2281 5599 Ista
2306 5552 2567 5598 servant.
2613 5552 2673 5594 Ia
2704 5552 3044 5666 Inteuigitur
3075 5552 3147 5590 ex
3176 5552 3311 5591 mea
3336 5552 3621 5590 eaiuone.

1961 5619 2110 5687 Ergo
2142 5614 2443 5687 Euthymii
2475 5610 2797 5669 auctoritas
2826 5624 2902 5666 va
2929 5623 3025 5667 ere
3080 5606 3195 5669 hoc
3230 5606 3363 5664 loco
3394 5606 3623 5678 nequit.

3303 5774 3366 5829 41
