4120 6310
611 310 743 368 1291

680 434 982 500 Prmterea,
1015 447 1259 505 quoque
1295 430 1615 503 Josephus,
1654 428 1757 502 qui
1789 433 1843 485 et
1872 429 2001 503 ipse
2025 430 2263 487 Judeus
2296 432 2341 484 Α

605 528 731 579 erat
756 523 1172 595 peritissimus,
1207 522 1476 577 scribens
1501 519 1870 575 calamitates
1895 519 2259 589 Judaeorum,

602 627 735 685 quae
765 612 844 667 ab
869 627 940 667 eo
964 617 1230 683 tempore
1257 616 1587 681 cmperunt,
1618 625 1688 665 ac
1720 609 2259 681 HierOsolymorum

601 700 1023 773 captivitatem,
1058 699 1268 756 fatetur
1282 704 1522 770 propter
1547 698 1836 755 Christum
1856 696 2110 754 effusam
2133 715 2260 753 esse

600 789 889 846 adversus
935 805 1038 845 eos
1067 790 1335 844 divinam
1367 789 1515 843 iram
1545 804 1558 842 :
1593 796 1649 843 et
1672 787 1876 842 occisa
1903 803 2036 843 esse
2076 804 2112 843 a
2152 790 2260 843 Ro—

601 878 797 934 manis
836 885 954 933 tam
997 877 1184 933 multa
1220 877 1485 948 ipsorum
1517 875 1720 932 millia.
1756 875 1868 942 Qui
1907 877 2089 943 enim,
2122 892 2257 932 cum

599 981 701 1022 eos
730 983 937 1023 curare
977 966 1168 1032 vellet,
1203 981 1515 1036 agnoscere
1565 982 1698 1021 eum
1744 964 2069 1030 noluerunt,
2120 964 2256 1021 ideo

595 1054 789 1112 affecti
815 1055 1130 1127 supplicio,
1162 1055 1300 1127 quis
1317 1060 1472 1111 esset
1499 1060 1931 1124 cognoverunt.

666 1144 832 1201 Vers.
863 1146 950 1200 28.
981 1145 1055 1200 Et
1088 1175 1153 1186 -—
1181 1144 1410 1217 loquor.
1441 1144 1589 1200 Nam
1617 1145 1662 1199 si
1689 1142 1836 1199 illud
1858 1148 1999 1199 tunc
2028 1158 2255 1215 cogno-

592 1233 813 1299 veritis,
864 1233 1111 1289 omnino
1150 1234 1330 1289 etiam
1361 1232 1476 1288 hoc
1514 1230 1734 1298 scietis,
1764 1232 1929 1304 quod
1956 1248 1992 1288 a
2021 1232 2252 1304 meipso

593 1321 748 1377 facio
776 1322 942 1388 nihil,
975 1321 1079 1377 sed
1109 1321 1314 1378 omnia
1348 1337 1484 1393 quae
1514 1320 1637 1376 vult
1665 1322 1834 1377 Pater
1868 1337 2044 1377 :cum
2091 1321 2248 1377 enim

592 1410 834 1483 aequalis
870 1410 948 1466 illi
980 1410 1104 1475 sim,
1132 1411 1248 1465 haec
1282 1410 1415 1465 volo
1440 1427 1579 1482 quas
1604 1410 1697 1466 ille
1725 1410 1866 1475 vult,
1908 1426 2031 1465 una
2071 1410 2251 1480 siqui-

589 1500 726 1555 dem
760 1507 847 1556 est
893 1504 1187 1569 voluntas,
1219 1500 1375 1556 sicut
1408 1506 1465 1555 et
1496 1516 1615 1555 una
1641 1500 1904 1572 potentia
1952 1516 1964 1553 :
1999 1505 2055 1554 et
2084 1499 2249 1571 quod

590 1603 662 1644 ea
699 1604 833 1658 quas
878 1588 1083 1645 docuit
1141 1604 1255 1654 me,
1311 1589 1434 1644 haec
1483 1589 1741 1661 loquor;
1785 1605 1923 1643 nam
1957 1588 2056 1644 ille
2084 1604 2248 1643 mens

588 1683 697 1741 est,
745 1692 858 1747 ego
910 1684 1107 1733 autem
1172 1677 1444 1733 verbum.
1515 1678 1596 1733 De
1647 1677 1931 1749 operibus
1984 1693 2247 1750 namque

586 1767 731 1822 dixit
756 1768 936 1822 etiam
968 1767 1238 1837 superius
1264 1788 1277 1821 :
1304 1767 1434 1823 Non
1486 1781 1716 1836 possum
1736 1783 1836 1837 ego
1861 1767 2068 1835 facere
2096 1781 2133 1823 a
2159 1782 2245 1824 me

2360 1775 2519 1821 ποιεῖν
2590 1766 2679 1820 ἀπ’

585 1857 896 1928 quidquam
930 1858 976 1892 ⁸³
1010 1873 1023 1923 ;
1053 1862 1110 1911 et
1125 1856 1253 1925 lege
1274 1858 1454 1912 etiam
1485 1856 1625 1913 dicti
1651 1855 2246 1927 illiusinterpretatio—

586 1962 746 2001 nem.
783 1948 859 2000 De
890 1946 1267 2001 sermonibus
1309 1961 1451 2001 vero
1482 1946 1695 2001 iterum
1723 1945 1866 2001 dixit
1897 1962 1909 2000 :
1946 1946 2074 2001 Mea
2101 1945 2242 2000 doc-

586 2035 745 2090 trina
764 2049 879 2089 non
907 2042 987 2090 est
1018 2048 1140 2090 mea
1190 2035 1289 2089 sed
1340 2036 1467 2104 ejus
1511 2035 1620 2106 qui
1642 2035 1798 2089 misit
1832 2051 1917 2089 me
1957 2036 2003 2070 °'
2039 2050 2053 2100 ;
2088 2038 2143 2089 et
2169 2034 2243 2089 de

584 2124 699 2180 hoc
729 2122 908 2179 etiam
938 2123 1066 2193 lege
1091 2121 1597 2195 explanationem.

656 2215 817 2268 Vers.
845 2217 938 2271 29.
992 2213 1070 2268 Et
1096 2243 1156 2256 -
1207 2219 1307 2269 est.
1346 2215 1425 2268 Ne
1455 2218 1825 2285 putaremus,
1853 2212 2017 2285 quod
2050 2213 2245 2282 major

583 2307 741 2359 esset
790 2303 840 2359 is
887 2302 989 2375 qui
1026 2301 1199 2368 misit,
1233 2307 1401 2358 curat
1437 2302 1787 2374 hujusmodi
1837 2302 2242 2373 suspicionem

581 2392 835 2449 dicens:
887 2393 961 2448 Et
989 2392 1087 2464 qui
1135 2392 1283 2447 misit
1360 2409 1463 2458 me,
1522 2406 1749 2449 mecum
1813 2399 1913 2457 est,
1948 2396 2242 2464 tanquam

581 2482 1010 2554 inseparabilis,
1043 2481 1282 2537 misisse
1312 2480 1608 2555 siquidem
1632 2481 2097 2553 dispensationis
2127 2484 2239 2544 est,

580 2587 708 2628 esse
735 2576 937 2628 autem
962 2587 1100 2627 cum
1126 2586 1197 2627 eo
1226 2572 1325 2643 qui
1351 2571 1530 2636 misit,
1555 2569 1920 2626 cohaerentim
1941 2570 2067 2625 sive
2097 2584 2243 2625 con-

580 2661 1010 2732 glutinationis.
1050 2663 1197 2716 Nam
1235 2668 1444 2716 sancta
1468 2659 1741 2725 Trinitas,
1773 2676 1904 2733 quae
1943 2659 2244 2732 aequaliter

581 2765 826 2807 omnem
845 2748 1051 2821 implet
1081 2749 1302 2814 locum,
1326 2765 1362 2806 a
1382 2748 1580 2821 seipsa
1618 2764 1741 2805 non
1781 2748 2132 2805 secernitur.

653 2839 817 2895 Vers.
847 2842 934 2894 29.
962 2839 1090 2895 Non
1141 2869 1211 2877 —
1239 2852 1480 2907 semper.
1520 2838 1576 2894 Si
1615 2838 1748 2905 hoc,
1806 2843 1868 2892 ut
1903 2837 2107 2903 homo,
2142 2837 2241 2902 ait,

576 2927 958 2985 tantumdem
989 2931 1083 2981 est
1106 2941 1176 2982 ac
1197 2926 1247 2981 si
1267 2927 1426 2982 dicat
1446 2947 1459 2982 :
1483 2926 1653 2992 Quod
1678 2942 1816 2983 cum
1841 2928 1996 2982 Deus
2022 2925 2246 2998 ubique

585 3018 662 3074 sit
692 3018 865 3088 juxta
912 3016 1056 3072 illud
1088 3034 1101 3073 :
1133 3017 1339 3073 Nonne
1376 3016 1577 3072 coelum
1628 3021 1682 3073 et
1739 3023 1954 3073 terram
1991 3030 2096 3087 ego
2140 3017 2243 3072 im-

1928 302 2279 360 EUTHYMII
2320 280 2649 361 ZIGABENI
3861 294 4006 357 ηοξ

2441 429 2554 484 Ἐτι
2581 448 2641 501 γε
2676 434 2779 502 μὴν
2822 434 2913 482 καὶ
2953 432 3048 493 τὰς
3091 431 3263 481 ἔκτοτε
3309 436 3410 480 τῶν
3455 425 3740 483 Ἰουδαίων
3793 449 4005 501 συμῖνο-

2370 522 2466 592 ρας
2517 524 2607 573 καὶ
2661 524 2756 577 τὴν
2804 518 2997 572 ἅλωσιν
3045 527 3144 571 τῶν
3203 517 3573 594 Ἰεροσολύμων
3633 520 4002 593 συγγράφων,

2371 610 2397 662 ὁ
2434 609 2749 680 λογιώτατος
2797 606 2847 660 ἓν
2899 605 3172 669 Ἰουδαίοις
3220 608 3496 674 Ἰώσηπος,
3560 608 3845 681 ὁμολογεῖ,
3909 605 4005 660 διὰ

2369 701 2455 759 τὸν
2504 701 2731 770 Χριστὸν
2774 699 2997 769 χεθῆναι
3047 697 3160 769 (42)
3200 698 3314 750 κατ’
3364 696 3531 750 αύτῶν
3582 704 3684 755 τήν
3733 700 4002 754 τοιαύτην

2371 790 2662 859 θεομηνίαν,
2700 792 2785 840 καὶ
2827 795 3227 859 κατασφαγῆναι
3270 787 3387 855 (43)
3426 789 3519 848 τὰς
3562 789 3855 848 τοσαύτας
3904 788 3999 838 er}-

2367 885 2465 929 τῶν
2490 873 2756 950 μυριάδας
2789 877 2888 928 ὑπὸ
2911 874 3194 948 Ῥωμαίων.
3237 875 3376 928 Ἐπεὶ
3416 878 3518 949 γὰρ
3569 878 3995 948 θεραπευόμενοι

2364 975 2555 1037 γνῶναι
2585 965 2740 1019 αὐτὸν
2786 966 2879 1018 οὐκ
2919 964 3198 1031 ἠθελησαν,
3231 964 3567 1039 κολαζόμενοι
3612 968 3873 1039 ἔγνωσαν
3928 976 3993 1026 τις

2366 1052 2447 1114 ἦν.

2439 1150 2536 1198 Καὶ
2613 1176 2678 1186 --
2744 1144 2898 1200 λαλῶ.
2957 1145 3014 1197 F.i
3083 1148 3183 1220 γὰρ
3261 1143 3418 1197 ἐκεῖνο
3484 1147 3769 1216 γνώσεσθε
3858 1153 3981 1201 τότε.

2361 1235 2562 1294 πάντως
2626 1239 2716 1286 καὶ⁵
2773 1240 2959 1301 ταῦτα,
3023 1234 3101 1285 ὅτι
3153 1232 3241 1285 ἀπ’
3299 1232 3523 1305 ἐμαυτοῦ
3587 1242 3734 1285 ποιῶ
3816 1232 3986 1299 οὐδὲν,

2362 1320 2490 1374 ἀλλὰ
2530 1324 2716 1388 πάντα,
2751 1322 2786 1374 ἃ
2817 1322 2947 1375 θέλει
2975 1323 3000 1374 ὁ
3032 1327 3234 1396 Πατήρ.
3278 1321 3422 1383 "Iac;
3467 1324 3569 1393 γὰρ
3618 1322 3781 1391 αὐτῷ
3844 1324 3915 1374 ὧν
3960 1324 3988 1373 εἰ

2363 1414 2492 1464 θέλει
2521 1418 2688 1464 ταῦτα
2738 1411 2884 1464 θέλω.
2930 1410 3017 1465 Ἐν
3056 1413 3158 1486 γὰρ
3205 1412 3331 1483 ἡμῖν
3380 1411 3598 1483 θέλημα,
3652 1413 3851 1485 ὥσπερ
3904 1420 3991 1464 καὶ

2358 1506 2457 1573 μία
2501 1497 2741 1572 δύναμις·
2801 1505 2893 1553 καὶ
2947 1502 3025 1552 ὅτι
3078 1500 3112 1551 ἃ
3160 1497 3371 1563 ἐδίδαξε
3420 1519 3502 1572 με,
3559 1508 3741 1553 ταῦτα
3798 1500 3945 1553 λαλῶ
3977 1519 3989 1529 ο

2357 1597 2476 1652 νοῦς
2523 1593 2613 1662 μεν
2665 1590 2765 1662 γὰρ
2814 1588 3023 1657 ἐκεῖνος,
3073 1588 3221 1660 λόγος
3268 1586 3327 1642 δι
3368 1592 3490 1659 ἐγώ.
3552 1594 3686 1663 Περὶ
3740 1594 3850 1662 μὲν
3905 1588 3995 1643 οὖν

2358 1687 2456 1732 τῶν
2510 1680 2672 1751 ἔργων
2725 1674 2832 1731 εἷπε
2887 1683 2977 1730 καὶ
3030 1677 3195 1731 ὀπίσω
3248 1679 3346 1746 ὅτι,
3411 1678 3489 1730 Ού
3561 1674 3816 1750 δύναμαι
3891 1679 3996 1750 ἐγὼ

2760 1766 2985 1837 ἰμαυτοῦ
3059 1763 3209 1820 οὐδέν
3238 1785 3250 1796 ·
3307 1771 3397 1819 καὶ
3476 1765 3746 1838 ἀνάγνωθι
3835 1769 3996 1821 πάλιν

2355 1862 2449 1916 τὴν
2479 1856 2725 1928 ἐξήγησιν
2770 1855 2961 1909 ἐκείνου
2992 1864 3083 1909 τοῦ
3133 1857 3315 1931 ῥητοῦ·
3357 1861 3474 1928 περὶ
3528 1852 3587 1909 δι
3645 1864 3759 1908 τῶν
3822 1858 3994 1931 λόγων

2355 1943 2507 2007 αὖθις
2534 1948 2752 2021 εἴρηκεν,
2791 1947 2872 1998 ὅτι
2898 1945 2954 1998 Ἡ
2991 1945 3084 2017 ἐμὴ
3121 1942 3328 2017 διδαχὴ
3358 1946 3451 1997 ούκ
3483 1948 3624 1998 ἔστιν
3668 1944 3806 2018 ἐμὴ,

2352 2042 2443 2088 τοῦ
2472 2034 2767 2106 πέμψαντός
2789 2053 2852 2107 με
2886 2055 2897 2067 ·
2926 2041 3012 2088 καὶ
3056 2033 3314 2107 ἀνάγνωθι
3359 2039 3449 2086 καὶ
3498 2040 3592 2093 την
3624 2040 3753 2109 περὶ
3790 2042 3992 2091 τούτου

2355 2124 2644 2197 ἑρμηνείαν.

2428 2217 2525 2265 Καὶ
2561 2244 2628 2252 -
2666 2210 2824 2266 ἔστιν.
2857 2211 2970 2266 Ἰνα
3012 2217 3084 2284 μὴ
3130 2218 3421 2286 νομίσωμεν
3462 2214 3542 2265 ὃτι
3585 2216 3797 2284 μείζων
3843 2215 3988 2269 ἐστὶν

2354 2301 2641 2374 ὁπέμψας,
2688 2303 2954 2374 θεραπεύει
3009 2307 3102 2361 τὴν
3154 2305 3396 2361 τοιαύτην
3453 2301 3712 2372 ὑποψίαν,
3764 2303 3983 2376 λέγων’

2359 2396 2456 2445 Καὶ
2494 2392 2520 2443 ὁ
2548 2389 2755 2463 πέμψας
2785 2409 2848 2462 με
2877 2392 2989 2463 μετ’
3019 2390 3144 2463 ἐμοῦ
3188 2391 3351 2458 ἐστιν,
3401 2394 3465 2452 ὡς
3516 2389 3869 2466 ἁχὼριστος.
3917 2399 3984 2448 Τὸ

2354 2485 2443 2554 μὲν
2499 2483 2601 2554 γὰρ
2660 2479 2866 2552 πέμψαι
2916 2489 3011 2542 τῆς
3066 2481 3357 2553 οἰκονομίας
3408 2479 3542 2546 ἐστὶ,
3599 2485 3661 2534 τὸ
3721 2479 3788 2535 δὲ
3844 2489 3982 2555 μετὰ

2353 2578 2448 2623 τοῦ
2479 2571 2789 2642 πεμφθέντος
2828 2568 2976 2635 εἶναι,
3018 2578 3115 2633 τῆς
3159 2569 3533 2642 ἀλληλουχίας.
3577 2570 3635 2624 Ἦ
3680 2575 3791 2644 γὰρ
3847 2574 3978 2644 ἁγία

2352 2661 2527 2731 Τριὰς,
2587 2658 2772 2719 ἐπίσης
2827 2661 2996 2712 πάντα
3071 2664 3226 2714 τόπον
3291 2660 3586 2734 πληροῦσα,
3649 2661 3849 2724 ἑαυτῆς
3917 2664 3971 2716 οὐ

2354 2746 2648 2806 διέστηκεν.

2426 2834 2537 2888 Οὐκ
2575 2867 2643 2876 -
2689 2839 2928 2892 πάντοτε.
2986 2837 3044 2891 Ei
3090 2841 3179 2910 μεν
3224 2840 3294 2901 ὡς
3351 2839 3622 2912 ἄνθρωπος
3678 2846 3836 2893 τοῦτό
3871 2862 3958 2913 ρη-

2357 2941 2458 2989 σιν,
2509 2926 2650 2976 ἔστιν
2705 2925 2863 2977 εἰπεῖν
2920 2928 3001 2979 ὅτι
3066 2935 3339 3000 πανταχοῦ
3391 2932 3483 2999 μέν
3538 2931 3684 2981 ἐστιν
3736 2931 3763 2981 ὁ
3811 2935 3944 2992 Θεὸς,

2353 3015 2488 3066 κατὰ
2563 3019 2621 3066 τὸ
2651 3031 2663 3044 ·
2721 3015 2866 3087 Ούχὶ
2914 3021 3002 3069 τὸν
3068 3017 3281 3091 οὐρανὸν
3355 3022 3445 3070 καὶ
3522 3022 3612 3077 τὴν
3683 3028 3775 3089 γῆν

579 3108 763 3178 plec“
792 3104 822 3161 τ
848 3106 1038 3176 magis
1078 3111 1278 3162 tamen
1325 3105 1386 3162 in
1419 3105 1516 3162 his
1565 3121 1693 3162 esse
1744 3105 1979 3176 dicitur,
2032 3105 2135 3178 qui
2173 3121 2243 3161 eo

2360 3101 2532 3174 πληρώ
2561 3120 2576 3170 ;
2609 3102 2797 3175 μᾶλλον
2856 3101 2915 3157 δι
2961 3101 3092 3158 εἶναι
3141 3105 3339 3179 λέγεται
3391 3105 3438 3158 ἐν
3492 3114 3607 3170 τοῖς
3652 3106 3797 3169 ἀξίοις
3834 3105 3919 3156 αύ-

582 3196 743 3267 digni
784 3202 949 3251 sunt.
1017 3196 1074 3251 Si
1132 3199 1355 3263 autem,
1388 3200 1450 3251 ut
1483 3197 1634 3250 Deus
1684 3200 1967 3268 :propter
2020 3200 2243 3251 sancta

579 3286 871 3343 Trinitatis
899 3284 1465 3358 inseparabilitatem
1490 3284 1605 3341 hoc
1636 3284 1793 3352 dicit,
1821 3299 1958 3357 quae
1984 3283 2241 3356 propriis

583 3376 829 3449 quidem
859 3373 1244 3446 distinguitur
1263 3373 1560 3446 personis,
1588 3373 1793 3429 unitur
1810 3378 2012 3430 autem
2034 3370 2242 3428 divini-

582 3465 718 3522 tatis
747 3480 818 3521 ac
858 3464 1205 3519 substantia
1243 3462 1567 3519 identitate.

656 3554 717 3609 ld
743 3568 881 3609 vero
939 3568 953 3609 :
999 3554 1137 3620 Quae
1164 3552 1384 3623 placita
1421 3558 1560 3608 sunt
1589 3553 1657 3620 ei,
1696 3551 1853 3623 facio
1876 3566 2120 3622 semper,
2148 3553 2244 3606 aut

582 3647 870 3715 tanquam
887 3641 967 3697 illi
981 3641 1266 3698 obediens
1285 3640 1620 3697 secundum
1631 3640 2063 3697 humanitatem
2080 3639 2239 3705 dicit,

583 3736 688 3788 aut
713 3738 999 3803 tanquam
1025 3730 1106 3786 illi
1133 3728 1383 3802 aequalis
1406 3729 1740 3786 secundum
1772 3728 2139 3785 divinitatem
2173 3744 2244 3784 ac

583 3819 969 3877 voluntatem.
1031 3820 1200 3885 Quod
1237 3817 1286 3874 si
1318 3833 1390 3875 ea
1418 3832 1550 3890 quae
1584 3816 1809 3887 placita
1842 3825 1975 3873 sunt
2005 3818 2060 3874 ei
2084 3817 2242 3887 facio

582 3925 825 3978 semper,
885 3913 1119 3980 gratum
1164 3906 1244 3963 illi
1304 3908 1502 3980 utique
1533 3911 1619 3963 est
1663 3906 2012 3964 accedentes
2061 3906 2242 3962 etiam

583 3998 848 4055 Sabbato
885 4013 1114 4053 curare.

654 4086 916 4155 Intellige
964 4091 1163 4141 autem
1211 4096 1348 4158 quae
1392 4084 1680 4156 depressa
1731 4085 1849 4140 sint
1899 4084 2078 4140 verba
2113 4087 2244 4139 tan-

584 4191 770 4249 quam
800 4174 1236 4247 dispensatoria
1260 4177 1503 4245 propter
1532 4172 1995 4229 imbecillitatem
2011 4174 2037 4227 J
2046 4172 2242 4229 udaeo-

583 4280 739 4329 rum,
765 4264 915 4319 sicut
934 4265 995 4318 in
1035 4261 1445 4335 superioribus
1475 4261 1781 4317 retulimus
1814 4278 1826 4316 :
1860 4277 2004 4316 nam
2041 4261 2241 4332 hujus-

586 4352 753 4411 modi
770 4354 964 4424 magis
980 4351 1197 4425 vulgus
1214 4349 1772 4416 attrahebant,sicut
1787 4355 1843 4408 et
1856 4350 2035 4407 afﬁne
2046 4367 2238 4408 exem-

583 4442 773 4517 plum.
801 4441 949 4498 Vide
977 4441 1157 4511 enim,
1185 4440 1344 4514 quod
1385 4441 1671 4513 sequitur.

660 4530 819 4587 Vers.
858 4530 944 4588 30.
987 4532 1129 4586 Hac
1166 4561 1235 4571 —
1272 4547 1421 4586 eum.
1457 4528 1711 4595 Quando
1747 4528 1822 4585 ad
1864 4527 2240 4585 humiliorem

585 4635 717 4676 sese
760 4619 1110 4675 demittebat
1161 4634 1520 4684 sermonem,
1553 4623 1694 4674 tunc
1724 4616 2085 4681 credebant;
2119 4632 2241 4673 non

582 4714 785 4765 tamen
814 4713 877 4763 ut
905 4707 1240 4779 oportebat,
1292 4707 1629 4775 credebant,
1658 4706 1764 4762 sed
1795 4704 2021 4776 vulgari
2056 4706 2239 4762 modo

582 4795 908 4855 credebant
954 4796 1371 4852 humilioribus
1409 4796 1539 4868 ejus
1571 4794 1964 4860 sermonibus,
2006 4809 2129 4850 non
2156 4811 2241 4849 re-

580 4888 866 4960 cipientes
917 4885 1320 4943 sublimiores.
1363 4884 1534 4951 Quod
1565 4884 1761 4941 sciens
1800 4881 2082 4949 Christus,
2113 4884 2241 4940 niti-

530 5048 539 5062 ε
582 4981 679 5034 tur
717 4973 851 5032 illos
871 4978 1182 5046 corrigere,
1211 4974 1378 5047 quod
1420 4990 1598 5032 suum
1629 4982 1718 5031 est
1745 4970 1969 5043 ubique
1993 4972 2235 5041 faciens,

658 5183 706 5221 ⁸³
734 5181 915 5241 Joan.
952 5196 1012 5247 ν,
1046 5184 1133 5239 30.
1213 5182 1442 5238 ⁸³]οεη.
1468 5196 1570 5248 vn,
1598 5180 1680 5238 16.

2352 3197 2444 3243 τοῦ
2481 3209 2489 3218 ·
2533 3190 2578 3243 εἰ
2627 3189 2686 3245 δε
2742 3195 2805 3254 ὡς
2849 3196 2995 3256 Θεὸς,
3042 3192 3138 3248 διὰ
3185 3197 3242 3247 τὸ
3296 3193 3604 3270 ἀχώριστον
3649 3202 3739 3256 τῆς
3781 3194 3935 3264 ἁγίας

2353 3275 2600 3351 Τριάδος,
2672 3276 2992 3354 διῃρημένης
3079 3286 3167 3355 μεν
3250 3291 3368 3346 ταῖς
3443 3281 3644 3346 ἰδικαῖς
3726 3287 3947 3337 ὑποστα-

2356 3387 2522 3436 σεσιν,
2579 3371 2839 3443 ἡνωμένης
2900 3367 2960 3425 δὲ
3009 3380 3072 3445 τῇ
3132 3377 3415 3433 ταυτότητι
3468 3381 3563 3437 τῆς
3610 3374 3801 3436 οὐσίας
3866 3381 3953 3427 καὶ

2357 3459 2615 3521 θεότητος.

2423 3551 2500 3600 Τὰ
2561 3547 2756 3622 ἀρεστὰ
2820 3545 2880 3602 δὲ
2931 3549 3072 3621 αὐτῷ
3124 3559 3256 3605 ποιῶ
3294 3554 3531 3615 πάντοτε,
3576 3556 3607 3610 ἧ
3646 3555 3720 3615 ὡς
3777 3557 3963 3608 στειθό-

2352 3655 2497 3709 μενος
2544 3637 2684 3707 αύτῷ
2710 3640 2845 3691 κατὰ
2872 3642 2965 3698 τὴν
3018 3637 3412 3711 ἀνθρωπὸτητὰ,
3447 3644 3477 3700 ἦ
3529 3644 3594 3702 ὡς
3622 3644 3745 3704 ἶσος
3792 3644 3961 3714 οώτῷ,

2353 3727 2488 3778 κατὰ
2528 3730 2623 3784 τὴν
2674 3728 2891 3786 θεότητα
2932 3733 3022 3782 καὶ
3045 3728 3269 3788 θέλησιν.
3299 3729 3358 3783 Εἰ
3408 3727 3465 3784 3's
3490 3733 3554 3783 τὰ
3583 3728 3788 3804 ἀρεστα
3820 3733 3964 3805 αύτῷ

2352 3822 2484 3867 ποιῶ
2515 3816 2751 3882 πάντοτε,
2807 3814 3021 3892 ἀρεστὸν
3069 3817 3207 3888 αύτῷ
3236 3820 3338 3894 ἄρα
3364 3824 3455 3872 καὶ
3509 3822 3569 3872 τὸ
3604 3818 3654 3872 ἓν
3706 3820 3964 3894 Σαϐϐατῷ

2355 3904 2647 3977 θεραπεύειν
2673 3908 2788 3965 τοὺς
2817 3910 3176 3978 παρειμένους.

2423 4088 2590 4155 Δέχου
2623 4079 2681 4137 δι
2728 4085 2793 4136 τὰ
2850 4084 2962 4156 (44)
3014 4088 3231 4138 ταπεινὰ
3281 4086 3495 4160 ῥήματα
3541 4088 3612 4150 ὡς
3650 4087 3964 4161 οἰκονομικὰ

2353 4169 2448 4224 διὰ
2476 4176 2569 4230 τὴν
2614 4169 2878 4226 ἂσθένειαν
2927 4182 3026 4225 τῶν
3066 4170 3359 4244 Ἰουδαίων,
3409 4177 3475 4236 ὡς
3526 4181 3619 4230 καὶ
3674 4177 3961 4250 προλαϐόν-

2352 4281 2434 4323 τες
2485 4261 2905 4335 παρηγγείλαμεν
2937 4280 2949 4292 ·
3005 4265 3073 4316 τὰ
3117 4270 3335 4316 τοιαῦτα
3391 4267 3493 4336 γὰρ
3548 4266 3742 4338 μᾶλλον
3797 4266 3958 4340 ἐφείλ-

2351 4370 2500 4403 κοντο
2539 4354 2658 4412 τοὺς
2700 4349 2937 4416 πολλοὺς,
2982 4356 3072 4405 καὶ
3106 4356 3164 4405 τὸ
3206 4348 3551 4427 παράδειγμα
3600 4353 3770 4427 ἐγγύς.
3818 4355 3955 4429 Ὀρει

2274 4492 2319 4545 D
2348 4442 2473 4545 γάρ.

2420 4535 2602 4583 Ταῦτα
2637 4559 2702 4570 -
2742 4528 2923 4586 αὐτόν.
2973 4528 3097 4585 Ὀτε
3147 4530 3214 4592 εἰς
3269 4534 3328 4584 τὸ
3379 4536 3735 4606 ταπεινότερον
3786 4538 3942 4590 κατή-

2350 4637 2483 4690 γαγε
2511 4622 2598 4669 τὸν
2646 4617 2816 4691 λόγον,
2867 4623 2983 4673 τότε
3026 4617 3339 4674 ἐπίστευσαν
3366 4641 3379 4653 ·
3418 4619 3524 4693 οὐχ
3569 4623 3636 4682 ὡς
3672 4621 3827 4690 ἐχρῆν
3872 4617 3931 4670 0":

2349 4706 2684 4772 ἐπίστευσαν,
2742 4705 2846 4759 ἀλλ’
2901 4707 3071 4769 ἁπλῶς
3126 4705 3438 4762 ἐπίστευσαν
3498 4716 3598 4769 τοῖς
3645 4709 3924 4759 ταπειτοτέ-

2348 4814 2460 4869 ροις
2524 4794 2695 4867 λόγοις
2744 4795 2925 4862 αὐτοῦ,
2983 4800 3055 4869 μὴ
3105 4792 3523 4870 παραδεξάμενοι
3569 4798 3686 4857 τοὺς
3739 4794 3937 4867 ὑψηλο-

2349 4888 2547 4958 τέρους,
2608 4886 2729 4962 ὅπερ
2791 4881 2940 4947 εἰδὼς
3009 4887 3035 4938 ὁ
3093 4884 3327 4960 Χριστός
3405 4892 3649 4961 πειρᾶται
3703 4882 3946 4962 διορθοῦν

2348 4973 2557 5038 αὐτοὺς,
2616 4978 2675 5026 τὸ
2733 4973 2914 5029 ἑαυτοῦ
2966 4982 3242 5049 πανταχοῦ
3290 4982 3472 5042 ποιῶν,
3540 4977 3583 5031 εἰ
3649 4981 3741 5031 καὶ
3805 4977 3951 5032 αὐτοὶ

1759 5181 1807 5218 ⁸⁸
1825 5179 2041 5238 Jerem.
2065 5181 2229 5249 xxu'r,
2258 5182 2351 5239 24.

1825 5385 2045 5455 Variae
2063 5384 2393 5455 lectiones
2424 5392 2492 5456 et
2518 5393 2721 5456 notae.

656 5582 768 5657 (Η)
807 5576 1068 5658 δεχθῆναι
1091 5584 1154 5642 Α.

653 5652 773 5728 (43)
804 5652 1157 5730 Euthymius
1188 5653 1420 5730 videtur
1437 5652 2044 5730 confunderecaedem
2064 5656 2244 5730 Joan-

582 5725 677 5792 nis
710 5725 984 5807 Baptista:
1010 5734 1066 5787 et
1107 5728 1329 5787 caedem
1367 5727 1595 5786 Christi.
1625 5725 1844 5802 Joseph
1866 5726 2004 5783 Vide
2033 5727 2242 5803 Antiqo

2350 5583 2453 5640 lib.
2472 5598 2609 5638 xvm
2624 5586 2675 5647 5,
2692 5586 2745 5644 2,
2762 5585 2886 5638 tom
2900 5624 2913 5638 .
2934 5582 2979 5652 Ι,
2993 5597 3132 5655 pag.
3146 5584 3274 5655 883.
3287 5581 3574 5639 Esmdem
3588 5586 3969 5647 mutandam

2350 5655 2553 5802 reﬁgi
2574 5654 3117 5785 Egtggtixtitiittlsainfra
3141 5654 3221 5713 ad
3235 5655 3404 5715 Joan.
3430 5669 3514 5724 ιι,
3546 5670 3718 5719 vers.
3762 5662 3965 5729 ΗΑΒ.

2484 5746 2535 5797 ε)
2574 5746 2651 5781 ιτα
2680 5746 2978 5797 omittit-1).
