4120 6310
313 309 450 384 1293’

1293 303 1680 386 COMMENT.
1724 327 1792 386 IN
1830 319 2180 391 JOANNEM.
2229 367 2296 376 —
2334 337 2490 394 CAP.
2530 318 2678 394 VIII.

3526 327 3684 399 4294‘

309 457 519 526 ταχέως
542 451 891 515 ἀπεπήδησοίν
921 445 1010 510 καὶ
1038 443 1168 531 πρὸς
1191 453 1368 528 ὕϐρεις
1401 448 1592 521 μᾶλλον
1624 455 1909 531 ἐξετράπη-

2059 465 2151 517 cet
2188 461 2301 534 ipsi
2331 461 2501 519 citius
2542 462 2622 518 ab
2652 478 2722 520 eo
2769 465 3153 533 recedebant,
3208 470 3262 524 et
3300 467 3379 524 ad
3426 467 3678 539 injurias

318 563 433 600 σαν.

388 631 590 704 Ἔλεγεν
623 665 690 673 —
715 630 1022 696 Ἰουδαίους.
1055 638 1187 708 Πρὸς
1204 638 1318 696 τοὺς
1337 639 1750 698 πεπιστευκότας
1781 641 1910 703 τότε,

318 723 388 784 ὡς
423 725 646 796 εἰρηται.

392 811 507 864 Ἐὰν
537 843 599 852 -—
632 811 768 868 ἕστε.
817 812 934 865 Ἐὰν
984 814 1130 886 ὑμεῖς
1168 813 1460 886 ἐμμείνητε,
1493 817 1557 876 ὡς
1610 822 1710 866 τῶν
1753 815 1914 868 ἄλλων

320 905 391 973 μή
426 899 792 973 ἐμμεινάντων,
847 907 972 973 περὶ
1011 903 1078 954 ὧν
1137 899 1271 956 εἶπεν
1329 905 1354 956 ὁ
1404 902 1795 975 εὐαγγελιστής,
1837 906 1916 956 ὅτι

327 990 508 1042 Πολλοὶ
540 989 768 1049 ἀπῆλθον
799 999 898 1043 τῶν
926 993 1172 1062 μαθητῶν
1200 993 1376 1056 αὐτοῦ,
1411 992 1481 1054 εἰς
1506 995 1568 1044 τα
1612 991 1799 1058 ὀπίσω,
1829 999 1917 1044 καὶ

323 1079 415 1130 οὐκ
441 1081 516 1131 ἔτι
545 1079 654 1152 μετ’
682 1079 840 1132 αύτού
889 1083 1254 1154 περιεπάτουν.
1308 1081 1425 1133 Ἐὰν
1452 1083 1592 1153 ὑμεῖς
1623 1080 1914 1153 ἐμμείνητε,

323 1172 472 1238 φησι,
509 1176 577 1239 τῷ
606 1167 742 1240 λόγῳ
767 1177 838 1240 τῷ
879 1167 1006 1241 ἐμῷ,
1037 1174 1197 1240 ἤγουν
1251 1178 1311 1242 τῇ
1364 1167 1692 1242 διδασκαλίᾳ
1728 1189 1828 1242 μου
1859 1169 1918 1227 ἣν

322 1253 526 1319 διδάξω
557 1264 710 1330 υμᾶς,
745 1264 860 1310 τότε
913 1256 1118 1321 ἀληθῶς
1154 1261 1388 1331 μαθηταί
1438 1261 1538 1331 μού
1593 1257 1730 1316 ἐστε.
1759 1262 1917 1310 Οὔπω

320 1347 421 1417 γάρ
445 1344 579 1398 ἐστε.

398 1439 495 1486 Καὶ
533 1437 795 1505 γνώσεσθε
826 1440 917 1494 τὴν
959 1433 1220 1494 ἀλήθειαν.
1246 1436 1386 1508 Ἐμέ.
1419 1437 1555 1508 Ἐγὼ
1585 1438 1705 1509 γὰρ,
1737 1438 1911 1508 φησὶν,

325 1521 430 1593 εἰμὶ
455 1524 482 1580 ἡ
515 1521 606 1580 ius
620 1525 752 1580 Οεια,
789 1527 900 1592 (45)
930 1527 1196 1577 Γνώσεσθε
1222 1528 1315 1583 τήν
1348 1524 1586 1582 ἀλήθειαν
1615 1525 1738 1598 παρ’
1769 1523 1913 1597 ἐμοῦ.

323 1613 400 1662 Τὰ
427 1614 528 1685 γὰρ
557 1616 746 1684 νομικα
788 1617 957 1666 πάντα
991 1617 1148 1674 τύπος
1194 1619 1284 1667 καὶ
1317 1617 1442 1666 σκιὰ
1491 1619 1581 1666 καὶ
1630 1614 1777 1666 εἰκὼν
1826 1622 1920 1675 τῆς

326 1698 571 1764 ἀληθείας
601 1702 724 1754 εἰσί.

402 1795 499 1842 Καὶ
533 1823 589 1830 --
621 1792 773 1862 ὑμᾶς.
806 1791 932 1844 Ἀπὸ
966 1801 1064 1845 τῶν
1086 1791 1377 1866 ἁμαρτιῶν,

399 1877 781 1954 Ἀπεκρίθησαν
863 1913 930 1920 --
1011 1883 1292 1953 γενήσεσθε
1357 1898 1370 1947 ;
1435 1881 1664 1953 Ἀφέντες
1742 1880 1918 1946 εἰπεῖν,

324 1972 386 2018 Τί
433 1964 518 2020 οὖν
555 1966 790 2039 ς’,ῐιευὸος
841 1971 865 2021 ὁ
913 1974 1067 2041 νόμος
1097 1987 1110 2034 ;
1143 1965 1350 2041 ψευδὴς
1395 1970 1507 2039 (46)
1562 1971 1591 2027 ἡ
1642 1977 1740 2020 τῶν
1789 1971 1919 2021 Ἰου-

327 2053 490 2108 ὃαίων
517 2066 710 2128 γνῶσις
745 2075 759 2125 ;
791 2066 946 2110 τοῦτο
991 2061 1083 2130 μὶν
1140 2059 1198 2111 ού
1231 2058 1442 2128 λέγουσι
1482 2075 1492 2086 ⁸
1528 2066 1626 2109 τὼν
1675 2060 1921 2109 τοιούτων

322 2147 423 2218 γάρ
462 2145 553 2198 οὐκ
583 2146 750 2219 ἔμελεν
782 2147 954 2208 αύτοῖς
995 2164 1011 2180 ⁶
1052 2146 1134 2199 ἐπὶ
1179 2155 1240 2219 τῇ
1301 2145 1445 2221 ὕϐρει
1498 2143 1557 2199 δι
1613 2155 1707 2208 τῆς
1749 2165 1923 2218 σωμα-

322 2243 467 2295 τικῆς
541 2235 785 2307 εὐγενείας
871 2235 1274 2308 ἀγανακτοῦσιν,
1359 2237 1776 2296 ὑποπτεύσαντες
1855 2237 1924 2295 ὡς

325 2319 530 2384 δούλοις
582 2324 852 2398 ἀνθρώπου
906 2328 1046 2388 τινὸς
1101 2325 1256 2377 εἰπεῖν
1314 2323 1492 2386 αὐτοῖς
1560 2325 1640 2376 ὃτι
1700 2324 1922 2376 Ἐλευθεσ

322 2418 483 2485 ρώσει
554 2414 708 2485 ὑμᾶς.
762 2415 986 2476 Εἰκοτως
1033 2410 1120 2465 οὖν
1177 2415 1203 2464 ὁ
1259 2413 1502 2476 ’ῐωάννής
1569 2412 1683 2484 (47)
1737 2412 1922 2484 ἔλεγε.

325 2507 408 2559 Μὴ
469 2499 655 2566 δόξητε
717 2503 881 2576 λέγειν
977 2503 1025 2556 ἐν
1108 2503 1306 2563 ἑαυτοῖς
1362 2520 1374 2532 ·
1451 2507 1657 2576 Πατέρα
1737 2504 1925 2573 ἔχομεν

333 2596 420 2643 τὸν
475 2593 734 2668 Ἀϐραάμ.
796 2599 1027 2647 Τοιαῦτα
1077 2595 1178 2666 γὰρ
1227 2595 1293 2644 τὰ
1356 2600 1456 2644 τῶν
1515 2587 1785 2644 Ἰουδαίων
1839 2590 1925 2642 αύ-

331 2686 557 2753 χὴματα
622 2683 871 2753 (48),Μή
931 2685 1138 2752 ἔχοντες
1194 2683 1296 2752 γὰρ
1341 2681 1556 2742 οἰκείαις
1617 2677 1822 2753 ἀρεταῖς
1854 2677 1925 2730 ἐν·

336 2773 698 2840 σεμνύνεσθαι,
768 2776 861 2829 τήν
929 2780 1028 2822 τὼν
1107 2773 1372 2842 προγόνων
1457 2768 1709 2839 εύγένειαν
1776 2787 1924 2840 προε-

335 2858 592 2910 ϐάλλοντο.
625 2865 687 2912 Τί
718 2855 802 2910 οὖν
836 2861 859 2910 ὁ
893 2862 1122 2930 Χριστός
1153 2877 1165 2925 ;
1201 2857 1310 2909 Ούκ
1341 2856 1544 2928 ἤλεγξεν
1587 2856 1775 2918 αύτούς
1802 2856 1930 2909 πολ-

333 2947 483 3008 λάκις
540 2944 918 3008 δουλεύσαντας
978 2948 1276 3019 Αἰγυπτίοις
1343 2953 1427 2999 καὶ
1481 2945 1820 3008 Βαϐυλωνίοις
1841 2952 1930 2999 καὶ

337 3032 603 3110 διαφόροις
630 3037 802 3097 ἄλλοις
846 3039 1039 3089 ἔθνεσιν
1076 3055 1087 3067 ·
1125 3036 1250 3088 ἀλλὰ
1289 3039 1482 3094 ταύτην
1530 3039 1620 3108 μεν
1658 3040 1751 3094 τὴν
1804 3031 1932 3088 δον-

335 3125 472 3176 λείαν
510 3123 840 3200 παρέδραμεν
877 3129 940 3187 ὡς
993 3122 1142 3178 οὐδὲν
1174 3124 1513 3198 βλάπτουσαν
1557 3129 1650 3184 τὴν
1688 3124 1930 3196 ψυχικήν

337 3215 610 3286 εὐγένειαν.
647 3220 761 3290 περὶ
813 3212 871 3268 δὲ
922 3224 1017 3276 τῆς
1069 3214 1327 3290 ἁμαρτίας
1387 3220 1566 3287 φησὶν,
1601 3217 1712 3274 ἣτις
1768 3214 1929 3273 α’)τὴν

341 3304 563 3376 βλάπτει
591 3301 1016 3371 καταδουλούσα,
1050 3301 1108 3366 ἧς
1135 3306 1163 3363 ἡ
1201 3301 1414 3356 δουλεία
1441 3304 1814 3376 χαλεπωτάτη,
1847 3302 1932 3376 ἀφ’

338 3395 394 3452 ἧς
427 3391 681 3468 ἐλευθεροῖ
703 3393 807 3466 οὐχ
830 3395 1008 3467 ἔτερος,
1041 3393 1147 3446 ἀλλ’
1191 3394 1219 3451 ἦ
1262 3398 1415 3466 μόνος
1459 3395 1484 3444 ὁ
1531 3397 1759 3466 Χριστὸς
1784 3397 1874 3444 καὶ
1903 3395 1932 3451 ἡ

343 3480 670 3536 διδασκαλία
696 3483 880 3541 αύτού.

414 3576 694 3646 Ἀπεκρίθη
754 3604 820 3616 --
879 3571 1156 3647 ἁμαρτίας.
1220 3576 1486 3624 Δείκνυσιν
1551 3572 1632 3624 ὅτι
1699 3569 1938 3624 δουλείαν

346 3661 570 3734 ἐνέφηνεν
619 3661 852 3735 ἀνωτέρω
882 3667 974 3719 τήν
1025 3660 1077 3724 ἐξ
1107 3661 1386 3734 ἁμαρτίας,
1423 3661 1481 3712 ού
1534 3665 1627 3718 τήν
1677 3663 1732 3713 ἐκ
1787 3657 1942 3712 dna:-

349 3757 522 3814 στείας
550 3750 842 3826 ἀνθρώπου.
890 3749 1000 3802 Ἰνα
1031 3747 1089 3802 δε
1119 3754 1190 3820 μή
1243 3752 1478 3813 εῖπωσιν,
1512 3750 1588 3800 ὅτι
1616 3748 1674 3801 Ὀ
1711 3757 1940 3811 Μωυσῆς

347 3842 482 3912 ἡμᾶς
510 3839 832 3915 ἐλευθερώσει
866 3841 1081 3906 ταύτης,
1124 3835 1362 3891 δείκνυσι
1393 3835 1486 3890 δ’ιά
1536 3836 1837 3908 παραϐολῆς
1864 3840 1945 3889 ὅτι

349 3930 442 3982 ούκ
483 3933 593 4002 ἔχει
643 3928 829 3990 ἐκεῖνος
876 3927 1130 3994 ἐξουσίαν,
1175 3923 1359 3988 δοῦλος
1406 3927 1494 3996 ὡν,
1542 3925 1650 3978 ἀλλ’
1700 3927 1854 3988 αὐτὸς
1881 3929 1944 3987 ὡς

350 4023 437 4074 Tia
449 4041 488 4081 ς.

418 4107 475 4158 Ὀ
517 4103 575 4159 δὲ
607 4103 792 4169 δοῦλος
837 4139 906 4147 -—
947 4106 1126 4158 αἰῶνα.
1178 4103 1237 4157 ¢0
1291 4100 1471 4165 δουλος
1537 4103 1594 4156 ού
1640 4104 1947 4177 κληρονομεῖ

348 4201 435 4254 τήν
468 4196 633 4247 οἰκίαν
673 4205 764 4247 τοῦ
793 4215 976 4268 κυρίου
1028 4195 1182 4247 αὑτοῦ
1216 4212 1228 4224 ”
1269 4193 1294 4246 ὁ
1346 4196 1458 4254 υἱὸς
1512 4193 1810 4266 κληρονομεῖ
1858 4193 1946 4245 αύ-

349 4292 462 4343 τήν.
515 4290 710 4339 Λοιπὸν
761 4285 944 4348 ἐκεῖνος
990 4285 1100 4356 (49)
1135 4284 1227 4335 οὐκ
1276 4286 1389 4354 ἔχει
1459 4283 1698 4345 ἐξουσίαν
1755 4282 1946 4334 ﬂauas.

348 4383 490 4449 ροῡν,
535 4371 718 4438 δοῦλος
784 4379 851 4426 ὧν
915 4395 927 4406 ·
968 4373 1066 4445 ἐγὼ
1130 4376 1238 4444 ἔχω
1305 4372 1542 4434 ἐξουσίαν
1625 4369 1942 4444 ἐλευθεροῦν,

2018 549 2214 617 magis
2243 549 2660 608 deﬂectebant.

2095 637 2252 692 Vers.
2282 642 2371 694 3|.
2404 639 2568 694 Dixit
2595 671 2658 680 ——
2692 641 2945 697 Iudaeos.
2980 643 3068 699 Ad
3099 659 3225 713 eos,
3252 643 3356 716 qui
3403 649 3564 714 tunc,
3615 649 3678 702 ul

2021 727 2247 782 dictum
2274 733 2374 792 est,
2410 728 2802 786 crediderant.

2095 815 2259 870 Vers.
2285 815 2370 870 3|.
2406 817 2488 871 Sit
2510 849 2576 857 —
2595 818 2775 873 mitis.
2809 819 2867 874 Si
2893 835 2996 874 vos
3021 821 3492 892 permanseritis,
3528 823 3681 879 sicut

2025 905 2124 960 alii
2157 920 2275 960 non
2331 914 2807 975 permanserunt,
2849 907 2922 962 de
2954 909 3177 980 quibus
3225 909 3380 966 dixit
3428 925 3681 980 evange-

2024 993 2159 1048 lista
2179 1011 2191 1049 :
2213 994 2392 1049 Mulli
2411 1009 2485 1050 ex
2495 994 2794 1062 discipulis
2809 998 2936 1066 ejus
2961 999 3239 1054 abierunt
3265 1005 3610 1062 retrorsum,
3624 1005 3680 1055 et

2015 1085 2149 1152 jam
2191 1099 2308 1138 non
2347 1098 2474 1138 cum
2515 1100 2576 1139 eo
2601 1085 2992 1142 ambulabant
3021 1088 3090 1139 ⁵⁵.
3127 1117 3193 1127 -
3218 1088 3280 1142 Si
3312 1103 3430 1153 vos,
3465 1089 3676 1159 inquit,

2027 1173 2531 1238 perseveraveritis
2561 1174 2623 1227 in
2665 1189 2917 1229 sermone
2957 1190 3100 1239 meo,
3138 1175 3262 1231 sive
3319 1177 3379 1231 in
3409 1175 3682 1231 doctrina

2031 1277 2183 1326 mea,
2199 1276 2384 1332 quam
2407 1277 2519 1332 ego
2542 1261 2767 1318 docebo
2789 1279 2912 1328 vos,
2936 1270 3074 1320 tunc
3100 1280 3229 1321 vere
3259 1265 3546 1334 discipuli
3569 1265 3683 1322 mei

2029 1349 2192 1405 erilis
2223 1352 2269 1384 ⁵⁸
2295 1365 2310 1416 ;
2339 1350 2605 1406 nondum
2634 1352 2792 1407 enim
2825 1353 2989 1410 estis.

2105 1437 2261 1493 Vers.
2293 1440 2382 1495 32.
2423 1440 2498 1494 Et
2523 1443 2876 1511 cognoscetis
2907 1444 3232 1499 veritatem.
3267 1444 3388 1497 Hoc
3418 1445 3508 1497 est
3541 1457 3637 1497 me
3663 1456 3679 1498 :

2031 1528 2159 1597 Ego
2191 1528 2371 1593 enim,
2405 1529 2505 1597 ait,
2533 1545 2656 1584 sum
2689 1531 2916 1585 veritas.
2951 1530 3338 1599 Cognoscetis
3364 1544 3504 1585 ame
3539 1529 3685 1585 veri-

2030 1622 2228 1671 tatem.
2263 1619 2405 1672 Nam
2439 1617 2644 1673 omnia
2673 1618 2888 1688 legalia
2910 1619 3122 1689 ﬁgura,
3157 1620 3366 1675 umbra
3397 1626 3452 1674 et
3478 1620 3683 1688 imago

2029 1711 2164 1759 sunt
2193 1706 2466 1761 veritatis.

2105 1795 2266 1852 Vers.
2294 1794 2380 1851 3:2.
2406 1795 2478 1850 Et
2509 1827 2575 1838 -
2609 1811 2722 1852 vos.
2765 1798 2809 1850 A
2847 1796 3120 1867 peccatis.

2104 1884 2266 1938 Vers.
2309 1888 2395 1939 33.
2429 1885 2859 1956 Responderunt
2881 1918 2948 1926 ——
2973 1886 3310 1955 efﬁciemini
3341 1887 3369 1940 i’
3404 1884 3687 1941 Omitteu—

2033 1979 2120 2029 tes
2143 1973 2357 2038 dicere,
2387 1974 2537 2038 Quid
2568 1989 2710 2043 ergo
2741 1977 2768 2030 ?
2803 1975 2969 2031 Falsa
3009 1983 3097 2030 est
3125 1975 3215 2030 lex
3264 1976 3290 2030 ?
3330 1974 3558 2030 falsane
3597 1977 3689 2030 est

2031 2063 2370 2118 Iudaeorum
2399 2063 2644 2118 scientia
2671 2063 2698 2118 ?
2731 2065 2849 2119 Hoc
2871 2064 3116 2136 quidem
3149 2080 3271 2119 non
3301 2064 3510 2118 dicunt
3543 2080 3556 2128 ;
3591 2079 3690 2118 ne-

2031 2167 2149 2223 que
2181 2151 2338 2206 enim
2386 2152 2512 2205 haec
2560 2151 2671 2207 illis
2716 2169 2869 2208 curae
2901 2152 3156 2218 fuerunt,
3193 2151 3300 2207 sed
3347 2151 3420 2207 de
3467 2152 3689 2223 injuria

2034 2239 2357 2311 corporalis
2406 2241 2817 2311 generositatis
2849 2241 3253 2310 indignantur,
3290 2241 3688 2312 suspicantes,

2033 2330 2196 2401 quod
2223 2335 2508 2400 tanquam
2533 2329 2711 2384 servis
2729 2329 2980 2400 alicujus
3012 2329 3268 2386 hominis
3286 2329 3493 2384 dixerit
3522 2329 3688 2398 ipsis,
3743 2391 3748 2396 ,

2038 2417 2328 2471 Liberabit
2361 2432 2477 2471 vos.
2510 2417 2710 2471 Merito
2741 2432 2878 2485 ergo
2909 2417 3145 2472 dicebat
3173 2420 3426 2471 Joannes
3457 2433 3470 2470 :
3504 2417 3594 2472 Ne
3611 2416 3692 2471 vi-

2037 2505 2292 2560 deamim‘
2300 2505 2493 2561 dicere
2504 2506 2662 2561 intra
2678 2507 3031 2570 vos,Patrem
3046 2505 3309 2561 habemus
3321 2503 3691 2560 Abraham".

2045 2593 2459 2662 Hujuscemodi
2508 2609 2651 2648 sane
2699 2598 2868 2649 erant
2904 2594 3244 2649 Judaeorum
3289 2592 3690 2662 gloriationes.

2042 2685 2191 2737 Nam
2223 2699 2360 2737 cum
2387 2684 2460 2736 de
2501 2681 2755 2754 propriis
2791 2683 3106 2737 virtutibus
3134 2682 3371 2752 gloriari
3410 2697 3532 2737 non
3563 2696 3694 2751 pos-

2040 2778 2186 2836 sent,
2213 2771 2656 2842 progenitorum
2686 2771 3053 2828 nobilitatem
3103 2771 3505 2843 opponebant.
3540 2768 3695 2836 Quid

2041 2876 2181 2930 ergo
2207 2861 2518 2918 Christus?
2547 2863 2674 2916 Non
2703 2861 2957 2917 convicit
2981 2877 3105 2925 eos,
3131 2860 3296 2932 quod
3332 2859 3548 2930 saepius
3580 2873 3698 2914 ser~

2039 2949 2262 3004 vissent
2308 2949 2592 3020 zEgyptiis
2642 2955 2698 3005 et
2739 2948 3108 3021 Babyloniis,
3157 2948 3403 3018 aliisque
3446 2945 3696 3001 diversis

2042 3037 2337 3106 gentibus,
2357 3038 2460 3092 scd
2485 3038 2642 3094 hanc
2664 3037 2909 3110 quidem
2940 3037 3313 3109 praetermisit
3331 3036 3696 3100 servitutem,

2047 3132 2107 3182 ut
2146 3143 2278 3198 quae
2313 3126 2456 3182 nihil
2488 3127 2704 3184 anima;
2749 3126 3125 3197 generositati
3152 3124 3370 3181 ofﬁciat
3397 3141 3412 3189 ;
3443 3124 3518 3179 de
3562 3139 3700 3195 pec-

2045 3221 2177 3272 cato
2209 3233 2348 3272 vero
2380 3217 2478 3282 ait,
2508 3217 2672 3289 quod
2706 3216 2786 3271 illi
2817 3222 3007 3285 nocet,
3041 3215 3305 3270 servituti
3345 3229 3479 3268 eam
3518 3211 3702 3282 subji-

2046 3305 2226 3370 ciens,
2274 3305 2444 3375 cujus
2494 3311 2579 3360 est
2626 3305 2957 3359 miserrima
2998 3303 3274 3370 servitus,
3335 3318 3371 3358 a
3413 3315 3537 3372 qua
3578 3314 3701 3355 non

2049 3394 2504 3463 aliusliberabit,
2526 3402 2736 3466 praeter
2753 3394 3036 3449 Christqu
3067 3408 3136 3458 ac
3155 3392 3494 3448 doctrinam
3522 3389 3698 3444 illius.

2125 3572 2401 3628 Ver-3.31:.
2435 3572 2745 3642 Respondit
2802 3599 2866 3616 —
2895 3576 3142 3640 peccati.
3194 3568 3485 3632 Ostendit,
3537 3565 3704 3640 quod

2055 3661 2328 3732 superius
2390 3661 2808 3730 signiﬁcaverit
2847 3659 3064 3716 animus
3097 3661 3438 3714 servitutem
3477 3673 3547 3712 ac
3575 3671 3706 3728 pec-

2054 3752 2188 3817 cati,
2227 3766 2346 3805 non
2374 3767 2506 3805 eam
2533 3767 2663 3822 quae
2698 3750 2750 3804 vi
2775 3749 3040 3805 humana
3065 3748 3462 3816 contingebat.
3495 3750 3573 3802 Ne
3605 3761 3709 3799 au-

2055 3848 2172 3896 tem
2199 3839 2461 3895 dicerent
2481 3856 2493 3893 :
2513 3843 2696 3896 Moses
2712 3855 2820 3894 nos
2847 3839 2924 3898 ab
2944 3837 3344 3893 hacliberabit
3378 3852 3391 3900 ;
3422 3851 3524 3906 per
3551 3834 3700 3888 simi-

2053 3929 2364 3984 litudinem
2387 3929 2660 3998 ostendit,
2691 3927 2856 4000 quod
2887 3943 3024 3983 cum
3049 3925 3121 3981 sit
3153 3925 3247 3980 ille
3280 3940 3509 3990 servus,
3532 3922 3708 3978 talem

2056 4034 2173 4073 non
2209 4017 2428 4072 habeat
2481 4023 2857 4088 potestatem,
2890 4016 2992 4070 sed
3026 4015 3152 4087 ipse
3206 4019 3406 4085 utpote
3437 4013 3636 4067 Filius.

2125 4107 2286 4162 Vers.
2321 4111 2407 4162 35.
2440 4106 2654 4163 Servus
2679 4113 2871 4170 autem
2895 4135 2963 4146 -—
2993 4113 3302 4160 aeternum.
3348 4104 3560 4158 Servus
3590 4114 3711 4155 non

2056 4197 2272 4267 accipit
2287 4196 2346 4250 in
2361 4195 2769 4251 htereditatem
2789 4193 3039 4249 domum
3061 4192 3290 4248 domini
3314 4191 3426 4256 sui,
3443 4190 3602 4245 ﬁlius
3620 4206 3714 4244 ac-

2056 4284 2198 4357 cipit
2250 4285 2310 4340 in
2362 4283 2792 4339 hmreditatem.
2825 4284 3028 4354 Itaque
3075 4298 3196 4337 non
3256 4280 3431 4348 habet
3463 4280 3557 4334 ille
3605 4295 3714 4350 po—

2057 4379 2326 4429 testatetu
2345 4373 2656 4440 liberandi,
2691 4389 2827 4428 cum
2861 4372 2935 4427 sit
2960 4387 3167 4426 servus
3205 4387 3217 4425 :
3254 4385 3366 4439 ego
3392 4369 3586 4425 habeo
3614 4383 3717 4438 po-

351 4467 468 4526 Υἱὸς
521 4465 587 4516 ὢν
635 4470 723 4516 καὶ
769 4468 928 4536 μένων
986 4461 1032 4514 ἐν
1105 4469 1166 4534 τῇ
1240 4462 1382 4533 οἰκίᾳ
1435 4470 1524 4513 τοῦ
1585 4465 1783 4534 Πατρός
1838 4480 1931 4531 μου

2059 4467 2326 4517 testatem
2350 4461 2664 4525 liberandi,
2704 4477 2841 4515 cum
2864 4459 2978 4513 sim
3013 4458 3218 4524 Filius,
3252 4464 3307 4513 et
3347 4473 3624 4512 mancam
3657 4455 3716 4510 in

355 4552 430 4606 ἀεὶ
460 4558 548 4606 καὶ
577 4552 904 4628 κληρονομιῶν
955 4555 1046 4610 τήν
1076 4548 1315 4613 ἐξουσίαν
1355 4549 1534 4603 αύτου.
1584 4547 1707 4602 Εἶπε
1730 4551 1829 4620 γὰρ
1858 4553 1947 4600 καὶ

357 4643 525 4696 ὀπίσω
553 4645 634 4696 ὅτι
679 4647 783 4701 Τήν
834 4645 1012 4715 κρίσιν
1072 4646 1246 4692 πᾶσαν
1293 4634 1491 4692 δέδωκε
1523 4647 1592 4710 τῷ
1649 4639 1753 4708 Υἱῷ

566 4749 580 4762 ·
630 4736 729 4786 Καὶ
803 4729 1041 4794 ἐξουσίαν
1127 4724 1313 4780 ἔδωκεν
1389 4727 1528 4799 αύτῷ
1607 4731 1698 4778 καὶ
1782 4730 1952 4800 κρίσιν

1815 4654 1826 4667 ⁸
1861 4641 1950 4688 καὶ

357 4731 509 4786 πάλιν

361 4829 546 4879 ποιεῖν.

431 4911 548 4964 Ἐὰν
601 4940 669 4958 -ν-
721 4910 918 4963 ἔσεσθε.
979 4914 1084 4961 Νῦν
1132 4908 1221 4979 μεν
1259 4907 1358 4978 γὰρ
1408 4905 1502 4958 ούκ
1570 4903 1775 4966 ἀληθῶς
1823 4905 1954 4957 ἐλεύ-

363 5001 501 5076 θεροί
538 5001 671 5068 ἐστε,
729 4995 1107 5071 δεδουλωμένοι
1137 5003 1198 5069 τῇ
1251 4995 1484 5072 ἁμαρτίᾳ
1527 5010 1541 5026 ’
1577 4996 1658 5049 ὅτε
1685 4991 1744 5048 δε
1789 4996 1956 5056 ὁΥίὸς

427 5202 475 5238 ⁵⁵
503 5199 677 5259 Joan.
706 5217 785 5268 v1,
819 5203 906 5258 66.
985 5200 1031 5237 ⁸⁸
1057 5199 1229 5257 Joan.
1262 5215 1370 5266 xtv,
1400 5202 1452 5256 6.
1529 5201 1572 5236 ⁸⁷
1607 5199 1808 5257 Matth.
1851 5216 1930 5266 ιιι,
1964 5204 2018 5257 9.

2056 4550 2240 4606 domo
2303 4550 2490 4606 Patris
2567 4549 2681 4604 mei
2754 4549 2814 4604 in
2875 4555 3187 4616 internum,
3252 4553 3319 4602 et
3379 4545 3720 4600 haereditate

2059 4640 2285 4712 accipio
2325 4644 2681 4710 potestatem
2732 4637 2950 4707 ipsius.
3016 4635 3164 4691 Nam
3224 4640 3280 4690 et
3331 4634 3603 4705 superius
3634 4632 3718 4688 di-

2063 4728 2167 4793 xit,
2200 4727 2364 4799 quod
2389 4727 2690 4782 Iudicium
2709 4741 2867 4782 omne
2885 4724 3039 4779 dedit
3066 4724 3228 4779 Filio
3251 4724 3318 4777 6⁸.
3340 4723 3421 4776 Ac
3446 4737 3679 4776 rursum
3705 4741 3718 4777 :

2062 4818 2140 4872 Et
2165 4821 2510 4886 potestatem
2538 4814 2696 4870 dedit
2719 4813 2767 4868 ei
2792 4814 2965 4868 etiam
3005 4811 3305 4880 judicmm
3356 4809 3623 4880 faciendi
3653 4809 3720 4863 ⁸³.

2141 4905 2298 4962 Vers.
2339 4908 2426 4960 36.
2456 4903 2516 4959 Si
2553 4933 2612 4943 —
2643 4902 2827 4959 eritis.
2864 4905 3021 4957 Nunc
3043 4901 3202 4956 enim
3231 4916 3352 4958 non
3387 4915 3520 4954 vere
3553 4897 3725 4953 liberi

2065 4996 2225 5061 estis,
2268 5010 2408 5050 cum
2447 4991 2603 5050 servi
2631 4991 2770 5049 facti
2796 4991 2923 5047 sitis
2965 4995 3256 5063 peccato:
3299 4987 3542 5063 quando
3593 5002 3728 5045 vero

2095 5199 2143 5236 ⁸⁸
2169 5197 2338 5256 Joan.
2373 5214 2427 5266 v,
2456 5201 2545 5254 22.
2623 5199 2670 5234 ⁸9
2705 5195 2856 5260 ibid.
2891 5197 2982 5256 27.

1549 5461 1552 5464 .
1597 5394 1816 5466 Variae
1848 5395 2176 5465 lectiones
2208 5404 2506 5464 etnotae.

439 5592 553 5674 (45)
573 5587 651 5675 _"H
708 5579 1202 5675 interponendum
1230 5591 1479 5675 videtur.
1518 5593 1616 5652 Est
1649 5594 1805 5652 enim
1837 5592 1964 5652 hinc

369 5663 486 5722 alia
505 5663 929 5737 interpretatio,
951 5663 1190 5722 diversa
1218 5679 1254 5721 ε
1282 5665 1481 5737 priori.

444 5736 556 5811 (46)
585 5734 784 5801 visae;
810 5742 871 5793 Α.

2169 5665 2260 5736 48)
2285 5670 2547 5736 Σχήματα
2577 5668 2616 5736 At
2629 5699 2644 5716 .

2170 5592 2260 5736 47;
2291 5590 2558 5663 Baptista
2591 5588 2902 5647 nimirum.

2170 5665 2236 5719 48
2285 5670 2547 5736 Σχήματα
2577 5668 2644 5736 At.

2170 5593 2260 5736 47;
2291 5593 2558 5663 Baptista
2591 5593 2902 5647 nimirum.

2169 5665 2236 5719 48
2285 5670 2547 5736 Σχήματα
2577 5668 2644 5716 Α.
3085 5677 3094 5689 '

2143 5593 2260 5812 ΞΗ)
2293 5739 2477 5793 Moses
2513 5735 2758 5801 scilicet,
2789 5739 2853 5791 ut
2885 5730 3067 5820 modo
3108 5730 3274 5792 dixit.
