4120 6310
503 329 640 409 i295

500 569 606 637 qui
609 567 925 637 justi/ient,
945 566 1073 637 quis
1093 571 1170 621 est
1193 566 1300 638 qui
1315 567 1647 622 condemnet
1666 567 1716 600 7°
1745 565 2156 636 ?corporalem

500 655 793 727 siquidem
816 654 1141 710 libertatem
1173 655 1272 709 dat
1307 655 1484 710 etiam
1531 655 1736 720 homo,
1785 653 2157 726 spiritualem

501 759 638 800 vero
660 744 822 798 solus
847 743 1350 815 Filius,tanquam
1377 744 1613 815 proprie
1647 744 1936 798 Dominus
1975 758 1987 796 :
2017 743 2160 814 quia

507 832 745 905 proprie
763 833 941 888 etiam
971 833 1096 887 hinc
1124 837 1212 887 est
1250 832 1514 888 libertas.
1557 832 1782 887 Deinde
1808 831 2020 886 relictis
2051 849 2160 886 caa-

501 922 639 977 teris
671 937 876 978 eorum
906 922 1178 992 peccatis,
1207 922 1646 990 cogitationem,
1687 937 1872 993 quam
1904 921 2067 992 apud
2098 937 2160 976 se

499 1010 857 1075 tractabant,
892 1012 948 1066 in
981 1011 1247 1065 medium
1276 1010 1518 1066 adducit
1542 1027 1555 1077 ;
1580 1017 1825 1067 noverat
1848 1011 2005 1066 enim
2029 1011 2158 1080 jam

498 1113 598 1154 eos
627 1098 902 1155 resiliisse
933 1104 988 1153 et
1019 1098 1239 1154 blande
1271 1098 1410 1154 dicit
1439 1119 1454 1154 :

569 1188 733 1244 Vers.
767 1189 853 1242 37.
887 1188 1041 1244 Novi
1085 1189 1526 1259 —inrerﬁcere.
1572 1185 1871 1243 Manifeste
1916 1185 2156 1259 quidem

499 1293 622 1333 non
651 1277 796 1332 dixit
830 1293 840 1331 :
896 1279 1020 1332 Non
1052 1281 1212 1345 estis,
1253 1277 1451 1332 adhuc
1481 1276 1565 1332 eis
1611 1291 1890 1348 parcens,
1945 1291 2154 1330 verum

495 1366 740 1422 latenter
773 1365 887 1421 hoc
919 1365 1303 1435 signiﬁcavit.
1347 1369 1495 1421 Nam
1541 1366 1685 1438 quia
1727 1381 1820 1421 me
1887 1365 2156 1420 occidere

485 1455 777 1528 ’qumritis,
811 1470 931 1510 non
963 1455 1121 1510 estis.
1151 1454 1249 1509 Ille
1279 1454 1579 1526 siquidem
1605 1455 1905 1509 neminem
1941 1454 2156 1524 injuste

494 1543 759 1616 peremit.
807 1543 964 1599 Sicut
1002 1543 1160 1598 enim
1203 1543 1448 1598 libertas
1473 1544 1551 1598 ab
1582 1543 1886 1615 operibus,
1911 1558 2044 1614 quae
2076 1541 2152 1597 li-

495 1632 700 1688 berum
749 1633 979 1698 decent,
1038 1633 1387 1702 ostenditur,
1424 1633 1505 1688 ita
1556 1638 1611 1688 et
1641 1632 1937 1702 cognatio.
1985 1631 2157 1686 Ponit

493 1725 694 1777 autem
725 1727 780 1776 et
809 1721 990 1776 caedis
1021 1736 1295 1778 causam.

564 1810 728 1865 Vers.
773 1813 860 1866 37.
897 1810 1138 1877 Quia—
1170 1809 1342 1866 vobis.
1391 1812 1598 1867 Sermo
1656 1825 1803 1865 meae
1853 1809 2151 1874 doctrinae,
2184 1820 2228 1876 Β

493 1915 631 1954 cum
664 1899 736 1954 sit
762 1899 1058 1966 sublimis,
1093 1915 1215 1953 non
1257 1899 1440 1954 habet
1490 1899 1684 1954 locum
1727 1899 1785 1953 in
1827 1898 2017 1964 vobis,
2048 1898 2150 1970 qui

493 1995 752 2043 mentem
766 1987 1003 2042 habetis
1028 2003 1062 2042 a
1081 1989 1370 2059 pravitate
1393 1994 1752 2043 coarctatam
1779 2004 1848 2042 ac
1869 1987 2038 2042 humi
2056 1987 2154 2042 de-

493 2082 762 2132 tractam.
794 2078 938 2130 Ecce
968 2075 1127 2131 enim
1156 2075 1476 2146 repulistis,
1504 2092 1635 2147 qua:
1666 2077 1848 2148 paulo
1901 2083 2036 2132 ante
2057 2092 2154 2132 ex-

491 2166 801 2238 ceperatis,
845 2166 974 2220 haec
1011 2164 1162 2220 ferre
1212 2180 1333 2220 non
1384 2171 1682 2236 potentes.
1717 2169 1794 2221 Ne
1829 2171 2029 2220 autem
2069 2165 2154 2220 di-

489 2260 630 2312 cant
661 2271 673 2310 :
707 2259 761 2312 A
807 2255 996 2326 teipso
1028 2255 1156 2310 haec
1183 2254 1463 2326 loqueris,
1502 2255 1817 2326 subjungit
1851 2273 1864 2311 :

559 2345 722 2400 Vers.
755 2349 844 2402 38.
900 2345 1026 2414 Ego
1082 2375 1150 2386 -—
1183 2345 1406 2415 loquor.
1460 2344 1629 2409 Quod
1674 2343 1927 2417 cognovi
1990 2343 2151 2418 apud

490 2438 723 2491 Patrem
755 2451 982 2500 meum,
1015 2434 1179 2506 quod
1213 2434 1290 2489 ab
1322 2449 1392 2488 eo
1421 2433 1625 2489 didici.

475 2553 481 2560 ·
563 2523 726 2580 Vers.
755 2527 842 2580 38.
879 2525 955 2579 Et
984 2554 1053 2564 —
1095 2525 1326 2593 facitis.
1385 2522 1787 2579 Homicidium
1833 2523 2146 2590 videlicet;

476 2630 628 2670 nam
671 2619 903 2686 patrem
957 2613 1196 2669 illorum
1265 2613 1562 2683 signiﬁcat
1612 2628 1770 2668 nunc
1821 2612 2144 2668 diabolum.

489 2701 1002 2768 Quemadmodum
1034 2704 1194 2757 enim
1221 2719 1254 2756 a
1280 2703 1638 2773 paternitate
1662 2701 1914 2756 Abrahae
1936 2702 2150 2772 repulit

490 2807 856 2863 eosoperum
880 2790 1333 2854 dissimilitudo,
1367 2791 1449 2846 ita
1480 2791 1557 2845 ad
1589 2790 1816 2846 diaboli
1831 2791 2149 2862 paternita-

491 2885 601 2935 tem
627 2881 835 2935 asserit
863 2879 991 2934 illos
1025 2894 1276 2950 operum
1330 2878 1660 2934 similitudo
1693 2893 1706 2932 :
1769 2878 2063 2950 siquidem
2092 2885 2148 2934 et

489 2968 585 3025 ille
632 2968 934 3023 homicida
963 2972 1053 3023 est
1091 2967 1164 3022 de
1191 2982 1314 3039 quo
1357 2967 1728 3022 manifestius
1775 2967 1931 3022 dicet
1957 2967 2014 3021 in
2063 2982 2148 3022 se-

489 3055 831 3130 quentibus.

560 3144 726 3201 Vers.
768 3145 854 3201 39.
891 3145 1335 3214 Responderunt
1358 3176 1426 3184 —
1452 3150 1556 3200 est.
1589 3143 1718 3200 Non
1737 3143 2142 3217 intelligentes,
2186 3169 2228 3226 ρ

489 3251 673 3307 quem
695 3234 916 3289 diceret
945 3239 1176 3305 patrem
1197 3233 1494 3305 ipsorum,
1525 3249 1770 3288 rursum
1793 3233 1868 3288 ad
1900 3233 2145 3290 abrahaa

489 3325 910 3395 cognationem
955 3322 1330 3394 confugiunt.
1364 3323 1631 3378 Christus
1668 3323 1865 3395 itaque
1898 3323 2143 3379 manife-

491 3415 634 3470 stius
656 3428 760 3469 eos
785 3413 1089 3484 objurgat.

562 3503 718 3557 Vers.
759 3502 847 3556 39.
882 3501 981 3556 Αιε
1015 3531 1086 3542 —-
1129 3501 1428 3570 faceretis.
1461 3500 1787 3557 Justitiam.

560 3591 723 3647 Vers.
752 3593 839 3646 40.
885 3589 1061 3648 Nunc
1083 3613 1150 3622 -
1174 3590 1529 3660 inter/icere.
1563 3591 1994 3662 Cogitationem
2024 3589 2142 3646 illo-

489 3695 624 3736 rum
654 3678 992 3752 frequenter
1045 3680 1254 3751 arguit,
1307 3679 1682 3735 confundens
1713 3695 1838 3746 eos,
1876 3683 1940 3735 ut
1969 3679 2146 3735 corri-

490 3773 728 3839 gantur.

563 3855 721 3913 Vers.
757 3860 846 3914 40.
899 3857 1203 3915 Hominem
1234 3889 1304 3901 —
1341 3863 1531 3928 patre.
1565 3858 1751 3915 Verba
1801 3857 1948 3924 haec,
1991 3858 2140 3923 Vidi,

491 3951 550 4004 et
579 3947 814 4014 Audivi,
842 3947 1274 4020 dispensatorie
1304 3946 1656 4020 accipienda
1676 3952 1731 4003 et
1763 3947 2145 4019 intelligenda

491 4041 649 4093 sunt.

561 4128 720 4180 Vers.
766 4129 854 4181 40.
894 4125 1016 4182 Hoc
1083 4157 1150 4166 —
1194 4125 1359 4195 fecit.
1418 4125 1490 4180 Ut
1545 4130 1829 4196 quaereret
1880 4125 2145 4183 occidere

489 4212 820 4280 hominem,
853 4215 951 4285 qui
984 4214 1288 4270 veritatem
1334 4214 1567 4270 locutus
1607 4213 1818 4272 fuisset
1849 4231 1917 4271 ac
1975 4215 2148 4271 inno-

491 4306 743 4358 centem.

561 4389 723 4447 Vers.
764 4394 853 4447 41.
898 4391 1006 4448 Vos
1041 4420 1107 4433 -
1146 4390 1342 4448 vestri.
1382 4390 1784 4448 Homicidium
1811 4396 1866 4449 et
1900 4392 1947 4449 si
1979 4393 2147 4466 quod

491 4478 661 4537 aliud
688 4484 775 4534 est
818 4479 1066 4535 malum.

563 4567 727 4624 Vers.
752 4571 840 4623 41.
889 4568 1180 4624 Dixerunt
1211 4597 1281 4610 —
1311 4569 1512 4624 Deum.
1546 4569 1686 4636 Quia
1725 4569 1887 4641 justa
1924 4571 2148 4627 ratione

491 4657 747 4714 ostendit
777 4673 876 4712 eos
917 4657 1196 4727 indignos
1236 4673 1366 4713 esse
1407 4659 1756 4730 paternitate
1782 4658 2053 4727 Abrahee,
2088 4661 2148 4716 in

491 4761 612 4816 qua
635 4745 952 4817 plurimum
971 4745 1404 4817 gloriabantur,
1429 4747 1765 4819 insipienter
1784 4748 2053 4820 deinceps
2071 4749 2149 4805 ad

493 4832 593 4888 Dei
646 4834 1063 4906 paternitatem
1099 4839 1446 4890 recurrunt:
1495 4853 1566 4891 eo
1597 4837 1752 4908 quod
1802 4836 1964 4893 dicat
2001 4838 2148 4892 Scri-

493 4928 686 4994 ptura,
728 4923 916 4978 Filius
951 4939 1108 4978 meus
1137 4924 1557 4994 primogenitus
1586 4925 1772 4982 Israel
1821 4927 1891 4980 7*.
1937 4929 2002 4981 Et
2034 4927 2148 4982 hoc

493 5016 694 5067 autem
742 5011 970 5068 honore
1007 5013 1184 5082 justis
1215 5028 1318 5068 eos
1348 5013 1546 5084 dejicit
1589 5015 1978 5085 argumentis.
2039 5017 2150 5074 Sed

493 5115 764 5173 quonam
788 5100 968 5157 modo
997 5100 1351 5174 ipsitemere
1390 5101 1456 5174 (ἢ
1489 5104 1674 5160 Deum
1705 5103 1939 5161 Patrem
1970 5121 2147 5162 suum

566 5252 614 5289 7°
635 5252 806 5312 Rom.
837 5268 955 5319 V11],
977 5252 1070 5311 34.
1145 5245 1198 5290 τί
1218 5251 1403 5314 Exod.
1435 5271 1510 5323 1v,
1537 5259 1626 5314 22.

1845 327 2188 405 eorum"
2229 327 2550 403 ZlGABENl

501 494 606 534 vos
640 477 810 533 Filius
839 476 1193 542 liberaverit,
1242 491 1420 531 nemo
1441 476 1546 549 qui
1577 474 1967 532 contradicat.
2001 475 2154 532 Deus

2271 479 2402 545 υμᾶς
2450 472 2798 546 ἐλευθερώσει,
2877 475 2988 524 τότε
3067 467 3242 532 οὐδεὶς
3289 473 3314 523 6
3375 470 3669 543 ἀντιλέγων.

3744 347 3906 403 1296

3755 477 3902 533 Θεὸς

2271 565 2296 613 6
2323 559 2561 625 δικαιῶν,
2621 567 2696 622 τίς
2743 561 3165 635 ὁκατακρίνων;
3206 565 3312 619 Τὴν
3373 565 3464 634 μὲν
3519 564 3620 633 γὰρ
3693 581 3897 633 σωμαο

2270 656 2420 709 τικὴν
2463 651 2748 725 ἐλευθερίαν
2795 655 2883 702 καὶ
2910 652 3180 724 ἄνθρωπος
3230 646 3451 715 δίδωσι,
3507 655 3600 706 τὴν
3645 645 3708 701 δε
3776 650 3893 718 ψυ-

2269 744 2433 811 χικὴν
2489 744 2638 812 μόνος
2686 740 2710 790 ὁ
2758 742 2876 800 Υἱὸς
2932 742 2996 799 ὡς
3047 744 3243 812 κυρίως
3295 741 3491 812 Κύριος
3549 760 3561 771 ·
3621 737 3740 790 ἐπΞὶ
3793 744 3893 790 καὶ

2268 833 2457 903 κυρίως
2504 829 2635 886 αὕτη
2674 827 2951 902 ἐλευθερία.
3006 824 3133 880 Εἶτα
3183 831 3326 900 ἀφεὶς
3373 831 3465 890 τὰς
3505 827 3659 887 ἄλλας
3707 827 3889 878 αὐτῶν

2271 916 2529 992 ἁμαρτίας
2591 918 2659 978 εἰς
2735 922 2893 989 μέσον
2973 919 3090 988 ἄγει
3151 921 3239 975 τὴν
3290 916 3640 990 μελετωμένην
3709 918 3882 987 (50)·

2269 1009 2396 1078 ἔγνω
2438 1010 2539 1079 γὰρ
2587 1006 2771 1067 αὐτοὺς
2830 1003 2935 1064 ἤδη
2995 1003 3470 1073 ἀποπηδήσαντας,
3524 1010 3617 1058 καὶ
3665 1005 3889 1076 ὁμαλῶς

2269 1115 2426 1166 φησιν
2461 1112 2473 1124 ⁶

2341 1181 2481 1237 Οἶδα
2511 1215 2575 1224 --
2605 1183 2920 1237 ἀποκτεῖναι.
2955 1190 3186 1259 Φανερῶς
3212 1187 3302 1256 μεν
3332 1183 3426 1236 οὐκ
3459 1181 3617 1252 εἶπεν,
3648 1185 3734 1235 ὅτι
3769 1183 3888 1235 Οὐκ

2268 1274 2405 1338 ἐστε,
2439 1270 2737 1346 φειδόμενος
2767 1274 2932 1326 αὐτῶν
2963 1275 3033 1327 ἔτι
3083 1293 3095 1305 ·
3123 1274 3409 1335 λεληθότως
3434 1270 3492 1326 δί
3521 1281 3673 1325 τοῦτο
3702 1269 3885 1330 δεδή-

2266 1362 2441 1419 λωκεν.
2477 1362 2618 1415 Ἐπεὶ
2645 1366 2746 1436 γὰρ
2771 1364 2974 1423 ξητείτέ
3003 1381 3065 1435 με
3097 1361 3416 1433 ἀποκτεῖναι,
3451 1362 3543 1414 οὐκ
3585 1363 3727 1415 ἐστέ.
3769 1362 3886 1413 Οὗ-

2269 1448 2392 1503 δένα
2419 1455 2518 1525 γὰρ
2549 1451 2736 1512 ἐκεῖνος
2763 1452 3048 1504 ἁπέντεινεν
3076 1448 3288 1512 ἀδίκως.
3317 1451 3519 1526 Ὠσπερ
3551 1454 3655 1522 γὰρ
3686 1453 3717 1508 ἠ
3761 1451 3883 1520 (5|)

2268 1539 2527 1613 ἐλευθερία
2565 1539 2665 1592 ἀπὸ
2721 1550 2819 1592 τῶν
2874 1544 3032 1616 ἔργων
3091 1536 3359 1592 δείκνυται
3408 1549 3509 1592 τῶν
3574 1542 3882 1613 πρεπόντων

2267 1628 2529 1702 ἐλευθέρῳ,
2563 1630 2696 1682 οὕτω
2722 1636 2813 1682 καὶ
2845 1632 2874 1688 ἡ
2905 1634 3198 1701 συγγένεια.
3230 1632 3426 1688 Τίθησι
3453 1626 3512 1682 δε
3541 1633 3631 1681 καὶ
3667 1632 3767 1685 τὴν
3800 1627 3883 1676 αἰ-

2265 1723 2380 1770 τίαν
2407 1726 2497 1770 τοῦ
2526 1723 2699 1790 φόνου.

2335 1805 2454 1860 ’Ὁτι
2487 1839 2546 1849 -—
2589 1809 2730 1879 ὑμῖν.
2776 1806 2835 1859 Ὁ
2858 1807 3003 1878 λόγος
3031 1828 3132 1879 μου
3158 1809 3184 1860 6
3231 1805 3632 1875 διδασκαλικὸς,
3665 1809 3879 1881 ὑψηλὸς

2265 1898 2354 1962 ὠν,
2388 1897 2444 1948 οὐ
2471 1904 2639 1969 χωρεῖ
2659 1896 2706 1948 ἐν
2733 1898 2853 1968 ὑμῖν
2884 1904 2995 1957 τοῖς
3029 1899 3218 1968 ἔχουσι
3245 1897 3363 1948 νοῦν
3393 1895 3734 1969 ἐστενωμένον
3770 1902 3876 1952 ὑπὸ

2266 1986 2581 2058 φαυλότητος
2603 1990 2692 2037 καὶ
2713 1991 2890 2058 χαμαὶ
2925 1992 3224 2060 συρόμενον.
3258 1983 3399 2039 Ἰδοὺ
3443 1989 3546 2057 γὰρ
3577 1986 3875 2042 ἀπώσασθε

2263 2081 2353 2127 καὶ
2379 2075 2413 2126 ἆ
2440 2079 2540 2150 πρὸ
2573 2082 2765 2149 μικροῦ
2794 2072 3172 2149 παρεδέξασθε,
3208 2079 3406 2146 στέγειν
3436 2075 3571 2127 αὐτὰ
3598 2082 3673 2147 μὴ
3707 2073 3871 2130 δυνά-

2263 2183 2423 2236 μενοι.
2453 2164 2563 2218 Ἱνα
2603 2161 2662 2217 δε
2683 2169 2755 2236 μὴ
2790 2167 3026 2232 εἴπωσιν,
3061 2164 3190 2218 Ἀπὸ
3225 2171 3447 2216 σεαυτοῦ
3468 2172 3636 2217 ταῦτα
3668 2165 3867 2238 λαλεῖς,

2265 2252 2524 2324 ἐπήγαγεν
2561 2271 2574 2283 ⁶

2333 2344 2465 2415 Ἐγὼ
2496 2375 2564 2382 -
2592 2342 2749 2395 λαλῶ.
2783 2342 2848 2395 ΑΟ
2876 2345 3032 2416 ἔγνων
3062 2345 3206 2418 παρὰ
3231 2351 3301 2414 τῷ
3327 2347 3494 2418 Πατρί
3525 2363 3650 2416 μου,
3683 2344 3710 2397 ὃ
3736 2347 3870 2418 ἔμα-

2244 2435 2353 2486 ’θον
2386 2434 2474 2485 ἀπ’
2507 2433 2686 2486 αὑτοῦ.

2338 2527 2438 2575 Καὶ
2494 2553 2563 2562 --
2620 2529 2831 2574 ποιεῖτε.
2883 2525 2952 2575 Τό
3008 2520 3482 2594 ἁνθρωποκτονεῖν·
3528 2527 3730 2597 πατέρα
3764 2527 3867 2598 γὰρ

2263 2611 2430 2663 αὐτῶν
2522 2610 2754 2682 ἐμφαίνει
2833 2620 2920 2662 νῦν
2997 2615 3085 2662 τὸν
3168 2607 3430 2665 διάϐολον.
3485 2610 3689 2684 Ὠσπερ
3764 2616 3865 2687 γὰρ

2259 2709 2354 2760 τῆς
2384 2705 2708 2774 πατρότητος
2764 2709 2856 2752 τοῦ
2908 2699 3148 2774 Ἀϐραὰμ
3196 2699 3427 2752 ἐκϐάλλει
3462 2700 3654 2764 αὐτοὺς
3699 2704 3727 2759 ἡ
3762 2711 3859 2753 τῶν

2260 2793 2418 2864 ἔργων
2449 2789 2759 2861 ἁνομόιότης
2795 2809 2806 2820 ·
2842 2790 3002 2850 οὕτως
3042 2791 3145 2863 ἄρα
3188 2798 3248 2861 τῇ
3299 2794 3589 2864 πατρότητι
3621 2792 3738 2859 (52)
3769 2800 3856 2842 τοῦ

2261 2875 2507 2931 διαϐόλου
2540 2878 2761 2931 εἰσποιεῖ
2790 2879 2978 2941 αὐτοὺς
3037 2881 3065 2935 ἠ
3099 2887 3196 2930 τῶν
3238 2881 3398 2952 ἔργων
3429 2881 3681 2951 ὁμοιότης
3719 2898 3730 2909 ·
3762 2880 3850 2931 κᾶ-

2258 2975 2420 3030 κεῖνος
2448 2970 2549 3040 γάρ
2578 2967 3018 3041 ἀνθρωποκτόνος,
3048 2973 3164 3041 περὶ
3191 2967 3250 3019 οὗ
3275 2974 3470 3040 προῖὼν
3503 2968 3610 3041 ἐρεῖ
3639 2977 3846 3042 φανερὼ-

2256 3076 2418 3132 τερον.

2333 3146 2714 3221 Ἀπεκρίθησαν
2741 3176 2806 3186 -
2857 3145 2989 3198 ἐστι.
3019 3150 3104 3205 Μὴ
3131 3150 3401 3206 νοήσαντες
3583 3153 3687 3200 τίνα
3709 3151 3825 3215 ἔλεγε

2256 3239 2454 3308 πατέρα
2502 3236 2671 3287 αὐτῶν
2703 3235 2859 3287 πάλιν
2889 3235 2972 3288 ἐπὶ
3000 3240 3092 3294 τὴν
3143 3243 3233 3288 τοῦ
3266 3233 3508 3310 Ἀϐραὰμ
3557 3242 3830 3309 συγγένειαν

2255 3327 2664 3396 καταφεύγουσι.
2713 3327 2910 3376 Λοιπὸν
2941 3320 3028 3376 οὖν
3059 3325 3083 3375 ό
3116 3327 3344 3399 Χριστὸς
3385 3331 3734 3400 φανερώτερον
3765 3325 3847 3378 αὖ·

2254 3421 2354 3465 τῶν
2389 3414 2714 3465 καθάπτεται
2725 3455 2735 3466 .

2327 3507 2478 3573 Λέγει
2514 3533 2578 3542 --
2609 3501 2823 3554 ἐποιεῖτε
2845 3502 2926 3553 ἄν.
2957 3506 3062 3559 Τὴν
3094 3498 3455 3561 δικαιοσύνην,

2325 3597 2431 3642 Νῦν
2451 3621 2520 3630 -
2551 3588 2867 3644 ἀποκτεῖναι.
2897 3597 3136 3661 Συνεχῶς
3156 3589 3358 3663 ἐλέγχει
3386 3596 3475 3650 τὴν
3505 3591 3726 3664 μελέτην
3757 3593 3861 3646 αὗ-

2253 3687 2367 3746 τῶν,
2405 3678 2654 3754 ἐντρέπων
2686 3679 2876 3742 αὐτοὺς
2903 3681 3042 3740 ὅπως
3075 3676 3456 3753 διορθωθῶσιν.

2325 3857 2627 3933 ’Ἄνθρωπον
2657 3889 2726 3898 -
2750 3863 2964 3932 πατρὸς.
3012 3860 3081 3914 Τὸ
3103 3858 3306 3932 ἑώρακα
3343 3862 3432 3911 καὶ
3454 3861 3510 3911 τὸ
3556 3861 3769 3917 ἥκουσα
3794 3865 3861 3922 ὡς

2255 3947 2555 4020 οἰκονομικὰ
2587 3943 2792 4000 δεκτέον
2821 3951 2911 4000 καὶ
2950 3952 3176 4005 νοητέόν,

2325 4131 2489 4177 Τοῦτο
2539 4157 2608 4166 -
2639 4125 2898 4183 ἐποίησεν.
2931 4130 3001 4179 Τὸ
3046 4125 3221 4187 ζητεῖν
3249 4124 3548 4179 ἀποκτεῖναι
3582 4127 3856 4201 ἄνθρωπον

2257 4213 2498 4273 ἀλήθειαν
2524 4214 2838 4274 λελαληκότα
2866 4219 2956 4268 καὶ
2989 4213 3174 4270 ἀθῶον.

2325 4393 2494 4466 Ὑμεῖς
2536 4423 2602 4438 -
2651 4394 2814 4466 ὑμῶν.
2839 4396 2908 4447 Τό
2964 4392 3398 4470 ἀνθρωποκτονεῖν
3443 4399 3532 4447 καὶ
3553 4397 3596 4447 εἶ
3624 4400 3676 4448 τὶ
3702 4414 3852 4454 πονη-

2180 4527 2225 4583 D
2258 4486 2364 4556 ρόν.

2330 4569 2485 4625 Εἶπον
2542 4603 2610 4614 -
2666 4577 2816 4627 Θεόν.
2876 4571 3018 4626 Ἐπεὶ
3066 4572 3288 4646 εὐλόγως
3331 4568 3595 4635 ἀπέδειξεν
3665 4574 3848 4634 αὐτοὺς

2260 4660 2500 4723 ἀναξίους
2550 4669 2646 4722 τῆς
2693 4665 3021 4737 πατρότητος
3076 4669 3168 4714 τοῦ
3223 4661 3488 4734 Ἀϐραὰμ,
3542 4661 3614 4733 ἐφ’
3709 4667 3838 4732 .m'ya

2259 4749 2574 4822 ἐκόμπαζον,
2641 4750 2819 4804 λοιπόν
2895 4749 3128 4812 ἀνοήτως
3190 4749 3692 4824 ἀνατρέχουσιν’ἐπί
3741 4751 3828 4804 τὴν

2257 4844 2560 4914 πατρότητα
2590 4848 2680 4892 τοῦ
2723 4847 2874 4905 Θεοῦ,
2912 4837 3007 4893 διὰ
3029 4844 3087 4892 τὸ
3126 4840 3286 4912 λέγειν
3311 4844 3406 4899 τὴν
3442 4842 3638 4914 Γραφήν
3673 4856 3685 4869 ·
3717 4837 3844 4898 Υἱός

2258 4932 2586 5002 πρωτότοκός
2629 4947 2729 5002 μου
2781 4928 3014 5004 Ἰσραήλ.
3065 4927 3332 4982 Ἐκϐάλλει
3380 4925 3441 4982 δε
3510 4934 3601 4981 καὶ
3657 4929 3854 4990 ταύτης

2260 5017 2448 5080 αὐτοὺς
2507 5025 2599 5081 τῆς
2670 5025 2848 5091 τιμῆς,
2927 5017 3154 5090 εὐλόγοις
3230 5019 3422 5091 ὁμοίως
3501 5014 3856 5080 ἀποδείξεσιν.

2258 5106 2414 5159 Ἀλλὰ
2464 5105 2570 5169 πῶς
2626 5107 2772 5163 αὐτοὶ
2802 5105 2892 5182 μέν
2921 5103 3090 5171 ἀδεῶς
3137 5112 3338 5184 πατέρα
3388 5106 3584 5162 ἑαυτῶν
3643 5106 3862 5181 λέγουσι

1665 5451 1672 5456 -
1729 5399 1949 5470 Variis
1973 5402 2297 5475 lectiones
2321 5413 2386 5473 et
2417 5414 2619 5473 notae.

593 5563 683 5711 50;
712 5567 810 5620 Τὸν
837 5564 951 5618 κατ’
985 5564 1143 5621 αὐτοῦ
1174 5573 1341 5643 φόνον.

593 5638 650 5694 51
711 5635 770 5690 Ἠ
809 5637 980 5694 abest
1016 5641 1084 5693 A.

593 5635 681 5694 ΒΗ
711 5635 770 5690 Ἠ
809 5637 980 5694 abest
1016 5641 1084 5693 A.

569 5759 636 5839 (ι’)
674 5760 928 5822 Temere.
963 5760 1244 5840 Licenter,
1275 5762 1578 5824 audacter.

2331 5575 2446 5650 (5g)
2485 5581 2588 5636 Τῆς
2627 5574 2947 5650 πατρότητος
2971 5579 3036 5650 ΑΔ.

2332 5645 2443 5720 (53)
2467 5651 2552 5707 Μὴ
2585 5645 2865 5711 νοήσαντες
2901 5645 3121 5706 omittit
3152 5647 3211 5703 Β.
