4120 6310
321 354 473 415 1297
1305 330 1686 413 COMMENT.
1730 358 1801 414 IN
1839 356 2190 414 JOANNEM.
2234 390 2301 401 —
2339 359 2489 416 CAP.
2534 360 2673 417 vm.
3560 366 3697 424 1298

311 486 411 536 τὸν
467 486 614 549 Θεὸν,
666 492 738 555 τῷ
798 479 857 536 δε
910 491 1120 560 Χριστῷ
1152 485 1357 557 Πατέρα
1402 469 1542 533 ἴδιον
1593 484 1789 556 λέγοντι
1840 486 1926 536 τὸν

2066 484 2360 557 ippellant,
2386 502 2524 542 cum
2557 486 2782 543 Christo
2810 486 3030 545 dicenti
3076 488 3307 547 Patrem
3347 506 3524 548 suum
3564 507 3693 549 esse

314 576 456 625 Θεὸν
530 571 909 644 ἐχαλέπαινον;
1001 578 1140 626 Διότι
1228 571 1412 632 ἐκεῖνος
1496 576 1647 644 φύσει
1720 576 1929 646 Πατέρα

2065 575 2226 629 )eum
2261 574 2712 643 indignarentur
2741 577 2768 631 ‘I
2802 578 2947 643 Quia
2979 578 3075 633 ille
3102 585 3313 635 natura
3358 596 3534 635 suum
3561 595 3692 637 esse

318 660 512 713 ἑαυτοῦ
556 661 719 733 ἔλεγεν
770 662 944 716 αὐτόν.
997 666 1065 715 Τό
1122 660 1202 732 δὲ,
1256 662 1429 734 Ἡμεῖς
1481 661 1536 714 ἐκ
1583 668 1820 737 πορνείας
1868 662 1927 714 ού

2064 664 2270 719 ’atrem
2302 665 2546 720 dicebat.
2578 666 2749 730 Quod
2782 672 2978 723 autem
3009 668 3213 724 dicunt
3247 686 3261 723 :
3288 669 3412 724 Nos
3440 677 3691 738 estupro

318 753 670 822 γεγεννήμεθα
727 752 839 824 (54)
900 759 1093 804 νοεῖται
1148 755 1237 824 μὲν
1294 750 1387 805 διὰ
1457 755 1521 805 τὰ
1595 753 1649 815 ἐξ
1707 751 1929 825 Ἰσμαὴλ

2063 754 2168 808 tati
2192 769 2303 809 non
2336 770 2547 825 sumus,
2593 755 2936 826 intelligitur
2959 763 3197 829 propter
3229 764 3435 827 gentes
3461 775 3589 831 quae
3613 759 3690 815 ab

317 845 658 911 καταγόμενα
706 843 845 908 ἔθνη,
911 844 961 901 ὃς
1015 843 1070 893 ἐκ
1125 838 1372 904 δουλικῆς
1434 842 1737 907 συμπλοκῆς
1793 840 1927 913 ἔγεν-

2064 843 2249 898 smael
2300 843 2770 910 descendebant,
2826 848 2931 917 qui
2990 862 3061 901 ex
3118 847 3311 902 servili
3364 863 3691 917 congressu

319 930 459 986 νήθη
510 938 581 999 τῷ
625 929 882 1002 Ἀϐρααμ,
923 929 999 998 [ἐξ
1031 932 1141 1002 (55)
1200 929 1369 1001 ’Ἅγαρ
1414 939 1503 991 τῆς
1558 926 1779 991 δούλης’
1840 930 1929 982 οἷτε

2064 932 2310 1000 ibrabm,
2344 950 2416 988 ex
2445 940 2600 1003 Agar
2633 934 2904 991 videlicet
2933 936 3151 992 ancilla
3180 941 3355 992 natus
3381 944 3524 1002 erat,
3553 953 3691 992 cum

326 1018 497 1070 αὐτῶν
553 1017 606 1081 ἐξ
667 1017 847 1071 Ἰσαὰκ
900 1024 1280 1092 καταγομένων,
1335 1021 1385 1080 ὃς
1442 1020 1494 1083 ἐξ
1550 1020 1781 1091 εὐγενοῦς
1831 1022 1927 1091 γά-

2065 1021 2147 1092 psi
2179 1022 2255 1076 ab
2280 1023 2438 1078 Isaac
2462 1023 2913 1089 descenderent,
2939 1026 3043 1096 qui
3065 1042 3134 1080 ex
3153 1025 3417 1096 legitimo
3443 1026 3692 1083 Abrahae

325 1126 427 1178 μου
459 1106 701 1178 ἐγεννήθη
755 1116 827 1179 τῷ
853 1107 1138 1181 ’Δϐραάμ,]
1173 1108 1226 1160 ἐκ
1249 1108 1445 1183 Σάρρας
1483 1118 1578 1170 τῆς
1619 1114 1800 1184 κυρίας
1838 1116 1928 1168 τῆς

2065 1110 2445 1176 natrimonio,
2467 1128 2537 1167 ex
2563 1113 2740 1169 Sarra
2760 1113 3008 1171 domina
3034 1115 3222 1188 ipsius
3246 1122 3401 1186 Agar
3418 1122 3543 1171 erat
3560 1131 3692 1188 pro-

328 1195 520 1271 Ἅγαρ.

2037 1200 2290 1266 genitus.

402 1290 630 1357 Λέγουσι
670 1286 784 1359 (56)
824 1282 886 1340 δέ
927 1306 1059 1350 τινες
1102 1290 1182 1339 ὅτι
1225 1292 1350 1361 πρὸς
1393 1287 1540 1361 ὕϐριν
1569 1288 1729 1340 αὐτοῦ
1776 1294 1927 1339 τοῦτο

2107 1288 2315 1343 Dicunt
2356 1294 2555 1345 autem
2598 1290 2802 1364 aliqui,
2846 1292 3012 1364 quod
3054 1293 3131 1349 ad
3172 1292 3538 1350 inferendam
3580 1292 3693 1365 ipsi

330 1372 468 1428 εἶπον
512 1378 560 1428 οἱ
618 1375 828 1447 ἐναγεῖς,
864 1373 957 1429 διὰ
986 1380 1042 1428 τὸ
1073 1376 1311 1448 λέγεσθαι
1370 1378 1524 1430 αύτόν
1561 1382 1630 1450 μὴ
1679 1374 1807 1429 εἶναι
1839 1379 1928 1449 φύ-

2063 1376 2319 1445 njuriam
2352 1379 2463 1433 hoc
2499 1379 2758 1435 dixerint
2811 1382 3204 1437 exsecrabiles
3245 1382 3346 1447 illi,
3403 1399 3475 1439 eo
3526 1382 3690 1455 quod

331 1484 411 1517 σει
445 1466 551 1516 υἱόν
599 1473 691 1517 τοῦ
741 1466 956 1538 Ἰωσήφ.
1005 1464 1126 1518 "Ore
1160 1462 1219 1518 δε
1255 1465 1566 1529 ἐξευτελίσαι
1623 1474 1798 1519 τοῦτον
1848 1468 1926 1517 θέ-

2062 1465 2293 1521 licet-ent
2356 1483 2474 1522 non
2532 1484 2664 1525 esse
2721 1486 2859 1525 eum
2916 1476 3131 1527 natura
3199 1470 3389 1527 ﬁlium
3446 1473 3689 1543 Ioseph.

324 1554 497 1622 λουσι,
540 1558 654 1607 τότε
683 1554 836 1606 αὐτὸν
890 1557 999 1606 υἱόν
1039 1563 1129 1607 τοῦ
1180 1556 1375 1627 Ἰωσὴφ
1420 1556 1757 1627 ὀνομάζουσι,
1804 1557 1927 1606 ποτε

2066 1556 2286 1618 luando
2350 1563 2550 1611 autem
2632 1562 2937 1614 attenuare
3015 1576 3155 1615 eum
3234 1550 3460 1625 volunt,
3556 1565 3693 1616 tunc

324 1648 414 1715 μὲν
466 1652 636 1708 τοῦτο,
694 1647 817 1697 ποτε
863 1641 921 1696 δε
974 1643 1130 1696 ἐκεῖνο
1163 1644 1504 1718 φλυαροῦντες
1544 1650 1633 1696 καὶ
1682 1641 1928 1696 οὐδέποτε

2065 1642 2221 1697 ilium
2247 1644 2468 1715 Joseph
2500 1646 2703 1717 ipsum
2734 1647 3070 1718 appellant,
3114 1647 3414 1704 interdum
3446 1649 3692 1721 quidem

324 1743 383 1806 τῇ
456 1732 671 1805 ἀληθείᾳ
723 1735 1094 1804 συντιθέμενοι.
1173 1739 1271 1786 Καὶ
1338 1739 1440 1805 μὴν
1515 1734 1691 1786 πολλοὶ
1760 1734 1925 1785 αὐτῶν

2064 1747 2169 1794 ioc,
2204 1733 2503 1789 interdum
2533 1752 2671 1790 vero
2705 1736 2850 1791 illud
2897 1742 3213 1807 nugantes,
3275 1745 3326 1793 et
3373 1753 3691 1809 nunquam

327 1821 380 1874 ἐκ
424 1827 659 1896 πορνείας
730 1822 1112 1894 ἐγεννήθησαν·
1170 1822 1389 1885 πολλοὺς
1435 1826 1536 1895 γὰρ
1597 1827 1927 1895 παρανόμους

2064 1821 2260 1876 'eritati
2304 1822 2695 1879 adhaerentes.
2755 1825 2931 1897 Atqui
2992 1826 3157 1881 mulli
3199 1842 3456 1882 eorume
3486 1833 3691 1896 stupro

325 1914 530 1983 γάμόυς
564 1908 814 1964 Ἰουδαῖοι
845 1910 1067 1965 ἐποίουν.
1130 1912 1289 1965 Ἀλλά
1328 1917 1417 1964 καὶ
1447 1921 1600 1965 τοῦτο
1633 1918 1760 1984 σιγᾲ
1799 1916 1926 1987 πρός

2060 1910 2344 1967 iatierant
2376 1912 2609 1977 ;multis
2635 1930 2897 1985 namque
2920 1914 3471 1987 illegitimisnuptiis
3501 1915 3687 1971 Judaei

327 2005 385 2052 τό
413 2002 589 2074 μεῖζον
622 2000 964 2073 ἐπειγόμενος.

2060 1998 2480 2069 :opulabantur
2511 2019 2523 2067 ;
2577 2018 2784 2058 verum
2812 2003 2941 2059 silet
2974 2004 3153 2060 etiam
3196 2004 3328 2069 hoc,
3354 2020 3687 2077 properans

2037 2089 2109 2144 ad
2135 2088 2196 2144 id
2228 2089 2393 2161 quod
2426 2093 2623 2161 majus
2655 2096 2761 2147 est.

402 2180 549 2234 Εἶπεν
585 2212 649 2222 -
687 2180 912 2245 ἐξῆλθον.
944 2180 1271 2252 Ἐγεννήθην,
1300 2184 1329 2239 ἤ
1366 2180 1678 2240 ἀπεστάλην.

2106 2194 2259 2234 vers.
2283 2178 2374 2233 42.
2416 2181 2514 2235 Ait
2541 2211 2609 2219 —
2635 2181 2814 2237 exivi.
2877 2181 3082 2247 Natus,
3114 2182 3204 2239 vel
3247 2184 3470 2238 missus
3528 2198 3689 2241 sum.

403 2275 501 2323 Καὶ
534 2273 664 2329 ἧκω.
700 2274 831 2343 Πρός
861 2271 1015 2343 ὑμᾶς.

2109 2266 2275 2322 Vers.
2317 2268 2402 2323 42.
2445 2269 2523 2324 Et
2557 2269 2704 2325 veni.
2734 2270 2817 2324 Ad
2850 2286 2974 2326 vos.

399 2357 538 2412 Ούὸὲ
566 2391 628 2400 -—
662 2358 897 2417 ἐλήλυθα.
926 2358 1052 2411 Ἀπὸ
1082 2355 1221 2411 ἰδίου
1254 2358 1534 2432 θελήματος
1558 2375 1569 2387 ⁸
1605 2359 1662 2412 ού
1691 2362 1791 2431 γὰρ
1816 2362 1923 2431 ἔχω

2106 2359 2265 2411 Vers.
2302 2357 2389 2411 42.
2430 2358 2626 2429 Neque
2678 2390 2744 2398 —
2790 2360 3005 2415 veni.A
3056 2358 3295 2431 propria
3352 2360 3682 2426 voluntate,

326 2447 465 2501 ἴδιον
494 2448 708 2521 θελημα,
744 2451 806 2509 ὡς
836 2447 1081 2509 πολλάκις
1112 2452 1336 2522 εῖρηται.

2057 2462 2169 2501 :um
2197 2446 2501 2518 pr0priam
2534 2461 2649 2501 non
2675 2446 2934 2503 habeam
2960 2447 3343 2513 voluntatem,
3373 2453 3433 2504 ut
3464 2450 3684 2520 saepius

2032 2533 2256 2588 dictum
2288 2539 2395 2589 est.

398 2629 532 2682 Ἀλλ’
593 2662 657 2670 -
723 2627 1037 2681 ἀπέστειλεν.
1106 2628 1189 2689 Ὠς
1251 2632 1422 2702 πατὴρ
1486 2629 1615 2692 υἱόν,
1676 2628 1744 2686 ὡς
1805 2633 1923 2687 νοῦς

2105 2625 2261 2677 Vers.
2296 2622 2382 2677 42.
2411 2622 2519 2679 Sed
2561 2652 2628 2663 —
2655 2624 2827 2678 misit.
2861 2625 2927 2680 Ut
2979 2629 3147 2696 pater
3175 2624 3390 2691 ﬁlium,
3425 2630 3483 2681 ut
3512 2641 3683 2682 mens

324 2715 494 2784 λόγον.

2034 2711 2302 2767 verbum.

398 2807 541 2853 Διατί
572 2833 635 2841 -
656 2806 936 2872 γινώσκετε
956 2820 969 2867 ;
1002 2806 1144 2852 Διατί
1168 2802 1233 2851 τὰ
1252 2800 1497 2871 λεγόμενα
1519 2799 1641 2871 παρ’
1664 2797 1786 2871 ἐμοῦ
1813 2800 1919 2869 (57)

2109 2801 2263 2857 Vers.
2303 2805 2390 2858 43.
2437 2802 2625 2870 Quare
2654 2833 2720 2842 —
2759 2803 3076 2873 agnoscitis
3098 2807 3123 2857 γ
3152 2806 3341 2870 Quare
3371 2820 3441 2860 ea
3470 2820 3606 2877 quas
3648 2820 3683 2861 a

326 2891 383 2942 ού
410 2898 595 2953 νοεῖτε;
632 2888 758 2942 Εἶτα
784 2891 1106 2963 προστίθησι
1134 2893 1222 2940 καὶ
1250 2893 1343 2946 τὴν
1374 2888 1544 2939 αἰτίαν
1568 2896 1658 2941 τοῦ
1688 2893 1758 2959 μὴ
1792 2895 1920 2940 νοεῖν

2057 2906 2129 2945 ne
2146 2890 2447 2959 dicuntur,
2471 2907 2585 2947 non
2620 2891 2939 2962 intelligitis
2968 2894 2996 2949 ‘I
3027 2892 3243 2948 Deinde
3273 2893 3437 2949 addit
3468 2901 3525 2950 et
3550 2910 3684 2950 cau-

326 2980 511 3039 αύτοῦς
536 2979 688 3030 αὐτά.

2032 2996 2183 3047 sam,
2215 2996 2320 3033 cur
2351 2980 2460 3051 ipsi
2490 2996 2609 3034 non
2639 2979 3031 3050 intelligerent
3052 2980 3170 3036 illa.

395 3067 514 3119 Ὀτι
559 3066 806 3138 -ἐμόν,
851 3070 942 3133 Τό,
1000 3067 1075 3119 Ού
1130 3064 1377 3131 δύνασθε,
1427 3069 1482 3119 τὸ
1537 3065 1610 3118 Ού
1672 3064 1921 3138 βούλεσθε

2102 3069 2271 3123 Vers.
2300 3069 2390 3123 43.
2426 3070 2568 3136 Quia
2597 3100 2663 3108 —
2696 3085 2904 3125 meum.
2942 3101 3007 3109 —
3028 3071 3161 3126 Non
3185 3071 3447 3142 potestis,
3505 3070 3681 3141 signi-

327 3161 570 3229 σημαίνει
597 3165 702 3222 νῦν,
736 3159 817 3209 ὅτι
865 3157 921 3209 ού
956 3156 1206 3229 βούλεσθε
1238 3159 1465 3208 συνιέναι
1518 3160 1603 3207 τόν
1649 3154 1798 3225 λόγον
1836 3158 1920 3206 τὸν

2055 3158 2171 3213 icat
2196 3174 2373 3223 nunc,
2408 3158 2529 3213 Non
2558 3158 2752 3213 vultis.
2790 3158 2940 3224 Quia
2967 3174 3085 3213 non
3116 3160 3306 3223 vultis,
3345 3160 3557 3231 inquit,
3590 3161 3682 3215 in-

321 3245 460 3317 ἐμόν,
495 3249 580 3296 τόν
612 3250 728 3317 περὶ
762 3243 1056 3317 δογμάτων,
1092 3243 1184 3298 διά
1212 3245 1512 3318 φαυλότητα
1540 3244 1722 3316 ψυχῆς
1743 3248 1919 3315 χαμαὶ

2054 3246 2286 3317 elligere
2313 3263 2647 3302 sermonem
2667 3263 2888 3311 meum,
2921 3249 3109 3319 quide
3142 3247 3379 3302 sublimi
3410 3248 3680 3305 doctrina

320 3339 608 3405 συρομένης
660 3340 749 3386 καὶ
816 3331 982 3406 μηδὲν
1032 3334 1229 3405 ὑψηλόν
1306 3338 1714 3406 φανταζομένης.
1778 3334 1918 3386 Ἐπεὶ

2052 3341 2132 3399 :st,
2167 3340 2409 3406 propter
2420 3336 2636 3390 animte
2661 3340 2867 3390 vestrae
2883 3336 3228 3407 pravitatem
3246 3352 3377 3408 quae
3391 3336 3557 3391 humi
3581 3338 3679 3392 de-

320 3421 377 3477 δὲ
432 3424 721 3496 ἐτόλμησαν
792 3424 945 3476 εἰπεῖν
1003 3429 1202 3498 πατέρα
1271 3424 1463 3476 ἑαυτῶν
1526 3427 1613 3474 τὸν
1687 3426 1809 3475 Θεὸν
1870 3424 1918 3473 οἱ

2054 3430 2215 3480 racta
2243 3430 2353 3492 est,
2387 3431 2440 3478 et
2473 3424 2617 3479 nihil
2657 3424 2912 3479 sublime
2943 3425 3327 3493 imaginatur.
3362 3424 3510 3491 Quia
3541 3440 3678 3481 vero

318 3513 513 3576 ἀνάξιοι
576 3518 665 3565 καὶ
730 3521 825 3574 τῆς
878 3521 966 3565 τοῦ
1030 3512 1268 3585 Ἀϐραὰμ
1339 3517 1652 3583 συγγενείας,
1720 3510 1917 3585 παρρη-

2052 3513 2221 3567 licere
2254 3514 2377 3567 ausi
2412 3512 2663 3577 fuerant,
2688 3518 2918 3583 patrem
2942 3530 3118 3568 suum
3150 3529 3276 3567 esse
3303 3514 3510 3578 Deum,
3540 3530 3679 3571 cum

320 3604 557 3662 σιοεζεται
606 3607 694 3655 καὶ
752 3602 933 3673 ἐπάγει
982 3605 1204 3667 τούτοις,
1266 3606 1333 3663 ὡς
1400 3600 1641 3663 ἀνιάτοις,
1694 3620 1917 3673 φανερω-

2049 3602 2277 3657 lbrabae
2307 3602 2662 3671 cognatione
2694 3601 2923 3671 indigni
2948 3607 3167 3668 essent,
3190 3602 3371 3657 libere
3400 3601 3676 3674 loquitur,

318 3695 465 3765 τέραν
495 3691 716 3763 πληγὴν,
758 3690 1065 3765 ἀντίρροπον
1097 3692 1209 3761 (58)
1260 3700 1351 3751 τῆς
1411 3689 1793 3761 ἀναισχυντίας
1829 3689 1917 3740 αύ-

2053 3698 2081 3747 ει
2111 3692 2169 3746 in
2198 3706 2300 3745 eos
2327 3690 3107 3762 tanquamimmedicabiles
3126 3690 3503 3747 manifestius
3530 3690 3680 3747 inﬂi-

317 3788 437 3843 τῶν,
504 3780 861 3832 καταστέλλων
918 3782 976 3831 τό
1032 3782 1252 3851 φύσημα
1304 3784 1393 3832 καὶ
1434 3783 1518 3831 τόν
1570 3784 1767 3850 κόμπον
1819 3786 1915 3829 τῶν

2049 3781 2106 3848 git
2137 3780 2368 3844 vulnus,
2407 3779 2567 3848 quod
2600 3780 2866 3850 ipsorum
2890 3778 3273 3851 impudentiae
3301 3780 3676 3852 respondeat,

319 3868 599 3931 ἀλαζόνων.
2025 3868 2385 3923 inﬂationem
2417 3884 2481 3922 ac
2511 3868 2829 3922 elationem
2875 3868 3283 3938 arrogantium
3315 3868 3670 3940 reprimens.

386 3958 551 4029 ’Υμεῖς
628 3989 690 3997 ——
759 3956 890 4010 ἐστέ.
962 3956 1125 4029 ’Υμεῖς
1187 3957 1243 4009 ἐκ
1305 3963 1396 4008 τοῦ
1461 3958 1656 4030 πατρὸς
1724 3954 1913 4007 ἐκείνου

2099 3957 2258 4012 Vers.
2293 3957 2380 4013 44.
2422 3958 2529 4012 Vos
2556 3988 2624 3997 —
2671 3957 2823 4012 estis.
2857 3958 2977 4011 Vos
3018 3973 3089 4012 ex
3144 3962 3310 4029 patre
3355 3957 3454 4012 illo
3511 3956 3676 4025 estis,

317 4044 432 4098 ἐστε
497 4054 587 4097 τοῦ
664 4042 943 4098 διαϐόλου·
996 4047 1136 4117 ὑμῶν
1206 4049 1374 4116 πατὴρ
1448 4044 1631 4105 ἐκεῖνός
1702 4043 1840 4096 ἐστιν
1889 4045 1914 4095 ό

2053 4061 2240 4117 tempe
2277 4044 2510 4100 diabolo
2542 4064 2554 4114 ;
2588 4050 2778 4100 vester
2810 4045 2903 4100 ille
2935 4051 3103 4117 pater
3140 4050 3247 4112 est,
3289 4045 3565 4101 diabolus
3597 4045 3680 4101 vi-

318 4131 580 4195 διάϐολος.

2024 4133 2251 4189 delicat.

390 4228 588 4275 Καὶ-
622 4230 802 4275 ποιεῖν.
857 4230 960 4275 Τοῦ
1011 4225 1210 4294 πατρὸς
1258 4224 1399 4295 ὑμῶν
1431 4222 1645 4274 ἐκεινου.
1709 4222 1911 4274 Ἐπιθυ-

2098 4226 2252 4278 Vers.
2299 4226 2387 4277 44.
2428 4224 2503 4277 Et
2533 4254 2600 4262 —
2632 4224 2889 4291 explere.
2933 4222 3122 4277 Patris
3152 4222 3307 4277 illius
3336 4222 3507 4279 vestri
3537 4243 3547 4287 ;
3582 4222 3679 4277 de-

316 4317 432 4383 μίαι
464 4316 574 4377 (59)
609 4308 666 4363 δὲ
709 4311 869 4363 αὐτοῦ
908 4315 965 4363 τό
998 4310 1435 4384 ἀνθρωποκτονεῖν
1478 4314 1567 4362 καὶ
1597 4314 1654 4362 τό
1700 4306 1910 4381 ψεῦδος,

2048 4312 2239 4366 εἰάθτίει
2254 4318 2447 4367 autem
2465 4311 2620 4365 illius
2645 4319 2784 4366 sunt
2801 4310 3180 4365 homicidium
3200 4317 3254 4365 et
3273 4311 3675 4377 mendacium,

317 4404 479 4452 εἶτουν
535 4402 560 4451 ό
620 4400 825 4462 σκολιός
878 4406 967 4452 καὶ
1013 4397 1385 4474 διεφθαρμένος
1432 4398 1569 4472 βίος,
1618 4402 1686 4462 ὡς
1739 4398 1915 4471 ἐφεξῆς

2056 4402 2147 4455 ive
2174 4400 2417 4471 obliqua
2457 4406 2513 4456 et
2557 4404 2839 4471 corrupta
2870 4401 3006 4463 vita,
3038 4399 3217 4455 veluti
3248 4404 3681 4472 consequenter

316 4489 437 4563 ἐρεῖ.

1949 4548 1989 4563 h
2025 4490 2199 4545 dicet.

383 4582 600 4639 Ἐκεῖνος
659 4610 723 4619 --
770 4577 964 4650 ἀρχῆς.
1038 4581 1135 4629 Τόν
1188 4586 1392 4649 πρῶτον
1462 4578 1730 4649 ἄνθρωπον
1783 4578 1914 4628 κτεί-
1948 4548 1992 4601 D

2095 4578 2259 4633 Vers.
2292 4578 2381 4632 44.
2420 4577 2526 4633 Ille
2556 4608 2620 4617 —
2652 4577 2835 4632 initio.
2872 4577 3181 4632 Interfecto
3212 4577 3407 4648 primo
3439 4576 3677 4631 homine

314 4690 419 4737 νας,
486 4672 569 4720 τόν
642 4664 850 4739 Ἀδοίμ’
923 4668 1079 4728 αύτός
1144 4669 1244 4740 γὰρ
1330 4666 1467 4735 αύτῷ
1548 4669 1633 4717 τόν
1699 4667 1913 4717 θάνατον

2053 4668 2211 4722 idam
2250 4686 2260 4725 :
2293 4682 2433 4721 nam
2463 4666 2590 4737 ipse
2633 4669 2887 4721 mortem
2930 4664 3009 4720 illi
3062 4664 3392 4737 propinavit
3421 4681 3433 4719 :
3463 4663 3680 4720 deinde

315 4759 645 4832 προεξένησεν
672 4778 682 4789 ·
719 4754 829 4810 εἶτα
859 4763 947 4809 καὶ
976 4760 1063 4809 τόν
1092 4758 1202 4808 υἱόν
1228 4756 1390 4808 αύτοῦ
1412 4760 1497 4807 τόν
1522 4754 1677 4808 Ἀϐελ
1708 4753 1912 4810 ἀνελών.

2060 4756 2202 4811 tiam
2233 4755 2431 4809 occiso
2456 4754 2577 4809 ﬁlio
2626 4753 2781 4807 illius
2830 4753 2994 4821 Abel,
3041 4753 3338 4826 siquidem
3384 4752 3509 4825 ipse
3547 4751 3681 4808 fecit

317 4848 483 4908 Αύτός
521 4851 621 4920 γὰρ
668 4852 758 4899 καὶ
811 4846 952 4919 αύτῷ
1011 4849 1097 4898 τόν
1156 4841 1373 4917 ἀδελφὸν
1426 4847 1552 4897 Κάῐν
1602 4842 1915 4902 ἐπανίστησι

2052 4848 2262 4899 ratrem
2286 4844 2413 4913 ejus
2444 4843 2583 4898 Cain
2620 4842 2677 4897 in
2709 4857 2845 4898 eum
2878 4843 3205 4913 insurgere,
3233 4858 3371 4898 cum
3406 4841 3571 4915 prius
3602 4840 3679 4897 ad

313 4940 425 4993 κινὴ
439 4956 534 4997 σας
568 4944 637 5005 τῷ
666 4938 859 5007 φθόνῳ.

2024 4932 2310 4988 invidiam
2350 4930 2516 4986 illum
2551 4931 2854 4987 movisset.

387 5029 487 5077 Καὶ
538 5054 603 5062 -
660 5024 895 5080 ἕστηκεν.
950 5022 1059 5074 Ούκ
1116 5020 1338 5094 ἐμμένει,
1395 5026 1684 5086 τουτέστιν,
1740 5020 1788 5073 ἐν
1842 5031 1914 5093 τῷ

2098 5019 2265 5076 Vers.
2299 5022 2383 5074 44.
2421 5018 2780 5074 Et—stelit.
2826 5021 2951 5074 Non
3006 5018 3353 5091 permansit,
3410 5017 3521 5073 hoc
3569 5021 3675 5088 est,

315 5113 452 5185 ὀρθῷ
498 5111 600 5185 βίῳ
630 5111 723 5164 οῦκ
773 5110 1112 5182 ἀναπαύεται,
1167 5110 1293 5164 ἀλλά
1339 5119 1487 5184 μισεῖ
1536 5115 1629 5169 τήν
1667 5114 1915 5170 τοιαύτην

2053 5127 2085 5166 n
2118 5114 2275 5165 recta
2298 5108 2399 5163 via
2438 5123 2558 5165 non
2590 5107 2859 5181 quiescit,
2895 5108 3000 5164 sed
3028 5107 3150 5165 odit
3175 5106 3514 5187 hujusmodi
3541 5122 3680 5163 con-

316 5202 596 5255 πολιτείαν.

2032 5199 2448 5255 versationem.

1524 5378 1745 5446 νει-ἰδὲ
1794 5380 2121 5447 lectiones
2169 5388 2233 5444 et
2276 5385 2476 5443 notae.

410 5576 495 5645 54)
538 5577 860 5647 Γεγενήμεθα
894 5583 953 5629 Α.

2101 5574 2215 5646 (58)
2257 5574 2469 5645 Πληγην
2524 5572 2909 5647 ἀναντίρῥητονΔ
2936 5571 3245 5647 Ληριᾶιθ.
3290 5569 3437 5626 Illud
3504 5569 3687 5627 habet

410 5644 498 5717 55)
539 5644 769 5701 Inclusa
795 5647 1142 5702 exciderunt
1176 5654 1236 5701 Α.
2033 5666 2037 5693 ι

2033 5644 2209 5701 etiam
2236 5644 2538 5718 Chrysost.
2572 5644 2766 5718 t.viii,
2800 5661 2859 5717 p.
2886 5644 2991 5698 318
3028 5645 3091 5701 Ε.

412 5724 498 5785 56)
542 5721 622 5773 lta
649 5718 931 5791 Origenes
962 5722 1107 5791 tom.
1152 5719 1242 5783 IV,
1276 5734 1335 5791 p.
1369 5720 1471 5773 327
1505 5718 1565 5775 Β.

1045 5734 1107 5791 n.
1152 5719 1242 5783 IV,
1276 5734 1335 5791 p.
1369 5720 1471 5773 327
1505 5718 1565 5775 Β.
2107 5718 2219 5789 (59)
2265 5717 2575 5791 Ἐπιθυμίας
2604 5717 2672 5774 Α.

386 5790 499 5863 (57)
534 5789 663 5865 Παρ’
692 5787 837 5864 ipso,
871 5795 1009 5863 post
1035 5790 1093 5843 ού
1120 5787 1299 5844 νοεῖτεῖ
1334 5797 1368 5842 Β
