4120 6310
449 354 590 414 1299

523 575 680 628 Vers.
713 572 807 628 44.
847 571 993 627 Cum
1021 602 1088 610 —
1130 569 1411 642 loquitur.
1447 601 1515 608 —
1541 569 1792 640 Propria
1821 569 2104 642 loquitur.

454 667 600 722 Nam
621 662 934 734 proprium
957 662 1082 732 ejus
1098 665 1186 716 est
1212 659 1596 716 mendacium
1623 677 1636 715 :
1663 660 1959 733 siquidem
1981 660 2107 732 ipse

455 755 685 826 primus
707 751 1007 808 adinvenit
1035 750 1201 818 illud,
1255 754 1311 804 et
1357 751 1586 822 primus
1637 750 1737 806 illo
1791 767 1940 805 usus
1999 755 2104 817 est,

456 843 702 916 quando
729 844 802 897 ad
853 843 1036 896 Evam
1062 840 1340 895 mentitus
1369 845 1474 904 est,
1509 839 1718 895 dicens
1747 840 1825 895 illi
1856 857 1962 912 per
1992 856 2109 894 ser-

455 937 695 1006 pentem
719 949 730 987 :
755 933 874 987 Non
891 935 1075 986 morte
1098 929 1452 994 moriemini;
1471 933 1523 984 ct
1545 929 1762 1014 :Eritis
1777 931 1925 985 sicut
1943 930 2024 985 dii
2037 931 2107 984 τ’.

529 1023 690 1076 Vers.
721 1022 807 1076 44.
853 1022 1003 1088 Quia
1043 1018 1295 1074 mendax
1324 1027 1422 1075 est.
1457 1021 1533 1074 Ex
1567 1034 1637 1074 eo
1665 1024 1936 1091 tempore,
1965 1024 2020 1076 et
2050 1019 2111 1075 in

458 1117 756 1184 posterum
800 1112 1114 1166 mentiens.

532 1201 694 1255 Vers.
734 1205 819 1256 44.
853 1202 928 1256 Et
964 1205 1141 1269 pater
1170 1199 1375 1266 ipsius.
1406 1197 1714 1264 Mendacii,
1749 1203 1812 1254 ut
1851 1199 1951 1272 qui
1993 1199 2110 1271 pri-

461 1305 596 1348 mus
627 1289 769 1346 illud
799 1288 1120 1354 adinvenit,
1146 1288 1298 1343 sicut
1324 1287 1545 1342 dictum
1577 1293 1680 1343 est.

531 1469 809 1526 Vers.45.
846 1469 975 1539 Ego
1006 1499 1071 1508 —
1112 1466 1278 1522 mihi.
1329 1468 1474 1522 Nam
1511 1466 1558 1522 si
1600 1466 1983 1522 mendacium
2029 1467 2112 1522 di-

463 1575 676 1623 cerem,
713 1558 1026 1614 crederetis
1053 1556 1256 1629 utique
1287 1556 1452 1618 mihi,
1481 1560 1767 1628 tanquam
1793 1557 1850 1612 id
1875 1557 2108 1621 dicenti,

462 1650 618 1722 quod
653 1649 960 1721 proprium
985 1652 1073 1702 est
1094 1646 1277 1718 patris
1297 1645 1507 1712 vestri;
1541 1647 1678 1717 quia
1704 1652 1900 1702 autem
1927 1647 2114 1702 doceo

462 1740 790 1801 veritatem,
813 1754 933 1794 non
957 1737 1188 1793 creditis
1213 1736 1378 1801 mihi,
1414 1740 1614 1808 utpote
1647 1737 1908 1792 alienum
1936 1737 2014 1793 ab
2045 1753 2114 1792 eo

1770 349 2124 409 EUTHYMII
2155 344 2462 406 ZIGABEN
2469 352 2492 411 Ι

522 483 686 539 Vers.
717 483 806 538 44.
835 479 983 546 Quia
1011 510 1081 521 —
1101 493 1179 536 eo.
1215 477 1333 536 Sed
1364 492 1396 535 e
1416 475 1652 534 diverso
1693 479 2102 536 mendacium.
2136 479 2184 531 Α

3696 354 3860 412 1300

2289 476 2410 531 Ὀτι
2441 511 2506 520 -
2544 479 2703 552 αὐτῷ.
2726 479 2884 535 Ἀλλὰ
2917 481 3212 535 τοῦναντίον
3241 477 3458 554 ψεῦδος.

2291 568 2450 622 Ὀταν
2481 602 2547 610 -
2579 569 2738 626 λαλεῖ.
2771 602 2840 612 --
2885 574 2963 624 Τὰ
2989 569 3103 624 ἴδια
3130 571 3290 627 λαλεῖ.
3346 569 3433 626 Ἰδ
3439 593 3512 625 ιον
3572 575 3684 645 γὰρ
3742 572 3851 625 ω)-

2219 666 2310 711 τοῦ
2363 663 2421 711 τὸ
2469 657 2680 731 ψεῦδος.
2759 661 2922 722 Αῦτὸς
2996 664 3098 736 γὰρ
3165 671 3364 735 πρῶτος
3419 661 3647 736 [ἐξεῦρεν
3719 665 3850 731 (60)

2219 749 2366 817 αὐτὸ,
2408 754 2496 802 καὶ
2544 751 2766 823 πρῶτος]
2811 749 3082 823 ἐχρήσατο
3132 751 3269 821 αὖτῷ
3318 751 3649 823 ψευσάμενος
3702 757 3851 825 πρὸς

2219 843 2312 894 τὴν
2348 841 2478 889 Ιίῦάν
2511 841 2592 890 ότε
2608 839 2771 910 ἔλεγεν
2803 839 2931 911 αὐτῇ
2963 836 3057 891 διὰ
3081 847 3172 892 τοῦ
3197 844 3374 912 ὄφεως,
3408 843 3486 892 ὅτι
3519 841 3596 894 Οὐ
3622 844 3847 912 θανάτῳ

2220 925 2583 995 ἀποθανεῖσθε,
2620 933 2728 993 καὶ,
2763 929 2842 980 ὅτι
2869 927 3091 981 Ἐσεσθε
3121 931 3191 990 ὡς
3231 932 3354 982 θεοί.

2288 1015 2408 1068 Ὀτι
2468 1017 2700 1088 ψεύστης
2759 1015 2918 1072 ἐστίν.
3000 1017 3214 1072 Ἐκτοτε
3275 1024 3364 1072 καὶ
3425 1019 3492 1080 εἰς
3577 1023 3638 1072 τὸ
3713 1019 3845 1082 ἑξῆς

2219 1103 2553 1178 ψευδόμενος.

2295 1201 2393 1249 Καὶ
2427 1197 2453 1248 ό
2483 1200 2656 1269 πατὴρ
2689 1197 2868 1251 αὐτοῦ.
2920 1203 3016 1250 Καὶ
3042 1198 3067 1250 ό
3124 1202 3299 1271 πατὴρ
3333 1197 3512 1264 αὐτοῦ,
3559 1202 3688 1256 ἤτοι
3741 1206 3844 1250 τοῦ

2220 1283 2469 1356 ψεύδους,
2499 1286 2651 1346 αὐτὸς
2682 1285 2822 1338 ἐστιν
2867 1288 2931 1347 ὡς
2962 1292 3162 1361 πρώτος
3203 1287 3418 1361 ἐξευρὼν
3450 1287 3599 1357 αὐτὸ,
3649 1290 3845 1350 καθὼς

2223 1379 2446 1450 εἴρηται.

2297 1465 2425 1536 Ἐγὼ
2489 1495 2546 1504 -
2579 1483 2686 1530 μοι.
2740 1464 2800 1518 Εἰ
2855 1467 2944 1537 μὲν
2996 1464 3162 1536 ἔλεγον
3213 1463 3431 1537 ψεῦδος,
3479 1465 3845 1519 ἐπιστεύσατέ

2224 1573 2313 1625 μοι
2343 1552 2402 1604 ἂν
2459 1557 2527 1614 ὡς
2557 1557 2614 1606 τὸ
2665 1550 2804 1606 ἴδιον
2851 1561 2942 1606 τοῦ
2984 1559 3176 1628 πατρὸς
3222 1557 3364 1626 ὑμῶν
3417 1555 3618 1626 λέγοντι
3677 1557 3838 1627 (61)·

2226 1639 2365 1695 διότι
2406 1639 2464 1695 δὲ
2511 1647 2604 1701 τὴν
2637 1641 2878 1700 ἀλήθειαν
2916 1640 3182 1709 διδάσκω,
3222 1645 3280 1696 οῦ
3328 1648 3598 1697 πιστεύετέ
3627 1665 3726 1717 μοι
3767 1650 3847 1708 ὡς

2227 1736 2282 1784 τὸ
2337 1731 2603 1807 ἀλλότριον
2657 1733 2818 1784 αὐτοῦ
2867 1729 3192 1786 διδάσκοντι.
3247 1732 3517 1791 Ἀλήθειαν
3567 1731 3628 1787 δὲ
3687 1735 3845 1788 καλεῖ

463 1829 717 1885 docenti.
734 1829 1053 1883 Veritatem
1077 1830 1276 1882 autem
1297 1831 1610 1881 vocatcum
1626 1825 1773 1882 alias
1792 1826 2112 1892 doctrinas,

2243 1824 2319 1883 τάς
2351 1841 2402 1874 τε
2429 1821 2578 1882 ἄλλοις
2609 1821 2766 1874 αὐτοῦ
2795 1818 3150 1884 διδασκαλίας
3196 1827 3285 1874 καὶ
3329 1828 3421 1881 τὴν
3447 1824 3526 1874 ὅτι
3551 1826 3673 1884 Υἱός
3723 1823 3848 1876 ἐστι

464 1924 590 1974 tum
623 1917 784 1989 quod
818 1917 993 1972 Filius
1020 1917 1147 1989 ipse
1180 1914 1252 1970 sit
1277 1915 1400 1970 Dei.

536 2009 700 2064 Vers.
738 2011 822 2061 46.
858 2007 994 2072 Quis
1023 2037 1090 2046 —
1117 2011 1360 2075 peccato
1389 2005 1417 2060 ?
1444 2005 1502 2059 Si
1540 2005 1620 2060 ita
1660 2021 1779 2060 non
1813 2009 1922 2071 est,
1951 2004 2116 2077 quod

465 2097 607 2170 quia
638 2097 942 2150 veritatem
977 2095 1130 2158 dico,
1161 2110 1283 2148 non
1306 2094 1540 2149 creditis
1555 2095 1718 2158 mihi,
1747 2095 1943 2159 dicite,
1980 2096 2117 2160 Quis

467 2191 722 2242 vestrum
750 2186 950 2253 arguit
985 2199 1074 2238 me
1103 2183 1174 2240 de
1211 2190 1470 2252 peccato,
1511 2183 1664 2251 quod
1703 2200 1738 2238 a
1780 2200 1874 2238 me
1900 2182 2020 2249 ﬁat,
2058 2188 2119 2239 ut

467 2277 710 2345 propter
736 2270 876 2326 illud
911 2271 1228 2326 videamini
1264 2287 1382 2326 non
1407 2270 1692 2327 credere?

538 2363 698 2416 Vers.
729 2364 816 2418 46.
842 2361 1027 2416 Porro
1041 2360 1164 2415 si—
1181 2360 1374 2417 mihi?
1401 2359 1455 2416 Si
1474 2377 1665 2433 neque
1685 2360 1840 2427 ideo,
1861 2361 2003 2433 quia
2023 2376 2118 2416 ve-

466 2452 699 2508 ritatem
715 2450 867 2514 dico,
887 2465 1003 2505 non
1021 2449 1250 2505 creditis
1279 2449 1653 2522 mihi,neque
1683 2450 2001 2522 quisquam
2028 2466 2122 2504 ve-

469 2547 649 2597 strum
681 2541 874 2610 arguit
903 2555 998 2594 me
1037 2539 1112 2594 de
1151 2544 1414 2610 peccato,
1450 2555 1593 2594 sane
1625 2539 1923 2595 veritatem
1964 2539 2118 2594 dico.

469 2633 538 2688 Si
546 2637 740 2686 autem
759 2630 1062 2686 veritatem
1079 2630 1230 2697 dico,
1246 2644 1428 2699 quare
1442 2645 1538 2685 vos
1552 2646 1669 2685 non
1685 2629 1922 2686 creditis
1939 2628 2085 2684 mihi
2096 2630 2124 2686 7

469 2721 797 2793 Postquam
838 2720 919 2775 ita
949 2719 1206 2774 convicit
1267 2735 1367 2774 eos
1393 2719 1467 2774 de
1515 2719 1809 2776 industria
1860 2735 2120 2790 peccare,

469 2809 711 2864 ulterius
729 2807 1128 2862 ratiocinatur.

543 2898 705 2951 Vers.
746 2897 832 2948 47.
865 2896 976 2960 Qui
1001 2927 1067 2935 —
1093 2896 1246 2950 estis.
1279 2896 1385 2960 Qui
1429 2911 1496 2950 ex
1528 2896 1642 2950 Deo
1675 2900 1780 2958 est,
1812 2897 1990 2952 verba
2019 2895 2126 2953 Dei

470 2985 700 3057 recipit,
747 2983 950 3056 eisque
1007 2988 1173 3055 paret
1209 3000 1350 3050 ;v0s
1403 3000 1521 3039 non
1580 2985 1865 3056 recipitis,
1911 3002 1975 3041 ex
2010 2987 2126 3039 Deo

473 3074 648 3142 igitur
692 3089 811 3128 non
844 3071 985 3127 estis
1015 3091 1027 3127 :
1061 3078 1117 3127 et
1148 3088 1218 3127 ex
1251 3075 1636 3145 consequenti
1675 3074 2004 3129 mentimini
2043 3074 2126 3128 di-

2228 1918 2318 1963 τοῦ
2351 1917 2503 1964 Θεοῦ.

2297 2005 2386 2061 Τίς
2417 2031 2484 2038 -
2520 1997 2816 2072 ἁμαρτίαςς
2853 1999 2912 2052 Εἰ
2960 2004 3055 2071 μὴ,
3093 1995 3232 2052 διότι
3271 2005 3364 2058 τὴν
3397 1999 3640 2058 ἀληθειαν
3671 2001 3842 2073 λέγω,

2229 2087 2492 2140 ἀπιστείτέ
2541 2109 2649 2161 μοι,
2701 2092 2891 2153 εἴπατε,
2942 2093 3034 2150 Τίς
3077 2089 3129 2151 ἐξ
3176 2091 3316 2162 ὑμῶν
3357 2087 3558 2160 ἐλέγχει
3608 2110 3671 2159 με
3716 2098 3850 2164 περὶ

2227 2178 2505 2252 ἁμαρτίας,
2541 2180 2647 2250 [ὑπ’
2692 2177 2815 2250 ἐμοῦ
2875 2179 2994 2248 (62)
3033 2182 3325 2250 γενομένης,
3379 2180 3461 2230 ἵνα
3504 2175 3699 2242 δόξητε
3764 2178 3846 2233 δι’

2228 2267 2423 2324 ἐκείνην
2456 2267 2689 2320 ἀπιστεῖν
2717 2285 2730 2334 ;

2303 2356 2362 2407 Εἰ
2393 2353 2450 2408 δι
2497 2387 2558 2396 -
2603 2374 2730 2428 μοις
2782 2357 2841 2409 Εἰ
2893 2360 3011 2408 οὔτε
3065 2353 3202 2409 διότι
3252 2359 3346 2415 τὴν
3400 2356 3645 2415 ἀληθειαν
3699 2358 3844 2430 λέγω

2231 2444 2498 2498 ἁπιστεῑτέ
2549 2465 2658 2518 μοι,
2717 2449 2833 2498 οὔτε
2888 2465 2968 2507 τις
3022 2444 3076 2508 ἐξ
3136 2447 3277 2518 ὑμῶν
3338 2444 3543 2518 ἐλέγχει
3599 2467 3664 2518 με
3718 2455 3844 2523 περὶ

2232 2535 2531 2609 ἁμαρτίας],
2578 2536 2679 2609 σῖρα
2708 2533 2948 2592 ἀλήθειαν
2980 2537 3109 2606 λέγω
3129 2555 3140 2566 ·
3188 2539 3278 2587 καὶ
3310 2535 3353 2587 εἰ
3384 2533 3629 2594 ἀλήθειαν
3678 2536 3839 2609 λέγω,

2235 2622 2380 2677 διατί
2427 2626 2569 2696 ὑμεῖς
2599 2625 2656 2676 οῦ
2687 2627 2955 2678 πιστεύετέ
2984 2631 3113 2697 μόι;
3160 2625 3336 2687 Οὕτως
3389 2623 3598 2698 ἐλέγξας
3647 2626 3842 2690 αὐτοὺς

2235 2711 2563 2775 ἐθελοκάκους
2593 2717 2664 2766 ἔτι
2697 2713 3078 2785 συλλογίζεται.

2306 2886 2364 2940 ¹Ο
2394 2919 2458 2928 -
2494 2887 2626 2941 ἐστέ.
2679 2886 2738 2940 Ὀ
2767 2889 2834 2939 ὧν
2877 2887 2931 2940 έκ
2988 2895 3080 2940 τοῦ
3146 2895 3280 2942 Θεοῦ
3347 2891 3412 2941 τα
3475 2891 3694 2964 ῥήματα
3744 2901 3826 2944 τοῦ

2238 2984 2370 3030 Θεοῦ
2417 2973 2654 3048 δέχεται,
2687 2981 2776 3029 καὶ
2823 2979 3087 3029 πείθεται·
3135 2979 3276 3050 ὑμεῖς
3321 2978 3378 3030 οῦ
3433 2975 3698 3050 δέχεσθε’
3739 2982 3817 3032 οὐκ

2237 3068 2340 3139 ἄρα
2369 3065 2422 3117 ἐκ
2465 3074 2556 3118 τοῦ
2597 3073 2731 3118 Θεοῦ
2762 3065 2895 3120 ἔστε.
2948 3071 3046 3119 Καὶ
3081 3065 3258 3118 λοιπὸν
3305 3064 3572 3138 ψεύδεσθε
3611 3070 3807 3140 lavem;

473 3168 668 3218 centes
699 3168 926 3235 patrem
963 3179 1069 3218 vos
1094 3162 1314 3218 habere
1358 3165 1560 3228 Deum,
1604 3169 1658 3219 et
1703 3180 1771 3218 ex
1815 3164 1934 3218 Deo
1975 3180 2121 3219 esse.

2243 3159 2434 3227 πατέρα
2473 3157 2612 3226 ἔχειν
2657 3159 2742 3207 τὸν
2774 3159 2902 3208 Θεὸν
2957 3160 3045 3208 καὶ
3093 3155 3146 3207 ἐκ
3188 3163 3280 3208 τοῦ
3321 3164 3455 3210 Θεοῦ
3504 3155 3650 3210 εἶναι.
3683 3161 3805 3210 Κατά

474 3251 1013 3324 Loquendoitaque
1030 3251 1103 3306 de
1133 3252 1451 3317 creatione,
1477 3267 1687 3306 omnes
1711 3269 1777 3307 ex
1809 3252 1928 3308 Deo
1958 3259 2126 3318 sunt;

470 3342 641 3412 juxta
672 3340 920 3396 modum
951 3356 1090 3395 vero
1117 3340 1546 3406 familiaritatis,
1580 3341 1689 3396 soli
1716 3340 1790 3396 illi
1818 3342 1917 3414 qui
1947 3341 2130 3398 verba

477 3425 579 3480 Dei
615 3425 878 3491 audiunt,
913 3425 1115 3495 eisque
1146 3424 1453 3491 obediunt,
1480 3431 1534 3481 et
1569 3441 1603 3482 a
1639 3425 1931 3486 moribus.
1965 3427 2129 3499 quod

477 3513 762 3568 rationale
789 3518 892 3575 est,
937 3514 1274 3568 ostendunt.

549 3603 709 3656 Vers.
744 3605 830 3655 48.
863 3602 1304 3670 Responderunt
1337 3634 1402 3642 —
1429 3602 1602 3657 habes
1622 3601 1650 3656 i’
1681 3605 1783 3658 Per
1811 3603 2134 3674 interroga-

479 3689 701 3744 tionem
745 3688 1064 3752 legendum
1086 3691 1508 3745 est.Vocabant
1539 3696 1737 3745 autem
1759 3707 1894 3746 eum
1925 3693 2133 3748 Sama-

475 3778 763 3843 ritanum,
799 3784 993 3849 utpote
1026 3794 1143 3832 non
1175 3787 1376 3833 exacte
1412 3786 1737 3834 servantem
1772 3780 1982 3849 legem,
2018 3781 2134 3836 sic-

479 3874 542 3921 ut
588 3865 700 3920 illis
733 3867 1066 3932 videbatur,
1111 3883 1304 3937 neque
1362 3868 1711 3923 traditiones
1754 3869 2056 3925 seniorum
2117 3886 2129 3925 :

476 3956 626 4010 tales
655 3955 950 4027 siquidem
992 3963 1159 4011 erant
1190 3957 1561 4011 Samaritani.
1603 3959 1966 4014 Daemoniutn
2001 3975 2132 4014 vero

475 4043 817 4108 habentem,
854 4050 1138 4115 tanquam
1178 4044 1272 4098 Dei
1330 4045 1618 4099 honorem
1660 4046 1717 4100 in
1748 4048 2008 4119 seipsum
2036 4049 2134 4103 de-

476 4133 810 4194 rivantem;
875 4148 1013 4186 nam
1070 4132 1218 4187 tales
1273 4139 1410 4187 sunt
1468 4133 1820 4189 dastnones:
1881 4137 1985 4191 sed
2037 4138 2134 4192 hic

479 4225 765 4290 tanquam
797 4220 843 4274 is
865 4219 966 4291 qui
992 4220 1045 4274 in
1078 4220 1322 4276 veritate
1346 4223 1496 4276 Deus
1515 4228 1660 4289 erat,
1688 4223 1768 4277 illi
1793 4239 1932 4280 vero
1959 4225 2132 4298 quasi

480 4307 841 4363 seductores.

552 4397 710 4452 Vers.
745 4398 830 4453 49.
880 4399 1202 4466 Respondit
1238 4429 1303 4438 --
1337 4399 1538 4457 habeo.
1569 4401 1754 4457 Deum
1787 4418 1908 4458 non
1951 4404 2131 4460 deho-

477 4491 667 4551 nesto,
695 4485 848 4542 sicut
885 4486 1208 4556 daamones,
1241 4505 1350 4545 nec
1383 4490 1582 4562 ipsum
1609 4491 1834 4547 honore
1886 4510 1993 4549 suo
2035 4494 2133 4549 de-

475 4575 636 4648 jicio.

551 4666 712 4720 Vers.
738 4669 824 4721 49.
854 4667 964 4724 Sed
986 4666 1208 4724 honoro
1240 4668 1496 4725 Patrem.
1529 4673 1838 4726 Honorans
1870 4687 2133 4742 namque

479 4753 715 4808 Patrem
742 4756 1014 4820 ostendo,
1052 4773 1156 4812 vos
1205 4774 1322 4813 non
1371 4758 1594 4813 habere
1654 4761 1838 4814 Deum
1876 4766 2126 4831 patrem,

479 4857 676 4913 neque
704 4859 770 4898 ex
812 4844 926 4899 Deo
971 4861 1121 4901 esse.
1164 4846 1469 4917 Siquidem
1515 4848 1832 4918 ignominia
1863 4854 1948 4902 est
1979 4849 2128 4918 ejus,

480 4930 585 5002 qui
608 4931 880 4986 homines
899 4933 1312 4989 benevolentia
1331 4936 1724 5008 persequitur,
1748 4941 1974 5008 patrem
2001 4954 2131 4993 esse

481 5018 919 5075 homicidarum.

553 5107 714 5162 Vers.
756 5111 845 5164 49.
899 5111 966 5166 Et
1022 5141 1089 5150 —-
1142 5127 1248 5169 me.
1310 5112 1747 5169 Samaritanum
1805 5129 1872 5170 ac
1911 5114 2132 5171 daemo-

480 5195 722 5253 niacum
789 5199 1172 5271 appellantes.
1257 5205 1458 5274 Itaque
1529 5201 1761 5260 Patrem
1823 5203 2130 5260 honorans

589 5375 637 5410 τ²
668 5376 809 5433 Gen.
851 5391 932 5443 ιιι,
976 5377 1029 5445 4,
1057 5379 1106 5435 5.

2236 3248 2326 3317 μὲν
2354 3240 2440 3296 οὖν
2465 3247 2550 3295 τόν
2579 3244 2730 3314 λόγον
2754 3252 2841 3305 τῆς
2881 3241 3230 3318 δημιουργίας
3258 3248 3446 3307 πάντες
3478 3245 3536 3297 ἐκ
3580 3256 3674 3299 τοῦ
3703 3254 3819 3300 Θεοῦ

2238 3334 2340 3387 εἰσι
2366 3349 2382 3366 ·
2413 3336 2549 3385 κατὰ
2581 3330 2640 3386 δὲ
2667 3336 2754 3386 τόν
2787 3342 2880 3395 τῆς
2911 3334 3229 3396 οἰκειότητος
3257 3339 3403 3407 μόνοι
3451 3336 3498 3386 οἱ
3530 3338 3595 3387 τὰ
3621 3337 3832 3410 ῥήματα

2239 3421 2399 3474 αὑτοῦ
2433 3419 2709 3494 δεχόμενοι
2738 3427 2828 3475 καὶ
2852 3426 3145 3496 πειθόμενοι
3175 3429 3262 3476 καὶ
3290 3422 3389 3476 ἀπὸ
3415 3431 3508 3476 τοῦ
3553 3429 3747 3498 τρόπον
3776 3429 3832 3478 τὸ

2238 3516 2332 3584 γνή
2345 3531 2454 3563 σιον
2483 3508 2820 3574 δεικνύοντες.

2313 3601 2697 3672 Ἀπεκρίθησαν
2745 3633 2813 3640 -
2871 3603 3048 3673 ἔχειςς
3107 3601 3234 3654 Κατ’
3299 3601 3555 3675 ἐρώτησιν
3609 3601 3848 3676 ἄνα-[νω-

2244 3693 2408 3744 στέον.
2478 3694 2798 3763 Σαμαρείτην
2848 3693 2937 3762 μὲν
3001 3687 3088 3743 οὖν
3173 3690 3326 3743 αὐτὸν
3395 3691 3566 3762 ἔλεγον
3635 3696 3708 3755 ὡς
3771 3699 3851 3765 μὴ

2244 3778 2472 3853 ἀκριϐῶς
2529 3787 2788 3852 τηροῦντα
2857 3784 2943 3831 τὸν
3009 3784 3182 3852 νόμον,
3257 3782 3325 3842 ὡς
3407 3781 3585 3842 αὐτοῖς
3649 3780 3851 3851 ἐδόκει,

2242 3864 2380 3939 μηδὲ
2432 3870 2524 3930 τὰς
2589 3865 2909 3940 παραδόσεις
2979 3877 3078 3920 τῶν
3144 3869 3538 3944 πρεσϐυτέρων·
3618 3880 3854 3926 τοιοῦτοι

2241 3959 2341 4031 γὰρ
2403 3959 2451 4010 οἱ
2507 3965 2861 4032 Σαμαρεῖται’
2925 3955 3194 4030 δαιμόνιον
3259 3956 3317 4011 δὲ
3366 3961 3579 4030 ἔχοντα,
3635 3964 3705 4022 ὡς
3758 3968 3851 4019 τὴν

2243 4054 2334 4097 τοῦ
2368 4054 2501 4099 Θεοῦ
2525 4051 2680 4118 τιμὴν
2722 4047 2791 4110 εἰς
2831 4047 3008 4100 ἑαυτὸν
3057 4047 3302 4101 ἕλκοντα·
3355 4055 3583 4100 τοιοῦτοι
3642 4053 3743 4126 γὰρ
3794 4056 3850 4104 οἱ

2246 4132 2513 4207 δαίμονες.
2543 4135 2678 4188 Ἀλλ’
2711 4138 2736 4188 ό
2780 4139 2872 4208 μεν
2915 4138 2980 4197 ὡς
3028 4135 3075 4188 έν
3134 4135 3342 4210 ἀληθείᾳ
3389 4141 3533 4206 Θεὸς,
3585 4141 3635 4191 οἱ
3667 4135 3726 4192 δὲ
3779 4142 3847 4201 ὡς

2243 4223 2549 4286 ἀπατεῶνες.

2315 4405 2598 4479 Ἀπεκρίθη
2667 4435 2734 4444 -
2785 4405 2914 4476 ἔχη.
2980 4403 3056 4456 Οὔ
3102 4406 3198 4479 γὰρ
3251 4403 3490 4477 ἀτιμάζω
3548 4408 3635 4458 τὸν
3690 4411 3828 4474 Θεὸν,

2243 4495 2306 4553 ὡς
2377 4495 2424 4544 οἱ
2489 4491 2747 4566 δαίμονες,
2811 4489 2935 4546 οὐδὲ
2996 4501 3092 4557 τῆς
3159 4502 3314 4567 τιμῆς
3383 4494 3545 4547 αὐτοῦ
3613 4495 3829 4548 ἐκϐάλλω

2243 4582 2306 4634 αὖ
2322 4586 2416 4636 τόν.

2317 4671 2471 4723 Ἀλλὰ
2525 4679 2660 4744 τιμῶ
2739 4674 2826 4723 τὸν
2894 4675 3118 4745 Πατέρα.
3178 4679 3350 4745 Τιμῶν
3427 4675 3534 4747 γὰρ
3595 4676 3674 4724 τὸν
3723 4678 3813 4723 Ilu-

2242 4765 2364 4834 τέρα
2412 4759 2678 4832 ἀποφαίνω
2740 4761 2874 4834 ὑμᾶς
2922 4764 2992 4832 μή
3055 4763 3276 4834 ἔχοντας
3323 4766 3530 4834 πατέρα
3578 4765 3650 4814 τὸν
3701 4763 3814 4813 Θεὸν

2245 4846 2394 4921 [μηδ’
2428 4848 2481 4901 ἐκ
2515 4849 2625 4921 (63)
2671 4857 2759 4902 τοῦ
2816 4857 2948 4902 Θεοῦ
2975 4854 3142 4913 ὄντας.
3191 4852 3402 4922 Ἀτιμία
3453 4855 3558 4925 γὰρ
3613 4857 3696 4904 τοῦ
3751 4871 3828 4923 φι-

2241 4938 2542 5012 λανθρώπου
2571 4942 2768 5014 πατέρα
2793 4935 2920 4992 εἶναι
2947 4948 3044 4992 τῶν
3073 4939 3527 5016 ἀνθρωποκτόνων.

2318 5121 2417 5170 Καὶ
2483 5149 2552 5158 -
2611 5137 2694 5191 με.
2763 5120 3083 5192 Σαμαρειτην
3151 5123 3238 5172 καὶ
3306 5114 3578 5190 δαιμόνιον
3650 5122 3843 5191 ἔχοντα

2241 5204 2598 5279 ὀνομάσαντες,
2677 5203 2816 5261 διότι
2880 5215 3042 5280 τιμῶν
3131 5211 3216 5261 τὸν
3307 5211 3512 5282 Πατέρα
3603 5206 3845 5282 ἀπέφηνα

1664 5534 1890 5604 Variae
1936 5533 2262 5606 lectiones
2295 5543 2363 5604 et
2403 5547 2606 5605 notae.

547 5704 662 5847 (60;
696 5703 928 5762 Inclusa
949 5708 1169 5765 absunt
1207 5711 1271 5765 A.

549 5777 630 5847 (6|
704 5780 956 5847 Λέγοντος
993 5784 1058 5836 Α.

549 5777 661 5847 (61)
704 5780 956 5851 Λέγοντος
993 5784 1035 5835 Α
1047 5821 1058 5836 .

2313 5716 2421 5787 (62)
2463 5715 2702 5773 Inclusa
2733 5716 2951 5774 absunt
2975 5723 3037 5773 Α.

2311 5789 2423 5858 (63)
2464 5787 2698 5845 Inclusa
2727 5789 2945 5846 absunt
2979 5791 3046 5844 A.
