4120 6310
554 310 694 369 1303

1877 299 2239 364 EUTHYMII
2288 300 2615 360 ZIGABENI

3817 302 4036 360 1305

555 442 710 495 atur.
737 435 877 493 Vult
901 435 1058 493 enim
1086 438 1373 503 astruere,
1415 430 1584 506 quod
1639 431 1836 502 major
1875 433 1970 499 sit,
2019 447 2209 504 quam

2331 428 2565 482 Βούλεται
2575 431 2673 504 γὰρ
2687 428 3085 482 κατασκευάσαι
3105 429 3186 482 ὅτι
3205 429 3398 502 μείζων
3415 429 3528 482 ἔστι
3547 437 3643 483 τοῦ
3678 429 3739 482 Ἀ
3749 429 3998 504 ϐραείρ.
4013 466 4026 475 -

556 527 856 584 Abraham
893 542 906 592 ;
940 542 1082 582 nam
1113 525 1227 581 hoc
1277 523 1336 578 in
1381 521 1654 594 praesenti
1695 537 1816 578 non
1869 520 2040 589 dixit,
2083 536 2214 592 pro-

555 622 686 689 pter
712 615 976 687 ipsorum
1009 613 1473 686 impudentiam.

628 705 916 760 Vers.54.
979 705 1158 772 Quem
1224 733 1293 742 —
1352 702 1509 756 Vers.
1588 702 1678 757 55.
1741 715 1885 756 eum.
1956 730 2011 740 —
2081 699 2211 755 Non

556 795 898 864 cognovistis
937 809 1082 855 eum,
1121 796 1323 862 utpote
1359 788 1642 862 operibus
1697 789 1863 844 illum
1898 795 2208 858 negantes.

558 883 711 939 Dicit
761 883 921 937 enim
978 885 1034 936 et
1086 879 1407 951 Apostolus
1452 896 1466 933 :
1523 879 1884 946 Conﬁtentur
1947 892 2006 934 se
2058 892 2214 935 nosse

560 973 767 1035 Deum,
809 971 981 1040 factis
1011 974 1205 1025 autem
1237 975 1452 1038 negant
1483 969 1553 1025 ⁷⁷.
1582 967 1682 1022 Vel
1719 967 1899 1022 etiam
1947 981 2017 1020 eo
2048 965 2214 1038 quod

558 1075 680 1115 non
708 1059 1049 1127 agnoscatis
1073 1057 1277 1112 Filium
1332 1057 1486 1127 ejus.
1549 1055 1774 1110 Dictum
1828 1058 1916 1109 est
1976 1052 2135 1108 enim
2196 1071 2208 1109 :

558 1149 623 1204 Si
658 1163 749 1204 me
775 1147 1210 1217 cognoscentis,
1243 1147 1300 1202 et
1335 1146 1574 1201 Patrem
1626 1159 1810 1199 meum
1863 1142 2066 1214 utique
2122 1157 2215 1198 eo-

558 1239 913 1308 gnosceretis
969 1237 1038 1290 ⁷³.
1075 1235 1173 1290 Vel
1226 1251 1297 1290 eo
1354 1236 1521 1306 quod
1580 1248 1699 1288 non
1763 1232 2006 1287 servetis
2079 1232 2211 1303 ejus

561 1341 866 1381 sermones
895 1343 912 1396 ;
946 1339 1089 1380 nam
1144 1324 1192 1379 si
1221 1322 1651 1394 cognosceretis
1680 1337 1839 1386 eum,
1872 1336 2212 1377 sermonem

561 1415 611 1486 ej
624 1431 690 1469 us
719 1414 1049 1470 servaretis.

634 1502 792 1558 Vers.
826 1503 914 1558 55.
967 1503 1092 1572 Ego
1144 1506 1331 1559 autem
1389 1502 1533 1557 navi
1588 1515 1738 1557 eum.
1802 1502 1930 1556 Non
1988 1498 2209 1564 solum,

563 1609 698 1648 cum
731 1608 802 1647 ex
834 1592 964 1664 ipso
991 1593 1127 1656 sim,
1173 1600 1229 1647 et
1256 1590 1524 1662 ejusdem
1567 1589 1936 1652 substantiae,
1982 1594 2213 1644 naturas

2324 525 2556 588 Φανερῶς
2611 521 2708 594 γὰρ
2737 526 2824 570 νῦν
2857 518 2951 571 ούκ
2982 515 3088 572 εἶπε
3119 527 3270 573 τοῦτο
3298 515 3333 572 δ
3339 522 3391 571 ιὰ
3420 524 3508 576 τὴν
3548 517 4032 592 ἀναισχυντία)

2325 608 2514 662 αὐτῶν.

2392 697 2486 749 ’ον
2545 728 2614 739 -
2670 696 2844 748 αὐτόν.
2907 728 2974 738 -
3015 697 3128 750 Ούκ
3183 696 3434 770 ἐγνώκατε
3490 698 3680 763 αὐτὸν,
3731 702 3808 761 ὡς
3861 708 4021 760 ταῖς

2323 790 2489 862 ἔργοις
2535 785 2834 860 ἀρνούμενοι
2881 786 3053 839 αύτον.
3111 793 3245 845 Φησὶ
3301 790 3403 860 γὰρ
3455 791 3547 838 καὶ
3605 790 3630 838 ό
3679 789 4014 842 11:67:9-

2321 876 2402 934 λος
2483 877 2563 927 ὅτι
2609 879 2738 928 Θεὸν
2795 875 3137 947 ὁμολογοῦσιν
3193 873 3409 945 εἰδέναι,
3462 884 3572 939 τοῖς
3639 873 3710 930 δὲ
3787 883 4016 950 ἔργοις

2324 961 2618 1034 ἀρνοῦνται.
2682 963 2750 1016 Ἤ
2809 970 2894 1018 καὶ
2953 968 3017 1026 ὡς
3068 969 3140 1038 μὴ
3196 964 3467 1038 ἐγνωκότες
3515 971 3608 1018 τὸν
3676 969 3816 1020 ris,
3885 971 4014 1019 tr)-

2322 1061 2434 1106 τοῦ.
2490 1058 2772 1126 Προείρηκε
2835 1057 2937 1130 γὰρ
3000 1057 3080 1106 ὅτι
3138 1054 3197 1108 Εἰ
3272 1053 3358 1126 ἔμε
3436 1051 3639 1127 ᾔδειτε,
3713 1062 3818 1109 καὶ
3897 1078 4004 1108 τε)

2325 1145 2531 1214 Πατέρα
2591 1162 2691 1214 μου
2749 1140 2925 1215 ᾔδειτε
2979 1143 3060 1196 οἶν.
3124 1143 3188 1196 Ἠ
3251 1146 3315 1204 ὡς
3370 1149 3442 1216 μὴ
3509 1153 3821 1216 τηροῦντες
3899 1167 4006 1199 τεν

2321 1229 2472 1301 λόγον
2497 1231 2676 1284 αὐτοῦ·
2711 1233 2755 1285 εἰ
2776 1234 2878 1305 γὰρ
2910 1230 3086 1306 ⁴ἤδειτε
3117 1233 3292 1298 αὐτὸν,
3316 1232 3541 1307 ἔτηρεῖτε
3573 1234 3638 1285 ἄν
3669 1239 3774 1287 τὸν
3811 1236 3998 1308 λόγον

2325 1319 2506 1374 αὐτοῦ.

2399 1497 2530 1570 Ἐγὼ
2563 1494 2622 1550 δὲ
2653 1494 2777 1550 οἶδα
2816 1498 2990 1554 αὐτόν.
3037 1502 3113 1552 Οὑ
3143 1504 3296 1572 μόνον
3339 1503 3403 1562 ὡς
3432 1500 3484 1563 ἐξ
3514 1500 3689 1554 αὐτοῦ
3725 1509 3828 1556 καὶ
3881 1511 4002 1562 τῆς

2325 1589 2483 1648 αὐτῆς
2512 1587 2699 1649 οὐσίας
2727 1592 2815 1640 καὶ
2843 1591 3042 1660 φύσεως
3069 1595 3159 1642 καὶ
3185 1596 3424 1662 γνώσεως
3452 1595 3540 1655 ὧν,
3575 1589 3723 1644 ἀλλὰ
3772 1597 3880 1645 καὶ
3915 1597 4000 1653 ὡς

563 1687 620 1738 et
647 1682 928 1746 scientiae,
963 1683 1063 1736 sed
1111 1681 1287 1737 etiam
1341 1685 1631 1751 tanquam
1685 1693 2026 1733 sermonem
2085 1677 2212 1747 ejus

2331 1680 2409 1728 τὸν
2430 1676 2577 1748 λόγον
2605 1676 2764 1728 αὐτοῦ
2791 1686 2980 1750 τηρῶν.
3018 1683 3118 1732 Καὶ
3149 1679 3318 1732 ὀπίσω
3349 1676 3406 1732 δὲ
3437 1676 3595 1745 εἶπεν,
3643 1683 3736 1732 ὅτι
3773 1683 4003 1734 Ἔστιν

563 1785 828 1828 servans.
855 1773 1000 1826 Nam
1030 1775 1088 1826 et
1117 1769 1391 1841 superius
1438 1768 1585 1823 dixit
1638 1785 1651 1823 z
1706 1768 1812 1823 Est
1866 1782 2062 1831 verax,
2112 1768 2215 1837 qui

563 1861 718 1915 misit
754 1875 860 1924 me,
889 1875 1061 1930 quem
1091 1875 1185 1914 vos
1216 1873 1334 1914 non
1360 1857 1576 1912 nostis:
1615 1871 1718 1927 ego
1747 1871 1882 1912 vero
1904 1856 2043 1911 novi
2062 1871 2212 1924 eum,

564 1950 706 2022 quia
733 1949 807 2004 ab
833 1964 898 2006 eo
926 1964 1055 2003 sum
1075 1950 1148 2001 7°.

633 2039 776 2092 Vers
830 2043 917 2092 55.
976 2039 1039 2092 Et
1099 2065 1168 2078 —
1215 2036 1491 2091 mendax.
1526 2035 1644 2090 Vos
1675 2035 1835 2089 enim
1885 2033 2217 2089 mentimini

563 2126 830 2182 dicentes
869 2127 1055 2181 Deum
1109 2129 1373 2179 vestrum
1424 2139 1576 2190 esse,
1631 2140 1767 2178 cum
1825 2139 1945 2178 non
1997 2139 2219 2192 cogno-

566 2216 744 2270 scatis
783 2231 942 2275 eum,
986 2220 1049 2270 ut
1105 2213 1458 2284 praedictum
1517 2219 1621 2266 est.
1679 2211 1952 2268 Notitiam
2013 2217 2214 2266 autem

565 2309 622 2360 et
649 2304 1050 2373 cognitionem
1083 2302 1242 2366 dicit,
1285 2317 1461 2356 nosse
1488 2301 1854 2373 simpliciter,
1899 2306 1955 2356 et
1999 2316 2216 2372 cogno-

566 2407 728 2449 scere
779 2392 943 2464 quod
1000 2393 1071 2447 sit
1131 2393 1286 2446 Deus
1337 2396 1395 2445 et
1451 2390 1632 2453 Pater,
1691 2405 1809 2444 non
1897 2389 2044 2445 scire
2117 2392 2214 2445 Dei

563 2488 860 2538 naturam.
893 2485 1038 2536 Nam
1065 2482 1198 2552 ipsa
1233 2495 1354 2534 non
1396 2481 1594 2534 solum
1657 2480 1937 2548 cognosci
1993 2480 2211 2549 nequit,

566 2587 768 2627 verum
798 2571 973 2626 etiam
1004 2570 1250 2626 omnino
1308 2568 1754 2637 inintelligibilis
1803 2574 1891 2623 est
1941 2575 1995 2622 et
2050 2569 2214 2623 inac-

564 2659 874 2728 cessibilis,
903 2675 1011 2715 nec
1051 2664 1268 2716 tantum
1301 2657 1668 2724 hominibus,
1729 2657 1834 2712 sed
1885 2662 1941 2713 et
1969 2657 2219 2713 caelesti-

565 2750 676 2804 bus
714 2749 1045 2805 virtutibus.

637 2837 802 2892 Vers.
837 2838 923 2892 56.
983 2837 1094 2892 Sed
1146 2867 1213 2876 ——
1268 2851 1458 2892 servo.
1515 2835 1712 2900 Vides,
1746 2834 1906 2908 quod
1967 2835 2065 2890 Dei
2098 2850 2214 2890 ser-

564 2941 806 2982 monem
867 2941 1122 2989 servare,
1175 2924 1415 2993 signum
1471 2925 1539 2980 sit
1593 2924 1759 2996 quod
1821 2925 1958 3003 quis
2028 2927 2212 2979 Deum

563 3020 904 3084 cognoscat.
939 3014 1282 3069 Timeamus
1314 3013 1511 3080 igitur,
1561 3013 1724 3085 quod
1757 3014 1853 3068 Dei
1919 3021 2216 3083 praecepta

562 3119 685 3160 non
717 3119 1041 3169 servamus,
1098 3108 1383 3174 tanquam
1415 3118 1554 3158 cum
1611 3102 1695 3156 eis
1751 3102 2076 3172 constituti,
2109 3101 2216 3174 qui

566 3192 752 3248 Deum
786 3192 1080 3262 ignorant.
1114 3191 1335 3248 Deinde
1379 3191 1608 3264 probat,
1658 3190 1822 3263 quod
1868 3192 2063 3262 major
2116 3191 2210 3257 sit,

562 3296 748 3354 quam
775 3282 1102 3338 Abraham.

637 3371 797 3427 Vers.
877 3375 962 3427 56.
1005 3371 1312 3428 Abraham
1368 3401 1437 3411 —
1488 3385 1700 3428 meum.
1759 3399 1830 3414 —
1879 3371 2215 3428 Exsultavit

563 3460 690 3516 sive
743 3459 1102 3532 concupivit.
1135 3459 1297 3516 Diem
1338 3463 1531 3515 autem
1597 3474 1775 3514 suum
1855 3458 1999 3516 dicit
2051 3458 2215 3516 diem

561 3549 881 3622 passionis.

634 3637 796 3693 Vers.
856 3642 942 3692 56.
995 3637 1071 3692 Et
1127 3637 1300 3704 vidit,
1360 3643 1414 3694 et
1481 3637 1720 3708 gavisus
1790 3643 1895 3694 est.
1955 3637 2212 3694 Gavisus

562 3730 650 3781 est
674 3731 909 3796 propter
961 3725 1209 3782 salutem
1264 3725 1494 3780 mundi.
1565 3725 1978 3795 Praecognovit
2045 3743 2213 3782 nam-

561 3830 679 3886 que
719 3815 1072 3887 mysterium
1113 3815 1514 3871 crucitixionis
1559 3816 1792 3872 Christi.
1851 3816 2214 3872 Desideravit

561 3904 762 3959 videre
801 3904 960 3959 diem
1024 3905 1212 3976 ipsius
1251 3911 1304 3960 et
1347 3905 1488 3959 vidit
1535 3904 1701 3960 illum
1757 3904 2209 3976 praeﬁguratum

561 3991 1088 4057 etadumbratum,
1139 3994 1196 4048 in
1248 3993 1342 4047 die
1396 4009 1518 4064 quo
1566 3993 1752 4048 ﬁlium
1806 4011 1983 4048 suum
2043 3994 2211 4050 Isaac

560 4081 772 4136 obtulit
810 4082 868 4135 in
895 4082 1334 4137 holocaustum.
1383 4082 1584 4136 Didicit
1625 4083 1804 4145 enim,
1853 4083 2010 4153 quod
2064 4085 2212 4140 sicut

561 4170 691 4239 ipse
741 4185 858 4224 non
932 4170 1195 4240 pepercit
1240 4186 1350 4224 suo
1411 4171 1624 4224 dilecto
1698 4179 1940 4241 propter
1997 4173 2208 4238 Deum,

2325 1766 2523 1827 ἀληθὴς
2553 1766 2666 1837 (66)
2696 1767 2720 1818 ὁ
2745 1767 2953 1838 πέμψας
2990 1786 3071 1839 με,
3103 1767 3158 1819 ὂν
3203 1770 3348 1840 ὑμεῖς
3378 1768 3471 1821 ούκ
3495 1766 3583 1822 οἰδ
3589 1789 3712 1838 ατε,
3761 1769 3884 1843 ἐγὼ
3927 1769 3998 1824 δε

2326 1851 2448 1908 οἶδα
2481 1855 2656 1925 αὑτὸν,
2691 1858 2767 1908 ὃτι
2800 1857 2924 1931 παρ’
2957 1857 3116 1910 αὑτοῦ
3147 1857 3279 1930 εἰμι,

2401 2037 2501 2085 Καὶ
2558 2065 2626 2074 -
2680 2033 2930 2104 ψεύστης.
2987 2031 3250 2088 Ψεύδεσθε
3309 2037 3410 2108 γὰρ
3481 2036 3632 2107 ὑμεῖς
3707 2037 3993 2108 λέγοντες

2328 2124 2407 2174 ὅτι
2433 2121 2548 2193 (67)
2603 2126 2728 2184 Θεὸς
2776 2124 2920 2196 ὑμῶν
2974 2123 3132 2187 ἔστιν,
3176 2125 3234 2176 ού
3285 2127 3385 2196 γὰρ
3449 2123 3712 2195 ἐγνώκατε
3770 2129 3981 2193 αὐτὸν,

2329 2217 2398 2274 ὡς
2452 2218 2777 2286 προείρηται.
2836 2210 3058 2272 Εῑδησιν
3133 2211 3192 2267 δε
3255 2219 3344 2268 καὶ
3412 2220 3607 2287 γνῶσίν
3682 2237 3836 2288 φησι
3916 2225 3982 2270 τὸ

2328 2299 2520 2355 εἰδέναι
2544 2309 2632 2355 καὶ
2663 2309 2936 2374 γινώσκειν
2966 2302 3134 2364 ἁπλῶς
3165 2306 3244 2355 ὅτι
3273 2303 3386 2356 ἐστὶ
3427 2308 3551 2366 Θεὸς
3584 2311 3684 2357 καὶ
3737 2314 3973 2381 Πατήρ,

2327 2391 2385 2444 ού
2425 2395 2527 2462 μὴν
2567 2395 2660 2448 τὴν
2694 2391 2804 2461 (68)
2835 2399 2930 2451 τῆς
2961 2393 3160 2462 φύσεως
3207 2399 3298 2444 τοῦ
3347 2399 3499 2445 Θεοῦ.
3547 2395 3697 2452 Αῦτη
3742 2399 3857 2470 γὰρ
3905 2399 3971 2449 οὐ

2327 2484 2478 2552 μόνον
2527 2481 2808 2551 ἄγνωστος,
2864 2478 2990 2531 ἀλλὰ
3040 2485 3130 2532 καὶ
3181 2480 3439 2544 παντελῶς
3489 2480 3803 2545 ἀνεννόητος
3864 2492 3966 2538 καὶ

2329 2567 2748 2641 ἀνεπιχείρητος,
2780 2573 2870 2621 καὶ
2900 2568 2958 2622 οὐ
2989 2573 3142 2642 μόνον
3173 2568 3479 2644 ἀνθρώποις,
3524 2570 3660 2624 ἀλλὰ
3687 2579 3784 2626 καὶ
3831 2584 3958 2635 ταῖς

2327 2658 2588 2731 οὐρανίαις
2629 2655 2933 2730 δυνάμεσιν.

2399 2835 2538 2890 Ἀλλ’
2562 2866 2630 2876 -
2659 2843 2822 2910 τηρῶ.
2845 2841 2996 2907 Ὁρᾷς
3013 2837 3092 2888 ὃτι
3112 2838 3171 2888 τὸ
3199 2839 3283 2888 τὸν
3304 2836 3454 2910 λόγον
3481 2846 3574 2892 τοῦ
3602 2847 3741 2893 Θεοῦ
3764 2849 3929 2916 τηρεῖν

2331 2929 2543 2997 σημεῖον
2570 2924 2686 2976 ἐοτι
2709 2932 2800 2976 τοῦ
2827 2921 3019 2976 εἰδέναι
3045 2925 3219 2978 αὐτόν.
3240 2925 3381 2985 Φαϐη
3393 2928 3560 2999 θῶμεν
3587 2935 3756 2982 τοίνυν
3779 2933 3920 2987 citat;

2328 3013 2528 3074 ἐντολὰς
2555 3020 2645 3065 τοῦ
2683 3017 2809 3066 Θεοῦ
2840 3016 2911 3084 μὴ
2960 3012 3316 3085 φυλάττοντες,
3349 3017 3419 3076 ὡς
3451 3021 3752 3089 ταττόμενοι
3787 3023 3906 3088 μετά

2327 3111 2425 3155 τῶν
2458 3101 2776 3174 ἀγνοούντων
2820 3105 2906 3154 τὸν
2949 3107 3094 3158 Θεὸν.
3138 3099 3264 3156 Εἶτα
3300 3107 3682 3168 κατασκευάζει
3713 3113 3787 3157 καὶ
3823 3108 3897 3156 ἑτι

2326 3192 2516 3265 μείζων
2548 3190 2662 3244 ἐστὶ
2690 3199 2781 3243 τοῦ
2815 3189 3073 3265 Ἀϐραάμ.

2400 3279 2636 3355 Ἀϐραὰμ
2694 3311 2761 3319 -
2817 3279 2960 3351 ἐμήν.
3025 3312 3092 3321 -
3154 3281 3556 3354 Ἠγαλλιάσατο,
3610 3290 3769 3356 ἤγουν
3819 3283 3923 3337 ἒπε-

2328 3373 2575 3444 θύμησεν.
2653 3369 2898 3444 [Ἠμέραν
2971 3369 3083 3441 (69)
3139 3367 3195 3425 δὲ
3266 3371 3426 3425 αὐτοῦ
3485 3371 3623 3444 λέγει
3692 3379 3784 3432 τὴν
3841 3383 3929 3427 τοῦ

2327 3467 2577 3534 σταυροῦ.

2397 3643 2496 3692 Καὶ
2553 3633 2680 3702 εἶδε,
2729 3642 2816 3690 καὶ
2871 3636 3064 3713 ἐχάρη.
3125 3637 3325 3712 Ἐχάρη
3377 3635 3469 3693 διὰ
3515 3644 3610 3700 τὴν
3660 3650 3938 3718 σωτηρίαν

2322 3735 2413 3780 τοῦ
2460 3731 2683 3798 κόσμου.
2733 3731 2993 3800 Προγνοῦς
3033 3729 3134 3800 γὰρ
3186 3730 3244 3780 τὸ
3299 3734 3591 3802 μυστήριον
3645 3739 3741 3793 τῆς
3773 3752 3937 3786 σταν-

2321 3822 2528 3890 ρὼσεως
2570 3823 2662 3868 τοῦ
2726 3823 2962 3888 Χριστοῦ
3013 3814 3356 3889 ἐπεθύμησεν]
3414 3814 3542 3870 ἰδεῖν
3594 3825 3689 3878 τὴν
3731 3823 3936 3895 ἡμέραν

2323 3906 2501 3973 αὑτοῦ,
2563 3909 2654 3956 καὶ
2703 3901 2836 3957 εἶδεν
2886 3904 3042 3963 αὐτὴν
3101 3903 3123 3978 [
3173 3909 3764 3981 προσκιαγραφηθεῖσαν
3815 3916 3933 3982 (70)

2320 3993 2432 4066 καὶ]
2463 3990 2884 4046 διατυπωθείσαν
2915 3991 2963 4044 ἐν
3006 4001 3067 4065 τῇ
3115 3995 3284 4066 ἡμέρᾳ
3311 3995 3429 4046 καθ’
3460 3998 3521 4054 ἦν
3553 3994 3802 4068 ἀνήνεγκε
3857 4005 3935 4052 τὸν

2322 4086 2432 4135 υἱὸν
2472 4082 2630 4134 αὐτοῦ
2678 4101 2765 4133 τον
2794 4083 2980 4135 Ἰσαὰκ
3033 4083 3106 4143 εἰς
3156 4082 3533 4155 ὁλοκάρπωσιν,
3581 4084 3782 4156 Ἐμαθε
3829 4092 3930 4161 γὰρ

2323 4176 2423 4240 ὃτι,
2473 4174 2645 4242 ὥσπερ
2695 4170 2846 4231 αὐτὸς
2895 4171 2989 4223 οὐκ
3029 4173 3266 4243 ἐφείσατς
3321 4180 3413 4225 τοῦ
3462 4175 3577 4225 υἱοῦ
3635 4175 3800 4229 αὐτοῦ
3845 4186 3930 4231 τοῦ

560 4257 641 4312 ita
680 4273 874 4328 neque
913 4259 1064 4312 Deus
1105 4260 1437 4328 parciturus
1491 4263 1646 4313 esset
1710 4259 1851 4314 Filio
1906 4277 2015 4316 suo
2066 4261 2212 4316 dile-

2331 4261 2598 4332 Ξιγαπητοῦ
2635 4255 2728 4312 διὰ
2765 4262 2851 4311 τὸν
2892 4262 3040 4326 Θεὸν,
3093 4261 3252 4322 οὕτως
3295 4257 3418 4314 οὔδε
3469 4263 3492 4313 ὁ
3533 4265 3653 4324 Θεὸς
3694 4271 3926 4336 φείσεται

563 4352 657 4403 cto
688 4354 926 4418 propter
951 4347 1278 4402 hominem.
1316 4350 1380 4403 Et
1405 4347 1924 4419 quemadmodum
1956 4349 2052 4405 ille
2080 4366 2211 4420 por-

562 4437 704 4493 tavit
742 4435 899 4508 ligna
933 4435 1260 4491 holocausti
1327 4436 1436 4505 sui,
1503 4437 1581 4491 ita
1634 4438 1841 4508 etipse
1874 4446 2212 4509 portaturus

562 4531 714 4580 esset
749 4525 981 4595 lignum
1021 4525 1227 4581 mortis
1265 4541 1408 4581 suae.
1455 4527 1892 4594 Verumtamen,
1928 4528 2077 4582 sicut
2115 4528 2212 4583 illo

562 4629 680 4669 non
722 4629 903 4685 passo
935 4613 1276 4686 suppositus
1308 4620 1393 4670 est
1432 4614 1585 4670 aries
1622 4615 1751 4686 :ita
1808 4621 1864 4671 et
1915 4616 2030 4672 hoc
2082 4633 2214 4672 ma-

561 4708 738 4758 nente
768 4685 1144 4775 impassibili,
1175 4703 1522 4759 humanitas
1548 4685 1680 4774 ejus
1701 4704 1897 4760 occisa
1917 4705 2213 4771 est.Quod

565 4790 616 4846 si
641 4790 797 4846 diem
829 4792 956 4860 ejus
987 4791 1186 4846 videre
1217 4791 1591 4857 desideravit,
1635 4791 1840 4864 utique
1889 4793 2000 4848 hoc
2063 4799 2207 4864 erat,

562 4883 854 4952 tanquam
894 4880 1163 4952 majoris.

633 5095 678 5130 ⁷⁷
709 5093 814 5152 Tit.
840 5095 978 5162 1,16.
1080 5093 1323 5152 “Joan.
1350 5110 1466 5164 vm,
1503 5096 1588 5152 19.
1667 5097 1904 5153 7"toan.
1931 5114 2026 5163 vn,
2055 5101 2142 5154 26.

2324 4359 2413 4403 τοῦ
2445 4351 2567 4402 Υἰοῦ
2598 4348 2757 4400 αὐτοῦ
2796 4355 2886 4400 τοῦ
2916 4347 3192 4419 ἀγαπητοῦ
3234 4346 3327 4402 διὰ
3354 4353 3438 4402 τὸν
3482 4352 3777 4424 ἄνθρωπον.
3829 4361 3922 4408 Καὶ

2325 4443 2496 4509 ὥσπερ
2573 4438 2722 4500 οὗτος
2769 4436 3028 4490 ἐϐάστασε
3078 4440 3142 4490 τὰ
3187 4438 3314 4501 ξύλα
3368 4448 3465 4502 τῆς
3520 4440 3917 4514 ὀλοκαρπὼσεως

2328 4529 2504 4592 αὐτοῦ,
2547 4528 2680 4578 οῦτω
2708 4525 2942 4588 κάκεῖνος
2989 4525 3248 4599 βαστάσει
3278 4531 3332 4581 τὸ
3361 4528 3507 4592 ξύλον
3550 4538 3642 4582 τοῦ
3700 4533 3908 4584 θανάτου

2323 4618 2500 4670 αὐτοῦ.
2555 4615 2692 4673 Πλὴν
2745 4617 2978 4688 καθάπερ
3039 4619 3224 4668 ¹ι-ούτου
3290 4621 3552 4689 μείναντος
3608 4617 3828 4677 ἀπαθοῦς
3875 4619 3896 4667 ὁ

2321 4708 2465 4778 κριὸς
2517 4703 2694 4770 ἐτύθη,
2763 4705 2898 4756 ούτω
2948 4703 3184 4758 κάκείνου
3255 4709 3493 4778 μένοντος
3562 4706 3777 4765 ἀπαθοῦς
3840 4709 3892 4757 τὸ

3625 4792 3680 4848 δέ
3732 4793 3902 4847 ἐπεθύ-

2320 4901 2484 4955 μησεν
2534 4878 2662 4934 ὶδεῐν
2715 4886 2808 4940 τὴν
2866 4883 3061 4955 ἡμέραν
3123 4881 3303 4954 αὐτοῦ,
3367 4885 3436 4947 ὡς
3485 4886 3722 4958 μείζονος
3787 4887 3911 4938 πάν-

2319 4991 2439 5032 τως.

2321 4793 2637 4868 ἀνθρώπινον
2704 4793 2864 4846 αὐτοῦ
2932 4795 3419 4866 σφηιασθήσεται.
3497 4795 3561 4850 Εἰ

1785 5273 1999 5342 Variaa
2036 5273 2366 5344 lectiones
2409 5283 2475 5342 et
2515 5282 2716 5341 notae.

631 5432 744 5506 (66)
780 5433 842 5488 ln
885 5436 1183 5506 contextu,
1212 5431 1327 5506 illo;
1356 5431 1416 5487 in
1451 5432 1580 5506 loco
1623 5433 1806 5506 codd.
1860 5434 2208 5506 Euthymius

561 5502 786 5576 habent
839 5503 1147 5576 vulgatum
1203 5502 1464 5576 ἀληθινός.
1526 5504 1640 5576 sed
1691 5502 2208 5576 Chrysostfrefert

563 5573 940 5648 alu6§;_'l‘om.
975 5574 1114 5640 Vill,
1136 5591 1204 5648 _p.
1237 5575 1359 5645 294,
1385 5576 1509 5642 295,
1542 5573 1874 5648 aliquoties.

629 5646 743 5715 (67)
768 5642 826 5696 Ὁ
856 5642 1172 5716 interponit
1201 5651 1268 5701 Α.

629 5716 742 5787 (68)
809 5721 913 5776 Τήν
995 5715 1164 5772 abest
1237 5722 1302 5772 A.
1394 5715 1660 5772 Refertur
1725 5717 1797 5774 ad
1863 5715 2069 5780 εἴδησιν
2117 5725 2206 5774 καὶ

2319 5443 2531 5507 γνῶσιν.

2414 5509 2502 5576 69)
2543 5505 2772 5560 Inclusa
2797 5504 3018 5560 absunt
3044 5506 3110 5558 A.

2415 5581 2502 5660 70)
2531 5578 2782 5660 ~Inclusa
2813 5577 3035 5633 absunt
3073 5579 3139 5632 A.
3174 5577 3390 5637 Ibidem
3424 5578 3656 5654 legitur,
3701 5581 3923 5660 προδια-

2321 5651 2667 5703 θυπωθεῐσαν.
