4120 6310
266 370 424 427 1305

1359 344 1714 424 COMMENT
1753 369 1821 425 IN
1859 368 2208 425 JOANNEM.
2250 399 2318 411 —
2356 369 2512 425 CAP.
2557 366 2652 425 IX.

3511 370 3650 426 1306

357 502 459 551 Καὶ
487 530 555 539 -
582 494 808 571 ἑώρακας
836 514 849 564 ;
874 495 1061 570 ⁸’ῼοντο
1087 496 1189 568 γὰρ
1222 491 1375 545 αὐτὸν
1408 484 1562 561 ἔγγὺς
1592 491 1720 547 εἶναι
1759 514 1870 548 πεν-

2059 496 2223 551 Vers.
2258 495 2546 550 57.Et—-
2596 492 2796 550 vidisti
2847 491 2876 547 ?
2929 492 3227 549 Putabant
3290 492 3449 548 enim
3505 509 3645 550 eum

265 592 509 646 τήκοντα
558 586 678 639 ἐτῶν
728 584 822 639 διὰ
871 591 964 642 τὴν
1020 585 1356 655 πολυπειρίαν
1414 580 1595 638 αὐτοῦ.
1642 586 1770 636 Τινὰ
1819 580 1878 636 δὲ

265 686 381 729 τῶν
434 676 546 747 (71)
600 676 923 751 ἀντιγράφων
963 677 1357 748 τεσσαράκοντα
1398 674 1710 749 γράφουσιν,
1753 674 1875 746 ὅπερ

267 762 430 818 δοκεῖ
456 765 835 839 ἀκριϐέστερον.

354 940 504 996 Εἶπεν
558 974 625 983 -
680 944 804 1005 εἰμι.
854 943 942 1005 Ὠς
1008 946 1155 1004 Θεός.
1213 947 1311 995 Καὶ
1369 941 1464 993 ούκ
1523 937 1680 1008 εἶπεν,
1744 940 1877 1010 Ἐγώ

268 1035 441 1104 ἥμην,
520 1030 624 1083 ἀλλ’
687 1033 816 1103 Ἐγώ
869 1032 977 1105 εἰμι
1018 1033 1043 1083 ὁ
1105 1030 1183 1084 ἀεὶ
1244 1035 1331 1082 ὧν.
1364 1033 1433 1083 Τὸ
1460 1032 1548 1097 μὶν
1598 1026 1685 1081 οὖν
1743 1032 1878 1101 γενέ-

272 1123 409 1172 σθαι
470 1124 819 1173 κτιστοῡ·τὸ
914 1117 972 1173 δε
1038 1121 1158 1193 Εἰμὶ
1237 1119 1487 1171 ἀκτίστου
1537 1120 1554 1190 [
1610 1124 1699 1171 καὶ
1761 1119 1876 1190 (Ἶ2)

268 1214 498 1262 κτίστου

352 1298 518 1373 Ἦραν
554 1327 611 1339 -
660 1298 837 1351 αὐτόν.
896 1301 960 1351 Οἱ
995 1306 1177 1370 ταχεῖς
1217 1302 1345 1372 πρὸς
1374 1301 1520 1370 φόνον
1550 1318 1562 1330 ·
1594 1296 1874 1371 Ἠγρίαναν

270 1390 383 1461 γὰρ
433 1384 676 1450 δόξαντες
726 1386 1042 1460 ὑϐρισθῆναι
1084 1392 1171 1439 τὸν
1229 1386 1467 1462 Ἀϐραὰμ
1509 1404 1521 1416 °
1557 1386 1667 1459 οἶμα
1696 1383 1875 1439 δὲκαὶ

270 1482 485 1549 γνόντες
515 1479 594 1530 ὅτι
624 1473 903 1535 ἀιδιότητα
941 1485 1073 1529 Θεοῦ
1098 1479 1426 1549 περιτίθησιν
1454 1475 1636 1546 ἐαυτῷ.

354 1656 560 1717 Ἰησοῦς
618 1652 677 1709 δὲ
724 1654 939 1728 ἐκρύϐη.
985 1656 1235 1729 Ἀόρατος
1292 1653 1470 1715 αὐτοῖς
1530 1658 1753 1712 κατέστη
1808 1660 1869 1725 τῇ

275 1745 495 1817 ἐξουσίᾳ
524 1753 615 1806 τῆς
655 1747 914 1806 θεότητος.

357 1840 455 1888 Καὶ
488 1838 646 1911 ἱεροῦ.
673 1841 784 1888 Ἵνα
811 1833 1114 1893 κατασταλῆ
1150 1835 1174 1886 ὁ
1210 1834 1372 1905 θυμὸς
1400 1832 1588 1887 αὐτῶν.

352 2013 566 2066 Διελθών
597 2045 665 2054 —
694 2013 883 2065 αὐτῶν.
938 2018 1024 2071 Μὴ
1071 2012 1367 2084 ἰσχυόντων
1400 2008 1528 2063 ἰδεῖν
1568 2011 1741 2066 αὐτόν.
1778 2017 1876 2067 Καὶ

276 2101 429 2157 διατί
480 2103 573 2155 ούκ
631 2102 861 2165 ἐξελυσεν
893 2102 1059 2155 αὐτῶν
1100 2106 1192 2159 τὴν
1243 2098 1463 2172 δύναμιν
1508 2105 1596 2153 καὶ
1655 2108 1882 2171 φανερῶς

276 2192 584 2265 ἀνεχώρησε
606 2209 618 2258 ;
653 2196 793 2245 Διότι
811 2194 918 2244 οὗθ’
943 2192 1101 2252 οὕτως
1124 2190 1325 2262 ἔμελλον
1356 2192 1636 2243 πιστεύειν.
1661 2193 1758 2243 Καὶ
1772 2192 1872 2263 γὰρ

275 2282 327 2335 ἐν
356 2291 425 2352 τῷ
455 2289 620 2355 καιρῷ
652 2289 743 2333 τοῦ
804 2282 1008 2342 Πάθους
1053 2282 1266 2341 ὑπτίους
1298 2280 1409 2349 (73)
1462 2279 1645 2339 αύτούς
1675 2278 1870 2353 ξόῥιψε,

275 2377 367 2423 καὶ
398 2375 491 2424 τὰς
512 2371 653 2441 ὄψεις
683 2371 851 2422 αὐτῶν
874 2369 1133 2433 ἔσκότισε,
1176 2375 1265 2421 καὶ
1296 2370 1387 2420 οὐκ
1418 2366 1748 2422 ἐπίστευσαν.
1772 2368 1871 2419 Οὗ-

277 2456 366 2512 δεν
396 2462 493 2532 γὰρ
525 2466 705 2530 χεῖρον
735 2457 923 2530 ψυχῆς
956 2456 1333 2528 ἁπεγνωκυίας.
1392 2455 1496 2509 Κᾶν
1544 2460 1645 2529 γὰρ
1680 2464 1873 2527 σημεῖα

274 2546 395 2621 ἴδη,
422 2547 516 2600 κᾶν
547 2552 757 2623 τέρατα,
787 2552 924 2620 μένει
953 2552 1046 2606 τὴν
1074 2548 1235 2606 αὐτὴν
1279 2550 1482 2619 ἔχουσα
1511 2546 1663 2598 πάλιν
1692 2544 1872 2597 ἀναισ-

274 2643 519 2711 χυντίαν.

354 2732 453 2780 Καὶ
480 2735 713 2799 παρῆγεν
734 2726 917 2787 οὕτως.
949 2724 1219 2788 Ἐϐοίδιξεν
1259 2726 1435 2793 οὕτως,
1471 2729 1541 2797 μὴ
1577 2728 1872 2797 φαινόμενος

277 2815 475 2876 αὐτοῖς.

529 2909 674 2957 ΚΕΦ.
718 2901 770 2958 Γ.
799 2908 921 2976 Περὶ
949 2910 1040 2956 τοῦ
1080 2903 1135 2957 ἐκ
1172 2912 1376 2974 γενετῆς
1406 2902 1619 2975 τυφλοῦ.

351 2996 451 3044 Καὶ
480 3023 549 3030 -
577 3001 801 3062 γενετῆς.
827 2992 1049 3045 Βεϐαιῶν
1079 2992 1115 3045 ἂ
1144 2990 1269 3058 εἷπε,
1302 2997 1391 3045 καὶ
1420 2995 1757 3063 πιστούμενος
1792 2992 1870 3043 ὅτι

1987 583 2171 640 ferme
2227 599 2358 639 esse
2410 583 3016 656 quinquagenarium,
3095 587 3338 654 prOpter
3391 583 3643 638 multam

1987 674 2119 746 ejus
2163 675 2437 745 peritiam
2486 678 2541 729 et
2586 674 3032 746 experientiam.
3103 672 3385 738 Quaedam
3442 678 3642 729 autem

1989 763 2354 834 exemplaria
2422 762 2661 828 habent,
2712 762 3141 834 quadraginta,
3186 761 3363 835 lquod
3411 761 3645 817 videtur

1988 868 2114 907 esse
2146 852 2357 908 verius.

2058 942 2219 996 Vers.
2300 945 2383 997 58.
2438 942 2611 997 Dixit
2676 971 2745 981 —-
2810 943 3304 1012 sum.Tanquam
3348 940 3521 995 Deus.
3579 941 3646 995 Et

1985 1045 2104 1085 non
2156 1031 2322 1095 dixit,
2385 1033 2505 1100 Ego
2547 1046 2712 1086 eram
2753 1049 2771 1102 ;
2806 1030 2931 1097 sed,
2982 1031 3107 1100 Ego
3132 1045 3279 1097 sum,
3336 1030 3435 1101 qui
3490 1044 3648 1085 sem-

1985 1136 2091 1190 per
2123 1136 2279 1175 sum.
2310 1121 2450 1177 Fieri
2480 1120 2770 1192 siquidem
2800 1120 2883 1175 rei
2916 1124 3125 1175 creatae
3156 1123 3274 1187 est;
3304 1121 3449 1175 Sum
3481 1134 3642 1184 vero,

1984 1208 2260 1265 increatre
2322 1215 2378 1265 et
2405 1215 2635 1265 creatae.

2056 1301 2218 1354 Vers.
2254 1300 2338 1355 59.
2382 1300 2672 1355 Tulerunt
2709 1331 2772 1340 ——
2804 1315 2952 1355 eum.
2976 1299 3223 1355 Veloces
3288 1298 3365 1354 ad
3396 1297 3640 1353 caadem.

1988 1390 2325 1460 Exasperati
2358 1394 2497 1445 sunt
2549 1388 2708 1443 enim
2757 1394 3034 1457 putantes
3081 1388 3299 1457 injuria
3363 1386 3642 1443 aﬁ‘ectum

1986 1494 2118 1533 esse
2176 1478 2478 1534 Abraham
2531 1496 2544 1531 :
2588 1478 2762 1533 simul
2811 1478 3007 1543 etiam,
3066 1477 3168 1533 ubi
3222 1478 3645 1547 cognovissent

1985 1566 2152 1639 quod
2180 1567 2278 1622 Dei
2310 1567 2689 1622 aeternitatem
2726 1567 2837 1621 sibi
2869 1566 3213 1622 vindicaret.

2059 1657 2222 1712 Vers.
2254 1658 2344 1713 59.
2376 1658 2535 1711 Jesus
2575 1663 2767 1711 autem
2792 1657 3121 1711 occultatus
3162 1661 3263 1711 est.
3294 1656 3403 1710 Per
3431 1655 3645 1710 divini-

1987 1748 2119 1803 tatis
2146 1747 2472 1819 potentiam
2504 1746 2811 1801 invisibilis
2864 1747 2949 1801 eis
2983 1745 3249 1801 effectus.

1912 1853 1952 1907 Β
2058 1838 2222 1891 Vers.
2250 1837 2339 1892 59.
2384 1837 2461 1891 Et
2491 1867 2557 1876 ——
2606 1835 2833 1904 templo.
2890 1837 2959 1891 Ut
3014 1834 3251 1890 illorum
3286 1834 3519 1889 sedaret
3552 1834 3640 1888 fu-

1988 1941 2181 1981 rorem
2192 1966 2203 1977 .

2060 2016 2223 2070 Vers.
2252 2020 2336 2071 59.
2372 2014 2770 2071 Pertransiens
2816 2045 2882 2056 -—-
2909 2015 3171 2069 illorum.
3206 2015 3347 2069 Cum
3380 2012 3461 2068 illi
3502 2028 3639 2068 eum

1987 2105 2185 2161 videre
2227 2120 2349 2160 non
2393 2107 2662 2175 possent.
2728 2106 2793 2157 Et
2833 2119 3018 2175 quare
3051 2118 3173 2158 non
3232 2102 3495 2158 dissolvit
3526 2101 3646 2157 illo-

1984 2209 2120 2250 rum
2151 2194 2448 2257 virtutem,
2483 2199 2539 2249 et
2600 2192 2915 2248 manifeste
2988 2192 3231 2247 recessit
3274 2191 3302 2245 i’
3349 2192 3492 2257 Quia
3536 2206 3645 2247 nec

1986 2283 2071 2338 sic
2119 2283 2396 2339 credituri
2469 2287 2658 2337 erant.
2735 2281 2961 2336 Etenim
3009 2286 3278 2351 tempore
3335 2280 3642 2351 passionis

1984 2373 2232 2445 supinos
2264 2372 2397 2428 illos
2427 2372 2656 2443 dejecit,
2708 2386 3039 2441 eorumque
3102 2375 3372 2439 aspectus
3429 2368 3644 2424 obscu-

1982 2464 2151 2527 ravit,
2198 2468 2253 2518 et
2300 2478 2421 2517 non
2472 2461 2869 2515 crediderunt.
2926 2462 3070 2514 Nam
3128 2459 3330 2514 anima
3382 2459 3642 2530 reproba

1982 2551 2129 2607 nihil
2158 2556 2244 2606 est
2273 2552 2446 2623 pejus
2476 2566 2489 2604 :
2521 2550 2653 2606 licet
2682 2548 2841 2604 enim
2883 2548 3058 2616 signa
3100 2548 3300 2603 videat
3337 2564 3407 2603 ac
3440 2546 3640 2618 prodi-

1982 2641 2094 2711 gia,
2126 2656 2291 2695 suam
2328 2644 2521 2695 tamen
2556 2653 2793 2709 semper
2822 2637 3034 2692 retinet
3063 2636 3529 2708 impudentiam.

2050 2731 2215 2785 Vers.
2252 2730 2320 2785 59
2362 2730 2440 2785 Et
2469 2729 2555 2785 ita
2579 2726 2941 2799 praeteribat.
2986 2726 3353 2782 Ambulabat
3387 2726 3486 2792 ita,
3518 2741 3641 2783 non

1981 2835 2275 2892 apparens
2311 2818 2446 2874 illis.

2337 2909 2489 2965 CAP.
2518 2909 2585 2963 X.
2618 2909 2697 2962 De
2725 2923 2859 2962 amco
2888 2923 2927 2961 α
2952 2906 3279 2962 nativitate.

2051 3000 2189 3072 Cap.
2239 2999 2336 3053 IX.
2391 3000 2534 3054 Vers
2572 3003 2617 3052 t.
2669 2997 2746 3052 Et
2790 3026 2859 3035 —
2889 2997 3219 3051 nativitate.
3271 2993 3644 3050 Conﬁrman-

277 3086 401 3142 Θεὸς
449 3078 610 3146 ἔστιν,
668 3081 817 3142 εύθύς
847 3084 1061 3156 ἔρχεται
1109 3081 1191 3135 ἐπὶ
1247 3083 1422 3154 θαῦμα
1472 3085 1739 3153 μέγιστον,
1781 3085 1869 3132 καὶ

1997 3088 2077 3153 io,
2127 3088 2291 3161 quod
2355 3088 2603 3151 dixerat,
2659 3086 2962 3157 ﬁdemque
2992 3084 3237 3149 faciens,
3277 3084 3441 3156 quod
3485 3084 3641 3140 Deus

276 3176 431 3237 μήπω
515 3174 679 3242 μέχρι
728 3174 843 3223 τότε
898 3176 1183 3243 γενόμενον.
1242 3170 1435 3244 Τυφλοὶ
1483 3175 1570 3243 μὲν
1623 3173 1724 3245 γὰρ
1780 3176 1868 3222 καὶ

276 3258 422 3311 ἄλλοι
480 3258 757 3330 ἀνέϐλεψαν
801 3275 811 3288 ·
856 3259 1043 3330 τυφλὸς
1098 3257 1157 3313 δὲ
1214 3260 1262 3312 ἐν
1310 3269 1515 3331 γενετῆς
1546 3262 1656 3331 (74)
1696 3256 1867 3321 οὐδεὶς

275 3351 408 3421 ἄχρι
428 3354 560 3402 τότε.
602 3352 688 3402 Διό
718 3353 806 3400 καὶ
832 3346 1121 3419 ἀναϐλέψας
1152 3349 1317 3421 ἔλεγεν

273 3437 365 3491 ούκ
396 3440 632 3497 ἠκούσθη
657 3439 737 3490 ὅτι
784 3437 953 3501 ἤνοιξέ
979 3457 1053 3498 τις
1092 3438 1384 3511 ὀφθαλμοὺς
1412 3439 1603 3511 τυφλοῦ
1633 3457 1867 3510 γεγεννη-

1368 3369 1380 3381 °
1417 3350 1502 3402 Ἐκ
1532 3357 1623 3402 τοῦ
1682 3350 1869 3410 αἰῶνος

273 3531 448 3600 μένου.

347 3800 448 3848 Καὶ
504 3826 572 3836 -
623 3797 840 3867 γεννηθῇ
875 3794 1199 3869 ;Ἐρωτῶσιν
1268 3795 1371 3867 οὐχ
1425 3797 1494 3857 ὡς
1542 3802 1694 3848 τοῦτο
1744 3797 1870 3848 πάν-

274 3902 369 3945 τως
426 3886 454 3943 ἣ
516 3886 675 3937 ἐκεῖνο
740 3884 1204 3956 ὑπολαμϐάνοντες,
1259 3886 1490 3959 καθάπερ
1546 3887 1594 3936 οἱ
1660 3883 1869 3944 ἀνόητοι

276 3970 527 4027 Ἰουδαῖοι
554 3988 567 4003 ’
595 3977 651 4026 τὸ
680 3976 771 4043 μεν
821 3976 922 4047 γὰρ
981 3974 1227 4045 ἁμαρτεῖν
1278 3977 1378 4047 πρὸ
1440 3980 1530 4026 τοῦ
1559 3976 1870 4045 γεννηθῆναι

276 4059 552 4130 ἀδύνατον,
585 4066 641 4114 τὸ
674 4058 732 4115 δὲ
758 4064 884 4137 ὑπὲρ
916 4071 1015 4114 τῶν
1043 4067 1231 4134 γονέων
1275 4062 1591 4124 κολάζεσθαι
1643 4060 1827 4116 ἄδικον
1853 4080 1865 4093 ⁸

276 4149 379 4203 ἀλλ’
412 4154 553 4202 ἔστιν
588 4152 613 4203 ὁ
641 4155 835 4213 σκοπὸς
884 4159 974 4205 τοῦ
1004 4151 1161 4223 λόγου
1184 4160 1438 4212 τοιοῦτος.
1495 4150 1552 4204 Ὀ
1578 4154 1666 4224 μεν
1699 4155 1868 4227 παροί-

272 4239 421 4301 λυτος
453 4235 545 4292 διὰ
586 4242 680 4301 τὰς
725 4240 980 4313 ἁμαρτίας
1033 4242 1192 4292 αὐτοῦ
1247 4242 1471 4309 ἠσθένει,
1531 4242 1703 4301 καθὼς
1768 4240 1872 4293 ἐκεῖ

274 4330 642 4402 μεμαθήκαμεν
693 4348 707 4363 ·
759 4334 876 4402 περὶ
926 4333 1105 4381 τούτου
1148 4327 1206 4382 δὲ
1260 4331 1371 4396 (75)
1412 4334 1464 4381 τί
1517 4330 1678 4401 λέγεις
1720 4347 1734 4396 ;
1785 4334 1870 4390 Τίς

1978 3182 2136 3233 esset
2175 3178 2372 3233 statim
2448 3178 2608 3232 venit
2660 3175 2735 3230 ad
2782 3173 3139 3230 miraculum
3194 3174 3548 3238 maximum,
3582 3178 3640 3228 et

1978 3284 2168 3339 usque
2199 3268 2272 3323 ad
2304 3267 2361 3321 id
2392 3266 2675 3337 temporis
2706 3279 3022 3335 nunquam
3056 3262 3297 3317 factum.
3331 3262 3638 3333 Siquidem

1977 3360 2033 3411 et
2080 3356 2174 3411 alii
2218 3356 2357 3411 caeci
2401 3355 2594 3410 visum
2649 3356 3017 3422 receperunt,
3060 3366 3266 3406 verum
3299 3350 3400 3422 qui
3453 3366 3486 3405 a
3534 3365 3639 3406 na-

1977 3444 2198 3501 tivitate
2251 3460 2444 3500 caecus
2498 3444 2722 3511 fuisset,
2774 3440 2974 3495 nullus
3042 3454 3231 3510 usque
3262 3438 3339 3492 ad
3384 3438 3443 3493 id
3498 3442 3642 3493 tem—

1977 3550 2110 3607 pus.
2145 3533 2282 3590 ldeo
2332 3533 2532 3597 etiam,
2592 3531 2694 3603 qui
2725 3530 2923 3584 visum
2982 3529 3050 3600 (j)
3082 3527 3319 3598 recepit,
3353 3526 3591 3582 dicebat
3622 3526 3638 3571 ε

1976 3623 2023 3678 Α
2059 3623 2271 3678 sacu'lo
2308 3637 2425 3675 non
2488 3626 2567 3676 est
2609 3620 2902 3682 auditum,
2957 3617 3111 3689 quod
3162 3615 3459 3685 aperuerit
3490 3616 3641 3687 quis-

1976 3712 2135 3781 piam
2170 3711 2359 3773 oculos
2383 3710 2515 3766 caci
2568 3708 2699 3763 nati
2746 3710 2814 3761 ⁸ο.

2050 3804 2216 3855 Vers.
2291 3803 2342 3853 2.
2401 3799 2479 3854 Et
2528 3803 2852 3853 nasceretur
2899 3797 2928 3852 ?
2995 3793 3460 3864 Interrogabaut.
3516 3809 3639 3849 non

1979 3889 2142 3961 quod
2195 3889 2306 3943 hoc
2337 3892 2440 3943 aut
2468 3886 2614 3942 illud
2642 3885 2890 3941 omnino
2914 3883 3378 3955 suspicarentur,
3438 3899 3640 3955 quem-

1979 3976 2309 4033 admodum
2377 3976 2723 4047 insipientes
2796 3973 3032 4038 Judazi;
3085 3987 3226 4027 nam
3288 3971 3450 4026 hunc
3506 3986 3641 4041 pec-

1980 4081 2167 4130 casse,
2241 4070 2566 4137 antequam
2625 4068 2802 4118 natus
2871 4066 3042 4125 esset,
3094 4059 3468 4130 impossibile
3515 4064 3640 4116 erat

1979 4171 2159 4228 porro
2183 4170 2290 4226 pro
2334 4153 2685 4224 parentibus
2752 4151 2951 4223 puniri
2984 4149 3271 4220 injustum
3314 4164 3328 4215 ;
3370 4149 3471 4203 sed
3503 4148 3636 4204 ﬁnis

1981 4244 2274 4299 sermonis
2329 4242 2456 4298 talis
2514 4246 2620 4297 est.
2674 4239 3037 4322 Paralyticus
3095 4237 3339 4309 quidem
3397 4242 3640 4309 propter

1979 4336 2227 4403 peccata
2265 4348 2374 4387 sua
2422 4330 2772 4399 aegrotabat,
2833 4328 2982 4383 sicut
3021 4327 3101 4382 ibi
3147 4326 3468 4381 didicimus
3506 4342 3518 4381 :
3564 4326 3637 4381 de

276 4419 520 4490 ἥμαρτεν,
576 4416 788 4477 οὗτοςῆ
842 4418 889 4469 οἱ
933 4424 1101 4488 γονεῖς
1168 4416 1325 4468 αὐτοῦ
1383 4419 1574 4489 ςὴμείς
1605 4419 1705 4489 γὰρ
1755 4418 1870 4469 οὔτε

1997 4438 2093 4476 lOC
2126 4426 2345 4480 autem.
2417 4419 2561 4477 auid
2621 4418 2769 4473 dicis
2818 4417 2845 4471 ?
2891 4418 3027 4485 Quis
3074 4416 3353 4483 peccavit,
3413 4414 3530 4477 hic,
3562 4429 3636 4471 an

273 4511 422 4556 τοῦτο
444 4508 559 4557 οὔτε
590 4503 747 4557 ἐκεῖνο
779 4501 1048 4577 δυνάμεθα
1085 4504 1266 4576 λέγειν,
1304 4505 1554 4565 παντελῶς
1586 4504 1870 4579 ἐξαπορού-

273 4612 434 4665 μενοι.

342 4780 389 4816 ³ο
409 4780 580 4837 Joan.
614 4797 693 4852 ix,
726 4781 812 4837 32.

1976 4515 2244 4579 parentes
2276 4512 2402 4579 ejus
2440 4507 2468 4562 ?
2518 4523 2628 4563 nos
2660 4506 2821 4562 enim
2848 4520 3043 4576 neque
3080 4503 3213 4565 hoc.
3268 4517 3462 4573 neque
3493 4502 3639 4557 illud

1979 4598 2171 4653 dicere
2224 4613 2568 4669 possumus,
2619 4595 2868 4651 omnino
2899 4590 3228 4649 conturbati
3261 4589 3634 4663 consilioque

1979 4686 2260 4743 destituti.

1473 4880 1696 4949 Variae
1726 4881 2055 4949 lectiones
2090 4891 2154 4949 et
2194 4889 2395 4950 notae.

338 5022 448 5092 (7t)
471 5021 701 5094 Scilicet
729 5022 1161 5094 Cbrysostomi,
1188 5022 1291 5094 qui
1312 5022 1595 5079 audacter
1622 5025 1703 5080 ita
1731 5039 1855 5079 cor-

271 5094 431 5166 rexit.
481 5093 624 5149 Vide
664 5098 805 5148 tom.
838 5093 978 5166 Vill,
1013 5109 1152 5166 pag.
1187 5093 1320 5166 324.
1363 5095 1859 5166 Cbrysostomum

269 5165 531 5236 sequitur
559 5180 712 5221 unus
728 5180 799 5220 ex
816 5164 1123 5236 codicibus
1150 5164 1605 5236 Mosquensi'bus
1629 5167 1857 5222 N.Test.

272 5251 323 5309 ιζ.
346 5234 446 5308 qui
480 5240 568 5290 est
591 5252 721 5309 cum
767 5235 1030 5309 scholiis.
1073 5234 1375 5304 Origenes,
1429 5237 1533 5309 qui
1564 5243 1711 5293 tom.
1756 5240 1857 5303 XX,

269 5308 324 5363 in
346 5306 634 5363 Joannem
668 5306 796 5361 haec
826 5308 967 5361 data
1003 5323 1186 5378 opera
1240 5306 1673 5378 interpretatur,
1698 5309 1860 5365 hunc

271 5394 503 5433 versum
562 5384 752 5433 totum
817 5380 1214 5448 praetermisit.
1262 5385 1585 5438 Πεντήκοντα
1619 5386 1860 5435 servant
1906 5398 1909 5399 ν

269 5449 462 5519 Cyrill.
498 5455 535 5504 t.
559 5450 683 5523 AlV,
712 5465 766 5518 p.
803 5450 903 5505 585
932 5451 990 5503 C.
1028 5451 1499 5523 ;_Theophylact.
1538 5466 1593 5523 p.
1636 5453 1741 5523 690
1775 5455 1813 5506 E
1844 5469 1857 5517 ;

310 5535 517 5595 everus
556 5520 615 5575 in
647 5522 869 5576 Catena
921 5520 1200 5589 Corderii,
1242 5520 1436 5595 p.243
1487 5541 1501 5591 ;
1537 5520 1593 5579 et
1621 5522 1856 5578 codices

310 5591 637 5647 robatiores
666 5608 891 5649 omnes.

340 5769 417 5840 (j)
451 5769 560 5838 Qui
590 5770 796 5828 visum.
833 5772 997 5831 Forte
1027 5768 1309 5845 legit,;6‘zé
1348 5773 1489 5829 καὶὸ
1543 5770 1852 5851 ἀναϐλέψας.

2036 5025 2149 5096 (7'2)
2183 5023 2416 5080 Inclusa
2457 5022 2693 5096 absunt
2723 5023 2789 5077 Α.
2825 5023 3079 5085 Κτίστης,
3110 5017 3421 5091 quomodo
3452 5019 3633 5096 etiam

1970 5093 2312 5152 Eustathius
2347 5095 2561 5157 scribit,
2592 5094 2699 5165 qui
2755 5110 2893 5149 cum
2954 5096 3138 5152 κτίτης
3164 5093 3496 5161 comparat.
3521 5106 3631 5165 pro

1970 5168 2334 5224 substantivo
2368 5163 2629 5239 accipio,
2674 5180 2811 5230 non,
2879 5168 2938 5220 ut
2989 5165 3297 5234 interpres,
3331 5176 3439 5232 pro
3469 5163 3631 5222 adie-

1970 5241 2149 5295 ctivo.

2041 5311 2153 5383 (73)
2173 5312 2255 5366 Ita
2284 5309 2632 5382 plerumque
2648 5307 3109 5378 Chrysostomus
3127 5311 3381 5369 oratorie
3404 5311 3634 5377 laudat,

1967 5382 2137 5436 Joan.
2174 5398 2331 5437 xvm.
2364 5386 2416 5445 6,
2441 5384 2624 5434 ἔπεσον
2656 5385 2853 5452 χαμαί,

2038 5454 2427 5520 (74)Γεννητῆς.

2041 5524 2154 5595 (75)
2178 5528 2237 5578 Ai
2269 5524 2440 5582 abest
2481 5532 2548 5579 Α.
