  <div class='ocr_page' id='page_1' title='image "/cluster/home/n/w/nwhite01/storage/ocr_20150623/129/mdp.39015061528470/691.png"; bbox 0 0 4120 6310; ppageno 0'>
   <div class='ocr_carea' id='block_1_1' title="bbox 524 354 656 411">
    <p class='ocr_par' dir='ltr' id='par_1_1' title="bbox 524 354 656 411">
     <span class='ocr_line' id='line_1_1' title="bbox 524 354 656 411; baseline 0.008 -1"><span class='ocrx_word' id='word_1_1' title='bbox 524 354 543 410; x_wconf 71' lang='grc' dir='ltr'><strong>Ι</strong></span> <span class='ocrx_word' id='word_1_2' title='bbox 556 357 656 411; x_wconf 87' lang='lat'>307</span> 
     </span>
    </p>
   </div>
   <div class='ocr_carea' id='block_1_2' title="bbox 519 573 2180 654">
    <p class='ocr_par' dir='ltr' id='par_1_2' title="bbox 519 573 2180 654">
     <span class='ocr_line' id='line_1_2' title="bbox 519 573 2180 654; baseline 0.007 -28"><span class='ocrx_word' id='word_1_3' title='bbox 519 573 665 628; x_wconf 87' lang='lat' dir='ltr'>catis</span> <span class='ocrx_word' id='word_1_4' title='bbox 689 573 800 630; x_wconf 89' lang='lat' dir='ltr'>hos</span> <span class='ocrx_word' id='word_1_5' title='bbox 856 576 997 633; x_wconf 83' lang='lat' dir='ltr'>dicit</span> <span class='ocrx_word' id='word_1_6' title='bbox 1047 593 1176 635; x_wconf 86' lang='lat' dir='ltr'>esse</span> <span class='ocrx_word' id='word_1_7' title='bbox 1229 579 1553 645; x_wconf 90' lang='lat' dir='ltr'>immunes,</span> <span class='ocrx_word' id='word_1_8' title='bbox 1610 581 1715 636; x_wconf 90' lang='lat' dir='ltr'>sed</span> <span class='ocrx_word' id='word_1_9' title='bbox 1774 586 2075 654; x_wconf 90' lang='lat' dir='ltr'>quantum</span> <span class='ocrx_word' id='word_1_10' title='bbox 2100 581 2180 637; x_wconf 90' lang='lat' dir='ltr'>ad</span> 
     </span>
    </p>
   </div>
   <div class='ocr_carea' id='block_1_3' title="bbox 519 660 2179 742">
    <p class='ocr_par' dir='ltr' id='par_1_3' title="bbox 519 660 2179 742">
     <span class='ocr_line' id='line_1_3' title="bbox 519 660 2179 742; baseline 0.007 -26"><span class='ocrx_word' id='word_1_11' title='bbox 519 660 599 727; x_wconf 89' lang='lat' dir='ltr'>id,</span> <span class='ocrx_word' id='word_1_12' title='bbox 634 666 699 718; x_wconf 90' lang='lat' dir='ltr'>ut</span> <span class='ocrx_word' id='word_1_13' title='bbox 726 679 920 720; x_wconf 72' lang='lat' dir='ltr'>caecus</span> <span class='ocrx_word' id='word_1_14' title='bbox 949 665 1135 733; x_wconf 84' lang='lat' dir='ltr'>ﬁeret,</span> <span class='ocrx_word' id='word_1_15' title='bbox 1194 673 1251 725; x_wconf 88' lang='lat' dir='ltr'>et</span> <span class='ocrx_word' id='word_1_16' title='bbox 1276 668 1409 725; x_wconf 90' lang='lat' dir='ltr'>illos</span> <span class='ocrx_word' id='word_1_17' title='bbox 1438 674 1495 726; x_wconf 90' lang='lat' dir='ltr'>et</span> <span class='ocrx_word' id='word_1_18' title='bbox 1546 670 1706 726; x_wconf 90' lang='lat' dir='ltr'>hunc</span> <span class='ocrx_word' id='word_1_19' title='bbox 1764 671 1893 726; x_wconf 84' lang='lat' dir='ltr'><strong>sine</strong></span> <span class='ocrx_word' id='word_1_20' title='bbox 1931 674 2179 742; x_wconf 89' lang='lat' dir='ltr'>peccato</span> 
     </span>
    </p>
   </div>
   <div class='ocr_carea' id='block_1_4' title="bbox 517 753 908 812">
    <p class='ocr_par' dir='ltr' id='par_1_4' title="bbox 517 753 908 812">
     <span class='ocr_line' id='line_1_4' title="bbox 517 753 908 812; baseline 0.01 -5"><span class='ocrx_word' id='word_1_21' title='bbox 517 765 648 807; x_wconf 90' lang='lat' dir='ltr'>esse</span> <span class='ocrx_word' id='word_1_22' title='bbox 676 753 908 812; x_wconf 80' lang='lat' dir='ltr'>asserit.</span> 
     </span>
    </p>
   </div>
   <div class='ocr_carea' id='block_1_5' title="bbox 590 841 2177 923">
    <p class='ocr_par' dir='ltr' id='par_1_5' title="bbox 590 841 2177 923">
     <span class='ocr_line' id='line_1_5' title="bbox 590 841 2177 923; baseline 0.005 -28"><span class='ocrx_word' id='word_1_23' title='bbox 590 842 732 897; x_wconf 85' lang='lat' dir='ltr'>Hinc</span> <span class='ocrx_word' id='word_1_24' title='bbox 762 841 962 916; x_wconf 79' lang='lat' dir='ltr'>itaque</span> <span class='ocrx_word' id='word_1_25' title='bbox 992 844 1301 913; x_wconf 90' lang='lat' dir='ltr'>discimus,</span> <span class='ocrx_word' id='word_1_26' title='bbox 1349 849 1515 922; x_wconf 90' lang='lat' dir='ltr'>quod</span> <span class='ocrx_word' id='word_1_27' title='bbox 1548 864 1658 921; x_wconf 88' lang='lat' dir='ltr'>pro</span> <span class='ocrx_word' id='word_1_28' title='bbox 1697 848 2045 923; x_wconf 89' lang='lat' dir='ltr'>parentibus</span> <span class='ocrx_word' id='word_1_29' title='bbox 2072 848 2177 922; x_wconf 88' lang='lat' dir='ltr'>qui</span> 
     </span>
    </p>
   </div>
   <div class='ocr_carea' id='block_1_6' title="bbox 514 937 2177 1011">
    <p class='ocr_par' dir='ltr' id='par_1_6' title="bbox 514 937 2177 1011">
     <span class='ocr_line' id='line_1_6' title="bbox 514 937 2177 1011; baseline 0.007 -27"><span class='ocrx_word' id='word_1_30' title='bbox 514 937 915 1000; x_wconf 87' lang='lat' dir='ltr'>peccaverunt</span> <span class='ocrx_word' id='word_1_31' title='bbox 935 950 1057 991; x_wconf 92' lang='lat' dir='ltr'>non</span> <span class='ocrx_word' id='word_1_32' title='bbox 1078 938 1408 1009; x_wconf 88' lang='lat' dir='ltr'>puniuntur</span> <span class='ocrx_word' id='word_1_33' title='bbox 1452 938 1580 995; x_wconf 88' lang='lat' dir='ltr'>ﬁlii.</span> <span class='ocrx_word' id='word_1_34' title='bbox 1608 940 1965 1011; x_wconf 77' lang='lat' dir='ltr'>Quanquam</span> <span class='ocrx_word' id='word_1_35' title='bbox 2015 938 2177 995; x_wconf 89' lang='lat' dir='ltr'>enim</span> 
     </span>
    </p>
   </div>
   <div class='ocr_carea' id='block_1_7' title="bbox 514 1019 2177 1100">
    <p class='ocr_par' dir='ltr' id='par_1_7' title="bbox 514 1019 2177 1100">
     <span class='ocr_line' id='line_1_7' title="bbox 514 1019 2177 1100; baseline 0.006 -26"><span class='ocrx_word' id='word_1_36' title='bbox 514 1019 576 1075; x_wconf 78' lang='lat' dir='ltr'>in</span> <span class='ocrx_word' id='word_1_37' title='bbox 631 1020 779 1077; x_wconf 92' lang='lat' dir='ltr'>libro</span> <span class='ocrx_word' id='word_1_38' title='bbox 832 1024 1017 1079; x_wconf 83' lang='lat' dir='ltr'>Exodi</span> <span class='ocrx_word' id='word_1_39' title='bbox 1062 1027 1135 1082; x_wconf 93' lang='lat' dir='ltr'>de</span> <span class='ocrx_word' id='word_1_40' title='bbox 1193 1026 1311 1083; x_wconf 90' lang='lat' dir='ltr'>Deo</span> <span class='ocrx_word' id='word_1_41' title='bbox 1359 1028 1648 1100; x_wconf 88' lang='lat' dir='ltr'>scriptum</span> <span class='ocrx_word' id='word_1_42' title='bbox 1694 1033 1785 1085; x_wconf 88' lang='lat' dir='ltr'>est</span> <span class='ocrx_word' id='word_1_43' title='bbox 1839 1046 1852 1084; x_wconf 92' lang='lat'><strong>:</strong></span> <span class='ocrx_word' id='word_1_44' title='bbox 1915 1029 2177 1085; x_wconf 85' lang='lat' dir='ltr'>Reddens</span> 
     </span>
    </p>
   </div>
   <div class='ocr_carea' id='block_1_8' title="bbox 510 1114 2177 1191">
    <p class='ocr_par' dir='ltr' id='par_1_8' title="bbox 510 1114 2177 1191">
     <span class='ocr_line' id='line_1_8' title="bbox 510 1114 2177 1191; baseline 0.006 -26"><span class='ocrx_word' id='word_1_45' title='bbox 510 1118 1006 1180; x_wconf 82' lang='lat' dir='ltr'>peccatapatrum</span> <span class='ocrx_word' id='word_1_46' title='bbox 1037 1114 1101 1170; x_wconf 85' lang='lat' dir='ltr'>in</span> <span class='ocrx_word' id='word_1_47' title='bbox 1126 1117 1299 1183; x_wconf 77' lang='lat' dir='ltr'>ﬁlios,</span> <span class='ocrx_word' id='word_1_48' title='bbox 1330 1117 1395 1174; x_wconf 88' lang='lat' dir='ltr'>in</span> <span class='ocrx_word' id='word_1_49' title='bbox 1434 1119 1671 1175; x_wconf 78' lang='lat' dir='ltr'>tertiam</span> <span class='ocrx_word' id='word_1_50' title='bbox 1698 1125 1751 1175; x_wconf 92' lang='lat' dir='ltr'>et</span> <span class='ocrx_word' id='word_1_51' title='bbox 1778 1124 2056 1191; x_wconf 78' lang='lat' dir='ltr'>quartam</span> <span class='ocrx_word' id='word_1_52' title='bbox 2081 1133 2177 1189; x_wconf 85' lang='lat' dir='ltr'>ge-</span> 
     </span>
    </p>
   </div>
   <div class='ocr_carea' id='block_1_9' title="bbox 514 1200 2172 1281">
    <p class='ocr_par' dir='ltr' id='par_1_9' title="bbox 514 1200 2172 1281">
     <span class='ocr_line' id='line_1_9' title="bbox 514 1200 2172 1281; baseline 0.005 -27"><span class='ocrx_word' id='word_1_53' title='bbox 514 1200 879 1258; x_wconf 83' lang='lat' dir='ltr'>nerationem</span> <span class='ocrx_word' id='word_1_54' title='bbox 911 1205 980 1273; x_wconf 65' lang='lat'>3&#39;,</span> <span class='ocrx_word' id='word_1_55' title='bbox 1028 1208 1232 1261; x_wconf 91' lang='lat' dir='ltr'>tamen</span> <span class='ocrx_word' id='word_1_56' title='bbox 1280 1214 1525 1281; x_wconf 80' lang='lat' dir='ltr'>propter</span> <span class='ocrx_word' id='word_1_57' title='bbox 1563 1207 1723 1265; x_wconf 89' lang='lat' dir='ltr'>solos</span> <span class='ocrx_word' id='word_1_58' title='bbox 1767 1208 1900 1264; x_wconf 88' lang='lat' dir='ltr'>illos</span> <span class='ocrx_word' id='word_1_59' title='bbox 1946 1208 2172 1264; x_wconf 87' lang='lat' dir='ltr'>dictum</span> 
     </span>
    </p>
   </div>
   <div class='ocr_carea' id='block_1_10' title="bbox 515 1289 2175 1368">
    <p class='ocr_par' dir='ltr' id='par_1_10' title="bbox 515 1289 2175 1368">
     <span class='ocr_line' id='line_1_10' title="bbox 515 1289 2175 1368; baseline 0.007 -27"><span class='ocrx_word' id='word_1_60' title='bbox 515 1293 622 1354; x_wconf 85' lang='lat' dir='ltr'>est,</span> <span class='ocrx_word' id='word_1_61' title='bbox 668 1289 773 1360; x_wconf 88' lang='lat' dir='ltr'>qui</span> <span class='ocrx_word' id='word_1_62' title='bbox 824 1291 904 1347; x_wconf 90' lang='lat' dir='ltr'>ab</span> <span class='ocrx_word' id='word_1_63' title='bbox 949 1293 1228 1351; x_wconf 88' lang='lat' dir='ltr'>Israelitis</span> <span class='ocrx_word' id='word_1_64' title='bbox 1277 1297 1591 1368; x_wconf 76' lang='lat' dir='ltr'>progeniti,</span> <span class='ocrx_word' id='word_1_65' title='bbox 1624 1302 1821 1353; x_wconf 80' lang='lat' dir='ltr'>essent</span> <span class='ocrx_word' id='word_1_66' title='bbox 1862 1296 2036 1352; x_wconf 84' lang='lat' dir='ltr'>idolis</span> <span class='ocrx_word' id='word_1_67' title='bbox 2067 1297 2175 1352; x_wconf 88' lang='lat' dir='ltr'>im-</span> 
     </span>
    </p>
   </div>
   <div class='ocr_carea' id='block_1_11' title="bbox 514 1376 2173 1459">
    <p class='ocr_par' dir='ltr' id='par_1_11' title="bbox 514 1376 2173 1459">
     <span class='ocr_line' id='line_1_11' title="bbox 514 1376 2173 1459; baseline 0.006 -27"><span class='ocrx_word' id='word_1_68' title='bbox 514 1376 814 1434; x_wconf 89' lang='lat' dir='ltr'>molaturi.</span> <span class='ocrx_word' id='word_1_69' title='bbox 849 1383 997 1437; x_wconf 89' lang='lat' dir='ltr'>Nam</span> <span class='ocrx_word' id='word_1_70' title='bbox 1045 1386 1188 1456; x_wconf 84' lang='lat' dir='ltr'>quia</span> <span class='ocrx_word' id='word_1_71' title='bbox 1237 1386 1447 1442; x_wconf 91' lang='lat' dir='ltr'>imitati</span> <span class='ocrx_word' id='word_1_72' title='bbox 1508 1386 1751 1443; x_wconf 85' lang='lat' dir='ltr'>fuerunt</span> <span class='ocrx_word' id='word_1_73' title='bbox 1805 1386 2173 1459; x_wconf 85' lang='lat' dir='ltr'>impietatem</span> 
     </span>
    </p>
   </div>
   <div class='ocr_carea' id='block_1_12' title="bbox 512 1471 2175 1547">
    <p class='ocr_par' dir='ltr' id='par_1_12' title="bbox 512 1471 2175 1547">
     <span class='ocr_line' id='line_1_12' title="bbox 512 1471 2175 1547; baseline 0.006 -25"><span class='ocrx_word' id='word_1_74' title='bbox 512 1471 834 1539; x_wconf 87' lang='lat' dir='ltr'>parentum</span> <span class='ocrx_word' id='word_1_75' title='bbox 881 1486 1151 1535; x_wconf 88' lang='lat' dir='ltr'>suorum.</span> <span class='ocrx_word' id='word_1_76' title='bbox 1193 1475 1297 1546; x_wconf 90' lang='lat' dir='ltr'>qui</span> <span class='ocrx_word' id='word_1_77' title='bbox 1322 1475 1382 1531; x_wconf 92' lang='lat' dir='ltr'>in</span> <span class='ocrx_word' id='word_1_78' title='bbox 1417 1475 1642 1547; x_wconf 80' lang='lat' dir='ltr'>Egypto</span> <span class='ocrx_word' id='word_1_79' title='bbox 1696 1476 2019 1534; x_wconf 65' lang='lat' dir='ltr'>idololatria</span> <span class='ocrx_word' id='word_1_80' title='bbox 2050 1474 2175 1532; x_wconf 86' lang='lat' dir='ltr'>fue-</span> 
     </span>
    </p>
   </div>
   <div class='ocr_carea' id='block_1_13' title="bbox 512 1560 2175 1635">
    <p class='ocr_par' dir='ltr' id='par_1_13' title="bbox 512 1560 2175 1635">
     <span class='ocr_line' id='line_1_13' title="bbox 512 1560 2175 1635; baseline 0.008 -24"><span class='ocrx_word' id='word_1_81' title='bbox 512 1561 667 1620; x_wconf 83' lang='lat' dir='ltr'><strong>rant,</strong></span> <span class='ocrx_word' id='word_1_82' title='bbox 696 1560 906 1615; x_wconf 88' lang='lat' dir='ltr'>merito</span> <span class='ocrx_word' id='word_1_83' title='bbox 945 1561 1304 1635; x_wconf 87' lang='lat' dir='ltr'>supplicium</span> <span class='ocrx_word' id='word_1_84' title='bbox 1346 1564 1584 1622; x_wconf 88' lang='lat' dir='ltr'>illorum</span> <span class='ocrx_word' id='word_1_85' title='bbox 1637 1566 1897 1623; x_wconf 84' lang='lat' dir='ltr'>reddidit</span> <span class='ocrx_word' id='word_1_86' title='bbox 1940 1568 2064 1623; x_wconf 90' lang='lat' dir='ltr'>eis:</span> <span class='ocrx_word' id='word_1_87' title='bbox 2100 1568 2175 1624; x_wconf 84' lang='lat' dir='ltr'>si-</span> 
     </span>
    </p>
   </div>
   <div class='ocr_carea' id='block_1_14' title="bbox 512 1646 2171 1725">
    <p class='ocr_par' dir='ltr' id='par_1_14' title="bbox 512 1646 2171 1725">
     <span class='ocr_line' id='line_1_14' title="bbox 512 1646 2171 1725; baseline 0.008 -25"><span class='ocrx_word' id='word_1_88' title='bbox 512 1646 755 1719; x_wconf 87' lang='lat' dir='ltr'>quidem</span> <span class='ocrx_word' id='word_1_89' title='bbox 810 1665 1069 1721; x_wconf 88' lang='lat' dir='ltr'>quorum</span> <span class='ocrx_word' id='word_1_90' title='bbox 1122 1653 1378 1725; x_wconf 66' lang='lat' dir='ltr'>aequalia</span> <span class='ocrx_word' id='word_1_91' title='bbox 1426 1655 1587 1711; x_wconf 85' lang='lat' dir='ltr'>fuere</span> <span class='ocrx_word' id='word_1_92' title='bbox 1659 1656 1891 1723; x_wconf 86' lang='lat' dir='ltr'>delicta,</span> <span class='ocrx_word' id='word_1_93' title='bbox 1951 1658 2171 1714; x_wconf 86' lang='lat' dir='ltr'>horum</span> 
     </span>
    </p>
   </div>
   <div class='ocr_carea' id='block_1_15' title="bbox 508 1736 2171 1816">
    <p class='ocr_par' dir='ltr' id='par_1_15' title="bbox 508 1736 2171 1816">
     <span class='ocr_line' id='line_1_15' title="bbox 508 1736 2171 1816; baseline 0.008 -25"><span class='ocrx_word' id='word_1_94' title='bbox 508 1736 770 1808; x_wconf 61' lang='lat' dir='ltr'>aequalia</span> <span class='ocrx_word' id='word_1_95' title='bbox 805 1754 1048 1813; x_wconf 90' lang='lat' dir='ltr'>quoque</span> <span class='ocrx_word' id='word_1_96' title='bbox 1084 1749 1222 1799; x_wconf 90' lang='lat' dir='ltr'>sunt</span> <span class='ocrx_word' id='word_1_97' title='bbox 1258 1743 1573 1816; x_wconf 86' lang='lat' dir='ltr'>supplicia.</span> <span class='ocrx_word' id='word_1_98' title='bbox 1623 1747 2006 1803; x_wconf 86' lang='lat' dir='ltr'>Postmodum</span> <span class='ocrx_word' id='word_1_99' title='bbox 2030 1763 2171 1804; x_wconf 87' lang='lat' dir='ltr'>vero</span> 
     </span>
    </p>
   </div>
   <div class='ocr_carea' id='block_1_16' title="bbox 511 1825 2430 1908">
    <p class='ocr_par' dir='ltr' id='par_1_16' title="bbox 511 1825 2430 1908">
     <span class='ocr_line' id='line_1_16' title="bbox 511 1825 2430 1908; baseline 0.002 -28"><span class='ocrx_word' id='word_1_100' title='bbox 511 1825 702 1897; x_wconf 80' lang='lat' dir='ltr'>legem</span> <span class='ocrx_word' id='word_1_101' title='bbox 731 1832 1021 1899; x_wconf 88' lang='lat' dir='ltr'>statuens,</span> <span class='ocrx_word' id='word_1_102' title='bbox 1075 1832 1155 1887; x_wconf 87' lang='lat' dir='ltr'>ait</span> <span class='ocrx_word' id='word_1_103' title='bbox 1215 1849 1323 1904; x_wconf 87' lang='lat' dir='ltr'>per</span> <span class='ocrx_word' id='word_1_104' title='bbox 1373 1836 1569 1891; x_wconf 85' lang='lat' dir='ltr'>Mosen</span> <span class='ocrx_word' id='word_1_105' title='bbox 1605 1857 1618 1893; x_wconf 91' lang='lat'><strong>:</strong></span> <span class='ocrx_word' id='word_1_106' title='bbox 1648 1838 1784 1893; x_wconf 87' lang='lat' dir='ltr'>Non</span> <span class='ocrx_word' id='word_1_107' title='bbox 1838 1838 2173 1894; x_wconf 83' lang='lat' dir='ltr'>morientur</span> <span class='ocrx_word' id='word_1_108' title='bbox 2213 1853 2254 1908; x_wconf 78' lang='grc' dir='ltr'><strong>Β</strong></span> <span class='ocrx_word' id='word_1_109' title='bbox 2283 1837 2365 1885; x_wconf 89' lang='grc' dir='ltr'>σίν</span> <span class='ocrx_word' id='word_1_110' title='bbox 2418 1853 2430 1864; x_wconf 92' lang='grc'>·</span> 
     </span>
    </p>
   </div>
   <div class='ocr_carea' id='block_1_17' title="bbox 508 1916 2171 1994">
    <p class='ocr_par' dir='ltr' id='par_1_17' title="bbox 508 1916 2171 1994">
     <span class='ocr_line' id='line_1_17' title="bbox 508 1916 2171 1994; baseline 0.008 -25"><span class='ocrx_word' id='word_1_111' title='bbox 508 1916 626 1983; x_wconf 84' lang='lat' dir='ltr'>ﬁlii</span> <span class='ocrx_word' id='word_1_112' title='bbox 652 1932 764 1985; x_wconf 83' lang='lat' dir='ltr'>pro</span> <span class='ocrx_word' id='word_1_113' title='bbox 817 1919 1113 1988; x_wconf 77' lang='lat' dir='ltr'>patribus,</span> <span class='ocrx_word' id='word_1_114' title='bbox 1166 1937 1355 1994; x_wconf 87' lang='lat' dir='ltr'>neque</span> <span class='ocrx_word' id='word_1_115' title='bbox 1398 1931 1599 1991; x_wconf 83' lang='lat' dir='ltr'>patres</span> <span class='ocrx_word' id='word_1_116' title='bbox 1640 1941 1752 1993; x_wconf 89' lang='lat' dir='ltr'>pro</span> <span class='ocrx_word' id='word_1_117' title='bbox 1811 1926 1955 1994; x_wconf 82' lang='lat' dir='ltr'>filiis</span> <span class='ocrx_word' id='word_1_118' title='bbox 2001 1928 2069 1979; x_wconf 75' lang='grc'>⁸³.</span> <span class='ocrx_word' id='word_1_119' title='bbox 2106 1929 2171 1982; x_wconf 85' lang='lat' dir='ltr'>Et</span> 
     </span>
    </p>
   </div>
   <div class='ocr_carea' id='block_1_18' title="bbox 511 2008 2170 2082">
    <p class='ocr_par' dir='ltr' id='par_1_18' title="bbox 511 2008 2170 2082">
     <span class='ocr_line' id='line_1_18' title="bbox 511 2008 2170 2082; baseline 0.009 -24"><span class='ocrx_word' id='word_1_120' title='bbox 511 2020 719 2059; x_wconf 82' lang='lat' dir='ltr'>rursus</span> <span class='ocrx_word' id='word_1_121' title='bbox 741 2021 842 2077; x_wconf 86' lang='lat' dir='ltr'>per</span> <span class='ocrx_word' id='word_1_122' title='bbox 864 2008 1125 2063; x_wconf 84' lang='lat' dir='ltr'>Ezechiel</span> <span class='ocrx_word' id='word_1_123' title='bbox 1155 2011 1297 2067; x_wconf 88' lang='lat' dir='ltr'>dicit</span> <span class='ocrx_word' id='word_1_124' title='bbox 1325 2028 1336 2066; x_wconf 93' lang='lat'>:</span> <span class='ocrx_word' id='word_1_125' title='bbox 1369 2013 1503 2079; x_wconf 66' lang='lat' dir='ltr'>Quae</span> <span class='ocrx_word' id='word_1_126' title='bbox 1540 2014 1699 2070; x_wconf 80' lang='lat' dir='ltr'>vobis</span> <span class='ocrx_word' id='word_1_127' title='bbox 1744 2022 1826 2071; x_wconf 84' lang='lat' dir='ltr'>est</span> <span class='ocrx_word' id='word_1_128' title='bbox 1871 2015 2170 2082; x_wconf 87' lang='lat' dir='ltr'>parabola</span> 
     </span>
    </p>
   </div>
   <div class='ocr_carea' id='block_1_19' title="bbox 512 2093 2168 2165">
    <p class='ocr_par' dir='ltr' id='par_1_19' title="bbox 512 2093 2168 2165">
     <span class='ocr_line' id='line_1_19' title="bbox 512 2093 2168 2165; baseline 0.007 -17"><span class='ocrx_word' id='word_1_129' title='bbox 512 2093 636 2149; x_wconf 70' lang='lat' dir='ltr'>haec</span> <span class='ocrx_word' id='word_1_130' title='bbox 674 2093 737 2148; x_wconf 82' lang='lat' dir='ltr'>in</span> <span class='ocrx_word' id='word_1_131' title='bbox 780 2102 945 2152; x_wconf 84' lang='lat' dir='ltr'>terra</span> <span class='ocrx_word' id='word_1_132' title='bbox 990 2098 1201 2165; x_wconf 81' lang='lat' dir='ltr'>Israel,</span> <span class='ocrx_word' id='word_1_133' title='bbox 1256 2107 1323 2156; x_wconf 84' lang='lat' dir='ltr'>ut</span> <span class='ocrx_word' id='word_1_134' title='bbox 1370 2102 1604 2163; x_wconf 84' lang='lat' dir='ltr'>dicatis.</span> <span class='ocrx_word' id='word_1_135' title='bbox 1658 2105 1871 2162; x_wconf 76' lang='lat' dir='ltr'>Patres</span> <span class='ocrx_word' id='word_1_136' title='bbox 1919 2106 2168 2162; x_wconf 81' lang='lat' dir='ltr'>comede-</span> 
     </span>
    </p>
   </div>
   <div class='ocr_carea' id='block_1_20' title="bbox 509 2185 2169 2263">
    <p class='ocr_par' dir='ltr' id='par_1_20' title="bbox 509 2185 2169 2263">
     <span class='ocr_line' id='line_1_20' title="bbox 509 2185 2169 2263; baseline 0.009 -27"><span class='ocrx_word' id='word_1_137' title='bbox 509 2185 652 2238; x_wconf 82' lang='lat' dir='ltr'>runt</span> <span class='ocrx_word' id='word_1_138' title='bbox 682 2198 852 2239; x_wconf 87' lang='lat' dir='ltr'>uvam</span> <span class='ocrx_word' id='word_1_139' title='bbox 896 2192 1193 2255; x_wconf 80' lang='lat' dir='ltr'>acerbam,</span> <span class='ocrx_word' id='word_1_140' title='bbox 1245 2194 1299 2246; x_wconf 90' lang='lat' dir='ltr'>et</span> <span class='ocrx_word' id='word_1_141' title='bbox 1327 2191 1529 2248; x_wconf 83' lang='lat' dir='ltr'>dentes</span> <span class='ocrx_word' id='word_1_142' title='bbox 1557 2192 1816 2263; x_wconf 82' lang='lat' dir='ltr'>ﬁliorum</span> <span class='ocrx_word' id='word_1_143' title='bbox 1859 2195 2169 2263; x_wconf 85' lang='lat' dir='ltr'>obstupue-</span> 
     </span>
    </p>
   </div>
   <div class='ocr_carea' id='block_1_21' title="bbox 509 2274 2170 2353">
    <p class='ocr_par' dir='ltr' id='par_1_21' title="bbox 509 2274 2170 2353">
     <span class='ocr_line' id='line_1_21' title="bbox 509 2274 2170 2353; baseline 0.008 -26"><span class='ocrx_word' id='word_1_144' title='bbox 509 2278 694 2328; x_wconf 83' lang='lat' dir='ltr'>runt?</span> <span class='ocrx_word' id='word_1_145' title='bbox 745 2274 884 2330; x_wconf 80' lang='lat' dir='ltr'>Vivo</span> <span class='ocrx_word' id='word_1_146' title='bbox 908 2291 1033 2345; x_wconf 88' lang='lat' dir='ltr'>ego,</span> <span class='ocrx_word' id='word_1_147' title='bbox 1059 2277 1203 2334; x_wconf 86' lang='lat' dir='ltr'>dicit</span> <span class='ocrx_word' id='word_1_148' title='bbox 1236 2281 1538 2346; x_wconf 79' lang='lat' dir='ltr'>Dominus,</span> <span class='ocrx_word' id='word_1_149' title='bbox 1564 2282 1617 2338; x_wconf 88' lang='lat' dir='ltr'>si</span> <span class='ocrx_word' id='word_1_150' title='bbox 1639 2284 1752 2339; x_wconf 85' lang='lat' dir='ltr'>erit</span> <span class='ocrx_word' id='word_1_151' title='bbox 1773 2284 2047 2353; x_wconf 84' lang='lat' dir='ltr'>deinceps</span> <span class='ocrx_word' id='word_1_152' title='bbox 2063 2300 2170 2353; x_wconf 89' lang='lat' dir='ltr'>pa-</span> 
     </span>
    </p>
   </div>
   <div class='ocr_carea' id='block_1_22' title="bbox 507 2362 2170 2441">
    <p class='ocr_par' dir='ltr' id='par_1_22' title="bbox 507 2362 2170 2441">
     <span class='ocr_line' id='line_1_22' title="bbox 507 2362 2170 2441; baseline 0.006 -24"><span class='ocrx_word' id='word_1_153' title='bbox 507 2362 721 2419; x_wconf 81' lang='lat' dir='ltr'>rabota</span> <span class='ocrx_word' id='word_1_154' title='bbox 752 2362 898 2429; x_wconf 67' lang='lat' dir='ltr'>haec,</span> <span class='ocrx_word' id='word_1_155' title='bbox 927 2367 1028 2422; x_wconf 88' lang='lat' dir='ltr'>sed</span> <span class='ocrx_word' id='word_1_156' title='bbox 1057 2383 1258 2425; x_wconf 87' lang='lat' dir='ltr'>eorum</span> <span class='ocrx_word' id='word_1_157' title='bbox 1290 2371 1395 2441; x_wconf 87' lang='lat' dir='ltr'>qui</span> <span class='ocrx_word' id='word_1_158' title='bbox 1414 2372 1774 2430; x_wconf 78' lang='lat' dir='ltr'>comederint</span> <span class='ocrx_word' id='word_1_159' title='bbox 1805 2389 1978 2431; x_wconf 86' lang='lat' dir='ltr'>uvam</span> <span class='ocrx_word' id='word_1_160' title='bbox 2007 2388 2170 2431; x_wconf 85' lang='lat' dir='ltr'>acer-</span> 
     </span>
    </p>
   </div>
   <div class='ocr_carea' id='block_1_23' title="bbox 509 2451 1403 2527">
    <p class='ocr_par' dir='ltr' id='par_1_23' title="bbox 509 2451 1403 2527">
     <span class='ocr_line' id='line_1_23' title="bbox 509 2451 1403 2527; baseline 0.008 -21"><span class='ocrx_word' id='word_1_161' title='bbox 509 2451 637 2508; x_wconf 90' lang='lat' dir='ltr'>bam</span> <span class='ocrx_word' id='word_1_162' title='bbox 663 2451 865 2509; x_wconf 75' lang='lat' dir='ltr'>dentes</span> <span class='ocrx_word' id='word_1_163' title='bbox 888 2456 1294 2527; x_wconf 85' lang='lat' dir='ltr'>obstupescent</span> <span class='ocrx_word' id='word_1_164' title='bbox 1335 2462 1403 2513; x_wconf 79' lang='grc'>⁸³.</span> 
     </span>
    </p>
   </div>
   <div class='ocr_carea' id='block_1_24' title="bbox 577 2543 2169 2621">
    <p class='ocr_par' dir='ltr' id='par_1_24' title="bbox 577 2543 2169 2621">
     <span class='ocr_line' id='line_1_24' title="bbox 577 2543 2169 2621; baseline 0.011 -25"><span class='ocrx_word' id='word_1_165' title='bbox 577 2543 742 2598; x_wconf 85' lang='lat' dir='ltr'>Vers.</span> <span class='ocrx_word' id='word_1_166' title='bbox 776 2547 828 2599; x_wconf 90' lang='lat'>3.</span> <span class='ocrx_word' id='word_1_167' title='bbox 858 2544 1065 2601; x_wconf 89' lang='lat' dir='ltr'>Sed-</span> <span class='ocrx_word' id='word_1_168' title='bbox 1115 2547 1263 2616; x_wconf 88' lang='lat' dir='ltr'>ipso.</span> <span class='ocrx_word' id='word_1_169' title='bbox 1321 2551 1516 2621; x_wconf 85' lang='lat' dir='ltr'>Opera</span> <span class='ocrx_word' id='word_1_170' title='bbox 1570 2551 1666 2608; x_wconf 89' lang='lat' dir='ltr'>Dei</span> <span class='ocrx_word' id='word_1_171' title='bbox 1722 2555 1899 2608; x_wconf 86' lang='lat' dir='ltr'>vocat</span> <span class='ocrx_word' id='word_1_172' title='bbox 1950 2551 2169 2613; x_wconf 80' lang='lat' dir='ltr'>forma-</span> 
     </span>
    </p>
   </div>
   <div class='ocr_carea' id='block_1_25' title="bbox 506 2633 2167 2712">
    <p class='ocr_par' dir='ltr' id='par_1_25' title="bbox 506 2633 2167 2712">
     <span class='ocr_line' id='line_1_25' title="bbox 506 2633 2167 2712; baseline 0.005 -24"><span class='ocrx_word' id='word_1_173' title='bbox 506 2633 729 2690; x_wconf 90' lang='lat' dir='ltr'>tionem</span> <span class='ocrx_word' id='word_1_174' title='bbox 756 2634 1069 2692; x_wconf 90' lang='lat' dir='ltr'>oculorum</span> <span class='ocrx_word' id='word_1_175' title='bbox 1096 2639 1232 2694; x_wconf 73' lang='lat' dir='ltr'>caeci</span> <span class='ocrx_word' id='word_1_176' title='bbox 1254 2638 1328 2695; x_wconf 90' lang='lat' dir='ltr'>de</span> <span class='ocrx_word' id='word_1_177' title='bbox 1380 2639 1642 2712; x_wconf 85' lang='lat' dir='ltr'>pulvere.</span> <span class='ocrx_word' id='word_1_178' title='bbox 1698 2641 1847 2707; x_wconf 83' lang='lat' dir='ltr'>Quia</span> <span class='ocrx_word' id='word_1_179' title='bbox 1896 2641 2056 2697; x_wconf 89' lang='lat' dir='ltr'>enim</span> <span class='ocrx_word' id='word_1_180' title='bbox 2107 2641 2167 2697; x_wconf 92' lang='lat' dir='ltr'>in</span> 
     </span>
    </p>
   </div>
   <div class='ocr_carea' id='block_1_26' title="bbox 507 2724 2168 2797">
    <p class='ocr_par' dir='ltr' id='par_1_26' title="bbox 507 2724 2168 2797">
     <span class='ocr_line' id='line_1_26' title="bbox 507 2724 2168 2797; baseline 0.005 -18"><span class='ocrx_word' id='word_1_181' title='bbox 507 2724 778 2780; x_wconf 89' lang='lat' dir='ltr'>confesso</span> <span class='ocrx_word' id='word_1_182' title='bbox 803 2729 929 2780; x_wconf 88' lang='lat' dir='ltr'>erat</span> <span class='ocrx_word' id='word_1_183' title='bbox 956 2741 1112 2797; x_wconf 91' lang='lat' dir='ltr'>opus</span> <span class='ocrx_word' id='word_1_184' title='bbox 1165 2726 1351 2784; x_wconf 83' lang='lat' dir='ltr'>fuisse</span> <span class='ocrx_word' id='word_1_185' title='bbox 1410 2729 1511 2785; x_wconf 92' lang='lat' dir='ltr'>Dei</span> <span class='ocrx_word' id='word_1_186' title='bbox 1570 2730 1991 2786; x_wconf 83' lang='lat' dir='ltr'>formationem</span> <span class='ocrx_word' id='word_1_187' title='bbox 2035 2746 2168 2786; x_wconf 90' lang='lat' dir='ltr'>cor-</span> 
     </span>
    </p>
   </div>
   <div class='ocr_carea' id='block_1_27' title="bbox 505 2813 2162 2887">
    <p class='ocr_par' dir='ltr' id='par_1_27' title="bbox 505 2813 2162 2887">
     <span class='ocr_line' id='line_1_27' title="bbox 505 2813 2162 2887; baseline 0.004 -18"><span class='ocrx_word' id='word_1_188' title='bbox 505 2815 668 2887; x_wconf 88' lang='lat' dir='ltr'>poris</span> <span class='ocrx_word' id='word_1_189' title='bbox 700 2813 892 2869; x_wconf 86' lang='lat' dir='ltr'>Adam</span> <span class='ocrx_word' id='word_1_190' title='bbox 925 2815 998 2871; x_wconf 91' lang='lat' dir='ltr'>de</span> <span class='ocrx_word' id='word_1_191' title='bbox 1053 2818 1295 2886; x_wconf 85' lang='lat' dir='ltr'>pulvere</span> <span class='ocrx_word' id='word_1_192' title='bbox 1327 2834 1344 2874; x_wconf 90' lang='lat'><strong>:</strong></span> <span class='ocrx_word' id='word_1_193' title='bbox 1388 2819 1483 2874; x_wconf 93' lang='lat' dir='ltr'>hic</span> <span class='ocrx_word' id='word_1_194' title='bbox 1534 2819 1712 2876; x_wconf 90' lang='lat' dir='ltr'>etiam</span> <span class='ocrx_word' id='word_1_195' title='bbox 1770 2819 1971 2876; x_wconf 87' lang='lat' dir='ltr'>oculos</span> <span class='ocrx_word' id='word_1_196' title='bbox 2001 2820 2162 2883; x_wconf 64' lang='lat' dir='ltr'>caeci,</span> 
     </span>
    </p>
   </div>
   <div class='ocr_carea' id='block_1_28' title="bbox 508 2902 2168 2980">
    <p class='ocr_par' dir='ltr' id='par_1_28' title="bbox 508 2902 2168 2980">
     <span class='ocr_line' id='line_1_28' title="bbox 508 2902 2168 2980; baseline 0.004 -24"><span class='ocrx_word' id='word_1_197' title='bbox 508 2902 967 2975; x_wconf 85' lang='lat' dir='ltr'>pulcherrimam</span> <span class='ocrx_word' id='word_1_198' title='bbox 1009 2907 1276 2977; x_wconf 89' lang='lat' dir='ltr'>corporis</span> <span class='ocrx_word' id='word_1_199' title='bbox 1328 2916 1580 2979; x_wconf 88' lang='lat' dir='ltr'>partem,</span> <span class='ocrx_word' id='word_1_200' title='bbox 1630 2908 1847 2964; x_wconf 81' lang='lat' dir='ltr'>format</span> <span class='ocrx_word' id='word_1_201' title='bbox 1869 2909 1943 2964; x_wconf 90' lang='lat' dir='ltr'>de</span> <span class='ocrx_word' id='word_1_202' title='bbox 1969 2908 2168 2980; x_wconf 79' lang='lat' dir='ltr'>pulve-</span> 
     </span>
    </p>
   </div>
   <div class='ocr_carea' id='block_1_29' title="bbox 505 2990 2164 3070">
    <p class='ocr_par' dir='ltr' id='par_1_29' title="bbox 505 2990 2164 3070">
     <span class='ocr_line' id='line_1_29' title="bbox 505 2990 2164 3070; baseline 0.005 -25"><span class='ocrx_word' id='word_1_203' title='bbox 505 3006 569 3046; x_wconf 86' lang='lat' dir='ltr'>re</span> <span class='ocrx_word' id='word_1_204' title='bbox 599 3006 612 3045; x_wconf 91' lang='lat'><strong>:</strong></span> <span class='ocrx_word' id='word_1_205' title='bbox 646 2995 709 3045; x_wconf 91' lang='lat' dir='ltr'>ut</span> <span class='ocrx_word' id='word_1_206' title='bbox 730 2991 867 3046; x_wconf 89' lang='lat' dir='ltr'>hinc</span> <span class='ocrx_word' id='word_1_207' title='bbox 888 2990 1137 3049; x_wconf 88' lang='lat' dir='ltr'>indubie</span> <span class='ocrx_word' id='word_1_208' title='bbox 1177 2996 1328 3050; x_wconf 87' lang='lat' dir='ltr'>Deus</span> <span class='ocrx_word' id='word_1_209' title='bbox 1372 3002 1683 3068; x_wconf 86' lang='lat' dir='ltr'>appareat,</span> <span class='ocrx_word' id='word_1_210' title='bbox 1744 3002 1944 3068; x_wconf 87' lang='lat' dir='ltr'>utpote</span> <span class='ocrx_word' id='word_1_211' title='bbox 1992 3014 2164 3070; x_wconf 71' lang='lat' dir='ltr'>asque</span> 
     </span>
    </p>
   </div>
   <div class='ocr_carea' id='block_1_30' title="bbox 506 3081 2160 3159">
    <p class='ocr_par' dir='ltr' id='par_1_30' title="bbox 506 3081 2160 3159">
     <span class='ocr_line' id='line_1_30' title="bbox 506 3081 2160 3159; baseline 0.005 -23"><span class='ocrx_word' id='word_1_212' title='bbox 506 3084 736 3151; x_wconf 89' lang='lat' dir='ltr'>potens,</span> <span class='ocrx_word' id='word_1_213' title='bbox 767 3085 826 3136; x_wconf 89' lang='lat' dir='ltr'>ut</span> <span class='ocrx_word' id='word_1_214' title='bbox 855 3081 1010 3137; x_wconf 89' lang='lat' dir='ltr'>Deus</span> <span class='ocrx_word' id='word_1_215' title='bbox 1051 3102 1064 3138; x_wconf 90' lang='lat'>:</span> <span class='ocrx_word' id='word_1_216' title='bbox 1097 3099 1239 3139; x_wconf 91' lang='lat' dir='ltr'>nam</span> <span class='ocrx_word' id='word_1_217' title='bbox 1271 3085 1373 3157; x_wconf 85' lang='lat' dir='ltr'>qui</span> <span class='ocrx_word' id='word_1_218' title='bbox 1430 3085 1896 3158; x_wconf 88' lang='lat' dir='ltr'>pulcherrimam</span> <span class='ocrx_word' id='word_1_219' title='bbox 1932 3093 2160 3159; x_wconf 85' lang='lat' dir='ltr'>partem</span> 
     </span>
    </p>
   </div>
   <div class='ocr_carea' id='block_1_31' title="bbox 506 3168 1802 3244">
    <p class='ocr_par' dir='ltr' id='par_1_31' title="bbox 506 3168 1802 3244">
     <span class='ocr_line' id='line_1_31' title="bbox 506 3168 1802 3244; baseline 0.005 -20"><span class='ocrx_word' id='word_1_220' title='bbox 506 3168 585 3224; x_wconf 86' lang='lat' dir='ltr'>ita</span> <span class='ocrx_word' id='word_1_221' title='bbox 614 3168 905 3240; x_wconf 83' lang='lat' dir='ltr'>formavit,</span> <span class='ocrx_word' id='word_1_222' title='bbox 938 3178 1141 3244; x_wconf 91' lang='lat' dir='ltr'>posset</span> <span class='ocrx_word' id='word_1_223' title='bbox 1179 3179 1234 3231; x_wconf 89' lang='lat' dir='ltr'>et</span> <span class='ocrx_word' id='word_1_224' title='bbox 1265 3180 1455 3231; x_wconf 88' lang='lat' dir='ltr'>totum</span> <span class='ocrx_word' id='word_1_225' title='bbox 1489 3173 1802 3231; x_wconf 88' lang='lat' dir='ltr'>formasse.</span> 
     </span>
    </p>
   </div>
   <div class='ocr_carea' id='block_1_32' title="bbox 573 3350 2163 3422">
    <p class='ocr_par' dir='ltr' id='par_1_32' title="bbox 573 3350 2163 3422">
     <span class='ocr_line' id='line_1_32' title="bbox 573 3350 2163 3422; baseline 0.004 -18"><span class='ocrx_word' id='word_1_226' title='bbox 573 3350 689 3405; x_wconf 82' lang='lat' dir='ltr'>Aut</span> <span class='ocrx_word' id='word_1_227' title='bbox 723 3364 905 3422; x_wconf 92' lang='lat' dir='ltr'>opera</span> <span class='ocrx_word' id='word_1_228' title='bbox 962 3350 1062 3407; x_wconf 91' lang='lat' dir='ltr'>Dei</span> <span class='ocrx_word' id='word_1_229' title='bbox 1109 3350 1252 3408; x_wconf 88' lang='lat' dir='ltr'>dicit</span> <span class='ocrx_word' id='word_1_230' title='bbox 1307 3352 1598 3409; x_wconf 86' lang='lat' dir='ltr'>occultam</span> <span class='ocrx_word' id='word_1_231' title='bbox 1656 3352 1982 3411; x_wconf 86' lang='lat' dir='ltr'>divinitatis</span> <span class='ocrx_word' id='word_1_232' title='bbox 2038 3371 2163 3411; x_wconf 68' lang='lat' dir='ltr'>suae</span> 
     </span>
    </p>
   </div>
   <div class='ocr_carea' id='block_1_33' title="bbox 503 3438 2167 3517">
    <p class='ocr_par' dir='ltr' id='par_1_33' title="bbox 503 3438 2167 3517">
     <span class='ocr_line' id='line_1_33' title="bbox 503 3438 2167 3517; baseline 0.003 -22"><span class='ocrx_word' id='word_1_233' title='bbox 503 3438 846 3517; x_wconf 79' lang='lat' dir='ltr'>potentiam,</span> <span class='ocrx_word' id='word_1_234' title='bbox 902 3456 1035 3513; x_wconf 77' lang='lat' dir='ltr'>quae</span> <span class='ocrx_word' id='word_1_235' title='bbox 1082 3445 1223 3497; x_wconf 92' lang='lat' dir='ltr'>tunc</span> <span class='ocrx_word' id='word_1_236' title='bbox 1275 3443 1469 3511; x_wconf 82' lang='lat' dir='ltr'>magis</span> <span class='ocrx_word' id='word_1_237' title='bbox 1508 3443 1805 3515; x_wconf 89' lang='lat' dir='ltr'>apparuit.</span> <span class='ocrx_word' id='word_1_238' title='bbox 1862 3443 2012 3510; x_wconf 87' lang='lat' dir='ltr'>Quid</span> <span class='ocrx_word' id='word_1_239' title='bbox 2072 3459 2167 3500; x_wconf 88' lang='lat' dir='ltr'>er-</span> 
     </span>
    </p>
   </div>
   <div class='ocr_carea' id='block_1_34' title="bbox 503 3526 2165 3605">
    <p class='ocr_par' dir='ltr' id='par_1_34' title="bbox 503 3526 2165 3605">
     <span class='ocr_line' id='line_1_34' title="bbox 503 3526 2165 3605; baseline 0.003 -21"><span class='ocrx_word' id='word_1_240' title='bbox 503 3526 779 3599; x_wconf 77' lang='lat' dir='ltr'>go?nisi</span> <span class='ocrx_word' id='word_1_241' title='bbox 835 3529 931 3585; x_wconf 88' lang='lat' dir='ltr'>hic</span> <span class='ocrx_word' id='word_1_242' title='bbox 1006 3530 1228 3587; x_wconf 91' lang='lat' dir='ltr'>damno</span> <span class='ocrx_word' id='word_1_243' title='bbox 1302 3531 1550 3587; x_wconf 77' lang='lat' dir='ltr'>affectus</span> <span class='ocrx_word' id='word_1_244' title='bbox 1607 3530 1837 3598; x_wconf 87' lang='lat' dir='ltr'>fuisset,</span> <span class='ocrx_word' id='word_1_245' title='bbox 1888 3548 2006 3588; x_wconf 90' lang='lat' dir='ltr'>non</span> <span class='ocrx_word' id='word_1_246' title='bbox 2062 3548 2165 3605; x_wconf 58' lang='lat' dir='ltr'>po.</span> 
     </span>
    </p>
   </div>
   <div class='ocr_carea' id='block_1_35' title="bbox 502 3617 2165 3695">
    <p class='ocr_par' dir='ltr' id='par_1_35' title="bbox 502 3617 2165 3695">
     <span class='ocr_line' id='line_1_35' title="bbox 502 3617 2165 3695; baseline 0.005 -22"><span class='ocrx_word' id='word_1_247' title='bbox 502 3621 695 3674; x_wconf 89' lang='lat' dir='ltr'>terant</span> <span class='ocrx_word' id='word_1_248' title='bbox 754 3617 924 3674; x_wconf 85' lang='lat' dir='ltr'>aliter</span> <span class='ocrx_word' id='word_1_249' title='bbox 986 3619 1354 3676; x_wconf 86' lang='lat' dir='ltr'>manifestari</span> <span class='ocrx_word' id='word_1_250' title='bbox 1401 3621 1500 3677; x_wconf 88' lang='lat' dir='ltr'>Dei</span> <span class='ocrx_word' id='word_1_251' title='bbox 1566 3637 1750 3695; x_wconf 89' lang='lat' dir='ltr'>opera</span> <span class='ocrx_word' id='word_1_252' title='bbox 1813 3621 1843 3677; x_wconf 68' lang='lat'><strong>7</strong></span> <span class='ocrx_word' id='word_1_253' title='bbox 1897 3623 2165 3682; x_wconf 88' lang='lat' dir='ltr'>Poterant</span> 
     </span>
    </p>
   </div>
   <div class='ocr_carea' id='block_1_36' title="bbox 503 3705 2163 3782">
    <p class='ocr_par' dir='ltr' id='par_1_36' title="bbox 503 3705 2163 3782">
     <span class='ocr_line' id='line_1_36' title="bbox 503 3705 2163 3782; baseline 0.005 -21"><span class='ocrx_word' id='word_1_254' title='bbox 503 3705 770 3779; x_wconf 87' lang='lat' dir='ltr'>quidem,</span> <span class='ocrx_word' id='word_1_255' title='bbox 804 3707 912 3764; x_wconf 88' lang='lat' dir='ltr'>sed</span> <span class='ocrx_word' id='word_1_256' title='bbox 964 3724 1160 3782; x_wconf 90' lang='lat' dir='ltr'>neque</span> <span class='ocrx_word' id='word_1_257' title='bbox 1212 3710 1310 3767; x_wconf 90' lang='lat' dir='ltr'>hic</span> <span class='ocrx_word' id='word_1_258' title='bbox 1353 3710 1580 3767; x_wconf 90' lang='lat' dir='ltr'>damno</span> <span class='ocrx_word' id='word_1_259' title='bbox 1629 3710 1878 3768; x_wconf 82' lang='lat' dir='ltr'>affectus</span> <span class='ocrx_word' id='word_1_260' title='bbox 1903 3718 2010 3778; x_wconf 86' lang='lat' dir='ltr'>est,</span> <span class='ocrx_word' id='word_1_261' title='bbox 2039 3713 2163 3769; x_wconf 90' lang='lat' dir='ltr'>imo</span> 
     </span>
    </p>
   </div>
   <div class='ocr_carea' id='block_1_37' title="bbox 504 3795 2161 3873">
    <p class='ocr_par' dir='ltr' id='par_1_37' title="bbox 504 3795 2161 3873">
     <span class='ocr_line' id='line_1_37' title="bbox 504 3795 2161 3873; baseline 0.004 -22"><span class='ocrx_word' id='word_1_262' title='bbox 504 3795 701 3868; x_wconf 89' lang='lat' dir='ltr'>potius</span> <span class='ocrx_word' id='word_1_263' title='bbox 730 3795 1081 3854; x_wconf 84' lang='lat' dir='ltr'>beneﬁcium</span> <span class='ocrx_word' id='word_1_264' title='bbox 1131 3800 1359 3872; x_wconf 90' lang='lat' dir='ltr'>accepit</span> <span class='ocrx_word' id='word_1_265' title='bbox 1410 3816 1423 3855; x_wconf 91' lang='lat'>:</span> <span class='ocrx_word' id='word_1_266' title='bbox 1482 3815 1589 3873; x_wconf 90' lang='lat' dir='ltr'>per</span> <span class='ocrx_word' id='word_1_267' title='bbox 1638 3801 1962 3857; x_wconf 71' lang='lat' dir='ltr'>caecitatem</span> <span class='ocrx_word' id='word_1_268' title='bbox 2022 3818 2161 3857; x_wconf 92' lang='lat' dir='ltr'>ocu-</span> 
     </span>
    </p>
   </div>
   <div class='ocr_carea' id='block_1_38' title="bbox 502 3884 2161 3960">
    <p class='ocr_par' dir='ltr' id='par_1_38' title="bbox 502 3884 2161 3960">
     <span class='ocr_line' id='line_1_38' title="bbox 502 3884 2161 3960; baseline 0.004 -20"><span class='ocrx_word' id='word_1_269' title='bbox 502 3884 699 3941; x_wconf 91' lang='lat' dir='ltr'>lorum</span> <span class='ocrx_word' id='word_1_270' title='bbox 731 3887 997 3958; x_wconf 88' lang='lat' dir='ltr'>corporis</span> <span class='ocrx_word' id='word_1_271' title='bbox 1029 3893 1203 3960; x_wconf 85' lang='lat' dir='ltr'>aptos</span> <span class='ocrx_word' id='word_1_272' title='bbox 1231 3888 1461 3945; x_wconf 83' lang='lat' dir='ltr'>habens</span> <span class='ocrx_word' id='word_1_273' title='bbox 1503 3891 1715 3946; x_wconf 63' lang='lat' dir='ltr'>animae</span> <span class='ocrx_word' id='word_1_274' title='bbox 1752 3890 1978 3946; x_wconf 91' lang='lat' dir='ltr'>oculos.</span> <span class='ocrx_word' id='word_1_275' title='bbox 2013 3893 2161 3947; x_wconf 88' lang='lat' dir='ltr'>Nam</span> 
     </span>
    </p>
   </div>
   <div class='ocr_carea' id='block_1_39' title="bbox 502 3975 2161 4048">
    <p class='ocr_par' dir='ltr' id='par_1_39' title="bbox 502 3975 2161 4048">
     <span class='ocr_line' id='line_1_39' title="bbox 502 3975 2161 4048; baseline 0.003 -18"><span class='ocrx_word' id='word_1_276' title='bbox 502 3990 639 4048; x_wconf 72' lang='lat' dir='ltr'>quae</span> <span class='ocrx_word' id='word_1_277' title='bbox 699 3975 931 4033; x_wconf 89' lang='lat' dir='ltr'>illorum</span> <span class='ocrx_word' id='word_1_278' title='bbox 996 3982 1083 4033; x_wconf 90' lang='lat' dir='ltr'>est</span> <span class='ocrx_word' id='word_1_279' title='bbox 1138 3977 1380 4046; x_wconf 89' lang='lat' dir='ltr'>utilitas,</span> <span class='ocrx_word' id='word_1_280' title='bbox 1433 3980 1481 4034; x_wconf 89' lang='lat' dir='ltr'>si</span> <span class='ocrx_word' id='word_1_281' title='bbox 1530 3980 1588 4035; x_wconf 91' lang='lat' dir='ltr'>hi</span> <span class='ocrx_word' id='word_1_282' title='bbox 1642 3981 1827 4036; x_wconf 90' lang='lat' dir='ltr'>clausi</span> <span class='ocrx_word' id='word_1_283' title='bbox 1877 3980 2161 4036; x_wconf 80' lang='lat' dir='ltr'>s1nt?Li-</span> 
     </span>
    </p>
   </div>
   <div class='ocr_carea' id='block_1_40' title="bbox 502 4063 2154 4138">
    <p class='ocr_par' dir='ltr' id='par_1_40' title="bbox 502 4063 2154 4138">
     <span class='ocr_line' id='line_1_40' title="bbox 502 4063 2154 4138; baseline 0.003 -20"><span class='ocrx_word' id='word_1_284' title='bbox 502 4063 683 4120; x_wconf 91' lang='lat' dir='ltr'>citum</span> <span class='ocrx_word' id='word_1_285' title='bbox 744 4067 943 4138; x_wconf 85' lang='lat' dir='ltr'>itaque</span> <span class='ocrx_word' id='word_1_286' title='bbox 992 4065 1100 4122; x_wconf 89' lang='lat' dir='ltr'>fuit</span> <span class='ocrx_word' id='word_1_287' title='bbox 1157 4068 1409 4124; x_wconf 86' lang='lat' dir='ltr'>Creatori</span> <span class='ocrx_word' id='word_1_288' title='bbox 1449 4084 1677 4125; x_wconf 77' lang='lat' dir='ltr'>caecum</span> <span class='ocrx_word' id='word_1_289' title='bbox 1717 4068 1880 4124; x_wconf 92' lang='lat' dir='ltr'>hunc</span> <span class='ocrx_word' id='word_1_290' title='bbox 1935 4084 2154 4135; x_wconf 84' lang='lat' dir='ltr'>creare,</span> 
     </span>
    </p>
   </div>
   <div class='ocr_carea' id='block_1_41' title="bbox 502 4153 2159 4228">
    <p class='ocr_par' dir='ltr' id='par_1_41' title="bbox 502 4153 2159 4228">
     <span class='ocr_line' id='line_1_41' title="bbox 502 4153 2159 4228; baseline 0.002 -19"><span class='ocrx_word' id='word_1_291' title='bbox 502 4168 623 4209; x_wconf 91' lang='lat' dir='ltr'>non</span> <span class='ocrx_word' id='word_1_292' title='bbox 651 4153 976 4224; x_wconf 88' lang='lat' dir='ltr'>puniendo,</span> <span class='ocrx_word' id='word_1_293' title='bbox 1014 4154 1119 4209; x_wconf 90' lang='lat' dir='ltr'>sed</span> <span class='ocrx_word' id='word_1_294' title='bbox 1168 4154 1605 4227; x_wconf 88' lang='lat' dir='ltr'>dispensatorio</span> <span class='ocrx_word' id='word_1_295' title='bbox 1639 4157 1841 4226; x_wconf 90' lang='lat' dir='ltr'>modo,</span> <span class='ocrx_word' id='word_1_296' title='bbox 1882 4162 1946 4213; x_wconf 91' lang='lat' dir='ltr'>ut</span> <span class='ocrx_word' id='word_1_297' title='bbox 1974 4172 2159 4228; x_wconf 83' lang='lat' dir='ltr'>opera</span> 
     </span>
    </p>
   </div>
   <div class='ocr_carea' id='block_1_42' title="bbox 502 4242 2157 4318">
    <p class='ocr_par' dir='ltr' id='par_1_42' title="bbox 502 4242 2157 4318">
     <span class='ocr_line' id='line_1_42' title="bbox 502 4242 2157 4318; baseline 0.001 -19"><span class='ocrx_word' id='word_1_298' title='bbox 502 4242 606 4299; x_wconf 92' lang='lat' dir='ltr'>Dei</span> <span class='ocrx_word' id='word_1_299' title='bbox 644 4242 1189 4310; x_wconf 83' lang='lat' dir='ltr'>manifestarentur,</span> <span class='ocrx_word' id='word_1_300' title='bbox 1222 4249 1279 4300; x_wconf 79' lang='lat' dir='ltr'>et</span> <span class='ocrx_word' id='word_1_301' title='bbox 1305 4244 1401 4301; x_wconf 92' lang='lat' dir='ltr'>hic</span> <span class='ocrx_word' id='word_1_302' title='bbox 1448 4262 1521 4301; x_wconf 79' lang='lat' dir='ltr'>ex</span> <span class='ocrx_word' id='word_1_303' title='bbox 1576 4262 1647 4302; x_wconf 91' lang='lat' dir='ltr'>eo</span> <span class='ocrx_word' id='word_1_304' title='bbox 1704 4251 1943 4318; x_wconf 83' lang='lat' dir='ltr'>apertos</span> <span class='ocrx_word' id='word_1_305' title='bbox 1985 4245 2157 4302; x_wconf 83' lang='lat' dir='ltr'>habe-</span> 
     </span>
    </p>
   </div>
   <div class='ocr_carea' id='block_1_43' title="bbox 501 4331 1086 4389">
    <p class='ocr_par' dir='ltr' id='par_1_43' title="bbox 501 4331 1086 4389">
     <span class='ocr_line' id='line_1_43' title="bbox 501 4331 1086 4389; baseline 0.002 -1"><span class='ocrx_word' id='word_1_306' title='bbox 501 4335 590 4388; x_wconf 86' lang='lat' dir='ltr'>ret</span> <span class='ocrx_word' id='word_1_307' title='bbox 617 4331 836 4388; x_wconf 72' lang='lat' dir='ltr'>animae</span> <span class='ocrx_word' id='word_1_308' title='bbox 863 4332 1086 4389; x_wconf 90' lang='lat' dir='ltr'>oculos.</span> 
     </span>
    </p>
   </div>
   <div class='ocr_carea' id='block_1_44' title="bbox 573 4420 2155 4493">
    <p class='ocr_par' dir='ltr' id='par_1_44' title="bbox 573 4420 2155 4493">
     <span class='ocr_line' id='line_1_44' title="bbox 573 4420 2155 4493; baseline 0.003 -16"><span class='ocrx_word' id='word_1_309' title='bbox 573 4420 830 4488; x_wconf 88' lang='lat' dir='ltr'>Quidam</span> <span class='ocrx_word' id='word_1_310' title='bbox 861 4436 1002 4478; x_wconf 85' lang='lat' dir='ltr'>vero</span> <span class='ocrx_word' id='word_1_311' title='bbox 1046 4421 1363 4480; x_wconf 89' lang='lat' dir='ltr'>dictionem</span> <span class='ocrx_word' id='word_1_312' title='bbox 1402 4429 1478 4493; x_wconf 89' lang='lat' dir='ltr'>ut,</span> <span class='ocrx_word' id='word_1_313' title='bbox 1531 4441 1649 4481; x_wconf 92' lang='lat' dir='ltr'>non</span> <span class='ocrx_word' id='word_1_314' title='bbox 1699 4424 2000 4482; x_wconf 85' lang='lat' dir='ltr'>causalem</span> <span class='ocrx_word' id='word_1_315' title='bbox 2027 4440 2155 4481; x_wconf 87' lang='lat' dir='ltr'>esse</span> 
     </span>
    </p>
   </div>
   <div class='ocr_carea' id='block_1_45' title="bbox 499 4511 2129 4587">
    <p class='ocr_par' dir='ltr' id='par_1_45' title="bbox 499 4511 2129 4587">
     <span class='ocr_line' id='line_1_45' title="bbox 499 4511 2129 4587; baseline 0.002 -20"><span class='ocrx_word' id='word_1_316' title='bbox 499 4511 720 4578; x_wconf 91' lang='lat' dir='ltr'>dicunt,</span> <span class='ocrx_word' id='word_1_317' title='bbox 742 4512 848 4568; x_wconf 91' lang='lat' dir='ltr'>sed</span> <span class='ocrx_word' id='word_1_318' title='bbox 874 4512 1003 4584; x_wconf 89' lang='lat' dir='ltr'>ejus</span> <span class='ocrx_word' id='word_1_319' title='bbox 1047 4514 1211 4587; x_wconf 93' lang='lat' dir='ltr'>quod</span> <span class='ocrx_word' id='word_1_320' title='bbox 1238 4513 1493 4572; x_wconf 83' lang='lat' dir='ltr'>futurum</span> <span class='ocrx_word' id='word_1_321' title='bbox 1523 4521 1649 4572; x_wconf 91' lang='lat' dir='ltr'>erat</span> <span class='ocrx_word' id='word_1_322' title='bbox 1676 4515 2129 4586; x_wconf 81' lang='lat' dir='ltr'>signiﬁcativam</span> 
     </span>
    </p>
   </div>
   <div class='ocr_carea' id='block_1_46' title="bbox 500 4603 2156 4677">
    <p class='ocr_par' dir='ltr' id='par_1_46' title="bbox 500 4603 2156 4677">
     <span class='ocr_line' id='line_1_46' title="bbox 500 4603 2156 4677; baseline 0.004 -22"><span class='ocrx_word' id='word_1_323' title='bbox 500 4604 647 4674; x_wconf 87' lang='lat' dir='ltr'>puta</span> <span class='ocrx_word' id='word_1_324' title='bbox 675 4603 841 4674; x_wconf 90' lang='lat' dir='ltr'>quod</span> <span class='ocrx_word' id='word_1_325' title='bbox 870 4618 1050 4675; x_wconf 85' lang='lat' dir='ltr'>opera</span> <span class='ocrx_word' id='word_1_326' title='bbox 1089 4604 1190 4660; x_wconf 91' lang='lat' dir='ltr'>Dei</span> <span class='ocrx_word' id='word_1_327' title='bbox 1233 4604 1675 4662; x_wconf 74' lang='lat' dir='ltr'>manifestanda</span> <span class='ocrx_word' id='word_1_328' title='bbox 1717 4611 1885 4661; x_wconf 89' lang='lat' dir='ltr'>erant</span> <span class='ocrx_word' id='word_1_329' title='bbox 1914 4605 1973 4660; x_wconf 90' lang='lat' dir='ltr'>in</span> <span class='ocrx_word' id='word_1_330' title='bbox 2002 4604 2156 4677; x_wconf 89' lang='lat' dir='ltr'>ipso.</span> 
     </span>
    </p>
   </div>
   <div class='ocr_carea' id='block_1_47' title="bbox 502 4690 2156 4767">
    <p class='ocr_par' dir='ltr' id='par_1_47' title="bbox 502 4690 2156 4767">
     <span class='ocr_line' id='line_1_47' title="bbox 502 4690 2156 4767; baseline 0.002 -22"><span class='ocrx_word' id='word_1_331' title='bbox 502 4690 569 4746; x_wconf 91' lang='lat' dir='ltr'>Et</span> <span class='ocrx_word' id='word_1_332' title='bbox 614 4690 803 4748; x_wconf 90' lang='lat' dir='ltr'>simile</span> <span class='ocrx_word' id='word_1_333' title='bbox 851 4708 980 4748; x_wconf 88' lang='lat' dir='ltr'>esse</span> <span class='ocrx_word' id='word_1_334' title='bbox 1028 4693 1174 4758; x_wconf 89' lang='lat' dir='ltr'>aiut,</span> <span class='ocrx_word' id='word_1_335' title='bbox 1226 4694 1388 4767; x_wconf 91' lang='lat' dir='ltr'>quod</span> <span class='ocrx_word' id='word_1_336' title='bbox 1436 4695 1652 4750; x_wconf 91' lang='lat' dir='ltr'>dicitur</span> <span class='ocrx_word' id='word_1_337' title='bbox 1707 4712 1720 4749; x_wconf 86' lang='lat'><strong>:</strong></span> <span class='ocrx_word' id='word_1_338' title='bbox 1771 4697 1839 4750; x_wconf 86' lang='lat' dir='ltr'>In</span> <span class='ocrx_word' id='word_1_339' title='bbox 1859 4695 2156 4767; x_wconf 86' lang='lat' dir='ltr'>judicium</span> 
     </span>
    </p>
   </div>
   <div class='ocr_carea' id='block_1_48' title="bbox 498 4780 2157 4856">
    <p class='ocr_par' dir='ltr' id='par_1_48' title="bbox 498 4780 2157 4856">
     <span class='ocr_line' id='line_1_48' title="bbox 498 4780 2157 4856; baseline 0.003 -20"><span class='ocrx_word' id='word_1_340' title='bbox 498 4795 600 4851; x_wconf 86' lang='lat' dir='ltr'>ego</span> <span class='ocrx_word' id='word_1_341' title='bbox 624 4780 689 4836; x_wconf 86' lang='lat' dir='ltr'>in</span> <span class='ocrx_word' id='word_1_342' title='bbox 718 4781 1007 4839; x_wconf 86' lang='lat' dir='ltr'>mundum</span> <span class='ocrx_word' id='word_1_343' title='bbox 1055 4784 1207 4849; x_wconf 84' lang='lat' dir='ltr'>veni,</span> <span class='ocrx_word' id='word_1_344' title='bbox 1239 4791 1304 4839; x_wconf 84' lang='lat' dir='ltr'>ut</span> <span class='ocrx_word' id='word_1_345' title='bbox 1337 4786 1440 4856; x_wconf 87' lang='lat' dir='ltr'>qui</span> <span class='ocrx_word' id='word_1_346' title='bbox 1484 4801 1603 4840; x_wconf 86' lang='lat' dir='ltr'>non</span> <span class='ocrx_word' id='word_1_347' title='bbox 1649 4785 1848 4842; x_wconf 86' lang='lat' dir='ltr'>vident</span> <span class='ocrx_word' id='word_1_348' title='bbox 1899 4786 2157 4853; x_wconf 83' lang='lat' dir='ltr'>videant,</span> 
     </span>
    </p>
   </div>
   <div class='ocr_carea' id='block_1_49' title="bbox 499 4870 2161 4943">
    <p class='ocr_par' dir='ltr' id='par_1_49' title="bbox 499 4870 2161 4943">
     <span class='ocr_line' id='line_1_49' title="bbox 499 4870 2161 4943; baseline 0.002 -16"><span class='ocrx_word' id='word_1_349' title='bbox 499 4875 555 4927; x_wconf 84' lang='lat' dir='ltr'>et</span> <span class='ocrx_word' id='word_1_350' title='bbox 583 4870 900 4942; x_wconf 85' lang='lat' dir='ltr'>quivident</span> <span class='ocrx_word' id='word_1_351' title='bbox 934 4872 1072 4927; x_wconf 70' lang='lat' dir='ltr'>caeci</span> <span class='ocrx_word' id='word_1_352' title='bbox 1095 4874 1249 4940; x_wconf 76' lang='lat' dir='ltr'>ﬁant</span> <span class='ocrx_word' id='word_1_353' title='bbox 1290 4873 1335 4908; x_wconf 72' lang='grc'>⁸⁸</span> <span class='ocrx_word' id='word_1_354' title='bbox 1370 4890 1383 4939; x_wconf 90' lang='grc'>;</span> <span class='ocrx_word' id='word_1_355' title='bbox 1418 4873 1582 4929; x_wconf 90' lang='lat' dir='ltr'>aiunt</span> <span class='ocrx_word' id='word_1_356' title='bbox 1609 4875 1769 4929; x_wconf 88' lang='lat' dir='ltr'>enim</span> <span class='ocrx_word' id='word_1_357' title='bbox 1799 4873 2161 4943; x_wconf 81' lang='lat' dir='ltr'>signiﬁcare,</span> 
     </span>
    </p>
   </div>
   <div class='ocr_carea' id='block_1_50' title="bbox 497 4958 2166 5036">
    <p class='ocr_par' dir='ltr' id='par_1_50' title="bbox 497 4958 2166 5036">
     <span class='ocr_line' id='line_1_50' title="bbox 497 4958 2166 5036; baseline 0.001 -19"><span class='ocrx_word' id='word_1_358' title='bbox 497 4958 666 5032; x_wconf 91' lang='lat' dir='ltr'>quod</span> <span class='ocrx_word' id='word_1_359' title='bbox 695 4958 799 5032; x_wconf 87' lang='lat' dir='ltr'>qui</span> <span class='ocrx_word' id='word_1_360' title='bbox 827 4975 950 5017; x_wconf 92' lang='lat' dir='ltr'>non</span> <span class='ocrx_word' id='word_1_361' title='bbox 981 4960 1187 5018; x_wconf 88' lang='lat' dir='ltr'>vident</span> <span class='ocrx_word' id='word_1_362' title='bbox 1215 4962 1524 5029; x_wconf 89' lang='lat' dir='ltr'>videbunt,</span> <span class='ocrx_word' id='word_1_363' title='bbox 1552 4963 1720 5036; x_wconf 90' lang='lat' dir='ltr'>etqui</span> <span class='ocrx_word' id='word_1_364' title='bbox 1750 4962 1948 5019; x_wconf 89' lang='lat' dir='ltr'>vident</span> <span class='ocrx_word' id='word_1_365' title='bbox 1973 4978 2166 5019; x_wconf 70' lang='lat' dir='ltr'>exom-</span> 
     </span>
    </p>
   </div>
   <div class='ocr_carea' id='block_1_51' title="bbox 569 5138 1607 5207">
    <p class='ocr_par' dir='ltr' id='par_1_51' title="bbox 569 5138 1607 5207">
     <span class='ocr_line' id='line_1_51' title="bbox 569 5138 1607 5207; baseline 0.002 -13"><span class='ocrx_word' id='word_1_366' title='bbox 569 5138 613 5175; x_wconf 85' lang='grc'>³¹</span> <span class='ocrx_word' id='word_1_367' title='bbox 647 5138 828 5195; x_wconf 85' lang='lat' dir='ltr'>Exod.</span> <span class='ocrx_word' id='word_1_368' title='bbox 852 5154 951 5207; x_wconf 83' lang='lat' dir='ltr'>xx,</span> <span class='ocrx_word' id='word_1_369' title='bbox 975 5143 1026 5195; x_wconf 80' lang='lat'>5.</span> <span class='ocrx_word' id='word_1_370' title='bbox 1104 5142 1152 5177; x_wconf 69' lang='grc' dir='ltr'><strong>θ’</strong></span> <span class='ocrx_word' id='word_1_371' title='bbox 1168 5139 1335 5195; x_wconf 90' lang='lat' dir='ltr'>Deut.</span> <span class='ocrx_word' id='word_1_372' title='bbox 1359 5155 1498 5206; x_wconf 82' lang='lat' dir='ltr'>xxv,</span> <span class='ocrx_word' id='word_1_373' title='bbox 1526 5140 1607 5196; x_wconf 81' lang='grc'>16.</span> 
     </span>
    </p>
   </div>
   <div class='ocr_carea' id='block_1_52' title="bbox 1840 361 2565 421">
    <p class='ocr_par' dir='ltr' id='par_1_52' title="bbox 1840 361 2565 421">
     <span class='ocr_line' id='line_1_52' title="bbox 1840 361 2565 421; baseline 0.004 -3"><span class='ocrx_word' id='word_1_374' title='bbox 1840 361 2191 420; x_wconf 85' lang='lat' dir='ltr'>EUTHYMII</span> <span class='ocrx_word' id='word_1_375' title='bbox 2234 362 2565 421; x_wconf 86' lang='lat' dir='ltr'>ZIGABENI</span> 
     </span>
    </p>
   </div>
   <div class='ocr_carea' id='block_1_53' title="bbox 589 482 2261 563">
    <p class='ocr_par' dir='ltr' id='par_1_53' title="bbox 589 482 2261 563">
     <span class='ocr_line' id='line_1_53' title="bbox 589 482 2261 563; baseline 0.007 -27"><span class='ocrx_word' id='word_1_376' title='bbox 589 482 750 539; x_wconf 82' lang='lat' dir='ltr'>Vers.</span> <span class='ocrx_word' id='word_1_377' title='bbox 778 482 830 539; x_wconf 87' lang='lat'>3.</span> <span class='ocrx_word' id='word_1_378' title='bbox 860 484 1185 557; x_wconf 84' lang='lat' dir='ltr'>Respondit</span> <span class='ocrx_word' id='word_1_379' title='bbox 1222 520 1291 531; x_wconf 96' lang='lat'><em>—</em></span> <span class='ocrx_word' id='word_1_380' title='bbox 1320 490 1470 560; x_wconf 83' lang='lat' dir='ltr'>ejus.</span> <span class='ocrx_word' id='word_1_381' title='bbox 1507 489 1635 547; x_wconf 91' lang='lat' dir='ltr'>Non</span> <span class='ocrx_word' id='word_1_382' title='bbox 1685 490 1935 547; x_wconf 91' lang='lat' dir='ltr'>omnino</span> <span class='ocrx_word' id='word_1_383' title='bbox 1980 506 2016 547; x_wconf 91' lang='lat' dir='ltr'>a</span> <span class='ocrx_word' id='word_1_384' title='bbox 2038 506 2182 563; x_wconf 91' lang='lat' dir='ltr'>pec-</span> <span class='ocrx_word' id='word_1_385' title='bbox 2214 494 2261 548; x_wconf 83' lang='lat' dir='ltr'><strong>A</strong></span> 
     </span>
    </p>
   </div>
   <div class='ocr_carea' id='block_1_54' title="bbox 2140 4558 2234 4617">
    <p class='ocr_par' dir='ltr' id='par_1_54' title="bbox 2140 4558 2234 4617">
     <span class='ocr_line' id='line_1_54' title="bbox 2140 4558 2234 4617; baseline 0 0"><span class='ocrx_word' id='word_1_386' title='bbox 2140 4558 2154 4584; x_wconf 91' lang='lat'>’</span> <span class='ocrx_word' id='word_1_387' title='bbox 2188 4562 2234 4617; x_wconf 95' lang='lat' dir='ltr'>D</span> 
     </span>
    </p>
   </div>
   <div class='ocr_carea' id='block_1_55' title="bbox 1686 5139 2262 5203">
    <p class='ocr_par' dir='ltr' id='par_1_55' title="bbox 1686 5139 2262 5203">
     <span class='ocr_line' id='line_1_55' title="bbox 1686 5139 2262 5203; baseline 0 -9"><span class='ocrx_word' id='word_1_388' title='bbox 1686 5142 1731 5177; x_wconf 76' lang='grc'>⁸³</span> <span class='ocrx_word' id='word_1_389' title='bbox 1752 5139 1954 5197; x_wconf 87' lang='lat' dir='ltr'>Ezech.</span> <span class='ocrx_word' id='word_1_390' title='bbox 1971 5155 2127 5203; x_wconf 81' lang='lat' dir='ltr'>xvm,</span> <span class='ocrx_word' id='word_1_391' title='bbox 2150 5142 2262 5196; x_wconf 80' lang='grc'><strong>2-4.</strong></span> 
     </span>
    </p>
   </div>
   <div class='ocr_carea' id='block_1_56' title="bbox 3754 356 3901 426">
    <p class='ocr_par' dir='ltr' id='par_1_56' title="bbox 3754 356 3901 426">
     <span class='ocr_line' id='line_1_56' title="bbox 3754 356 3901 426; baseline 0.014 -1"><span class='ocrx_word' id='word_1_392' title='bbox 3754 356 3901 426; x_wconf 76' lang='grc'>1308</span> 
     </span>
    </p>
   </div>
   <div class='ocr_carea' id='block_1_57' title="bbox 2364 489 3903 568">
    <p class='ocr_par' dir='ltr' id='par_1_57' title="bbox 2364 489 3903 568">
     <span class='ocr_line' id='line_1_57' title="bbox 2364 489 3903 568; baseline 0.003 -24"><span class='ocrx_word' id='word_1_393' title='bbox 2364 489 2649 566; x_wconf 78' lang='grc' dir='ltr'>’Ᾱπεκρίθη</span> <span class='ocrx_word' id='word_1_394' title='bbox 2681 523 2747 535; x_wconf 87' lang='lat'><strong>-</strong></span> <span class='ocrx_word' id='word_1_395' title='bbox 2773 493 2955 546; x_wconf 77' lang='grc' dir='ltr'>αὐτοῦ.</span> <span class='ocrx_word' id='word_1_396' title='bbox 2983 493 3059 547; x_wconf 88' lang='grc' dir='ltr'>Ού</span> <span class='ocrx_word' id='word_1_397' title='bbox 3086 490 3346 557; x_wconf 76' lang='grc' dir='ltr'>παντελῶς</span> <span class='ocrx_word' id='word_1_398' title='bbox 3371 491 3771 568; x_wconf 78' lang='grc' dir='ltr'>ἀναμαρτήτους</span> <span class='ocrx_word' id='word_1_399' title='bbox 3801 496 3903 548; x_wconf 80' lang='grc' dir='ltr'>αύ-</span> 
     </span>
    </p>
   </div>
   <div class='ocr_carea' id='block_1_58' title="bbox 2289 581 3899 656">
    <p class='ocr_par' dir='ltr' id='par_1_58' title="bbox 2289 581 3899 656">
     <span class='ocr_line' id='line_1_58' title="bbox 2289 581 3899 656; baseline 0.004 -24"><span class='ocrx_word' id='word_1_400' title='bbox 2289 582 2407 641; x_wconf 83' lang='grc' dir='ltr'>τούς</span> <span class='ocrx_word' id='word_1_401' title='bbox 2437 601 2617 654; x_wconf 84' lang='grc' dir='ltr'>φησιν,</span> <span class='ocrx_word' id='word_1_402' title='bbox 2662 581 2772 634; x_wconf 71' lang='grc' dir='ltr'>ἀλλ’</span> <span class='ocrx_word' id='word_1_403' title='bbox 2817 586 2937 636; x_wconf 83' lang='grc' dir='ltr'>ὅσον</span> <span class='ocrx_word' id='word_1_404' title='bbox 2967 583 3041 646; x_wconf 83' lang='grc' dir='ltr'>εἰς</span> <span class='ocrx_word' id='word_1_405' title='bbox 3082 586 3141 635; x_wconf 87' lang='grc' dir='ltr'>τὸ</span> <span class='ocrx_word' id='word_1_406' title='bbox 3170 582 3500 656; x_wconf 80' lang='grc' dir='ltr'>τυφλωθῆναι</span> <span class='ocrx_word' id='word_1_407' title='bbox 3530 603 3733 650; x_wconf 84' lang='grc' dir='ltr'>τουτον,</span> <span class='ocrx_word' id='word_1_408' title='bbox 3768 583 3899 639; x_wconf 82' lang='grc' dir='ltr'>ἁνα-</span> 
     </span>
    </p>
   </div>
   <div class='ocr_carea' id='block_1_59' title="bbox 2288 670 3387 745">
    <p class='ocr_par' dir='ltr' id='par_1_59' title="bbox 2288 670 3387 745">
     <span class='ocr_line' id='line_1_59' title="bbox 2288 670 3387 745; baseline 0.004 -24"><span class='ocrx_word' id='word_1_409' title='bbox 2288 675 2589 743; x_wconf 75' lang='grc' dir='ltr'>μαρτήτους</span> <span class='ocrx_word' id='word_1_410' title='bbox 2616 670 2885 734; x_wconf 81' lang='grc' dir='ltr'>κάκείνους</span> <span class='ocrx_word' id='word_1_411' title='bbox 2919 676 3009 725; x_wconf 87' lang='grc' dir='ltr'>καὶ</span> <span class='ocrx_word' id='word_1_412' title='bbox 3039 679 3219 725; x_wconf 88' lang='grc' dir='ltr'>τοῦτον</span> <span class='ocrx_word' id='word_1_413' title='bbox 3250 673 3387 745; x_wconf 88' lang='grc'>(76).</span> 
     </span>
    </p>
   </div>
   <div class='ocr_carea' id='block_1_60' title="bbox 2359 848 3893 924">
    <p class='ocr_par' dir='ltr' id='par_1_60' title="bbox 2359 848 3893 924">
     <span class='ocr_line' id='line_1_60' title="bbox 2359 848 3893 924; baseline 0.001 -22"><span class='ocrx_word' id='word_1_414' title='bbox 2359 848 2615 903; x_wconf 76' lang='grc' dir='ltr'>Ἐντεῦθεν</span> <span class='ocrx_word' id='word_1_415' title='bbox 2682 849 2859 903; x_wconf 87' lang='grc' dir='ltr'>λοιπὸν</span> <span class='ocrx_word' id='word_1_416' title='bbox 3104 853 3426 924; x_wconf 75' lang='grc' dir='ltr'>μανθάνομεν</span> <span class='ocrx_word' id='word_1_417' title='bbox 3516 853 3592 904; x_wconf 81' lang='grc' dir='ltr'>ὅτι</span> <span class='ocrx_word' id='word_1_418' title='bbox 3652 855 3893 924; x_wconf 77' lang='grc' dir='ltr'>πατέρων</span> 
     </span>
    </p>
   </div>
   <div class='ocr_carea' id='block_1_61' title="bbox 2288 935 3891 1016">
    <p class='ocr_par' dir='ltr' id='par_1_61' title="bbox 2288 935 3891 1016">
     <span class='ocr_line' id='line_1_61' title="bbox 2288 935 3891 1016; baseline 0.002 -27"><span class='ocrx_word' id='word_1_419' title='bbox 2288 935 2683 1012; x_wconf 77' lang='grc' dir='ltr'>ἁμαρτανόντων</span> <span class='ocrx_word' id='word_1_420' title='bbox 2748 939 2808 993; x_wconf 84' lang='grc' dir='ltr'>ού</span> <span class='ocrx_word' id='word_1_421' title='bbox 2865 939 3171 1001; x_wconf 72' lang='grc' dir='ltr'>κολάζονται</span> <span class='ocrx_word' id='word_1_422' title='bbox 3223 937 3431 1003; x_wconf 81' lang='grc' dir='ltr'>παῖδες.</span> <span class='ocrx_word' id='word_1_423' title='bbox 3488 941 3548 994; x_wconf 85' lang='grc' dir='ltr'>Εἰ</span> <span class='ocrx_word' id='word_1_424' title='bbox 3574 943 3677 1016; x_wconf 81' lang='grc' dir='ltr'>γὰρ</span> <span class='ocrx_word' id='word_1_425' title='bbox 3713 941 3891 994; x_wconf 82' lang='grc' dir='ltr'>καὶέν</span> 
     </span>
    </p>
   </div>
   <div class='ocr_carea' id='block_1_62' title="bbox 2285 1025 3892 1105">
    <p class='ocr_par' dir='ltr' id='par_1_62' title="bbox 2285 1025 3892 1105">
     <span class='ocr_line' id='line_1_62' title="bbox 2285 1025 3892 1105; baseline 0.002 -26"><span class='ocrx_word' id='word_1_426' title='bbox 2285 1035 2347 1099; x_wconf 78' lang='grc' dir='ltr'>τῇ</span> <span class='ocrx_word' id='word_1_427' title='bbox 2394 1025 2590 1101; x_wconf 79' lang='grc' dir='ltr'>Ἐξόδῳ</span> <span class='ocrx_word' id='word_1_428' title='bbox 2648 1034 2765 1103; x_wconf 86' lang='grc' dir='ltr'>περὶ</span> <span class='ocrx_word' id='word_1_429' title='bbox 2814 1037 2905 1082; x_wconf 87' lang='grc' dir='ltr'>τοῦ</span> <span class='ocrx_word' id='word_1_430' title='bbox 2949 1037 3082 1084; x_wconf 86' lang='grc' dir='ltr'>Θεοῦ</span> <span class='ocrx_word' id='word_1_431' title='bbox 3141 1034 3431 1105; x_wconf 74' lang='grc' dir='ltr'>γέγραπται</span> <span class='ocrx_word' id='word_1_432' title='bbox 3495 1032 3576 1082; x_wconf 84' lang='grc' dir='ltr'>ὃτι</span> <span class='ocrx_word' id='word_1_433' title='bbox 3655 1027 3892 1084; x_wconf 79' lang='grc' dir='ltr'>’Δποδι-</span> 
     </span>
    </p>
   </div>
   <div class='ocr_carea' id='block_1_63' title="bbox 2286 1110 3893 1193">
    <p class='ocr_par' dir='ltr' id='par_1_63' title="bbox 2286 1110 3893 1193">
     <span class='ocr_line' id='line_1_63' title="bbox 2286 1110 3893 1193; baseline 0.002 -26"><span class='ocrx_word' id='word_1_434' title='bbox 2286 1110 2414 1178; x_wconf 84' lang='grc' dir='ltr'>δούς</span> <span class='ocrx_word' id='word_1_435' title='bbox 2461 1116 2715 1191; x_wconf 87' lang='grc' dir='ltr'>ἁμαρτίας</span> <span class='ocrx_word' id='word_1_436' title='bbox 2779 1122 3011 1191; x_wconf 83' lang='grc' dir='ltr'>πατέρων</span> <span class='ocrx_word' id='word_1_437' title='bbox 3072 1118 3155 1172; x_wconf 73' lang='grc' dir='ltr'>ἐπὶ</span> <span class='ocrx_word' id='word_1_438' title='bbox 3214 1124 3368 1172; x_wconf 74' lang='grc' dir='ltr'>τέκνα</span> <span class='ocrx_word' id='word_1_439' title='bbox 3415 1117 3493 1171; x_wconf 76' lang='grc' dir='ltr'>ἐπὶ</span> <span class='ocrx_word' id='word_1_440' title='bbox 3565 1124 3748 1193; x_wconf 79' lang='grc' dir='ltr'>τρίτην</span> <span class='ocrx_word' id='word_1_441' title='bbox 3791 1124 3893 1171; x_wconf 80' lang='grc' dir='ltr'>καὶ</span> 
     </span>
    </p>
   </div>
   <div class='ocr_carea' id='block_1_64' title="bbox 2283 1205 3890 1283">
    <p class='ocr_par' dir='ltr' id='par_1_64' title="bbox 2283 1205 3890 1283">
     <span class='ocr_line' id='line_1_64' title="bbox 2283 1205 3890 1283; baseline 0.001 -26"><span class='ocrx_word' id='word_1_442' title='bbox 2283 1207 2533 1280; x_wconf 72' lang='grc' dir='ltr'>τετάρτην</span> <span class='ocrx_word' id='word_1_443' title='bbox 2588 1209 2763 1279; x_wconf 77' lang='grc' dir='ltr'>γενεάν</span> <span class='ocrx_word' id='word_1_444' title='bbox 2797 1226 2809 1238; x_wconf 89' lang='grc'><strong>·</strong></span> <span class='ocrx_word' id='word_1_445' title='bbox 2843 1207 2972 1261; x_wconf 75' lang='grc' dir='ltr'>ἀλλὰ</span> <span class='ocrx_word' id='word_1_446' title='bbox 3033 1205 3107 1262; x_wconf 85' lang='grc' dir='ltr'>δι’</span> <span class='ocrx_word' id='word_1_447' title='bbox 3158 1206 3383 1268; x_wconf 74' lang='grc' dir='ltr'>ἐκείνους</span> <span class='ocrx_word' id='word_1_448' title='bbox 3431 1213 3616 1281; x_wconf 78' lang='grc' dir='ltr'>μόνους</span> <span class='ocrx_word' id='word_1_449' title='bbox 3677 1211 3890 1283; x_wconf 80' lang='grc' dir='ltr'>εἴρηται</span> 
     </span>
    </p>
   </div>
   <div class='ocr_carea' id='block_1_65' title="bbox 2283 1294 3884 1371">
    <p class='ocr_par' dir='ltr' id='par_1_65' title="bbox 2283 1294 3884 1371">
     <span class='ocr_line' id='line_1_65' title="bbox 2283 1294 3884 1371; baseline 0.003 -25"><span class='ocrx_word' id='word_1_450' title='bbox 2283 1298 2407 1358; x_wconf 81' lang='grc' dir='ltr'>τοὺς</span> <span class='ocrx_word' id='word_1_451' title='bbox 2450 1296 2724 1370; x_wconf 71' lang='grc' dir='ltr'>μέλλοντας</span> <span class='ocrx_word' id='word_1_452' title='bbox 2775 1296 2829 1350; x_wconf 75' lang='grc' dir='ltr'>ἔκ</span> <span class='ocrx_word' id='word_1_453' title='bbox 2869 1305 2969 1350; x_wconf 88' lang='grc' dir='ltr'>τῶν</span> <span class='ocrx_word' id='word_1_454' title='bbox 3020 1296 3362 1371; x_wconf 74' lang='grc' dir='ltr'>Ἰσραηλιτῶν</span> <span class='ocrx_word' id='word_1_455' title='bbox 3409 1294 3884 1369; x_wconf 76' lang='grc' dir='ltr'>εἰδωλολατρῆσαι.</span> 
     </span>
    </p>
   </div>
   <div class='ocr_carea' id='block_1_66' title="bbox 2286 1383 3889 1462">
    <p class='ocr_par' dir='ltr' id='par_1_66' title="bbox 2286 1383 3889 1462">
     <span class='ocr_line' id='line_1_66' title="bbox 2286 1383 3889 1462; baseline -0.001 -24"><span class='ocrx_word' id='word_1_456' title='bbox 2286 1383 2425 1438; x_wconf 84' lang='grc' dir='ltr'>Ἐπεὶ</span> <span class='ocrx_word' id='word_1_457' title='bbox 2477 1388 2577 1462; x_wconf 83' lang='grc' dir='ltr'>γὰρ</span> <span class='ocrx_word' id='word_1_458' title='bbox 2622 1385 2890 1447; x_wconf 72' lang='grc' dir='ltr'>ἐζήλωσαν</span> <span class='ocrx_word' id='word_1_459' title='bbox 2944 1390 3037 1445; x_wconf 78' lang='grc' dir='ltr'>τὴν</span> <span class='ocrx_word' id='word_1_460' title='bbox 3079 1384 3315 1439; x_wconf 76' lang='grc' dir='ltr'>ἀσέϐειαν</span> <span class='ocrx_word' id='word_1_461' title='bbox 3381 1394 3481 1439; x_wconf 88' lang='grc' dir='ltr'>τῶν</span> <span class='ocrx_word' id='word_1_462' title='bbox 3530 1387 3581 1439; x_wconf 77' lang='grc' dir='ltr'>ἓν</span> <span class='ocrx_word' id='word_1_463' title='bbox 3628 1386 3889 1457; x_wconf 71' lang='grc' dir='ltr'>Αἰγύπτῳ</span> 
     </span>
    </p>
   </div>
   <div class='ocr_carea' id='block_1_67' title="bbox 2284 1471 3890 1551">
    <p class='ocr_par' dir='ltr' id='par_1_67' title="bbox 2284 1471 3890 1551">
     <span class='ocr_line' id='line_1_67' title="bbox 2284 1471 3890 1551; baseline -0.001 -26"><span class='ocrx_word' id='word_1_464' title='bbox 2284 1471 2834 1551; x_wconf 82' lang='grc' dir='ltr'>εἰδωλολατρησοίντων</span> <span class='ocrx_word' id='word_1_465' title='bbox 2899 1479 3087 1548; x_wconf 75' lang='grc' dir='ltr'>γόνέων</span> <span class='ocrx_word' id='word_1_466' title='bbox 3179 1474 3368 1542; x_wconf 74' lang='grc' dir='ltr'>αὐτῶν,</span> <span class='ocrx_word' id='word_1_467' title='bbox 3457 1472 3723 1528; x_wconf 73' lang='grc' dir='ltr'>ἀπέδωκεν</span> <span class='ocrx_word' id='word_1_468' title='bbox 3788 1473 3890 1526; x_wconf 73' lang='grc' dir='ltr'>αύ-</span> 
     </span>
    </p>
   </div>
   <div class='ocr_carea' id='block_1_68' title="bbox 2283 1563 3889 1638">
    <p class='ocr_par' dir='ltr' id='par_1_68' title="bbox 2283 1563 3889 1638">
     <span class='ocr_line' id='line_1_68' title="bbox 2283 1563 3889 1638; baseline -0.001 -23"><span class='ocrx_word' id='word_1_469' title='bbox 2283 1571 2392 1624; x_wconf 89' lang='grc' dir='ltr'>τοίς</span> <span class='ocrx_word' id='word_1_470' title='bbox 2444 1568 2537 1621; x_wconf 78' lang='grc' dir='ltr'>τὴν</span> <span class='ocrx_word' id='word_1_471' title='bbox 2589 1569 2843 1638; x_wconf 77' lang='grc' dir='ltr'>τιμωρίαν</span> <span class='ocrx_word' id='word_1_472' title='bbox 2887 1563 3087 1617; x_wconf 74' lang='grc' dir='ltr'>ἐκείνων</span> <span class='ocrx_word' id='word_1_473' title='bbox 3163 1564 3393 1625; x_wconf 76' lang='grc' dir='ltr'>εἰκότως.</span> <span class='ocrx_word' id='word_1_474' title='bbox 3455 1571 3555 1615; x_wconf 84' lang='grc' dir='ltr'>Ὧν</span> <span class='ocrx_word' id='word_1_475' title='bbox 3601 1566 3700 1635; x_wconf 69' lang='grc' dir='ltr'>γὰρ</span> <span class='ocrx_word' id='word_1_476' title='bbox 3761 1565 3889 1614; x_wconf 83' lang='grc' dir='ltr'>ἶσαι</span> 
     </span>
    </p>
   </div>
   <div class='ocr_carea' id='block_1_69' title="bbox 2284 1649 3889 1728">
    <p class='ocr_par' dir='ltr' id='par_1_69' title="bbox 2284 1649 3889 1728">
     <span class='ocr_line' id='line_1_69' title="bbox 2284 1649 3889 1728; baseline -0.002 -24"><span class='ocrx_word' id='word_1_477' title='bbox 2284 1654 2338 1705; x_wconf 85' lang='grc' dir='ltr'>αἱ</span> <span class='ocrx_word' id='word_1_478' title='bbox 2369 1652 2622 1728; x_wconf 73' lang='grc' dir='ltr'>ἁμαρτίαι</span> <span class='ocrx_word' id='word_1_479' title='bbox 2677 1653 2813 1726; x_wconf 88' lang='grc'>(78),</span> <span class='ocrx_word' id='word_1_480' title='bbox 2863 1656 3063 1714; x_wconf 80' lang='grc' dir='ltr'>τούτοις</span> <span class='ocrx_word' id='word_1_481' title='bbox 3102 1656 3216 1706; x_wconf 83' lang='grc' dir='ltr'>ἶσαι</span> <span class='ocrx_word' id='word_1_482' title='bbox 3269 1656 3470 1713; x_wconf 75' lang='grc' dir='ltr'>πάντως</span> <span class='ocrx_word' id='word_1_483' title='bbox 3519 1657 3606 1704; x_wconf 81' lang='grc' dir='ltr'>καὶ</span> <span class='ocrx_word' id='word_1_484' title='bbox 3648 1653 3701 1703; x_wconf 86' lang='grc' dir='ltr'>αἱ</span> <span class='ocrx_word' id='word_1_485' title='bbox 3728 1649 3889 1702; x_wconf 68' lang='grc' dir='ltr'>κολά-</span> 
     </span>
    </p>
   </div>
   <div class='ocr_carea' id='block_1_70' title="bbox 2284 1740 3889 1815">
    <p class='ocr_par' dir='ltr' id='par_1_70' title="bbox 2284 1740 3889 1815">
     <span class='ocr_line' id='line_1_70' title="bbox 2284 1740 3889 1815; baseline -0.001 -20"><span class='ocrx_word' id='word_1_486' title='bbox 2284 1762 2406 1803; x_wconf 83' lang='grc' dir='ltr'>σεις.</span> <span class='ocrx_word' id='word_1_487' title='bbox 2464 1742 2708 1813; x_wconf 79' lang='grc' dir='ltr'>’Υστερον</span> <span class='ocrx_word' id='word_1_488' title='bbox 2773 1745 2875 1815; x_wconf 80' lang='grc' dir='ltr'>γὰρ</span> <span class='ocrx_word' id='word_1_489' title='bbox 2954 1744 3242 1815; x_wconf 77' lang='grc' dir='ltr'>νομοθετῶν</span> <span class='ocrx_word' id='word_1_490' title='bbox 3293 1740 3389 1795; x_wconf 79' lang='grc' dir='ltr'>διὰ</span> <span class='ocrx_word' id='word_1_491' title='bbox 3448 1745 3721 1811; x_wconf 76' lang='grc' dir='ltr'>Μωῦσέως,</span> <span class='ocrx_word' id='word_1_492' title='bbox 3777 1760 3889 1812; x_wconf 79' lang='grc' dir='ltr'>φη·-</span> 
     </span>
    </p>
   </div>
   <div class='ocr_carea' id='block_1_71' title="bbox 2499 1828 3886 1906">
    <p class='ocr_par' dir='ltr' id='par_1_71' title="bbox 2499 1828 3886 1906">
     <span class='ocr_line' id='line_1_71' title="bbox 2499 1828 3886 1906; baseline -0.004 -20"><span class='ocrx_word' id='word_1_493' title='bbox 2499 1832 2606 1886; x_wconf 84' lang='grc' dir='ltr'>Ούκ</span> <span class='ocrx_word' id='word_1_494' title='bbox 2701 1832 3081 1887; x_wconf 75' lang='grc' dir='ltr'>ἀποθανοῦνται</span> <span class='ocrx_word' id='word_1_495' title='bbox 3159 1828 3344 1893; x_wconf 80' lang='grc' dir='ltr'>παῖδες</span> <span class='ocrx_word' id='word_1_496' title='bbox 3421 1833 3548 1906; x_wconf 67' lang='grc' dir='ltr'>ὑπὲρ</span> <span class='ocrx_word' id='word_1_497' title='bbox 3624 1833 3886 1902; x_wconf 71' lang='grc' dir='ltr'>πατέρων,</span> 
     </span>
    </p>
   </div>
   <div class='ocr_carea' id='block_1_72' title="bbox 2280 1916 3887 1995">
    <p class='ocr_par' dir='ltr' id='par_1_72' title="bbox 2280 1916 3887 1995">
     <span class='ocr_line' id='line_1_72' title="bbox 2280 1916 3887 1995; baseline -0.002 -22"><span class='ocrx_word' id='word_1_498' title='bbox 2280 1918 2404 1974; x_wconf 72' lang='grc' dir='ltr'>ούδὲ</span> <span class='ocrx_word' id='word_1_499' title='bbox 2481 1926 2692 1995; x_wconf 82' lang='grc' dir='ltr'>πατέρες</span> <span class='ocrx_word' id='word_1_500' title='bbox 2774 1924 2900 1994; x_wconf 68' lang='grc' dir='ltr'>ύπὶρ</span> <span class='ocrx_word' id='word_1_501' title='bbox 2960 1918 3164 1975; x_wconf 67' lang='grc' dir='ltr'>παίδων</span> <span class='ocrx_word' id='word_1_502' title='bbox 3249 1938 3261 1951; x_wconf 83' lang='lat'><strong>&#39;</strong></span> <span class='ocrx_word' id='word_1_503' title='bbox 3331 1924 3419 1972; x_wconf 84' lang='grc' dir='ltr'>καὶ</span> <span class='ocrx_word' id='word_1_504' title='bbox 3485 1916 3579 1972; x_wconf 83' lang='grc' dir='ltr'>διὰ</span> <span class='ocrx_word' id='word_1_505' title='bbox 3628 1918 3887 1979; x_wconf 69' lang='grc' dir='ltr'>Ἰεζεκιὴλ</span> 
     </span>
    </p>
   </div>
   <div class='ocr_carea' id='block_1_73' title="bbox 2279 2008 3880 2085">
    <p class='ocr_par' dir='ltr' id='par_1_73' title="bbox 2279 2008 3880 2085">
     <span class='ocr_line' id='line_1_73' title="bbox 2279 2008 3880 2085; baseline -0.002 -23"><span class='ocrx_word' id='word_1_506' title='bbox 2279 2010 2434 2069; x_wconf 81' lang='grc' dir='ltr'>πήλιν</span> <span class='ocrx_word' id='word_1_507' title='bbox 2480 2010 2653 2083; x_wconf 71' lang='grc' dir='ltr'>λέγει’</span> <span class='ocrx_word' id='word_1_508' title='bbox 2706 2015 2770 2064; x_wconf 88' lang='grc' dir='ltr'>Τί</span> <span class='ocrx_word' id='word_1_509' title='bbox 2819 2013 2994 2085; x_wconf 80' lang='grc' dir='ltr'>ύμῐνή</span> <span class='ocrx_word' id='word_1_510' title='bbox 3051 2008 3324 2083; x_wconf 75' lang='grc' dir='ltr'>παραϐολὴ</span> <span class='ocrx_word' id='word_1_511' title='bbox 3386 2009 3545 2076; x_wconf 74' lang='grc' dir='ltr'>αὕτη,</span> <span class='ocrx_word' id='word_1_512' title='bbox 3601 2008 3880 2079; x_wconf 69' lang='grc' dir='ltr'>λεγόντων,</span> 
     </span>
    </p>
   </div>
   <div class='ocr_carea' id='block_1_74' title="bbox 2280 2095 3886 2175">
    <p class='ocr_par' dir='ltr' id='par_1_74' title="bbox 2280 2095 3886 2175">
     <span class='ocr_line' id='line_1_74' title="bbox 2280 2095 3886 2175; baseline -0.001 -22"><span class='ocrx_word' id='word_1_513' title='bbox 2280 2095 2347 2153; x_wconf 70' lang='grc' dir='ltr'>Οἱ</span> <span class='ocrx_word' id='word_1_514' title='bbox 2366 2105 2577 2174; x_wconf 82' lang='grc' dir='ltr'>πατέρες</span> <span class='ocrx_word' id='word_1_515' title='bbox 2590 2103 2778 2175; x_wconf 76' lang='grc' dir='ltr'>ἔφαγον</span> <span class='ocrx_word' id='word_1_516' title='bbox 2800 2105 3123 2174; x_wconf 52' lang='grc' dir='ltr'>ᾅαφακαμαὶ</span> <span class='ocrx_word' id='word_1_517' title='bbox 3144 2102 3193 2153; x_wconf 89' lang='grc' dir='ltr'>οἱ</span> <span class='ocrx_word' id='word_1_518' title='bbox 3218 2096 3426 2160; x_wconf 81' lang='grc' dir='ltr'>ὀδόντες</span> <span class='ocrx_word' id='word_1_519' title='bbox 3443 2107 3543 2151; x_wconf 85' lang='grc' dir='ltr'>τῶν</span> <span class='ocrx_word' id='word_1_520' title='bbox 3568 2098 3886 2164; x_wconf 80' lang='grc' dir='ltr'>τέκνων(⁴ῖ9)</span> 
     </span>
    </p>
   </div>
   <div class='ocr_carea' id='block_1_75' title="bbox 2279 2187 3884 2265">
    <p class='ocr_par' dir='ltr' id='par_1_75' title="bbox 2279 2187 3884 2265">
     <span class='ocr_line' id='line_1_75' title="bbox 2279 2187 3884 2265; baseline -0.001 -26"><span class='ocrx_word' id='word_1_521' title='bbox 2279 2187 2586 2262; x_wconf 82' lang='grc' dir='ltr'>ώμοδίασαν</span> <span class='ocrx_word' id='word_1_522' title='bbox 2621 2208 2635 2259; x_wconf 89' lang='grc'><strong>;</strong></span> <span class='ocrx_word' id='word_1_523' title='bbox 2666 2197 2748 2243; x_wconf 86' lang='grc' dir='ltr'>Ζῶ</span> <span class='ocrx_word' id='word_1_524' title='bbox 2798 2191 2919 2262; x_wconf 73' lang='grc' dir='ltr'>ἐγὼ,</span> <span class='ocrx_word' id='word_1_525' title='bbox 2950 2192 3086 2262; x_wconf 76' lang='grc' dir='ltr'>λέγει</span> <span class='ocrx_word' id='word_1_526' title='bbox 3145 2192 3350 2265; x_wconf 80' lang='grc' dir='ltr'>Κύριος,</span> <span class='ocrx_word' id='word_1_527' title='bbox 3392 2188 3436 2241; x_wconf 87' lang='grc' dir='ltr'>εἱ</span> <span class='ocrx_word' id='word_1_528' title='bbox 3462 2190 3614 2240; x_wconf 79' lang='grc' dir='ltr'>ἔσται</span> <span class='ocrx_word' id='word_1_529' title='bbox 3647 2189 3677 2245; x_wconf 74' lang='grc' dir='ltr'>ἡ</span> <span class='ocrx_word' id='word_1_530' title='bbox 3712 2206 3884 2259; x_wconf 78' lang='grc' dir='ltr'>παρα-</span> 
     </span>
    </p>
   </div>
   <div class='ocr_carea' id='block_1_76' title="bbox 2280 2271 3879 2353">
    <p class='ocr_par' dir='ltr' id='par_1_76' title="bbox 2280 2271 3879 2353">
     <span class='ocr_line' id='line_1_76' title="bbox 2280 2271 3879 2353; baseline -0.002 -21"><span class='ocrx_word' id='word_1_531' title='bbox 2280 2278 2402 2339; x_wconf 82' lang='grc' dir='ltr'>ϐολή</span> <span class='ocrx_word' id='word_1_532' title='bbox 2433 2280 2564 2340; x_wconf 75' lang='grc' dir='ltr'>αὕτη</span> <span class='ocrx_word' id='word_1_533' title='bbox 2619 2295 2634 2311; x_wconf 80' lang='grc'><strong><em>⁸</em></strong></span> <span class='ocrx_word' id='word_1_534' title='bbox 2669 2279 2796 2333; x_wconf 77' lang='grc' dir='ltr'>ἀλλὰ</span> <span class='ocrx_word' id='word_1_535' title='bbox 2820 2290 2920 2333; x_wconf 85' lang='grc' dir='ltr'>τῶν</span> <span class='ocrx_word' id='word_1_536' title='bbox 2951 2284 3216 2353; x_wconf 74' lang='grc' dir='ltr'>φαγόντων</span> <span class='ocrx_word' id='word_1_537' title='bbox 3269 2282 3356 2331; x_wconf 88' lang='grc' dir='ltr'>τὸν</span> <span class='ocrx_word' id='word_1_538' title='bbox 3387 2282 3600 2351; x_wconf 78' lang='grc' dir='ltr'>ὄμφακα</span> <span class='ocrx_word' id='word_1_539' title='bbox 3644 2271 3879 2350; x_wconf 70' lang='grc' dir='ltr'>ὡμοὸια-</span> 
     </span>
    </p>
   </div>
   <div class='ocr_carea' id='block_1_77' title="bbox 2281 2366 2804 2431">
    <p class='ocr_par' dir='ltr' id='par_1_77' title="bbox 2281 2366 2804 2431">
     <span class='ocr_line' id='line_1_77' title="bbox 2281 2366 2804 2431; baseline 0.006 -9"><span class='ocrx_word' id='word_1_540' title='bbox 2281 2389 2463 2422; x_wconf 87' lang='grc' dir='ltr'>σουσιν</span> <span class='ocrx_word' id='word_1_541' title='bbox 2493 2373 2542 2422; x_wconf 88' lang='grc' dir='ltr'>οἱ</span> <span class='ocrx_word' id='word_1_542' title='bbox 2582 2366 2804 2431; x_wconf 78' lang='grc' dir='ltr'>ὀδόντες.</span> 
     </span>
    </p>
   </div>
   <div class='ocr_carea' id='block_1_78' title="bbox 2352 2543 3879 2621">
    <p class='ocr_par' dir='ltr' id='par_1_78' title="bbox 2352 2543 3879 2621">
     <span class='ocr_line' id='line_1_78' title="bbox 2352 2543 3879 2621; baseline -0.002 -20"><span class='ocrx_word' id='word_1_543' title='bbox 2352 2547 2468 2601; x_wconf 68' lang='lat' dir='ltr'>AD.’</span> <span class='ocrx_word' id='word_1_544' title='bbox 2521 2579 2591 2590; x_wconf 88' lang='lat'>—-</span> <span class='ocrx_word' id='word_1_545' title='bbox 2654 2567 2819 2621; x_wconf 84' lang='grc' dir='ltr'>αυτῳ.</span> <span class='ocrx_word' id='word_1_546' title='bbox 2895 2548 3064 2620; x_wconf 77' lang='grc' dir='ltr'>Ἔργα</span> <span class='ocrx_word' id='word_1_547' title='bbox 3113 2555 3203 2599; x_wconf 84' lang='grc' dir='ltr'>τοῦ</span> <span class='ocrx_word' id='word_1_548' title='bbox 3253 2554 3385 2601; x_wconf 89' lang='grc' dir='ltr'>Θεου</span> <span class='ocrx_word' id='word_1_549' title='bbox 3437 2545 3575 2617; x_wconf 73' lang='grc' dir='ltr'>λέγει</span> <span class='ocrx_word' id='word_1_550' title='bbox 3640 2550 3735 2603; x_wconf 74' lang='grc' dir='ltr'>τὴν</span> <span class='ocrx_word' id='word_1_551' title='bbox 3773 2543 3879 2598; x_wconf 70' lang='grc' dir='ltr'>ἀπὸ</span> 
     </span>
    </p>
   </div>
   <div class='ocr_carea' id='block_1_79' title="bbox 2278 2634 3879 2711">
    <p class='ocr_par' dir='ltr' id='par_1_79' title="bbox 2278 2634 3879 2711">
     <span class='ocr_line' id='line_1_79' title="bbox 2278 2634 3879 2711; baseline -0.002 -23"><span class='ocrx_word' id='word_1_552' title='bbox 2278 2640 2410 2708; x_wconf 80' lang='grc' dir='ltr'>χοὸς</span> <span class='ocrx_word' id='word_1_553' title='bbox 2464 2637 2654 2690; x_wconf 82' lang='grc' dir='ltr'>πλάσιν</span> <span class='ocrx_word' id='word_1_554' title='bbox 2707 2647 2806 2690; x_wconf 90' lang='grc' dir='ltr'>τῶν</span> <span class='ocrx_word' id='word_1_555' title='bbox 2860 2637 3137 2711; x_wconf 74' lang='grc' dir='ltr'>ὀφθαλμῶν</span> <span class='ocrx_word' id='word_1_556' title='bbox 3194 2643 3285 2688; x_wconf 79' lang='grc' dir='ltr'>τοῦ</span> <span class='ocrx_word' id='word_1_557' title='bbox 3338 2634 3549 2708; x_wconf 87' lang='grc' dir='ltr'>τυφλοῦ.</span> <span class='ocrx_word' id='word_1_558' title='bbox 3596 2637 3739 2688; x_wconf 79' lang='grc' dir='ltr'>Ἐπεὶ</span> <span class='ocrx_word' id='word_1_559' title='bbox 3771 2637 3879 2706; x_wconf 77' lang='grc' dir='ltr'>γὰρ</span> 
     </span>
    </p>
   </div>
   <div class='ocr_carea' id='block_1_80' title="bbox 2278 2722 3875 2801">
    <p class='ocr_par' dir='ltr' id='par_1_80' title="bbox 2278 2722 3875 2801">
     <span class='ocr_line' id='line_1_80' title="bbox 2278 2722 3875 2801; baseline -0.002 -23"><span class='ocrx_word' id='word_1_560' title='bbox 2278 2726 2682 2800; x_wconf 77' lang='grc' dir='ltr'>ὁμολογούμενον</span> <span class='ocrx_word' id='word_1_561' title='bbox 2727 2730 2875 2801; x_wconf 83' lang='grc' dir='ltr'>ἔργον</span> <span class='ocrx_word' id='word_1_562' title='bbox 2933 2735 3067 2781; x_wconf 85' lang='grc' dir='ltr'>Θεοῦ</span> <span class='ocrx_word' id='word_1_563' title='bbox 3134 2722 3195 2785; x_wconf 81' lang='grc' dir='ltr'>ἧν</span> <span class='ocrx_word' id='word_1_564' title='bbox 3250 2728 3278 2784; x_wconf 80' lang='grc' dir='ltr'><em>ἡ</em></span> <span class='ocrx_word' id='word_1_565' title='bbox 3336 2724 3436 2778; x_wconf 80' lang='grc' dir='ltr'>ἀπὸ</span> <span class='ocrx_word' id='word_1_566' title='bbox 3492 2727 3629 2797; x_wconf 82' lang='grc' dir='ltr'>χοὸς</span> <span class='ocrx_word' id='word_1_567' title='bbox 3686 2723 3875 2785; x_wconf 75' lang='grc' dir='ltr'>πλάσις</span> 
     </span>
    </p>
   </div>
   <div class='ocr_carea' id='block_1_81' title="bbox 2276 2812 3871 2889">
    <p class='ocr_par' dir='ltr' id='par_1_81' title="bbox 2276 2812 3871 2889">
     <span class='ocr_line' id='line_1_81' title="bbox 2276 2812 3871 2889; baseline -0.002 -22"><span class='ocrx_word' id='word_1_568' title='bbox 2276 2824 2368 2869; x_wconf 89' lang='grc' dir='ltr'>τοῦ</span> <span class='ocrx_word' id='word_1_569' title='bbox 2400 2823 2634 2889; x_wconf 82' lang='grc' dir='ltr'>σώματος</span> <span class='ocrx_word' id='word_1_570' title='bbox 2659 2825 2750 2870; x_wconf 82' lang='grc' dir='ltr'>τοῦ</span> <span class='ocrx_word' id='word_1_571' title='bbox 2780 2813 2977 2888; x_wconf 69' lang='grc' dir='ltr'>Ἀδὰμ,</span> <span class='ocrx_word' id='word_1_572' title='bbox 3033 2815 3134 2868; x_wconf 77' lang='grc' dir='ltr'>ἀπὸ</span> <span class='ocrx_word' id='word_1_573' title='bbox 3192 2818 3322 2887; x_wconf 82' lang='grc' dir='ltr'>χοὸς</span> <span class='ocrx_word' id='word_1_574' title='bbox 3363 2818 3453 2866; x_wconf 87' lang='grc' dir='ltr'>καὶ</span> <span class='ocrx_word' id='word_1_575' title='bbox 3479 2814 3632 2875; x_wconf 69' lang='grc' dir='ltr'>αὐτὸς</span> <span class='ocrx_word' id='word_1_576' title='bbox 3661 2812 3871 2866; x_wconf 65' lang='grc' dir='ltr'>πλάττει</span> 
     </span>
    </p>
   </div>
   <div class='ocr_carea' id='block_1_82' title="bbox 2275 2902 3867 2979">
    <p class='ocr_par' dir='ltr' id='par_1_82' title="bbox 2275 2902 3867 2979">
     <span class='ocr_line' id='line_1_82' title="bbox 2275 2902 3867 2979; baseline -0.003 -22"><span class='ocrx_word' id='word_1_577' title='bbox 2275 2909 2395 2968; x_wconf 79' lang='grc' dir='ltr'>τοὺς</span> <span class='ocrx_word' id='word_1_578' title='bbox 2421 2905 2714 2979; x_wconf 84' lang='grc' dir='ltr'>ὀφθαλμοὺς</span> <span class='ocrx_word' id='word_1_579' title='bbox 2766 2913 2858 2958; x_wconf 84' lang='grc' dir='ltr'>τοῦ</span> <span class='ocrx_word' id='word_1_580' title='bbox 2910 2905 3122 2979; x_wconf 81' lang='grc' dir='ltr'>τυφλοῦ,</span> <span class='ocrx_word' id='word_1_581' title='bbox 3174 2908 3231 2957; x_wconf 87' lang='grc' dir='ltr'>τὸ</span> <span class='ocrx_word' id='word_1_582' title='bbox 3272 2902 3547 2955; x_wconf 72' lang='grc' dir='ltr'>κάλλιστον</span> <span class='ocrx_word' id='word_1_583' title='bbox 3595 2907 3752 2974; x_wconf 75' lang='grc' dir='ltr'>μέρος</span> <span class='ocrx_word' id='word_1_584' title='bbox 3778 2908 3867 2953; x_wconf 85' lang='grc' dir='ltr'>τοῦ</span> 
     </span>
    </p>
   </div>
   <div class='ocr_carea' id='block_1_83' title="bbox 2278 2990 3860 3067">
    <p class='ocr_par' dir='ltr' id='par_1_83' title="bbox 2278 2990 3860 3067">
     <span class='ocr_line' id='line_1_83' title="bbox 2278 2990 3860 3067; baseline -0.004 -20"><span class='ocrx_word' id='word_1_585' title='bbox 2278 3001 2538 3067; x_wconf 85' lang='grc' dir='ltr'>σώματος,</span> <span class='ocrx_word' id='word_1_586' title='bbox 2591 2997 2673 3048; x_wconf 80' lang='grc' dir='ltr'>ἵνα</span> <span class='ocrx_word' id='word_1_587' title='bbox 2711 2993 2932 3048; x_wconf 75' lang='grc' dir='ltr'>ἐντεῦθεν</span> <span class='ocrx_word' id='word_1_588' title='bbox 2985 2998 3162 3067; x_wconf 85' lang='grc' dir='ltr'>φανείη</span> <span class='ocrx_word' id='word_1_589' title='bbox 3219 2992 3330 3065; x_wconf 88' lang='grc'>(80)</span> <span class='ocrx_word' id='word_1_590' title='bbox 3409 2995 3543 3054; x_wconf 84' lang='grc' dir='ltr'>Θεὸς</span> <span class='ocrx_word' id='word_1_591' title='bbox 3580 2990 3860 3064; x_wconf 73' lang='grc' dir='ltr'>ἀναμφιϐό-</span> 
     </span>
    </p>
   </div>
   <div class='ocr_carea' id='block_1_84' title="bbox 2273 3078 3845 3156">
    <p class='ocr_par' dir='ltr' id='par_1_84' title="bbox 2273 3078 3845 3156">
     <span class='ocr_line' id='line_1_84' title="bbox 2273 3078 3845 3156; baseline -0.003 -20"><span class='ocrx_word' id='word_1_592' title='bbox 2273 3084 2392 3153; x_wconf 80' lang='grc' dir='ltr'>λως,</span> <span class='ocrx_word' id='word_1_593' title='bbox 2426 3081 2511 3137; x_wconf 86' lang='grc' dir='ltr'>οἶα</span> <span class='ocrx_word' id='word_1_594' title='bbox 2561 3087 2628 3137; x_wconf 83' lang='grc' dir='ltr'>τὰ</span> <span class='ocrx_word' id='word_1_595' title='bbox 2654 3087 2746 3137; x_wconf 82' lang='grc' dir='ltr'>ἶσα</span> <span class='ocrx_word' id='word_1_596' title='bbox 2773 3092 2845 3156; x_wconf 84' lang='grc' dir='ltr'>τῷ</span> <span class='ocrx_word' id='word_1_597' title='bbox 2877 3091 2990 3155; x_wconf 83' lang='grc' dir='ltr'>Θεῷ</span> <span class='ocrx_word' id='word_1_598' title='bbox 3030 3079 3334 3156; x_wconf 79' lang='grc' dir='ltr'>δυνάμενος.</span> <span class='ocrx_word' id='word_1_599' title='bbox 3384 3080 3444 3134; x_wconf 87' lang='grc' dir='ltr'>Ὁ</span> <span class='ocrx_word' id='word_1_600' title='bbox 3479 3085 3582 3155; x_wconf 74' lang='grc' dir='ltr'>γὰρ</span> <span class='ocrx_word' id='word_1_601' title='bbox 3641 3085 3695 3132; x_wconf 84' lang='grc' dir='ltr'>τὸ</span> <span class='ocrx_word' id='word_1_602' title='bbox 3735 3078 3845 3129; x_wconf 73' lang='grc' dir='ltr'>κέλ·</span> 
     </span>
    </p>
   </div>
   <div class='ocr_carea' id='block_1_85' title="bbox 2272 3167 3840 3250">
    <p class='ocr_par' dir='ltr' id='par_1_85' title="bbox 2272 3167 3840 3250">
     <span class='ocr_line' id='line_1_85' title="bbox 2272 3167 3840 3250; baseline -0.005 -24"><span class='ocrx_word' id='word_1_603' title='bbox 2272 3173 2449 3227; x_wconf 86' lang='grc' dir='ltr'>λιστον</span> <span class='ocrx_word' id='word_1_604' title='bbox 2504 3179 2659 3250; x_wconf 86' lang='grc' dir='ltr'>μέρος</span> <span class='ocrx_word' id='word_1_605' title='bbox 2711 3175 2846 3226; x_wconf 75' lang='grc' dir='ltr'>οὕτω</span> <span class='ocrx_word' id='word_1_606' title='bbox 2917 3173 3141 3237; x_wconf 77' lang='grc' dir='ltr'>πλάσας,</span> <span class='ocrx_word' id='word_1_607' title='bbox 3197 3167 3417 3233; x_wconf 86' lang='grc' dir='ltr'>δυνατός</span> <span class='ocrx_word' id='word_1_608' title='bbox 3470 3176 3563 3224; x_wconf 83' lang='grc' dir='ltr'>καὶ</span> <span class='ocrx_word' id='word_1_609' title='bbox 3618 3174 3666 3223; x_wconf 81' lang='grc' dir='ltr'>τὸ</span> <span class='ocrx_word' id='word_1_610' title='bbox 3735 3167 3840 3219; x_wconf 81' lang='grc' dir='ltr'>ὅλον</span> 
     </span>
    </p>
   </div>
   <div class='ocr_carea' id='block_1_86' title="bbox 2273 3263 2492 3322">
    <p class='ocr_par' dir='ltr' id='par_1_86' title="bbox 2273 3263 2492 3322">
     <span class='ocr_line' id='line_1_86' title="bbox 2273 3263 2492 3322; baseline -0.005 -6"><span class='ocrx_word' id='word_1_611' title='bbox 2273 3263 2492 3322; x_wconf 81' lang='grc' dir='ltr'>πλάσαι.</span> 
     </span>
    </p>
   </div>
   <div class='ocr_carea' id='block_1_87' title="bbox 2345 3343 3867 3426">
    <p class='ocr_par' dir='ltr' id='par_1_87' title="bbox 2345 3343 3867 3426">
     <span class='ocr_line' id='line_1_87' title="bbox 2345 3343 3867 3426; baseline -0.006 -20"><span class='ocrx_word' id='word_1_612' title='bbox 2345 3352 2412 3418; x_wconf 69' lang='lat' dir='ltr'>&#39;H</span> <span class='ocrx_word' id='word_1_613' title='bbox 2444 3355 2570 3426; x_wconf 81' lang='grc' dir='ltr'>ἔργα</span> <span class='ocrx_word' id='word_1_614' title='bbox 2607 3360 2699 3405; x_wconf 90' lang='grc' dir='ltr'>τοῦ</span> <span class='ocrx_word' id='word_1_615' title='bbox 2753 3357 2887 3406; x_wconf 79' lang='grc' dir='ltr'>Θεοῦ</span> <span class='ocrx_word' id='word_1_616' title='bbox 2940 3370 3069 3423; x_wconf 88' lang='grc' dir='ltr'>φησι</span> <span class='ocrx_word' id='word_1_617' title='bbox 3100 3354 3193 3408; x_wconf 83' lang='grc' dir='ltr'>τὴν</span> <span class='ocrx_word' id='word_1_618' title='bbox 3248 3352 3606 3423; x_wconf 78' lang='grc' dir='ltr'>κεκρυμμένην</span> <span class='ocrx_word' id='word_1_619' title='bbox 3648 3343 3867 3418; x_wconf 72' lang='grc' dir='ltr'>δύναμιν</span> 
     </span>
    </p>
   </div>
   <div class='ocr_carea' id='block_1_88' title="bbox 2275 3436 3873 3509">
    <p class='ocr_par' dir='ltr' id='par_1_88' title="bbox 2275 3436 3873 3509">
     <span class='ocr_line' id='line_1_88' title="bbox 2275 3436 3873 3509; baseline -0.006 -14"><span class='ocrx_word' id='word_1_620' title='bbox 2275 3449 2364 3503; x_wconf 84' lang='grc' dir='ltr'>τῆς</span> <span class='ocrx_word' id='word_1_621' title='bbox 2423 3445 2664 3505; x_wconf 68' lang='grc' dir='ltr'>θεότητος</span> <span class='ocrx_word' id='word_1_622' title='bbox 2711 3441 2889 3509; x_wconf 69' lang='grc' dir='ltr'>αὑτοῦ,</span> <span class='ocrx_word' id='word_1_623' title='bbox 2960 3444 3075 3500; x_wconf 70' lang='grc' dir='ltr'>ἣτις</span> <span class='ocrx_word' id='word_1_624' title='bbox 3136 3443 3254 3491; x_wconf 86' lang='grc' dir='ltr'>τότε</span> <span class='ocrx_word' id='word_1_625' title='bbox 3300 3437 3490 3509; x_wconf 71' lang='grc' dir='ltr'>μᾶλλον</span> <span class='ocrx_word' id='word_1_626' title='bbox 3556 3436 3737 3508; x_wconf 65' lang='grc' dir='ltr'>ἐφάνη.</span> <span class='ocrx_word' id='word_1_627' title='bbox 3808 3438 3873 3487; x_wconf 85' lang='grc' dir='ltr'>Τί</span> 
     </span>
    </p>
   </div>
   <div class='ocr_carea' id='block_1_89' title="bbox 2274 3526 3879 3603">
    <p class='ocr_par' dir='ltr' id='par_1_89' title="bbox 2274 3526 3879 3603">
     <span class='ocr_line' id='line_1_89' title="bbox 2274 3526 3879 3603; baseline -0.003 -20"><span class='ocrx_word' id='word_1_628' title='bbox 2274 3528 2400 3599; x_wconf 76' lang='grc' dir='ltr'>οὗνς</span> <span class='ocrx_word' id='word_1_629' title='bbox 2434 3532 2477 3585; x_wconf 86' lang='grc' dir='ltr'>εἰ</span> <span class='ocrx_word' id='word_1_630' title='bbox 2523 3536 2595 3603; x_wconf 79' lang='grc' dir='ltr'>μὴ</span> <span class='ocrx_word' id='word_1_631' title='bbox 2630 3531 2885 3588; x_wconf 74' lang='grc' dir='ltr'>ἐκολάσθη</span> <span class='ocrx_word' id='word_1_632' title='bbox 2946 3529 3116 3594; x_wconf 76' lang='grc' dir='ltr'>οὗτος,</span> <span class='ocrx_word' id='word_1_633' title='bbox 3174 3527 3267 3580; x_wconf 84' lang='grc' dir='ltr'>ούκ</span> <span class='ocrx_word' id='word_1_634' title='bbox 3326 3526 3441 3585; x_wconf 74' lang='grc' dir='ltr'>ἐνῆν</span> <span class='ocrx_word' id='word_1_635' title='bbox 3492 3526 3672 3599; x_wconf 76' lang='grc' dir='ltr'>ἑτέρως</span> <span class='ocrx_word' id='word_1_636' title='bbox 3721 3543 3879 3596; x_wconf 78' lang='grc' dir='ltr'>φανε-</span> 
     </span>
    </p>
   </div>
   <div class='ocr_carea' id='block_1_90' title="bbox 2273 3613 3875 3695">
    <p class='ocr_par' dir='ltr' id='par_1_90' title="bbox 2273 3613 3875 3695">
     <span class='ocr_line' id='line_1_90' title="bbox 2273 3613 3875 3695; baseline -0.006 -22"><span class='ocrx_word' id='word_1_637' title='bbox 2273 3623 2504 3695; x_wconf 85' lang='grc' dir='ltr'>ρωθῆναι</span> <span class='ocrx_word' id='word_1_638' title='bbox 2553 3624 2618 3674; x_wconf 80' lang='grc' dir='ltr'>τὰ</span> <span class='ocrx_word' id='word_1_639' title='bbox 2673 3623 2796 3692; x_wconf 77' lang='grc' dir='ltr'>ἔργα</span> <span class='ocrx_word' id='word_1_640' title='bbox 2846 3627 2938 3671; x_wconf 87' lang='grc' dir='ltr'>τοῦ</span> <span class='ocrx_word' id='word_1_641' title='bbox 2991 3626 3125 3671; x_wconf 83' lang='grc' dir='ltr'>Θεοῦ</span> <span class='ocrx_word' id='word_1_642' title='bbox 3175 3634 3189 3685; x_wconf 89' lang='grc'>;</span> <span class='ocrx_word' id='word_1_643' title='bbox 3242 3618 3389 3674; x_wconf 80' lang='grc' dir='ltr'>Ἐνῆν</span> <span class='ocrx_word' id='word_1_644' title='bbox 3440 3618 3529 3687; x_wconf 70' lang='grc' dir='ltr'>μεν</span> <span class='ocrx_word' id='word_1_645' title='bbox 3583 3616 3721 3686; x_wconf 84' lang='grc'>(81),</span> <span class='ocrx_word' id='word_1_646' title='bbox 3764 3613 3875 3664; x_wconf 76' lang='grc' dir='ltr'>ἀλλ’</span> 
     </span>
    </p>
   </div>
   <div class='ocr_carea' id='block_1_91' title="bbox 2273 3699 3881 3781">
    <p class='ocr_par' dir='ltr' id='par_1_91' title="bbox 2273 3699 3881 3781">
     <span class='ocr_line' id='line_1_91' title="bbox 2273 3699 3881 3781; baseline -0.007 -17"><span class='ocrx_word' id='word_1_647' title='bbox 2273 3708 2397 3764; x_wconf 69' lang='grc' dir='ltr'>οὐδὲ</span> <span class='ocrx_word' id='word_1_648' title='bbox 2427 3711 2570 3772; x_wconf 79' lang='grc' dir='ltr'>οὗτος</span> <span class='ocrx_word' id='word_1_649' title='bbox 2611 3710 2891 3778; x_wconf 60' lang='grc' dir='ltr'>ἐκολάσθη,</span> <span class='ocrx_word' id='word_1_650' title='bbox 2940 3707 3129 3781; x_wconf 81' lang='grc' dir='ltr'>μᾶλλον</span> <span class='ocrx_word' id='word_1_651' title='bbox 3173 3708 3262 3780; x_wconf 66' lang='grc' dir='ltr'>μὲν</span> <span class='ocrx_word' id='word_1_652' title='bbox 3310 3701 3397 3756; x_wconf 74' lang='grc' dir='ltr'>οὖν</span> <span class='ocrx_word' id='word_1_653' title='bbox 3434 3704 3750 3776; x_wconf 75' lang='grc' dir='ltr'>εύηργετήθη</span> <span class='ocrx_word' id='word_1_654' title='bbox 3780 3699 3881 3754; x_wconf 77' lang='grc' dir='ltr'>δ’ιὰ</span> 
     </span>
    </p>
   </div>
   <div class='ocr_carea' id='block_1_92' title="bbox 2272 3790 3879 3875">
    <p class='ocr_par' dir='ltr' id='par_1_92' title="bbox 2272 3790 3879 3875">
     <span class='ocr_line' id='line_1_92' title="bbox 2272 3790 3879 3875; baseline -0.001 -22"><span class='ocrx_word' id='word_1_655' title='bbox 2272 3808 2366 3862; x_wconf 81' lang='grc' dir='ltr'>τῆς</span> <span class='ocrx_word' id='word_1_656' title='bbox 2397 3806 2674 3875; x_wconf 77' lang='grc' dir='ltr'>πηρώσεως</span> <span class='ocrx_word' id='word_1_657' title='bbox 2704 3807 2800 3850; x_wconf 78' lang='grc' dir='ltr'>τῶν</span> <span class='ocrx_word' id='word_1_658' title='bbox 2842 3805 2934 3849; x_wconf 84' lang='grc' dir='ltr'>τοῦ</span> <span class='ocrx_word' id='word_1_659' title='bbox 2969 3801 3205 3868; x_wconf 81' lang='grc' dir='ltr'>σώματος</span> <span class='ocrx_word' id='word_1_660' title='bbox 3235 3793 3528 3866; x_wconf 69' lang='grc' dir='ltr'>ὀφθαλμῶν,</span> <span class='ocrx_word' id='word_1_661' title='bbox 3579 3790 3879 3862; x_wconf 59' lang='grc' dir='ltr'>ἀναϐλέψκς</span> 
     </span>
    </p>
   </div>
   <div class='ocr_carea' id='block_1_93' title="bbox 2271 3881 3873 3961">
    <p class='ocr_par' dir='ltr' id='par_1_93' title="bbox 2271 3881 3873 3961">
     <span class='ocr_line' id='line_1_93' title="bbox 2271 3881 3873 3961; baseline -0.007 -19"><span class='ocrx_word' id='word_1_662' title='bbox 2271 3894 2385 3951; x_wconf 75' lang='grc' dir='ltr'>τοὺς</span> <span class='ocrx_word' id='word_1_663' title='bbox 2415 3898 2510 3952; x_wconf 84' lang='grc' dir='ltr'>τῆς</span> <span class='ocrx_word' id='word_1_664' title='bbox 2538 3889 2743 3961; x_wconf 79' lang='grc' dir='ltr'>ψυχῆς.</span> <span class='ocrx_word' id='word_1_665' title='bbox 2779 3890 2844 3940; x_wconf 90' lang='grc' dir='ltr'>Τί</span> <span class='ocrx_word' id='word_1_666' title='bbox 2862 3889 2962 3959; x_wconf 83' lang='grc' dir='ltr'>γὰρ</span> <span class='ocrx_word' id='word_1_667' title='bbox 2992 3884 3168 3957; x_wconf 75' lang='grc' dir='ltr'>ὄφελος</span> <span class='ocrx_word' id='word_1_668' title='bbox 3220 3882 3420 3936; x_wconf 72' lang='grc' dir='ltr'>ἐκείνων</span> <span class='ocrx_word' id='word_1_669' title='bbox 3473 3883 3594 3933; x_wconf 83' lang='grc' dir='ltr'>όταν</span> <span class='ocrx_word' id='word_1_670' title='bbox 3627 3881 3773 3933; x_wconf 78' lang='grc' dir='ltr'>οὗτοι</span> <span class='ocrx_word' id='word_1_671' title='bbox 3797 3886 3873 3953; x_wconf 81' lang='grc' dir='ltr'><em>μή</em></span> 
     </span>
    </p>
   </div>
   <div class='ocr_carea' id='block_1_94' title="bbox 2272 3970 3869 4052">
    <p class='ocr_par' dir='ltr' id='par_1_94' title="bbox 2272 3970 3869 4052">
     <span class='ocr_line' id='line_1_94' title="bbox 2272 3970 3869 4052; baseline -0.007 -20"><span class='ocrx_word' id='word_1_672' title='bbox 2272 3978 2533 4052; x_wconf 78' lang='grc' dir='ltr'>βλέπωσιν</span> <span class='ocrx_word' id='word_1_673' title='bbox 2565 3996 2579 4044; x_wconf 89' lang='grc'>;</span> <span class='ocrx_word' id='word_1_674' title='bbox 2612 3977 2761 4040; x_wconf 79' lang='grc' dir='ltr'>Ἐξῆν</span> <span class='ocrx_word' id='word_1_675' title='bbox 2795 3973 2881 4028; x_wconf 86' lang='grc' dir='ltr'>ούν</span> <span class='ocrx_word' id='word_1_676' title='bbox 2909 3983 2979 4046; x_wconf 78' lang='grc' dir='ltr'>τῷ</span> <span class='ocrx_word' id='word_1_677' title='bbox 3025 3979 3221 4046; x_wconf 75' lang='grc' dir='ltr'>κτίστῃ</span> <span class='ocrx_word' id='word_1_678' title='bbox 3258 3971 3440 4044; x_wconf 76' lang='grc' dir='ltr'>τυφλὸν</span> <span class='ocrx_word' id='word_1_679' title='bbox 3480 3970 3637 4022; x_wconf 76' lang='grc' dir='ltr'>αύτὸν</span> <span class='ocrx_word' id='word_1_680' title='bbox 3665 3975 3869 4035; x_wconf 75' lang='grc' dir='ltr'>κτίσαι,</span> 
     </span>
    </p>
   </div>
   <div class='ocr_carea' id='block_1_95' title="bbox 2269 4062 3873 4134">
    <p class='ocr_par' dir='ltr' id='par_1_95' title="bbox 2269 4062 3873 4134">
     <span class='ocr_line' id='line_1_95' title="bbox 2269 4062 3873 4134; baseline -0.007 -13"><span class='ocrx_word' id='word_1_681' title='bbox 2269 4068 2325 4120; x_wconf 78' lang='grc' dir='ltr'>ού</span> <span class='ocrx_word' id='word_1_682' title='bbox 2357 4067 2699 4128; x_wconf 82' lang='grc' dir='ltr'>κολαστικῶς,</span> <span class='ocrx_word' id='word_1_683' title='bbox 2735 4063 2841 4117; x_wconf 78' lang='grc' dir='ltr'>ἀλλ’</span> <span class='ocrx_word' id='word_1_684' title='bbox 2882 4064 3234 4134; x_wconf 76' lang='grc' dir='ltr'>οἰκονομικῶς,</span> <span class='ocrx_word' id='word_1_685' title='bbox 3270 4062 3352 4113; x_wconf 85' lang='grc' dir='ltr'>ἶνα</span> <span class='ocrx_word' id='word_1_686' title='bbox 3392 4079 3446 4112; x_wconf 91' lang='grc' dir='ltr'>τε</span> <span class='ocrx_word' id='word_1_687' title='bbox 3492 4062 3559 4111; x_wconf 76' lang='grc' dir='ltr'>τὰ</span> <span class='ocrx_word' id='word_1_688' title='bbox 3610 4062 3739 4131; x_wconf 79' lang='grc' dir='ltr'>ἔργα</span> <span class='ocrx_word' id='word_1_689' title='bbox 3777 4070 3873 4110; x_wconf 80' lang='grc' dir='ltr'>τοῦ</span> 
     </span>
    </p>
   </div>
   <div class='ocr_carea' id='block_1_96' title="bbox 2268 4146 3872 4230">
    <p class='ocr_par' dir='ltr' id='par_1_96' title="bbox 2268 4146 3872 4230">
     <span class='ocr_line' id='line_1_96' title="bbox 2268 4146 3872 4230; baseline -0.009 -20"><span class='ocrx_word' id='word_1_690' title='bbox 2268 4164 2401 4210; x_wconf 75' lang='grc' dir='ltr'>Θεοῦ</span> <span class='ocrx_word' id='word_1_691' title='bbox 2438 4156 2701 4230; x_wconf 74' lang='grc' dir='ltr'>φανερωθῇ</span> <span class='ocrx_word' id='word_1_692' title='bbox 2740 4169 2752 4183; x_wconf 83' lang='grc'><strong><em>⁸</em></strong></span> <span class='ocrx_word' id='word_1_693' title='bbox 2800 4157 2891 4206; x_wconf 84' lang='grc' dir='ltr'>καὶ</span> <span class='ocrx_word' id='word_1_694' title='bbox 2939 4152 3096 4214; x_wconf 69' lang='grc' dir='ltr'>αὐτὸς</span> <span class='ocrx_word' id='word_1_695' title='bbox 3149 4146 3374 4204; x_wconf 72' lang='grc' dir='ltr'>ἐντεῦθιν</span> <span class='ocrx_word' id='word_1_696' title='bbox 3440 4146 3701 4219; x_wconf 57' lang='grc' dir='ltr'>ἀναϐλέψῃ</span> <span class='ocrx_word' id='word_1_697' title='bbox 3775 4152 3872 4204; x_wconf 65' lang='grc' dir='ltr'>τὴν</span> 
     </span>
    </p>
   </div>
   <div class='ocr_carea' id='block_1_97' title="bbox 2263 4247 2468 4320">
    <p class='ocr_par' dir='ltr' id='par_1_97' title="bbox 2263 4247 2468 4320">
     <span class='ocr_line' id='line_1_97' title="bbox 2263 4247 2468 4320; baseline -0.005 -22"><span class='ocrx_word' id='word_1_698' title='bbox 2263 4247 2468 4320; x_wconf 70' lang='grc' dir='ltr'>ψυχὴν.</span> 
     </span>
    </p>
   </div>
   <div class='ocr_carea' id='block_1_98' title="bbox 2335 4413 3871 4490">
    <p class='ocr_par' dir='ltr' id='par_1_98' title="bbox 2335 4413 3871 4490">
     <span class='ocr_line' id='line_1_98' title="bbox 2335 4413 3871 4490; baseline -0.012 -8"><span class='ocrx_word' id='word_1_699' title='bbox 2335 4427 2480 4487; x_wconf 69' lang='grc' dir='ltr'>Τινὲς</span> <span class='ocrx_word' id='word_1_700' title='bbox 2529 4420 2588 4477; x_wconf 68' lang='grc' dir='ltr'>δὲ</span> <span class='ocrx_word' id='word_1_701' title='bbox 2653 4426 2708 4476; x_wconf 85' lang='grc' dir='ltr'>τό</span> <span class='ocrx_word' id='word_1_702' title='bbox 2765 4422 2847 4474; x_wconf 86' lang='grc' dir='ltr'>ἱνα</span> <span class='ocrx_word' id='word_1_703' title='bbox 2924 4420 3019 4473; x_wconf 88' lang='grc' dir='ltr'>ούκ</span> <span class='ocrx_word' id='word_1_704' title='bbox 3092 4417 3436 4490; x_wconf 86' lang='grc' dir='ltr'>αἰτιολογικὸν</span> <span class='ocrx_word' id='word_1_705' title='bbox 3488 4414 3736 4487; x_wconf 70' lang='grc' dir='ltr'>λέγουσιν</span> <span class='ocrx_word' id='word_1_706' title='bbox 3795 4413 3871 4465; x_wconf 78' lang='grc' dir='ltr'>έν-</span> 
     </span>
    </p>
   </div>
   <div class='ocr_carea' id='block_1_99' title="bbox 2266 4505 3869 4580">
    <p class='ocr_par' dir='ltr' id='par_1_99' title="bbox 2266 4505 3869 4580">
     <span class='ocr_line' id='line_1_99' title="bbox 2266 4505 3869 4580; baseline -0.009 -11"><span class='ocrx_word' id='word_1_707' title='bbox 2266 4516 2456 4580; x_wconf 78' lang='grc' dir='ltr'>ταῦθα,</span> <span class='ocrx_word' id='word_1_708' title='bbox 2530 4511 2657 4566; x_wconf 78' lang='grc' dir='ltr'>ἀλλὰ</span> <span class='ocrx_word' id='word_1_709' title='bbox 2711 4507 3001 4568; x_wconf 70' lang='grc' dir='ltr'>δηλωτικόν</span> <span class='ocrx_word' id='word_1_710' title='bbox 3088 4515 3180 4561; x_wconf 88' lang='grc' dir='ltr'>τοῦ</span> <span class='ocrx_word' id='word_1_711' title='bbox 3231 4507 3501 4580; x_wconf 73' lang='grc' dir='ltr'>μέλλοντος</span> <span class='ocrx_word' id='word_1_712' title='bbox 3530 4505 3610 4557; x_wconf 83' lang='grc' dir='ltr'>ὅτι</span> <span class='ocrx_word' id='word_1_713' title='bbox 3642 4521 3869 4576; x_wconf 73' lang='grc' dir='ltr'>φανερω-</span> 
     </span>
    </p>
   </div>
   <div class='ocr_carea' id='block_1_100' title="bbox 2271 4594 3859 4675">
    <p class='ocr_par' dir='ltr' id='par_1_100' title="bbox 2271 4594 3859 4675">
     <span class='ocr_line' id='line_1_100' title="bbox 2271 4594 3859 4675; baseline -0.012 -16"><span class='ocrx_word' id='word_1_714' title='bbox 2271 4608 2519 4665; x_wconf 82' lang='grc' dir='ltr'>θὴσονται</span> <span class='ocrx_word' id='word_1_715' title='bbox 2593 4604 2659 4655; x_wconf 83' lang='grc' dir='ltr'>τὰ</span> <span class='ocrx_word' id='word_1_716' title='bbox 2714 4604 2841 4675; x_wconf 81' lang='grc' dir='ltr'>ἔργα</span> <span class='ocrx_word' id='word_1_717' title='bbox 2881 4606 2973 4651; x_wconf 90' lang='grc' dir='ltr'>τοῦ</span> <span class='ocrx_word' id='word_1_718' title='bbox 3047 4604 3181 4652; x_wconf 84' lang='grc' dir='ltr'>Θεοῦ</span> <span class='ocrx_word' id='word_1_719' title='bbox 3261 4595 3309 4649; x_wconf 74' lang='grc' dir='ltr'>ἓν</span> <span class='ocrx_word' id='word_1_720' title='bbox 3376 4594 3540 4665; x_wconf 85' lang='grc' dir='ltr'>αύτῷ.</span> <span class='ocrx_word' id='word_1_721' title='bbox 3619 4600 3859 4646; x_wconf 80' lang='grc' dir='ltr'>Τοιοῦτον</span> 
     </span>
    </p>
   </div>
   <div class='ocr_carea' id='block_1_101' title="bbox 2272 4683 3848 4764">
    <p class='ocr_par' dir='ltr' id='par_1_101' title="bbox 2272 4683 3848 4764">
     <span class='ocr_line' id='line_1_101' title="bbox 2272 4683 3848 4764; baseline -0.008 -21"><span class='ocrx_word' id='word_1_722' title='bbox 2272 4692 2329 4748; x_wconf 70' lang='lat'>6&quot;;</span> <span class='ocrx_word' id='word_1_723' title='bbox 2377 4695 2489 4764; x_wconf 74' lang='grc'>(82)</span> <span class='ocrx_word' id='word_1_724' title='bbox 2534 4690 2664 4744; x_wconf 83' lang='grc' dir='ltr'>εἶναι</span> <span class='ocrx_word' id='word_1_725' title='bbox 2688 4695 2860 4742; x_wconf 81' lang='grc' dir='ltr'>καὶτὸ</span> <span class='ocrx_word' id='word_1_726' title='bbox 2898 4708 2910 4720; x_wconf 91' lang='grc'><strong>·</strong></span> <span class='ocrx_word' id='word_1_727' title='bbox 2946 4688 3030 4749; x_wconf 85' lang='grc' dir='ltr'>Εἰς</span> <span class='ocrx_word' id='word_1_728' title='bbox 3082 4692 3248 4761; x_wconf 89' lang='grc' dir='ltr'>κρίμα</span> <span class='ocrx_word' id='word_1_729' title='bbox 3303 4683 3401 4757; x_wconf 76' lang='grc' dir='ltr'>ἐγὼ</span> <span class='ocrx_word' id='word_1_730' title='bbox 3436 4684 3510 4746; x_wconf 81' lang='grc' dir='ltr'>εἰς</span> <span class='ocrx_word' id='word_1_731' title='bbox 3536 4685 3621 4736; x_wconf 88' lang='grc' dir='ltr'>τὸν</span> <span class='ocrx_word' id='word_1_732' title='bbox 3668 4684 3848 4748; x_wconf 67' lang='grc' dir='ltr'>κόσμον</span> 
     </span>
    </p>
   </div>
   <div class='ocr_carea' id='block_1_102' title="bbox 2272 4769 3845 4849">
    <p class='ocr_par' dir='ltr' id='par_1_102' title="bbox 2272 4769 3845 4849">
     <span class='ocr_line' id='line_1_102' title="bbox 2272 4769 3845 4849; baseline -0.01 -13"><span class='ocrx_word' id='word_1_733' title='bbox 2272 4791 2451 4837; x_wconf 86' lang='grc' dir='ltr'>τοῦτον</span> <span class='ocrx_word' id='word_1_734' title='bbox 2533 4777 2708 4843; x_wconf 76' lang='grc' dir='ltr'>ἦλθον,</span> <span class='ocrx_word' id='word_1_735' title='bbox 2809 4779 2892 4830; x_wconf 85' lang='grc' dir='ltr'>ἶνα</span> <span class='ocrx_word' id='word_1_736' title='bbox 2976 4779 3026 4830; x_wconf 85' lang='grc' dir='ltr'>οἱ</span> <span class='ocrx_word' id='word_1_737' title='bbox 3125 4781 3196 4849; x_wconf 81' lang='grc' dir='ltr'>μὴ</span> <span class='ocrx_word' id='word_1_738' title='bbox 3276 4773 3556 4848; x_wconf 77' lang='grc' dir='ltr'>βλέποντες</span> <span class='ocrx_word' id='word_1_739' title='bbox 3606 4769 3845 4844; x_wconf 73' lang='grc' dir='ltr'>βλέπωσι,</span> 
     </span>
    </p>
   </div>
   <div class='ocr_carea' id='block_1_103' title="bbox 2272 4859 3856 4940">
    <p class='ocr_par' dir='ltr' id='par_1_103' title="bbox 2272 4859 3856 4940">
     <span class='ocr_line' id='line_1_103' title="bbox 2272 4859 3856 4940; baseline -0.012 -15"><span class='ocrx_word' id='word_1_740' title='bbox 2272 4876 2363 4924; x_wconf 85' lang='grc' dir='ltr'>καὶ</span> <span class='ocrx_word' id='word_1_741' title='bbox 2414 4872 2462 4924; x_wconf 87' lang='grc' dir='ltr'>οἱ</span> <span class='ocrx_word' id='word_1_742' title='bbox 2510 4868 2785 4940; x_wconf 81' lang='grc' dir='ltr'>βλέποντες</span> <span class='ocrx_word' id='word_1_743' title='bbox 2838 4865 3044 4939; x_wconf 79' lang='grc' dir='ltr'>[τυφλοὶ</span> <span class='ocrx_word' id='word_1_744' title='bbox 3091 4866 3206 4938; x_wconf 72' lang='lat'>(8.5)</span> <span class='ocrx_word' id='word_1_745' title='bbox 3266 4867 3538 4935; x_wconf 78' lang='grc' dir='ltr'>γένωνται.</span> <span class='ocrx_word' id='word_1_746' title='bbox 3592 4859 3856 4931; x_wconf 75' lang='grc' dir='ltr'>Σημαίνειν</span> 
     </span>
    </p>
   </div>
   <div class='ocr_carea' id='block_1_104' title="bbox 2274 4943 3847 5035">
    <p class='ocr_par' dir='ltr' id='par_1_104' title="bbox 2274 4943 3847 5035">
     <span class='ocr_line' id='line_1_104' title="bbox 2274 4943 3847 5035; baseline -0.009 -22"><span class='ocrx_word' id='word_1_747' title='bbox 2274 4964 2375 5035; x_wconf 82' lang='grc' dir='ltr'>γὰρ</span> <span class='ocrx_word' id='word_1_748' title='bbox 2442 4961 2523 5011; x_wconf 87' lang='grc' dir='ltr'>ὅτι</span> <span class='ocrx_word' id='word_1_749' title='bbox 2564 4960 2614 5011; x_wconf 87' lang='grc' dir='ltr'>οἱ</span> <span class='ocrx_word' id='word_1_750' title='bbox 2663 4962 2735 5030; x_wconf 80' lang='grc' dir='ltr'>μὴ</span> <span class='ocrx_word' id='word_1_751' title='bbox 2810 4954 3083 5030; x_wconf 80' lang='grc' dir='ltr'>βλέποντες</span> <span class='ocrx_word' id='word_1_752' title='bbox 3142 4953 3424 5028; x_wconf 69' lang='grc' dir='ltr'>βλάψουσι,</span> <span class='ocrx_word' id='word_1_753' title='bbox 3487 4954 3579 5004; x_wconf 85' lang='grc' dir='ltr'>καὶ</span> <span class='ocrx_word' id='word_1_754' title='bbox 3639 4952 3689 5002; x_wconf 87' lang='grc' dir='ltr'>οἱ</span> <span class='ocrx_word' id='word_1_755' title='bbox 3752 4943 3847 5021; x_wconf 45' lang='lat' dir='ltr'>ﬁli</span> 
     </span>
    </p>
   </div>
   <div class='ocr_carea' id='block_1_105' title="bbox 2344 5135 2801 5203">
    <p class='ocr_par' dir='ltr' id='par_1_105' title="bbox 2344 5135 2801 5203">
     <span class='ocr_line' id='line_1_105' title="bbox 2344 5135 2801 5203; baseline -0.011 -8"><span class='ocrx_word' id='word_1_756' title='bbox 2344 5140 2577 5195; x_wconf 75' lang='lat' dir='ltr'>“Joan.</span> <span class='ocrx_word' id='word_1_757' title='bbox 2605 5151 2686 5203; x_wconf 81' lang='lat' dir='ltr'>ix,</span> <span class='ocrx_word' id='word_1_758' title='bbox 2710 5135 2801 5192; x_wconf 86' lang='lat'>39.</span> 
     </span>
    </p>
   </div>
   <div class='ocr_carea' id='block_1_106' title="bbox 1699 5315 2614 5386">
    <p class='ocr_par' dir='ltr' id='par_1_106' title="bbox 1699 5315 2614 5386">
     <span class='ocr_line' id='line_1_106' title="bbox 1699 5315 2614 5386; baseline -0.003 0"><span class='ocrx_word' id='word_1_759' title='bbox 1699 5315 2275 5386; x_wconf 65' lang='lat' dir='ltr'>Variaaiectiones</span> <span class='ocrx_word' id='word_1_760' title='bbox 2306 5324 2373 5385; x_wconf 89' lang='lat' dir='ltr'>et</span> <span class='ocrx_word' id='word_1_761' title='bbox 2411 5323 2614 5384; x_wconf 72' lang='lat' dir='ltr'>notae.</span> 
     </span>
    </p>
   </div>
   <div class='ocr_carea' id='block_1_107' title="bbox 568 5512 2151 5587">
    <p class='ocr_par' dir='ltr' id='par_1_107' title="bbox 568 5512 2151 5587">
     <span class='ocr_line' id='line_1_107' title="bbox 568 5512 2151 5587; baseline -0.002 -19"><span class='ocrx_word' id='word_1_762' title='bbox 568 5512 691 5587; x_wconf 81' lang='lat'>(76)_</span> <span class='ocrx_word' id='word_1_763' title='bbox 711 5516 895 5571; x_wconf 90' lang='lat' dir='ltr'>Credo</span> <span class='ocrx_word' id='word_1_764' title='bbox 948 5515 1292 5572; x_wconf 88' lang='lat' dir='ltr'>addendum</span> <span class='ocrx_word' id='word_1_765' title='bbox 1326 5529 1461 5571; x_wconf 88' lang='lat' dir='ltr'>esse</span> <span class='ocrx_word' id='word_1_766' title='bbox 1512 5514 1669 5587; x_wconf 71' lang='grc' dir='ltr'>λέγει,</span> <span class='ocrx_word' id='word_1_767' title='bbox 1720 5518 1825 5572; x_wconf 87' lang='lat' dir='ltr'>aut</span> <span class='ocrx_word' id='word_1_768' title='bbox 1874 5512 2151 5586; x_wconf 78' lang='grc' dir='ltr'>ἀποφαίνει</span> 
     </span>
    </p>
   </div>
   <div class='ocr_carea' id='block_1_108' title="bbox 496 5585 906 5658">
    <p class='ocr_par' dir='ltr' id='par_1_108' title="bbox 496 5585 906 5658">
     <span class='ocr_line' id='line_1_108' title="bbox 496 5585 906 5658; baseline -0.002 -16"><span class='ocrx_word' id='word_1_769' title='bbox 496 5590 600 5658; x_wconf 83' lang='lat' dir='ltr'>aut</span> <span class='ocrx_word' id='word_1_770' title='bbox 614 5585 730 5658; x_wconf 80' lang='lat' dir='ltr'>tale</span> <span class='ocrx_word' id='word_1_771' title='bbox 746 5587 906 5658; x_wconf 88' lang='lat' dir='ltr'>quid.</span> 
     </span>
    </p>
   </div>
   <div class='ocr_carea' id='block_1_109' title="bbox 566 5656 1151 5801">
    <p class='ocr_par' dir='ltr' id='par_1_109' title="bbox 566 5656 1151 5801">
     <span class='ocr_line' id='line_1_109' title="bbox 566 5656 1151 5801; baseline -0.007 -88"><span class='ocrx_word' id='word_1_772' title='bbox 566 5656 679 5801; x_wconf 46' lang='lat'>(77;</span> <span class='ocrx_word' id='word_1_773' title='bbox 711 5656 1059 5731; x_wconf 75' lang='grc' dir='ltr'>Μανθάνωμεν</span> <span class='ocrx_word' id='word_1_774' title='bbox 1085 5659 1151 5712; x_wconf 79' lang='grc' dir='ltr'><strong>Α.</strong></span> 
     </span>
     <span class='ocr_line' id='line_1_110' title="bbox 566 5728 1132 5801; baseline 0.004 -19"><span class='ocrx_word' id='word_1_775' title='bbox 566 5728 655 5801; x_wconf 80' lang='grc'>(78</span> <span class='ocrx_word' id='word_1_776' title='bbox 708 5731 912 5801; x_wconf 85' lang='grc' dir='ltr'>Τούτων</span> <span class='ocrx_word' id='word_1_777' title='bbox 937 5734 1006 5801; x_wconf 66' lang='lat' dir='ltr'>A.</span> <span class='ocrx_word' id='word_1_778' title='bbox 1118 5797 1132 5801; x_wconf 31' lang='grc' dir='ltr'><strong><em>Δ</em></strong></span> 
     </span>
    </p>
   </div>
   <div class='ocr_carea' id='block_1_110' title="bbox 563 5728 998 5801">
    <p class='ocr_par' dir='ltr' id='par_1_110' title="bbox 563 5728 998 5801">
     <span class='ocr_line' id='line_1_111' title="bbox 563 5728 998 5801; baseline -0.005 -15"><span class='ocrx_word' id='word_1_779' title='bbox 708 5731 912 5801; x_wconf 84' lang='grc' dir='ltr'>Τούτων</span> <span class='ocrx_word' id='word_1_780' title='bbox 937 5728 998 5784; x_wconf 71' lang='grc' dir='ltr'>Ᾱ.</span> 
     </span>
    </p>
   </div>
   <div class='ocr_carea' id='block_1_111' title="bbox 564 5797 2147 5875">
    <p class='ocr_par' dir='ltr' id='par_1_111' title="bbox 564 5797 2147 5875">
     <span class='ocr_line' id='line_1_112' title="bbox 564 5797 2147 5875; baseline 0.001 -23"><span class='ocrx_word' id='word_1_781' title='bbox 564 5797 681 5875; x_wconf 81' lang='lat'>(79)</span> <span class='ocrx_word' id='word_1_782' title='bbox 704 5801 788 5858; x_wconf 86' lang='lat' dir='ltr'>Ita</span> <span class='ocrx_word' id='word_1_783' title='bbox 804 5797 1203 5861; x_wconf 81' lang='lat' dir='ltr'>etiamlaudat</span> <span class='ocrx_word' id='word_1_784' title='bbox 1224 5799 1522 5871; x_wconf 86' lang='lat' dir='ltr'>Chrysost.</span> <span class='ocrx_word' id='word_1_785' title='bbox 1552 5803 1692 5857; x_wconf 91' lang='lat' dir='ltr'>tom.</span> <span class='ocrx_word' id='word_1_786' title='bbox 1724 5798 1865 5864; x_wconf 87' lang='lat' dir='ltr'>VIII,</span> <span class='ocrx_word' id='word_1_787' title='bbox 1884 5814 1944 5874; x_wconf 93' lang='lat' dir='ltr'>p.</span> <span class='ocrx_word' id='word_1_788' title='bbox 1966 5800 2069 5855; x_wconf 84' lang='lat'>327</span> <span class='ocrx_word' id='word_1_789' title='bbox 2087 5801 2147 5854; x_wconf 90' lang='grc' dir='ltr'>Β.</span> 
     </span>
    </p>
   </div>
   <div class='ocr_carea' id='block_1_112' title="bbox 2333 5512 2424 5576">
    <p class='ocr_par' dir='ltr' id='par_1_112' title="bbox 2333 5512 2424 5576">
     <span class='ocr_line' id='line_1_113' title="bbox 2333 5512 2424 5576; baseline -0.077 0"><span class='ocrx_word' id='word_1_790' title='bbox 2333 5512 2424 5576; x_wconf 85' lang='grc'>(80</span> 
     </span>
    </p>
   </div>
   <div class='ocr_carea' id='block_1_113' title="bbox 2355 5585 2416 5639">
    <p class='ocr_par' dir='ltr' id='par_1_113' title="bbox 2355 5585 2416 5639">
     <span class='ocr_line' id='line_1_114' title="bbox 2355 5585 2416 5639; baseline 0.016 -1"><span class='ocrx_word' id='word_1_791' title='bbox 2355 5585 2416 5639; x_wconf 83' lang='grc'>81</span> 
     </span>
    </p>
   </div>
   <div class='ocr_carea' id='block_1_114' title="bbox 2355 5656 2423 5710">
    <p class='ocr_par' dir='ltr' id='par_1_114' title="bbox 2355 5656 2423 5710">
     <span class='ocr_line' id='line_1_115' title="bbox 2355 5656 2423 5710; baseline -0.015 0"><span class='ocrx_word' id='word_1_792' title='bbox 2355 5656 2423 5710; x_wconf 81' lang='lat'><strong>82</strong></span> 
     </span>
    </p>
   </div>
   <div class='ocr_carea' id='block_1_115' title="bbox 2355 5725 2421 5783">
    <p class='ocr_par' dir='ltr' id='par_1_115' title="bbox 2355 5725 2421 5783">
     <span class='ocr_line' id='line_1_116' title="bbox 2355 5725 2421 5783; baseline 0 0"><span class='ocrx_word' id='word_1_793' title='bbox 2355 5725 2421 5783; x_wconf 88' lang='lat'>83</span> 
     </span>
    </p>
   </div>
   <div class='ocr_carea' id='block_1_116' title="bbox 2477 5515 2711 5582">
    <p class='ocr_par' dir='ltr' id='par_1_116' title="bbox 2477 5515 2711 5582">
     <span class='ocr_line' id='line_1_117' title="bbox 2477 5515 2711 5582; baseline 0.004 -18"><span class='ocrx_word' id='word_1_794' title='bbox 2477 5517 2614 5582; x_wconf 59' lang='lat' dir='ltr'>«tam;</span> <span class='ocrx_word' id='word_1_795' title='bbox 2647 5515 2711 5565; x_wconf 75' lang='grc' dir='ltr'>Α.</span> 
     </span>
    </p>
   </div>
   <div class='ocr_carea' id='block_1_117' title="bbox 2468 5578 3082 5654">
    <p class='ocr_par' dir='ltr' id='par_1_117' title="bbox 2468 5578 3082 5654">
     <span class='ocr_line' id='line_1_118' title="bbox 2468 5578 3082 5654; baseline 0.002 -18"><span class='ocrx_word' id='word_1_796' title='bbox 2468 5578 2614 5642; x_wconf 79' lang='grc' dir='ltr'>Ἐνῆν</span> <span class='ocrx_word' id='word_1_797' title='bbox 2761 5578 2981 5636; x_wconf 89' lang='lat' dir='ltr'>absunt</span> <span class='ocrx_word' id='word_1_798' title='bbox 3009 5581 3082 5637; x_wconf 83' lang='grc' dir='ltr'><strong>Α.</strong></span> 
     </span>
    </p>
   </div>
   <div class='ocr_carea' id='block_1_118' title="bbox 2466 5648 2830 5707">
    <p class='ocr_par' dir='ltr' id='par_1_118' title="bbox 2466 5648 2830 5707">
     <span class='ocr_line' id='line_1_119' title="bbox 2466 5648 2830 5707; baseline -0.003 0"><span class='ocrx_word' id='word_1_799' title='bbox 2466 5648 2658 5707; x_wconf 80' lang='grc' dir='ltr'>Τοῦτον</span> <span class='ocrx_word' id='word_1_800' title='bbox 2686 5648 2746 5706; x_wconf 73' lang='grc' dir='ltr'>δέ</span> <span class='ocrx_word' id='word_1_801' title='bbox 2775 5658 2830 5706; x_wconf 89' lang='grc' dir='ltr'>Β.</span> 
     </span>
    </p>
   </div>
   <div class='ocr_carea' id='block_1_119' title="bbox 2473 5720 3178 5784">
    <p class='ocr_par' dir='ltr' id='par_1_119' title="bbox 2473 5720 3178 5784">
     <span class='ocr_line' id='line_1_120' title="bbox 2473 5720 3178 5784; baseline -0.009 -4"><span class='ocrx_word' id='word_1_802' title='bbox 2473 5725 2710 5784; x_wconf 87' lang='lat' dir='ltr'>Inclusa</span> <span class='ocrx_word' id='word_1_803' title='bbox 2741 5720 3087 5781; x_wconf 85' lang='lat' dir='ltr'>exciderunt</span> <span class='ocrx_word' id='word_1_804' title='bbox 3111 5722 3178 5778; x_wconf 85' lang='lat' dir='ltr'>A.</span> 
     </span>
    </p>
   </div>
   <div class='ocr_carea' id='block_1_120' title="bbox 2426 5511 2449 5799">
    <p class='ocr_par' dir='ltr' id='par_1_120' title="bbox 2426 5511 2449 5799">
     <span class='ocr_line' id='line_1_121' title="bbox 2426 5511 2449 5799; baseline 0 0"><span class='ocrx_word' id='word_1_805' title='bbox 2426 5511 2449 5799; x_wconf 68' lang='grc' dir='ltr'>ἒ</span> 
     </span>
    </p>
   </div>
  </div>
