4120 6310
211 394 355 452 1309

211 521 413 593 παντες]
479 519 941 594 τυφλωθήσονται·
997 520 1055 575 ού
1109 521 1211 596 γὰρ
1275 513 1368 571 διὰ
1433 522 1591 570 τοῦτο
1644 517 1814 586 ἦλθεν,
1849 519 1896 572 Α

213 612 302 662 ἶνα
349 612 396 661 οἱ
443 609 714 682 βλέποντες
756 611 937 683 τυφλοὶ
982 615 1250 682 γένωνται.
1302 612 1403 663 Καὶ
1443 604 1468 658 ὁ
1521 610 1718 670 Παῦλος
1760 607 1819 662 δέ

214 719 377 772 φησιν
396 715 409 728 ⁸
430 705 598 771 Νόμος
621 701 985 774 παρεισῆλθεν,
1008 703 1090 752 ἵνα
1109 698 1364 771 πλεονάσῃ
1383 701 1440 750 1'6
1460 701 1812 772 παράπτωμα.

210 787 319 859 [ού
348 790 458 859 (8ἰ)
493 793 590 862 γάρ
638 786 731 841 διὰ
774 797 927 842 τοῦτο
956 789 1318 863 παρεισῆλθεν,
1366 786 1472 840 ἀλλ’
1522 789 1602 840 ὅτι
1649 788 1817 860 μέλλει

210 877 500 930 πλεονάσαι
531 878 587 929 τό
619 877 997 953 παράπτωμα,]
1035 883 1124 930 καὶ
1153 877 1318 930 πολλὰ
1343 885 1578 930 τοιαῦτα.
1613 874 1817 951 Ιδίωμα

209 968 316 1040 γὰρ
342 971 430 1019 καὶ
453 975 605 1020 τοῦτο
633 977 726 1029 τῆς
756 974 981 1040 Γραφῆς.

291 1144 410 1216 Ἐμὲ
463 1176 531 1186 --
588 1164 669 1216 με.
722 1145 842 1216 Ἐμὲ
893 1142 973 1197 δεῖ
1029 1145 1345 1217 ἐργάζεσθαι
1399 1147 1464 1197 τὰ
1516 1149 1642 1219 ἔργα
1701 1145 1814 1216 (85)

212 1235 284 1285 τὰ
315 1229 618 1286 δεικνύοντα
648 1253 710 1306 με
741 1237 858 1287 Υιόν
891 1242 976 1286 τοῦ
1012 1237 1234 1309 Πατρός,
1275 1239 1366 1286 καὶ
1405 1238 1518 1286 ἶσον
1562 1243 1634 1305 τῷ
1679 1243 1810 1305 Θεῷ.

211 1321 336 1394 Ἐμὲ
388 1327 497 1397 χρὴ
558 1331 803 1398 φανεροῦν
843 1325 1084 1394 ἐμαυτόν,
1146 1325 1215 1385 ὡς
1265 1323 1642 1396 φιλάνθρωπον,
1711 1325 1812 1388 ἵνα,

194 1408 314 1478 ¹διόι
359 1421 459 1463 τῶν
511 1415 756 1464 τοιούτων
796 1417 956 1488 ἔργων
1002 1415 1486 1487 χειραγωγούμενοι
1543 1417 1671 1487 πρὸς
1723 1417 1815 1470 τὴν

215 1501 293 1563 εἰς
321 1501 410 1573 ἐμὲ
440 1506 618 1555 πίστιν
650 1504 699 1554 οἱ
725 1503 1006 1576 ἄνθρωποι,
1050 1507 1120 1574 μὴ
1167 1501 1478 1554 ἀπόλωνται.
1514 1504 1668 1575 Ἐμοῦ
1713 1507 1813 1578 γὰρ

215 1590 708 1663 ἐνανθρωπήσαντος
739 1588 992 1644 ἀδύνατον
1022 1593 1255 1650 σωθῆναί
1278 1611 1394 1644 τινα
1424 1593 1624 1666 ἑτέρως,
1672 1593 1713 1645 εἰ
1733 1597 1812 1665 μὴ

218 1676 316 1732 διὰ
345 1688 438 1742 τῆς
470 1680 540 1742 εἰς
570 1679 656 1753 ἐμὲ
687 1685 922 1741 πίστεως.

291 1856 422 1919 "Ern;
460 1860 630 1932 ἡμέρα
681 1858 837 1912 ἐστιν.
891 1858 1019 1920 Ἐως
1071 1860 1304 1932 ὁπαρών
1358 1859 1482 1912 αἰών
1515 1859 1674 1926 ἐστιν,
1731 1862 1819 1922 ἕως
1857 1866 1899 1921 Β

217 1947 248 1998 6
290 1945 403 2019 βίος
441 1948 587 2009 οὗτος
632 1953 966 2018 συνέστηκεν,
1016 1949 1104 2009 ἕως
1164 1949 1332 2011 ἔξεστι
1379 1955 1484 2009 τοῖς
1533 1949 1822 2024 ἀνθρώποις

218 2034 556 2108 ἐργάζεσθαι.

295 2125 549 2198 Ἔρχεται
623 2158 693 2166 -
776 2124 1112 2198 ἐργάζεσθαι.
1199 2125 1454 2202 ’Ἔρχεται
1529 2130 1555 2180 6
1631 2129 1822 2200 μέλλων

219 2214 370 2283 αἰὼν,
403 2217 486 2267 ὅτε
537 2211 710 2278 οὐδεὶς
742 2211 962 2267 δύναται
1017 2215 1332 2288 ἐργάζεσθαι
1360 2221 1416 2269 1'6
1447 2221 1704 2270 πιστεύειν
1758 2220 1823 2279 εἰς

219 2302 329 2374 ἐμέ.
382 2306 667 2376 Ἐργασίας
721 2306 820 2378 ’γὰρ
860 2306 885 2356 6
938 2310 1117 2378 παρὼν
1174 2310 1352 2379 καιρός
1385 2325 1398 2338 °
1451 2308 1476 2358 6
1522 2304 1581 2359 δὲ
1631 2306 1824 2380 μέλλων

218 2390 642 2456 ἀνταποδόσεως.
693 2392 814 2445 Ὀτι
868 2390 928 2446 δὲ
998 2392 1246 2466 ἐργασίαν
1317 2393 1538 2448 ἐνταῦθα
1588 2400 1682 2453 τὴν
1733 2405 1824 2449 τοῦ

217 2484 485 2534 πιστεύειν
513 2481 667 2554 λέγει,
705 2478 862 2540 δῆλον
891 2481 991 2534 ἀπὸ
1017 2490 1107 2534 τοῦ
1141 2483 1297 2535 εἰπεῖν
1329 2483 1518 2554 ὀπίσω,
1552 2487 1631 2536 61':
1660 2491 1824 2538 Τοῦτό

218 2571 336 2622 ἐστι
360 2574 415 2623 τό
447 2574 594 2644 ἔργον
619 2579 712 2624 τοῦ
737 2579 890 2634 Θεοῦ,
913 2574 996 2624 ἴνα
1020 2575 1339 2631 πιστεύσητε
1365 2573 1435 2635 εἰς
1459 2574 1511 2625 ὃν
1531 2572 1824 2626 ἀπέστειλεν

221 2660 433 2723 ἐκεῖνος.

293 2749 352 2801 Ὀ
382 2753 471 2822 μὲν
512 2748 599 2801 οὖν
639 2753 865 2822 Χριστός
921 2752 1116 2825 ἡμέραν
1166 2753 1255 2823 μὲν
1301 2749 1507 2802 ἐκάλεσε
1559 2755 1646 2803 τόν
1694 2772 1820 2826 παρ-

222 2843 348 2891 όντα
413 2839 576 2890 αἰῶνα
643 2835 736 2890 διὰ
797 2843 856 2890 1'6
924 2837 1160 2910 ἐνεργόνσ
1231 2838 1344 2911 (86)
1405 2841 1567 2891 νύκτα
1620 2836 1678 2892 δὲ
1740 2845 1824 2892 τόν

227 2926 476 2998 μέλλοντα
515 2923 609 2979 διὰ
647 2930 704 2978 1'6
736 2925 917 3000 ἀεργὸν
943 2944 955 2956 '
1011 2929 1036 2978 6
1086 2924 1145 2980 δὲ
1189 2928 1303 3000 (87)
1352 2928 1552 2990 Παῦλος
1610 2930 1825 2982 τούναν-

225 3020 334 3066 τίον
391 3017 550 3066 νύκτα
579 3019 668 3087 μὲν
707 3021 794 3067 τόν
837 3020 1070 3088 παρόντα
1117 3017 1278 3069 αἰῶνα
1333 3014 1424 3070 διὰ
1484 3022 1577 3076 τὴν
1628 3018 1824 3077 πλάνην

221 3107 315 3154 καὶ
366 3108 460 3162 τὴν
499 3105 709 3174 ἄγνοιαν
757 3109 846 3157 καὶ
903 3110 960 3156 1'6
1011 3110 1196 3168 σκότος
1243 3115 1341 3158 τῶν
1391 3108 1589 3172 παθῶν,
1629 3110 1823 3180 ἡμέραν

225 3189 286 3244 δὲ
316 3195 403 3244 τὸν
430 3193 678 3265 μέλλοντα
709 3191 803 3245 διὰ
832 3197 890 3245 τὸ
909 3191 1075 3266 μηδὲν
1102 3197 1242 3266 ἔχειν
1272 3198 1466 3247 τούτων
1494 3214 1504 3224 ·
1530 3203 1661 3268 φησί
1681 3200 1780 3272 γὰρ
1805 3212 1818 3226 '
1854 3215 1894 3271 ρ

220 3283 281 3334 Ἠ
309 3282 401 3344 νὺξ
430 3282 735 3357 προέκοψεν,
768 3285 797 3341 ἡ
830 3280 888 3335 δὲ
916 3286 1084 3358 ἡμέρα
1112 3287 1349 3356 ἤγγικεν.

294 3457 455 3511 Ὀταν
516 3491 584 3500 ——
638 3464 861 3532 κόσμου.
920 3466 1018 3512 Καὶ
1077 3464 1187 3533 χρὴ
1242 3464 1358 3521 τοὺς
1424 3463 1821 3533 ἑσκοτισμένους

222 3548 540 3621 φωτίζεσθαι
591 3546 684 3601 διὰ
724 3554 964 3613 πίστεως,
1016 3553 1114 3621 πρό
1144 3557 1233 3601 τοῦ
1279 3549 1567 3621 μεταϐῆναί
1615 3570 1677 3622 με
1721 3550 1820 3603 ἀπό

221 3645 315 3689 τοῦ
353 3643 572 3710 κόσμοῦ.
607 3643 704 3690 Καὶ
749 3636 796 3688 ἐν
844 3647 915 3708 τῷ
964 3635 1408 3709 πεντεκαιδεκάτῳ
1458 3635 1516 3690 δὲ
1563 3639 1821 3711 κεφαλαίῳ

221 3725 536 3799 πλατύτερον
568 3732 684 3801 περὶ
714 3730 898 3778 τούτου
925 3726 1076 3798 λέγει.
1132 3731 1196 3778 Τί
1253 3724 1338 3778 οὖν
1365 3744 1377 3794 ;
1430 3726 1477 3778 ἐν
1521 3736 1590 3798 τῷ
1622 3728 1820 3800 οὐρανῷ

220 3816 290 3866 ὡν
321 3816 413 3867 οὐκ
443 3819 555 3867 ἔστι
601 3825 701 3888 φῶς
739 3824 830 3868 τοῦ
861 3820 1100 3886 κόσμους
1149 3815 1329 3869 Ἔστιν
1355 3834 1366 3845 '
1404 3815 1530 3868 ἀλλὰ
1572 3824 1658 3868 νῦν
1704 3823 1820 3890 περὶ

219 3913 314 3966 τῆς
355 3904 400 3956 ἐν
445 3912 506 3976 τῇ
544 3904 656 3975 (88)
705 3912 769 3976 γῇ
823 3901 1101 3976 διατριϐῆς
1143 3905 1302 3956 αὑτοῦ
1353 3925 1529 3976 φησιν,
1588 3905 1698 3977 οἶμα
1729 3910 1818 3978 μὲν

216 3996 623 4066 προτρεπόμενος
676 3991 747 4052 εἰς
820 3996 999 4043 πίστιν
1074 3991 1185 4063 οἶμα
1238 3988 1296 4045 δὲ
1347 3995 1432 4044 τὸν
1485 3994 1605 4044 ὅσον
1676 3996 1819 4045 οὔπω

222 4082 440 4133 Θάνατον
472 4079 628 4131 αὐτοῦ
657 4075 994 4152 παραδηλῶν.

291 4175 468 4221 Ταῦτα
524 4168 676 4220 εἰπὼν
732 4199 802 4210 -
855 4169 1070 4242 τυφλοῦ.
1129 4174 1277 4222 Διατί
1342 4174 1414 4242 μὴ
1466 4178 1598 4242 χοῦν
1664 4174 1817 4244 μόνον

215 4258 386 4310 λακὼν
439 4256 718 4330 ἓπέχρίσε;
773 4262 916 4311 Διότι
988 4261 1012 4310 6
1060 4267 1195 4331 χοῦς
1252 4261 1370 4312 ἄνευ
1442 4261 1605 4333 ὑγροῦ
1679 4280 1818 4322 τινος

217 4347 312 4400 οὐκ
340 4346 658 4419 ἐπιχρίεται.
705 4352 804 4401 Καὶ
831 4345 980 4401 διατί
1009 4349 1112 4420 οὐχ
1143 4346 1321 4419 ὕδατι,
1370 4347 1498 4401 ἀλλὰ
1545 4352 1818 4422 πτύσματι

215 4435 378 4494 πηλόν
409 4435 685 4506 ἐποίησενς
728 4436 837 4490 Ἵνα
859 4446 929 4509 τῷ
985 4441 1253 4510 πτύσματι
1301 4437 1557 4513 ἐπιγραφῇ
1616 4441 1730 4511 (89)
1758 4444 1816 4492 τὸ

215 4528 412 4598 θαῦμα.

291 4620 388 4668 Καὶ
451 4647 519 4657 ——
573 4616 796 4688 Σιλωάμ.
856 4615 1135 4686 Νίψασθαι
1190 4619 1280 4688 μὲν
1336 4615 1550 4685 κελεύει,
1611 4612 1816 4679 δεικνὺς

212 4707 295 4759 ὅτι
334 4705 393 4759 οὐ
435 4710 620 4780 χρείαν
662 4702 774 4777 εἶχε
829 4712 920 4757 τοῦ
975 4709 1138 4775 χοός’
1198 4703 1302 4756 ἀλλ’
1349 4703 1615 4778 ἐχρήσατο
1647 4708 1812 4777 τούτῳ

212 4798 345 4867 πρὸς
368 4798 425 4847 1'6
467 4791 687 4857 διδάξαι
716 4799 887 4866 μόνον,
935 4797 1016 4846 ὅτι
1047 4793 1204 4856 αὑτός
1246 4793 1386 4845 ἐστιν
1418 4795 1443 4844 ὁ
1495 4793 1610 4845 κατ’
1643 4792 1815 4866 ἀρχὰς

214 4884 268 4937 ἐκ
298 4888 430 4955 χοὸς
458 4884 658 4944 πλάσας
689 4887 744 4936 τό
797 4893 949 4956 σῶμα
994 4891 1085 4934 τοῦ
1132 4879 1326 4954 Ἀδάμ.
1377 4881 1708 4936 Ἀποστέλλει
1754 4878 1812 4934 δὲ

214 4973 368 5028 αὐτόν
424 4974 494 5035 εἰς
545 4977 640 5031 τὴν
686 4971 1052 5047 κολυμϐήθραν
1105 4979 1194 5024 τοῦ
1244 4971 1448 5044 Σιλωὰμ.
1500 4971 1675 5047 πόῤῥω
1727 4969 1811 5024 οὖ-

215 5082 332 5131 σαν,
391 5062 473 5114 ἵνα
520 5069 648 5134 φανῇ
705 5062 734 5119 ἡ
790 5066 967 5122 πίστις
1018 5065 1107 5111 καὶ
1159 5059 1417 5113 εὐπείθεια
1463 5069 1554 5112 τοῦ
1594 5060 1807 5131 τυφλοῦ.

213 5147 357 5206 οῡδι
386 5154 487 5224 γὰρ
536 5150 738 5222 ὑποψία
780 5169 855 5212 τις
907 5146 988 5218 ἧν,
1047 5151 1126 5201 ὅτι
1179 5151 1208 5208 ἡ
1271 5149 1610 5224 κολυμϐήθρα
1656 5152 1806 5223 θερα-

287 5333 333 5367 ⁸⁶
366 5334 532 5388 Rom.
563 5345 617 5396 ν,
651 5330 742 5384 20.

818 5330 865 5364 “
898 5331 1067 5386 Joan.
1099 5343 1180 5396 Vl,
1212 5333 1300 5386 29.
1380 5330 1424 5364 ⁸⁷
1459 5332 1626 5386 Rom.
1656 5345 1772 5399 xm,
1812 5334 1896 5384 t2.

1226 362 1604 448 COMMENT.
1657 393 1726 449 IN
1764 391 2108 449 JOANNEM.
2149 426 2216 434 —
2255 391 2413 450 CAP.
2465 391 2556 449 ιιι.

3456 397 3588 453 1310

1930 519 2246 584 cabuntur,
2302 519 2599 591 siquidem
2631 534 2755 575 non
2797 523 3110 592 propterea
3149 521 3330 590 venit,
3365 527 3428 580 ut
3480 525 3582 597 qui

1927 608 2131 663 vident
2169 608 2305 663 caeci
2335 608 2498 664 ﬁant.
2533 609 2820 665 Praeterea
2855 616 2910 666 et
2967 611 3180 666 Paulus
3233 613 3376 669 dicit
3417 631 3429 671 :
3464 615 3585 669 Lex

1923 698 2317 762 subintroivit,
2344 706 2405 752 ut
2429 698 2752 753 abundaret
2773 700 3052 756 delictum
3072 701 3117 737 ⁸⁵
3143 717 3155 768 ;
3190 715 3387 774 neque
3418 704 3577 758 enim

1925 792 2165 858 propter
2188 786 2301 842 hoc
2334 787 2730 856 subintroivit,
2765 788 2869 843 sed
2894 789 3151 863 aitquod
3191 790 3576 848 subsecutum

1924 880 2031 940 est,
2060 885 2122 930 ut
2158 876 2477 932 abundaret
2517 877 2811 944 delictum,
2867 883 2924 934 et
2972 879 3160 936 multa
3209 880 3578 951 hujusmodi.

1927 963 2232 1035 Siquidem
2255 969 2311 1020 et
2330 965 2445 1020 hoc
2469 965 2786 1037 Scriptum
2812 966 3037 1024 idioma
3052 973 3161 1035 est,
3179 969 3583 1043 loquendique

1922 1053 2272 1123 proprietas.

1998 1143 2155 1196 Vers.
2213 1145 2264 1196 4.
2301 1143 2394 1199 Me
2436 1174 2504 1184 —
2553 1160 2662 1200 me.
2697 1145 2787 1200 Me
2835 1151 3069 1218 oportet
3092 1149 3327 1220 operari
3376 1164 3579 1221 opera,

1924 1246 2052 1301 quae
2087 1247 2180 1285 me
2211 1232 2391 1287 Patris
2417 1248 2552 1289 esse
2582 1233 2792 1290 Filium
2830 1236 3151 1292 ostendant
3189 1243 3245 1293 et
3289 1239 3584 1310 aequalem

1926 1321 2067 1385 Deo;
2093 1337 2185 1374 me
2203 1326 2436 1393 oportet
2459 1322 2841 1380 manifestare
2865 1327 3364 1399 meipsum,quod
3395 1327 3584 1384 homi-

1925 1425 2069 1463 num
2090 1409 2200 1464 sim
2229 1418 2481 1476 amator,
2516 1412 2864 1468 uthomines
2889 1430 2991 1484 per
3014 1415 3363 1486 hujusmodi
3397 1433 3584 1488 opera

1925 1498 2002 1552 ad
2033 1497 2237 1564 fidem,
2271 1516 2399 1570 quae
2444 1501 2502 1555 in
2553 1517 2648 1556 me
2678 1506 2784 1567 est,
2837 1505 3087 1570 attracti,
3133 1521 3252 1560 non
3311 1511 3582 1576 pereant.

1925 1587 2426 1659 Quandoquidem
2447 1590 2603 1644 enim
2623 1606 2859 1646 carnem
2881 1594 3197 1663 assumpsi,
3212 1593 3583 1665 impossibile

1925 1680 2016 1730 est
2044 1691 2147 1730 eos
2179 1675 2345 1732 aliter
2384 1677 2584 1734 salvos
2625 1679 2763 1739 ﬁeri,
2810 1679 2920 1736 nisi
2953 1696 3060 1753 per
3088 1681 3292 1748 ﬁdem,
3335 1685 3478 1755 quia
3521 1683 3579 1737 in

1929 1781 2024 1819 me
2049 1764 2306 1821 credent.

2001 1854 2161 1908 Vers.
2209 1859 2258 1910 4.
2313 1856 2502 1913 Βόηθε
2539 1857 2657 1912 dies
2699 1865 2801 1914 est.
2865 1861 3057 1914 Donec
3107 1875 3364 1930 praesens
3407 1861 3582 1918 durat

1934 1944 2450 2010 saeculum,donec
2491 1948 2608 2002 vita
2632 1948 2756 2002 haec
2801 1949 3288 2014 consistit,donec
3325 1950 3583 2005 homini-

1934 2033 2046 2088 bus
2079 2038 2311 2105 operari
2339 2037 2702 2092 conceditur.

2004 2124 2161 2177 Vers.
2194 2127 2245 2178 4.
2279 2125 2435 2180 Venit
2461 2156 2526 2167 —
2562 2128 2810 2197 operari.
2838 2127 3008 2183 Venit
3043 2128 3306 2184 futurum
3335 2128 3584 2185 retribu-

1934 2210 2108 2266 tionis
2147 2214 2455 2269 saeculum.
2518 2216 2686 2280 Quod
2733 2221 2934 2271 autem
2975 2218 3382 2288 operationem
3424 2218 3584 2274 dicat

1933 2300 2050 2364 hic,
2083 2317 2204 2373 qua
2234 2303 2294 2356 in
2343 2303 2538 2375 ipsum
2593 2305 2946 2371 crederetur,
2980 2322 3051 2361 ex
3101 2323 3171 2362 eo
3203 2307 3581 2362 manifestum

1934 2395 2022 2444 est
2045 2391 2208 2461 quod
2247 2394 2524 2462 superius
2539 2393 2741 2448 dixerit
2777 2411 2790 2448 :
2819 2395 2940 2452 Hoc
2972 2403 3199 2467 estapus
3224 2397 3347 2460 Dei.
3375 2403 3439 2451 ut
3463 2412 3584 2453 cre-

1933 2478 2079 2535 datis
2116 2481 2178 2535 in
2200 2495 2325 2536 eum
2356 2497 2517 2553 quem
2539 2483 2641 2538 itte
2661 2483 2816 2538 misit
2848 2484 2915 2538 ⁸⁸.

2004 2745 2267 2802 Christus
2284 2763 2546 2821 namque
2564 2764 2823 2820 praesens
2839 2748 3125 2805 saeculum
3146 2749 3373 2806 vocavit
3398 2750 3555 2807 diem
3568 2796 3581 2819 ,

1934 2850 2006 2890 eo
2027 2836 2190 2907 quod
2231 2839 2563 2909 operationi
2605 2843 2815 2912 aptum
2847 2846 2937 2895 est
2975 2859 2986 2898 :
3016 2839 3278 2895 futurum
3312 2856 3454 2896 vero
3486 2858 3584 2898 no-

1935 2929 2109 2988 ctem,
2137 2925 2281 2996 quia
2307 2927 2365 2982 in
2406 2942 2477 2982 eo
2517 2944 2634 2983 non
2676 2929 2816 2983 ﬁent
2853 2944 3054 3000 opera.
3117 2928 3337 2984 Paulus
3381 2933 3582 2985 autem

1933 3029 1964 3067 e
1996 3013 2228 3070 diverso
2272 3021 2508 3072 noctem
2553 3017 2699 3072 dixit
2743 3033 3001 3089 prtesens
3033 3017 3316 3073 saeculum
3349 3023 3584 3090 propter

1933 3119 2193 3159 errorem
2239 3111 2292 3160 et
2325 3105 2722 3176 ignorantiam
2767 3123 2837 3162 ac
2877 3107 3147 3162 tenebras
3185 3107 3585 3179 perturbatio-

1934 3207 2077 3247 num
2111 3193 2333 3262 animi;
2375 3195 2536 3250 diem
2579 3212 2730 3266 vero,
2785 3196 3070 3262 futurum,
3103 3213 3174 3252 eo
3221 3197 3384 3268 quod
3438 3196 3583 3252 nihil

1933 3281 2146 3337 horum
2176 3283 2433 3339 habebit.
2467 3285 2728 3340 Aitenim
2763 3302 2774 3339 ε
2817 3286 2957 3342 Nox
2988 3287 3300 3356 praecessit,
3334 3286 3456 3341 dies
3478 3300 3582 3341 au-

1934 3377 2046 3426 tem
2073 3375 2560 3446 appropinquavit
2587 3375 2654 3428 ⁸⁷.

2003 3459 2164 3515 Vers.
2193 3463 2247 3515 5.
2285 3463 2566 3528 Quandiu
2590 3494 2659 3502 —
2687 3463 2902 3517 mundi.
2949 3463 3010 3518 Et
3042 3478 3164 3526 eos,
3210 3461 3311 3534 qui
3343 3462 3583 3518 obtene-

1930 3547 2083 3602 brati
2106 3554 2261 3618 sunt,
2282 3555 2510 3621 oportet
2535 3549 2851 3605 illuminari
2891 3549 3210 3622 perﬁdem,
3229 3551 3582 3622 priusquam

1931 3653 1967 3690 ει
1998 3638 2228 3693 mundo
2265 3645 2590 3694 transeam.
2624 3639 2868 3694 Decimo
2911 3639 3114 3710 quinto
3162 3645 3358 3696 autem
3393 3639 3580 3711 capite

1930 3724 2105 3780 latius
2136 3728 2206 3781 de
2237 3727 2350 3783 hoc
2377 3727 2658 3800 loquitur.
2694 3728 2845 3794 Quid
2863 3744 3024 3797 ergo,
3046 3745 3180 3783 cum
3209 3728 3266 3782 in
3296 3728 3446 3783 caelo
3471 3733 3578 3792 est,

1932 3831 2050 3870 non
2073 3824 2160 3870 est
2178 3817 2276 3872 lux
2297 3818 2502 3872 mundi
2523 3816 2551 3872 ‘P
2574 3821 2668 3872 Est
2686 3819 2910 3889 utique,
2937 3818 3039 3872 sed
3060 3834 3218 3872 nunc
3238 3818 3312 3872 de
3331 3833 3577 3872 conver-

1929 3904 2157 3959 satione
2189 3906 2374 3960 suain
2400 3911 2554 3961 terra
2584 3906 2744 3974 dicit,
2774 3905 2948 3961 simul
2977 3911 3033 3961 et
3054 3907 3131 3962 ad
3153 3905 3336 3961 ﬁdem
3367 3905 3582 3961 adhor-

1932 3998 2082 4064 tans,
2101 4001 2157 4049 et
2173 3995 2577 4067 propinquam
2596 4011 2724 4051 esse
2751 4000 3002 4051 mortem
3021 4011 3194 4050 suam
3210 3994 3577 4067 signiﬁcans.

2000 4173 2156 4226 Vers.
2185 4174 2239 4226 6.
2282 4172 2384 4228 His
2424 4171 2600 4229 dictis
2624 4203 2692 4213 —
2715 4172 2860 4229 caeci.
2901 4173 3107 4238 Quaere
3144 4171 3338 4228 solum
3379 4171 3579 4244 pulve-

1925 4276 2050 4316 rem
2095 4267 2394 4333 sumptum
2424 4277 2542 4318 non
2573 4261 2756 4317 illevit
2783 4261 2810 4317 ?
2842 4261 2990 4326 Quia
3027 4261 3191 4317 solus
3234 4260 3428 4333 pulvis
3454 4261 3579 4317 sine

1927 4347 2128 4422 aliquo
2171 4351 2422 4406 humore
2469 4366 2590 4406 non
2620 4349 2840 4405 linitur.
2895 4352 2959 4405 Et
2990 4366 3176 4422 quam
3207 4351 3280 4405 ob
3329 4366 3576 4406 causam

1927 4444 2102 4510 sputo
2125 4444 2179 4494 et
2207 4455 2325 4495 non
2348 4456 2506 4511 aqua
2541 4439 2731 4496 lutum
2761 4438 2895 4494 fecit
2916 4440 2942 4494 ?
2976 4441 3043 4494 Ut
3081 4445 3256 4512 sputo
3281 4438 3578 4494 adscribe-

1925 4532 2085 4584 retur
2115 4528 2493 4584 miraculum.

2000 4618 2156 4672 Vers.
2212 4618 2266 4671 7.
2324 4617 2681 4672 Et—siloe.
2741 4616 2945 4671 Lavari
2991 4615 3184 4687 jubet,
3252 4615 3577 4672 ostendens

1923 4706 2084 4778 quod
2109 4705 2272 4762 nulla
2305 4705 2377 4760 sit
2408 4705 2667 4776 pulveris
2688 4705 3013 4760 necessitas
3047 4723 3058 4759 :
3095 4705 3200 4759 sed
3229 4721 3298 4760 eo
3323 4721 3465 4759 usus
3485 4710 3577 4761 est

1923 4797 2138 4859 solum,
2172 4801 2234 4850 ut
2275 4795 2549 4851 ostendat
2581 4810 2640 4849 se
2681 4809 2828 4859 esse,
2883 4794 2984 4865 qui
3031 4795 3104 4848 ab
3144 4794 3309 4849 initio
3357 4809 3577 4865 corpus

1921 4885 2110 4940 Adam
2145 4884 2218 4940 de
2285 4884 2522 4955 pulvere
2554 4883 2850 4938 formavit.
2894 4883 3059 4940 Mittit
3088 4890 3287 4939 autem
3330 4900 3466 4938 eum
3498 4885 3575 4940 ad

1921 4973 2215 5046 piscinam
2254 4973 2425 5040 Siloe,
2461 4989 2594 5045 quae
2624 4971 2799 5040 longe
2825 4971 3104 5037 distabat,
3149 4977 3210 5027 ut
3264 4980 3578 5044 appareret

1919 5061 2069 5116 ﬁdes
2098 5077 2168 5116 ac
2200 5068 2478 5134 prompta
2499 5059 3020 5127 caeciobedientia;
3048 5075 3239 5132 neque
3261 5059 3417 5116 enim
3455 5059 3575 5118 ulla

1920 5155 2046 5206 erat
2083 5149 2450 5223 apparentia,
2472 5149 2638 5222 quod
2654 5147 2885 5221 piscina
2913 5147 3081 5204 illum
3103 5154 3570 5207 essetcuratura.

1282 5535 1502 5606 Variae
1549 5535 1877 5604 lectiones
1915 5546 1978 5604 et
2007 5540 2210 5603 notae.

278 5679 391 5749 (84)
430 5677 663 5736 Inclusa
691 5678 1037 5735 exciderunt
1065 5682 1130 5733 Α.

309 5753 398 5823 85)
437 5757 540 5803 Τοῦ
564 5749 864 5823 πέμψαντός
901 5768 963 5823 με
993 5749 1160 5806 addit
1189 5749 1256 5808 Α.

309 5753 398 5820 85)
437 5757 540 5803 Τοῦ
564 5753 780 5823 πέμψαν·

282 5753 397 5894 ξὸδ)
436 5826 504 5875 T6
537 5824 688 5896 ἔργον
719 5828 780 5879 Α.

1992 5678 2104 5749 (87)
2129 5681 2222 5731 Διὰ
2239 5681 2335 5737 τήν
2368 5675 2740 5734 ἀνταπόδοσιν.
2771 5675 2830 5729 Ὀ
2858 5672 2916 5729 δε
2945 5681 3008 5735 Α,

2014 5750 2103 5823 se)
2130 5757 2206 5823 rp
2239 5750 2403 5806 abest
2431 5755 2498 5806 A.

1992 5679 2078 5749 (87
2129 5681 2222 5731 Διὰ
2239 5681 2335 5737 τήν
2368 5678 2504 5732 ἁντατ

1986 5678 2104 5896 με)
2128 5757 2206 5839 ξΓῇ
2239 5750 2403 5806 abest
2431 5755 2498 5806 A.

2013 5823 2079 5878 89
2145 5829 2413 5896 Επιτραφῇ
2447 5827 2504 5874 Β.
