4120 6310
577 385 708 440 1311
1927 385 2204 441 EUTHYM

2350 373 2661 444 HGABENI
3824 387 3977 444 1312

578 515 759 566 πεύσει
818 511 991 569 αὐτόν.
1060 513 1264 568 Πολλῶν
1347 516 1446 589 γὰρ
1508 515 1840 572 καθεκοὶστην
1929 512 2033 568 ἐκεῖ
2088 517 2178 566 καὶ
2267 517 2581 586 νιπτομένων
2673 514 2761 566 καὶ
2839 511 3146 588 λουομένων,
3239 509 3412 576 οὐδεὶς
3480 514 3596 588 εὗρέ
3684 534 3822 568 ποτε
3891 520 3979 568 vo-

583 623 679 658 σου
708 607 846 667 τινὸς
871 606 982 675 (90)
1005 603 1326 676 ἀπαλλαγήν.

650 694 813 749 Vers.
847 697 899 748 7.
921 695 1090 762 Quod
1118 725 1178 736 -—
1208 697 1436 750 missus.
1467 693 1639 760 Quod
1677 693 2045 750 vocabulum
2073 694 2230 750 Siloe
2260 702 2277 748 Α

2412 691 2476 762 ’,Ο
2535 723 2604 734 -
2651 691 3048 766 ἀπεσταλμένος.
3118 692 3280 767 Ὀπερ
3361 697 3541 766 ὄνομα,
3610 697 3670 746 τὸ
3743 694 3974 763 Σιλωὰμ

577 783 868 849 videlicet,
887 784 1050 856 quod
1065 789 1151 840 est
1167 785 1528 848 Hebraicum,
1553 784 2039 856 interpretatione
2059 799 2204 840 soua

2344 778 2603 846 δηλονότι,
2661 783 2931 857 Ἐϐραῐκόν
3007 786 3080 849 ὅν,
3138 783 3468 858 ἑρμηνεύεται
3540 782 3965 854 ἀπεσταλμένος.

579 874 824 929 missus:
855 872 1005 941 ideo,
1041 878 1104 928 ut
1122 875 1355 945 opinor,
1377 874 1538 946 quod
1557 881 1696 929 tunc
1721 890 1912 928 caecus
1935 873 2034 928 illo
2060 872 2206 928 fueri

2342 869 2506 944 Οἶμαι
2537 869 2632 925 διὰ
2671 877 2759 925 τὸν
2803 872 3185 945 ἀπεσταλμένον
3216 873 3323 925 ἐκεῖ
3371 878 3486 924 τότε
3533 873 3746 943 τυφλόν.
3795 879 3968 946 Προε-

579 961 801 1017 missus
829 978 842 1026 ;
865 962 1272 1034 praesignabat
1288 978 1551 1034 namque
1573 962 1814 1034 piscinae
1837 961 2206 1034 appellatioit

2123 961 2233 1017 Old
2343 959 2506 1020 δήλου
2535 965 2637 1036 γὰρ
2673 964 2702 1020 ἡ
2737 971 2833 1024 τῆς
2855 961 3221 1036 κολυμϐήθρας
3245 961 3432 1024 κλῆσις
3457 965 3514 1014 τό
3539 961 3743 1034 μελλον.

576 1051 744 1123 quod
773 1051 1031 1106 futurum
1065 1057 1208 1108 erat.

649 1141 814 1196 Vers.
840 1141 894 1194 7.
919 1141 1165 1196 Abiii‘—-
1186 1141 1410 1197 videns.
1439 1139 1591 1196 Abiit
1612 1140 1756 1196 nihil
1789 1139 2098 1206 htesitans,
2129 1139 2235 1195 sed

2414 1138 2665 1198 Ἀπῆλθεν
2747 1171 2812 1180 ——
2876 1139 3097 1213 βλέπων.
3183 1139 3408 1200 Ἀπῆλθε
3494 1161 3566 1213 μη
3653 1137 3961 1213 διακριθεὶς

581 1229 890 1286 confestim
964 1230 1273 1286 obediens.
1330 1230 1506 1301 Atqui
1564 1230 1964 1285 verisimiliter
2038 1229 2208 1284 dicen

2343 1228 2466 1289 ὅλως
2513 1227 2623 1280 ἀλλ’
2668 1229 2849 1289 εὐθέως
2902 1231 3229 1298 ὑπακούσας,
3275 1235 3449 1282 καίτοι
3477 1230 3615 1292 εἰκὸς
3665 1228 3727 1289 ἦν
3770 1230 3957 1297 εἰπεῖν,

581 1322 810 1391 poterat
840 1319 1022 1384 :Quid
1058 1319 1170 1375 hoc
1192 1319 1306 1375 sibi
1325 1320 1445 1376 vult
1468 1319 1496 1374 ?
1527 1335 1648 1374 non
1671 1320 1862 1391 potuit
1887 1335 1982 1375 me
2002 1328 2208 1374 curare

2342 1323 2405 1371 Ti
2432 1325 2586 1370 τούτο
2637 1317 2905 1390 βούλεται,
2947 1319 3040 1371 οὐκ
3097 1315 3327 1378 ἠδύνατο
3386 1319 3534 1379 αὐτὸς
3587 1321 3956 1394 θεραπεῦσαι;

578 1423 726 1464 num
781 1406 1047 1465 fortassis
1090 1408 1282 1465 illudit
1312 1425 1427 1475 me,
1475 1409 1809 1480 frustraque
1842 1408 2058 1464 mittit?
2089 1424 2205 1463 nan

2343 1413 2545 1479 μήποτε
2624 1407 2793 1478 πλανᾴ
2867 1427 2931 1480 με
2990 1413 3080 1461 καὶ
3162 1411 3333 1480 μάτην
3401 1411 3626 1480 πέμπει·
3706 1409 3965 1467 πολλάκις

580 1497 915 1570 frequenter
945 1498 1026 1553 ibi
1071 1498 1246 1562 lotus,
1281 1498 1424 1554 nihil
1458 1498 1662 1568 accepi
1692 1497 1980 1554 utilitatis.
2015 1499 2158 1552 Item
2181 1513 2207 1552 e

2343 1500 2444 1570 γὰρ
2485 1496 2589 1549 ἐκεῖ
2628 1495 2904 1569 νιψάμενος
2946 1494 3096 1550 οὐδὲν
3143 1496 3449 1568 ἀπωνείμην.
3500 1502 3600 1551 Καὶ
3636 1498 3830 1571 ἑτέρως
3882 1493 3964 1560 δε,

583 1587 750 1644 aliter
781 1604 792 1642 :
841 1587 896 1644 Si
927 1587 1194 1643 futurum
1247 1592 1354 1656 est,
1390 1593 1452 1644 ut
1498 1588 1690 1643 lutum
1740 1603 1834 1642 me
1863 1591 2052 1657 sanet,
2090 1587 2210 1659 quit

2345 1586 2405 1639 Εἰ
2449 1587 2474 1637 ὁ
2528 1586 2685 1646 πηλὸς
2735 1588 3059 1658 θεραπεύσει,
3106 1592 3188 1648 τίς
3239 1589 3267 1646 ἠ
3333 1591 3493 1660 χρεία
3546 1594 3638 1639 τοῦ
3690 1587 3971 1657 νίψασθαι

583 1692 734 1748 opus
774 1681 880 1741 est,
907 1680 970 1731 ut
992 1677 1051 1733 in
1083 1679 1238 1733 dicta
1263 1677 1492 1749 piscina
1528 1677 1692 1732 laver
1719 1676 1748 1732 ?
1776 1676 1825 1730 si
1855 1692 1997 1732 vero
2023 1675 2122 1730 illa
2149 1693 2210 1730 ην

2348 1676 2418 1737 εἰς
2465 1679 2559 1734 τὴν
2609 1675 2879 1750 εἰρημένην
2936 1675 3428 1750 κολυμϐήθραν;Εἰ
3472 1673 3532 1729 δε
3580 1675 3748 1733 ἐκείνη
3813 1677 3975 1751 θεραο

583 1770 862 1821 curatura
891 1771 1000 1831 est,
1033 1783 1169 1839 quae
1209 1766 1316 1823 fuit
1345 1766 1450 1822 luti
1498 1767 1822 1821 necessitas
1852 1765 1880 1821 ?
1921 1764 2036 1821 Sed
2091 1764 2210 1820 nihi

2350 1767 2546 1831 πεύσει,
2590 1770 2669 1828 τίς
2699 1767 2728 1824 ἡ
2772 1769 2932 1837 χρεία
2973 1773 3065 1818 τοῦ
3095 1765 3301 1831 ﬁnitor);
3346 1764 3481 1819 Ἀλλ’
3517 1761 3666 1818 οὐδὲν
3717 1773 3972 1817 τοιοῦτον

580 1854 923 1926 hujusmodi
949 1862 1052 1911 aut
1081 1856 1246 1923 dixit,
1274 1861 1377 1912 aut
1406 1856 1685 1926 cogitavit
1718 1871 1730 1910 :
1760 1855 1864 1911 sed
1889 1854 2206 1926 simplicite

2347 1857 2376 1915 ἡ
2435 1851 2569 1908 εἶπεν
2627 1855 2656 1913 ἦ
2712 1853 3018 1926 ἐλογίσατο·
3078 1855 3247 1916 ἁπλῶς
3279 1851 3338 1908 δε
3389 1858 3702 1923 πιστεύσας,
3755 1856 3849 1907 ὅτι
3908 1858 3974 1906 τὰ

581 1944 850 2009 credens,
865 1945 1029 2016 quod
1043 1961 1114 2000 ea
1130 1961 1260 2018 quae
1275 1945 1351 2000 ad
1371 1945 1621 2001 salutem
1639 1961 1811 2000 suam
1828 1944 2208 1999 convenirent

2347 1947 2476 2016 πρὸς
2532 1947 2674 1996 ’ίασιν
2745 1943 2905 1996 αὐτοῦ
2970 1948 3060 1996 καὶ
3137 1949 3384 2002 πεποίηκε
3456 1949 3543 1996 καὶ
3611 1944 3970 2016 προσέταξεν,

582 2036 639 2088 et
675 2033 908 2089 fecisset
958 2039 1012 2088 et
1047 2034 1337 2104 jussisset,
1389 2034 1650 2089 obedivit
1700 2039 1756 2089 et
1798 2033 1963 2098 abiit,
2024 2039 2077 2088 et
2134 2048 2206 2105 pe

2350 2031 2563 2090 ἐπείσθη
2619 2038 2708 2086 καὶ
2763 2032 2981 2097 ἀπῆλθε,
3037 2038 3124 2085 καὶ
3174 2042 3269 2094 τῆς
3324 2035 3574 2094 τοιαύτης
3608 2038 3854 2094 πίστεως
3914 2033 3973 2085 οὐ

587 2119 764 2176 talem
795 2121 976 2177 ﬁdem
1010 2138 1130 2177 non
1185 2128 1272 2178 est
1323 2139 1436 2178 sua
1467 2139 1574 2192 spe
1610 2123 1950 2178 frustratus.

1030 2138 1130 2177 lOIl
1185 2128 1272 2178 est
1323 2139 1436 2178 sua
1467 2139 1574 2192 spe
1610 2123 1950 2178 frustratus.
2351 2119 2657 2196 διήμαρτεν.

657 2209 819 2265 Vers.
853 2209 906 2264 8.
951 2212 1148 2268 Vicini
1190 2212 1409 2284 itaque.
1458 2211 1620 2267 Vers.
1663 2212 1751 2265 11.
1783 2211 1969 2267 visum
2019 2211 2232 2279 recepi.

2425 2213 2490 2263 Οἱ
2539 2207 2626 2263 οὖν
2681 2215 2904 2282 γείτονες
2965 2242 3034 2252 -
3087 2209 3358 2281 ἀνέϐλεψα.
3433 2214 3498 2262 Τί
3567 2209 3774 2280 λέγειςς
3845 2209 3974 2263 ’Λν-

584 2298 734 2364 Quid
765 2299 854 2354 ais
873 2299 900 2354 ?
928 2301 1114 2356 Homo
1141 2301 1278 2357 talia
1299 2300 1490 2356 facere
1508 2305 1694 2374 potest
1719 2300 1747 2354 ?
1778 2300 2049 2356 nondum
2081 2301 2211 2355 enin

2355 2303 2554 2375 θρωπος
2597 2309 2814 2353 τοιαῦτα
2861 2297 3122 2366 δύναται;
3175 2303 3334 2352 Οὔπω
3385 2302 3487 2372 γὰρ
3533 2298 3812 2370 ἐγίνωσκεν
3876 2300 3973 2351 αύ-

583 2392 990 2459 cognoscebat
1029 2406 1166 2446 eum
1203 2391 1382 2446 etiam
1403 2407 1535 2447 esse
1568 2393 1774 2445 Deum.
1815 2391 1942 2446 Non
1981 2390 2210 2446 dixitau

2354 2393 2441 2442 τὸν
2465 2394 2554 2442 καὶ
2585 2394 2731 2443 Θεόν.
2780 2389 2891 2442 Ούκ
2935 2385 3042 2442 εἶπε
3101 2387 3179 2455 δὲ,
3237 2390 3316 2440 ὅτι
3342 2388 3571 2442 "Em-uos
3613 2393 3819 2459 χαμαὶ,
3863 2389 3969 2458 οὐχ

582 2482 701 2534 tem
725 2494 738 2530 :
766 2477 1003 2551 Exspuit
1020 2480 1077 2535 in
1107 2484 1342 2544 terram,
1367 2495 1510 2536 nam
1537 2484 1677 2536 tunc
1701 2494 1824 2535 non
1847 2479 2093 2546 viderat;
2118 2480 2209 2534 sed

2355 2479 2488 2551 ἑώρα
2515 2482 2616 2554 γὰρ
2642 2484 2774 2544 τότε,
2817 2478 2948 2544 ἀλλ’,
2981 2480 3060 2530 ὅτι
3093 2477 3261 2536 Πηλὸν
3313 2477 3545 2545 ἐποίησε,
3585 2481 3674 2528 καὶ
3707 2475 3971 2552 ἔπέχρισέ

585 2569 801 2624 Lutum
837 2570 984 2640 fecit
1015 2575 1070 2625 et
1096 2570 1338 2626 inunxit
1363 2571 1564 2626 oculos
1604 2584 1798 2636 meos;
1831 2569 1948 2624 hoc
1978 2584 2206 2641 namqu

2356 2588 2454 2640 μου
2480 2572 2595 2630 τοὺς
2620 2567 2935 2641 ὀφθαλμούς.
2967 2566 3196 2642 ’ᾘσθετο
3215 2570 3318 2640 γὰρ
3340 2571 3430 2619 καὶ
3454 2569 3583 2638 ἔγνω
3605 2574 3761 2618 τοῦτο
3792 2565 3854 2618 ἐκ
3877 2576 3969 2626 τῆς

588 2663 858 2714 senserat
897 2675 966 2714 ac
995 2675 1171 2714 sensu
1204 2663 1396 2715 tactus
1429 2664 1813 2729 cognoverat.
2356 2658 2510 2730 ἁφῆς.

655 2747 767 2802 Sed
800 2747 961 2804 unde
1000 2748 1226 2816 didicit,
1251 2747 1410 2820 quod
1430 2751 1599 2804 Jesus
1630 2747 1925 2804 diceretur
1952 2746 1980 2802 ?
2003 2749 2246 2803 Interro-

2428 2746 2590 2800 Ἀλλά
2639 2749 2796 2799 πόθεν
2844 2748 3027 2818 ἔμαθεν
3083 2747 3163 2797 ὅτι
3219 2744 3427 2806 Ἰησοῦς
3481 2744 3723 2815 λέγεται;
3791 2743 3958 2818 Ἦρώ-

586 2837 749 2905 gavit
779 2837 987 2907 procul
1035 2837 1221 2892 dubio
1259 2853 1363 2893 eos
1392 2837 1496 2907 qui
1524 2841 1662 2891 tunc
1692 2843 2018 2908 prmsentes
2047 2840 2213 2892 erant

2356 2855 2484 2894 τησε
2513 2841 2629 2889 τότε
2656 2836 2770 2907 (91)
2818 2838 3021 2896 πάντως
3064 2839 3186 2896 τοὺς
3226 2839 3506 2907 παρόντας.
3539 2832 3692 2894 Εἰκὸς
3720 2837 3822 2904 γὰρ
3867 2838 3952 2883 καὶ

589 2925 917 2980 Verisimile
937 2925 1096 2980 enim
1119 2930 1228 2988 est,
1249 2926 1411 2997 quod
1441 2926 1620 2981 etiam
1651 2925 1816 2997 prius
1835 2925 1909 2981 de
1933 2925 2216 2981 miraculis

2357 2928 2602 2998 πρότερον
2665 2921 2868 2976 ἀκούειν
2934 2927 3053 2995 περὶ
3116 2930 3216 2973 τῶν
3267 2923 3542 2994 θαυμάτων
3615 2920 3792 2972 αὑτοῦ.
3861 2923 3944 2972 Διό

600 3011 753 3068 illius
782 3014 1034 3069 audierit
1067 3030 1081 3081 ;
1113 3014 1248 3070 ideo
1270 3014 1448 3069 etiam
1481 3014 1890 3070 incunctanter
1918 3014 1998 3069 illi
2026 3013 2222 3087 paruit

2154 3013 2242 3079 lit,
2357 3018 2448 3066 καὶ
2481 3011 2790 3087 ἀπεριέργως
2821 3013 3114 3071 ὑπήκουσεν
3148 3010 3330 3076 αὐτοῦ,
3362 3013 3536 3073 καθὼς
3563 3014 3781 3084 εἴρηται.

583 3099 671 3158 iut
699 3102 922 3157 dictum
951 3105 1054 3157 est.

662 3191 824 3247 Vers.
859 3192 946 3245 12.
998 3191 1296 3247 Dixerunt
1354 3221 1420 3232 —
1471 3191 1624 3247 ille?
1670 3191 1822 3245 Nam
1863 3192 2250 3263 requirebant

2431 3187 2584 3255 Εἶπον
2645 3221 2706 3230 -
2762 3188 2983 3258 ἐκεῖνοςς
3061 3190 3311 3250 Ἐζήτουν
3366 3190 3469 3261 γὰρ
3531 3189 3685 3256 αὐτόν,
3741 3180 3927 3254 διαφυ-

586 3281 760 3346 llum,
776 3281 877 3352 qui
895 3281 1194 3337 insaniam
1219 3279 1492 3352 ipsorum
1514 3279 1860 3349 aufugerat;
1887 3282 2135 3354 etquasi
2160 3282 2213 3355 (ιλ

2356 3283 2517 3350 γόντα
2563 3283 2656 3337 τὴν
2701 3284 2888 3352 μανίαν
2951 3279 3140 3346 αὐτῶν,
3203 3282 3292 3330 καὶ
3362 3279 3429 3338 ὡς
3493 3281 3645 3348 μόνον
3691 3278 3942 3339 ἥκουσαν,

587 3370 783 3428 solum
811 3368 870 3424 id
901 3369 1229 3435 audissent,
1263 3370 1622 3437 investigant
1654 3384 1816 3424 eum.

1299 3370 1622 3437 avestigant
1654 3384 1816 3424 eum.
2285 3418 2322 3473 Ο
2360 3367 2732 3441 ἰχνηλατούσιν
2755 3368 2926 3422 αὐτόν.

658 3459 825 3516 Vers.
860 3460 944 3514 12.
973 3459 1095 3522 Ait,
1121 3459 1344 3515 Nescio.
1373 3458 1521 3514 Nam
1551 3475 1685 3514 cum
1706 3459 2056 3525 iuunxisset,
2089 3466 2145 3517 et
2167 3461 2246 3517 ad

2433 3462 2580 3530 Λέγει
2614 3475 2626 3487 ο
2657 3458 2768 3510 Ov}:
2807 3455 2948 3512 οἶδα.
2996 3457 3316 3532 Ἐπιχρίσας
3341 3458 3442 3530 γὰρ
3481 3459 3569 3507 καὶ
3612 3453 3959 3524 ἐντειλάμενος

586 3548 880 3622 piscinam
948 3548 1110 3604 abire
1185 3547 1478 3619 iussisset.
1529 3549 1816 3605 continuo
1884 3548 2213 3607 discessere

2357 3545 2589 3600 ἀπελθεῖν
2646 3546 2716 3608 εἰς
2769 3551 2862 3604 τὴν
2920 3545 3307 3619 κολυμϐήθραν,
3363 3543 3697 3618 ἀνεχώρησεν
3769 3543 3963 3594 αὐτίκα

589 3637 829 3707 fugiens
844 3637 1126 3710 plausum
1157 3637 1232 3693 de
1261 3636 1571 3693 miraculo.

2356 3639 2554 3708 φεύγων
2578 3638 2662 3688 τὸν
2687 3634 2788 3688 ἀπὸ
2822 3642 2914 3687 τοῦ
2941 3637 3206 3706 θαύματος
3232 3639 3433 3708 κρότον.

661 3727 824 3782 Vers.
859 3727 947 3782 13.
996 3727 1329 3783 Adducunt
1376 3757 1444 3767 —
1481 3727 1643 3781 Vers.
1692 3728 1778 3782 14.
1816 3728 2038 3784 oculos.
2095 3727 2245 3784 Cum

2423 3724 2679 3797 Ἀγουσιν
2749 3755 2818 3764 -
2902 3724 3218 3796 ὀφθαλμούς.
3291 3728 3375 3781 Μὴ
3448 3724 3677 3795 εὑρόντες
3749 3721 3959 3787 ἐκεῖνον,

591 3815 759 3872 illum
784 3831 906 3872 non
937 3816 1290 3884 invenirent,
1331 3816 1507 3872 hunc
1531 3815 1843 3872 adducunt
1888 3821 1948 3872 ut
1977 3816 2218 3872 demons

2355 3815 2547 3884 ἁγουσι
2613 3822 2792 3866 τοῦτον
2855 3813 2925 3876 εἰς
2979 3810 3247 3875 ἀπόδειξιν
3289 3822 3382 3874 τῆς
3429 3811 3621 3871 λύσεως
3675 3820 3772 3863 τοῦ
3830 3811 3961 3864 Σαϐ-

594 3910 749 3961 trent
775 3906 938 3978 quod
963 3905 1293 3962 Sabbatum
1317 3905 1576 3962 solverit.
2357 3903 2535 3957 ϐάτου.

666 3995 831 4051 Vers.
856 3997 944 4050 15.
977 3996 1236 4052 Rursum
1265 4027 1322 4034 —
1353 3995 1543 4052 video.
1572 3995 2242 4065 Noninterrogaverunt,

2431 3992 2589 4045 Πάλιν
2619 4023 2671 4033 -—
2707 3990 2900 4065 βλέπω.
2950 3991 3060 4043 Ούκ
3087 3991 3385 4062 ἠρώτησαν,
3420 3996 3536 4051 Πῶς
3583 3990 3697 4060 (92)
3757 3988 3958 4042 ἀνέϐλε-

599 4083 913 4150 Quomodo
944 4084 1137 4139 visum
1187 4084 1484 4155 recepisti,
1539 4085 1642 4140 sed
1671 4085 1964 4154 Quomodo
2008 4084 2226 4154 aperui.

2357 4082 2483 4152 ψας,
2544 4080 2688 4147 ἀλλὰ,
2749 4087 2863 4140 Πὼς
2924 4078 3108 4151 ἀνέῳξέ
3160 4099 3254 4131 σου
3310 4082 3431 4140 τοὺς
3483 4078 3820 4150 ὁφθαλμούςς
3886 4075 3963 4130 δι-

599 4174 799 4229 oculos
821 4178 950 4228 tuos
969 4174 998 4228 ἵ
1025 4172 1233 4228 dantes
1253 4173 1629 4230 occasionem
1663 4173 2077 4229 calumniandi
2104 4189 2226 4228 eun

2360 4168 2531 4230 δόντες
2585 4169 2825 4245 ἀφορμὴν
2896 4175 2988 4221 τοῦ
3042 4164 3308 4220 διαϐαλεῖν
3355 4167 3511 4219 αὐτὸν
3579 4167 3664 4219 ἐπὶ
3738 4165 3960 4237 ἐργασίᾳ

597 4260 673 4315 de
716 4277 892 4332 opere
916 4260 1212 4334 prohibito
1253 4261 1473 4319 scilicet
1512 4265 1568 4318 in
1603 4262 1870 4318 Sabbato
1903 4279 1914 4316 :
1949 4265 2075 4334 ipse
2109 4278 2224 4317 veri

2358 4259 2680 4333 κεκωλυμένη
2742 4256 2897 4316 δῆθεν
2952 4260 3002 4310 ἓν
3054 4265 3128 4328 τῷ
3179 4255 3444 4328 Σαϐϐάτῳ.
3478 4255 3537 4308 Ὀ
3581 4253 3658 4322 δὲ,
3722 4259 3792 4316 ὡς
3832 4263 3962 4328 πρὸς

596 4349 775 4422 quasi
801 4350 878 4405 ad
904 4366 1007 4405 eos
1038 4350 1314 4424 loquens,
1337 4353 1440 4425 qui
1464 4352 1592 4426 jam
1626 4352 2002 4418 audiverant,
2030 4367 2223 4407 sermo

2361 4348 2654 4424 ἀκηκρότας
2694 4344 2801 4407 ἤδη
2853 4350 2918 4399 τὰ
2954 4345 3068 4399 κατ’
3126 4345 3283 4399 αὐτὸν
3336 4345 3519 4418 λέγων,
3566 4344 3827 4416 ἐπιτέμνει
3876 4349 3958 4397 τόν

592 4454 732 4495 nem
769 4439 1090 4496 abbreviat.

900 4440 1090 4496 reviat.
2358 4439 2527 4510 λόγον.

663 4529 826 4585 Vers.
869 4530 955 4584 16.
982 4529 1264 4587 Dicebant
1296 4561 1362 4572 -—
1387 4531 1678 4587 observat.
1698 4560 1767 4571 —
1791 4531 1915 4587 Non
1943 4535 2026 4586 est
2047 4545 2084 4586 a
2105 4533 2240 4598 Deo,

2422 4527 2629 4599 ’Ἔλεγον
2667 4559 2731 4568 -
2768 4533 2933 4600 τηρεῖ.
2971 4526 3080 4578 Οὐκ
3117 4527 3230 4578 ἔστί
3261 4526 3406 4598 παρά
3432 4531 3587 4591 Θεοῦ,
3636 4521 3953 4594 ἀπεσταλμο

592 4617 812 4674 missus
838 4618 1131 4682 videlicet,
1163 4618 1274 4683 vel,
1301 4621 1425 4675 Non
1465 4624 1551 4674 est
1582 4635 1655 4674 ex
1687 4619 1828 4674 Deo.

1712 4619 1828 4674 )eo.
2277 4661 2322 4716 D
2351 4637 2434 4678 νος
2462 4613 2725 4686 δηλονότι,
2747 4617 2777 4676 ἣ
2808 4616 2897 4668 οὐκ
2929 4617 3068 4668 ἔστιν
3107 4612 3162 4666 ἔκ
3193 4618 3339 4669 Θεοῦ.

664 4708 822 4763 Vers.
855 4708 944 4764 16.
988 4708 1114 4763 Alii
1140 4739 1204 4749 —
1243 4723 1355 4765 eos.
1389 4711 1536 4765 Nam
1584 4708 1681 4780 qui
1707 4723 1779 4764 ex
1813 4710 1928 4764 Deo
1967 4723 2088 4763 non
2131 4712 2238 4772 est,
2277 4697 2291 4716 ¹

2304 4697 2321 4715 ’
2423 4706 2601 4760 Ἀλλοι
2643 4736 2708 4746 -
2741 4705 2937 4766 αύτοίς.
2992 4704 3050 4757 Ὀ
3080 4706 3182 4777 γὰρ
3237 4707 3308 4775 μὴ
3366 4704 3434 4755 ὢν
3484 4701 3539 4756 ἐκ
3570 4709 3661 4754 τοῦ
3722 4708 3842 4755 Θεοῦ
3883 4697 3931 4748 ἐκ

592 4813 666 4853 ex
701 4796 946 4854 diabolo
976 4801 1081 4863 est,
1117 4801 1173 4853 et
1210 4797 1456 4854 omnino
1495 4802 1771 4870 peccator
1806 4801 1912 4852 est.
1941 4796 2219 4852 Dissensit

2351 4803 2442 4850 τοῦ
2497 4792 2745 4848 διαϐόλου
2811 4798 2942 4860 ἐστὶ,
3015 4797 3105 4845 καὶ
3163 4794 3368 4855 πάντως
3440 4791 3739 4868 ἁμαρτωλός
3805 4786 3933 4839 ἐστι.

1838 5000 2063 5070 Variae
2094 5000 2424 5069 lectiones
2459 5009 2524 5068 et
2563 5010 2767 5067 notae.

665 5197 780 5266 (90)
809 5200 953 5258 Tuéc
992 5199 1056 5252 Αι
2355 5196 2591 5254 codices
2622 5195 2800 5252 etiam
2831 5195 2999 5264 ﬁngit
3025 5198 3082 5250 et
3101 5191 3350 5250 confuse
3371 5207 3473 5266 eos
3503 5190 3732 5247 laudat.
3763 5189 3963 5245 Multo-

665 5262 780 5337 (91)
823 5273 953 5321 Ποτέ
983 5271 1047 5322 Α·
2357 5269 2486 5333 ties,
2521 5284 2657 5323 cum
2685 5262 3054 5339 interpretes,
3075 5267 3382 5337 Origenes,
3410 5262 3882 5339 Chrysostomus
3912 5266 3966 5316 et

663 5332 777 5409 (92)
815 5340 1291 5411 Chrysostomus,
1341 5347 1403 5395 ut
1449 5341 1615 5407 solet,
1671 5356 1912 5396 versum
1969 5341 2032 5395 15
2077 5346 2130 5395 et
2177 5342 2246 5394 26
2358 5332 2724 5405 aliidicunt,
2773 5332 3150 5411 Evangelista
3181 5332 3287 5411 aut
3314 5332 3621 5411 apostolus
3676 5348 3800 5411 non
3836 5332 3962 5411 (ioc.

593 5403 881 5466 confudit.
919 5403 1053 5465 Vide
1086 5416 1229 5466 tom.
1286 5412 1421 5477 VIII,
1454 5429 1516 5481 p.
1554 5403 1654 5466 334
1701 5415 1765 5466 Α.
1801 5415 1961 5467 I-lunc
1993 5427 2135 5480 ergo
2163 5428 2249 5467 se-
2357 5411 2460 5468 sed
2487 5411 2646 5466 illud
2679 5403 2835 5466 dixit
2863 5429 2876 5468 :
2906 5403 3031 5481 non
3068 5408 3245 5472 illud,
3283 5403 3390 5462 sed
3435 5405 3550 5481 hoc
3576 5403 3964 5481 probandum

593 5481 1164 5555 quiturEuthymius
1183 5476 1758 5555 etTheophylactus.
1790 5485 1966 5538 etiam
1997 5476 2250 5555 in'inter-
2361 5489 2465 5555 est.
2525 5482 2587 5555 Id
2631 5484 2808 5555 etiam
2859 5481 2973 5537 hoc
3022 5479 3154 5537 loco
3205 5481 3469 5555 fecerunt
3516 5476 3885 5555 Euthymida
3914 5483 3963 5555 et

593 5548 925 5624 pretatione
964 5548 1030 5622 p.
1083 5556 1184 5608 697
1246 5555 1303 5610 C.
1367 5548 1583 5610 Si'mi'lis
1627 5555 1893 5610 confusio
1952 5559 2040 5608 est.
2093 5554 2249 5610 infra
2356 5552 2855 5624 Theophylactus.
2908 5555 3160 5622 Uterque
3199 5549 3358 5607 enim
3398 5548 3457 5604 in
3505 5554 3797 5604 contextu
3833 5549 3964 5603 Vul-

595 5623 736 5687 ivu,
777 5628 830 5688 7,
863 5625 916 5690 8,
951 5625 1090 5679 etin
1123 5625 1265 5680 locis
1291 5633 1530 5681 centum
1572 5625 1718 5680 aliis.
1761 5625 1874 5681 Sed
1902 5625 2087 5681 altero
2121 5625 2246 5683 loco
2358 5623 2562 5696 gatam
2603 5623 2800 5681 Servat
2822 5623 3161 5682 lectionem.

668 5798 754 5872 (u)
785 5799 859 5854 Et
892 5800 1080 5870 quasi,
1115 5803 1226 5857 etc.
1254 5801 1318 5855 Et
1347 5805 1411 5858 ut
1440 5800 1618 5858 modo
1655 5800 2022 5862 audiverant.
