4120 6310
198 327 335 393 1343

1221 290 1599 383 (LOMMEN’I‘.
1650 314 1719 381 lN
1759 316 2107 381 JOANNEM.
2154 358 2212 365 —
2259 320 2419 383 CAP.
2471 324 2572 385 ix.

3432 330 3570 391 1314

194 465 413 534 Σχίσμα
431 463 519 533 μεν
536 459 623 513 οὖν
647 464 733 513 καὶ
754 464 867 512 τότε
895 462 982 510 καὶ
1000 458 1249 529 πρότερον
1270 441 1478 517 ἐγένετοο
1511 452 1627 504 Ούκ
1644 450 1797 510 ἦλθον

1941 458 2109 523 taque
2147 456 2203 507 et
2252 457 2390 508 tunc
2420 458 2476 508 et
2502 453 2665 525 prius
2706 452 2859 511 facta
2898 458 2986 512 est
3034 471 3048 523 ;
3081 458 3399 530 siquidem,
3430 461 3565 521 Non

192 553 319 623 γὰρ,
350 555 500 623 φησὶ,
535 547 711 622 βαλεῖν
737 549 940 622 εἰρήνην
972 545 1054 598 ἐπὶ
1078 548 1173 602 τήν
1194 546 1313 613 γῆν,
1344 534 1470 591 ἀλλὰ
1500 544 1795 617 μάχαιραν·

194 639 304 691 ἀλλ’
336 640 429 691 οὐκ
460 638 708 712 ἐπέμεινεν
740 638 875 709 (93).
917 635 1220 692 Ἠνώθησαν
1249 633 1350 703 γὰρ
1392 626 1555 698 αὖθις,
1608 632 1800 684 ἐπικει-

196 732 359 801 μένων
390 736 491 781 τῶν
522 727 813 801 ἀρχόντων.

270 821 500 888 Λέγουσι
525 849 593 857 —-
623 817 951 889 ὀφθαλμούς;
996 818 1224 884 Λέγουσι
1250 818 1402 864 τοῦτο
1434 811 1539 883 οὐχ
1569 813 1617 862 οἱ
1639 810 1802 863 εἰπόν-

194 924 297 971 τες,
339 908 419 959 ὅτι
449 906 558 959 Ούκ
590 909 701 959 ἔστι
752 908 891 978 παρὰ
928 910 1075 970 Θεού,
1130 901 1234 953 ἀλλ’
1281 902 1329 953 οἱ
1376 903 1682 972 σχισθέντες
1714 899 1800 953 ἀπ’

198 996 389 1051 αὐτῶν.
438 994 548 1049 Ἵνα
609 998 711 1068 γὰρ
767 1000 837 1067 μή
900 991 1097 1056 δόξωσι
1141 998 1446 1062 συνηγορεῖν
1485 990 1646 1061 αὐτῷ,
1716 994 1803 1043 τὸν

196 1085 423 1138 λαϐόντα
466 1093 647 1158 πεῖραν
686 1092 777 1148 τῆς
828 1080 1090 1156 δυνάμεως
1135 1080 1290 1133 αὑτοῦ
1322 1087 1583 1132 ποιοῦνται
1620 1084 1802 1153 κριτὴν

197 1184 292 1237 τῆς
321 1174 647 1247 ἀμφιϐολίας.

272 1353 329 1405 Ὀ
384 1384 451 1394 -
523 1352 655 1407 ἔστί.
707 1356 982 1427 Προφήτας
1032 1349 1244 1402 ἐκάλουν
1300 1352 1420 1410 τούς
1490 1350 1654 1411 θείους
1721 1350 1805 1399 ἄν-

202 1440 357 1515 δρας.
391 1442 671 1516 Ἀντικρυς
717 1438 805 1494 οὖν
836 1460 993 1513 φησιν
1042 1442 1123 1492 ὅτι
1166 1442 1308 1511 παρὰ
1357 1445 1490 1491 Θεοῦ
1543 1437 1674 1505 ἐστι,
1716 1443 1806 1490 καὶ

202 1532 300 1584 οὐκ
364 1530 591 1604 ἐφοϐήθη
642 1535 729 1583 τὸν
780 1534 939 1603 θυμὸν
987 1538 1084 1581 τῶν
1135 1529 1383 1599 λεγόντων
1433 1529 1513 1579 ὅτι
1552 1528 1644 1579 οὐκ
1694 1529 1806 1579 ἔστι

201 1624 347 1694 παρά
397 1628 550 1674 Θεοῦ.
605 1619 813 1695 Στεῤῥός
854 1621 955 1692 γὰρ
1005 1615 1066 1676 ἧν
1113 1622 1202 1669 καὶ
1256 1616 1537 1689 φιλαλήθης
1587 1621 1675 1668 καὶ
1725 1616 1808 1668 εύ-

201 1715 421 1781 γνώμων
434 1753 447 1766 .

1916 540 2065 604 veni,
2099 539 2312 613 inquit,
2364 548 2423 596 ut
2452 542 2685 598 mittam
2724 558 2931 612 pacem
2959 545 3023 600 in
3055 552 3300 618 terram,
3324 552 3420 607 sed
3437 555 3569 621 gla-

1912 628 2070 684 dium
2086 629 2275 685 ".Sed
2289 645 2409 685 non
2426 634 3093 702 persevcravit.Rursum
3108 637 3257 692 enim
3273 639 3417 696 uniti
3431 646 3569 699 sunt

1912 717 2267 773 instantibus
2294 718 2599 774 Pharisaeis
2630 720 2721 791 (ι).

1986 807 2144 861 Vers.
2176 808 2268 863 17.
2321 807 2507 863 Aiunt
2541 839 2612 850 —
2667 812 2908 868 oculos?
2948 816 3065 869 Hoc
3092 815 3256 872 aiunt
3297 832 3417 873 non
3462 817 3565 886 illi,

1912 895 2017 966 qui
2047 894 2340 962 dixerant,
2383 898 2513 952 Non
2554 904 2633 954 est
2661 914 2699 954 a
2737 900 2869 970 Deo,
2898 901 3001 956 sed
3040 903 3144 975 qui
3173 904 3250 960 ab
3278 904 3369 960 his
3398 906 3570 962 divisi

1913 990 2079 1040 erant
2103 1002 2120 1049 ;
2159 1001 2233 1040 ne
2264 986 2423 1041 enim
2451 986 2530 1041 illi
2559 989 2916 1059 patrocinari
2939 992 3445 1061 viderentur,eum
3464 996 3569 1068 qui

1916 1073 2145 1129 virtutis
2172 1077 2295 1144 ejus
2336 1076 2805 1146 experimentum
2839 1087 3199 1153 sumpserat,
3252 1084 3572 1143 constituat

1914 1165 2324 1234 ambiguitatis
2355 1165 2643 1236 judicem.

1993 1343 2149 1398 Vers.
2177 1347 2265 1401 17.
2299 1344 2372 1399 At
2403 1377 2471 1385 —
2500 1352 2601 1402 est.
2647 1349 2970 1419 Prophetas
3002 1351 3298 1408 vocabant
3336 1353 3572 1412 divinos

1916 1432 2087 1487 viros.
2121 1435 2333 1504 Aperte
2360 1452 2501 1505 ergo
2522 1436 2663 1491 dicit
2693 1439 2856 1508 quod
2884 1455 2918 1494 a
2938 1442 3053 1495 Deo
3070 1447 3245 1507 esset,
3281 1459 3389 1498 nec
3422 1444 3573 1501 iram

1920 1523 2106 1577 timuit
2143 1523 2467 1579 dicentium
2507 1525 2671 1596 quod
2704 1543 2823 1582 non
2864 1535 3018 1585 esset
3074 1546 3111 1585 a
3167 1534 3306 1587 Deo.
3339 1532 3573 1588 Firmus

1919 1610 2079 1664 enim
2113 1617 2258 1677 erat,
2287 1619 2341 1667 et
2373 1613 2628 1669 veritatis
2660 1621 2892 1671 amator
2912 1632 2982 1672 ac
3008 1633 3217 1690 aaquus
3243 1620 3338 1692 (τη)
3366 1621 3572 1678 homo.

280 1798 389 1849 Οὐκ
429 1829 497 1837 -
530 1796 816 1868 ἀνέϐλεψεν.
851 1799 917 1849 Οἱ
947 1796 1186 1861 εἰπόντες,
1233 1797 1313 1847 ὅτι
1362 1795 1472 1847 Ούκ
1515 1797 1627 1846 ἔστι
1667 1797 1810 1866 παρὰ

1990 1786 2157 1842 Vers.
2193 1792 2275 1843 t8.
2306 1790 2439 1844 Non
2477 1820 2531 1831 —
2558 1790 2740 1847 visum
2762 1794 3087 1862 recepisset.
3130 1795 3238 1861 Qui
3277 1796 3573 1870 dixerant,

206 1892 355 1940 Θεοῦ.
388 1886 544 1953 Ἀλλ’,
593 1885 633 1939 ὦ
673 1885 917 1944 ἀνόητοιῑ
948 1886 993 1938 εἰ
1036 1885 1164 1956 ούχὶ
1212 1885 1399 1956 τυφλὸς
1432 1888 1499 1935 ὢν
1549 1882 1806 1954 ἀνέϐλεψε,

203 1985 313 2037 πῶς
354 1973 655 2030 διαϐάλλετε
680 1979 767 2028 τὸν
800 1978 1032 2049 Χριστὸν
1063 1976 1129 2035 ὡς
1166 1973 1214 2025 ἐν
1254 1972 1502 2045 Σαϐϐάτῳ
1535 1972 1810 2045 ἰασάμενον

207 2065 365 2117 αὐτόν
391 2083 404 2133 ;

279 2243 412 2306 Ἕως
500 2275 569 2285 -
644 2240 1099 2315 ἐγεννήθη;”ορα
1155 2245 1423 2315 πονηρίαν,

208 2333 463 2407 ἓρωτῶσι,
522 2329 914 2405 προσδοκῶντες
971 2330 1199 2403 ἐκφοϐεῖν
1272 2331 1477 2394 αὐτούς,
1527 2332 1629 2394 ἶνα,
1698 2333 1813 2381 τού-

1534 2240 1813 2315 Αύστηρῶς

208 2443 310 2475 των
342 2421 732 2495 ἀρνησαμένων,
784 2421 1100 2491 έπισκιασθῇ
1136 2424 1194 2472 τὸ
1237 2423 1432 2493 θαῦμα.
1485 2424 1586 2472 Καί
1634 2435 1807 2489 φασιν·

206 2511 303 2564 "Ov
372 2513 516 2583 ὑμεῖς
588 2510 778 2583 λέγετε,
859 2513 942 2562 ὅτι
1024 2509 1212 2582 τυφλὸς
1283 2509 1545 2580 ἐγεννήθη,
1622 2504 1815 2578 ψευδό-

210 2620 355 2673 μενοι
384 2596 592 2658 δηλαδή
626 2605 716 2652 καὶ
754 2606 1181 2672 κακουργοῦντες,
1214 2603 1303 2650 καὶ
1343 2607 1412 2667 τῷ
1449 2598 1624 2655 Ἰησοὺ
1658 2593 1813 2658 δόξαν

208 2709 302 2763 περ
312 2693 653 2761 ιποιούμενοι.

282 2786 395 2839 Πῶς
434 2809 489 2818 —
529 2777 746 2850 βλέπει;
778 2776 836 2830 Εἰ
869 2776 1052 2848 τυφλὸς
1082 2775 1350 2847 ἐγεννήθη.

281 2866 671 2939 Ἀπεκρίθησαν
700 2896 768 2907 -
801 2865 896 2918 ούκ
926 2863 1162 2937 οἴδαμεν.
1209 2870 1339 2939 Τρία
1381 2863 1732 2937 ἐρωτηθέντες,
1771 2864 1815 2916 εἰ

207 2956 356 3015 οὗτός
387 2954 525 3007 ἐστιν
554 2957 579 3007 ὁ
605 2958 713 3016 υἱὸς
752 2955 939 3020 αὐτῶν,
984 2955 1026 3008 εἰ
1056 2955 1244 3027 τυφλός
1273 2957 1540 3026 ἐγεννήθη,
1586 2959 1676 3006 καὶ
1713 2962 1813 3013 πῶς

208 3045 329 3116 ἄρτι
370 3042 584 3116 βλέπει³
632 3047 697 3096 τὰ
749 3047 838 3116 μεν
888 3041 984 3096 δύο
1028 3044 1379 3116 ὁμολογοῦσισ
1432 3052 1541 3105 πῶς
1588 3042 1647 3097 δὲ
1695 3045 1815 3117 ἄρτι

1918 1877 2049 1933 Non
2099 1882 2183 1933 est
2213 1892 2250 1933 a
2283 1879 2424 1935 Deo.
2477 1880 2606 1943 Sed,
2637 1898 2668 1935 ο
2712 1880 3024 1950 insensati,
3083 1885 3129 1940 si
3172 1901 3291 1941 non
3345 1886 3425 1942 ita
3462 1893 3572 1954 est,

1918 1967 2083 2037 quod
2134 1982 2272 2022 cum
2300 1984 2487 2024 ca-cus
2540 1975 2697 2026 esset
2748 1972 2943 2028 visum
2990 1975 3228 2047 recepit,
3262 1977 3574 2048 quomodo

1918 2055 2211 2111 Christum
2297 2057 2767 2126 calumniamiui,
2852 2062 3017 2134 quod
3090 2063 3257 2121 illum
3309 2066 3572 2125 Sabbato

1918 2146 2215 2201 sanaverit
2243 2147 2270 2201 ?

1989 2237 2146 2290 Vers.
2206 2236 2292 2290 18.
2327 2237 2512 2295 Donec
2569 2270 2638 2279 --
2678 2240 2840 2295 Vers.
2887 2245 2970 2296 t9.
3020 2248 3197 2299 natus
3246 2252 3325 2301 est
3361 2244 3390 2300 Ῡ
3430 2246 3572 2302 Vide

1920 2323 2231 2380 malitiam.
2264 2327 2466 2395 Rigide
2498 2328 2884 2397 interrogant,
2921 2336 3199 2402 putantes
3226 2334 3356 2389 illos
3391 2340 3577 2390 exter-

1919 2428 2065 2477 rere,
2109 2420 2171 2469 ut
2201 2414 2348 2471 dum
2400 2415 2459 2470 lii
2503 2424 2844 2487 negassent,
2888 2421 3141 2476 tenebris
3170 2422 3578 2479 oﬂ‘underetur

1922 2501 2277 2558 miraculum
2295 2505 2531 2561 etaiunt
2559 2508 2670 2562 :De
2688 2523 2802 2577 quo
2840 2524 2937 2564 vos
2965 2510 3178 2575 dicitis,
3211 2512 3370 2583 quod
3400 2528 3577 2569 caecus

1921 2598 2099 2647 natus
2116 2600 2196 2649 est
2217 2595 2245 2647 ?
2262 2594 2609 2651 mentientes
2622 2596 2893 2653 videlicet
2907 2603 2962 2653 et
2979 2599 3182 2656 dolose
3201 2600 3573 2667 simulantes,

1923 2686 1984 2737 ut
2025 2681 2142 2753 ipsi
2182 2682 2321 2738 Jesu
2344 2684 2589 2753 gloriam
2622 2689 2920 2759 quaeratis.

1994 2771 2155 2826 Vers.
2192 2772 2279 2826 l9.
2316 2775 2603 2839 Quomodo
2627 2808 2695 2815 —
2725 2776 2873 2833 videt
2905 2775 2933 2831 ?
2960 2777 3015 2834 Si
3039 2794 3231 2834 caecus
3252 2784 3426 2836 natus
3464 2785 3572 2837 est.

1996 2860 2156 2915 Vers.
2189 2862 2278 2916 20.
2325 2863 2773 2932 Responderunt
2825 2898 2895 2906 —
2923 2866 3087 2923 Vers.
3145 2873 3233 2925 2t.
3271 2872 3576 2926 nescimus.

1923 2949 2071 3003 Cum
2119 2949 2194 3005 de
2250 2951 2438 3006 tribus
2495 2954 2835 3024 interrogati
2888 2955 3138 3014 fuissent
3181 2975 3193 3013 :
3230 2966 3427 3014 utrum
3483 2960 3578 3017 hic

1927 3042 2083 3093 esset
2135 3038 2291 3094 ﬁlius
2329 3057 2557 3112 eorum,
2591 3049 2783 3100 utrum
2844 3062 3037 3101 caecus
3087 3052 3263 3103 natus
3315 3053 3488 3115 esset,
3527 3053 3584 3106 et

211 3132 390 3203 βλέπει
417 3132 615 3204 ἀγνοεῖν
654 3132 883 3204 λέγουσι,
916 3132 1220 3206 φοϐούμενοι
1250 3137 1367 3195 τοὺς
1394 3130 1700 3197 Ἰουδαίους,
1748 3136 1814 3193 ὡς

1941 3128 2236 3198 quomodo
2267 3146 2427 3186 nunc
2471 3131 2699 3188 videret
2751 3151 2765 3200 ;
2799 3135 2873 3189 de
2912 3135 3151 3192 duobus
3199 3137 3577 3194 conﬁtentur.

211 3222 295 3285 ἐξῆ
307 3243 327 3283 ς
360 3218 569 3280 δηλωθή
581 3242 747 3275 σεται.

284 3398 449 3460 Αύτὸς
522 3428 593 3440 ——
661 3397 894 3456 λαλήσει.
975 3396 1112 3461 Ἐξω
1170 3395 1414 3451 κινδύνου
1469 3400 1815 3460 καθιστῶντες

212 3489 445 3551 ἑαυτοὺς,
499 3486 583 3540 ἐπὶ
631 3491 717 3540 τὸν
770 3488 1196 3560 τεθεραπευμένον
1249 3492 1661 3563 παραπέμπουσι
1724 3493 1815 3547 τήν

214 3578 492 3652 ἐρώτησιν,
561 3580 625 3639 ὡς
688 3576 1106 3650 ἀξιοπιστότερον
1160 3577 1327 3629 αὐτῶν
1376 3576 1425 3629 ἐν
1476 3585 1546 3648 τῷ
1598 3580 1814 3649 τοιούτῳ

219 3670 500 3739 ζητήματι.

287 3761 464 3807 Ταῦτα
498 3787 551 3796 -
581 3754 990 3827 ἀποσυνάγωγος
1014 3773 1247 3825 γενηται.
1281 3756 1645 3822 Συνετέθειντο,
1700 3758 1818 3813 ἦτοι
1898 3788 1903 3793 -

221 3850 605 3917 συνεφώνησαν.
666 3845 1106 3916 Ἀποσυνάγωγος
1150 3840 1208 3896 6“:
1256 3845 1281 3895 6
1335 3842 1698 3917 ἐκϐεϐλημένος
1729 3853 1819 3905 τῆς

219 3941 547 4005 συναγωγῆς.

292 4026 386 4075 Διὰ
418 4056 479 4063 -
512 4022 823 4095 ἐρωτήσατε.
858 4026 927 4077 Τὸ
960 4023 1082 4076 αὐτὸ
1114 4022 1265 4075 πάλιν
1286 4023 1419 4095 λέγει
1450 4024 1586 4095 (94),
1632 4021 1819 4077 διασύ-

217 4132 321 4189 ρων
352 4112 541 4173 αύτούς
568 4114 682 4183 (95)
714 4116 781 4175 ὡς
822 4109 1023 4174 δειλούς
1052 4118 1142 4165 καὶ
1174 4110 1267 4166 διὰ
1292 4118 1348 4165 τό
1380 4118 1451 4186 μή
1480 4113 1821 4185 ἀποσυναγὼ-

217 4222 346 4274 γους
369 4204 610 4272 γενέσθαι
638 4206 1111 4276 προσποιουμένους
1144 4206 1233 4275 μὲν
1266 4202 1484 4274 ἀγνοεῖν,
1519 4211 1590 4274 τῷ
1634 4205 1730 4273 υἱῷ
1763 4200 1821 4257 δε

219 4296 308 4345 τὸν
340 4300 515 4363 αγώνα
545 4291 657 4345 ὅλον
685 4290 1131 4367 ἐπιφορτίζοντας.

297 4471 593 4544 Ἐφώνησαν
627 4503 680 4513 -
720 4478 854 4542 Θεῷ.
884 4471 1109 4534 Δὸξασον
1131 4474 1216 4524 τὸν
1239 4475 1388 4542 Θεὸν,
1416 4473 1483 4533 ὡς
1513 4471 1636 4545 παρ’
1662 4471 1822 4525 αὐτοῦ

224 4561 407 4625 ἰαθεὶς,
439 4566 529 4613 καὶ
567 4565 638 4632 μή
669 4563 811 4635 παρὰ
834 4569 926 4613 τοῦ
958 4561 1153 4619 Ἰησοῦ.

290 4649 463 4723 Ἡμεῖς
520 4682 586 4691 -
643 4648 803 4704 ἐστιν.
861 4650 1103 4711 Ἀπόντος
1159 4658 1310 4703 τοῦτο
1364 4651 1552 4723 λέγετε,
1622 4670 1817 4724 μιαροι.

224 4746 486 4814 ῐΙαρόντος
532 4744 655 4815 γὰρ,
714 4746 803 4793 καὶ
851 4740 1207 4815 ἐρωτήσαντος
1266 4743 1395 4813 ὑμᾶς
1448 4744 1683 4812 ἔναγχος,
1740 4746 1823 4801 Τίς

224 4830 281 4894 ἐξ
321 4832 463 4903 ὑμῶν
511 4830 712 4903 ἐλέγχει
742 4849 805 4903 με
846 4837 959 4907 περὶ
1009 4830 1267 4904 ἁμαρτίας
1306 4845 1319 4859 ·
1382 4829 1477 4884 οὐκ
1524 4826 1822 4889 ἠδυνήθητε

300 5036 348 5072 ⁸⁸
365 5034 569 5092 Matth.
609 5050 666 5103 ι,
692 5038 779 5091 34.

1927 3214 2244 3282 Quomodo
2283 3226 2481 3275 autem
2522 3237 2677 3277 nunc
2726 3223 2944 3288 videat,
2972 3223 3329 3294 ignorarese
3358 3226 3580 3290 dicunt,

1894 3329 1899 3333 ε
1925 3306 2198 3362 timentes
2228 3309 2481 3373 Judaeos,
2512 3310 2661 3365 sicut
2701 3311 2756 3366 in
2790 3328 3113 3382 progressu
3145 3315 3580 3383 manifestatur,

1995 3395 2157 3449 Vers.
2189 3398 2248 3450 2t
2269 3439 2282 3452 .
2321 3396 2449 3466 Ipse
2469 3430 2533 3438 —
2559 3401 2852 3470 loquetur.
2889 3403 3029 3457 Sese
3059 3409 3223 3458 extra
3252 3403 3582 3474 periculum

1924 3484 2370 3551 constituentes,
2392 3487 2471 3543 ad
2494 3490 2747 3561 eumqui
2770 3496 3008 3546 curatus
3025 3497 3150 3548 erat
3179 3494 3586 3565 interrogatio-

1923 3587 2062 3627 nem
2101 3574 2426 3641 remittunt,
2464 3581 2525 3633 ut
2554 3578 2657 3649 qui
2697 3578 2756 3633 in
2786 3579 3081 3651 ejusmodi
3108 3580 3440 3653 quaestione
3471 3581 3585 3640 ﬁde

1924 3662 2160 3732 dignior
2189 3663 2274 3718 eis
2303 3670 2484 3720 esset.

1998 3752 2160 3807 Vers.
2193 3754 2282 3808 22.
2316 3755 2460 3811 Haec
2498 3786 2565 3796 —
2612 3762 2788 3814 extra
2837 3773 3205 3830 synagogam
3245 3762 3581 3832 ejiceretur.

1928 3838 2451 3914 Conspiraverant,
2492 3849 2737 3917 pactum
2770 3846 3049 3904 fecerant.

2008 4021 2166 4078 Vers.
2209 4025 2295 4078 23.
2330 4022 2588 4091 Prop/er
2632 4026 3117 4096 —interrogate.
3176 4030 3399 4082 Rursus
3423 4026 3587 4085 idem

1932 4115 2088 4185 dicit,
2125 4114 2529 4186 perstringens
2577 4113 2707 4169 illos
2760 4118 3050 4187 tanquam
3105 4116 3367 4183 timidos,
3401 4121 3456 4173 et
3481 4117 3585 4190 qui

1930 4204 2205 4275 ignorare
2220 4219 2283 4259 se
2310 4202 2749 4269 simulaverant,
2765 4219 2838 4259 ne
2852 4210 3019 4260 extra
3036 4220 3430 4277 synagogam,
3462 4207 3589 4264 sive

1930 4292 2454 4363 congregationem
2481 4293 2860 4364 ejicerentur:
2894 4293 3014 4349 ﬁlio
3041 4299 3243 4351 autem
3266 4296 3443 4352 totius
3469 4310 3590 4353 cer-

1930 4380 2171 4438 taminis
2202 4397 2351 4437 onus
2382 4381 2812 4453 imposuerant.

2001 4471 2167 4527 Vers.
2221 4471 2308 4526 24.
2373 4471 2743 4528 Vocaverunt
2790 4502 2857 4513 —
2897 4471 3035 4528 Deo.
3069 4473 3343 4530 Gloriﬁca
3382 4476 3587 4542 Deum,

1853 4542 1898 4597 D
1931 4565 2129 4631 utpote
2160 4559 2237 4615 ab
2268 4576 2339 4615 eo
2377 4565 2642 4624 sanatus,
2671 4565 2727 4616 et
2757 4575 2877 4615 non
2910 4576 2945 4616 a
2974 4562 3133 4616 Jesu.

2001 4650 2165 4707 Vers.
2218 4649 2305 4704 24.
2366 4650 2485 4705 Nos
2521 4680 2590 4689 ——
2637 4654 2738 4705 est.
2783 4649 3039 4705 Absente
3070 4651 3168 4706 illo
3206 4652 3321 4708 hoc
3372 4651 3590 4718 dicitis,

1932 4738 2158 4795 scelesti
2190 4754 2365 4804 ;nam
2396 4755 2533 4793 cum
2565 4738 2657 4793 ille
2690 4754 2956 4810 praesens
2987 4744 3157 4805 esset,
3183 4747 3239 4796 et
3283 4758 3388 4797 vos
3412 4742 3593 4813 paulo

1935 4829 2492 4898 anteinterrogaret,
2519 4828 2657 4895 Quis
2686 4843 2761 4885 ex
2786 4828 2946 4885 vobis
2968 4830 3171 4901 arguit
3189 4847 3280 4887 me
3304 4832 3377 4889 de
3393 4846 3597 4902 pecca-

1429 5240 1657 5311 Variae
1714 5240 2059 5312 lectiones.
2079 5250 2150 5312 et
2189 5250 2394 5312 notas.

326 5438 416 5505 93)
454 5438 522 5489 T6
566 5438 799 5505 σχίσμα.

326 5438 416 5505 93)
454 5438 522 5489 Τὸ
566 5453 599 5488 σ
648 5438 799 5489 ίσιια.

302 5436 416 5580 ξθξι)
458 5456 741 5578 lnteliigé,
772 5509 797 5561 ὁ
837 5506 1225 5583 εύαγγελιστής.

331 5685 1031 5767 l)‘Phg_riswis.l_Videtur
1068 5704 1211 5761 ergo
1241 5696 1540 5767 Φαρισαιων
1585 5688 1828 5764 legisse.

331 5686 373 5756 ι)
412 5685 750 5747 ΡΙιανίεωὶε.
784 5686 988 5746 Videtu

306 5685 409 5831 tm)
450 5758 711 5832 Equus.
754 5758 988 5818 Gratus.

2016 5439 2128 5513 (95)
2148 5442 2281 5503 Τοὺς
2312 5448 2478 5514 γονεῖς
2507 5448 2600 5496 τοῦ
2627 5462 2751 5498 ποτε
2788 5441 3007 5520 τυφλοῦ,
