4120 6310
607 253 743 312 131Ξί

1936 240 2280 312 ΕυτΗγΜη
2322 241 2646 313 ZIGABENI

3885 253 4005 313 1316

600 385 711 442 to"
733 383 760 439 ?
775 399 846 440 ne
861 379 1072 439 mutire
1083 380 1331 455 quidem
1350 381 1643 454 potuistis,
1663 393 1817 438 oraa
1836 382 2078 439 veritate
2099 382 2264 439 obtu-

2389 378 2508 436 οὐδε
2531 382 2720 457 γρύξαι
2745 385 2920 455 μόνον,
2951 380 3311 457 ἐμφραγέντων
3350 377 3471 456 ύμῖν
3513 383 3635 457 (96)
3662 393 3774 438 τῶν
3812 387 4008 456 στομά-

599 481 731 531 rata
767 471 1080 528 habentes.

674 562 836 618 Vers.
869 565 956 616 '25.
986 561 1306 629 Respondit
1337 592 1402 600 —
1435 560 1620 617 video.
1651 563 1775 617 Non
1804 560 1954 618 dixit
1992 561 2272 618 dubitan-

602 655 702 718 do,
735 655 825 707 An
864 657 1134 720 peccator
1162 652 1236 706 sit
1266 654 1476 718 nescio,
1535 651 1640 705 sed
1688 667 1882 720 nugas
1923 643 2270 722 hujusmodi

603 757 767 798 more
806 740 1134 796 dubitantis
1174 739 1484 811 repellens.
1513 741 1666 795 Nam
1694 740 1752 794 in
1785 755 2110 811 progressu
2142 756 2268 796 ma-

599 831 880 886 nifestius
900 830 1013 884 hoc
1043 829 1324 896 ostendit,
1356 829 1562 884 dicens
1589 845 1604 882 :
1631 829 1857 885 Scimus
1884 830 2040 900 quod
2062 845 2270 898 pecca-

602 927 754 977 tores
785 921 935 975 Deus
975 935 1095 973 non
1124 918 1334 974 audiat
1376 920 1444 970 9°.

673 1011 832 1066 Vers.
859 1012 944 1064 26.
967 1008 1260 1064 Dixerunt
1283 1009 1559 1062 —oculos
1590 1007 1614 1062 ἲ
1641 1009 1786 1063 Cum
1807 1008 1885 1063 ab
1908 1008 2071 1063 omni
2098 1011 2264 1080 parte

599 1098 822 1170 repulsi
853 1101 1069 1162 essent,
1105 1112 1212 1151 nec
1251 1096 1588 1168 quidquam
1634 1112 1860 1161 eorum,
1899 1113 2034 1168 quas
2065 1097 2268 1153 volue-

600 1192 751 1253 rant,
786 1186 1120 1241 effecissent
1171 1202 1182 1240 :
1231 1201 1467 1240 rursum
1508 1186 1584 1241 ad
1642 1187 1904 1258 primum
1954 1186 2264 1256 quaesitum

600 1281 974 1333 revertuntur
1007 1292 1018 1329 :
1050 1275 1182 1330 ideo
1215 1275 1389 1329 etiam
1421 1274 1471 1330 is
1501 1275 1604 1346 qui
1632 1281 1868 1330 curatus
1920 1275 2113 1331 fuerat
2170 1291 2266 1331 ar-

600 1383 789 1438 guens
820 1365 971 1430 illos,
1000 1381 1119 1420 non
1146 1365 1274 1434 jam
1303 1364 1518 1430 timide,
1550 1365 1654 1420 sed
1684 1365 1929 1420 liberius
1958 1365 2264 1437 loquendo

598 1454 940 1527 respondet.

674 1547 830 1600 Vers.
863 1546 951 1600 27.
1014 1543 1328 1612 Respondit
1363 1573 1428 1584 —
1456 1543 1730 1600 audistis.
1762 1546 1874 1598 Nec
1907 1539 2260 1598 credidistis.

672 1633 836 1689 Vers.
864 1636 954 1688 27.
991 1633 1139 1701 Quid
1178 1665 1231 1672 —-
1266 1633 1498 1690 audire.
1532 1634 1724 1698 Quam
1757 1632 1836 1688 ob
1860 1647 2112 1687 causam
2135 1647 2266 1686 rur-

600 1740 702 1780 sus
734 1723 941 1778 audire
973 1722 1234 1795 quaeritis
1265 1723 1293 1777 ‘I

671 1814 836 1868 Vers.
866 1815 956 1870 27.
995 1813 1154 1869 Num
1183 1843 1252 1853 —
1279 1813 1432 1880 ﬁeri.
1483 1811 1719 1877 Dicens,
1752 1813 1912 1867 Num
1939 1816 1994 1868 et
2033 1826 2153 1879 vos,
2174 1825 2267 1865 os-

599 1902 807 1968 tendit,
847 1901 1012 1974 quod
1036 1901 1163 1972 ipse
1187 1901 1366 1973 paulo
1396 1908 1534 1957 ante
1565 1902 1755 1956 factus
1803 1906 1975 1965 esset,
2005 1905 2061 1956 et
2086 1902 2265 1956 conti-

601 1991 873 2047 denterid
890 1991 1334 2054 fatebatur,uon
1364 1997 1636 2046 metuens
1668 1989 1904 2045 illorum
1937 1989 2261 2055 insaniam;

599 2080 751 2136 adeo
782 2079 948 2134 fortis
973 2085 1062 2133 est
1085 2079 1320 2145 veritas,
1365 2083 1426 2132 ut
1456 2094 1558 2133 eos
1589 2079 1854 2133 libertate
1886 2077 2129 2149 repleat,
2161 2077 2263 2150 qui

598 2169 796 2238 ipsam
829 2167 1138 2237 elegerint:
1188 2167 1574 2225 mendacium
1621 2183 1759 2223 vero
1789 2168 1938 2222 adeo
1973 2165 2265 2223 imbecille

599 2265 664 2316 ut
692 2275 792 2315 eos
821 2273 1084 2332 quoque,
1109 2257 1212 2330 qui
1237 2256 1418 2313 fortes
1452 2262 1611 2327 sunt,
1639 2256 1853 2313 reddat
1883 2256 2154 2313 timidos.

672 2437 835 2493 Vers.
856 2435 944 2492 28.
970 2435 1302 2492 Conviciati
1322 2465 1390 2476 —
1412 2435 1713 2505 discipuli.
1737 2466 1804 2476 —
1819 2435 2026 2506 Neque
2043 2433 2217 2490 Mosis
2244 2450 2257 2500 ;

599 2543 745 2584 nam
798 2525 848 2581 si
875 2525 1049 2580 Mosis
1077 2524 1312 2590 essetis,
1367 2525 1568 2595 utique
1607 2531 1662 2579 et
1689 2524 1897 2580 Christi
1950 2524 2174 2580 essetis.
2200 2524 2266 2581 Si

601 2617 932 2681 crederetis,
975 2615 1182 2686 inquit,
1228 2614 1394 2679 Mosi,
1421 2615 1740 2672 crederetis
1782 2615 1981 2686 utique
2006 2613 2154 2669 mihi
2192 2615 2260 2663 19.

677 2795 832 2849 Vers.
866 2797 954 2848 29.
978 2794 1096 2848 Nos
1116 2824 1182 2834 —
1208 2793 1306 2847 sit.
1330 2792 1492 2848 Unde
1517 2792 1737 2848 missus
1773 2792 1867 2848 sit.
1889 2791 2062 2864 Atqui
2082 2790 2262 2847 variis

599 2883 662 2938 in
693 2879 838 2936 locis
867 2881 1066 2935 docuit
1087 2897 1210 2946 vos,
1245 2881 1348 2952 qui
1379 2880 1494 2935 sint
1525 2881 1776 2935 ferentes
1799 2881 1872 2936 de
1903 2896 1965 2935 se
2007 2879 2264 2936 testimo-

601 2971 801 3027 nium:
832 2977 977 3041 puta
993 2971 1274 3036 Joannes,
1292 2984 1475 3041 opera
1493 2985 1627 3041 quae
1645 2969 1781 3024 facit
1807 2979 1863 3026 et
1887 2972 2073 3035 Pater,
2088 2969 2190 3040 qui
2210 2972 2266 3024 et

604 3060 783 3150 Deus.
835 3063 937 3150 At!
997 3064 1152 3150 certe
1224 3058 1298 3113 de
1364 3059 1521 3113 Mose
1588 3058 1826 3124 auditis,
1861 3073 2002 3150 pou
2062 3061 2262 3150 autem
2296 3093 2337 3150 Ο

601 3148 870 3206 videtis:
925 3148 1107 3220 hujus
1163 3163 1299 3204 vero
1347 3163 1527 3219 opera.
1573 3163 1693 3204 non
1760 3147 1975 3202 auditis
2043 3145 2262 3212 solum,

603 3254 812 3295 verum
834 3237 1011 3293 etiam
1035 3237 1267 3304 videtis,
1297 3242 1352 3292 et
1377 3237 1580 3299 nostis,
1614 3237 1782 3309 quod
1811 3235 1967 3292 oculi
2011 3236 2126 3291 sint
2165 3251 2269 3290 au-

601 3329 770 3385 ribus
797 3327 915 3382 tide
937 3325 1264 3396 digniores.

675 3417 837 3472 Vers.
871 3421 957 3472 30.
991 3416 1314 3486 Respondit
1356 3446 1425 3457 —
1473 3417 1691 3472 oculos.
1729 3414 1898 3480 Quod
1925 3430 2062 3470 cum
2093 3411 2265 3469 vobis

603 3507 844 3576 ignotus
869 3505 959 3570 sit,
993 3511 1050 3560 et
1079 3505 1388 3576 inglorius,
1426 3521 1590 3560 meos
1609 3504 1843 3576 aperuit
1872 3502 2100 3574 oculos,
2134 3502 2270 3558 tale-

605 3611 715 3666 que
742 3595 917 3650 edidit
949 3594 1325 3650 miraculum.
1377 3597 1522 3650 Nam
1576 3593 1621 3647 si
1657 3593 1728 3648 de
1754 3592 2090 3662 insignibus
2122 3596 2272 3648 esset

583 3691 664 3751 ,et
691 3684 985 3754 gloriosis,
1019 3700 1403 3756 nequaquam
1438 3691 1666 3738 tantum
1700 3688 1854 3738 esset
1895 3681 2266 3738 miraculum.

606 3774 813 3845 Itaque
853 3789 1111 3843 magnus
1149 3771 1458 3844 quispiam
1490 3778 1598 3838 est,
1632 3787 1984 3844 quanquam
2023 3787 2131 3826 vos
2160 3786 2270 3827 ne-

611 3863 811 3919 sciatis
850 3863 1010 3918 unde
1045 3863 1139 3917 sit.

682 3952 851 4008 Vers.
885 3953 972 4008 31.
1003 3951 1231 4007 Scimus
1253 3982 1322 3993 —
1353 3951 1541 4007 audit.
1575 3950 1716 4005 Vide
1734 3953 2148 4005 contexturam
2179 3948 2267 4020 (η)

613 4041 987 4112 etquomodo
1017 4040 1360 4094 mirabiliter
1377 4047 1819 4110 argumentetur
1844 4055 1914 4093 ac
1936 4054 2272 4093 sermonem

614 4135 849 4199 augeat.
884 4129 1027 4184 Vere
1053 4129 1210 4182 enim
1252 4143 1373 4182 non
1401 4128 1789 4183 exterioribus
1815 4133 2046 4182 tantum
2087 4126 2274 4182 oculis

610 4217 981 4274 illuminatus
1001 4223 1103 4280 est,
1123 4216 1225 4270 sed
1243 4223 1296 4271 et
1315 4215 1710 4271 interioribus.
1728 4219 1873 4272 Nam
1888 4215 2031 4286 quia
2049 4217 2106 4270 in
2122 4232 2269 4287 prae-

611 4307 958 4363 cedentibus
993 4305 1264 4360 dixerant
1309 4320 1321 4358 :
1352 4305 1476 4367 Nos
1505 4306 1740 4368 scimus,
1773 4305 1934 4375 quod
1975 4306 2072 4361 hic
2102 4304 2269 4360 homo

577 4459 579 4462 ,
609 4403 889 4468 peccator
905 4397 1038 4452 est”
1059 4414 1074 4462 ;
1097 4401 1233 4450 tunc
1259 4394 1499 4465 quidem
1525 4409 1689 4448 more
1707 4392 2029 4449 dubitantis
2046 4409 2274 4448 sermo-

612 4503 752 4543 nem
783 4484 1012 4557 repulit,
1057 4500 1217 4540 nunc
1249 4499 1388 4539 vero
1419 4488 1705 4555 tanquam
1737 4483 2006 4538 libertate
2037 4482 2270 4554 plenus,

2383 491 2484 524 των
2513 473 2612 524 ύπό
2642 480 2733 532 τῆς
2762 470 3023 535 ἀληθείας.

2458 561 2738 634 Ἀπεκρίθη
2772 593 2836 602 ——
2870 560 3063 634 βλέπω.
3110 565 3201 630 Τὸ,
3247 563 3307 615 Εἰ
3353 561 3658 636 ἁμαρτωλός
3704 561 3888 634 ἐστιν,
3925 565 4011 616 οὐκ

2383 647 2523 715 οἴδα,
2567 651 2625 702 ού
2654 648 2920 712 διστάζων
2952 653 3086 705 εἶπεν
3119 651 3224 703 ἀλλ’
3257 651 3305 703 ὲν
3339 659 3584 725 σχήματι
3615 649 4006 716 διστάζοντος,

2380 744 2846 815 παραπεμπόμενος
2897 745 2983 793 τόν
3027 749 3258 794 τοιοῦτον
3311 740 3588 814 φληναφον.
3647 748 3868 814 Προῑὼν
3915 749 4005 817 γάρ

2381 835 2722 904 φανερώτερον
2754 828 3087 902 ἀποφαίνεται
3116 829 3294 901 λέγων·
3326 827 3557 903 Οἴδαμεν
3597 827 3662 884 δὲ
3703 833 3799 884 ὅτι
3848 831 4002 905 ἁμαρ-

2380 919 2551 970 τωλῶν
2581 923 2611 970 ὅ
2638 922 2766 981 Θεὸς
2806 919 2900 971 ούκ
2928 919 3123 974 ἀκούει.

2449 1007 2603 1062 Εἶπον
2681 1039 2750 1049 —
2823 1008 3153 1082 ὀφθαλμούς;
3208 1012 3542 1081 Πανταχόθεν
3597 1008 3984 1083 ἁποκρονσϐῂ-

2377 1117 2472 1161 τες,
2528 1102 2618 1150 καὶ
2674 1095 2839 1170 μηδὲν
2895 1099 2962 1149 ὧν
3037 1097 3323 1167 ἐϐούλοντο,
3383 1096 3696 1160 δυνηθέντες
3792 1098 3975 1156 ειν-ἆται,

2376 1187 2528 1240 πάλιν
2570 1187 2652 1240 ἐπὶ
2700 1191 2758 1240 τὸ
2789 1192 3033 1264 πρότερον
3086 1187 3330 1264 ἐρώτημα
3386 1193 3718 1264 στρέφονται.
3787 1194 3877 1242 Διό
3911 1211 3978 1239 ιιι

2375 1281 2663 1348 καταγνοὺς
2694 1278 2860 1329 αὐτῶν
2891 1279 2917 1328 ό
2947 1279 3394 1351 τεθεραπευμένος,
3439 1278 3533 1330 οὐκ
3563 1280 3639 1331 ἔτι
3671 1279 3801 1351 μεθ’
3845 1281 3990 1331 ὑποσ-

2376 1366 2494 1425 τολῆ
2509 1388 2547 1433 ς,
2573 1366 2699 1419 ἀλλά
2729 1366 3310 1444 παρρησιαστικώτερον
3337 1366 3695 1443 ἀποκρίνεται.

2448 1546 2732 1620 Ἀπεκρίθη
2773 1577 2828 1587 —
2863 1547 3140 1605 ἠκούσατε.
3176 1546 3287 1600 Ούκ
3308 1545 3673 1604 ἐπιστεύσατε.

2445 1640 2508 1688 Τί
2603 1665 2671 1676 -
2765 1633 3002 1702 ἀκούειν;
3057 1640 3206 1697 Τίνος
3291 1637 3448 1689 ἕνεκεν
3532 1635 3688 1688 πάλιν
3791 1639 4001 1698 ζητεῖτε

2299 1738 2342 1794 Β
2376 1723 2584 1777 ἀκούειν
2613 1743 2626 1794 ;

2447 1819 2532 1872 Μὴ
2611 1845 2679 1854 -
2755 1816 3031 1885 7ινέσθαι;
3064 1815 3230 1869 Εἰπὼν
3306 1816 3387 1868 ὅτι
3469 1818 3554 1872 Μὴ
3637 1818 3732 1867 καὶ
3825 1817 3999 1887 ὑμεῖς.

2378 1901 2566 1966 ἔδειξεν
2613 1905 2692 1956 ὅτι
2745 1903 2898 1965 αὐτὸς
2961 1908 3087 1966 τέως
3146 1903 3279 1969 ἐστὶ,
3347 1908 3437 1956 καὶ
3497 1902 3806 1977 οαρῥαλέως
3862 1907 4002 1971 ὧμο·

2376 1993 2565 2064 λόγησε
2647 1997 2718 2064 μὴ
2803 1988 3071 2055 δειλιάσας
3135 1997 3228 2051 τὴν
3303 1996 3490 2064 μανίαν
3547 1991 3741 2046 αὐτῶν.
3816 1995 4004 2053 Οὕτως

2379 2083 2602 2155 ἰσχυρὸν
2673 2083 2703 2139 ἠ
2790 2080 3024 2150 ἀλήθεια,
3096 2080 3396 2155 παρρησίας
3480 2079 3807 2153 ἐμπιπλῶσα
3891 2087 4002 2140 τοὺς
4062 2079 4063 2138 ξ

3851 2175 3914 2223 τὸ
3950 2169 4002 2222 δε

2374 2257 2567 2332 ψεῦδος
2601 2260 2895 2313 τούναντίον
2928 2258 3154 2324 ἀσθενὲς,
3185 2255 3219 2312 δ
3225 2258 3388 2322 ειλοὺς
3434 2258 3871 2333 ἀπεργαζόμενον
3917 2269 4001 2312 καὶ

2375 2354 2491 2410 τοὺς
2515 2350 2794 2422 ἰσχυρούς.

2449 2436 2826 2514 Ἐλοιδόρησαν
2867 2469 2932 2478 -
2976 2440 3228 2510 μαθηταί.
3263 2469 3330 2478 -
3374 2434 3513 2491 Οὐδέ
3549 2445 3641 2489 τοῦ
3694 2443 3996 2500 Μωύσέως.

2377 2528 2436 2581 Εἰ
2464 2532 2563 2602 γὰρ
2608 2536 2699 2580 τοῦ
2754 2531 3016 2590 Μωύσέως
3059 2524 3167 2592 ἦτε,
3211 2531 3300 2580 καὶ
3341 2535 3433 2580 τοῦ
3481 2534 3721 2601 Χριστοῦ
3755 2527 3821 2579 ἂν
3886 2525 3997 2587 ἦτε.

2378 2617 2437 2669 Εἰ
2503 2619 2627 2690 γὰρ,
2700 2615 3012 2682 ἐπιστεύετε,
3073 2619 3218 2688 φησὶ,
3283 2621 3516 2680 Μωϋσεί,
3572 2613 3882 2668 ἐπιστεύετε
3937 2620 3995 2668 ab

2377 2705 2513 2778 ἐμοί.

2445 2795 2617 2866 Ἡμεῖς
2668 2824 2736 2834 —
2785 2791 2913 2848 ἐστί.
2971 2795 3129 2847 Πόθεν
3183 2793 3470 2851 ἀπεστάλη.

2378 2889 2542 2957 φόρως
2589 2879 2829 2944 ἐδίδαξεν
2882 2884 3036 2954 ὑμᾶς,
3080 2888 3212 2944 τίνες
3259 2890 3587 2955 παρτυροῦσι
3636 2889 3754 2957 περὶ
3798 2884 3971 2948 αὐτου,

2376 2171 2641 2243 ἑλομένους
2672 2170 2858 2239 αὐτὴν,
2890 2175 2980 2223 καὶ
3023 2169 3067 2222 εἰ
3095 2179 3191 2223 τῶν
3223 2169 3607 2244 ἀπιρῥιμμὲνων
3647 2166 3749 2222 εἶεν
3783 2189 3799 2203 ·

3549 2797 3653 2846 Καὶ
3702 2799 3810 2866 μὴν
3870 2791 3986 2846 δια-

2377 2977 2458 3027 ὃτι
2515 2975 2539 3026 ὁ
2584 2973 2845 3038 Ἰωάννης,
2898 2973 2978 3024 ὅτι
3016 2975 3080 3024 τὰ
3125 2975 3250 3045 ἔργα
3298 2971 3334 3024 ἃ
3379 2979 3538 3038 ποιεῖ,
3593 2975 3677 3024 ὅτι
3726 2974 3748 3024 ἑ
3795 2979 3965 3042 Πατὴρ

2377 3068 2466 3115 καὶ
2538 3065 2684 3123 Θεός·
2766 3059 2892 3113 ἀλλὰ
2965 3066 3083 3134 περὶ
3145 3065 3408 3123 Μωῡσέως
3481 3064 3574 3134 μὲν
3631 3060 3839 3122 ἀκούετε,
3897 3059 3953 3108 οὐ

2377 3158 2479 3226 μὴν
2508 3150 2720 3224 βλέπετε
2753 3170 2764 3182 ·
2814 3152 2880 3202 τὰ
2917 3152 3046 3222 ἔργα
3093 3146 3152 3202 δε
3198 3152 3383 3202 τούτου
3428 3149 3487 3202 ού
3548 3155 3682 3223 μόνον
3733 3146 3961 3214 ἀκούετε,

2378 3240 2505 3293 ἀλλὰ
2556 3244 2645 3291 καὶ
2701 3237 2933 3311 βλέπετε,
2978 3243 3069 3290 καὶ
3119 3235 3316 3306 οἴδατε,
3377 3239 3458 3290 ὅτι
3527 3237 3779 3311 ὀφθαλμοὶ
3831 3242 3973 3288 ὤτων

2377 3334 2694 3400 πιστότεροι.

2449 3419 2727 3489 Ἀπεκρίθη
2826 3447 2891 3457 -
2994 3415 3311 3489 ὀφθαλμούς.

2379 3513 2467 3560 καὶ
2523 3503 2714 3569 ἄδοξος
2762 3506 2849 3576 ὢν,
2905 3505 3088 3576 ἀνέῳξε
3152 3525 3251 3577 μου
3317 3509 3439 3566 τοὺς

3393 3415 3515 3469 Ὀτι
3573 3417 3697 3488 ὑμῖν
3784 3419 3982 3489 ἄσημώ

3523 3505 3856 3578 ὀφθαλμούς,
3905 3529 3979 3558 1::

2379 3601 2628 3654 πεποίηκε
2668 3595 2968 3653 τηλικοῦτον
3026 3596 3220 3667 θαῦμα.
3274 3595 3334 3647 Εἰ
3378 3597 3475 3666 ’γὰρ
3535 3591 3594 3651 ἦν
3655 3604 3759 3646 τῶν
3811 3595 3982 3653 ἐπισή-

2379 3707 2487 3760 μων
2551 3689 2641 3737 καὶ
2689 3681 2927 3746 ἐνδόξων,
2999 3683 3090 3736 οὐκ
3150 3681 3208 3735 ἆν
3247 3691 3492 3736 τοσοῦτον
3542 3680 3603 3742 ἦν
3658 3685 3984 3757 θαυμαστον.

2377 3775 2538 3828 Ὠστε
2564 3778 2726 3847 μέγας
2757 3778 2832 3834 τίς
2865 3772 3023 3841 ἐστιν,
3057 3772 3100 3826 εἰ
3141 3772 3231 3825 καί
3271 3773 3413 3845 ὑμεῖς
3460 3771 3554 3824 οὐκ
3601 3769 3795 3826 οἴδατε
3847 3777 3988 3827 πόθει

2381 3865 2540 3918 ἐστίν.

2453 3949 2684 4025 Οἴδαμεν
2739 3982 2806 3991 --
2879 3949 3072 4005 ἀκούει.
3156 3951 3312 4004 Βλέπε
3391 3953 3616 4015 σύνεσιν,
3691 3958 3814 4013 πῶς
3874 3953 3992 4004 θαν-

2382 4047 2583 4116 μασίως
2652 4039 3036 4112 συλλογίζεται,
3100 4045 3186 4092 καὶ
3255 4039 3396 4102 αὔξει
3449 4042 3537 4091 τὸν
3590 4039 3769 4109 λόγον.
3831 4040 3991 4112 Ἐφυ-

2382 4133 2539 4189 τίσθη
2595 4132 2695 4201 γὰρ
2767 4133 2918 4189 ὅντως
2998 4129 3057 4180 ού
3132 4133 3253 4191 τούς
3303 4128 3398 4191 ἔξω
3454 4133 3604 4201 μόνον
3672 4128 3996 4201 ὀφθαλμούς,

2385 4220 2511 4272 ἀλλὰ
2549 4225 2640 4271 καὶ
2681 4222 2802 4278 τούς
2854 4215 3018 4272 ἔνδον.
3063 4218 3202 4272 Ἐπει
3248 4220 3349 4292 γὰρ
3423 4215 3768 4292 προλαϐόντες
3825 4215 3996 4269 εἶπον.

2380 4309 2552 4380 Ἡμεῖς
2604 4304 2818 4380 οἴδαμεν
2882 4308 2962 4358 ὄτι
3028 4309 3052 4359 ό
3124 4309 3394 4381 ἄνθρωπος
3459 4305 3603 4365 οὗτος
3684 4305 4005 4379 ἁμαρτωλός

2383 4398 2514 4450 ἐστι·
2559 4401 2670 4448 τότε
2728 4399 2817 4468 μὲν
2867 4394 2915 4447 ἐν
2988 4400 3228 4467 σχήματι
3287 4391 3631 4455 διστάζοντος
3697 4399 4002 4465 παρεκρού-

2385 4505 2513 4538 σατο
2552 4489 2638 4538 τὸν
2689 4484 2839 4555 λόγον
2872 4505 2886 4522 ο
2926 4492 3014 4536 νῦν
3064 4481 3123 4537 δε
3169 4483 3468 4558 παρῥησίας
3506 4483 3573 4533 ὢν
3627 4487 3820 4554 μεστὸς
3871 4483 4005 4535 ἀπο·

613 4554 866 4633 ostendit
903 4575 1064 4630 hunc
1122 4589 1244 4628 non
1296 4589 1425 4628 esse
1476 4554 1873 4644 peccatorem,
1914 4573 2019 4626 sed
2075 4571 2264 4642 potius

2389 4573 2609 4628 δεικνύει
2680 4581 2860 4626 τοῦτον
2912 4578 2983 4646 μὴ
3045 4577 3166 4626 ὄντα
3239 4571 3560 4644 ἁμαρτωλὸν,
3623 4571 3669 4623 εἰ
3743 4576 3823 4643 μὴ
3910 4581 4000 4624 καὶ

612 4664 717 4720 Dei
782 4664 1066 4720 cultorem
1125 4679 1193 4717 ac
1243 4661 1341 4717 Dei
1391 4661 1761 4717 voluntatem
1815 4659 2267 4730 adimplentem.

616 4752 921 4826 Siquidem
952 4751 1150 4808 adhuc
1170 4766 1310 4806 eum
1334 4749 1636 4805 hominem
1668 4765 1799 4804 esse
1831 4749 2267 4821 suspicabatur,

615 4847 680 4898 ut
705 4841 986 4896 diximus.
1019 4843 1360 4896 Peccatores
1407 4845 1604 4894 autem
1646 4839 1802 4894 Deus
1842 4853 1959 4893 non
1990 4837 2176 4902 audit,
2208 4837 2272 4892 in

612 4933 969 5006 hujusmodi
1004 4931 1266 4988 videlicet
1302 4929 1629 4986 miraculis.

687 5023 852 5080 Vers.
880 5026 968 5080 32.
999 5023 1047 5078 A
1087 5053 1156 5061 —
1203 5021 1367 5078 Vers.
1427 5023 1514 5076 33.
1556 5018 1904 5092 quidquam.
1933 5018 2272 5091 Quidquam

688 5203 736 5240 θ’
773 5202 945 5261 Joan.
984 5216 1103 5268 vui,
1139 5202 1230 5256 46.
1304 5199 1353 5237 ⁸ο
1381 5197 1556 5258 Joan.
1585 5215 1665 5265 1x,
1697 5198 1787 5254 3t.

1867 5199 1911 5236 ⁸³
1938 5198 2110 5254 Joan.
2150 5212 2200 5264 v,
2227 5197 2319 5254 46.

2382 4664 2570 4737 μᾶλλον
2618 4661 2854 4730 θεοσεϐῆ,
2908 4666 2998 4714 καὶ
3049 4665 3107 4714 τὸ
3153 4661 3351 4734 θελημα
3404 4668 3496 4713 τού
3527 4665 3655 4713 Θεοῦ
3711 4669 3992 4714 ποιοῦντα.

2381 4752 2498 4807 Ἔτι
2521 4754 2622 4824 γὰρ
2663 4753 2929 4826 ἄνθρωπον
2959 4758 3138 4804 τοῦτον
3168 4749 3540 4823 ὑπελάμϐανεν,
3588 4751 3655 4809 ὡς
3686 4748 3995 4822 εἰρήκαμεν.

2379 4840 2721 4916 Ἀμαρτωλών
2744 4837 2777 4892 δ
2781 4845 2801 4892 ε
2826 4840 2851 4892 ό
2876 4843 3007 4902 Θεὸς
3039 4839 3132 4892 ούκ
3150 4838 3341 4902 ἀκούει,
3368 4838 3452 4891 ἐπὶ
3472 4840 3726 4898 τοιούτοις
3754 4840 4000 4913 Θαύματι

2385 4928 2647 4989 δηλονότι.

2455 5019 2542 5072 Ἐκ
2594 5049 2663 5058 —-
2712 5015 2884 5072 οὐδέν.
2931 5014 3099 5072 Οὐδὲν
3156 5025 3405 5074 τοιοῦτον,
3464 5016 3673 5091 Τνφλοῦ
3727 5020 3828 5090 μὲν
3902 5023 4002 5094 γὰρ

2411 5197 2458 5233 ⁸³
2487 5185 2658 5254 Joan.
2691 5212 2768 5266 ix,
2799 5195 2889 5252 24.

1866 5376 2094 5449 Variae
2122 5375 2452 5446 lectiones
2483 5383 2548 5445 et
2579 5385 2780 5444 notae.

691 5497 804 5571 (96)
841 5490 1004 5551 ’Υιιῶν
1046 5499 1108 5554 Α.

694 5675 776 5754 (η)
806 5675 1260 5734 Οοηιεωιιιναηι.
1289 5673 1685 5731 Prudentiam.
1721 5671 1885 5731 Forte
1913 5667 2201 5749 interpres
2227 5673 2264 5729 ir

2389 5672 2448 5730 tit
2482 5668 2720 5726 σύνθεσιν
2747 5676 2851 5730 aut
2882 5668 3044 5732 aliud
3073 5667 3221 5748 quid
3247 5667 3460 5731 simile.
