4120 6310
235 326 369 391 1317

235 457 445 521 ἤνοιξαν
488 460 577 509 καὶ
621 455 763 508 ἄλλοι
793 454 1079 527 ὀφθαλμούς
1117 439 1235 515 (97)
1269 460 1279 471 ⁸
1328 438 1523 512 τυφλοῦ
1558 444 1617 499 δὲ
1668 445 1721 498 ἐκ
1758 465 1839 517 γε-
1876 448 1918 500 Α

237 556 381 608 νετῆς
432 547 545 614 (98)
589 542 778 605 οὐδείς.
831 547 1023 597 Λοιπὸν
1070 540 1242 593 τοίνυν
1285 535 1341 587 τὸ
1380 533 1700 612 ὑπερϐάλλον
1750 544 1839 588 τοῦ

242 641 507 709 θαύματος
539 638 669 687 θεῖόν
701 654 815 685 τινα
842 630 1064 686 δεικνύει
1092 634 1180 683 τόν
1204 627 1419 702 ἐργάτην
1446 628 1624 681 αὑτοῦ.
1657 627 1715 678 Ὀ
1741 630 1841 699 γὰρ

242 730 418 801 μεῖζον
449 728 649 778 πάντων
679 732 775 775 τῶν
804 722 1131 795 ἀνθρωπίνων
1162 720 1435 791 θαυμάτων
1463 726 1622 770 ποιῶν
1654 717 1843 789 μείζων

244 819 348 890 ἄρα
375 818 577 868 πάντων
604 822 701 865 τῶν
732 811 999 887 ἀνθρωνων
1033 809 1192 863 ἐστίν.

1256 985 1368 1037 Οὐκ

248 1081 484 1154 λαμπρόν
554 1078 768 1149 ἔλεγχον
827 1082 914 1129 καὶ
987 1081 1080 1133 τὴν
1146 1083 1393 1146 περιφανῆ
1450 1079 1634 1131 νίκην⁸

322 992 707 1063 ’Δπεκρίθησαν
841 1018 908 1031 —-
991 990 1161 1060 ἡμᾶς;
1256 987 1368 1037 Οὐκ
1462 989 1677 1055 ἤνεγκαν
1761 987 1846 1035 τόν

1708 1092 1820 1145 περι
1838 1105 1843 1109 ·

250 1174 538 1243 τραπείσης
587 1165 646 1219 ὃε
702 1175 795 1229 τῆς
850 1171 1103 1238 πονηρίας
1158 1166 1293 1215 κατα
1365 1170 1458 1224 τῆς
1517 1162 1709 1214 ἑαυτῶν
1773 1181 1850 1214 κε-

252 1258 435 1330 φαλῆς,
508 1256 834 1330 ὀργισθέντες
899 1253 1110 1328 ὕϐριζον
1179 1253 1290 1322 (99)
1364 1251 1535 1317 αὐτόν,
1601 1252 1846 1321 λέγοντες·

255 1346 565 1419 Αμαρτωλός
647 1349 709 1396 σὺ
783 1344 1057 1416 ἐγεννήθης
1139 1342 1281 1402 ὅλως,
1352 1344 1512 1411 ἤγουν
1596 1346 1682 1397 την
1760 1339 1854 1413 αρ-

251 1442 379 1508 χὴν,
443 1435 499 1487 ἐκ
563 1440 770 1507 πρώτης
826 1433 1047 1492 ἡλικίας.
1107 1430 1482 1502 ’Υπελάμϐανον
1538 1433 1639 1502 γαρ
1698 1429 1853 1480 αὐτόν

255 1523 481 1585 ἀνοήτως
548 1520 619 1575 δι’
680 1521 937 1596 ἁμαρτίας
987 1524 1125 1580 τινας
1180 1519 1366 1591 τυφλόν
1422 1521 1731 1590 γεννηθῆναι
1785 1519 1853 1580 εἰς

255 1611 521 1676 ἀπόδειξιν
580 1619 670 1664 τοῦ
735 1608 863 1663 εἶναι
926 1610 1081 1662 αὐτὸν
1144 1608 1466 1681 ἁμαρτωλὸν,
1527 1613 1709 1660 Καίτοι
1765 1613 1854 1659 καὶ

254 1702 557 1777 ἁμαρτωλός
584 1700 668 1753 ἐὰν
701 1698 782 1766 ἦν,
816 1704 935 1761 τοὺς
964 1699 1148 1770 λόγους
1187 1695 1291 1750 ἔδει
1322 1700 1506 1749 τούτου
1541 1694 1855 1769 δοκιμάσαι,

257 1793 299 1845 εἰ
326 1791 533 1851 ἀληθεῖς
564 1790 666 1842 εἰσι
700 1807 712 1819 ·
744 1793 793 1842 τί
818 1792 918 1861 γὰρ
948 1790 1139 1840 ἄτοπον
1172 1784 1304 1839 εἶπεν
1330 1804 1343 1853 ;
1892 1806 1931 1859 Β

332 1887 431 1935 Καὶ
479 1912 546 1922 -—
596 1880 709 1942 ἔξω.
787 1879 1223 1949 Ἀποσυνοξγωγὸν
1294 1876 1542 1935 ἐποίησαν
1617 1880 1700 1929 τόν
1766 1882 1861 1934 κή-

259 1992 393 2046 ρυκα
452 1979 547 2031 τῆς
610 1969 870 2035 ἀληθείας,
929 1972 997 2030 ὡς
1061 1970 1298 2040 μαθητὴν
1372 1963 1527 2025 δῆθεν
1581 1974 1672 2019 τοῦ
1731 1974 1860 2038 Χρι-

266 2068 411 2114 στοῦ.
466 2064 550 2117 Μὴ
604 2055 903 2118 δυνηθέντες
958 2060 1057 2130 γὰρ
1116 2057 1403 2129 ἐπηρεάσαι
1478 2064 1549 2126 τῷ
1614 2058 1861 2127 θαύματι,

268 2150 561 2203 τούναντίον
613 2144 671 2200 δὲ
718 2146 906 2218 μᾶλλον
951 2145 1258 2220 περιϐόητον
1307 2145 1430 2197 αὐτὸ
1486 2141 1579 2197 διὰ
1620 2152 1713 2205 τῆς
1770 2164 1866 2196 πο-

264 2239 723 2314 λυπραγμοσύνης,
750 2240 1080 2303 ποιήσαντες,
1106 2243 1313 2287 κενοῡσι
1336 2236 1414 2307 (1)
1437 2238 1523 2287 τὸν
1548 2237 1705 2307 θυμὸν
1733 2236 1867 2286 κατὰ

268 2336 358 2381 τοῦ
389 2329 804 2400 θεραπευθέντος.

337 2419 595 2474 ’Ἡκουσεν
669 2450 734 2460 -—
792 2423 957 2489 Θεοὺ;
1028 2418 1282 2489 Ἔρχεται
1350 2417 1526 2488 μεῖζον
1612 2415 1867 2490 εὐεργετή-

269 2530 370 2562 σων
401 2513 485 2561 τόν
527 2507 834 2567 ἐκϐληθέντα
880 2504 952 2559 δι’
999 2506 1174 2572 αὑτὸν,
1225 2510 1313 2558 καὶ
1358 2502 1558 2557 δίδωσι
1601 2508 1658 2557 τὸ
1712 2506 1870 2577 κεφά-

264 2598 407 2651 λαιον
487 2607 585 2650 τῶν
660 2596 889 2669 ἀγαθῶν,
969 2597 1235 2670 γνωρίζων
1309 2594 1488 2647 ἑαυτὸν
1560 2594 1722 2663 αὐτῷ,
1783 2600 1870 2646 καὶ

268 2690 502 2761 μαθητὴν
537 2686 703 2758 ἀγαθῆ
737 2694 897 2739 ποιῶν
923 2703 934 2716 ·
966 2689 1019 2737 τό
1049 2682 1106 2737 δε
1140 2688 1204 2737 σὺ
1242 2680 1312 2735 δι’
1346 2683 1570 2745 ἐκείνους
1614 2682 1748 2736 εἶπεν
1791 2683 1869 2755 (2)

272 2776 633 2836 ἀπιστονντας.

350 2952 630 3027 Ἀπεκρίθη
692 2982 759 2993 ——
812 2952 1005 3017 αὐτόν;
1049 2951 1399 3023 ’Λνεπτερωθη
1464 2960 1535 3021 τῷ
1596 2951 1752 3023 λόγῳ,
1810 2954 1875 3013 ὣς

282 3044 484 3113 ἕτοιμος
530 3042 599 3103 εἰς
628 3045 686 3093 τὸ
718 3050 1022 3103 πιστεῦσαι,
1055 3045 1145 3092 καὶ
1180 3041 1327 3101 ξητεί
1372 3043 1553 3113 μαθεῖν
1583 3046 1662 3103 τίς
1712 3040 1874 3093 ἐστιν·

285 3131 343 3184 οὐ
369 3134 469 3206 γαρ
503 3132 761 3189 ἠπίστατο
788 3136 867 3193 τίς
897 3129 1057 3185 ἐστιν.

359 3305 481 3361 Εἷπε
542 3340 591 3348 -
628 3306 787 3361 ἐστίν.
845 3339 903 3348 -
961 3307 1216 3381 Ἑώρακας
1268 3307 1443 3370 αὐτόν,
1501 3308 1558 3359 οὗ
1610 3312 1877 3381 πρότερον,

288 3397 416 3450 ἀλλὰ
460 3420 565 3451 ννν.
616 3402 717 3450 Καὶ
758 3397 851 3449 οὐκ
888 3398 1042 3463 εἶπεν,
1092 3402 1222 3468 Ἐγώ
1299 3397 1405 3467 εἰμι
1457 3398 1481 3448 ό
1532 3396 1733 3458 ἀνοίξας
1763 3402 1881 3459 τοὺς

289 3487 583 3559 ὀφθαλμούς
638 3506 753 3540 σου.
804 3485 1044 3538 Βονλεται
1092 3489 1189 3557 γὰρ
1250 3482 1419 3548 δεῖξαι
1470 3489 1524 3537 τό
1584 3484 1883 3559 ἀπερίεργον

289 3583 383 3636 τῆς
446 3581 671 3637 πίστεως
718 3575 878 3627 αὐτοῦ
949 3578 1079 3647 πρὸς
1131 3573 1370 3645 ὠφέλειαν
1428 3583 1529 3626 τῶν
1598 3584 1888 3632 τηνικαῦτα

290 3668 576 3735 παρόντην,
640 3670 728 3716 καὶ
782 3662 1029 3736 ἐντροπὴν
1078 3672 1177 3715 τῶν
1239 3667 1325 3715 καὶ
1372 3663 1536 3715 πολλὰ
1594 3660 1887 3736 διδαχθέν-

292 3773 412 3817 των,
489 3758 575 3804 καὶ
630 3753 793 3805 πολλὰ
853 3761 1045 3817 σημεῖα
1106 3756 1449 3824 θεασαμένων,
1502 3758 1589 3804 καὶ
1660 3758 1730 3824 μὴ
1811 3774 1893 3805 πι-

296 3844 618 3893 στευσάντων
675 3845 769 3896 ἔτι.
820 3848 986 3894 Μόνον
1033 3844 1133 3913 γὰρ
1198 3839 1425 3901 ἀκούσας
1481 3843 1561 3892 ὅτι
1615 3841 1672 3893 Ὁ
1729 3840 1891 3894 λαλῶν

295 3932 424 4003 μετὰ
525 3938 619 3983 σοῦ
730 3932 915 3992 ἐκεῖνός
1036 3932 1199 3993 ἐστιν,
1304 3932 1453 3992 εὐθὺς
1571 3934 1890 3985 ἐπίστευσεν.

295 4018 501 4091 Ἥψατο
530 4023 628 4093 γὰρ
661 4022 686 4071 ό
730 4019 876 4091 λόγος
918 4019 1107 4071 αὐτίκα
1151 4029 1241 4079 τῆς
1288 4020 1449 4071 αὐτοῦ
1476 4019 1683 4090 ψυχῆς,
1736 4021 1894 4092 εὑρὼν

300 4109 460 4167 αὐτὴν
488 4110 710 4180 ἀγαθὴν,
743 4114 830 4161 καὶ
857 4107 1179 4180 κατέλαμψεν
1208 4108 1367 4166 αὐτὴν
1399 4108 1465 4168 εἰς
1503 4109 1781 4179 ἐπίγνωσιν
1806 4113 1896 4162 καὶ

301 4204 477 4251 πίστιν
492 4244 503 4254 .
533 4197 669 4272 Ὀρα
691 4200 814 4271 γάρ.

730 3931 915 3992 ἐκεῖνος
1036 3928 1199 3993 ἐστιν,
1304 3930 1453 3992 εὐθὺς

371 4287 427 4339 Ὀ
499 4284 557 4339 δὲ
603 4319 671 4327 ——
716 4287 881 4358 αὐτῷ.
944 4288 1323 4361 Προσεκύνησε,
1381 4284 1605 4358 βεϐαιῶν
1658 4289 1739 4339 ὅτι
1790 4286 1898 4340 ἐπί-

306 4396 508 4429 στευσε.

378 4471 477 4518 Καὶ
536 4496 602 4505 -
649 4470 917 4536 γένωνται.
1002 4469 1101 4518 Καὶ
1152 4468 1255 4536 μὴν
1299 4468 1471 4517 ὀπίσω
1523 4468 1718 4537 εἴρηκεν
1755 4482 1767 4494 ·
1822 4467 1903 4517 ὅτι
1936 4506 1979 4559 D

306 4556 412 4607 Οὐκ
491 4554 785 4607 ἀπέστειλεν
851 4556 876 4606 ό
950 4558 1073 4614 Θεὸς
1124 4557 1211 4605 τόν
1280 4554 1396 4606 Υὶόν
1452 4553 1611 4606 αὐτοῦ
1674 4554 1740 4614 εἰς
1816 4558 1903 4607 τόν

306 4650 523 4718 κόσμον,
602 4647 684 4695 ἱνα
730 4648 878 4718 κρίνῃ
950 4647 1037 4695 τόν
1093 4649 1309 4714 κόσμον.
1390 4642 1545 4695 Ἀλλὰ
1600 4651 1764 4715 κρῖμα
1816 4651 1903 4695 νῦν

306 4738 362 4787 τὸ
415 4736 715 4808 κατάκριμα
765 4733 921 4804 λέγει,
980 4734 1061 4784 ὅτι
1112 4732 1199 4792 Εἰς
1246 4734 1548 4804 κατάκριμα
1618 4732 1715 4803 ἐγὼ
1767 4731 1906 4789 ἐνην-

312 4826 567 4897 θρωπησα
650 4842 820 4877 τινων.
899 4821 1258 4896 Ἐφερμηεύων
1343 4824 1445 4895 γὰρ
1542 4824 1628 4873 τόν
1733 4820 1902 4893 λόγον,

383 5002 429 5036 ’³
458 5002 625 5058 Joan.
668 5016 746 5066 ιιι,
788 5006 865 5056 t7.

1267 282 1643 375 thMlviEN'r.
1688 320 1756 376 1N
1796 310 2136 401 JoANNiau.
2178 350 2243 357 -
2275 314 2429 372 CAP.
2474 306 2574 369 IX.

1917 3170 1956 3216 1)

3482 324 3614 382 1318

1956 443 2166 499 simile.
2203 442 2343 497 Caeci
2367 457 2630 513 namque
2662 438 2865 498 oculos
2897 440 2993 501 alii
3019 446 3196 503 etiam
3219 460 3606 521 aperuerunt,

1954 532 2090 588 caeci
2140 548 2278 587 vero
2330 547 2365 587 a
2409 532 2714 587 nativitate
2758 532 2976 588 nullus.
3022 537 3363 608 Magnitudo
3410 540 3611 613 itaque

1958 620 2223 676 miraculi
2254 620 2523 675 divinum
2558 621 2908 693 quempiam
2931 639 3060 679 esse
3104 626 3235 695 ejus
3268 628 3609 686 effectorem

1955 710 2230 766 ostendit.
2266 712 2411 765 Nam
2439 712 2539 782 qui
2572 711 2769 781 majus
2794 712 3040 785 aliquod
3065 714 3186 769 edit
3237 717 3612 785 miraculum,

1955 816 2140 873 quam
2158 800 2271 853 sint
2294 800 2567 855 universa
2587 799 2855 857 humana
2878 802 3184 870 miracula,
3205 806 3407 878 utique
3425 808 3617 878 major

1958 894 2044 945 est
2069 889 2294 944 cunctis
2314 888 2686 945 hominibus.

2030 980 2188 1032 Vers.
2240 979 2326 1034 34.
2370 979 2820 1048 Responderunt
2867 1012 2931 1022 —
2976 998 3073 1037 nos
3111 985 3137 1037 ?
3178 987 3306 1040 Non
3359 985 3620 1043 tulerunt

1960 1068 2122 1123 mani
2134 1068 2334 1123 festam
2355 1068 2829 1138 redargutionem
2844 1086 2913 1126 ac
2931 1072 3267 1144 praeclaram
3283 1075 3584 1132 victoriam
3602 1094 3617 1131 :

1961 1172 2249 1212 conversa
2279 1164 2477 1212 autem
2520 1157 2741 1213 malitia
2770 1158 2829 1213 in
2883 1176 3060 1216 suum
3107 1163 3377 1234 ipsorum
3412 1169 3613 1236 caput,

1961 1244 2254 1316 indignati
2282 1250 2419 1299 sunt
2442 1245 2519 1300 illi
2553 1245 2845 1303 dicentes:
2873 1248 3156 1306 Peccator
3181 1255 3419 1309 omnino
3442 1258 3621 1310 natus

1963 1351 2039 1400 es,
2075 1338 2197 1389 sive
2228 1336 2300 1389 ab
2320 1335 2503 1401 initio,
2530 1352 2565 1391 δ.
2596 1337 2789 1407 prima
2820 1338 3017 1394 statim
3043 1347 3231 1396 aetate.
3262 1343 3616 1414 Insipienter

1964 1440 2227 1496 namque
2257 1424 2676 1495 Opinabantur,
2709 1434 2949 1498 propter
2981 1434 3225 1499 peccata
3264 1431 3463 1503 aliqua
3492 1449 3623 1489 esse

1965 1520 2171 1567 natum
2190 1529 2435 1577 caecum,
2459 1520 2517 1569 ut
2535 1515 3062 1572 ostenderenteum
3088 1535 3217 1574 esse
3242 1528 3618 1590 peccatorem.

1964 1602 2144 1674 Atqui
2174 1603 2407 1657 etiamsi
2429 1609 2703 1674 peccator
2724 1610 2867 1675 erat,
2898 1622 3201 1663 sermones
3218 1609 3346 1678 ejus
3368 1611 3625 1681 probare

1967 1692 2243 1765 Oportuit,
2278 1692 2330 1747 si
2353 1694 2470 1747 veri
2496 1698 2717 1749 essent:
2746 1694 2891 1765 quid
2915 1696 3073 1751 enim
3102 1698 3350 1754 absurdi
3377 1699 3628 1758 dixerat?

2042 1784 2199 1837 Vers.
2233 1781 2321 1837 34.
2348 1782 2425 1837 Et
2451 1813 2515 1820 —
2545 1783 2727 1852 foras.
2760 1783 2847 1839 Ab
2879 1784 3124 1842 ecclesia
3153 1794 3209 1842 et
3235 1790 3515 1845 concione
3540 1806 3628 1846 re-

1972 1868 2253 1943 pulerunt
2294 1887 2635 1942 praeconem
2665 1872 2946 1939 veritatis,
2981 1880 3268 1948 tanquam
3301 1878 3511 1934 Christi
3540 1879 3629 1935 di-

1973 1960 2289 2033 scipulum.
2321 1960 2467 2015 Cum
2495 1963 2653 2017 enim
2701 1962 3063 2020 miraculum
3110 1966 3465 2024 calumniari
3502 1986 3627 2026 non

1974 2051 2324 2123 potuissent,
2361 2050 2484 2106 imo
2516 2051 2711 2123 potius
2738 2068 2769 2107 e
2818 2053 3052 2110 diverso
3096 2055 3323 2112 celebre
3374 2058 3511 2113 illud
3537 2076 3629 2115 ve-

1974 2140 2236 2196 hementi
2291 2156 2362 2195 ac
2417 2141 2654 2197 curiosa
2714 2142 3163 2215 investigatione
3214 2146 3628 2220 reddidissent,

1975 2246 2150 2285 suum
2177 2228 2494 2285 effundunt
2511 2229 2771 2287 furorem
2796 2232 3085 2289 adversus
3108 2250 3246 2291 eum
3270 2237 3368 2306 qui
3388 2244 3632 2295 curatus

1976 2320 2193 2375 fuerat.
2278 2308 2281 2309 ⁷

2054 2409 2223 2464 Vers.
2254 2408 2343 2463 35.
2384 2409 2629 2465 Audiuit
2682 2442 2749 2452 —-
2780 2411 2927 2466 Dei?
2970 2414 3135 2469 Venit
3165 2420 3227 2469 ut
3275 2415 3468 2486 majus
3498 2432 3637 2473 con—

1979 2498 2152 2554 ferret
2183 2497 2658 2569 beneﬁciumilli,
2693 2501 2794 2571 qui
2818 2506 3054 2573 propter
3077 2519 3138 2558 se
3167 2504 3360 2561 fuerat
3385 2505 3639 2576 ejectus,

1980 2587 2265 2660 quodque
2292 2587 2590 2642 bonorum
2623 2595 2804 2660 caput
2848 2597 2939 2647 est
2966 2591 3185 2661 tribuit,
3219 2610 3343 2649 sese
3367 2593 3447 2649 illi
3484 2611 3639 2667 prae-

1982 2677 2132 2731 bens
2146 2676 2626 2746 cognoscendum
2638 2718 2651 2743 ,
2670 2694 2738 2733 ac
2753 2694 2959 2735 verum
2973 2680 3231 2738 efﬁciens
3248 2683 3610 2755 discipulum
3622 2726 3634 2740 .

1984 2766 2154 2833 Quod
2185 2772 2384 2822 autem
2413 2766 2530 2822 ait:
2568 2768 2673 2832 Tu,
2706 2774 2948 2841 propter
2980 2770 3113 2828 illos
3162 2772 3327 2838 dixit,
3364 2773 3467 2846 qui
3515 2790 3637 2831 non

1984 2854 2319 2912 credebant.

2060 2947 2222 3003 Vers.
2255 2950 2341 3002 36.
2375 2948 2701 3018 Respondit
2744 2981 2812 2990 -—
2840 2966 2968 3007 eum
2996 2952 3025 3006 9
3072 2954 3182 3024 Spe
3229 2954 3392 3011 bona
3439 2957 3516 3028 (0)
3564 2956 3642 3012 ad

1989 3052 2325 3092 sermonem
2358 3045 2587 3093 erectus
2619 3044 2727 3107 est,
2783 3045 3071 3113 tanquam
3104 3050 3350 3114 paratus
3389 3045 3467 3101 ad
3523 3062 3643 3102 cre-

1989 3125 2254 3180 dendum
2288 3143 2298 3179 :
2342 3132 2394 3181 et
2426 3126 2649 3182 discere
2687 3132 2917 3200 quierit,
2955 3131 3233 3202 quisnam
3276 3133 3392 3203 sit;
3450 3151 3643 3207 neque

1990 3215 2151 3270 enim
2187 3214 2429 3281 sciebat,
2471 3217 2607 3287 quis
2627 3222 2795 3273 esset.

2064 3304 2225 3360 Vers.
2254 3305 2340 3359 37.
2376 3306 2532 3360 Dixit
2577 3337 2641 3345 —
2674 3312 2772 3362 est.
2841 3308 3047 3364 Vidisti
3082 3325 3213 3365 eum
3248 3327 3261 3364 :
3297 3327 3412 3366 non
3455 3312 3644 3384 prius,

2000 3394 2104 3450 sed
2135 3410 2307 3449 nunc.
2342 3396 2468 3449 Non
2496 3394 2662 3460 dixit,
2712 3399 2829 3466 Ego
2858 3414 3015 3462 sum,
3049 3402 3151 3470 qui
3186 3400 3393 3471 aperui
3436 3403 3645 3459 oculos

2002 3489 2154 3540 tuos.
2199 3482 2331 3538 Vult
2360 3483 2518 3539 enim
2550 3484 2990 3556 simplicitatem
3022 3504 3091 3543 ac
3146 3490 3646 3561 praeparationem

2000 3574 2084 3645 (ρ)
2116 3573 2254 3628 fidei
2296 3572 2451 3628 illius
2508 3575 2838 3641 ostendere,
2880 3576 2955 3630 ad
2988 3592 3186 3631 eorum
3231 3579 3335 3650 qui
3392 3596 3651 3651 praesen-

2004 3670 2088 3717 tes
2135 3667 2303 3719 erant
2335 3662 2661 3730 utilitatem,
2697 3681 2766 3719 ac
2797 3666 3209 3722 confusionem
3257 3684 3489 3737 eorum,
3544 3671 3651 3742 qui

2005 3769 2130 3806 cum
2150 3751 2330 3806 multa
2353 3752 2542 3809 edocti
2558 3756 2781 3823 essent,
2796 3754 3096 3827 multaque
3116 3756 3291 3825 signa
3308 3761 3654 3831 conspexis-

2003 3846 2149 3904 sent,
2185 3855 2305 3897 uon
2332 3844 2534 3896 tamen
2565 3841 2759 3897 adhuc
2793 3844 3129 3899 credebant.
3179 3845 3327 3900 Nam
3359 3846 3469 3903 hoc
3524 3847 3652 3903 solo

2004 3930 2210 3985 audito
2242 3945 2255 3983 :
2288 3930 2482 4000 thui
2504 3931 2770 4001 loquitur
2799 3938 2988 3988 tecum
3021 3936 3142 4001 ipse
3157 3941 3257 4001 est,
3282 3936 3480 3990 statim
3533 3952 3655 3992 cre-

2004 4019 2195 4083 didit;
2238 4033 2434 4074 sermo
2466 4036 2727 4092 namque
2757 4022 3023 4077 animam
3049 4022 3200 4078 illius
3242 4031 3484 4095 repente
3530 4027 3660 4082 teti-

2007 4109 2109 4177 git,
2143 4124 2397 4179 cumque
2423 4108 2650 4165 bonam
2677 4110 2837 4166 illam
2866 4111 3212 4179 invenisset,
3271 4113 3341 4168 ad
3370 4115 3659 4185 cognitio-

2007 4214 2146 4253 nem
2179 4214 2249 4252 ac
2278 4197 2459 4253 ﬁdem
2501 4215 2636 4255 eam
2676 4200 3047 4257 illuminavit.
3092 4203 3232 4258 Vide
3262 4204 3443 4259 enim.

2080 4287 2247 4342 Vers.
2280 4291 2364 4343 38.
2385 4289 2464 4342 At
2487 4290 2590 4346 ille
2619 4321 2687 4330 —
2712 4306 2837 4347 eum
2883 4291 3178 4359 adoravit,
3206 4293 3568 4351 conﬁrmans
3600 4312 3662 4351 se

2010 4377 2268 4432 credere.

2086 4468 2243 4520 Vers.
2276 4465 2365 4521 39.
2396 4466 2473 4521 Et
2503 4498 2571 4507 —-
2598 4469 2770 4536 ﬁant.
2802 4469 2977 4541 Atqui
3008 4471 3279 4540 superius
3302 4472 3450 4528 dixit
3489 4474 3663 4530 :Non

2010 4555 2167 4611 misit
2185 4555 2337 4610 Deus
2358 4555 2581 4611 Filium
2599 4573 2766 4611 suum
2779 4557 2841 4613 in
2860 4559 3168 4623 mundum,
3189 4566 3254 4614 ut
3271 4562 3667 4630 iudicetmun-

2012 4645 2153 4700 dum
2172 4646 2240 4708 ’3,
2261 4644 2363 4698 sed
2377 4645 2396 4713 j
2410 4644 2672 4699 udicium
2690 4650 2859 4700 vocat
2876 4647 2970 4701 hic
2983 4648 3563 4705 condemnationem.
3578 4652 3668 4708 Ad

2012 4732 2604 4797 condemnationem,
2622 4733 2829 4805 inquit,
2846 4738 3250 4806 quorumdam
3271 4754 3382 4807 ego
3400 4740 3672 4797 incarna-

2014 4828 2107 4878 tus
2139 4838 2274 4877 sum
2309 4836 2484 4878 :nam
2519 4823 2914 4895 interpretans
2955 4842 3293 4883 sermonem
3336 4828 3505 4885 addit
3534 4845 3547 4888 :
3596 4830 3671 4889 Ut

1552 5123 1771 5194 Variae
1816 5122 2146 5193 lectiones
2174 5134 2238 5192 et
2263 5132 2468 5193 notae.

541 5269 870 5343 Ὀφθαλμούς
891 5268 1107 5327 omittit
1136 5269 1197 5323 Β.

538 5349 789 5404 Γεννητῆς
822 5348 882 5396 Δ.

390 5272 476 5415 ἒ97

414 5348 476 5398 98

541 5412 893 5489 ’Υϐρίζουσιν.

414 5348 481 5398 98

388 5416 478 5489 (99

483 5271 503 5488 ξ

394 5610 476 5682 (0)
513 5609 629 5679 Spe
661 5610 830 5678 bona,
863 5612 971 5665 etc.
1028 5605 1298 5664 Elevatus
1341 5611 1427 5664 est
1475 5622 1751 5664 sermone
1781 5607 1913 5673 hoc,

320 5687 634 5754 tanquam.

397 5750 986 5832 (1i)Sim[)ticitalem,
1057 5754 1165 5808 etc.
1240 5750 1341 5807 Hic
1390 5750 1594 5809 abesse
1668 5753 1917 5827 poterat,

2124 5268 2175 5337 1)
2206 5273 2423 5322 Κινοῦσι
2450 5275 2513 5324 Α.

2124 5270 2175 5337 1)
2206 5273 2423 5322 Κινοῦσι
2450 5275 2513 5324 Α.

2097 5270 2175 5413 12)
2213 5344 2345 5404 Τοὺς
2382 5340 2617 5398 videtur
2653 5340 3023 5401 addendum.

2030 5607 2651 5689 ιιι-Πιίηῖιιξρανιιιίοιιειητ
2694 5611 2838 5689 l‘lam
2874 5610 3263 5689 t6_t:t1rlpiep'/ov
3313 5620 3406 5678 τῆς
3458 5621 3689 5683 πίστεως

2032 5684 2120 5760 est
2155 5679 2284 5760 ejus
2310 5680 2415 5760 qui
2464 5680 2800 5760 simpliciter
2828 5684 3030 5760 credit,
3060 5679 3163 5760 'qu'i
3182 5679 3317 5760 sine
3347 5689 3513 5743 omni
3567 5679 3688 5745 hae;

1975 5812 1985 5827 ι
2033 5750 2345 5819 εἱιᾶιίοηθί
2372 5751 2741 5810 dubitatione
2776 5759 2831 5810 et
2869 5750 3060 5815 nimia
3080 5750 3423 5816 curiositate
3475 5761 3686 5823 credit.
