4120 6310
648 319 784 380 1319

1957 327 2299 392 Eumle
2351 319 2702 394 ZAGABEM

3823 327 3920 395 1320

646 452 752 523 qui
770 467 890 508 non
914 446 1134 520 vident,
1167 453 1280 510 hoc
1307 460 1414 521 est,
1443 457 1539 528 qui
1558 455 1903 528 judicantur
1933 460 2074 516 caeci
2101 465 2273 516 menti

2363 467 2593 531 ιφησὶν,
2663 463 2773 517 Ἱνα
2819 466 2866 517 οἱ
2930 470 3001 538 μὴ
3073 465 3364 538 βλέποντες,
3439 470 3589 538 ἤγουν
3657 466 3699 517 οἱ
3762 461 3918 516 δοκοῦν-

649 544 1338 614 propterScripturarum
1373 545 1790 616 ignorantiam,
1820 548 1916 604 hic
1948 549 2191 606 videant
2215 550 2301 606 lu-

648 645 789 686 men
819 631 1084 688 veritatis
1116 635 1337 704 apertis
1365 636 1578 690 animae
1619 653 1827 693 eorum
1874 637 2081 705 oculis,
2111 639 2188 695 ab
2228 655 2300 694 ea

645 734 781 790 quae
808 719 869 774 in
895 737 986 774 me
1016 727 1105 775 est
1137 721 1270 777 ﬁde.
1307 723 1416 788 Qui
1441 731 1644 780 autem
1691 726 2062 798 perspicaces
2094 728 2298 784 viden-

646 813 742 863 tur
781 815 1021 880 propter
1052 810 1491 881 Scripturarum
1525 815 1817 881 notitiam,
1851 815 1910 870 hi
1941 816 2137 887 potius
2185 833 2299 872 non

646 896 902 963 videant,
931 899 1153 954 clausis
1186 917 1393 956 eorum
1423 903 1799 959 interioribus
1830 905 2018 960 oculis
2047 905 2127 961 ab
2167 905 2298 962 inﬁ-

645 985 900 1042 delitate.

715 1075 1043 1132 Dictionem
1074 1093 1214 1134 vero
1253 1084 1332 1146 ut,
1372 1095 1566 1152 neque
1591 1081 1686 1137 hic
1717 1087 1949 1154 oportet
1978 1084 2298 1154 intelligere

643 1165 978 1231 causaliter;
999 1181 1120 1222 non
1137 1168 1295 1223 enim
1316 1171 1686 1241 propter-hoc
1703 1171 1883 1238 venit,
1904 1177 1962 1228 ut
1978 1173 2082 1244 qui
2098 1173 2297 1229 vident

642 1255 784 1310 caeci
820 1255 991 1322 ﬁant,
1039 1258 1556 1326 quemadmodum
1593 1260 1772 1316 etiam
1794 1261 1868 1316 de
1904 1263 2055 1326 ut,in
2080 1278 2298 1332 praece-

641 1343 915 1398 dentibus
939 1343 1430 1415 signiﬁcavimus,
1457 1350 1563 1404 sed
1582 1351 1743 1422 quod
1767 1349 1944 1406 futuri
1975 1353 2047 1406 sit
2071 1350 2297 1419 signiﬁ-

641 1434 852 1498 cativa;
907 1434 1186 1501 futurum,
1212 1437 1421 1508 inquit,
1457 1444 1561 1503 est,
1601 1447 1664 1495 ut
1697 1440 1798 1511 qui
1822 1455 1942 1495 non
1974 1440 2172 1496 vident
2219 1441 2298 1496 vi-

639 1522 840 1588 deant,
875 1526 926 1578 et
947 1523 1052 1594 qui
1076 1524 1268 1580 vident
1299 1527 1432 1581 caeci
1469 1529 1642 1595 ﬁant.

711 1614 842 1677 Aut,
867 1613 934 1667 In
949 1614 1250 1682 judicium
1272 1630 1376 1685 ego
1394 1618 1455 1671 in
1484 1617 1766 1672 mundum
1785 1618 1935 1685 veni,
1964 1619 2073 1673 hoc
2100 1617 2293 1689 est,ad

638 1701 1124 1768 discernendum,
1157 1705 1231 1760 ad
1258 1706 1697 1776 separationem
1716 1706 1933 1762 horum
1962 1706 2041 1761 ab
2070 1706 2208 1772 illis,
2229 1713 2293 1762 ut

2411 569 2493 612 τες
2543 553 2723 626 τυφλοὶ
2775 557 2861 606 τὸν
2914 563 3032 606 νοῦν
3089 562 3152 627 τῇ
3234 554 3414 629 ἀγνοίᾳ
3471 564 3565 608 τῶν
3617 560 3813 628 Γραφῶν,
3858 553 3920 604 οὗ-

2409 660 2488 693 τοί
2522 641 2760 714 βλέπωσι
2810 646 2868 695 τὸ
2911 652 3014 716 φῶς
3055 652 3142 704 τῆς
3193 643 3456 709 ἀληθείας,
3506 641 3820 714 διανοιγέντων
3857 641 3919 692 (ιᾶ-

2411 738 2518 792 τοίς
2548 740 2646 782 τῶν
2674 731 2920 803 ψυχικῶν
2954 733 3226 806 ὀφθαλμῶν
3253 736 3354 787 ὑπὸ
3382 743 3472 794 τῆς
3503 733 3570 795 εἰς
3613 732 3690 805 ἐμὲ
3724 736 3914 791 πίστεως’

2409 819 2558 872 αύτοὶ
2587 818 2644 873 δι
2665 823 2712 872 οἱ
2731 818 2998 884 δοκοῦντες
3027 819 3329 898 ὀξυδερκεῖς
3352 832 3413 895 τῇ
3438 829 3615 894 γνώσει
3637 830 3724 874 τῶν
3743 826 3912 890 Γραφῶν,

2407 909 2550 961 οὗτοι
2579 909 2764 982 μᾶλλοι
2791 916 2861 983 μὴ
2897 910 3149 984 βλέπωσι,
3194 914 3470 985 μυσάντων
3497 911 3658 972 αὐτοῖς
3698 918 3782 962 τῶν
3817 904 3912 960 ἔνδον

2407 998 2680 1071 ὀφθαλμῶν
2711 1001 2811 1072 ύμό
2843 999 3112 1064 ἀπιστίας.

2481 1086 2758 1142 Κάνταῦθα
2809 1086 2868 1142 δι
2907 1093 2964 1142 τὸ
3020 1093 3101 1142 ἵνα
3167 1091 3227 1144 ού
3275 1097 3387 1164 χρὴ
3440 1099 3564 1144 νοεῖν
3617 1087 3906 1158 αἰτιολογικὸν.

2407 1177 2482 1230 0’5
2531 1181 2629 1250 γὰρ
2681 1175 2774 1231 διὰ
2842 1187 2994 1232 τοῦτο
3035 1177 3201 1245 ἦλθεν,
3264 1183 3347 1233 ἵνα
3398 1183 3445 1233 οἱ
3498 1179 3748 1253 βλέποντες
3791 1175 3909 1246 Tu?th

2403 1272 2671 1337 γένωνται,
2729 1266 2857 1320 ἀλλὰ
2913 1267 3205 1327 δηλωτικὸν
3254 1279 3347 1323 τοῦ
3408 1270 3678 1342 μέλλοντος,
3729 1269 3798 1319 ὃτι
3837 1263 3910 1337 μελ-

2403 1355 2581 1408 λουσιν
2639 1359 2687 1409 οἱ
2738 1362 2809 1429 μὴ
2876 1356 3144 1429 βλέποντες
3198 1358 3427 1432 βλέπειν,
3482 1363 3563 1411 καὶ
3611 1360 3655 1409 οἱ
3712 1354 3913 1429 βλέποντες

2403 1446 2744 1518 τυφλοῦσθαι,
2790 1450 2855 1508 ὡς
2904 1453 2994 1501 καὶ
3034 1448 3377 1524 προλαϐόντες
3423 1453 3537 1522 περὶ
3581 1453 3665 1500 τοῦ
3717 1447 3787 1497 ἶνα
3827 1459 3913 1514 περ·

2403 1538 2858 1609 εσημειωσάμεθα.

2473 1625 2563 1693 .u,
2616 1625 2699 1686 Εἰς
2749 1633 2914 1699 κρῖμα
2973 1625 3072 1698 ἕγώ
3144 1627 3216 1690 εἰς
3287 1631 3375 1680 τὸν
3453 1631 3636 1699 κόσμον
3691 1630 3836 1676 τοῦτον
3858 1617 3912 1687 (3)

2403 1711 2576 1784 ἦλθον9
2637 1713 2747 1768 ἀντὶ
2803 1723 2915 1776 τοῦ,
2979 1718 3050 1777 εἱς
3113 1713 3388 1788 διάκρισιν
3467 1722 3555 1769 καὶ
3619 1711 3913 1786 διαχωρισμὸν

638 1798 927 1864 appareat
949 1793 1032 1864 (q)
1055 1794 1110 1848 in
1138 1795 1229 1850 his
1249 1795 1482 1865 quidem
1503 1801 1849 1866 prospectus
1873 1795 2074 1851 libera:
2092 1796 2265 1852 volun

2285 1827 2293 1836 ·
2327 1818 2368 1871 Β
2402 1807 2592 1856 τούτων
2624 1824 2677 1857 τε
2717 1803 2984 1871 κάκείνων,
3031 1806 3114 1857 ἶνα
3153 1813 3286 1878 φανῇ
3343 1814 3441 1858 τῶν
3615 1805 3643 1861 ἡ
3681 1803 3726 1865 ἐξ,
3769 1799 3912 1871 ἀγαθῆς

638 1884 798 1952 tatis,
829 1899 961 1956 quae
981 1899 1017 1938 a
1040 1883 1307 1938 bonitate
1327 1883 1626 1954 procedit;
1661 1886 1720 1939 in
1741 1884 1870 1940 aliis
1900 1900 2043 1941 vero
2077 1885 2291 1941 mentis

638 1974 976 2038 excascatio,
1009 1988 1146 2044 quae
1177 1988 1212 2027 a
1239 1971 1469 2027 malitia
1493 1973 1819 2041 egreditur.

709 2063 869 2119 Vers.
895 2064 983 2117 40.
1017 2065 1168 2118 Ει-
1198 2077 1279 2116 eo.
1305 2063 1411 2126 Qui
1435 2061 1739 2134 quondam
1768 2061 2002 2118 fuerant
2029 2078 2168 2118 cum
2200 2079 2285 2128 eo,

633 2153 1011 2226 postmodum
1031 2157 1229 2207 autem
1245 2150 1501 2221 separati
1519 2155 1814 2214 erant,aut
1830 2149 1933 2222 qui
1949 2157 2087 2205 tunc
2105 2157 2286 2206 erant.

635 2247 783 2300 Nam
809 2242 1058 2314 quidam
1081 2239 1358 2296 Pharisaei
1384 2237 1810 2310 sequebantur,
1855 2245 1916 2294 ut
1948 2238 2213 2294 viderent
2233 2245 2291 2296 et

634 2335 926 2403 audirent,
955 2332 1101 2404 quid
1130 2330 1349 2386 faceret
1379 2344 1449 2383 ac
1501 2329 1856 2398 loqueretur.

704 2423 868 2479 Vers.
895 2423 984 2478 40.
1016 2422 1082 2476 Et
1109 2451 1175 2462 —
1201 2433 1400 2476 sumus
1430 2418 1457 2474 9
1483 2421 1628 2474 Nam
1646 2418 1800 2471 sicut
1828 2416 1966 2471 alibi
1986 2415 2286 2483 dicebant,

632 2514 856 2573 Nemini
877 2513 1224 2570 servivimus
1250 2525 1530 2581 unquam,
1565 2513 1621 2563 et
1645 2523 1657 2561 ε
1686 2507 1740 2562 Ε
1778 2513 1988 2576 stupro
2007 2506 2139 2561 nati
2167 2522 2285 2561 non

631 2621 833 2662 sumus
853 2605 924 2670 9‘;
952 2605 1033 2658 ita
1053 2607 1110 2657 et
1125 2617 1286 2656 nunc
1309 2600 1383 2654 ad
1407 2596 1708 2653 sensibilia
1729 2602 1959 2652 tantum
1984 2594 2287 2651 inhiabant

631 2695 786 2751 etde
811 2690 1314 2765 corporalisolum
1365 2688 1626 2744 caecitate
1657 2685 1788 2741 illos
1819 2684 2120 2757 pudebat:
2148 2683 2283 2739 ideo

630 2785 706 2841 de
724 2785 839 2839 hac
859 2784 1246 2850 interrogant,
1266 2781 1716 2848 cognoscentes,
1738 2773 1902 2847 quod
1925 2779 2166 2845 propter
2181 2788 2282 2828 eos

630 2875 824 2930 dictus
852 2875 1006 2927 esset
1031 2885 1248 2925 sermo.

700 2962 864 3018 Vers.
898 2961 986 3014 41.
1009 2959 1113 3014 Ait
1141 2987 1208 2997 —
1229 2961 1558 3026 peccatum.
1591 2956 1666 3008 De
1699 2951 2044 3008 inﬁdelitate
2075 2951 2280 3007 videli-

630 3057 720 3108 cet
761 3067 775 3106 :
810 3065 952 3105 nam
981 3045 1344 3118 respondere
1387 3042 1641 3115 possetis
1682 3059 1695 3097 :
1752 3041 1881 3096 Non
1916 3040 2176 3094 vidimus
2209 3041 2280 3096 si-

627 3156 771 3214 gna.
1381 3160 1385 3164 ~

700 3232 844 3286 Vers
885 3233 972 3284 41.
1014 3227 1184 3282 Nunc
1213 3255 1280 3266 -—
1306 3223 1586 3279 videmus.
1619 3221 1735 3276 Vos
1762 3219 1877 3275 hoc
1901 3219 2095 3274 dicitis
2121 3234 2134 3284 ;
2169 3234 2280 3289 ego

629 3326 828 3379 autem
847 3317 1052 3374 non.Si
1070 3315 1231 3371 enim
1246 3312 1524 3377 videritis,
1541 3309 1856 3366 crederetis
1869 3325 2014 3364 sane
2031 3309 2208 3364 mirae
2218 3326 2277 3363 u-

625 3413 700 3469 lis
716 3425 971 3485 quaepgo
985 3422 1186 3463 coram
1199 3404 1370 3460 vobis
1392 3417 1625 3473 operor.
1648 3400 1759 3456 Sed
1773 3406 2069 3472 quantum
2085 3398 2158 3453 ad
2175 3414 2280 3468 ap-

626 3501 973 3574 parentiam,
1032 3496 1239 3551 videtis
1267 3511 1281 3561 ;
1311 3497 1606 3565 quantum
1661 3506 1794 3545 vero
1825 3490 1903 3544 ad
1947 3488 2273 3555 veritatem,

624 3607 747 3648 non
830 3588 1059 3655 videtis,
1150 3589 1342 3640 mente
1427 3579 1722 3636 exetecati.
1800 3580 1973 3634 Juxta
2039 3592 2278 3649 prover-

623 3680 794 3736 bium
826 3691 1090 3748 namque
1122 3689 1294 3730 mens
1325 3671 1503 3735 videt,
1545 3675 1600 3724 et
1632 3684 1801 3724 mens
1839 3666 2027 3732 audit,
2063 3671 2274 3721 ρωποι-θ.

623 3770 824 3821 autem
855 3762 1060 3818 omnia
1090 3775 1248 3815 caeca
1287 3760 1426 3811 sunt
1450 3761 1506 3810 et
1535 3754 1738 3808 surda.

699 3854 859 3909 Vers.
889 3856 977 3906 4-1.
1008 3852 1324 3907 Peccatum
1346 3861 1483 3916 ergo
1507 3850 1764 3900 vestrum
1811 3848 2030 3898 manet.
2090 3842 2274 3896 Manet

623 3944 853 4015 absque
877 3941 1063 4005 venia;
1083 3939 1225 4011 quia
1246 3937 1505 3992 dicentes
1527 3949 1633 3988 vos
1648 3932 1844 3988 videre
1867 3947 1974 3986 nec
1992 3929 2270 3993 videntes,

591 4048 596 4056 ‘
620 4031 948 4090 voluntarie
970 4027 1345 4084 excaecamini
1365 4024 1442 4078 ab
1462 4022 1680 4078 invidia
1707 4029 1763 4077 et
1793 4020 2034 4075 malitia.
2069 4021 2272 4076 Osten-

591 4141 596 4143 ·
620 4123 707 4178 dit
735 4136 897 4189 ergo,
931 4117 1094 4189 quod
1122 4113 1440 4185 corporalis
1462 4112 1647 4177 visus,
1680 4111 1755 4165 de
1780 4126 1902 4182 quo
1925 4109 2268 4178 gloriantur,

617 4211 730 4268 hos
781 4206 1164 4263 condemnat.
1216 4201 1399 4258 Simul
1454 4215 1692 4272 quoque
1722 4215 1884 4268 eum,
1934 4196 2041 4268 qui
2093 4201 2272 4251 antea

619 4314 813 4354 caecus
833 4297 1044 4358 fuerat,
1065 4292 1206 4348 hinc
1226 4289 1584 4354 consolatur,
1610 4304 1680 4344 ac
1710 4287 2037 4342 ﬁrmiorem
2059 4286 2120 4341 in
2151 4282 2269 4339 ﬁde

617 4387 1000 4534 militantem
1025 4473 1245 4529 dicant:
1273 4473 1401 4526 Non
1430 4467 1651 4524 idcirco
1677 4465 1784 4522 tibi
1813 4481 1927 4521 non
1967 4463 2269 4520 credimus

617 4567 783 4641 quod
805 4581 927 4621 non
948 4563 1284 4627 videamus,
1317 4559 1418 4616 sed
1448 4559 1590 4631 quia
1613 4563 1671 4612 tu
1695 4555 1986 4629 populum
2014 4553 2265 4616 seducis,
2303 4538 2343 4592 ί)

617 4656 876 4714 ostendit
897 4670 1002 4726 per
1019 4650 1388 4724 parabolam,
1413 4648 1576 4720 quod
1604 4662 1720 4701 non
1744 4645 2022 4699 seductor
2044 4644 2136 4706 sit,
2163 4641 2269 4697 sed

577 4764 584 4770 ’
617 4748 906 4820 pastor.Et
927 4743 1186 4815 primum
1214 4738 1456 4812 quidem
1480 4737 1650 4804 signa
1664 4735 1830 4806 ponit
1855 4730 2182 4788 seductoris
2200 4746 2270 4820 ac

617 4819 980 4906 corruptoris
1009 4847 1022 4887 :
1069 4829 1284 4885 deinde
1326 4829 1758 4896 consequenter
1786 4820 2038 4893 pastoris
2069 4826 2125 4875 et
2152 4819 2271 4875 Sal-

615 4923 856 4988 vatoris,
893 4926 958 4977 ut
981 4937 1053 4977 ex
1077 4918 1172 4976 his
1210 4922 1603 4988 cognoscatur
1634 4919 1826 4970 utrum
1868 4911 2144 4967 seductor
2173 4909 2265 4976 sit,

616 5031 696 5074 an
719 5018 946 5088 pastor.

681 5157 738 5196 ⁹⁴
778 5157 956 5215 Joan.
1003 5169 1120 5222 vui,
1155 5156 1245 5212 33.

2403 1897 2750 1967 προαιρέσεως
2777 1892 3074 1965 ἀνάϐλεψις,
3123 1903 3226 1947 τῶν
3258 1891 3320 1948 δὲ
3349 1897 3379 1954 ἠ
3421 1893 3476 1947 ἔκ
3517 1899 3719 1966 πονηρᾶς
3757 1892 3914 1960 γνώμης

2404 1981 2786 2056 ἀποτύφλωσις.

2475 2077 2575 2124 Καὶ
2629 2102 2700 2114 -
2757 2072 2938 2125 αὐτοῦ.
2999 2073 3064 2126 Οἱ
3094 2092 3221 2127 ποτε
3270 2077 3406 2135 ὄντες
3452 2071 3559 2146 μετ’
3606 2071 3760 2134 αὑτοῦ,
3803 2068 3914 2118 ύστε-

2399 2181 2488 2236 ρον
2542 2159 2602 2214 δὲ
2659 2159 2991 2234 ἀποστάντες,
3065 2166 3096 2221 ἤ
3163 2165 3214 2215 οἱ
3291 2168 3430 2225 ὄντες
3497 2166 3768 2220 τηνικαῦτα.
3813 2161 3912 2214 Tui;

2400 2253 2500 2322 γὰρ
2544 2257 2821 2325 Φαρισαῖοι
2866 2256 3179 2324 παρείποντο
3227 2251 3497 2325 βλέποντες
3537 2254 3618 2302 καὶ
3642 2247 3857 2304 ἀκούοντες
3877 2249 3911 2294 τί

2399 2338 2539 2383 ποιεῖ
2566 2336 2653 2382 καὶ
2678 2330 2838 2386 λαλεῖ.

2474 2425 2574 2473 Καὶ
2625 2451 2692 2460 -
2744 2420 2896 2493 ἐσμεν
2923 2443 2934 2484 ;
2966 2419 3164 2496 Ὠσπερ
3252 2420 3491 2493 ἀλλαχοῦ
3544 2419 3720 2489 ἔλεγον·
3769 2409 3907 2466 Οὐδενὶ

2401 2505 2810 2582 δεδουλεύκαμεν
2883 2515 3088 2563 πώποτε
3120 2528 3132 2540 ·
3191 2515 3306 2578 καὶ,
3357 2511 3447 2563 Ἐκ
3501 2511 3713 2582 πορνείας
3761 2503 3807 2555 ού
3847 2519 3904 2570 γε·

2395 2601 2715 2670 γεννήμεθα·
2746 2599 2880 2651 οὕτω
2949 2604 3039 2652 καὶ
3091 2607 3179 2651 νῦν
3260 2603 3389 2673 πρὸς
3466 2602 3530 2652 τὰ
3593 2596 3785 2652 αἰσθητὰ
3845 2608 3899 2640 κε·

2392 2693 2596 2761 χῄνασι
2647 2693 2819 2762 μόνον,
2879 2695 2968 2742 καὶ
3025 2693 3116 2748 τὴν
3173 2694 3482 2762 σωματικήν
3525 2687 3748 2759 τύφλωσιν
3797 2680 3895 2731 ἐπαι-

2397 2781 2698 2850 σχύνονται.
2734 2782 2820 2831 Διὸ
2841 2783 2958 2852 περὶ
2988 2781 3184 2840 ταύτης
3205 2777 3442 2853 ἐρωτῶσι
3465 2781 3652 2850 γνόντες
3675 2775 3739 2826 ὅτι
3759 2774 3824 2822 καὶ
3842 2763 3891 2818 δι’

2393 2867 2581 2929 αὐτοὺς
2607 2871 2808 2940 εἰρηται
2839 2869 2863 2919 ὀ
2894 2867 3060 2938 λόγος.
3837 2934 3844 2943 1

2463 2945 2612 3000 Εἶπεν
2643 2938 2711 2988 ὲ-
2741 2947 3019 3020 αμαρτίαν.
3051 2977 3119 2990 -
3145 2948 3256 3000 Ούκ
3283 2947 3344 3000 ἂν
3376 2952 3539 3020 εἰχετε
3575 2945 3799 3020 ἁμαρτίαν,

2390 3044 2453 3108 τῇ
2493 3035 2715 3108 ἀπιστίᾳ
2745 3033 2985 3094 δηλονότι
3009 3051 3022 3065 °
3055 3036 3146 3088 καί
3173 3040 3280 3112 γὰρ
3325 3034 3590 3096 ἠδύνασθε
3617 3025 3872 3101 ἀπολογεῖσθαι

2319 3165 2360 3222 C
2393 3127 2468 3178 ὅτι
2501 3125 2610 3177 Ούκ
2643 3125 2936 3200 ἑωράκαμεν
2967 3127 3034 3177 τὰ
3067 3134 3285 3197 σημεῖα.

2460 3221 2567 3269 Νῦν
2625 3193 3015 3286 -“βλέπομεν.
3072 3193 3241 3287 Ὑμεῖς
3297 3222 3451 3268 τοῦτο
3506 3214 3679 3286 λέγετε,
3739 3206 3804 3275 εγὼ
3838 3193 3874 3248 δι

2389 3305 2474 3360 οῦ.
2509 3303 2568 3356 Εἰ
2608 3307 2709 3376 γὰρ
2769 3302 3017 3373 ἐϐλέπετε,
3077 3307 3396 3371 ἐπιστεύετε,
3456 3303 3514 3356 ἂν
3566 3304 3635 3364 οἷς
3683 3293 3884 3370 ἐργάζομαι

2391 3394 2653 3464 θαύμασιν
2700 3391 2911 3444 ἐνώπιον
2964 3394 3128 3466 ὑμῶν.
3189 3393 3350 3447 Ἀλλὰ
3401 3403 3472 3465 τῷ
3523 3389 3675 3446 δοκεῖν
3812 3377 3888 3452 βλέ”

2386 3501 2523 3547 πετε,
2554 3490 2614 3553 τῇ
2649 3478 2707 3534 δὲ
2736 3481 2953 3554 ἀληθείᾳ
2977 3482 3035 3534 ού
3069 3481 3286 3554 βλέπετε
3317 3482 3670 3555 τετυφλωμένοι
3705 3477 3772 3526 τὸν
3793 3473 3890 3520 rei”.

2389 3573 2530 3624 Κατὰ
2558 3574 2657 3644 γὰρ
2685 3576 2777 3629 τὴν
2805 3575 3086 3645 παροιμίαν
3130 3579 3248 3633 νοῦς
3289 3573 3370 3645 (4)
3403 3574 3499 3647 ὁρᾴ
3523 3574 3605 3623 καὶ
3630 3573 3726 3626 νοῦς
3749 3559 3890 3613 ἀκούει·

2384 3662 2451 3712 τὰ
2471 3656 2521 3712 δ’
2549 3660 2676 3712 ἄλλα
2702 3662 2870 3713 πάντα
2894 3659 3064 3733 τυφλὰ
3090 3665 3180 3713 καὶ
3210 3664 3382 3737 κωρά.

2453 3836 2511 3891 Ἠ
2590 3834 2678 3891 οὖν
2753 3838 2987 3914 ἁμαρτία
3053 3838 3195 3912 ὑμῶν
3261 3859 3428 3912 μενει.
3501 3841 3638 3892 Μένει
3695 3830 3896 3896 ἀσύγρω·

2387 3946 2523 3994 στος,
2568 3925 2731 3998 διότι,
2785 3928 3015 4000 λέγοντες
3072 3925 3304 4001 βλέπειν,
3356 3930 3416 3983 ού
3477 3927 3684 4002 βλέπετε,
3726 3915 3896 3970 ἐθελοτν-

2383 4018 2688 4090 φλωττοντες
2745 4020 2844 4070 ύπό
2897 4019 3085 4089 φθόνου
3136 4023 3226 4071 καὶ
3285 4023 3552 4093 πονηρίας.
3611 4007 3782 4069 Ἐδειξε
3820 4005 3895 4054 τοί-

2379 4127 2467 4159 νυν
2512 4110 2592 4160 ὃτι
2639 4109 2670 4165 ἡ
2725 4110 2998 4178 σωματικὴ
3059 4107 3260 4179 ὅρασις,
3316 4107 3393 4182 ἐφ’
3442 4108 3473 4180 ᾖ
3529 4100 3893 4182 μεγαλαυχοῦσιγρ

2381 4196 2512 4254 αύτή
2562 4198 2779 4257 τούτους
2831 4191 3200 4256 καταδικάζει.
3249 4195 3396 4269 Ἀμα
3454 4193 3513 4248 δι
3575 4197 3655 4244 καὶ
3700 4190 3768 4238 τὸν
3810 4181 3894 4251 ’τρί’

2379 4283 2563 4356 τυφλὸν
2589 4283 2817 4336 ἐντεῦθεν
2840 4285 3270 4358 παρεμυθήσατο,
3299 4268 3391 4338 καὶ
3421 4283 3719 4358 βεϐαιότερον
3744 4271 3800 4332 εἰς
3829 4268 3894 4320 τήν

2379 4378 2560 4425 πίστιν
2591 4375 2968 4448 ἀπειργάσατο.

2447 4466 2558 4514 Ἵνα
2622 4458 2682 4514 δί
2736 4467 2808 4534 μὴ
2859 4463 3073 4514 εἴπωσιν
3147 4463 3227 4514 ὅτι
3282 4463 3394 4516 Ούκ
3445 4464 3513 4524 ὡς
3574 4457 3629 4511 ού
3691 4451 3892 4534 βλέποντα

2379 4550 2716 4622 ἀπιστοῦμεν,
2759 4549 2863 4602 ἀλλ’
2914 4553 2983 4612 ὡς
3021 4551 3312 4614 πλανῶντικ
3367 4571 3463 4604 σου
3517 4553 3601 4602 τὸν
3646 4545 3764 4605 λαὸν,

2381 4638 2605 4694 δεικνύει
2681 4636 2776 4692 διὰ
2831 4639 3134 4714 παραϐολῆς
3187 4642 3267 4693 ὅτι
3317 4640 3412 4693 οῦκ
3460 4642 3568 4692 ἔστι
3613 4634 3771 4688 πλάνος
3807 4620 3888 4674 αλλ-⁵

2378 4734 2594 4802 ποιμήν.
2657 4734 2757 4782 Καὶ
2814 4738 3017 4802 πρῶτον
3097 4733 3187 4802 μὲν
3259 4731 3448 4788 τίθησι
3515 4730 3580 4780 τὰ
3632 4722 3885 4795 γνωρίσματα

2382 4827 2470 4871 τοῦ
2509 4818 2702 4872 πλάνου
2735 4823 2825 4871 καὶ
2865 4818 3143 4892 λυμεώνος,
3175 4818 3289 4872 εἶτα
3335 4817 3552 4880 καθεξῆς
3604 4817 3665 4866 τὰ
3709 4812 3782 4860 τοῦ
3816 4813 3889 4892 ποι·

2377 4913 2525 4982 μένος
2549 4913 2640 4961 καὶ
2667 4891 2937 4982 Σωτῆρος,
2961 4909 3045 4962 ἵνα
3073 4907 3160 4961 ἀπ’
3204 4907 3372 4960 αὐτῶν
3422 4906 3627 4981 γνωσθῇ
3657 4904 3741 4956 εἶτε
3765 4891 3894 4947 πλάνος

2379 4997 2517 5053 ἐστὶν
2543 5000 2644 5052 εἶτε
2667 5001 2892 5073 ποιμήν.

1833 5244 2060 5315 Variae
2099 5244 2423 5314 lectiones
2449 5252 2515 5312 et
2534 5252 2737 5313 notae.

688 5453 962 5526 χ3)’Ῑ“οὔτον
1019 5445 1188 5506 abest

687 5510 767 5599 (4)
807 5528 886 5581 De
914 5524 1028 5578 hoc
1059 5517 1374 5593 proverbio
1406 5514 1543 5574 vide
1575 5513 1914 5571 Fischerum
1941 5513 2017 5570 ad
2053 5513 2281 5570 Platon.
2302 5510 2588 5569 Phaedon.
2621 5527 2685 5585 p.
2725 5511 2852 5568 269.

684 5704 766 5776 (q)
812 5698 1225 5776 Utuppareat,
1280 5701 1390 5754 etc.
1438 5693 1507 5752 Ut
1537 5685 2429 5776 appareat,._al_iorumuquidem
2468 5707 2538 5749 ex
2571 5701 2872 5766 prepensa
2909 5684 2989 5748 ad
3044 5685 3273 5746 bonum
3322 5684 3617 5744 voluntate
3662 5670 3895 5736 restituta!

565 5786 570 5794 '
611 5763 800 5846 rigas,
834 5763 1094 5833 aliorum
1121 5773 1322 5827 autem
1348 5784 1421 5828 ex
1447 5763 1665 5828 mentis
1693 5767 1981 5842 pravitate
2012 5763 2270 5827 caecitas.
