4120 6310
168 342 301 406 1321

242 474 406 545 Ἀμήν
501 500 572 509 -
668 468 880 540 λῃστής.
969 463 1333 537 Ἀναγωγικῶς
1422 460 1592 535 θὺραν

168 570 380 633 νοοῦμεν
455 557 675 610 ἐνταῦθα
744 560 861 617 τοὺς
925 559 1135 628 νόμους,
1187 554 1306 611 ἤτοι
1379 552 1473 613 τὰς
1542 556 1771 626 Γραφὰς,

172 648 267 703 διὰ
313 653 370 701 τὸ
419 647 645 717 εἰσάγειν
690 647 761 707 εἰς
811 647 1137 715 θεογνωσίαν,
1194 647 1284 694 καὶ
1333 640 1620 695 ἆτοκλείείν
1668 650 1774 695 πᾶ-

173 758 271 791 σαν
317 738 452 789 κατὰ
480 743 575 795 τῆς
622 733 884 793 εὐσεϐείας
933 730 1162 807 πάροδον
1210 728 1318 794 τοῖς
1367 728 1650 806 αἰρετικοῖς
1686 736 1776 783 καὶ

170 834 279 887 τοῖς
336 824 488 881 Ἕλλη
499 844 573 887 σι,

170 916 348 968 λεῦτον
398 921 504 974 τοῖς
553 909 822 983 δαίμοσιν
878 912 1037 969 αὐλὴν
1088 907 1276 968 δὲτὴν
1339 910 1628 981 ἐπιμέλειαν
1686 914 1774 961 καὶ

652 828 741 874 καὶ
813 822 1084 894 φυλάττειν
1163 825 1244 873 τόν
1317 821 1439 872 λαόν
1510 820 1776 872 ἀνεπιϐού-

169 1010 419 1076 πρόνοιαν
470 1009 568 1055 τῶν
621 999 880 1076 προϐάτον
920 1017 933 1031 ⁶
991 998 1230 1074 πρόϐατα
1280 995 1338 1051 δε
1395 1002 1512 1059 τοὺς
1573 998 1775 1071 Ἰσραη-

168 1094 343 1155 λίτας,
414 1096 503 1144 τόν
553 1098 644 1143 τοῦ
718 1097 852 1141 Θεοῦ
897 1089 1036 1143 λαόν.
1100 1088 1272 1160 ἸΙμεῖς
1320 1084 1397 1153 δέ,
1457 1092 1609 1159 φησι,
1655 1088 1778 1148 λαός

171 1183 358 1245 αὑτοῦ,
427 1185 517 1232 καὶ
589 1177 827 1253 πρόϐατα
894 1186 1050 1250 νομῆς
1127 1177 1303 1231 αὐτοῦ.
1362 1175 1421 1228 Ὀ
1480 1181 1647 1229 τοίνυν
1703 1182 1773 1245 μὴ

173 1269 273 1325 διὰ
302 1280 399 1322 των
432 1275 643 1343 Γραφών
671 1268 741 1329 εἰς
771 1273 859 1325 τὴν
909 1266 1198 1338 ἐπιμέλειαν
1243 1273 1334 1317 τοῦ
1373 1264 1499 1317 λαοῦ
1527 1272 1617 1317 τοῦ
1645 1272 1777 1317 Θεοῦ

178 1360 568 1434 εἰσερχόμενος,
624 1360 691 1418 ὡς
744 1362 814 1429 μὴ

174 1449 341 1509 αὐτὰς
410 1447 823 1517 πολιτευόμενος,

895 1362 1165 1430 χρώμενος
1221 1354 1424 1423 αὐταῖς,
1471 1350 1608 1425 μηδὲ
1664 1353 1778 1405 κατ’

912 1444 1040 1497 ἀλλὰ
1119 1442 1403 1495 ἀναϐαίνων
1471 1441 1780 1513 ἀλλαχόθεν,

172 1541 250 1599 ὡς
310 1533 625 1609 ὑπερπηδών
683 1538 775 1606 μὲν
839 1538 932 1592 τὴν
1005 1536 1185 1607 θύραν,
1239 1537 1430 1604 τέμνων
1491 1529 1549 1584 δὲ
1608 1532 1781 1605 ἑτέραν

181 1624 417 1691 εἴσοδον,
477 1625 664 1685 ἐκεῖνος
721 1623 779 1675 οῦ
828 1627 1043 1695 ποιμὴν,
1094 1621 1221 1673 ἀλλά
1264 1620 1479 1681 κλέπτης
1527 1619 1640 1672 ἐστὶ
1692 1624 1783 1671 καὶ

172 1716 397 1789 λῃστής
468 1713 686 1772 κλέπτης
743 1716 832 1783 μὲν
881 1714 948 1773 ὡς
1005 1709 1313 1783 βουλόμενος
1369 1713 1431 1761 τὰ
1488 1713 1558 1781 μὴ
1617 1728 1782 1782 προσ-

173 1811 372 1863 ήκοντα
416 1808 484 1865 εὶς
548 1802 728 1855 ἑαυτὸν
809 1801 1231 1853 ἐπισπάσασθαι”
1314 1798 1506 1872 λῃστὴς

174 1895 398 1965 λυμεὼν.

1430 1972 1632 2037 Ἰούδας
1697 1981 1786 2029 καὶ

181 2068 410 2136 Θευδᾶς,
467 2069 575 2142 μετ’
634 2068 788 2121 αὐτόν
847 2064 906 2119 δὲ
936 2069 983 2118 οἱ
1008 2063 1398 2141 ψευδόχριστοι
1428 2070 1518 2117 καὶ
1565 2067 1589 2116 ό
1622 2065 1787 2118 Ἀντί-

250 1986 491 2034 Τοιοῦτοί
545 1981 648 2033 εἰσι
723 1979 802 2050 (ὅ)
863 1981 963 2051 πρὸ
1032 1977 1189 2029 αὐτοῦ
1264 1978 1353 2049 μὲν

180 2180 409 2237 χριστός
455 2164 544 2211 καὶ
609 2162 653 2210 εἴ
700 2176 832 2218 τινες
878 2158 1040 2224 ἕτεροι
1096 2157 1298 2209 πλάνοι.
1350 2154 1788 2227 Παράπτεται(6)

183 2248 243 2303 δε
291 2255 381 2301 καὶ
432 2256 533 2300 τῶν
594 2250 942 2321 Γραμματέων
993 2251 1082 2297 καὶ
1156 2248 1474 2319 Φαρισαίων,
1530 2252 1632 2295 τῶν
1709 2240 1789 2295 δι-

184 2337 489 2392 δασκόντων
560 2333 935 2403 διδασκαλίας,
996 2333 1287 2407 ἐντάλματα
1343 2332 1646 2407 ἀνθρώπων,
1699 2338 1788 2384 καὶ

183 2431 270 2481 τόν
301 2431 453 2497 νόμον
484 2424 926 2499 παραϐαινόντων.
962 2420 1109 2484 Εἶδες
1132 2431 1235 2483 πῶς
1273 2422 1540 2497 ὑπέγραψε
1562 2425 1648 2473 τόν
1674 2421 1787 2473 κλέ-

183 2536 318 2574 πτην
367 2520 456 2567 καὶ
513 2519 600 2566 καὶ
655 2514 856 2586 λῃστὴν
908 2517 995 2565 καὶ
1045 2512 1275 2578 πλάνον;
1330 2516 1514 2563 Σκόπει
1570 2516 1789 2563 καὶτοῦ

182 2609 420 2677 ποιμένος
454 2607 519 2656 τὰ
547 2608 909 2677 γνωρίσματα.

256 2694 313 2745 Ὀ
344 2725 404 2734 -
440 2692 728 2765 προϐάτων.
769 2692 968 2764 Ὥσπερ
1003 2689 1078 2759 (7)
1121 2695 1210 2741 καὶ
1261 2690 1434 2757 αὐτὸς,
1474 2691 1561 2742 οἶα
1584 2695 1792 2764 χρώμε-

185 2803 269 2843 νος
347 2790 463 2842 ταῖς
519 2787 768 2853 Γραφαῐς,
823 2785 910 2831 καὶ
962 2778 1073 2830 κατ’
1146 2779 1304 2838 αὐτας
1378 2779 1789 2851 πολιτευόμενος.

190 2872 249 2923 Εἰ
299 2874 399 2943 γὰρ
448 2875 538 2920 καὶ
587 2868 635 2920 ἐν
689 2867 935 2938 Σαϐϐάτῳ
990 2867 1273 2939 εἰργάζετο,
1309 2866 1435 2919 ἀλλά
1489 2870 1601 2920 θεῖα
1629 2871 1788 2940 ἔργα·

189 2962 214 3012 ό
259 2962 359 3032 γὰρ
410 2962 563 3029 νόμος
612 2960 676 3008 τὰ
720 2956 1016 3030 ἀνθρώπινα
1064 2956 1336 3026 ἐκώλυσεν,
1386 2961 1502 3015 ἤτοι
1553 2960 1619 3009 τὰ
1665 2956 1793 3029 βιω-

191 3067 331 3101 τικα.

1177 306 1551 390 COMMENT.
1600 338 1671 394 [Ν
1702 324 2042 397 JOANNEM.
2089 372 2147 381 -
2194 340 2347 396 CAP.
2392 341 2459 396 x.

1591 1794 1649 1850 δὲ
1720 1799 1863 1857 ὡςΒ

3410 350 3543 405 1322

1684 469 1774 537 μὲν
1809 471 1853 522 Α
1954 466 2099 538 Cap.
2154 468 2211 521 X.
2255 469 2412 523 Vers.
2448 472 2494 523 l.
2529 468 2715 525 Amen
2748 498 2815 508 —-
2858 472 3029 528 latro.
3075 473 3407 544 Anagogice
3446 475 3541 529 hic

1885 568 1984 624 per
2009 554 2227 609 ostium
2260 554 2642 625 intelligimus
2670 557 2854 626 leges,
2887 561 3011 614 sive
3059 560 3409 631 Scripturas,
3466 577 3537 617 eo

1884 643 2040 713 quod
2077 643 2152 698 ad
2188 644 2286 698 Dei
2326 646 2725 714 cognitionem
2756 647 3064 713 inducant,
3105 653 3159 703 et
3222 651 3537 707 transitum

1885 747 2146 801 omnem,
2181 732 2283 804 qui
2316 733 2598 788 adversus
2625 735 2885 790 divinum
2919 736 3142 792 cultum
3172 743 3277 802 est,
3319 738 3540 794 haereti-

1886 822 1968 874 cis
1985 836 2053 875 ac
2067 821 2344 888 gentibus
2364 822 3119 898 excludant,populumque
3140 827 3537 882 adaemonum

1886 907 2113 963 insidiis
2143 909 2502 979 custodiant;
2544 912 2749 967 caulas
2806 929 2963 979 vero,
2998 930 3204 970 curam
3237 931 3305 969 ac
3346 918 3539 986 provi-

1887 998 2149 1052 dentiam
2168 998 2385 1065 ovium;
2403 1015 2541 1055 oves
2556 1008 2752 1057 autem
2776 1001 3089 1073 lsraelitas,
3106 1004 3399 1075 populum
3412 1004 3536 1060 Dei.

1887 1088 2004 1141 Nos
2022 1087 2716 1161 autem,inqu‘it,populus
2736 1092 2861 1160 ejus
2878 1097 2932 1147 et
2946 1108 3316 1160 ovespascua:
3328 1096 3451 1163 ejus
3467 1096 3536 1147 ³⁵.

1889 1176 1997 1240 Qui
2026 1190 2168 1243 ergo
2200 1191 2314 1231 non
2356 1192 2460 1247 per
2490 1179 2821 1250 Scripturas
2843 1180 2917 1235 ad
2938 1198 3141 1237 curam
3174 1181 3373 1253 populi
3414 1182 3533 1252 Dei,

1888 1264 2235 1332 ingreditur,
2273 1270 2471 1336 utpote
2503 1282 2622 1321 non
2649 1273 2817 1321 utens
2838 1267 3249 1341 eis,necjuxta
3274 1269 3403 1324 illas
3436 1285 3541 1338 gu-

1889 1351 2170 1416 bernans,
2195 1353 2295 1407 sed
2317 1354 2649 1409 ascendens
2671 1354 2930 1421 aliunde,
2946 1359 3118 1428 quasi
3141 1358 3359 1413 ostium
3386 1365 3540 1413 tran-

1890 1440 2109 1508 siliens,
2138 1446 2239 1495 aut
2263 1457 2366 1511 per
2382 1442 2565 1497 alium
2589 1443 2922 1515 irrumpens
2944 1445 3270 1510 introitum,
3300 1446 3393 1501 ille
3415 1463 3539 1503 non

1892 1535 2115 1600 pastor,
2146 1530 2247 1584 sed
2281 1529 2373 1584 fur
2413 1538 2497 1585 est
2524 1537 2579 1586 et
2616 1531 2761 1587 latro
2790 1548 2802 1584 :
2832 1532 2924 1587 fur
2954 1534 3224 1605 quidem,
3253 1540 3541 1605 tanquam

1891 1615 2098 1671 volens
2122 1634 2193 1673 ea
2223 1620 2300 1672 ad
2336 1636 2397 1674 se
2427 1620 2712 1685 derivare,
2746 1636 2879 1693 quas
2901 1637 3023 1677 non
3054 1638 3163 1677 sua
3180 1628 3352 1678 sunt:
3389 1622 3541 1680 latro

1894 1710 2113 1770 autem,
2147 1709 2438 1777 tanquam
2470 1707 2815 1763 devastans.

1967 1974 2320 2045 Hujusmodi
2347 1975 2586 2031 fuerunt
2608 1980 2742 2031 ante
2770 1991 2907 2032 eum
2937 1978 3118 2033 ludas
3158 1983 3213 2034 et
3246 1977 3543 2047 Theudas;

1896 2072 2028 2136 post
2042 2082 2178 2119 eum
2195 2081 2333 2120 vero
2347 2065 2776 2138 pseudocbristi
2796 2071 2850 2121 et
2867 2067 3278 2135 Antichristus,
3302 2074 3356 2125 et
3375 2069 3422 2124 si
3442 2073 3546 2143 qui

1899 2159 2038 2209 sunt
2076 2153 2173 2210 alii
2220 2154 2587 2211 seductores.
2620 2156 2866 2225 Attingit
2913 2172 3155 2229 quoque
3195 2159 3425 2214 Scribas
3476 2176 3547 2216 ac

1896 2244 2249 2309 Pharismos,
2278 2245 2376 2315 qui
2395 2244 2682 2300 docebant
2699 2245 3024 2310 doctrinas,
3044 2252 3343 2316 praecepta
3366 2248 3548 2304 homi-

1900 2334 2123 2397 num“,
2138 2332 2322 2402 legem
2339 2338 2537 2387 autem
2554 2333 3166 2402 transgrediebantur.
3187 2335 3387 2391 Vidisti
3404 2354 3550 2409 quo-

1899 2422 2080 2476 modo
2097 2420 2309 2485 furem,
2332 2422 2624 2477 latronem
2644 2438 2713 2477 ac
2741 2422 3119 2478 seductorem
3142 2424 3550 2496 descripserit?

1899 2510 2209 2566 considera
2232 2510 2409 2566 etiam
2426 2510 2681 2582 pastoris
2708 2511 2986 2581 insignia,
3015 2512 3234 2585 quibus
3272 2511 3551 2582 dignosci

1900 2599 2115 2673 possit.

1972 2689 2132 2744 Vers.
2164 2690 2217 2743 2.
2250 2687 2362 2756 Qui
2399 2720 2461 2729 —
2492 2688 2709 2745 ovium.
2744 2689 2941 2754 Qualis
2994 2690 3123 2761 ipse
3169 2694 3313 2757 erat,
3347 2695 3550 2762 utpote

1904 2777 2217 2849 Scripturis
2238 2783 2427 2843 utens,
2443 2782 2498 2832 et
2513 2777 2843 2833 secundum
2860 2793 2961 2833 eas
2975 2778 3315 2848 gubernans
3336 2796 3552 2852 :quan-

1902 2882 2086 2940 quam
2110 2866 2265 2921 enim
2292 2867 2469 2921 etiam
2491 2867 2550 2921 in
2582 2867 2839 2922 Sabbato
2858 2873 3225 2939 operaretur,
3258 2885 3329 2924 ea
3350 2876 3552 2925 tamen

1901 2955 2100 3011 divina
2124 2960 2293 3011 erant
2322 2971 2520 3026 opera,
2573 2971 2704 3011 cum
2734 2955 2825 3011 lex
2877 2956 3215 3029 prohiberet
3261 2958 3552 3028 humana,

1904 3045 2025 3100 sive
2057 3044 2407 3116 temporalia
2438 3061 2504 3100 ac
2535 3044 2868 3102 saecularia.

261 3135 510 3206 Τούτῳὸ
572 3136 802 3207 θυρωρός
870 3132 1083 3205 ἀνοίγει.
1153 3137 1405 3208 Θνρωρός
1474 3138 1610 3187 κατά
1674 3133 1789 3187 ανα-

1978 3133 2137 3190 Vers.
2170 3134 2223 3189 3.
2264 3134 2423 3190 Huic
2451 3134 2728 3190 ostiarius
2770 3136 2979 3204 aperit.
3036 3137 3323 3192 Ostiarius
3385 3137 3555 3207 juxta

189 3231 366 3299 εγωιγὴν
439 3226 464 3276 ὁ
540 3230 790 3289 Μωῦσῆς,
860 3224 928 3284 ὡς
1004 3222 1159 3284 αὐτὸς
1248 3222 1609 3295 ἐμπιστευθεὶς
1680 3229 1794 3285 τοῦς

190 3321 380 3387 νόμους
412 3320 501 3366 τοῦ
538 3320 692 3366 Θεοῦ.
739 3318 821 3381 Τῷ
862 3314 1080 3382 τοιούτῳ
1110 3308 1197 3363 οὖν
1249 3313 1274 3363 ό
1320 3319 1553 3375 Μωῦσῆς
1603 3312 1796 3386 ἀνοίγει

193 3409 259 3467 ὡς
300 3406 523 3475 ποιμένι,
557 3406 644 3453 καὶ
692 3397 996 3471 εἰσδέχεται
1044 3400 1199 3452 αὐτόν
1244 3400 1315 3463 εἰς
1363 3406 1455 3459 τὴν
1508 3402 1796 3473 ἐπιμελειαν

191 3503 290 3546 τῶν
317 3491 587 3565 προϐάτων
632 3493 699 3552 ὡς
735 3490 1000 3564 γνωρίζων
1031 3489 1204 3546 αὐτόν.
1255 3495 1354 3542 Καὶ
1406 3493 1507 3565 ’γάρ
1575 3492 1797 3566 ἔγραψεν

194 3586 275 3636 ὅτι
303 3582 473 3633 Αὐτοῦ
496 3579 725 3632 ἀκούετε.

265 3676 365 3723 Καὶ
421 3699 487 3711 -
535 3671 732 3722 ἀκούει.
781 3667 1151 3734 ’Υπακο-ἂονσι,
1202 3670 1470 3721 πείθονται
1526 3674 1613 3721 καὶ
1680 3669 1797 3722 ἁκοο

190 3760 486 3812 λονθοῦσιν·
544 3757 953 3828 ἐπιγινώσκουσι
1004 3759 1105 3828 γὰρ
1183 3756 1365 3815 αὐτήν.
1426 3760 1504 3809 Τὰ
1560 3757 1799 3833 πρόϐατα

196 3846 254 3901 δὲ
281 3844 434 3918 εἶπεν,
471 3851 587 3905 ἦτοι
635 3849 699 3898 τὰ
759 3844 962 3906 ἀληθῶς
1012 3844 1269 3919 πρόϐατα,
1302 3848 1367 3897 τὰ
1412 3846 1536 3908 ἄξια
1590 3852 1799 3918 ποιμαί-

194 3939 392 3991 νεσθαι.
423 3934 623 4007 Ὠσπερ
682 3936 783 4007 γὰρ
843 3935 869 3985 ό
917 3934 1282 4008 εἰσερχόμενος
1322 3931 1417 3986 διὰ
1467 3943 1559 3995 τῆς
1616 3938 1796 4009 θύρας,

195 4026 343 4087 οὗτος
394 4029 589 4097 ποιμὴν
637 4024 769 4076 ἐστι’
830 4023 965 4075 οὕτω
1017 4029 1107 4076 καὶ
1158 4026 1207 4075 οἱ
1259 4032 1349 4084 τῆς
1414 4032 1584 4094 φωνῆς
1639 4024 1799 4077 αὐτοῦ

199 4113 487 4179 ἀκούοντες,
543 4116 611 4175 ὡς
665 4116 883 4183 εἴρηται,
944 4113 1087 4164 οὗτοι
1144 4110 1383 4187 πρόϐατά
1434 4112 1585 4164 εἰσιν·
1639 4115 1687 4164 οἱ
1743 4110 1801 4166 δὲ

197 4208 265 4277 μὴ
310 4204 473 4265 οὕτως
521 4206 729 4273 ἔχοντες
780 4209 873 4263 τῆς
910 4210 1010 4253 τῶν
1059 4200 1331 4273 προϐάτων
1390 4201 1580 4264 ταξεως
1640 4200 1800 4275 ἀπερ-

198 4294 459 4367 ῥάογησαν.

276 4386 374 4432 Καὶ
436 4410 502 4419 ——
578 4380 692 4432 κατ’
756 4383 931 4452 ὄνομα.
997 4384 1097 4431 Καὶ
1157 4386 1311 4431 τοῦτο
1374 4381 1475 4454 γὰρ
1528 4385 1805 4455 γνώρισμα

200 4473 458 4541 ποιμένος,
520 4474 614 4526 τὴν
686 4469 759 4529 εἰς
820 4470 1037 4521 ἕκαστον
1086 4466 1346 4542 πρόϐατον

200 4554 329 4610 τίδα
360 4555 571 4616 δηλοῦν.
605 4557 679 4609 Οῦ
722 4560 823 4629 γὰρ
864 4554 924 4607 ἂν
954 4555 1089 4609 αὐτα
1132 4556 1342 4609 καλέσοι
1371 4558 1485 4609 κατ’
1518 4560 1695 4630 ὄνομα,
1730 4564 1800 4631 μὴ

200 4649 466 4719 γνωρίζων
505 4646 721 4698 ἕκαστον
750 4644 996 4718 ἀκριϐῶς,
1058 4644 1113 4696 ἐκ
1166 4653 1255 4706 τῆς
1286 4646 1353 4707 εἰς
1382 4647 1599 4699 ἕκαστον
1647 4649 1806 4720 ἄκρας

204 4731 501 4808 φροντίδος.

277 4860 325 4894 ³⁵
358 4858 512 4916 Psal.
544 4874 693 4925 xcw,
725 4864 783 4918 7.
913 4860 961 4896 “
995 4858 1197 4916 Mauh-
1229 4876 1323 4927 XV,
1356 4863 1415 4917 9-

1904 3238 2219 3292 anagogen
2252 3224 2436 3277 Moses
2468 3228 2612 3286 erat,
2646 3230 2709 3278 ut
2738 3225 2831 3277 cui
2862 3225 3216 3281 concreditae
3272 3232 3411 3281 sunt
3470 3227 3557 3281 di-

1905 3312 2058 3367 vinae
2080 3313 2258 3381 leges.
2289 3311 2407 3366 Tali
2426 3327 2567 3381 ergo
2593 3315 2780 3368 Moses
2800 3314 3007 3378 aperit,
3036 3319 3091 3368 et
3112 3314 3189 3369 ad
3216 3315 3419 3370 ovium
3452 3331 3556 3371 cu—

1906 3417 2032 3457 ram
2076 3401 2350 3466 admittit,
2385 3406 2587 3469 utpote
2618 3416 2985 3471 cognoscens
3017 3418 3171 3458 eum.
3226 3402 3471 3476 Scripsit
3507 3406 3554 3439 ³⁷

1906 3491 2086 3555 enim,
2132 3495 2195 3545 ut
2223 3506 2363 3545 eum
2407 3490 2679 3545 audirent
2718 3490 2817 3562 (r).

1978 3667 2137 3722 Vers.
2168 3671 2218 3723 3.
2247 3667 2323 3723 Et
2362 3698 2430 3707 —
2458 3668 2731 3723 audiunt.
2767 3667 3076 3733 Obediunt,
3109 3674 3336 3740 parent,
3374 3686 3443 3727 ac
3474 3689 3560 3728 se-

1904 3762 2172 3828 quuntur
2199 3771 2211 3809 :
2241 3761 2577 3825 agnoscunt
2606 3756 2765 3810 enim
2797 3757 2978 3811 illam.
3035 3759 3181 3813 Oves
3224 3765 3421 3815 autem
3475 3762 3561 3816 di-

1906 3845 2000 3909 xit,
2033 3860 2134 3899 eos
2183 3843 2471 3908 videlicet,
2520 3845 2621 3916 qui
2676 3861 2811 3900 vere
2864 3861 3007 3901 oves
3072 3852 3228 3913 sunt,
3293 3848 3457 3917 digni
3499 3856 3561 3905 ut

1906 3941 2249 4006 pascantur.
2283 3937 2428 3988 Nam
2461 3935 2608 3987 sicut
2636 3935 2739 4005 qui
2794 3950 2900 4006 per
2948 3940 3165 3991 ostium
3219 3936 3417 4007 intrat,
3462 3938 3559 3993 hic

1910 4028 2113 4093 pastor
2141 4027 2245 4086 est,
2278 4023 2358 4077 ita
2410 4029 2464 4077 et
2495 4022 2596 4093 qui
2627 4038 2830 4077 vocem
2886 4023 3014 4093 ejus
3073 4024 3343 4090 audiunt,
3382 4033 3442 4081 ut
3479 4026 3562 4082 di-

1909 4116 2069 4165 ctum
2101 4116 2210 4177 est,
2244 4111 2301 4165 hi
2329 4127 2469 4167 oves
2494 4116 2651 4177 sunt;
2674 4112 2776 4184 qui
2805 4128 2944 4167 vero
2967 4128 3088 4168 non
3116 4114 3199 4169 ita
3227 4130 3289 4169 se
3316 4114 3559 4183 habent,

1911 4200 1987 4255 ab
2029 4200 2231 4256 ovium
2263 4201 2472 4257 ordine
2504 4200 2691 4257 avulsi
2736 4207 2894 4256 sunt.

1983 4378 2128 4433 Vers
2162 4382 2212 4433 3.
2246 4379 2312 4433 Et
2342 4410 2411 4418 —
2451 4379 2827 4435 nominatim.
2888 4380 3077 4435 Etiam
3150 4380 3264 4435 hoc
3311 4382 3566 4451 pastoris

1438 4468 1600 4540 ἄκραν
1658 4489 1789 4543 φρονε

1915 4468 2152 4535 :Tgnum
2176 4471 2282 4533 est,
2313 4471 2599 4539 cujusque
2622 4474 2693 4535 (ε)
2719 4469 2848 4522 ovis
2877 4468 3219 4539 diligentem
3254 4469 3567 4524 ostendere

1916 4573 2150 4611 curam:
2177 4572 2369 4627 neque
2388 4556 2545 4610 enim
2567 4556 2695 4611 illas
2720 4562 2893 4610 vocat
2916 4556 3293 4619 nominatim,
3316 4557 3417 4627 qui
3454 4558 3569 4611 sin-

1918 4646 2088 4717 gulas
2119 4644 2426 4715 diligenter
2457 4659 2576 4699 non
2595 4644 2886 4714 agnoscit,
2913 4644 2991 4699 ob
3014 4659 3313 4699 summam
3334 4645 3406 4699 de
3428 4661 3568 4701 una-

1917 4750 2159 4807 quaque
2184 4749 2413 4789 curam.

1556 4862 1598 4895 ⁶⁷
1631 4860 1800 4918 Deut.
1833 4876 1997 4932 xvui,
2035 4862 2118 4915 t5.

1412 5034 1635 5106 Variae
1681 5038 2009 5106 lectiones
2063 5045 2129 5105 et
2161 5044 2363 5103 notae.

279 5241 297 5305 (
308 5238 358 5311 5)
388 5239 486 5311 Hic
508 5235 740 5311 semina
754 5238 1117 5311 sparguntur
1133 5236 1541 5311 corruptionis
1568 5252 1738 5292 versu
1759 5238 1810 5292 8.

211 5304 502 5378 Quoniam
519 5308 677 5364 enim
702 5304 901 5380 Patres
914 5304 1027 5362 hoc
1045 5322 1113 5363 ex
1124 5304 1426 5380 plicabath
1442 5309 1513 5380 de
1529 5306 1816 5380 imposto-

209 5383 400 5447 ribus,
433 5380 536 5452 qui
568 5386 703 5435 ante
734 5378 1029 5452 Christum
1060 5383 1363 5447 venerant,
1395 5379 1532 5436 ideo
1572 5378 1744 5436 versu
1782 5381 1816 5434 8

206 5449 605 5516 inculcarunt,
638 5454 738 5525 πρὸ
765 5449 909 5524 ἑμοῦ.

283 5575 360 5649 (r)
399 5576 470 5633 Ut
501 5591 651 5642 eum,
684 5581 795 5634 etc.
838 5575 987 5649 Eum
1027 5576 1248 5649 audite.

2000 5237 2077 5307 (6)
2118 5234 2451 5308 Καθάπτεται
2483 5231 2836 5308 plerumque
2866 5232 3062 5290 dicere
3093 5231 3257 5308 solet.
3288 5233 3402 5308 Shed
3458 5234 3574 5308 hoc

1926 5305 2162 5380 quoque
2193 5306 2328 5380 ferri
2362 5305 2936 5380 potésirrapaéwlwtaﬂat
2965 5310 3056 5361 est
3076 5305 3240 5377 apud
3290 5305 3577 5365 Galerium

1927 5378 1986 5435 in
2020 5378 2238 5434 Glossis
2271 5394 2330 5449 p.
2364 5381 2450 5446 88,
2486 5378 2619 5433 edit.
2656 5378 2855 5449 Steph.

2001 5450 2079 5523 (7)
2118 5448 2437 5505 Hentenius
2468 5450 2694 5507 videtur
2726 5448 2956 5521 legisse,
2989 5448 3111 5511 οἷος.
3142 5520 3156 5554 ‘

284 5645 360 5718 (ε)
401 5649 724 5718 Cujusque,
756 5653 865 5703 etc.
908 5647 1281 5717 Singularem
1316 5647 1375 5704 in
1407 5648 1668 5720 singulas
1697 5663 1837 5705 oves
1866 5645 2189 5704 ostendens
2221 5660 2448 5705 curam.

496 5744 731 5802 ΡΑτειοι..
764 5744 869 5802 Gn.
913 5743 1159 5804 CXXIX.

3245 5744 3311 5814 li
