4120 6310
503 295 638 356 1319
1809 300 2139 366 EUTHYMIJ

2249 293 2559 368 AGABENI
3745 298 3898 367 1320

501 427 606 499 qui
625 443 744 483 non
769 421 988 495 vident,
1022 427 1136 485 hoc
1162 434 1268 495 est,
1298 431 1394 503 qui
1412 429 1757 502 judicantur
1788 433 1928 489 caeci
1955 438 2139 490 mente

2265 437 2449 506 φησὶν,
2519 435 2630 490 Ίνα
2675 439 2723 490 οἱ
2788 443 2858 510 μὴ
2930 437 3220 511 βλέποντες,
3295 441 3456 510 ἤγουν
3533 439 3583 490 οί
3660 433 3894 490 δοκοῦνο

503 522 746 588 propter
759 518 1192 588 Scripturarum
1227 519 1644 589 ignorantiam,
1674 522 1771 578 hic
1802 522 2046 580 videant
2069 523 2139 579 lu-

2263 542 2348 584 τες
2399 525 2579 598 τυφλοὶ
2631 529 2718 579 τόν
2772 535 2889 578 νοῦν
2947 534 3010 600 τῇ
3090 527 3271 601 ἀγνοίᾳ
3330 536 3430 580 τῶν
3487 532 3724 601 Γραφῶν,
3792 525 3895 577 οὖ-

504 620 644 660 men
673 605 940 662 veritatis
971 609 1192 678 apertis
1221 610 1432 664 animae
1473 627 1682 667 eorum
1729 611 1936 679 oculis,
1965 612 2043 668 ab
2083 629 2139 668 ea

2263 633 2342 666 τοι
2377 613 2615 687 βλέπωσι
2667 619 2726 668 τὸ
2768 624 2872 688 φῶς
2913 625 3002 677 τῆς
3050 615 3312 682 ἀληθείας,
3366 614 3733 688 διανοιγέντων
3789 614 3895 666 αὐ·-

501 709 636 764 quae
664 694 723 748 in
750 711 841 749 me
871 701 960 750 est
991 695 1124 751 ﬁde.
1162 697 1270 762 Qui
1295 703 1498 754 autem
1545 699 1916 771 perspicaces
1949 701 2139 756 viden.

2266 711 2373 765 τοῖς
2403 712 2502 755 τῶν
2530 703 2778 776 ψυχικῶν
2811 705 3082 778 ὀφθαλμῶν
3110 708 3208 759 ὑπὸ
3238 715 3330 768 τῆς
3362 706 3434 768 εἰς
3480 705 3568 778 ἐμὲ
3607 709 3846 765 πίστεως
3867 718 3884 733 ⁸

501 787 597 838 tur
637 789 876 854 propter
907 784 1346 855 Scripturarum
1379 788 1673 855 notitiam,
1707 789 1766 843 hi
1796 789 1992 860 potius
2040 805 2139 844 nor

2265 792 2414 845 αὐτοὶ
2442 791 2500 846 δὲ
2521 796 2568 846 οί
2587 791 2856 856 δοκοῦντες
2885 791 3184 870 ὀξυδερκεῖς
3207 804 3268 868 τῇ
3294 801 3483 866 γνώσει
3506 803 3606 848 τῶν
3630 799 3881 865 Γραφῶν,

502 870 758 937 videant,
786 873 1008 929 clausis
1042 890 1248 930 eorum
1277 877 1654 933 interioribus
1685 879 1874 933 oculis
1902 878 1982 934 ab
2023 877 2139 934 inﬁ-

2263 882 2405 933 οὗτοι
2435 882 2620 954 μᾶλλοι
2647 888 2719 956 μὴ
2754 883 3009 956 βλέπωσι,
3051 887 3327 958 μυσάντων
3356 884 3530 944 αὐτοῖς
3574 891 3677 936 τῶν
3724 879 3880 934 ἔνδον

501 959 755 1016 delitate.

570 1049 898 1106 Dictionem
931 1067 1069 1108 vero
1108 1058 1188 1119 ut,
1227 1068 1422 1126 neque
1446 1055 1542 1110 hic
1573 1060 1804 1127 oportet
1833 1056 2154 1127 intelligere

499 1139 834 1205 causaliter;
855 1156 976 1195 non
993 1142 1152 1197 enim
1171 1144 1542 1214 propter,hoc
1557 1145 1738 1211 venit,
1759 1149 1818 1201 ut
1833 1146 1938 1216 qui
1953 1145 2153 1202 vident

499 1229 641 1284 caeci
677 1229 847 1297 ﬁant,
895 1231 1412 1300 quemadmodum
1448 1233 1628 1289 etiam
1650 1233 1724 1289 de
1759 1236 1912 1299 ut,in
1935 1251 2155 1305 praece-

498 1317 771 1372 dentibus
795 1317 1286 1388 signiﬁcavimus,
1314 1323 1419 1377 sed
1438 1325 1598 1395 quod
1623 1322 1801 1379 futuri
1831 1325 1903 1378 sit
1928 1323 2154 1392 signiﬁ-

498 1408 710 1472 cativa;
763 1408 1043 1474 futurum,
1068 1410 1277 1481 inquit,
1313 1417 1417 1477 est,
1457 1420 1520 1467 ut
1553 1413 1654 1484 qui
1678 1428 1798 1468 non
1830 1413 2030 1468 vident
2075 1414 2154 1469 vi-

2263 971 2536 1044 ὀφθαλμῶν
2567 973 2667 1044 ὑμὸ
2700 972 2972 1036 ἀπιστίας.

2337 1059 2614 1114 Κάνταῦθα
2667 1059 2725 1115 δε
2764 1065 2821 1114 τό
2878 1064 2960 1114 ἵνα
3026 1063 3083 1116 ού
3131 1069 3242 1136 χρὴ
3296 1072 3426 1116 νοεῖν
3483 1062 3868 1132 αἰτιολογικόν,

2264 1149 2338 1202 Ού
2387 1153 2485 1222 γὰρ
2538 1147 2631 1203 διὰ
2699 1159 2852 1204 τοῦτο
2893 1149 3058 1217 ἦλθεν,
3119 1155 3202 1205 ἱνα
3253 1155 3301 1206 οἱ
3356 1151 3632 1225 βλέποντες
3687 1151 3874 1223 τυφλοί

2259 1244 2528 1310 γένωνται,
2586 1239 2714 1293 ἀλλὰ
2771 1239 3062 1300 δηλωτικὸν
3110 1250 3202 1295 τοῦ
3263 1243 3552 1315 μέλλοντος,
3610 1243 3695 1293 ὃτι
3751 1240 3874 1312 με’).-

2259 1328 2437 1381 λουσιν
2495 1331 2544 1382 οἰ
2595 1334 2666 1401 μὴ
2734 1328 3002 1401 βλέποντες
3056 1330 3282 1404 βλέπειν,
3339 1336 3424 1384 καὶ
3476 1333 3524 1383 οἱ
3589 1328 3878 1403 βλέποντες

2259 1418 2600 1491 τυφλοῦσθαι,
2647 1421 2712 1480 ὡς
2763 1425 2852 1473 καὶ
2893 1420 3232 1496 προλαϐόντες
3279 1426 3396 1495 περὶ
3445 1427 3536 1474 τοῦ
3595 1421 3680 1472 ἶνα
3736 1439 3877 1493 παρ-

496 1495 697 1562 deant,
732 1499 783 1551 et
804 1496 908 1567 qui
932 1497 1124 1554 vident
1155 1499 1288 1554 caeci
1325 1501 1498 1568 ﬁant.

568 1587 700 1650 Aut,
725 1587 790 1640 In
807 1587 1106 1654 judicium
1129 1603 1232 1658 ego
1250 1591 1311 1644 in
1341 1590 1623 1645 mundum
1640 1590 1791 1659 veni,
1821 1592 1930 1646 hoc
1956 1589 2150 1661 est,ad

495 1675 981 1741 discernendum,
1015 1677 1088 1733 ad
1115 1679 1554 1749 separationem
1573 1679 1789 1734 horum
1818 1678 1897 1734 ab
1927 1678 2064 1745 illis,
2085 1685 2149 1734 ut

495 1770 784 1837 appareat
806 1766 889 1837 (q)
912 1767 967 1821 in
995 1767 1086 1823 his
1106 1767 1339 1838 quidem
1360 1773 1705 1839 prospectus
1730 1767 1930 1823 libera;
1949 1768 2139 1825 volun-

2259 1779 2450 1828 τούτων
2481 1796 2534 1830 τε
2575 1775 2842 1843 κάκείνων,
2891 1778 2974 1829 ἱνα
3013 1785 3141 1850 φανῇ
3198 1787 3297 1830 τῶν
3339 1781 3429 1851 μὶν
3482 1779 3512 1836 ἠ
3555 1777 3606 1841 ἐξ

495 1857 655 1925 tatis,
687 1872 818 1929 quae
838 1871 874 1911 a
898 1857 1164 1910 bonitate
1183 1857 1482 1927 procedit;
1517 1858 1576 1911 in
1598 1857 1726 1912 aliis
1757 1872 1900 1913 vero
1933 1857 2148 1913 mentis

496 1947 833 2012 excaecatio,
867 1961 1003 2017 quae
1034 1961 1069 2000 a
1096 1945 1326 2000 malitia
1351 1946 1676 2014 egreditur.

566 2036 727 2091 Vers.
753 2037 842 2090 40.
875 2037 1026 2090 Et—
1055 2051 1136 2089 eo.
1163 2035 1268 2099 Qui
1293 2034 1596 2106 quondam
1625 2033 1858 2091 fuerant
1886 2051 2025 2091 cum
2057 2051 2142 2100 eo,

491 2125 869 2199 postmodum
889 2130 1087 2180 autem
1103 2122 1358 2194 separati
1375 2128 1671 2187 erant,aut
1687 2121 1790 2194 qui
1806 2130 1945 2178 tunc
1962 2129 2144 2179 erant.

493 2219 641 2273 Nam
667 2215 916 2288 quidam
938 2212 1215 2268 Pharisaei
1242 2210 1668 2283 sequebantur,
1711 2217 1773 2267 ut
1806 2211 2070 2267 viderent
2090 2217 2148 2268 et

493 2307 784 2376 audirent,
813 2305 960 2376 quid
989 2303 1207 2359 faceret
1236 2316 1307 2356 ac
1358 2301 1714 2371 loqueretur.

563 2397 726 2452 Vers.
753 2375 844 2450 4οζ
875 2394 942 2448 Et
967 2424 1033 2434 —
1059 2405 1257 2448 sumus
1288 2391 1315 2446 ρ
1340 2393 1485 2446 Nam
1505 2375 1658 2444 sicut
1686 2388 1824 2444 alibi
1843 2387 2143 2456 dicebant,

491 2487 714 2545 Nemini
736 2486 1083 2543 servivimus
1109 2496 1388 2553 unquam,
1423 2485 1479 2534 et
1503 2495 1514 2533 :
1544 2479 1598 2534 E
1635 2485 1845 2548 stupro
1865 2479 1997 2534 nali
2025 2495 2143 2534 non

490 2594 692 2634 sumus
712 2579 782 2642 9‘;
811 2577 891 2631 ita
912 2579 968 2630 et
985 2589 1144 2628 nunc
1167 2572 1241 2626 ad
1265 2568 1566 2625 sensibilia
1586 2574 1817 2623 tantum
1843 2566 2145 2623 inhiabant

491 2673 546 2724 et
570 2668 644 2722 de
669 2661 1174 2737 corporalisolum
1223 2659 1484 2716 caecitate
1514 2657 1646 2713 illos
1676 2656 1978 2729 pudebat:
2007 2656 2141 2711 ideo

490 2757 565 2814 de
583 2757 698 2811 hac
717 2756 1104 2822 interrogant,
1125 2753 1575 2820 cognoscentes,
1597 2746 1760 2819 quod
1783 2751 2024 2817 propter
2039 2760 2141 2800 eos

490 2847 683 2902 dictus
710 2848 864 2899 esset
889 2857 1107 2897 sermo.
1795 2865 1802 2871 -

560 2934 722 2990 Vers.
757 2933 844 2987 41.
867 2931 970 2986 Ait
999 2960 1066 2970 —
1087 2933 1416 2998 peccatum.
1450 2927 1525 2980 De
1557 2923 1902 2980 inﬁdelitate
1933 2923 2138 2979 videli-

489 3029 580 3080 cet
620 3039 634 3078 ι
669 3037 810 3078 nam
840 3017 1203 3091 respondere
1245 3014 1500 3087 possetis
1540 3031 1553 3069 :
1609 3013 1739 3068 Non
1774 3012 2034 3067 vidimus
2067 3012 2138 3067 si-

487 3129 630 3185 gna.
1240 3132 1244 3136 '

559 3205 704 3258 Vers
744 3204 831 3256 41.
873 3199 1043 3256 Ναηο
1072 3227 1138 3238 -
1165 3195 1444 3251 videmus.
1478 3192 1594 3248 Vos
1621 3191 1736 3247 hoc
1759 3191 1992 3255 dicitis;
2027 3206 2138 3261 ego

489 3298 687 3351 autem
706 3289 912 3346 non.Si
929 3287 1091 3343 enim
1104 3285 1382 3348 videritis,
1399 3281 1714 3337 crederetis
1728 3297 1873 3336 sane
1890 3281 2136 3336 miracu-

485 3385 559 3441 lis
576 3397 830 3457 quzeego
844 3394 1045 3435 coram
1057 3376 1228 3432 vobis
1251 3389 1484 3445 operor.
1507 3371 1618 3428 Sed
1632 3379 1928 3443 quantum
1943 3370 2018 3425 ad
2034 3386 2140 3441 ap-

485 3473 833 3546 parentiam,
892 3468 1098 3523 videtis
1126 3483 1140 3532 ;
1171 3469 1465 3537 quantum
1520 3477 1653 3516 vero
1684 3461 1761 3516 ad
1806 3461 2133 3528 veritatem,

485 3579 608 3621 non
690 3560 919 3628 videtis,
1009 3560 1201 3613 mente
1287 3551 1582 3608 exetecati.
1659 3552 1832 3606 Juxta
1898 3564 2138 3621 prover-

483 3652 654 3708 bium
686 3663 950 3720 namque
983 3661 1153 3701 mens
1184 3643 1363 3706 videt,
1405 3648 1460 3697 et
1491 3656 1661 3696 mens
1699 3638 1886 3704 audit,
1923 3644 2134 3694 caatera

484 3743 684 3794 autem
715 3735 920 3791 omnia
949 3747 1108 3787 caeca
1147 3732 1286 3783 sunt
1309 3733 1365 3783 et
1395 3726 1598 3780 surda.

559 3827 720 3882 Vers.
750 3828 838 3879 41.
868 3824 1184 3878 Peccatum
1206 3833 1344 3888 ergo
1367 3822 1624 3872 vestrum
1671 3821 1890 3871 manet.
1950 3815 2134 3868 Manet

483 3917 714 3988 absque
738 3913 924 3977 venia;
943 3911 1086 3982 quia
1105 3909 1365 3964 dicentes
1389 3921 1493 3960 vos
1509 3904 1704 3960 videre
1727 3919 1834 3958 nec
1852 3901 2131 3966 videntes,

452 4021 456 4028 ‘
481 4004 808 4062 voluntarie
830 3998 1206 4056 excaecamini
1225 3995 1302 4050 ab
1323 3994 1540 4049 invidia
1567 4001 1623 4049 et
1653 3992 1894 4047 malitia.
1929 3993 2132 4048 Osten-

452 4111 456 4116 '
481 4095 568 4150 dit
595 4109 756 4162 ergo,
790 4089 954 4162 quod
983 4085 1301 4158 corporalis
1323 4083 1507 4149 visus,
1541 4083 1615 4136 de
1640 4098 1762 4153 quo
1785 4081 2128 4149 gloriantur,

478 4184 590 4240 hos
643 4179 1025 4236 condemnat.
1077 4173 1259 4231 Simul
1314 4187 1552 4244 quoque
1583 4186 1744 4239 eum,
1794 4167 1901 4241 qui
1953 4173 2132 4223 antea

480 4287 673 4328 caicus
695 4269 906 4332 fuerat,
927 4265 1066 4321 hinc
1087 4261 1444 4326 consolatur,
1470 4276 1540 4316 ac
1570 4259 1897 4314 ﬁrmiorem
1919 4257 1980 4312 in
2011 4255 2130 4310 ﬁde

479 4360 860 4508 regiltutem
885 4445 1105 4501 dicant:
1134 4445 1262 4499 Non
1291 4439 1511 4496 idcirco
1536 4436 1645 4493 tibi
1673 4452 1788 4492 non
1828 4435 2130 4492 credimus

479 4541 643 4616 quod
667 4554 788 4595 non
809 4537 1146 4599 videamus,
1178 4531 1278 4588 sed
1309 4531 1451 4603 quia
1473 4534 1532 4584 tu
1555 4526 1848 4600 populum
1875 4525 2126 4616 seducis,
2163 4511 2204 4565 Ι)

479 4614 737 4688 ostendit
757 4643 863 4700 per
879 4623 1250 4697 parabolam,
1274 4619 1436 4692 quod
1465 4633 1581 4673 non
1605 4617 1883 4672 seductor
1905 4616 1997 4678 sit,
2023 4614 2130 4670 sed

437 4739 444 4742 '
478 4721 768 4794 pastor.Et
788 4717 1047 4788 primum
1075 4711 1317 4784 quidem
1341 4710 1511 4777 signa
1524 4707 1691 4779 ponit
1717 4702 2043 4794 seductoris
2061 4719 2131 4794 ac

479 4792 842 4880 corruptoris
870 4820 884 4860 :
929 4802 1146 4858 deinde
1188 4802 1620 4869 consequenter
1647 4793 1899 4866 pastoris
1930 4798 1986 4848 et
2013 4792 2131 4848 Sal-

478 4897 718 4962 vatoris,
754 4900 819 4951 ut
842 4911 914 4950 ex
939 4891 1033 4949 his
1072 4895 1465 4962 cognoscatur
1496 4891 1687 4943 utrum
1729 4884 2005 4940 seductor
2034 4882 2127 4947 sit,

478 5005 558 5048 an
581 4993 807 5062 pastor.

544 5132 599 5171 “
640 5133 817 5191 Joan.
864 5144 981 5196 vin,
1016 5129 1107 5186 33.

2260 1510 2715 1581 εσημειωσάμεθα.

2330 1597 2420 1666 Ἦ,
2472 1598 2556 1658 Εἰς
2606 1605 2772 1670 κρῖμα
2831 1597 2930 1670 ἐγὼ
3003 1598 3073 1662 εἰς
3143 1604 3230 1652 τὸν
3308 1604 3504 1672 κόσμον
3565 1606 3750 1652 τοῦτον
3784 1596 3872 1667 (3)

2260 1683 2433 1756 ἦλθον,
2495 1686 2604 1740 ἀντὶ
2661 1695 2773 1750 τοῦ,
2837 1689 2908 1750 εἱς
2973 1685 3242 1760 διάκρισιν
3324 1695 3416 1742 καὶ
3486 1685 3871 1762 διαχωρισμὸν

3659 1776 3834 1848 ἁγαθῆ
3847 1797 3872 1838 ς

2259 1869 2608 1940 προαιρέσεως
2635 1864 2933 1937 ἀνάϐλεψις,
2982 1875 3082 1918 τῶν
3114 1863 3174 1919 δὲ
3203 1869 3233 1925 ἠ
3276 1865 3332 1918 ἐκ
3376 1873 3600 1941 πονηρᾶς
3646 1871 3872 1938 γνώμης

2261 1953 2644 2028 ἀποτύφλωσις.

2332 2049 2432 2097 Καὶ
2486 2075 2558 2086 -
2615 2044 2796 2097 αὐτοῦ.
2857 2045 2924 2098 Οἱ
2953 2064 3078 2098 ποτε
3125 2049 3259 2106 ὄντες
3307 2045 3420 2118 μετ’
3471 2045 3653 2110 αὐτοῦ,
3709 2045 3874 2101 ὕστε-

2257 2153 2345 2209 ρον
2399 2131 2459 2186 δὲ
2516 2132 2850 2206 ἀποστάντες,
2925 2139 2956 2193 ἦ
3023 2137 3072 2188 οἱ
3145 2139 3284 2198 ὄντες
3353 2142 3663 2193 τηνικαῦτα.
3722 2141 3872 2199 Τινὲς

2257 2225 2358 2294 γὰρ
2402 2229 2680 2296 Φαρισαῖοι
2725 2229 3038 2297 παρείποντο
3084 2222 3354 2296 βλέποντες
3395 2228 3485 2275 καί
3511 2221 3787 2286 ἀκούοντες
3818 2231 3870 2278 τί

2257 2310 2397 2355 ποιεῖ
2423 2309 2511 2355 καὶ
2536 2303 2697 2358 λαλεῖ.

2332 2397 2431 2445 Καὶ
2483 2423 2551 2432 -
2603 2391 3025 2468 ίσμενςὨσπερ
3108 2392 3346 2464 ἀλλαχοῦ
3402 2391 3604 2464 ἔλεγονο
3667 2391 3869 2448 Οὐδενὶ

2259 2478 2669 2554 δεδουλεύκαμεν
2741 2488 2948 2535 πώποτε
2980 2499 2994 2513 ⁶
3049 2487 3161 2551 καὶ,
3211 2483 3300 2534 Ἐκ
3357 2486 3597 2556 πορνείας
3659 2483 3720 2534 οῦ
3780 2503 3868 2554 γε-

2252 2573 2573 2643 γεννήμεθα·
2605 2571 2740 2623 οὕτω
2809 2576 2899 2624 καὶ
2950 2579 3040 2623 νῦν
3116 2575 3242 2644 πρὸς
3321 2574 3386 2624 τὰ
3456 2571 3692 2629 αἰσθητὰ
3778 2593 3864 2626 κε-

2251 2665 2454 2733 χῄνασι
2505 2666 2677 2734 μόνον,
2738 2667 2827 2714 καὶ
2885 2666 2977 2721 τὴν
3033 2665 3336 2734 σωματικὴν
3383 2661 3643 2733 τύφλωσιν
3711 2661 3861 2714 ἔπαι-

2255 2753 2556 2822 σχύνονται.
2592 2754 2679 2804 Διὸ
2699 2755 2819 2824 περὶ
2848 2753 3044 2813 ταύτης
3065 2749 3296 2824 ἐρωτῶσι
3319 2755 3520 2823 γνόντες
3549 2751 3630 2802 ὅτι
3659 2758 3752 2803 καί
3780 2748 3817 2804 δ
3820 2753 3858 2803 ι’

2252 2840 2440 2901 αὐτοὺς
2465 2843 2668 2913 εἰρηται
2698 2841 2723 2890 ό
2753 2839 2919 2911 λόγος.

2322 2917 2472 2973 Εἶπεν
2502 2952 2570 2960 -
2601 2920 2880 2992 ἁμαρτίαν.
2911 2949 2980 2963 -
3005 2920 3112 2972 Οὐκ
3141 2919 3200 2972 ἂν
3231 2923 3396 2992 εἶχετε
3434 2917 3719 2995 ἁμαρτίαν,
3766 2919 3848 2973 ἐπὶ

2250 3016 2312 3080 τῇ
2352 3007 2574 3080 ἀπιστίᾳ
2603 3005 2846 3066 δηλονότι
2869 3024 2882 3038 ο
2916 3008 3006 3060 καί
3034 3011 3135 3084 γὰρ
3180 3005 3450 3067 ἠδύνασθε
3480 3008 3842 3081 ἀπολογεῖσθαι

2178 3137 2219 3194 C
2251 3099 2327 3150 ὅτι
2359 3097 2470 3149 Ούκ
2502 3097 2796 3173 ἑωράκαμεν
2827 3100 2894 3150 τὰ
2928 3105 3140 3169 σημεῖα.

2318 3193 2426 3241 Νῦν
2484 3217 2548 3229 —-
2599 3185 2876 3259 βλέπομεν.
2932 3185 3101 3259 Ὑμεῖς
3152 3193 3304 3239 τοῦτο
3360 3186 3554 3259 λέγετε,
3626 3185 3720 3257 ἄγω
3774 3181 3835 3238 δι

2248 3278 2333 3332 οὔ.
2368 3275 2428 3329 Εἰ
2467 3279 2569 3350 γὰρ
2629 3275 2878 3345 ἐϐλέπετε,
2937 3278 3249 3341 ίπιστεύετε,
3309 3274 3369 3327 ἃν
3424 3277 3501 3338 οἷς
3560 3275 3849 3348 ἐργάζομαι

2250 3367 2512 3437 θαύμασιν
2560 3364 2772 3417 ἐνώπιον
2824 3367 2987 3438 ὑμῶν.
3049 3365 3204 3419 Ἀλλὰ
3254 3374 3325 3436 τῷ
3377 3361 3548 3418 δοκεῖν
3586 3369 3678 3437 μὲν
3735 3365 3856 3438 βλέ-

2246 3473 2382 3519 πετε,
2412 3462 2474 3526 τῇ
2509 3451 2568 3506 δὲ
2595 3453 2813 3526 ἀληθείᾳ
2837 3454 2896 3506 ού
2929 3453 3143 3526 βλέπετε
3171 3453 3544 3527 τετυφλωμένοι
3589 3457 3677 3506 τὸν
3707 3463 3855 3510 νοῦν.

2248 3545 2390 3595 Κατὰ
2418 3547 2516 3616 γὰρ
2545 3549 2637 3602 τὴν
2667 3548 2947 3617 παροιμίαν
2990 3551 3109 3605 νοῦς
3146 3544 3224 3616 (4)
3255 3545 3353 3618 ὁρᾴ
3380 3549 3470 3596 καὶ
3498 3551 3617 3606 νοῦς
3647 3543 3853 3597 ἀκούει·

2243 3635 2310 3684 τὰ
2331 3629 2380 3685 δ’
2409 3632 2536 3685 ἄλλα
2562 3634 2731 3686 πάντα
2755 3632 2925 3706 τυφλά
2951 3637 3041 3685 καὶ
3070 3635 3236 3708 κωρά.

2313 3808 2370 3863 Ἠ
2450 3807 2538 3864 οὖν
2614 3810 2847 3886 ἁμαρτία
2913 3811 3055 3884 ὑμῶν
3123 3829 3282 3884 μενει.
3357 3814 3508 3865 Μένει
3580 3811 3855 3885 ἀσύγγνωο

2247 3918 2384 3967 στος,
2429 3897 2591 3972 διότι,
2645 3900 2876 3972 λέγοντες
2933 3898 3162 3973 βλέπειν,
3211 3901 3271 3953 οῦ
3333 3899 3566 3973 βλέπετε,
3619 3899 3847 3955 ἐθελοτυ-

2243 3990 2549 4062 φλωττοντες
2605 3993 2704 4043 ὑπὸ
2758 3993 2945 4062 φθόνου
2997 3995 3088 4043 καὶ
3143 3995 3413 4064 πονηρίας.
3481 3987 3693 4053 Ἐδειξε
3747 4001 3854 4044 τοί-

2240 4099 2328 4131 νυν
2373 4082 2453 4132 ὃτι
2500 4081 2531 4138 ἠ
2585 4084 2859 4150 σωματικὴ
2921 4080 3121 4151 ὅρασις,
3174 4077 3248 4152 ἐφ’
3388 4079 3851 4151 μεγαλαυχοῦσιν,

2242 4169 2372 4227 αύτὴ
2423 4171 2640 4230 τούτους
2693 4163 3061 4228 καταδικάζει.
3110 4166 3254 4239 Ἀμα
3311 4163 3371 4220 δε
3438 4173 3530 4220 καὶ
3583 4172 3668 4220 τόν
3727 4175 3850 4243 πρὶν

2239 4256 2424 4328 τυφλόν
2450 4255 2680 4308 ἐντεῦθεν
2701 4258 3130 4329 παρεμυθήσατο,
3158 4260 3248 4309 καὶ
3278 4254 3607 4331 βεϐαιότερον
3637 4255 3712 4318 εἰς
3753 4261 3849 4314 τὴν

2239 4351 2420 4398 πίστιν
2452 4347 2829 4420 ἀπειργάσατο.

2307 4439 2418 4486 Ἵνα
2483 4430 2542 4486 δε
2597 4439 2669 4506 μή
2721 4437 2934 4487 εἴπωσιν
3009 4435 3088 4487 ὅτι
3142 4433 3252 4487 Ούκ
3304 4435 3373 4497 ὦς
3439 4434 3498 4486 ού
3570 4432 3847 4507 βλέποντες

2240 4522 2578 4595 ἀπιστοῦμεν,
2620 4521 2725 4575 ἀλλ’
2775 4526 2845 4584 ὡς
2882 4523 3172 4586 πλανῶντός
3227 4543 3322 4576 σου
3377 4526 3466 4576 τὸν
3517 4522 3657 4588 λαόν,
3719 4521 3846 4575 ἀπο-

2242 4611 2466 4666 δεικνύει
2543 4609 2637 4665 διά
2692 4611 2996 4688 παραϐολῆς
3049 4614 3129 4666 ὅτι
3177 4612 3272 4665 οὐκ
3321 4615 3432 4664 ἔστι
3481 4612 3667 4673 πλάνος
3717 4612 3844 4664 ἀλλὰ

2239 4706 2454 4775 ποιμήν.
2517 4707 2618 4755 Καὶ
2676 4711 2878 4774 πρῶτον
2959 4706 3050 4775 μὲν
3119 4703 3307 4761 τίθησι
3377 4705 3444 4754 τὰ
3501 4706 3841 4774 γνωρίσματα

2244 4800 2332 4844 τοῦ
2370 4791 2563 4844 πλάνου
2597 4795 2686 4844 καὶ
2727 4791 3005 4865 λυμεῶνος,
3037 4791 3150 4844 εἶτα
3196 4790 3416 4854 καθεξῆς
3470 4794 3538 4843 τὰ
3589 4798 3682 4843 τοῦ
3731 4809 3844 4842 ποι-

2238 4885 2387 4955 μένος
2411 4885 2500 4933 καὶ
2528 4888 2780 4954 Σωτῆρος,
2823 4883 2906 4934 ἵνα
2934 4880 3022 4934 ἀπ’
3066 4881 3234 4934 αὐτῶν
3283 4882 3496 4955 γνῶσθῇ
3529 4883 3628 4934 εἴτε
3659 4880 3848 4943 πλάνος

2240 4969 2379 5025 ἐστίν
2405 4973 2506 5024 εἶτε
2529 4974 2754 5044 ποιμήν,

1695 5217 1922 5288 Variae
1962 5217 2285 5287 lectiones
2310 5225 2599 5285 etnotae.

550 5430 824 5575 Χεόζῗοῦιόν
881 5421 1050 5482 abest
1108 5421 1175 5476 A.

550 5502 605 5574 (4
669 5504 749 5556 De
777 5500 890 5554 hoc
921 5494 1175 5568 proverb

669 5504 749 5556 De
777 5500 890 5554 hoc
921 5492 1237 5568 proverbio
1268 5489 1406 5548 vide
1436 5487 1776 5545 Fischerum
1804 5486 1879 5544 ad
1915 5486 2144 5544 Platon.
2165 5483 2451 5542 Phaedon.
2484 5500 2547 5558 p.
2588 5483 2714 5541 269.

547 5681 629 5754 (q)
674 5674 1088 5754 Ut__appareat,
1142 5676 1252 5728 etc.
1300 5667 1369 5728 Ut
1399 5659 2292 5754 appareatkal-iorum“quidem
2331 5680 2400 5722 ex
2433 5674 2734 5738 propensa
2771 5657 2852 5720 ad
2907 5658 3136 5720 bonum
3184 5658 3489 5719 voluntate
3539 5659 3854 5722 restitutus

425 5761 433 5768 '
473 5737 663 5824 risus,
696 5737 956 5810 aliorum
982 5749 1185 5804 autem
1211 5759 1284 5804 ex
1310 5737 1526 5805 mentis
1555 5741 1844 5816 pravitate
1875 5737 2132 5801 caecitas.
