4120 6310
156 344 285 408 1321
1158 308 1530 391 COMMENT.
1579 340 1650 395 [Ν
1682 341 1783 397 101

1888 342 2021 399 “SM.
2068 374 2127 382 —
2173 342 2326 397 CAP.
2372 342 2438 399 X.
3380 349 3515 405 i322

228 477 392 547 Ἀμὴν
486 502 557 512 -
652 470 864 543 λῃστής.
952 464 1313 539 Ἀνασγωγικῶς
1400 462 1573 537 θύραν
1666 471 1834 539 μενΑ

1935 468 2079 540 Cap.
2135 470 2191 523 Χ.
2234 470 2391 525 Vers.
2428 474 2474 524 1.
2508 470 2691 527 Amen
2725 503 2790 512 —
2832 472 3002 528 latro.
3049 472 3384 544 Anagogice
3423 475 3517 531 hic

154 572 366 635 νοοῦμεν
441 560 661 612 ἕνταῦοα
728 563 846 620 τοὺς
910 562 1117 631 νόμους,
1170 556 1288 613 ἦτοι
1360 554 1453 615 τὰς
1524 559 1752 628 Γραφάς,

1888 570 1965 610 ›θι’
1991 556 2207 611 ostium
2240 556 2622 627 intelligimus
2650 558 2833 628 leges,
2864 560 2988 614 sive
3038 560 3388 632 Scripturas,
3446 578 3515 619 eo

159 651 254 707 διὰ
300 655 357 703 τό
405 649 630 719 εἰσάγειν
676 649 747 709 εἰς
796 649 1120 719 θεογνωσίαν,
1178 649 1267 696 xui
1315 641 1602 697 ἀτοκλείείν
1650 652 1756 697 πᾶ-

1889 645 2021 715 μιοᾱ
2059 646 2134 700 ad
2168 646 2267 700 Dei
2307 648 2706 717 cognitionem
2738 648 3044 714 inducant,
3085 653 3139 704 et
3201 652 3516 708 transitum

160 761 257 794 σαν
304 741 440 791 κατὰ
467 746 562 798 τῆς
609 735 870 796 εὐσεϐείας
917 733 1146 810 πάροδον
1195 730 1301 796 τοῖς
1350 730 1631 808 αἱρετικοῖς
1669 738 1758 786 καὶ

1894 749 2128 803 imnem,
2162 735 2265 806 qui
2297 735 2579 790 adversus
2606 736 2868 791 divinum
2901 737 3123 793 cultum
3154 743 3258 803 est,
3300 740 3521 796 haereti-

157 836 266 889 τοῖς
324 826 561 889 Ἕλλησι,
639 830 728 876 xui
799 824 1070 896 φυλάττειν
1148 827 1229 875 τόν
1301 823 1422 875 λαόν
1493 822 1758 874 ἀνεπιϐού-

1891 824 1950 875 iis
1968 838 2035 877 ac
2050 823 2325 890 gentibus
2345 824 3101 899 excludant,populumque
3122 828 3518 884 adsemonum

156 919 335 971 λευτον
386 924 492 975 τοῖς
541 910 809 985 δαίμοσιν·
864 913 1023 971 αύλήν
1073 908 1261 970 δὲτὴν
1323 912 1611 983 ἐπιμέλειαν
1669 917 1758 963 xui

1894 910 2096 964 nsidiis
2126 912 2484 980 custodiant;
2527 914 2731 968 caulas
2790 929 2945 980 vero,
2980 931 3187 971 curam
3220 932 3288 971 ac
3328 920 3521 987 provi-

157 1011 407 1080 πρόνοιαν
458 1012 556 1057 τῶν
608 1001 867 1077 πρόϐατον
907 1019 920 1033 ⁶
977 1000 1215 1076 πρόϐατα
1265 997 1324 1053 δὲ
1380 1004 1496 1060 τοὺς
1557 1000 1759 1073 Ἰσραη-

1891 1000 2133 1054 tentiam
2151 1000 2367 1065 ovium;
2386 1017 2524 1056 oves
2539 1008 2735 1057 autem
2758 1002 3071 1074 lsraelitas,
3089 1005 3518 1077 pepulumDei.

158 1096 331 1159 λίτας,
404 1098 491 1146 τόν
542 1100 632 1144 τοῦ
707 1098 840 1143 Θεοῦ
885 1091 1023 1145 λαόν.
1086 1090 1258 1161 Ἡμεῖς
1306 1086 1383 1155 δέ,
1442 1093 1594 1160 φησὶ,
1640 1089 1763 1149 λαός

1891 1090 1989 1144 Vos
2006 1089 2701 1162 autem,inquit,populus
2720 1094 2845 1161 ejus
2862 1099 2914 1148 et
2929 1109 3298 1162 ovespascuz
3310 1097 3435 1164 ejus
3450 1097 3518 1149 ⁸⁵.

163 1186 347 1248 αύτού,
415 1187 505 1234 xui
577 1179 816 1255 πρόϐατα
882 1187 1038 1251 νομῆς
1114 1178 1289 1232 αὑτοῦ.
1348 1177 1406 1229 Ὀ
1466 1183 1632 1229 τοίνυν
1688 1184 1757 1247 μὴ

1889 1177 1982 1242 )ui
2011 1193 2151 1246 ergo
2184 1193 2297 1233 non
2340 1193 2444 1249 per
2475 1180 2804 1251 Scripturas
2826 1181 2900 1236 ad
2921 1199 3124 1238 curam
3157 1183 3357 1255 populi
3397 1184 3516 1255 Dei,

164 1272 262 1327 διὰ
291 1282 388 1324 των
420 1277 632 1346 Γραφών
659 1269 730 1331 εἰς
760 1273 847 1326 τὴν
897 1267 1185 1340 ἐπιμῦειαν
1230 1273 1321 1319 τοῦ
1359 1266 1485 1319 λαοῦ
1514 1274 1603 1318 τοῦ
1631 1274 1763 1319 Θεοῦ

1896 1266 2220 1333 ngreditur,
2257 1272 2456 1337 utpote
2487 1282 2606 1323 non
2634 1274 2801 1323 utens
2822 1269 3233 1343 eis,necjuxta
3258 1271 3386 1327 illas
3418 1288 3523 1341 gu-

170 1364 557 1437 εἰσερχόμενος,
613 1361 679 1419 ὡς
734 1363 803 1430 μὴ
883 1363 1153 1431 χρώμενος
1209 1356 1411 1425 αύταῑς,
1458 1352 1595 1427 μηδέ
1650 1355 1764 1406 κατ’

1895 1369 2155 1417 )ernans,
2181 1354 2280 1409 sed
2302 1355 2634 1410 ascendens
2656 1356 2914 1423 aliunde,
2931 1360 3103 1430 quasi
3126 1360 3344 1415 ostium
3370 1367 3522 1415 tran-

166 1452 329 1512 αύτάς
399 1449 812 1519 πολιτευόμενος,
901 1445 1029 1497 ἀλλά
1108 1443 1391 1497 ἀναϐαίνων
1458 1442 1767 1514 ἀλλαχόθεν,

1895 1441 2095 1509 iiliens,
2124 1447 2225 1497 aut
2249 1459 2351 1513 per
2367 1444 2551 1499 alium
2574 1444 2907 1517 irrumpens
2928 1446 3254 1513 introitum,
3283 1448 3377 1503 ille
3400 1466 3522 1506 non

165 1543 239 1602 ὡς
299 1534 615 1611 ύπερπηὸὠν
673 1539 763 1608 μὲν
828 1539 922 1593 τὴν
994 1536 1174 1608 θύραν,
1228 1537 1419 1605 τέμνων
1478 1530 1537 1585 δι
1596 1533 1767 1606 ἑτέραν

1898 1537 2101 1595 )astor,
2132 1530 2233 1585 sed
2268 1531 2359 1586 fur
2399 1538 2483 1587 est
2511 1538 2565 1587 et
2603 1533 2747 1588 latro
2776 1550 2789 1586 :
2819 1534 2910 1589 fur
2939 1535 3209 1607 quidem,
3237 1542 3525 1608 tanquam

175 1626 407 1693 εἴσοδον,
466 1628 654 1687 ἐκεῖνος
710 1624 768 1677 ού
817 1628 1032 1696 ποιμὴν,
1083 1622 1210 1674 ἀλλά
1253 1621 1468 1682 κλέπτης
1515 1620 1628 1673 ἐστὶ
1680 1626 1770 1672 καὶ

1898 1618 2085 1673 volens
2109 1635 2180 1674 ea
2210 1621 2287 1673 ad
2323 1637 2383 1675 se
2414 1621 2699 1687 derivare,
2733 1638 2865 1695 quae
2887 1639 3008 1679 non
3040 1640 3149 1679 sua
3167 1630 3339 1680 sunt:
3375 1625 3525 1683 latro

167 1719 387 1791 λῃστής·
458 1715 676 1774 κλέπτης
734 1716 822 1785 μὲν
870 1716 937 1774 ὡς
995 1710 1302 1783 βουλόμενος
1359 1714 1420 1761 τὰ
1476 1714 1547 1782 μὴ
1606 1729 1770 1783 προσ-

1174 1730 1302 1773 ιενος
1359 1714 1420 1761 τὰ
1476 1714 1547 1782 μὴ
1606 1729 1770 1783 προσ·
1882 1710 2100 1771 autem,
2135 1711 2425 1779 tanquam
2457 1709 2801 1765 devastans.

167 1814 363 1866 ἥκοντα
406 1810 475 1867 εὶς
538 1804 718 1856 ἑαυτὸν
798 1802 1221 1854 ἐπισπάσασθαι·
1303 1799 1495 1872 λῃστὴς
1580 1795 1638 1851 δὲ
1709 1800 1851 1858 ὡςΒ

165 1897 388 1968 λυμεὼν.

242 1988 481 2037 Τοιοῦτοί
536 1982 639 2034 εἰσι
854 1983 954 2053 πρὸ
1022 1978 1180 2030 αὐτοῦ
1254 1980 1342 2050 μὶν
1420 1974 1621 2037 Ἰούδας
1686 1982 1776 2029 καὶ

1956 1975 2308 2046 Hujusmodi
2334 1976 2574 2032 fuerunt
2596 1981 2729 2033 ante
2758 1993 2894 2033 eum
2924 1980 3105 2035 ludas
3146 1984 3201 2035 et
3233 1979 3530 2050 Theudas;

169 2070 401 2138 Θευδᾶς,
458 2071 566 2144 μετ’
625 2070 779 2122 αὑτὸν
838 2065 896 2121 δὲ
926 2071 974 2120 οὶ
999 2064 1389 2141 ψευδόχριστοι
1418 2072 1508 2118 καὶ
1555 2068 1579 2117 ό
1612 2066 1777 2118 Ἀντί-

1905 2072 2016 2120 )ost
2031 2082 2166 2120 eum
2183 2082 2322 2121 vero
2335 2067 2764 2138 pseudochristi
2783 2073 2837 2123 et
2855 2069 3265 2137 Antichristus,
3289 2076 3343 2127 et
3362 2072 3409 2126 si
3430 2076 3532 2146 qui

166 2182 400 2240 χριστός
446 2166 535 2213 καὶ
600 2164 644 2212 εἶ
690 2178 823 2220 τινες
869 2160 1031 2225 ἕτεροι
1088 2158 1288 2209 πλάνοι.
1341 2157 1673 2228 [lupum-arui
1700 2155 1778 2225 (6)

1907 2159 2028 2209 iunt
2065 2154 2162 2210 alii
2209 2156 2576 2212 seductores.
2608 2158 2853 2227 Attingit
2900 2174 3143 2231 quoque
3182 2161 3413 2217 Scribas
3464 2179 3534 2219 ac

168 2250 232 2306 δὲ
282 2257 372 2303 καὶ
423 2258 524 2303 τῶν
585 2252 933 2323 Γραμματέων
985 2251 1073 2297 xui
1148 2249 1465 2319 Φαρισαίων,
1522 2252 1622 2296 τῶν
1701 2240 1780 2295 δι-

1908 2244 2238 2309 )harisaaos,
2267 2246 2365 2315 qui
2384 2245 2671 2301 docebant
2688 2246 3012 2312 doctrinas,
3033 2255 3332 2318 praecepta
3354 2251 3535 2306 homi-

168 2340 480 2395 ὃασκόντων
552 2334 927 2403 διδασκαλίας,
987 2334 1279 2407 ἐντάλματα
1335 2333 1637 2407 ἀνθρώπων,
1691 2338 1779 2385 καὶ

1911 2334 2113 2396 tum“,
2128 2332 2312 2403 legem
2329 2338 2526 2388 autem
2544 2335 3155 2403 transgrediebantur.
3176 2337 3376 2393 Vidisti
3393 2356 3538 2410 quo-

166 2435 263 2484 τόν
292 2435 444 2500 νόμον
475 2426 918 2501 παραϐαινόντων.
954 2420 1101 2485 Εἶδες
1124 2431 1227 2483 πῶς
1266 2422 1531 2496 ὑπέγραψε
1554 2426 1640 2473 τόν
1666 2421 1779 2473 κλέ-

1911 2421 2071 2475 nodo
2088 2420 2300 2485 furem,
2325 2422 2614 2477 latronem
2634 2438 2703 2477 ac
2731 2423 3108 2479 seductorem
3131 2425 3538 2497 descripserit?

167 2539 310 2576 πτην
360 2522 449 2569 καὶ
504 2521 593 2567 xui
648 2515 848 2588 λῃστὴν
900 2517 987 2565 xui
1037 2512 1267 2578 πλάνον;
1322 2516 1507 2563 Σκόπει
1562 2515 1780 2562 καὶτοῦ

1913 2509 2201 2566 :onsidera
2224 2510 2400 2566 etiam
2417 2510 2672 2581 pastoris
2698 2511 2977 2581 insignia,
3006 2512 3225 2584 quibus
3263 2513 3540 2583 dignosci

166 2611 412 2679 ποιμένος
446 2609 513 2657 τὰ
540 2609 902 2678 γνωρίσματα.

479 2609 513 2657 ὰ
540 2609 902 2678 γνωρίσματα.
1891 2597 2106 2672 pOSSit.

249 2696 306 2747 Ὀ
336 2727 397 2735 -
432 2692 721 2766 προϐάτων.
761 2692 961 2765 ’Ὠσπερ
996 2690 1071 2762 (7)
1114 2695 1203 2742 xui
1254 2689 1427 2757 αὐτὸς,
1467 2690 1553 2742 οἷα
1576 2695 1784 2763 χρώμε-

1964 2688 2125 2742 Vers.
2156 2690 2210 2742 2.
2242 2686 2354 2755 Qui
2392 2719 2454 2728 —
2484 2687 2700 2743 ovium.
2736 2688 2933 2753 Qualis
2985 2689 3114 2761 ipse
3160 2695 3305 2757 erat,
3338 2696 3540 2763 utpote

170 2805 262 2845 νος
340 2790 456 2843 ταῖς
513 2788 761 2855 Γραφαίς,
816 2786 903 2833 καὶ
955 2779 1066 2831 κατ’
1139 2779 1297 2839 αύτὰς
1371 2778 1781 2849 πολιτευόμενος.

1916 2775 2210 2847 Scripturis
2230 2782 2419 2841 utens,
2436 2781 2491 2831 et
2506 2776 2835 2831 secundum
2852 2792 2953 2832 eas
2967 2778 3307 2848 gubernans
3328 2796 3543 2852 :quan-

176 2875 242 2927 Ei
293 2876 393 2945 γὰρ
442 2876 531 2921 xui
581 2869 628 2920 ἐν
682 2868 928 2940 Σαϐϐάτῳ
983 2869 1266 2941 εἰργάζετο,
1303 2866 1428 2919 ἀλλὰ
1482 2869 1593 2920 θεῖα
1623 2869 1782 2939 ἔργαο

1916 2880 2079 2938 {nam
2103 2865 2259 2919 enim
2285 2865 2543 2919 etiamin
2575 2865 2832 2921 Sabbato
2851 2873 3217 2939 operaretur,
3250 2885 3321 2925 ea
3343 2876 3543 2926 tamen

175 2966 199 3015 ὁ
253 2964 355 3033 γὰρ
405 2962 557 3030 νόμος
606 2962 669 3010 τὰ
715 2957 1010 3031 ἀνθρώπινα
1057 2956 1330 3027 ἐκώλυσεν,
1380 2960 1496 3015 ἤτοι
1547 2959 1613 3008 τὰ
1659 2954 1787 3028 βιω⁸

1915 2952 2093 3009 livina
2118 2958 2287 3009 erant
2316 2968 2514 3023 opera,
2567 2969 2698 3009 cum
2727 2954 2819 3010 lex
2870 2956 3207 3027 prohiberet
3254 2958 3542 3029 humana,

178 3051 325 3104 τικά.
1898 3043 2019 3098 sive
2050 3042 2401 3113 temporalia
2432 3058 2498 3097 ac
2529 3042 2862 3101 saecularia.

256 3135 506 3206 Τούτῳὸ
567 3136 797 3207 θυρωρὸς
864 3133 1077 3206 ἀνοίγει.
1148 3137 1400 3209 Θυρωρὸς
1469 3137 1605 3186 κατά
1669 3132 1787 3185 ἀνα·
1825 3151 1866 3207 C

1972 3131 2131 3187 Vers.
2165 3132 2217 3186 3.
2259 3132 2417 3187 Huic
2446 3132 2721 3187 ostiarius
2765 3134 2972 3201 aperit.
3030 3136 3316 3191 Ostiarius
3378 3137 3547 3207 juxta

178 3233 362 3303 γωνγήν
435 3226 460 3275 ό
536 3229 785 3288 Μωυσῆς,
855 3224 923 3284 ὡς
998 3224 1153 3285 αὐτὸς
1243 3223 1604 3296 ἐμπιστευθεὶς
1675 3227 1789 3283 τοὺς

1921 3234 2215 3289 inagogen
2246 3221 2431 3274 Moses
2463 3226 2607 3283 erat,
2641 3226 2704 3275 ut
2733 3222 2824 3274 cui
2856 3224 3211 3279 concreditae
3266 3231 3405 3280 sunt
3464 3228 3548 3281 di-

180 3324 376 3389 νόμους
407 3319 497 3365 τοῦ
534 3318 687 3363 Θεοῦ.
734 3317 817 3380 Τῷ
857 3315 1075 3383 τοιούτῳ
1105 3308 1192 3363 οὖν
1244 3314 1268 3363 ό
1315 3320 1549 3374 Μωύσῆς
1598 3311 1791 3384 ἀνοίγει

1922 3310 2053 3364 (inte
2075 3309 2253 3378 leges.
2284 3308 2403 3363 Tali
2421 3324 2563 3378 ergo
2589 3312 2775 3365 Moses
2795 3310 3002 3375 aperit,
3031 3317 3086 3366 et
3106 3313 3183 3366 ad
3210 3314 3413 3369 ovium
3446 3331 3549 3370 cu—

184 3412 255 3469 ὼς
296 3404 519 3474 ποιμένι,
553 3404 641 3450 xui
688 3395 991 3469 εἰσδέχεται
1040 3400 1193 3452 αὐτὸν
1239 3401 1311 3463 εὶς
1358 3407 1451 3459 τὴν
1503 3401 1791 3472 ἐπιμέλειαν

1920 3414 2027 3454 'am
2072 3398 2345 3463 admittit,
2380 3403 2582 3466 utpote
2614 3413 2980 3467 cognoscens
3012 3415 3166 3454 eum.
3221 3401 3465 3474 Scripsit
3502 3404 3547 3439 ³⁷

182 3504 287 3549 τῶν
314 3489 584 3564 προϐάτων
630 3490 696 3548 ὡς
732 3489 996 3561 γνωρίζων
1027 3489 1199 3545 αὐτόν,
1250 3495 1350 3543 Καὶ
1402 3492 1503 3565 γάρ
1571 3490 1792 3565 ἔγραψεν

1188 3534 1199 3545 .
1250 3495 1350 3543 Καὶ
1402 3492 1503 3565 γάρ
1571 3490 1792 3565 ἔγραψεν
1902 3488 2083 3551 enim,
2128 3492 2190 3542 ut
2220 3502 2358 3542 eum
2402 3486 2676 3542 audirent
2714 3486 2812 3558 (r).

186 3589 272 3639 ὅτι
300 3581 471 3633 Αὐτοῦ
494 3576 722 3629 ἀκούετε.

263 3675 363 3723 Καὶ
419 3696 485 3709 -
532 3666 729 3717 ἀκούει.
778 3663 1146 3733 ’Υπακο-ἂουσι,
1198 3670 1466 3721 πείθονται
1522 3674 1610 3720 καὶ
1676 3667 1793 3720 ἀκο-

1974 3664 2133 3719 Vers.
2165 3668 2215 3719 3.
2244 3664 2319 3719 Et
2358 3694 2427 3703 —
2455 3664 2728 3719 audiunt.
2763 3662 3072 3729 Obediunt,
3106 3671 3331 3736 parent,
3369 3683 3439 3724 ac
3469 3686 3553 3725 se-

184 3760 484 3815 λουθοῦσινο
542 3752 949 3822 ἐπιγινώσκουσι
1000 3757 1101 3826 γὰρ
1179 3755 1362 3814 αύτήν.
1423 3759 1501 3809 Τὰ
1557 3756 1795 3831 πρόϐατα

1927 3758 2168 3825 [uuntur
2196 3768 2207 3805 :
2238 3758 2573 3821 agnoscunt
2602 3751 2762 3806 enim
2794 3752 2975 3806 illam.
3032 3755 3178 3809 Oves
3220 3762 3417 3811 autem
3472 3758 3554 3813 di-

192 3848 251 3904 ὃε
279 3844 433 3915 εἶπεν,
469 3847 586 3902 ἤτοι
633 3844 697 3892 τὰ
756 3839 959 3902 ἀληθῶς
1009 3842 1266 3916 πρόϐατα,
1298 3848 1364 3896 τὰ
1408 3846 1533 3907 ἄξια
1586 3850 1795 3917 ποιμαί-

1930 3842 1996 3907 it,
2030 3857 2131 3896 eos
2180 3839 2468 3904 videlicet,
2517 3840 2618 3912 qui
2673 3856 2808 3895 vere
2862 3856 3004 3896 oves
3068 3847 3225 3908 sunt,
3290 3844 3453 3913 digni
3496 3854 3557 3901 ut

189 3938 390 3992 νεσθαι.
422 3931 622 4001 Ὠσπερ
680 3931 781 4000 γὰρ
841 3930 866 3980 ὁ
915 3930 1279 4004 εἰσερχόμενος
1319 3930 1413 3985 διὰ
1464 3942 1555 3994 τῆς
1612 3936 1792 4007 θύρας,

1928 3938 2246 3986 iascantur.
2278 3934 2426 3985 Nam
2458 3931 2605 3984 sicut
2633 3930 2735 4001 qui
2792 3945 2898 4001 per
2945 3935 3163 3985 ostium
3216 3931 3414 4001 intrat,
3459 3934 3555 3989 hic

191 4027 341 4085 οὗτος
392 4024 588 4093 ποιμήν
636 4018 767 4070 ἐστι·
828 4018 962 4070 οὕτω
1014 4026 1104 4072 xui
1156 4024 1204 4072 οἱ
1256 4030 1346 4082 τῆς
1412 4031 1580 4092 φωνῆς
1636 4022 1796 4074 αὐτοῦ

1932 4024 2111 4074 »δεῐοι-
2138 4024 2242 4083 est,
2276 4019 2356 4073 ita
2408 4024 2462 4072 et
2492 4018 2593 4089 qui
2624 4033 2827 4073 vocem
2884 4018 3012 4087 ejus
3070 4018 3341 4084 audiunt,
3379 4027 3440 4075 ut
3476 4022 3557 4077 di-

196 4114 486 4175 ἀκούοντες,
542 4110 610 4169 ὡς
664 4109 881 4176 εἴρηται,
942 4108 1085 4159 οὗτοι
1142 4108 1380 4183 πρόϐατά
1430 4110 1582 4162 εἰσιν·
1637 4112 1685 4162 οἱ
1740 4107 1799 4163 δὲ

1928 4114 2066 4163 :tum
2099 4114 2208 4173 est,
2241 4108 2297 4162 hi
2326 4123 2467 4163 oves
2492 4113 2648 4173 sunt;
2672 4107 2773 4179 qui
2802 4122 2942 4162 vero
2966 4122 3086 4162 non
3114 4108 3197 4162 ita
3225 4124 3287 4162 se
3314 4108 3555 4177 habent,

195 4208 265 4278 μὴ
309 4202 472 4261 οὕτως
521 4200 729 4268 ἔχοντες
779 4202 872 4256 τῆς
909 4204 1008 4247 τῶν
1058 4197 1329 4269 προϐάτων
1388 4199 1578 4261 ταξεως
1637 4198 1798 4272 ἀπερ-

1264 4220 1329 4249 ων
1388 4199 1578 4261 ταξεως
1637 4198 1798 4272 ἀπερ-
1908 4197 1986 4252 ab
2027 4197 2229 4253 ovium
2261 4197 2470 4253 ordine
2501 4195 2689 4252 avulsi
2734 4201 2891 4251 sunt.

197 4294 333 4369 ῥάγη
345 4309 459 4343 σαν.

276 4384 374 4432 Καὶ
436 4407 502 4415 —
578 4372 692 4425 κατ’
756 4376 931 4444 ὄνομα.
996 4378 1096 4425 Καὶ
1156 4382 1309 4427 τοῦτο
1373 4378 1473 4450 γὰρ
1527 4382 1803 4452 γνώρισμα

1980 4375 2127 4430 Vers
2160 4379 2211 4430 3.
2244 4376 2311 4430 Et
2341 4405 2409 4413 —
2449 4374 2825 4430 nominatim.
2888 4373 3075 4429 Etiam
3148 4373 3262 4428 hoc
3307 4375 3562 4444 pastoris

200 4472 458 4541 ποιμένος,
520 4468 614 4521 τὴν
686 4461 759 4522 εἰς
820 4461 1036 4513 ἕκαστον
1086 4462 1345 4537 πρόϐατον
1436 4465 1599 4537 ἄκραν
1656 4486 1803 4540 φρον-

1944 4464 2151 4533 ἷξςηιιω
2174 4468 2280 4529 est,
2311 4467 2597 4535 cujusque
2620 4468 2692 4531 (ε)
2718 4465 2847 4518 ovis
2875 4462 3218 4533 diligentem
3252 4462 3564 4518 ostendere

200 4554 329 4611 τίδα
360 4552 571 4614 δηλοῦν.
606 4550 680 4603 Ou’
722 4552 823 4623 γὰρ
864 4546 923 4601 ἂν
953 4549 1088 4603 αύτα
1131 4550 1341 4604 καλέσοι
1370 4554 1484 4605 κατ’
1517 4557 1694 4627 ὄνομα,
1729 4560 1799 4628 μὴ

1939 4570 2148 4609 :uram:
2175 4568 2368 4623 neque
2386 4552 2543 4607 enim
2564 4552 2694 4607 illas
2716 4558 2891 4606 vocat
2914 4551 3292 4615 nominatim,
3314 4550 3415 4622 qui
3452 4552 3566 4606 sin-

200 4648 466 4719 ογνωρίζων
505 4642 722 4694 ἕκαστον
750 4638 996 4711 ἀκριϐῶς,
1059 4638 1114 4691 ἐκ
1166 4648 1255 4701 τῆς
1286 4642 1353 4703 εἰς
1382 4643 1598 4695 ἕκαστον
1646 4645 1805 4717 ἄκρας

1937 4643 2087 4714 gulas
2117 4640 2425 4713 diligenter
2455 4656 2575 4696 non
2593 4640 2885 4710 agnoscit,
2910 4639 2989 4695 ob
3012 4655 3311 4695 summam
3332 4640 3405 4694 de
3425 4655 3564 4695 una-

205 4729 502 4809 φροντίδος.

1916 4746 2158 4805 quaque
2183 4746 2410 4786 curam.

278 4860 325 4895 ⁸³
358 4856 513 4914 Psal.
545 4871 694 4921 χειν,
726 4859 784 4913 7.
913 4854 961 4890 ⁹⁶
995 4853 1197 4912 Matth.
1228 4872 1322 4925 xv,
1356 4860 1415 4915 9.
1555 4859 1597 4892 ⁸⁷
1631 4858 1800 4915 Deut.
1832 4874 1997 4929 xvni,
2034 4860 2117 4912 t5.

1412 5033 1635 5104 Variae
1681 5036 2008 5104 lectiones
2063 5042 2129 5102 et
2161 5041 2363 5100 notae.

281 5240 359 5313 (5)
389 5239 488 5313 Hic
510 5234 742 5313 semina
756 5235 1117 5313 sparguntur
1134 5234 1541 5313 corruptionis.
1569 5250 1738 5290 versu
1759 5235 1810 5289 8.
2000 5234 2077 5303 (6)
2118 5230 2457 5313 Kapéxgarat
2483 5228 2835 5313 plerumque
2854 5226 3061 5313 “dicere
3092 5226 3257 5313 solet.
3287 5227 3402 5313 §ed
3456 5227 3574 5301 hoc

213 5299 504 5381 Quoniam
522 5308 680 5365 enim
704 5299 1028 5381 Patreshoc
1046 5299 1817 5381 explicab‘antdeimposto;
1927 5299 2162 5381 quoque
2193 5302 2328 5381 ferri
2362 5299 2936 5381 potestjrueuxiuaeaz
2965 5305 3056 5356 est
3075 5299 3240 5372 apud
3290 5299 3577 5357 Galenum

211 5373 403 5449 ribus,
436 5382 539 5454 qui
570 5385 705 5436 ante
736 5377 1030 5454 Cbristum
1060 5373 1363 5446 venerant,
1395 5377 1533 5435 ideo
1572 5373 1745 5434 versu
1783 5379 1816 5432 8
1928 5373 1987 5432 in
2011 5375 2451 5454 ,Ψοὶεὶερηὸἆ
2486 5373 2620 5454 edit.
2657 5373 2855 5454 διερῇ.

210 5442 608 5517 inculcarunt,
640 5454 741 5525 πρὸ
768 5448 911 5524 ἐμοῦ.
1350 5442 1358 5446 ’

2002 5448 2080 5520 (7)
2119 5442 2438 5501 Hentenius
2469 5444 2693 5501 videtur
2726 5442 2956 5515 legisse,
2989 5442 3110 5504 οἷος.
3142 5514 3155 5547 ὶ

286 5578 364 5651 (r)
403 5578 473 5634 Ut
504 5592 655 5643 eum,
688 5581 797 5634 etc.
840 5575 988 5651 Eum
1028 5574 1249 5651 audite.

287 5641 363 5722 (ε)
405 5641 727 5720 Cujusque,
759 5653 866 5703 etc.
909 5646 1281 5717 Singularem
1316 5646 1376 5703 in
1408 5646 1669 5719 singulas
1698 5662 1838 5704 oves
1867 5641 2191 5702 ostendens
2222 5655 2449 5701 curam.

500 5746 734 5803 ΡΑτειοι..
766 5744 871 5802 GR.
916 5743 1160 5803 CXXIX.
1312 5754 1317 5759 '
1786 5766 1803 5785 ί
3244 5739 3309 5809 Μ
