4130 6320
4053 111 4072 324 l

554 351 692 409 1323
1912 322 2262 397 EUTHYMll
2305 325 2631 399 ZlGABENl
3811 336 3974 397 1324

626 475 791 532 Vers.
825 473 857 528 3
879 473 950 528 Et
977 470 1171 529 educit
1191 484 1306 527 eas.
1338 468 1426 523 Ad
1453 483 1672 540 pascua
1705 484 1716 521 :
1754 481 1973 538 pascua
2009 473 2187 522 auten

2396 471 2494 520 Καὶ
2525 465 2696 537 ἐξάγει
2727 466 2876 521 αύτά.
2927 467 3044 520 Ἐπὶ
3068 472 3246 540 νομὴν·
3278 473 3408 540 νομὴ
3463 465 3522 520 δὲ
3564 476 3668 520 τῶν
3713 467 3974 539 λογικῶν

555 563 933 622 rationalium
965 561 1192 626 ovium,
1225 561 1492 614 doctrina
1519 563 1605 613 est
1625 557 1961 612 divinorum
1987 573 2186 611 sermo

2320 555 2589 630 προϐάτων
2620 557 2650 614 ἠ
2687 553 3014 608 διδασκαλία
3033 565 3132 608 τῶν
3161 559 3306 610 θείων
3327 558 3516 629 λόγων,
3539 562 3834 632 τρέφουσα
3870 564 3974 610 καὶ

554 669 723 718 num,
757 669 893 723 quas
922 652 1188 705 animam
1220 648 1402 704 nutrit
1428 664 1494 702 ac
1535 647 1743 718 pascit.

625 743 788 797 Vers.
821 744 874 796 4.
899 741 972 796 Et
998 769 1061 779 —
1086 737 1266 794 vadit.
1297 739 1472 792 Recto
1500 752 1599 790 eas
1628 734 1859 790 tramite
1882 733 2206 800 deducens,

553 836 605 886 et
632 846 740 902 pro
771 831 853 886 eis
881 843 1179 903 pugnans.
1206 827 1380 899 Atqui
1406 830 1674 898 pastores
1705 824 2002 878 contrario
2027 824 2208 878 modo

554 921 800 987 faciunt,
823 923 1138 990 sequentes
1159 931 1301 970 oves
1326 930 1583 986 quarum
1610 912 2072 968 habentcuram.
2103 911 2208 966 Vc-

552 1024 683 1064 rum
702 1005 979 1080 pascendi
993 1020 1088 1060 ars
1101 1004 1204 1074 huj
1217 1021 1284 1058 us
1301 1002 1553 1075 pastoris
1567 1001 1827 1056 maxime
1849 999 2207 1056 admiranda

552 1103 636 1153 est
665 1115 677 1151 :
713 1112 854 1153 nam
886 1099 942 1150 et
965 1109 1108 1149 oves
1140 1099 1272 1148 sunt
1296 1090 1637 1148 rationales.
1665 1089 1969 1160 Siquidem
2002 1089 2201 1159 etiam,

550 1184 798 1258 quando
813 1181 1136 1253 discipulos
1153 1178 1720 1244 emittebat,dicebat
1737 1179 2024 1247 :Ecceego
2039 1179 2204 1233 mitto

553 1289 670 1334 vos.
688 1279 969 1344 tanquam
983 1287 1112 1326 oves
1129 1270 1191 1324 in
1207 1269 1394 1325 medio
1410 1269 1685 1336 luporum
1706 1267 1773 1321 98:
1795 1273 2051 1337 pastores
2068 1283 2203 1322 Vit-[‘0

551 1360 908 1432 extralupos
932 1361 1169 1414 mittunt
1193 1373 1358 1413 oves.
1389 1356 1559 1411 Vadit
1586 1362 1787 1411 autem
1829 1362 1965 1410 ante
1997 1371 2119 1419 eas,
2146 1361 2203 1410 et

549 1456 839 1521 tanquam
868 1450 916 1504 is
943 1448 1044 1520 qui
1070 1447 1294 1520 primus
1323 1447 1797 1501 conversationis
1821 1444 1978 1499 viam
2015 1444 2201 1500 calca-

547 1541 712 1606 vit,et
751 1540 901 1595 sicut
931 1538 1034 1609 qui
1067 1554 1139 1592 ea
1178 1537 1330 1606 fecit,
1362 1551 1494 1607 quae
1526 1536 1712 1590 docet.

616 1715 784 1770 Vers.
815 1716 867 1769 4.
900 1715 974 1769 Et
1004 1744 1056 1754 --
1089 1719 1440 1784 sequuntur.
1472 1711 1574 1767 Per
1613 1710 1868 1780 vestigia
1922 1727 2061 1766 eum
2113 1727 2198 1766 se-

2319 650 2602 698 πιαίνουσα
2627 650 2720 704 τὴν
2748 645 2952 717 ψυχὴν.

2393 739 2487 788 Καὶ
2532 767 2598 776 —
2631 738 2921 809 πορεύεται,
2954 732 3195 808 Ὀδησγῶν
3249 737 3384 790 αύτά
3427 738 3497 798 εἰς
3552 738 3793 803 εὐθεῖαν,
3865 744 3968 790 καὶ

2315 828 2655 896 προασπίζων
2705 823 2891 878 αὐτῶν.
2961 830 3061 877 Καὶ
3117 829 3220 898 μὴν
3287 828 3336 878 οἱ
3395 831 3628 898 ποιμένες
3711 826 3964 878 τούναν-

2314 917 2423 964 τίον
2479 920 2743 981 ποιοῦσιν,
2799 914 3012 965 ὄπισθεν
3068 922 3168 966 τῶν
3245 913 3510 987 προϐάτων
3579 913 3960 967 ἀκολουθοῦν-

2314 1019 2396 1063 τες
2428 1021 2439 1032 ·
2477 998 2582 1052 ἀλλ’
2634 1003 2663 1059 ἡ
2715 1005 3025 1073 ποιμαντικὴ
3075 1010 3166 1054 τοῦ
3214 1007 3454 1075 ποιμένος
3505 1006 3702 1056 τούτου
3764 1024 3960 1078 παρα-

2317 1085 2593 1152 δοξοτάτη·
2649 1085 2788 1142 διότι
2839 1094 2928 1142 καὶ
2993 1092 3059 1141 τά
3108 1089 3345 1163 πρόϐατα
3396 1091 3604 1162 λογικά.
3663 1097 3778 1145 Καὶ

2315 1184 2403 1230 καὶ
2463 1180 2546 1231 ὅτε
2584 1182 2705 1239 τοὺς
2761 1180 3002 1250 μαθητὰς
3054 1177 3356 1234 ἀπέστελλεν
3404 1181 3504 1252 (8),
3553 1179 3758 1251 ἔλεγεν·
3800 1178 3943 1235 '13:..-

2313 1265 2610 1319 ἀποστέλλω
2679 1268 2838 1338 ὑμῆς,
2913 1267 2982 1329 ὡς
3057 1267 3296 1342 πρόϐατα
3371 1271 3420 1321 ἐν
3509 1275 3658 1341 μέσῳ
3739 1269 3946 1322 λύκειον·

2313 1358 2362 1407 ὸὶ
2393 1352 2452 1408 δὲ
2498 1360 2734 1428 ποιμένες
2785 1355 2879 1419 ἔξω
2929 1356 3095 1408 λύκων
3138 1356 3518 1411 ἀποστέλλουσι
3544 1362 3613 1410 ra
3660 1358 3948 1433 πρόϐατα.

2313 1447 2589 1518 Πορεύεται
2661 1441 2720 1496 δὲ
2785 1447 3076 1518 ἔμπροσθεν
3149 1446 3332 1515 αὐτῶν,
3397 1453 3487 1499 καὶ
3565 1450 3631 1508 ὡς

2309 1538 2473 1605 τεμὼν
2524 1539 2618 1593 τὴν
2674 1530 2797 1586 ὁδόν
2850 1543 2944 1597 τῆς
3000 1534 3283 1602 πολιτείας,
3334 1542 3423 1589 καὶ
3460 1543 3695 1598 ποιήσας
3747 1538 3787 1590 ἃ
3841 1535 3946 1590 δι-

3727 1458 3951 1522 πρῶτος

2311 1619 2517 1678 δάσκει.

2381 1715 2482 1764 Καὶ
2524 1743 2594 1752 -—
2640 1711 2927 1766 ἀκολουθεῖ.
2985 1712 3108 1766 Κατ’
3168 1716 3320 1784 ἴχνος
3351 1713 3492 1784 αύτῷ
3521 1714 3734 1784 ἕπεται,
3766 1711 3950 1788 βαδι-

545 1807 834 1876 qnuntur,
867 1803 1076 1858 eadem
1104 1802 1445 1858 incedentes
1476 1800 1592 1865 via,
1623 1800 1934 1872 ipsiusque
1963 1799 2187 1870 legibus

2310 1801 2466 1861 ζοντα
2534 1807 2628 1860 τήν
2701 1800 2864 1860 αὐτὴν
2943 1799 3066 1854 ὁδόν
3140 1809 3250 1864 τοῖς
3331 1808 3507 1874 νόμοις
3561 1803 3734 1856 αὐτοῦ
3817 1824 3947 1857 πει-

545 1897 842 1964 parentes.

585 1982 777 2038 .Vers.
812 1986 864 2038 4.
920 1982 1073 2049 Quia
1104 2012 1173 2020 -
1201 1982 1344 2050 ejus.
1407 1980 1549 2044 Qua;
1601 1983 1693 2033 est
1733 1994 1804 2033 ex
1857 1978 2193 2050 Scripturis,

542 2070 765 2142 quibus
798 2075 1050 2126 assueta
1081 2075 1238 2135 sunt,
1273 2085 1342 2126 ex
1373 2068 1625 2138 cognitis
1657 2067 1926 2122 vocibus.

614 2159 783 2214 Vers.
825 2164 875 2214 5.
926 2160 1205 2214 Alienum
1251 2189 1319 2198 —
1372 2173 1588 2214 vocem.
1639 2155 1826 2211 Alieni
1886 2162 2042 2221 sunt,
2096 2158 2195 2228 qui

541 2263 662 2304 non
684 2248 902 2304 intrant
925 2264 1030 2320 per
1046 2248 1289 2303 ostium.
1310 2249 1434 2302 Non
1451 2251 1742 2300 noverunt
1760 2252 1957 2299 autem
1989 2261 2192 2300 vocem

539 2336 774 2393 illorum
802 2353 963 2404 oves,
990 2342 1050 2391 ut
1078 2352 1213 2409 quae
1247 2350 1366 2391 non
1399 2336 1474 2389 sit
1513 2351 1547 2389 a
1597 2335 1932 2405 Scripturis,
1975 2335 2194 2406 quibus

540 2431 788 2481 assuetae
819 2431 974 2489 sunt,
1007 2431 1066 2480 ut
1097 2425 1320 2480 dictum
1352 2428 1458 2487 est,
1487 2422 1591 2478 sed
1614 2439 1650 2477 a
1677 2428 1876 2478 ventre
1901 2422 2189 2494 ipsorum.

608 2515 837 2571 Vers.6.
868 2516 979 2570 Hoc
1011 2545 1076 2554 —
1114 2514 1302 2570 Jesus.
1339 2512 1502 2568 Hanc
1535 2511 1909 2583 parabolam.

613 2603 770 2659 Vers.
799 2608 852 2658 6.
887 2604 991 2659 Illi
1020 2634 1082 2644 —
1113 2604 1274 2671 ipsis.
1311 2602 1573 2657 Obscure
1601 2603 1758 2656 enim
1811 2600 2188 2672 loquebatur,

536 2693 877 2749 attentiores
901 2708 1002 2748 eos
1021 2691 1297 2747 reddens.
1333 2691 1548 2746 Deinde
1572 2690 1688 2746 alio
1719 2691 1894 2746 modo
1919 2692 2188 2762 seipsum

536 2787 592 2837 et
617 2782 868 2852 januam
901 2787 1072 2838 vocat
1101 2786 1156 2837 et
1183 2787 1509 2851 pastorem.

609 2874 771 2929 Vers.
797 2878 850 2927 7.
877 2873 1042 2928 Dixit
1076 2903 1136 2912 —
1167 2871 1378 2926 ovium.
1413 2871 1516 2925 Per
1545 2870 1710 2942 quod
1752 2870 2185 2939 ingrediuntur,

535 2976 679 3016 oves
703 2961 779 3016 ad
809 2977 1134 3031 supernam
1171 2959 1568 3016 mansionem.
1591 2963 1790 3030 Neque
1829 2960 1988 3014 enim
2020 2960 2189 3030 quis-

534 3065 720 3121 quam
743 3049 910 3105 aliter
931 3049 1283 3118 ingreditur,
1301 3048 1412 3103 nisi
1434 3065 1537 3120 per
1555 3049 1775 3120 ipsum,
1800 3053 1855 3103 et
1879 3065 1982 3120 per
2003 3048 2185 3104 ﬁdem

533 3153 671 3210 quae
697 3138 756 3192 in
782 3138 975 3209 ipsum
1003 3142 1110 3202 est,
1139 3153 1207 3193 ac
1238 3153 1343 3209 per
1373 3138 1502 3207 ejus
1529 3136 1882 3194 doctrinam.

605 3229 771 3282 Vers.
801 3227 852 3284 8.
890 3229 1099 3283 Omnes
1131 3258 1197 3267 —
1228 3228 1508 3283 latrones.
1541 3228 1838 3298 Quotquot
1890 3242 1927 3283 a
1975 3225 2184 3297 seipsis

530 3323 838 3388 venerunt,
869 3322 1166 3389 quotquot
1197 3321 1506 3382 venerunt,
1549 3332 1666 3372 non
1699 3331 1802 3387 per
1829 3316 2184 3388 praedictum

531 3405 773 3470 ostium,
801 3405 1071 3461 utJudas
1089 3410 1145 3461 et
1163 3403 1457 3470 Theudas,
1501 3409 1556 3461 et
1605 3405 1657 3460 si
1708 3405 1845 3476 quis
1899 3405 2047 3460 alius
2078 3405 2185 3460 hu-

525 3494 793 3567 jusmodi
820 3512 832 3550 :
858 3494 1149 3566 prophetae
1166 3509 1429 3566 namque
1451 3509 1572 3550 non
1589 3510 1625 3551 a
1645 3495 1724 3550 sei
1733 3493 1856 3566 psis
1876 3498 2182 3563 venerunt,

533 3583 638 3639 sed
666 3600 702 3639 a
736 3585 851 3638 Deo
876 3583 1042 3638 missi
1064 3587 1199 3639 sunt
1227 3600 1239 3639 :
1271 3599 1380 3639 nec
1401 3582 1663 3650 aliunde,
1687 3584 1782 3639 sed
1826 3599 1932 3656 per
1960 3583 2181 3639 ostium

531 3673 921 3728 intraverunt.

607 3760 764 3817 Scire
804 3761 962 3816 enim
995 3765 1246 3833 oportet,
1283 3761 1448 3834 quod
1479 3761 1820 3833 frequenter
1857 3761 2178 3832 Scriptura,

531 3850 928 3906 universalem
960 3856 1391 3922 repraesentans
1443 3851 1716 3916 formam,
1761 3851 2182 3922 particularem

530 3938 798 3995 insinuat
817 3939 1274 4011 intelligentiam.
1292 3942 1427 3995 Nam
1449 3939 1608 4012 quod
1625 3956 1784 3995 nunc
1801 3940 1963 4006 dicit,
1983 3941 2179 3997 Omnes

529 4043 653 4083 non
681 4028 1021 4100 simpliciter
1052 4027 1348 4098 signiﬁcat
1376 4044 1587 4084 omnes
1625 4029 1728 4100 qui
1784 4027 1983 4100 ipsum
2030 4045 2176 4099 pra:-

530 4122 857 4171 cesserunt.
890 4115 1086 4171 Simile
1130 4117 1310 4172 etiam
1338 4122 1444 4183 est,
1474 4117 1637 4189 quod
1663 4117 1743 4172 ait
1768 4117 1952 4172 David
2004 4134 2016 4172 :
2048 4118 2178 4175 0m-

529 4220 626 4261 nes
655 4205 1128 4268 declinaverunt,
1155 4207 1329 4261 simul
1348 4207 1586 4261 inutiles
1602 4207 1756 4276 facti
1770 4213 1909 4261 sunt
1926 4209 1972 4242 9'
1999 4224 2010 4262 :
2034 4207 2178 4263 tales

528 4291 824 4364 siquidem
851 4307 970 4348 non
983 4301 1170 4360 erant,
1195 4293 1298 4365 qui
1315 4293 1495 4350 etiam
1512 4300 1650 4350 tunc
1668 4296 1855 4350 Deum
1875 4295 2173 4364 colebant;

527 4384 582 4437 et
607 4380 750 4437 illud
781 4381 1113 4437 Salomonis
1145 4400 1158 4438 :
1191 4383 1400 4440 Omnia
1437 4389 1575 4440 sunt
1632 4383 1864 4440 vanitas
1895 4386 1911 4419 ί
1949 4401 2175 4458 :neque

525 4470 685 4526 enim
713 4471 846 4527 talis
872 4476 957 4527 est
985 4471 1188 4528 virtus.

600 4563 694 4615 Est
710 4566 911 4616 autem
928 4560 1024 4616 ubi
1045 4561 1244 4618 Omnis
1262 4561 1420 4618 idem
1437 4562 1749 4632 signiﬁcat,
1765 4563 1929 4634 quod
1944 4562 2170 4629 Nullus,

526 4654 589 4705 ut
618 4649 678 4704 in
703 4649 861 4706 dicto
881 4650 982 4706 illo
1013 4650 1336 4708 Salvatoris
1367 4669 1380 4707 :
1408 4654 1483 4708 Et
1513 4652 1630 4708 nisi
1651 4652 1899 4708 breviati
1919 4653 2172 4722 fuissent

524 4739 650 4794 dies
677 4738 788 4803 illi,
818 4756 935 4795 non
961 4740 1122 4808 ﬁeret
1153 4742 1325 4797 salva
1354 4743 1533 4796 omnis
1551 4756 1690 4796 caro
1718 4743 1760 4806 ³,
1789 4741 1845 4795 id
1876 4747 1982 4809 est,
2009 4741 2174 4798 nulla

524 4842 684 4882 caro.
717 4827 780 4880 1n
813 4827 911 4883 illo
942 4844 1179 4899 quoque
1205 4829 1487 4884 Davidico
1517 4845 1693 4884 versu
1721 4830 1828 4883 :Et
1854 4845 1970 4884 non
1986 4830 2169 4885 domi-

521 4922 699 4972 netur
727 4916 874 4972 mihi
902 4917 1082 4973 omnis
1110 4918 1404 4988 injustitia
1427 4919 1470 4982 ³,
1497 4918 1610 4974 hoc
1637 4926 1743 4984 est,
1773 4917 1953 4974 nulla.
1992 4919 2172 4975 Multa

521 5020 764 5078 quoque
797 5010 937 5061 sunt
965 5005 1201 5062 similia.

595 5094 753 5150 Vers.
786 5097 835 5151 8.
864 5096 1074 5152 Sed—
1110 5111 1262 5153 oves.
1323 5097 1433 5163 Qui
1480 5111 1617 5154 vere
1665 5100 1834 5154 erant
1886 5112 2050 5154 oves.
2103 5096 2168 5154 Et

1766 5302 1785 5339 ¹
1815 5301 1998 5360 Eccle.
2030 5318 2064 5367 1,
2100 5304 2151 5358 2.

584 5301 636 5338 νε
677 5299 874 5359 Matth.
907 5317 967 5374 Χ,
999 5303 1086 5360 16.
1211 5306 1260 5342 ⁹⁹
1292 5301 1448 5364 Psal.
1487 5319 1586 5371 xu,
1618 5301 1670 5360 3.

2211 3173 2252 3230 C

2207 4529 2253 4585 D

2309 1889 2516 1960 θόμενα.

2373 1977 2492 2030 Ὀτι
2531 2010 2586 2018 -
2637 1979 2820 2034 αὐτοῦ.
2881 1976 3060 2033 Ούσαν
3107 1978 3162 2032 ἐκ
3192 1987 3291 2034 τῶν
3321 1982 3554 2039 συνήθων
3587 1987 3845 2053 Γραφῶν,
3885 1985 3944 2034 ἐκ

2303 2076 2400 2119 τῶν
2430 2072 2706 2140 γρωρίμων
2747 2077 2943 2141 φωνῶν.

2375 2155 2652 2228 Ἀλλοτρίῳ
2697 2187 2764 2196 —-
2803 2163 2994 2228 φωνήν.
3025 2157 3314 2232 Ἀλλότριοι
3341 2161 3431 2229 μὲν
3464 2160 3513 2210 οἱ
3542 2163 3615 2230 μή
3665 2159 3937 2232 εἰσερχό-

2301 2263 2444 2315 μενοι
2472 2241 2564 2297 διά
2592 2253 2687 2306 τῆς
2738 2247 2914 2319 θύραςο
2946 2247 3037 2299 ούκ
3077 2243 3261 2300 οἴδασι
3314 2243 3373 2300 δὲ
3400 2246 3565 2299 αὐτῶν
3604 2253 3707 2305 τὴν
3750 2256 3938 2321 φωνὴν

2301 2335 2367 2386 τά
2392 2332 2645 2407 πρόϐατα,
2679 2337 2743 2395 ὡς
2767 2339 2838 2405 μὴ
2878 2334 2979 2387 ἀπὸ
3007 2344 3104 2387 τῶν
3139 2338 3372 2394 συνήθων
3405 2342 3639 2412 Γραφῶν,
3669 2340 3744 2400 ὡς
3777 2342 3937 2414 dp:-

2299 2441 2408 2487 ται,
2438 2419 2624 2487 οὖσαν,
2652 2421 2758 2474 ἀλλ’
2801 2422 2903 2476 ἀπὸ
2934 2423 3137 2486 κοιλίας
3159 2425 3350 2479 αὐτῶν.

2368 2515 2574 2571 Ταύτην
2600 2544 2668 2552 -
2705 2515 2928 2574 Ἰησοῦς.
2957 2517 3062 2572 Τὴν
3082 2513 3400 2588 παραϐολήν.

2367 2600 2578 2654 Ἐκεῖνοι
2608 2634 2676 2642 -
2690 2603 2886 2662 αὐτοῖς.
2903 2602 3139 2674 Ἀοαφῶς
3157 2606 3258 2676 γὰρ
3286 2601 3464 2667 ἐλάλει,
3491 2612 3922 2678 προσεκτικωτέ·

2295 2710 2419 2762 ρους
2457 2699 2615 2744 ποιῶν
2638 2692 2844 2754 αύτούς.
2878 2687 3002 2745 Εἶτα
3033 2696 3221 2764 τρόπον
3249 2694 3418 2766 ἕτερον
3451 2693 3637 2746 ἑαυτὸν
3663 2695 3918 2767 ὀνομάζει

2298 2786 2386 2832 καὶ
2411 2781 2566 2853 θύραν
2583 2785 2673 2833 καὶ
2700 2784 2937 2852 ποιμένα.

2367 2875 2517 2922 Εἶπεν
2562 2900 2630 2910 -
2687 2868 2979 2942 προϐάτων.
3041 2874 3112 2922 Δι’
3169 2871 3231 2932 ἧς
3284 2870 3619 2943 εἰσέρχονται
3669 2874 3740 2923 τὰ
3787 2876 3911 2947 πρό-

2297 2955 2429 3012 ϐατα
2457 2958 2527 3020 εἰς
2559 2963 2646 3015 τὴν
2675 2959 2778 3010 ἄνω
2817 2955 3074 3032 μάνδραν.
3102 2958 3317 3032 Ἑτέρως
3344 2961 3445 3032 γὰρ
3473 2959 3568 3011 οὐκ
3603 2960 3902 3033 εἰσέρχεταὶ

2295 3065 2395 3114 τις,
2428 3045 2471 3098 εὶ
2529 3051 2598 3118 μὴ
2634 3043 2707 3099 δι’
2751 3046 2912 3098 αύτοῦ
2940 3051 3152 3109 καὶτῆς
3209 3047 3280 3110 εἰς
3336 3048 3491 3100 αύτὸν
3531 3053 3770 3112 πίστεως
3817 3056 3892 3101 καὶ

2295 3143 2388 3198 τῆς
2428 3135 2586 3188 αὐτοῦ
2618 3131 2993 3198 διδασκαλίας.

2369 3226 2556 3284 Πάντες
2642 3255 2710 3266 -
2779 3224 2991 3297 λῃσταί.
3059 3224 3216 3278 Ὅσοι
3297 3222 3453 3284 ἦλθον
3527 3225 3613 3298 ἀφ’

2295 3315 2412 3366 ὅσοι
2464 3309 2617 3371 ἦλθον
2700 3317 2773 3385 μὴ
2847 3311 2942 3365 διὰ
3004 3321 3098 3376 τῆς
3163 3319 3538 3388 προειρημένης
3597 3317 3789 3388 θύρας,
3840 3320 3907 3378 ὼς

2295 3398 2499 3463 Ἰούδας
2548 3406 2637 3454 καὶ
2671 3397 2868 3462 Θευδᾶς
2905 3406 2994 3454 καὶ
3053 3405 3179 3464 εἴτις
3235 3409 3488 3463 τοιοῦτος.
3519 3405 3583 3454 Οἱ
3631 3415 3908 3476 προφῆται

2293 3494 2394 3566 γὰρ
2444 3491 2538 3544 ούκ
2590 3487 2744 3548 ἦλθον
2818 3490 2902 3563 ἀφ’
2953 3490 3168 3556 ἑαυτῶν,
3226 3489 3331 3543 ἀλλ’
3392 3489 3772 3549 ἀπεστάλησαν
3853 3493 3911 3547 ἐκ

2295 3587 2384 3632 τοῦ
2412 3587 2566 3646 Θεοῦ,
2599 3585 2688 3632 καὶ
2711 3579 2796 3652 (9)
2841 3579 2934 3632 οὐκ
2989 3578 3226 3639 εἰσῆλθον
3277 3577 3585 3652 ἀλλαχόθεν,
3615 3577 3745 3634 ἀλλὰ
3808 3580 3910 3636 διὰ

2292 3677 2388 3730 τῆς
2420 3671 2597 3742 θύρας,

2363 3762 2478 3832 Χρὴ
2543 3754 2601 3810 δὲ
2651 3762 2923 3828 γινώσκειν
2963 3758 3040 3810 ὅτι
3077 3757 3324 3820 πολλάκις
3370 3759 3399 3817 ἡ
3455 3762 3632 3831 Γραφὴ
3686 3761 3903 3814 καθολι-

2290 3849 2378 3899 κὸν
2431 3849 2589 3898 τύπον
2650 3846 3074 3918 σχηματίζουσα
3122 3850 3340 3918 μερικὴν
3393 3849 3584 3900 ἔννοιαν
3636 3845 3899 3902 initiuma-

2289 3955 2396 3988 ται.
2434 3939 2504 3989 Τό
2532 3938 2634 4007 γὰρ
2669 3938 2858 3996 Πάντες
2884 3943 2970 3986 νῦν
3002 3935 3059 3988 ού
3104 3939 3301 3996 πάντας
3346 3934 3518 3998 ἁπλῶς
3569 3933 3724 3994 δηλοὶ
3775 3945 3895 4001 τοὺς

2287 4028 2386 4095 πρὸ
2422 4024 2602 4078 αὐτοῦ.
2657 4029 2900 4077 Τοιοῦτόν
2948 4023 3062 4076 ἐστι
3112 4027 3299 4076 καὶτὸ
3358 4030 3649 4077 Δαυῑτικόν·
3699 4029 3893 4090 Πάντες

2287 4113 2560 4179 ἐξέκλιναν,
2593 4113 2702 4186 ἅμα
2740 4114 3134 4186 ὴχρειώθησαν·
3166 4114 3224 4165 ού
3251 4115 3352 4188 γὰρ
3391 4119 3480 4166 καὶ
3508 4116 3559 4166 οἱ
3606 4117 3890 4174 τήνικαῦτα

2288 4202 2668 4275 θεοφιλεῐςυκαὶ
2697 4206 2753 4254 τό
2799 4202 3188 4275 Σολομὼντειον⁶
3239 4204 3418 4254 Πάντα
3466 4208 3779 4276 ματαιότης·
3831 4207 3885 4257 οὐ

2283 4294 2384 4366 ’γὰρ
2417 4295 2507 4344 καὶ
2538 4293 2567 4350 ἠ
2597 4291 2776 4366 ἀρετή.

3691 3227 3808 3280 iam
3814 3235 3890 3295 é‘o‘

2355 4558 2506 4613 ’Ἐστι
2554 4553 2613 4612 δὲ
2667 4559 2749 4612 ὅτε
2798 4560 2857 4610 τὸ
2897 4563 3003 4619 Πᾶς
3039 4559 3098 4610 τὸ
3151 4553 3342 4620 Οὐδείς
3400 4562 3667 4630 σημαίνει,
3719 4561 3780 4621 ὡς
3823 4565 3878 4613 τό

2283 4656 2376 4700 τοῦ
2436 4656 2686 4723 Σωτῆρος·
2765 4651 2864 4700 Καὶ
2925 4645 3085 4718 εἰμὴ
3159 4645 3555 4704 ἐκολοϐώθησαν
3622 4651 3682 4700 αἱ
3754 4652 3872 4719 ἠμέο

2280 4757 2370 4812 ραι
2413 4736 2619 4804 ἐκεῖναι,
2665 4736 2758 4789 οὐκ
2815 4734 2875 4786 ἃν
2932 4734 3103 4793 ἕσώθη
3170 4741 3320 4788 πᾶσα
3379 4735 3529 4809 σὰρξ,
3590 4739 3749 4809 ἤγουν
3787 4737 3863 4787 ού-

2284 4827 2440 4900 δεμία
2485 4827 2641 4900 σάρξ·
2689 4829 2779 4878 καὶ
2816 4827 2874 4877 τὸ
2927 4829 3219 4877 Δαυῐτικόν·
3258 4829 3358 4878 Καὶ
3405 4830 3479 4897 μὴ
3544 4845 3870 4902 κατακυριεύ-

2284 4921 2426 4971 σάτω
2476 4936 2575 4989 μου
2633 4922 2783 4969 πᾶσα
2854 4913 3061 4987 ἀνομία,
3119 4917 3378 4986 τουτέστι,
3451 4911 3716 4987 μηδεμία.
3781 4923 3874 4970 Καὶ

2280 5007 2442 5060 πολλὰ
2473 5013 2712 5062 τοιαῦτα.

2349 5095 2482 5148 Ἀλλ’
2527 5125 2595 5136 -
2641 5092 2898 5168 πρόϐαταο
2947 5095 3024 5147 Τὰ
3076 5091 3281 5155 ἀληθῶς
3339 5091 3597 5166 πρόϐατα.
3656 5092 3876 5148 K50115-

2252 5305 2274 5338 ³
2300 5300 2496 5360 Matth.
2521 5317 2674 5370 xxw,
2701 5302 2789 5358 22.
2891 5303 2910 5337 ³
2933 5297 3090 5359 Psal.
3120 5314 3276 5366 cvm,
3314 5299 3439 5357 133.

1763 5504 1988 5577 Variae
2015 5505 2344 5576 lectiones
2385 5513 2667 5573 etnotae.

581 5731 658 5830 (8)
695 5734 996 5803 Ᾱπέστιιλεν

2338 5728 2415 5816 (9)
2441 5731 2539 5783 Καὶ
2570 5726 2736 5788 abest
2772 5727 2842 5788 A.

4066 334 4072 670 1
