4130 6320
209 340 352 413 1325

1219 306 2534 411 COMMENT.INJOANNEM.—-CAP.X.

3465 364 3594 418 1326

214 483 298 534 Θιν
329 478 416 534 οὖν
443 476 600 538 δῆλον
638 480 716 533 ὅτι
745 478 803 532 ού
842 467 1221 555 συμπεριίλαϐε
1239 472 1327 523 καὶ
1354 474 1476 537 τοὺς
1506 483 1811 552 προφήτας’

1970 478 2066 535 inc
2104 478 2491 535 manifestum
2522 482 2625 544 est,
2658 476 2827 552 quod
2881 490 3006 534 non
3062 486 3595 558 comprehenderat

213 573 407 623 τούτων
435 572 535 643 γὰρ
560 572 690 627 ⁸ὁκου
698 588 812 623 σαν.

290 661 422 730 Ἐγώ
451 658 559 730 εἰμι
582 660 611 717 ἡ
648 660 886 732 θύρα.Τῷ
914 654 1293 730 διπλασιασμῷ
1309 662 1401 708 τοῦ
1431 656 1592 730 ῥητοῦ
1613 656 1821 731 βεϐαιοῖ

215 752 305 801 τὸν
334 747 503 819 λόγον.

291 838 367 889 Δι’
417 868 485 877 -
540 838 855 894 σωθήσεται.
913 838 1006 888 Διὰ
1044 845 1145 889 τῶν
1194 840 1325 909 ἱμῶν
1357 835 1567 889 ἐντολῶν
1628 836 1714 889 ἐάν
1741 856 1820 899 τις

218 924 441 999 ὀδεύση,
501 927 821 994 σωθήσεται,
874 928 1221 1001 ἀνερχόμενος
1271 926 1342 987 εἰς
1393 932 1486 984 τὴν
1526 927 1630 978 οἴνω
1694 928 1820 997 μάν-

219 1013 375 1089 δραν.

296 1108 397 1158 Καὶ
421 1136 489 1144 —-
529 1102 866 1167 ἐξελεύσεται.
895 1104 982 1166 Εἰς
999 1106 1166 1157 πάντα
1191 1108 1348 1157 τόπον
1379 1113 1473 1165 τῆς
1494 1103 1819 1177 οἰκουμένης,

219 1196 346 1266 ὅπερ
378 1198 463 1246 ἐπὶ
492 1202 591 1245 τῶν
624 1192 919 1246 ἀποστόλων
948 1197 1146 1265 γέγονε.

296 1287 395 1337 Καὶ
424 1288 586 1355 νομὴν
614 1284 841 1357 εὑρήσει.
877 1282 951 1335 Ού
982 1283 1224 1355 ψυχικὴν
1264 1287 1417 1354 μόνον
1459 1281 1585 1335 ἀλλὰ
1608 1288 1696 1335 καὶ
1726 1302 1819 1334 σω-

214 1376 444 1443 ματικήν
480 1388 492 1401 ·
526 1374 695 1423 πάντα
718 1373 817 1444 γὰρ
850 1375 915 1424 τὰ
953 1380 1052 1424 τῶν
1084 1377 1431 1425 πιστευόντων
1488 1372 1669 1433 αύτοίς
1700 1391 1823 1444 προ-

216 1464 382 1512 ἐκείτο
413 1459 545 1531 (ΙΟ).

293 1548 352 1603 Ὀ
404 1548 628 1610 πλέπτης
687 1580 755 1589 —
813 1549 1065 1622 ἀπολέσῃ.
1128 1550 1238 1602 Ούκ
1296 1552 1506 1624 ἔρχεται
1568 1547 1660 1602 διὰ
1722 1569 1823 1602 σω-

219 1643 409 1711 τηρίαν
438 1647 538 1689 τῶν
586 1638 881 1712 προϐάτων,
927 1641 969 1691 εἰ
1024 1644 1095 1712 μὴ
1132 1636 1225 1692 διὰ
1277 1643 1334 1691 τὸ
1386 1639 1573 1710 κλέψαι
1609 1645 1699 1691 καὶ
1734 1642 1828 1692 θύ-

223 1747 318 1779 σαι
371 1733 460 1780 καὶ
508 1728 789 1783 απολάσαι.
850 1734 950 1781 Καὶ
1003 1732 1105 1802 γὰρ
1162 1734 1253 1781 καὶ
1310 1729 1361 1781 οἰ
1416 1728 1686 1790 κλαπέντες
1724 1729 1824 1781 ύπό

225 1814 413 1869 Θευδᾶ
451 1821 541 1869 κάι
576 1815 756 1869 Ἰούδα
808 1816 1137 1889 ἐσφάγησαν,
1196 1822 1286 1870 καὶ
1330 1816 1592 1871 ἀπώλοντο
1630 1837 1828 1892 παραυ-

219 1924 364 1961 τικα.

299 1993 391 2068 [”Ο
451 1992 693 2058 διάϐολος
732 1996 939 2048 κλέπτει
989 1996 1101 2067 (ii)
1148 1998 1259 2068 μὲν,
1303 2015 1386 2048 οτε
1440 1994 1688 2069 λαμϐάνει
1734 1999 1827 2053 τὴν

224 2083 416 2155 ψυχὴν
445 2089 534 2137 καὶ
563 2088 788 2158 μὲθιστᾷ
837 2088 963 2159 πρὸς
1008 2084 1188 2137 ἑαυτὸν
1246 2088 1495 2157 καὶπρὸς
1548 2087 1615 2137 τὰ
1644 2084 1828 2137 ἑαυτοῦ

227 2172 496 2245 θελήματα
531 2192 545 2206 ·
593 2176 702 2227 θύει
738 2170 817 2241 δὲ,
868 2176 950 2226 ὅτε
1007 2174 1197 2245 σφάζει
1252 2178 1346 2232 τὴν
1392 2178 1697 2249 προαίρεσιν
1734 2170 1828 2223 αύ-

224 2269 342 2332 τῆς,
399 2267 489 2315 καὶ
545 2272 715 2337 νεκροί
754 2267 878 2336 πρὸς
919 2267 1007 2320 τὴν
1048 2261 1277 2337 ἐνάρετον
1321 2266 1457 2325 ζωήν
1526 2280 1538 2293 ο
1575 2261 1829 2314 ἀπόλλυσι

232 2346 315 2418 δὲ,
346 2352 430 2402 ὅτε
488 2358 578 2405 καὶ
616 2357 710 2410 τήν
739 2355 875 2404 κατὰ
927 2355 1055 2405 Θεὸν
1112 2356 1319 2424 μνήμην
1369 2353 1529 2414 αὐτῆς
1571 2351 1826 2423 ἀφανίζει,

230 2440 367 2491 ὥστε
417 2444 488 2512 μὴ
532 2437 793 2495 δύνασθαι
835 2442 1169 2514 μνημονεύειν
1222 2449 1316 2501 τῆς
1372 2440 1659 2513 μελλούσης
1720 2444 1830 2513 κρί-

234 2528 415 2601 σεως.]

318 2616 452 2691 Ἐγὼ
476 2652 541 2661 --
573 2623 760 2691 ἔχωσι.
793 2652 860 2660 -
884 2624 1030 2678 Ζωὴν
1062 2621 1281 2671 ἐνταῦθα
1300 2621 1391 2691 μὶν
1412 2623 1505 2677 τὴν
1523 2621 1656 2670 κατὰ
1679 2621 1829 2687 Θεὸν,

230 2714 299 2775 ἧς
331 2714 700 2785 περισσότερον
730 2711 760 2766 ἡ
797 2707 1044 2780 βασιλεία
1070 2716 1171 2759 τῶν
1201 2708 1428 2779 οὐρανῶν
1462 2724 1474 2736 ·
1508 2706 1613 2759 ἐκεῖ
1637 2704 1695 2758 δὲ
1738 2711 1832 2765 τὴν

230 2805 518 2875 μακαρίαν,
570 2800 631 2858 ἧς
662 2803 1028 2871 περισσότερον
1071 2796 1134 2849 Ἃ
1166 2795 1428 2867 ὀφθαλμός
1461 2796 1551 2848 οὐκ
1585 2792 1709 2864 εἶδε,
1743 2801 1831 2848 καὶ

232 2887 323 2949 οὖς
372 2889 466 2940 ούκ
510 2890 723 2949 ἤκουσε,
804 2890 892 2936 καὶ
969 2884 1052 2936 ἐπὶ
1122 2882 1346 2959 καρδίαν
1416 2883 1687 2959 ἀνθρώπου
1742 2885 1835 2937 οὐκ

234 2976 411 3043 ἀνέϐη,
468 2977 498 3034 ἣ
539 2980 627 3026 και
675 2976 705 3031 ἡ
765 2973 935 3026 τελεία
988 2971 1269 3045 ἐπίγνωσις
1316 2981 1410 3036 τῆς
1464 2974 1616 3046 ἁγίας
1669 2976 1835 3048 Τριά-

238 3064 347 3126 δος.

309 3157 441 3226 Ἐγὼ
483 3184 543 3193 ——
593 3150 766 3211 καλός.
819 3182 886 3191 —
922 3150 980 3203 Ὀ
1030 3150 1247 3214 ἀληθής.
1279 3158 1417 3205 ’Ἂνω
1473 3154 1562 3224 μεν
1616 3149 1702 3204 οὖν
1752 3154 1836 3205 θύα
1866 3184 1907 3243 C

237 3266 332 3317 ραν
394 3243 571 3296 ἑαυτόν
625 3241 863 3313 ὠνόμασε
902 3236 998 3292 διὰ
1045 3244 1137 3298 τὴν
1190 3239 1293 3293 ἐκεῖ
1344 3242 1593 3315 ῥηθεῖσαν
1641 3242 1833 3308 αἰτίαν,

240 3333 461 3385 ἐνταῦθα
510 3327 569 3383 δὲ
613 3332 834 3402 ποιμένα
896 3331 964 3390 ὡς
1009 3332 1075 3380 τὰ
1128 3337 1215 3381 τοῦ
1263 3334 1504 3401 ποιμένος
1567 3338 1835 3398 ποιοῦντα,

241 3422 275 3474 ἃ
306 3423 725 3496 παρατρέχοντες
784 3419 835 3468 οἱ
888 3421 1119 3489 ποιμένες
1169 3426 1266 3469 τῶν
1322 3416 1591 3471 Ἰουδαίων
1646 3417 1840 3471 ὀνειδι-

244 3516 420 3573 ζονται
472 3506 564 3561 δια
615 3515 706 3559 τοῦ
754 3510 1022 3581 προφήτου
1082 3508 1348 3573 Ἰεζεκιὴλ,
1408 3513 1525 3582 περὶ
1577 3509 1643 3559 ὧν
1689 3507 1838 3581 ἐροῦ-

242 3619 332 3673 μεν
363 3598 456 3650 ούκ
498 3596 569 3657 εἰς
616 3597 821 3668 μακράν
859 3597 973 3647 ’ἔτι
1004 3592 1064 3647 δε
1114 3601 1203 3647 καὶ
1255 3600 1323 3658 ὡς
1375 3600 1502 3671 πρὸς
1552 3603 1645 3655 τὴν
1703 3597 1839 3649 ἐκεῖ-

246 3691 326 3740 θεν
377 3682 613 3761 μάνδραν
673 3687 979 3756 συνάγοντα,
1021 3684 1193 3756 λόγοις
1224 3694 1565 3759 ποιμαντικῆς
1627 3685 1841 3744 ἐπιστή-

243 3796 367 3850 μης-

316 3867 397 3919 Ἐν
429 3863 600 3925 ἄλλοις
625 3859 683 3915 δὲ
714 3867 820 3915 καὶ.
857 3862 1120 3936 Πρόϐατον
1151 3862 1382 3916 καλεῖται
1411 3870 1499 3916 καὶ
1528 3867 1715 3938 Ἀμνός
1751 3870 1841 3918 καὶ

247 3957 468 4028 Σφάγιον
501 3957 592 4005 καὶ
637 3951 956 4025 Ἀρχιερεύς,
986 3956 1073 4003 καὶ
1102 3957 1265 4026 μυρία
1307 3954 1454 4028 ἕτερα
1492 3958 1615 4030 πρός
1639 3957 1730 4014 τὰς
1755 3974 1844 4007 πο-

246 4046 533 4119 λυτρόπους
561 4042 859 4112 οἰκονομίας
888 4040 1068 4094 αὐτοῦ.

320 4134 377 4185 '0
416 4136 606 4203 ποιμὴν
632 4161 699 4171 -
730 4128 1020 4202 προϐάτων,
1059 4130 1216 4183 Πάλιν
1232 4131 1364 4203 λέγει
1389 4134 1454 4183 τὰ
1474 4151 1845 4208 χαρακτηρισ-

252 4224 373 4274 τικὰ
392 4228 483 4273 τοῦ
514 4237 568 4271 τε
598 4222 839 4290 ποιμένος
866 4222 955 4270 καὶ
990 4226 1082 4271 τοῦ
1113 4221 1402 4291 μισθωτου.

320 4310 378 4362 Ὀ
413 4311 678 4382 μισθωτός
707 4339 774 4348 —-
809 4306 1067 4379 πρόϐατα.
1100 4308 1418 4383 Ἠρμηνευσε
1448 4314 1528 4370 τίς
1553 4307 1690 4362 ἔστιν
1726 4330 1848 4383 μισ-

255 4402 436 4469 θωτὸς,
475 4399 556 4450 ὅτι
585 4396 644 4449 οὗ
670 4388 762 4449 ούκ
794 4396 895 4448 εἰσὶ
918 4399 983 4448 τὰ
1009 4394 1247 4471 πρόϐατα
1275 4394 1406 4453 ἰδια.
1436 4401 1607 4460 Λύκος
1639 4395 1698 4450 δε
1728 4397 1845 4449 ἁνα-

250 4496 489 4558 γωγικῶς
518 4487 544 4537 ὁ
568 4485 767 4558 λυμεὼν
815 4490 903 4537 καὶ
936 4482 1220 4548 κακόδοξος
1260 4491 1350 4537 καὶ
1383 4488 1407 4537 ό
1442 4482 1677 4547 διάϐολος
1704 4489 1850 4548 ὅστις

251 4582 341 4627 καὶ
369 4575 490 4627 λέων
544 4574 746 4645 λέγεται
802 4578 891 4625 καὶ
946 4570 1152 4649 δράκων
1203 4580 1293 4627 καὶ
1324 4578 1431 4647 ὄφις
1473 4580 1561 4628 καὶ
1601 4581 1851 4649 σκορπίος

252 4675 341 4717 καί
381 4663 537 4726 ἀσπὶς
566 4668 655 4715 καὶ
696 4660 1006 4735 βασιλίσκος
1049 4668 1138 4715 καὶ
1174 4662 1336 4716 πολλὰ
1390 4664 1539 4738 ἕτερα
1586 4668 1714 4737 πρὸς
1759 4668 1849 4727 τὰς

254 4756 657 4827 κακομηχανίας
690 4750 848 4803 αὐτοῦ
873 4750 1005 4823 (12).

322 4929 383 4983 '0
451 4927 509 4984 δε
573 4930 834 5002 μισθωτός
896 4958 965 4971 -
1029 4928 1320 5003 προϐάτων.
1402 4935 1685 5003 Πανταχοῡ
1748 4935 1850 5006 γὰρ

252 5024 346 5081 τὴν
407 5016 548 5072 ἰδίαν
604 5021 864 5093 σωτηρίαν
914 5016 1077 5090 ζητεῖ,
1119 5026 1218 5071 τῶν
1249 5017 1410 5071 ἄλλων
1459 5018 1657 5092 ἀμελῶν
1692 5036 1703 5049 ·
1733 5021 1759 5071 ὁ
1792 5016 1850 5073 δὲ

348 5171 371 5207 ⁴
398 5170 420 5225 Ι
449 5167 577 5226 Cor.
599 5184 659 5237 ιι,
691 5170 742 5225 9.

1928 569 2107 623 etiam
2134 567 2451 639 prephetas
2480 586 2493 637 ;
2524 583 2665 624 nam
2695 570 2806 626 hos
2858 567 3199 628 audierunt.

1998 658 2159 711 Vers.
2187 658 2241 713 9.
2296 657 2414 727 Ego
2442 672 2573 713 sum
2629 659 2861 714 ostium.
2902 659 3065 716 Verbi
3096 661 3442 733 repetitione
3475 677 3593 719 ser-

1928 760 2168 801 monem
2202 761 2312 800 con
2322 746 2536 801 ﬁrmat.

2002 834 2165 889 Vers.
2189 836 2240 889 9.
2288 837 2404 891 Per
2448 866 2518 875 --
2562 836 2914 893 salvabitur.
2950 838 3059 895 Per
3097 855 3232 896 mea
3272 843 3587 912 praecepta,

1931 924 1977 979 si
1993 924 2127 995 quis
2150 923 2563 991 ambulaverit,
2598 925 2921 983 salvabitur
2938 928 3270 985 ascendens
3305 928 3365 985 in
3385 943 3589 1001 super-

1932 1029 2074 1069 nam
2103 1029 2499 1070 manetonem.

2006 1102 2168 1157 Vers.
2232 1105 2283 1157 9.
2341 1103 2415 1157 Et
2453 1133 2521 1143 —-
2551 1104 2903 1174 egredietur.
2962 1106 3050 1162 Ad
3078 1122 3323 1164 omnem
3379 1107 3591 1163 mundi

1933 1193 2128 1247 locum
2164 1191 2360 1263 ;quod
2381 1191 2456 1246 de
2482 1193 2763 1265 apostolis
2794 1193 3017 1251 factum
3053 1200 3164 1253 est.

2006 1280 2167 1336 Vers.
2226 1284 2276 1335 9.
2328 1282 2404 1335 Et
2468 1297 2693 1350 pascua
2748 1284 3019 1340 inveniet.
3078 1288 3205 1341 Non
3263 1285 3593 1358 spiritualia

1933 1370 2151 1433 solum,
2192 1369 2299 1424 sed
2325 1374 2383 1424 et
2413 1372 2759 1441 temporalia
2792 1389 2804 1427 :
2862 1390 3002 1429 nam
3049 1376 3253 1430 omnia
3290 1391 3427 1447 qua:
3454 1379 3593 1433 sunt

1933 1459 2309 1522 credentium,
2346 1459 2430 1513 eis
2463 1458 2604 1515 data
2643 1464 2803 1515 sunt.

2007 1547 2167 1601 Vers.
2225 1548 2312 1601 10.
2361 1547 2490 1601 Fur
2549 1579 2611 1587 —-
2666 1551 2900 1616 perdat.
2944 1553 3072 1606 Non
3125 1552 3289 1606 venit
3345 1557 3591 1625 propter

1935 1636 2189 1692 salutem
2212 1636 2436 1702 ovium,
2466 1637 2566 1691 sed
2594 1642 2823 1693 tantum
2850 1640 2925 1695 ad
2948 1640 3294 1706 furandum,
3327 1647 3592 1695 mactan-

1936 1727 2097 1791 dum,
2139 1741 2204 1780 ac
2236 1725 2619 1795 perdendum.
2672 1729 2818 1782 Nam
2858 1733 2914 1783 et
2960 1730 3000 1782 ii
3054 1728 3157 1801 qui
3217 1729 3366 1784 furto
3407 1729 3591 1786 ablati

1937 1822 2075 1872 sunt
2111 1831 2147 1870 a
2175 1813 2418 1870 Theuda
2454 1819 2511 1870 et
2554 1814 2724 1881 Juda,
2752 1814 3009 1886 jugulati
3035 1822 3173 1872 sunt
3211 1822 3268 1873 et
3306 1817 3591 1873 continuo

1937 1905 2260 1977 perierunt.

2008 1993 2427 2065 +1-Diabolus
2478 1993 2709 2049 furatur
2763 1994 3032 2073 quidem,
3085 2011 3225 2052 cum
3275 1996 3593 2068 prehendit

1938 2084 2204 2140 animum
2236 2083 2586 2139 ettransfert
2613 2082 2692 2139 ad
2722 2100 2783 2139 se
2813 2089 2870 2139 et
2896 2085 2975 2140 ad
3006 2084 3373 2141 voluntatem
3394 2100 3589 2143 suam.

1940 2176 2153 2229 Mactat
2185 2178 2408 2238 autem,
2449 2170 2697 2243 quando
2756 2173 3027 2229 interﬁcit
3060 2174 3325 2229 studium
3363 2175 3492 2245 ejus
3537 2178 3593 2231 et

1942 2262 2257 2317 mortiﬁcat
2282 2266 2549 2332 respectu
2587 2261 2743 2325 vitae,
2774 2278 2908 2333 quae
2940 2267 3028 2318 est
3051 2263 3383 2318 secundum
3415 2262 3594 2317 virtu-

1938 2355 2057 2407 tem
2087 2367 2101 2417 ;
2145 2350 2336 2422 perdit
2361 2366 2520 2415 vero,
2557 2349 2803 2421 quando
2834 2352 3177 2407 memoriam
3198 2351 3295 2406 Dei
3321 2350 3489 2417 tollit,
3518 2365 3594 2406 ne

1938 2440 2230 2495 recordari
2264 2440 2453 2511 possit
2477 2438 2687 2509 judicii
2722 2439 2915 2495 futuri.

2013 2615 2835 2686 Vers.10.Ego-habeant.—
2850 2616 3040 2673 Vitam
3052 2617 3167 2684 ;hic
3194 2617 3439 2690 quidem
3456 2632 3592 2673 eam

1943 2721 2078 2778 quae
2110 2704 2437 2759 secundum
2473 2706 2657 2759 Deum
2683 2710 2788 2769 est,
2825 2705 2993 2777 cujus
3035 2706 3595 2778 superabundantia

1943 2800 2033 2849 cst
2048 2808 2299 2862 regnum
2318 2793 2604 2849 caelorum
2626 2812 2639 2862 ;
2662 2794 2747 2850 ibi
2767 2810 2902 2850 vero
2924 2796 3259 2858 beatam,cu
3263 2796 3362 2866 jus
3386 2811 3598 2867 super-

1943 2882 2318 2939 abundantia
2364 2887 2517 2949 sunt,
2551 2898 2689 2954 quae
2730 2882 2941 2938 oculus
2968 2898 3091 2940 non
3129 2884 3295 2953 vidit,
3329 2890 3385 2940 et
3430 2884 3596 2941 auris

1946 2988 2063 3028 non
2088 2971 2337 3037 audivit,
2364 2977 2419 3027 et
2449 2972 2509 3027 in
2548 2987 2651 3028 cor
2675 2972 2937 3028 hominis
2969 2988 3089 3029 non
3124 2974 3522 3030 ascenderunt
3550 2976 3594 3041 ‘,

1944 3066 2048 3117 aut
2086 3061 2261 3117 etiam
2305 3059 2565 3132 perfecta
2606 3066 2828 3117 sanctae
2856 3063 3153 3119 Trinitatis
3187 3064 3467 3134 cognitio.

2020 3153 2179 3206 Vers.
2227 3152 2312 3204 11.
2382 3151 2511 3221 Ego
2562 3182 2630 3190 —
2672 3151 2874 3206 bonus.
2938 3182 3007 3191 —-
3073 3152 3271 3207 Verus.
3322 3154 3600 3225 Superius

1946 3255 2208 3312 namque
2234 3238 2451 3295 ostium
2509 3239 2831 3311 appellavit
2859 3240 3133 3312 seipsum,
3177 3247 3421 3313 propter
3464 3258 3601 3298 cau-

1947 3344 2074 3383 sam
2106 3328 2184 3383 ibi
2228 3327 2448 3383 dictam
2482 3343 2494 3393 ;
2527 3328 2622 3383 hic
2680 3334 2877 3383 autem
2930 3332 3251 3394 Pastorem,
3313 3336 3602 3401 tanquam

1946 3432 2017 3473 ea
2041 3434 2177 3490 qum
2204 3417 2456 3488 pastoris
2486 3421 2623 3471 sunt
2650 3421 3048 3487 praestantem,
3082 3433 3218 3489 quae
3260 3419 3603 3489 praetermit-

1949 3511 2132 3562 tentes
2153 3511 2424 3578 pastores
2440 3505 2779 3560 Judaaorum
2803 3507 3315 3577 reprehenduntur
3340 3523 3445 3579 per
3468 3524 3603 3579 pro-

1948 3597 2189 3669 phetam
2232 3595 2495 3651 Ezechiel
2529 3612 2542 3649 :
2574 3596 2648 3650 de
2687 3595 2908 3668 quibus
2946 3599 3129 3668 paulo
3171 3598 3603 3668 postdicemus.

1950 3685 2237 3740 Praeterea
2254 3684 2431 3739 etiam
2448 3689 2731 3754 tanquam
2745 3685 3120 3740 sermonibus
3133 3685 3273 3740 artis
3298 3685 3605 3758 pascendi,

1950 3775 2029 3831 ad
2058 3788 2383 3844 supernam
2437 3786 2811 3842 congregans
2852 3774 3247 3829 mansionem.

2022 3864 2085 3917 In
2117 3860 2246 3916 aliis
2272 3876 2514 3932 quoque
2568 3860 2716 3915 locis
2763 3860 2895 3917 Oris
2954 3868 3218 3927 vocatur,
3274 3866 3330 3917 et
3378 3864 3606 3932 Agnus,

1955 3967 2023 4007 ac
2066 3951 2313 4006 Victima
2342 3956 2399 4005 et
2427 3949 2724 4018 Pontifex,
2769 3950 3021 4022 aliisque
3054 3951 3211 4008 mille
3240 3952 3604 4021 nominibus,

1948 4044 2119 4112 juxta
2144 4040 2337 4095 varios
2380 4038 2761 4110 dispensandi
2804 4039 3038 4095 modos.

2026 4129 2187 4185 Vers.
2228 4130 2316 4183 11.
2375 4129 2595 4184 Pastor
2655 4161 2705 4170 ο·-
2761 4129 2983 4186 ovibus.
3028 4130 3286 4185 Rursum
3316 4146 3386 4186 ea
3444 4132 3613 4203 ponit

1954 4235 2089 4291 quae
2121 4230 2243 4275 tum
2280 4224 2604 4289 pastorem,
2631 4224 2753 4274 tum
2772 4219 3205 4274 mercenarium
3238 4218 3573 4289 designent.

2032 4310 2183 4362 Vers.
2250 4308 2335 4361 t2.
2396 4307 2792 4362 Mercenarius
2856 4338 2922 4346 -
2979 4322 3126 4363 oves.
3188 4312 3611 4379 Interpretatur

1957 4396 2090 4469 quis
2116 4396 2349 4450 dicatur
2400 4395 2819 4459 mercenarius,
2873 4394 2923 4448 is
2962 4395 3251 4459 videlicet,
3285 4398 3458 4464 cujus
3488 4412 3609 4451 non

1959 4490 2096 4539 sunt
2125 4500 2266 4540 oves
2324 4484 2600 4555 proprias.
2628 4485 2823 4554 Lupus
2874 4499 3014 4538 vero
3042 4485 3369 4555 anagogice
3422 4483 3472 4537 is
3504 4490 3610 4549 est,

1957 4574 2059 4647 qui
2088 4574 2294 4645 perdit,
2320 4578 2378 4628 et
2401 4572 2590 4644 quide
2623 4572 2778 4627 malo
2798 4572 3078 4639 gloriatur
3102 4574 3265 4643 (t),ac
3302 4572 3603 4644 diabolus,

1958 4663 2264 4735 quietiam
2310 4660 2398 4716 leo
2456 4661 2681 4727 dicitur,
2737 4659 2939 4722 draco,
2996 4676 3257 4731 serpens,
3318 4662 3612 4733 scorpius,

1959 4751 2120 4823 aspis
2182 4766 2252 4806 ac
2308 4748 2639 4817 basiliscus,
2685 4748 3007 4819 multisque
3067 4749 3196 4803 aliis
3245 4750 3615 4816 nominibus,

1953 4844 2118 4916 juxta
2144 4840 2297 4895 illius
2330 4839 2519 4893 varias
2558 4837 2795 4893 malitiae
2840 4839 3156 4893 versutias.

2031 4929 2193 4985 Vers.
2227 4931 2312 4985 l3.
2347 4928 2745 4984 Mercenarius
2812 4942 2945 4983 vero
2977 4957 3042 4968 —
3070 4944 3249 4984 curae.
3308 4932 3458 4985 Nam
3491 4928 3621 4985 ubi-

1959 5035 2077 5093 que
2094 5019 2398 5091 propriam
2431 5020 2637 5090 quaarit
2663 5016 2940 5086 salutem,
2980 5016 3230 5074 aliorum
3262 5018 3573 5089 negligens
3604 5036 3618 5075 :

1458 5294 1680 5365 Variae
1712 5295 2038 5366 lectiones
2071 5303 2135 5363 et
2166 5304 2369 5363 notae.

466 5495 742 5566 ῌρόκειται
775 5495 827 5545 Β.

326 5492 415 5563 (10
466 5495 742 5566 Πρόκειται
775 5495 827 5545 Β.

326 5492 440 5637 (Hi
455 5564 587 5620 Haec
611 5564 673 5619 in
695 5561 967 5634 margine
987 5561 1170 5622 habet
1194 5562 1383 5622 codex
1408 5564 1855 5638 uterque.Caret

325 5565 410 5633 (ιι

1966 5492 2039 5551 iis
2074 5492 2416 5549 Hentenius.
3026 5540 3027 5543 η

2038 5565 2156 5639 (12)
2191 5568 2327 5639 Πρός
2356 5566 2445 5624 τὰς
2469 5560 2705 5623 ποικίλας
2728 5562 2975 5635 μηχανὰς
3012 5558 3174 5615 αὐτοῦ
3201 5564 3266 5617 Α.

328 5743 392 5817 (t)
416 5744 482 5798 Et
508 5741 611 5817 qui
636 5741 708 5799 de
730 5741 891 5800 malo
915 5742 1226 5815 gloriatur.
1258 5738 1557 5808 Κακὸδοξος
1582 5742 1643 5799 h.
1669 5741 1707 5799 l.
1743 5758 1837 5818 op]

1975 5748 2067 5801 tur
2096 5752 2167 5795 τῶ
2195 5738 2475 5819 ὁρθοδόξῳ.
2525 5744 2621 5800 Est
2645 5757 2786 5816 ergo
2816 5740 3141 5804 haereticus.
