4130 6320
599 341 745 411 132'?
1949 338 2305 408 EUTHYMII
2341 344 2666 408 ZIGABEN’I
3889 356 4050 412 132.-

603 477 708 552 qui
737 483 932 534 autem
973 492 1104 532 vere
1135 483 1335 549 pastor
1385 479 1493 545 est,
1525 475 1893 532 contrarium
1918 474 2060 531 facit
2093 492 2105 529 :
2133 492 2234 548 prc

2416 476 2582 537 ληθὴς
2611 480 2804 548 ποιμὴν
2849 475 3138 530 τούναντίον
3176 488 3336 549 ποιεῖ,
3395 488 3491 544 τῆς
3547 481 3751 535 ἑαυτοῦ
3812 480 4047 554 ἀμελῶ)

607 568 784 638 priam
809 565 1138 636 negligens,
1171 566 1373 620 ovium
1406 565 1623 637 quaerit
1651 564 1928 619 salutem.
1977 567 2133 619 Duos
2165 565 2238 620 ita

2413 571 2472 624 ὴν
2521 574 2620 618 τῶν
2665 565 2935 638 προϐάτων
2986 567 3152 627 ζητεῖ.
3211 573 3309 622 Δύο
3367 567 3455 622 οὖν
3509 573 3674 628 ἔθηκε
3713 571 4044 644 λυμεῶνας,

605 673 723 729 que
755 657 951 728 posuit
979 660 1356 726 corruptores
1396 670 1501 710 seu
1537 657 1860 709 vastatores
1898 671 1910 708 :
1946 668 2080 709 eum
2111 654 2236 708 vide

2412 659 2464 706 όν
2521 653 2798 728 ἐρχόμενον
2875 657 2956 706 ἶνα
3019 656 3180 730 κλέψῃ
3247 664 3333 711 καὶ
3393 662 3528 732 θύσῃ
3579 665 3681 712 καὶ
3744 660 4043 730 cimolia,

604 747 759 812 licet,
787 744 884 816 qui
918 743 1074 800 venit
1100 749 1164 798 ut
1219 742 1462 810 furetur,
1507 749 1563 798 et
1615 747 1852 811 mactet,
1893 759 1964 799 ac
2007 742 2220 814 perdat

2411 747 2460 794 αἱ
2507 746 2595 795 τὸν
2658 745 2948 818 θεωροῦντα
2994 748 3079 796 τὸν
3109 745 3261 798 λύκον
3321 747 3608 822 ἐρχόμενον
3653 755 3754 802 καὶ
3793 750 4041 821 signinum

603 835 855 890 alterum
877 849 1039 898 vero,
1081 832 1183 904 qui
1215 831 1376 887 videt
1423 832 1634 903 lupum
1660 831 1993 887 venientem
2022 836 2077 887 et
2105 831 2234 886 dese

2409 835 2440 884 ὰ
2471 831 2710 906 πρόϐατα
2763 837 2850 884 καὶ
2901 836 3157 905 φεύγοντα
3206 853 3217 865 ’
3250 833 3345 888 διὰ
3389 839 3479 909 μὲν
3527 846 3622 890 τοῦ
3652 847 3888 911 πρώτου
3939 846 4033 891 τόν

601 926 676 979 rit
701 939 839 979 oves
871 939 939 978 ac
965 922 1115 990 fugit
1156 938 1169 976 :
1203 937 1308 993 per
1351 921 1614 992 primum
1670 921 1916 992 quidem
1957 920 2232 976 Theudan

2402 918 2583 973 irudév
2633 926 2724 973 καὶ
2776 920 2978 974 Ἰούδαν
3028 923 3390 996 αἰνιττόμενος,
3433 923 3528 978 διὰ
3581 925 3648 980 δὲ
3682 937 3788 980 τοῦ
3836 926 4033 980 δευτέ-

600 1029 667 1068 ac
704 1012 922 1067 Judam
950 1011 1264 1064 insinuans
1298 1025 1434 1080 ;per
1460 1009 1788 1064 secundum
1804 1015 2005 1066 autem
2034 1009 2231 1064 Judsec

2392 1029 2465 1061 iOU
2492 1015 2610 1073 τοὺς
2658 1007 2926 1064 Ἰουδαίων
2966 1008 3326 1076 διδασκάλους
3373 1015 3880 1090 ἁφροντιστοῦντας
3923 1028 4023 1068 re}.

601 1118 735 1158 rum
777 1101 1120 1171 magistros,
1149 1115 1347 1154 eorum
1397 1114 1605 1154 curam
1653 1114 1774 1155 non
1819 1099 2130 1166 habentes,
2161 1115 2232 1170 qu

2390 1101 2869 1172 ἑμπεπιστευμένων,
2903 1105 2993 1152 καὶ
3041 1099 3393 1177 προδιδόντας
3441 1109 3500 1156 τὸ
3555 1111 3850 1176 ποίμνιον,
3886 1110 4021 1158 ὄντες

603 1190 715 1245 sibi
742 1188 1069 1245 concrediti
1119 1195 1308 1254 erant,
1354 1189 1476 1244 imo
1501 1203 1743 1259 gregem
1777 1189 1973 1260 potius
2006 1188 2231 1259 proden

2388 1194 2461 1240 ιαὶ
2484 1185 2578 1240 διὰ
2605 1196 2696 1240 τοῦ
2736 1195 2996 1261 προφήτου
3031 1191 3292 1256 Ἰεζεκιὴλ,
3321 1196 3392 1254 ὡς
3422 1196 3654 1266 εἴρηται,
3705 1193 4019 1257 cyathi-5:-

601 1287 707 1336 tes.
729 1279 900 1346 Quod
925 1277 1103 1335 etiam
1125 1277 1238 1331 illis
1267 1277 1680 1348 exprobratur,
1702 1282 1762 1333 ut
1787 1277 2013 1332 dictum
2032 1282 2137 1340 est,
2162 1293 2232 1348 pe

2386 1296 2457 1328 rat
2487 1277 2716 1349 λέγοντος
2747 1295 2760 1308 ·
2791 1278 2861 1330 Ὠ
2912 1281 2961 1330 οἱ
2990 1285 3222 1351 ποιμένες
3280 1282 3509 1354 Ἰσραὴλ,
3563 1289 3642 1355 μὴ
3688 1283 4017 1356 [Bome-.27:

601 1371 950 1443 prophetam
1001 1365 1258 1422 Ezechiel
1288 1367 1582 1422 dicentem
1634 1382 1646 1419 :
1677 1367 1720 1422 0
1757 1373 2022 1435 pastores
2050 1367 2232 1422 Israel

2388 1365 2586 1428 Ξαυτοὺς
2622 1369 2670 1419 οἱ
2695 1371 2931 1439 ποιμένες
2990 1387 3004 1435 ;
3036 1369 3164 1439 οὐχὶ
3215 1373 3280 1422 τα
3326 1370 3562 1445 πρόϐατα
3602 1372 3942 1445 βοσκουσιν
3975 1397 4019 1426 st

600 1475 738 1514 num
781 1465 1049 1527 pastores
1095 1457 1305 1526 seipsos
1365 1454 1667 1527 pascunt?
1694 1471 1890 1512 nonne
1926 1471 2054 1512 oves
2100 1455 2262 1524 ipsas
2369 1458 2645 1527 ποιμένες;

595 1553 854 1618 pascunt
882 1553 1152 1616 pastores
1184 1546 1204 1580 ⁵
1238 1543 1267 1598 ‘i’

670 1636 892 1692 Deinde
941 1651 1126 1707 opera
1175 1650 1420 1706 quoque
1465 1634 1719 1704 pastoris
1788 1636 2077 1700 recenset,
2127 1648 2260 1704 quae

2440 1629 2568 1685 Εἶτα
2617 1635 2885 1707 καταλέγει
2914 1640 3003 1689 καὶ
3035 1639 3099 1689 τὰ
3147 1640 3275 1712 ἔργα
3317 1646 3409 1690 τοῦ
3467 1644 3741 1712 ποιμένος,
3805 1643 3847 1694 ἆ
3906 1665 4021 1695 7::-

599 1725 1168 1799 praatermittebant:
1202 1723 1343 1796 quia
1393 1738 1582 1794 neque
1639 1729 1930 1778 errantem
1967 1738 2140 1777 ovem
2172 1737 2230 1777 re

2388 1726 2630 1795 »ἐτριχον,
2659 1724 2740 1776 ὅτι
2769 1727 2886 1776 οὔτε
2915 1728 2973 1776 τὸ
3000 1725 3379 1798 πεπλανημένον
3411 1725 3752 1802 ἐπέστρεφον,
3788 1737 3928 1784 οὔτε
3953 1753 4019 1784 το

597 1815 920 1880 ducebant,
974 1829 1162 1886 neque
1241 1812 1539 1884 perditam
1608 1812 2006 1884 requirebant,
2061 1826 2228 1882 nequ!

2388 1811 2628 1874 ιπολωλός
2658 1811 2944 1879 ἒξεζήτουν,
2977 1818 3093 1867 οὔτε
3129 1818 3186 1866 τὸ
3229 1823 3664 1888 συντετριμμένον
3696 1817 4019 1892 ἐδέσμουν.

598 1905 912 1960 contritam
940 1903 1271 1972 alligabant
1296 1901 1400 1972 (ιι),
1428 1917 1624 1973 neque
1645 1901 1901 1956 debilem
1918 1900 2204 1957 curabant

2388 1903 2482 1952 »ὔτε
2509 1905 2566 1952 τὸ
2595 1899 2892 1974 ἆῤῥωστοῡν
2924 1903 3249 1978 ἐθεράπευον,
3283 1901 3462 1964 ἐπειδὴ
3505 1905 3755 1972 ἑαυτοὺς,
3797 1919 3906 1962 καὶ
3955 1915 4019 1963 οὐ

598 1995 742 2066 quia
773 1994 1020 2063 seipsos,
1055 2007 1175 2047 non
1206 2006 1350 2046 oves
1372 1990 1721 2060 pascebant.

1324 2007 1350 2044 s
1372 1990 1721 2060 pascebant.
2366 1993 2431 2042 τὰ
2460 1989 2698 2062 πρόϐατα
2721 1989 2955 2044 ἔϐοσκον.

672 2083 749 2136 De
781 2081 1038 2151 utrisque
1068 2095 1209 2149 ergo
1257 2095 1393 2150 qua:
1449 2077 1616 2142 dixit,
1652 2078 1915 2149 seipsum
1945 2077 2006 2132 in
2058 2095 2255 2134 exem-

2437 2080 2518 2131 Ἐν
2551 2080 2629 2139 οἷς
2654 2075 2742 2131 οὖν
2782 2077 2917 2133 εἶπεν
2967 2080 3263 2155 ἀμφοτέρων
3292 2079 3571 2142 διέστησεν
3598 2088 3722 2158 (13)
3751 2088 3972 2142 ἑαυτόν
4007 2111 4015 2118 ·

598 2171 765 2244 plum
792 2169 1113 2226 constituit.
1152 2171 1228 2223 De
1255 2168 1460 2239 primis
1489 2167 1726 2238 quidem
1752 2168 1810 2222 in
1855 2183 1946 2232 eo,
2001 2168 2167 2239 quod
2195 2187 2229 2222 St

2380 2173 2460 2216 τῶν
2491 2173 2706 2239 πρώτων
2732 2171 2822 2239 μὶν
2849 2167 2898 2220 ἐν
2937 2179 3008 2240 τῷ
3039 2168 3217 2231 ἐλθεῖν,
3250 2172 3331 2222 ἱνα
3374 2172 3650 2244 ﬁnitioni)
3686 2178 3888 2246 ἔχωσι
3916 2187 4011 2230 καὶ

598 2260 680 2315 ait
710 2259 958 2323 venisse,
997 2265 1060 2313 ut
1092 2262 1272 2314 vitam
1320 2256 1596 2324 habeant,
1628 2263 1679 2312 et
1713 2257 2117 2312 abundantius
2145 2258 2229 2314 ha

2378 2259 2612 2326 τερισσόν
2643 2259 2812 2327 ἔχωσι
2855 2276 2867 2286 ο
2909 2267 3008 2310 τῶν
3041 2255 3293 2331 δευτέρων
3348 2257 3408 2312 δὲ
3445 2263 3494 2312 ἐν
3533 2272 3607 2333 τῷ
3659 2271 3765 2322 τήν
3789 2266 4009 2338 ψυχὴν

602 2349 776 2406 beant
807 2348 916 2414 ;de
946 2347 1226 2402 secundis
1257 2346 1470 2401 veroin
1502 2361 1573 2401 eo
1599 2346 1752 2418 quod
1784 2345 2050 2401 animam
2079 2363 2233 2402 suam

2370 2343 2522 2396 αὐτοῦ
2555 2346 2716 2397 θεῖναι
2742 2347 2868 2418 ὑπὲρ
2918 2347 3019 2399 τῶν
3047 2346 3340 2422 προϐάτων.
3413 2350 3541 2404 Ἀπὸ
3589 2360 3724 2422 γοῦν
3756 2364 3864 2407 τοῦ
3900 2362 4001 2415 τὴν

596 2443 781 2508 ponat
812 2452 919 2508 pro
949 2436 1180 2492 ovibus.
1217 2433 1522 2508 Siquidem
1557 2451 1627 2490 ex
1657 2435 1772 2490 hoc
1788 2435 1951 2506 quod
1985 2435 2227 2490 animari

2368 2432 2544 2505 ψυχὴν
2576 2433 2734 2486 αὐτοῦ
2789 2437 2949 2487 θεῖναι
3006 2438 3131 2508 ὑπὲρ
3185 2445 3285 2488 τῶν
3336 2437 3610 2511 προϐάτων
3686 2441 3999 2498 ἐϐεϐαίωσε

597 2543 770 2582 suam
801 2531 984 2597 ponat
1033 2541 1142 2598 pro
1193 2524 1428 2590 ovibus,
1485 2523 1803 2579 conﬁrmat
1829 2523 2031 2591 etiam,
2085 2539 2228 2595 quor

2359 2527 2447 2574 καὶ
2544 2526 2602 2574 τό
2668 2523 2848 2591 ἐλθεῖν,
2939 2525 3020 2576 ἵνα
3098 2528 3234 2588 ζωὴν
3299 2529 3489 2596 ἔχωσι,
3550 2534 3642 2581 καὶ
3713 2540 3989 2605 περισσόν

599 2616 920 2679 venerit,ut
951 2618 1130 2672 vitam
1154 2614 1427 2677 habeant,
1455 2620 1508 2670 et
1533 2613 1937 2669 abundantius
1969 2613 2246 2670 habeant.
2358 2615 2548 2683 ἔχωσι.

666 2706 812 2761 Dicit
833 2705 991 2760 enim
1043 2711 1096 2760 et
1145 2702 1362 2759 Paulus
1412 2703 1518 2758 :Si
1545 2719 1677 2759 cum
1707 2703 1936 2759 inimici
1977 2718 2242 2766 essemus,

2428 2707 2565 2758 Φησὶ
2597 2697 2655 2754 δὲ
2683 2707 2772 2754 καὶ
2812 2701 3009 2762 Παῦλος
3035 2719 3046 2730 ’
3075 2703 3134 2758 Εἰ
3161 2703 3348 2776 ἐχθροὶ
3401 2710 3534 2768 ὄντες
3557 2709 3979 2785 κατηλλάγημεν

595 2794 972 2852 reconciliati
1007 2808 1210 2848 sumus
1261 2794 1382 2848 Deo
1433 2808 1542 2861 per
1607 2799 1854 2848 mortem
1908 2791 2053 2846 Filii
2101 2793 2222 2858 ejus

2355 2799 2426 2860 τῷ
2459 2798 2573 2861 Θεῷ
2605 2787 2640 2842 δ
2646 2793 2700 2842 ιά
2725 2799 2817 2843 τοῦ
2847 2793 3068 2843 θανάτου
3094 2800 3186 2844 τοῦ
3212 2800 3336 2846 Υὶοῡ
3361 2795 3542 2860 αυτού,
3577 2797 3762 2869 πολλῷ
3781 2802 3973 2864 μᾶλλον

593 2885 783 2938 multo
806 2882 991 2952 magis
1021 2882 1394 2937 reconciliati
1413 2881 1570 2936 salvi
1583 2881 1801 2937 erimus
1820 2884 1840 2915 ⁶
1864 2897 1876 2946 ;
1895 2885 1952 2935 et
1973 2896 2206 2934 rursum

2354 2879 2750 2952 καταλλαγέντες
2792 2883 3158 2954 σωθησόμεθα.
3189 2889 3286 2935 Καὶ
3313 2884 3588 2947 πάλιν.”ος
3615 2906 3677 2957 γε
3712 2900 3810 2942 τοῦ
3832 2889 3967 2944 ἰδίου

596 2972 707 3038 Qui
727 2972 972 3040 proprio
985 2970 1141 3025 Filio
1159 2986 1276 3024 non
1288 2970 1673 3038 pepercit,sed
1692 2985 1803 3036 pro
1816 2969 1982 3024 nobis
1995 2968 2227 3024 tradidi

2358 2970 2477 3020 Υίοῦ
2506 2969 2598 3020 οὐκ
2629 2969 2890 3040 ἐφείσατο,
2922 2968 3028 3022 ἀλλ’
3076 2972 3201 3043 ὑπὲρ
3255 2973 3401 3043 ἡμῶν
3427 2975 3632 3026 πάντων
3661 2977 3965 3052 παρέδωκεν

590 3060 784 3125 illum,
801 3059 1092 3132 quomodo
1107 3073 1223 3114 non
1238 3073 1372 3114 cum
1386 3058 1496 3113 illo
1517 3057 1716 3114 omnia
1731 3059 1893 3114 nobis
1909 3057 2152 3113 donabit
2173 3059 2193 3092 ⁷
2215 3061 2221 3109 1

2353 3057 2528 3126 αὐτὸν,
2548 3066 2652 3118 πῶς
2684 3057 2810 3129 οὐχὶ
2843 3062 2937 3111 σὺν
2977 3060 3119 3129 αὐτῷ
3153 3063 3217 3111 τὰ
3257 3064 3425 3114 πάντα
3453 3065 3578 3135 ἡμῖν
3610 3067 3738 3134 (15)
3771 3079 3953 3140 laessi-

2281 3163 2478 3223 Crat;

660 3241 822 3294 Vers.
851 3237 933 3292 14.
969 3237 1096 3306 Ego
1137 3266 1195 3278 —
1245 3235 1448 3291 bonus.
1482 3237 1548 3290 Et
1582 3233 1891 3307 quomodo
1922 3249 2041 3290 non
2073 3232 2238 3291 dixe-

2423 3234 2561 3305 Ἐγὼ
2595 3267 2656 3276 --
2686 3234 2861 3297 καλός.
2898 3241 2999 3290 Καὶ
3030 3245 3138 3299 πῶς
3166 3237 3258 3289 οὐκ
3297 3234 3438 3291 εἶπον
3469 3239 3610 3310 αὐτῷ
3651 3243 3677 3294 ὃ
3704 3251 3810 3298 καὶ
3838 3251 3957 3299 πεο-

585 3335 726 3384 runt
750 3327 853 3395 illi,
885 3327 1051 3398 quod
1081 3331 1139 3381 et
1163 3324 1326 3396 prius
1357 3341 1367 3378 :
1411 3327 1495 3380 Tu
1525 3325 1597 3381 de
1627 3325 1804 3394 teipse
1847 3324 2216 3380 testimoniun

2349 3343 2510 3396 τερον,
2541 3325 2620 3375 ὅτι
2675 3328 2740 3376 Σὺ
2771 3329 2888 3395 περὶ
2921 3334 3138 3378 σεαυτοῦ
3183 3335 3468 3402 μαρτυρεῖς
3497 3345 3510 3392 ;
3543 3335 3689 3382 Διὸτι
3723 3341 3849 3387 τότε

580 3416 854 3487 perhibes
885 3418 906 3451 ⁸
933 3414 961 3470 ?
991 3414 1140 3481 Quia
1168 3419 1310 3469 tunc
1364 3413 1821 3486 responsionem
1865 3419 2211 3484 acceperant

2350 3411 2627 3485 ἀπόκρισιν
2677 3411 2856 3466 ἔλαϐον
2913 3413 3360 3487 ἐπιστομίξουσαν
3413 3417 3600 3478 αὐτοὺς
3639 3425 3735 3472 καὶ
3777 3423 3854 3485 εἰς
3919 3430 3971 3477 τὸ

585 3521 722 3578 quas
753 3507 1017 3577 ipsorum
1039 3519 1146 3559 ora
1175 3502 1356 3560 etiam
1386 3502 1666 3573 deinceps
1693 3501 2018 3558 obturaret.
2349 3501 2488 3564 ἑξῆς.

660 3597 818 3651 Vers.
855 3594 938 3649 14.
988 3594 1066 3649 Ει
1095 3624 1165 3632 —
1215 3606 1395 3648 meas.
1455 3594 1562 3646 Per
1607 3590 2062 3660 praescientiam,
2109 3595 2236 3646 tan-

2421 3596 2609 3643 Καὶ-
2639 3589 2757 3662 ἐμὰ.
2791 3594 2938 3644 Κατὰ
2978 3596 3296 3667 πρόγνωσιν,
3338 3596 3408 3656 ὡς
3463 3599 3609 3657 Θεὸς.
3667 3603 3816 3655 Φησὶ
3855 3607 3969 3676 γὰρ

583 3699 768 3756 quam
801 3683 979 3738 Deus.
1020 3682 1111 3738 Ait
1139 3682 1298 3737 enim
1328 3681 1510 3736 Moses
1545 3701 1557 3733 :
1587 3680 1768 3736 Novit
1801 3681 2098 3745 Dominus,
2131 3695 2208 3750 qu

2344 3687 2578 3741 Μωυσῆς
2611 3698 2623 3710 ⁸
2657 3679 2828 3751 Ἔγνω
2853 3683 3040 3754 Κύριος
3065 3686 3188 3744 τοὺς
3209 3686 3359 3745 ὄντας
3387 3684 3547 3736 αὐτοῦ
3575 3699 3588 3713 ·
3622 3690 3711 3738 καὶ
3746 3689 3776 3739 ὁ
3814 3696 3971 3743 ﬁeri}-

578 3772 696 3828 sint
727 3775 853 3842 ejus
881 3773 902 3806 θ
938 3787 950 3826 :
980 3775 1036 3827 et
1087 3771 1309 3826 Paulus
1341 3785 1359 3825 :
1388 3770 1524 3826 Non
1552 3771 1772 3838 repulit
1801 3770 2088 3825 Dominus
2130 3784 2206 3838 po

2342 3769 2429 3829 λος
2471 3813 2482 3825 ,
2527 3769 2638 3820 Οὐκ
2671 3768 2970 3821 ἀπώσατοό
3029 3775 3155 3832 Θεὸς
3191 3774 3279 3824 τὸν
3326 3771 3448 3824 λαὸν
3495 3773 3675 3841 αὐτοῦ,
3717 3775 3778 3827 ὃν
3827 3799 3969 3853 προ-

572 3863 786 3934 pulum
807 3878 998 3932 suum,
1027 3876 1199 3932 quem
1217 3861 1515 3930 przscivit
1556 3859 1624 3914 1°.

857 3878 998 3932 tum,
1027 3876 1199 3932 quem
1217 3861 1515 3930 przscivil
1556 3859 1624 3914 ¹⁰.
2340 3862 2488 3930 ἐγνω.

646 3952 808 4008 Vers.
863 3953 948 4006 14.
1004 3952 1080 4006 Et
1137 3982 1204 3990 —
1255 3950 1418 4005 meis.
1477 3947 1586 4003 Per
1633 3947 2056 4017 cognitionem,
2108 3951 2228 4003 tan-

2416 3952 2514 4001 Καὶ
2544 3978 2613 3988 -
2643 3946 2795 4020 ἐμῶν.
2841 3949 2967 4002 Κατ’
3030 3949 3328 4022 ἐπίγνωσιν,
3388 3954 3458 4014 ὡς
3517 3964 3761 4009 συνετῶν.
3799 3957 3956 4012 Ἐπέ-

575 4058 760 4114 quam
785 4040 863 4096 ab
891 4039 1366 4108 intelligentibus.
1423 4039 1566 4093 Nam
1600 4053 1730 4092 eum
1761 4042 2206 4106 cognoverunt:

2337 4056 2544 4108 γνωσαν
2574 4038 2676 4110 γὰρ
2737 4037 2890 4088 αὑτὸν
2923 4035 3022 4089 ἀπό
3072 4057 3125 4090 τε
3186 4048 3281 4100 τῆς
3343 4049 3638 4116 μαρτυρίας
3704 4044 3956 4100 Ἰωάννου

577 4129 915 4187 testimonio
942 4128 1208 4193 Joannis,
1241 4126 1321 4182 ab
1367 4125 1648 4197 operibus
1679 4125 1886 4196 ipsius,
1921 4131 1976 4180 et
2007 4141 2044 4182 a
2072 4125 2203 4180 testi

2340 4130 2426 4178 καὶ
2483 4133 2583 4177 τῶν
2647 4129 2805 4198 ἔργων
2867 4126 3028 4178 αὑτοῦ
3066 4131 3156 4179 καὶ
3197 4136 3290 4191 τῆς
3347 4137 3438 4181 τοῦ
3485 4137 3690 4207 Πατρός
3739 4155 3951 4208 μαρτυ-

574 4216 1001 4280 monioPatris,
1032 4217 1106 4271 de
1131 4215 1348 4288 quibus
1378 4214 1634 4286 septimo
1663 4213 1850 4284 capite
1877 4213 2205 4285 praedictun

2340 4219 2475 4287 ρίας,
2535 4219 2653 4288 περὶ
2710 4215 2777 4265 ὧν
2835 4214 2882 4266 ἐν
2913 4223 2983 4286 τῷ
3041 4213 3246 4289 ἑϐδόμῳ
3298 4218 3557 4293 κεφαλαίῳ
3607 4231 3923 4297 προείρηται

648 4368 853 4425 Ezech.
882 4384 1073 4438 xxxxv,
1104 4371 1158 4424 2.
1235 4367 1257 4403 ⁶
1289 4368 1456 4424 Rom.
1512 4381 1571 4433 ν,
1615 4368 1704 4423 10.
1781 4366 1798 4399 τ
1835 4367 2003 4421 Rom.
2056 4374 2207 4432 vui,.‘

576 4442 624 4478 ¹⁰
651 4444 820 4497 Rom.
850 4458 926 4497 κε.
958 4444 1011 4496 2.

2371 4365 2391 4399 ⁸
2416 4366 2586 4421 Joan.
2619 4381 2734 4430 Vlll,
2796 4369 2877 4421 13.
2957 4367 2978 4399 ο
3026 4367 3202 4423 Num.
3231 4383 3343 4437 xvn,
3386 4373 3416 4424 5
3464 4385 3486 4437 ;
3517 4369 3566 4425 ΙΙ
3594 4372 3740 4430 Tim.
3767 4393 3828 4441 n,
3857 4376 3940 4430 19.

1791 4588 2009 4658 Variae
2036 4583 2364 4658 lectiones
2397 4598 2462 4657 et
2492 4598 2691 4658 notae.

645 4792 756 4864 (13)
782 4789 978 4847 Redde
1010 4809 1022 4849 :
1057 4789 1148 4864 his
1178 4785 1719 4864 sermonibus_ergo
1764 4785 1839 4864 ab
1867 4785 2133 4864 utrisque
2169 4800 2228 4842 se
2261 4784 2306 4838 D
2341 4784 2526 4864 multa
2553 4786 3004 4864 Qhrysostomus
3026 4801 3160 4842 cum
3184 4788 3652 4864 Origene,multa
3676 4789 3914 4864 Cyrinus

569 4855 887 4934 separavit.
930 4861 1157 4926 Nescio,
1205 4861 1349 4932 quid
1370 4859 1507 4934 loco
1540 4855 1788 4934 διιστησε
1821 4855 2228 4934 Ιεεθιδὶῐὶηῐθτη
2339 4855 3332 4934 cumOrigeheetchrzsostomo.id
3355 4859 3536 4934 etiam
3561 4855 3920 4918 manifestum

569 4929 730 5010 pres.
771 4937 936 5010 l'j‘orte
983 4929 1303 5007 παρὶπησε.
1363 4931 1471 4987 Sed
1515 4945 1624 4984 nec
1698 4929 1815 4985 hoc
1863 4929 2227 4985 constructio
2339 4929 2401 4983 ﬁt
2429 4945 2500 5010 ex_
2539 4929 2848 5010 codicibus
2868 4930 3924 5010 iV.'_l:estamenti,_quicatenas_,eom-

569 5001 847 5066 admittit.
1059 5001 1068 5007 ’
2339 5001 2685 5065 mentarios,
2708 5006 2763 5057 et
2800 5001 3030 5057 scholia
3058 5001 3299 5072 habent.
3323 5001 3382 5056 lii
3410 5003 3757 5072 hujusmodi
3786 5005 3929 5061 locis

673 5078 754 5149 14)
780 5077 1014 5149 Aldina},
1046 5073 1211 5130 addit
1234 5075 1300 5128 A.
1925 5144 1951 5149 _
2337 5073 2618 5149 standum
2642 5073 2942 5149 estcritico
2955 5071 3229 5149 prudenti
3247 5071 3529 5129 etsedulo
3551 5075 3925 5133 codicibusN.

673 5081 754 5149 14)
780 5081 1014 5142 Αἰὼνιον,
1046 5081 1211 5130 addit
1234 5081 1300 5128 A.
2337 5081 2618 5126 standum
2642 5081 2942 5127 estcritico
2955 5081 3229 5143 prudenti
3247 5081 3302 5129 et
3319 5081 3529 5129 sedulo
3551 5081 3925 5133 codicibusN.

640 5081 754 5221 έιὸ)
814 5151 891 5202 Ex
907 5145 1266 5221 _Chry_sost._
1310 5150 1446 5221 tom.
1471 5143 1633 5221 Vlli,_
1668 5159 1727 5214 p.
1759 5143 1880 5221 352,
1915 5144 1974 5208 C,
1999 5157 2134 5221 non
2157 5158 2226 5196 ex
2337 5142 2858 5221 Testa_menti._Qui
2889 5145 3045 5221 enim
3073 5143 3272 5221 Patres
3322 5151 3574 5221 propter
3617 5149 3931 5221 opiniones

568 5213 745 5275 codd;
776 5221 843 5275 N.
904 5213 1226 5273 Testfhmc
1257 5216 1542 5289 laudavit.
1573 5213 1677 5270 Hic
1701 5215 1860 5289 enim
1893 5228 2022 5268 mos
2052 5215 2228 5289 inter-
2337 5229 2478 5289 suas
2493 5213 2866 5289 dogmaticas
2884 5219 3090 5289 contra
3112 5213 3346 5289 codices
3377 5213 3584 5289 NJA‘est
3616 5213 3938 5289 probantji

568 5296 805 5364 pretum
821 5290 1183 5364 Graecorum,
1206 5293 1269 5342 ut
1296 5303 1415 5364 no_n_
1439 5285 1630 5364 solum
1654 5286 2025 5356 superiorum
2049 5285 2229 5339 inter—
2336 5285 2463 5339 sine
2493 5285 2809 5364 ullo.dubio
2839 5291 2892 5364 et
2903 5285 3090 5364 ﬁdem
3107 5286 3362 5342 criticam
3389 5285 3937 5364 e_tfideui_Chris_ti&-

569 5355 803 5435 pratum
817 5361 1261 5435 explicationes,
1286 5358 1388 5413 sed
1405 5359 1533 5414 loca
1558 5355 1904 5435 Litteragim
1921 5372 2225 5435 sacrarum
2335 5372 2469 5435 nam
2486 5355 3191 5435 prodiderunt.Perlidum
3208 5374 3343 5435 vero
3367 5359 3938 5435 etiametabsurdum

569 5427 749 5489 etiam
777 5434 878 5497 ita,
896 5427 909 5434 ’
931 5438 993 5486 ut
1037 5431 1392 5502 superiores,
1449 5434 1740 5503 repetant.
1770 5430 1921 5503 Ergo
1948 5427 2137 5503 multa
2156 5428 2228 5482 si-
2335 5427 3632 5503 est,uniejusmoditestimoniopluriumvim
3650 5431 3936 5493 tribuere.

568 5505 735 5561 milia
760 5503 936 5558 habet
975 5499 1256 5571 Origenes
1298 5517 1432 5556 cum
1467 5499 1759 5555 Clemente
1807 5499 2224 5567 Alexandrino,

635 5665 716 5744 (u)
745 5662 1076 5722 Contritam
1109 5660 1463 5732 alligabunt.
1511 5661 1731 5718 Lissum
1763 5658 2074 5718 curabant.
2129 5660 2266 5717 Nam

635 5736 827 5798 embra
852 5749 1078 5798 pressa.

2337 5657 2624 5740 συντρίϐειν
2677 5664 3049 5734 estpremere
3094 5656 3354 5737 ;a‘squtv
3407 5677 3549 5721 vero
3585 5667 3677 5722 est
3735 5665 3932 5739 ligare

559 5749 827 5822 (nemora
847 5749 1078 5814 pressa.
3329 5776 3331 5779 ι
