4130 6320
149 354 326 415 1329

1297 326 1673 409 COMMENT.
1715 351 1784 408 1N
1818 351 2166 408 JOANNEM.
2208 381 2277 393 —
2316 349 2473 407 CAP.
2513 348 2584 405 x.

3509 352 3530 407 1
3540 349 3646 408 330

157 484 472 535 Δεικνύων
536 480 611 535 δὲ
686 487 784 541 τὴν
835 483 1015 536 ἑαυτοῦ
1068 484 1264 552 γνῶσιν
1315 466 1701 552 διαφορωτέραν
1752 477 1861 529 πολ-

1994 480 2087 532 sst.
2122 476 2449 533 Ostendens
2496 479 2690 532 autem
2748 466 3161 540 cognitionem
3203 492 3373 533 suam
3411 474 3489 532 ab
3514 476 3639 533 illo-

155 570 246 642 λῷ
298 579 411 632 τῆς
460 574 734 641 ἐκείνων,
768 576 955 625 ἴσωσεν
999 570 1160 629 αὐτὴν
1205 574 1267 639 τῇ
1306 569 1399 617 τοῦ
1437 568 1641 641 Πατρός
1690 566 1871 638 λέγων·

252 750 488 810 Καθὼς
553 779 643 790 —
702 753 927 822 Πατέρα.
980 755 1176 801 Γνῶσιν
1220 747 1356 818 λέγει
1387 750 1478 803 τὴν
1526 747 1658 798 κατά
1693 747 1866 817 φύσιν,

158 841 303 910 περὶ
366 838 444 899 ἧς
502 843 617 891 καὶ
684 838 733 891 ἐν
812 847 883 908 τῷ
954 838 1172 906 εἰκοστῴ
1238 835 1496 908 κεφαλαίῳ
1566 842 1658 887 τοῦ
1735 835 1871 886 κατά

161 926 502 978 Ματθαίον
568 924 742 980 εἶπεν·
825 924 1001 988 οὐδεὶς
1070 926 1400 997 ἐπιγινώσκει
1471 927 1557 976 τόν
1634 926 1751 976 Υἱόν
1827 922 1870 975 εἰ

163 1020 251 1084 μὴ
291 1016 323 1066 ὁ
368 1021 624 1090 Πατὴρ·
667 1014 790 1070 οὐδὲ
829 1020 915 1069 τὸν
957 1020 1161 1088 Πατέρα
1204 1035 1277 1076 τις
1304 1014 1637 1085 ἐπιγινώσκει
1662 1012 1804 1084 εἰμὴ
1843 1011 1867 1063 ό

161 1106 337 1164 Υἱὸς.

264 1198 393 1246 Καὶ
430 1226 519 1234 ——
576 1196 879 1271 προϐάτων.
911 1200 1016 1254 Τὴν
1045 1194 1230 1266 ψυχήν
1265 1213 1364 1265 μου
1409 1195 1614 1266 τίθημι,
1652 1191 1863 1263 ἀφίημι,

176 1279 576 1341 ἀποθνήσκω
625 1286 751 1359 ὑπὲρ
792 1294 890 1337 τῶν
930 1284 1201 1359 προϐάτων
1250 1286 1319 1345 ὡς
1366 1282 1521 1334 ὄντων
1568 1280 1715 1334 ἰδίων
1744 1297 1862 1352 μου·

177 1370 208 1420 ὁ
261 1366 337 1423 δὲ
384 1372 619 1435 πλάνος
650 1374 742 1426 οὐκ
772 1376 832 1426 ἄν
862 1374 1024 1426 Elatia
1072 1371 1343 1425 ἀποθανεῖν
1376 1373 1501 1444 ὑπὲρ
1544 1379 1641 1423 τῶν
1672 1369 1864 1423 πλανω-

186 1462 383 1529 μένων
420 1463 577 1534 παρ’
614 1464 793 1518 αὑτοῦ.

284 1552 409 1600 Καὶ
450 1580 531 1590 -
569 1554 786 1612 ταύτης.
827 1558 931 1612 Τῆς
967 1558 1058 1603 τοῦ
1091 1556 1375 1603 Μωσαῐκοῦ
1405 1552 1585 1620 νόμου.
1620 1552 1773 1619 Λέγει
1810 1544 1868 1599 δὲ

192 1640 338 1708 περὶ
368 1646 490 1689 τῶν
523 1638 589 1702 ἐξ
619 1639 791 1695 ἐθνῶν.

292 1722 567 1779 Κάκεῖ-νά
616 1747 679 1800 με
728 1725 808 1781 δεῖ
855 1726 1084 1799 ἀγαγεῖν.
1139 1734 1447 1798 Συναγαγεῖν
1479 1727 1578 1778 ὑπὸ
1617 1730 1711 1783 τὴν
1742 1724 1867 1797 ἐμὴν

200 1822 637 1884 ποιμαντικήν.

299 1909 419 1956 Καὶ
550 1937 617 1948 —
719 1905 1055 1959 ἀκούσουσιν.
1156 1906 1564 1970 “ὶ“πακοὺσουσι,
1650 1905 1868 1962 πεισθὴ-

214 2009 455 2046 σοντοιι.

309 2087 425 2134 Καὶ
464 2115 538 2123 -—
569 2089 782 2157 ποίμνη.
825 2084 920 2136 Ἐκ
951 2104 1004 2136 τε
1030 2092 1128 2135 τῶν
1160 2078 1429 2136 Ἰουδαίων
1460 2088 1549 2135 καὶ
1575 2090 1674 2134 τῶν
1715 2081 1868 2135 ἐθνῶν

224 2173 615 2242 συναφθεῖσα.

313 2256 405 2320 Εἷς
451 2268 678 2334 ποιμήν.
709 2265 912 2315 Τούτων
939 2282 991 2314 τε
1021 2261 1265 2314 κάκείνων
1297 2262 1322 2313 ό
1358 2264 1610 2335 Χριστός,

317 2441 422 2490 Διά
447 2450 609 2494 τοῦτο
653 2473 713 2482 -
745 2462 866 2514 μου.
892 2440 1014 2493 Ὀτι
1044 2440 1360 2499 ἀποθνήσκω
1388 2442 1514 2513 ὑπὲρ
1545 2448 1644 2491 τῶν
1676 2438 1869 2513 προϐά-

229 2544 340 2575 των
374 2538 483 2580 τῶν
525 2531 679 2603 ἐμῶν,
709 2534 873 2583 εἷτουν
908 2540 1003 2583 τῶν
1034 2531 1213 2582 αὑτοιγ
1257 2532 1337 2582 ὀτι
1377 2529 1483 2599 εἰμὶ
1513 2528 1868 2600 φιλάνθρωπος

228 2616 299 2673 ὡς
330 2616 538 2681 αὑτό-ς.
573 2620 914 2693 Οἰκονομικὸς
938 2623 1028 2690 μὲν
1050 2616 1136 2671 οὖν
1162 2619 1375 2689 όλόγοςο
1402 2616 1632 2688 ἐμφαίνει
1650 2613 1707 2669 δὲ
1730 2619 1868 2688 ὅμως

233 2708 296 2754 τὸ
335 2701 457 2758 ἶσον
496 2708 706 2780 ἀμφοῖν.

323 2885 391 2932 Τί
453 2878 582 2945 οὖν;
623 2884 866 2952 πρότερον
926 2877 1019 2929 ουκ
1076 2878 1360 2947 ὴγαπᾶτο;
1418 2879 1557 2930 Πάνυ
1615 2881 1704 2949 μὲν
1756 2875 1864 2947 οὖν,

248 2964 364 3019 ἐπεὶ
405 2974 501 3021 καὶ
545 2968 682 3033 Υἱὸς,
743 2971 828 3018 καὶ
875 2965 1163 3037 ἀγαπητός,
1213 2970 1302 3017 καὶ
1358 2976 1515 3019 ποιῶν
1559 2970 1616 3018 τό
1672 2967 1867 3039 θελημα

255 3064 350 3107 τοῦ
409 3062 629 3131 Πατρός.
684 3061 807 3129 Περὶ
859 3056 1017 3107 αὐτοῦ
1068 3058 1167 3129 γὰρ
1219 3052 1351 3107 εἶπεν
1403 3057 1428 3108 ό
1462 3061 1658 3128 Πατὴρο
1704 3058 1867 3118 Οὗτός

1980 582 2115 621 rum
2155 565 2490 634 cognitione
2514 565 2690 636 longe
2720 561 3117 631 differentem,
3162 580 3331 621 suam
3372 565 3637 636 aequavit

1980 644 2303 723 cognitioni
2333 655 2517 709 Patris
2554 654 2760 709 dicens
2788 670 2801 705 :

2053 744 2214 800 Vers.
2268 745 2354 799 15.
2401 745 2573 802 Sicut
2613 774 2681 783 —-
2728 742 2987 798 Patrem.
3034 742 3445 812 Cognitionem
3491 742 3635 798 dicit

1979 847 2132 897 eam,
2161 849 2291 905 qum
2318 833 2650 888 secundum
2680 840 2956 887 naturam
2969 835 3075 894 est,
3107 832 3176 886 de
3201 847 3325 902 qua
3343 832 3523 888 etiam
3549 832 3631 887 vi-

1978 922 2200 976 cesimo
2224 922 2395 993 juxta
2416 922 2749 978 Matthmum
2774 922 2962 992 capite
2980 922 3127 977 dixit
3156 938 3169 975 :
3201 922 3388 977 Nemo
3418 936 3632 990 cogno-

1974 1012 2082 1067 scit
2122 1012 2343 1068 Filium
2362 1012 2476 1067 nisi
2504 1014 2704 1077 Pater,
2729 1026 2910 1082 neque
2940 1013 3181 1067 Patrem
3210 1011 3522 1082 quisquam
3542 1026 3631 1067 eo-

1974 1101 2223 1171 gnoseit,
2251 1101 2368 1157 nisi
2396 1101 2582 1156 Filius
2605 1102 2671 1154 11.

2046 1191 2215 1246 Vers.
2247 1195 2327 1245 t5.
2360 1192 2440 1245 Et
2471 1220 2535 1230 —
2562 1189 2785 1245 ovibus.
2824 1218 2890 1229 —
2922 1187 3199 1245 Animam
3230 1203 3418 1244 meam
3447 1203 3625 1258 pono,

1973 1277 2269 1350 relinquo,
2301 1279 2519 1333 morior
2549 1293 2657 1349 pro
2682 1277 2918 1341 ovibus,
2954 1281 3154 1349 utpote
3182 1293 3290 1348 pro
3324 1278 3470 1333 meis
3501 1295 3512 1331 :
3543 1292 3631 1333 se-

1976 1367 2188 1425 ductor
2216 1384 2355 1424 vero
2385 1382 2772 1439 nequaquam
2799 1366 2945 1422 mori
2987 1366 3148 1436 eligit
3186 1383 3295 1439 pro
3333 1367 3447 1433 his,
3467 1367 3571 1440 qui
3598 1383 3629 1422 a

1977 1471 2039 1511 se
2064 1456 2455 1512 seducuntur.

2050 1545 2208 1600 Vers.
2258 1545 2338 1600 16.
2369 1547 2445 1601 Et
2490 1576 2556 1586 —
2591 1546 2718 1601 hoc.
2752 1544 2901 1601 Ovili
2931 1544 3199 1601 Mosaicae
3228 1545 3423 1617 legis:
3488 1544 3634 1601 dicit

1977 1642 2174 1692 autem
2197 1637 2270 1690 de
2303 1633 2598 1704 gentibus.

2050 1725 2216 1779 Vers.
2274 1728 2356 1779 16.
2418 1723 2563 1779 Ilias
2604 1738 2835 1794 quoque
2888 1730 3117 1793 oportet
3174 1738 3265 1779 me
3315 1723 3628 1781 adducere.

1905 1824 1947 1879 Β
1979 1812 2354 1884 Congregare
2384 1811 2498 1867 sub
2530 1828 2727 1867 meam
2749 1812 3031 1883 pascendi
3059 1812 3413 1868 doctrinam.

2050 1902 2214 1958 Vers.
2257 1904 2336 1956 ιϐ.
2380 1902 2547 1956 Et—
2576 1901 2842 1957 audient.
2884 1900 3191 1967 Obedient,
3226 1900 3550 1973 parebunt.

2051 2081 2209 2135 Vers.
2268 2081 2353 2134 16.
2402 2080 2483 2135 Et
2533 2110 2601 2119 -
2637 2094 2808 2149 grex.
2853 2081 2935 2134 Ex
2970 2078 3198 2134 Judmis
3246 2085 3303 2134 et
3352 2078 3632 2149 gentibus

1978 2174 2377 2239 congregatus
2389 2211 2401 2224 .

2050 2261 2211 2316 Vers.
2254 2260 2337 2315 t6.
2377 2259 2539 2316 Unus
2575 2264 2805 2328 pastor.
2852 2258 3070 2314 Horum
3111 2263 3167 2314 et
3191 2257 3428 2315 illorum
3467 2257 3633 2315 Chri-

1979 2355 2126 2405 stus.

2054 2439 2213 2493 Vers.
2254 2444 2335 2492 t7.
2384 2439 2702 2504 Propterea
2728 2468 2797 2475 —
2823 2451 3034 2492 meam.
3076 2436 3224 2500 Quia
3265 2435 3490 2491 morior
3519 2451 3631 2507 pro

1978 2527 2192 2582 ovibus
2206 2526 2373 2590 meis,
2398 2542 2534 2597 quae
2554 2526 2733 2580 etiam
2759 2525 2950 2595 ipsius
2973 2525 3287 2595 sunt,quia
3319 2524 3631 2581 hominum

1976 2621 2210 2671 amator
2249 2630 2405 2677 sum,
2448 2613 2601 2668 sicut
2637 2617 2692 2668 et
2722 2614 2870 2684 ipse.
2906 2613 3393 2683 Dispensatorius
3429 2613 3631 2685 itaque

1977 2719 2173 2758 sermo
2213 2707 2319 2767 est,
2362 2702 2467 2774 qui
2497 2701 2882 2756 nihilominus
2909 2700 3229 2757 amborum
3260 2701 3631 2758 demonstrat

1976 2790 2375 2862 mqualitatem
2390 2835 2403 2846 .

2047 2880 2193 2945 Quid
2209 2895 2350 2948 ergo
2364 2879 2391 2933 ‘I
2408 2878 2573 2950 prius
2589 2893 2709 2933 non
2723 2876 3080 2949 diligebatur
3094 2878 3122 2933 ‘I
3137 2878 3344 2948 Utique
3356 2877 3628 2942 omnino,

1974 2968 2118 3040 quia
2131 2968 2309 3023 Filius
2321 2967 2658 3032 etdilectus,
2676 2966 3018 3038 faciensque
3032 2965 3219 3021 Patris
3236 2966 3625 3023 voluntatem.

1976 3061 2122 3113 Nam
2154 3058 2229 3112 de
2248 3073 2319 3112 eo
2332 3057 2655 3112 dixitPater
2678 3073 2689 3109 :
2718 3056 2831 3110 Hie
2857 3064 2939 3112 est
2963 3057 3156 3111 Filius
3182 3072 3344 3113 meus
3360 3056 3623 3123 dilectus,

256 3142 402 3196 ἐστιν
459 3149 483 3198 ό
549 3148 659 3205 Υἱός
716 3165 815 3217 μου
874 3146 899 3196 ό
975 3143 1261 3214 ἀγαπητὸς,
1347 3144 1394 3196 ἐν
1575 3144 1861 3204 εὐδόκησα.

1994 3150 2033 3201 ἠ
2050 3163 2165 3218 quo
2180 3148 2329 3202 mihi
2341 3148 2761 3215 complacitum
2780 3153 2863 3203 est
2878 3148 2923 3181 ¹²
2940 3162 2955 3209 ;
2973 3146 3075 3201 sed
3090 3146 3204 3201 hoc
3217 3152 3353 3217 tanq
3365 3162 3503 3201 nam
3523 3162 3625 3201 no-

259 3233 420 3286 ’Λλλά
488 3244 637 3287 τουτο
689 3238 777 3306 μὲν
833 3236 901 3294 ὡς
978 3239 1233 3306 γνώριμον
1302 3242 1519 3305 παρῆκε·
1603 3232 1866 3307 διαφόρως

257 3327 361 3397 γὰρ
427 3331 543 3398 περὶ
594 3328 780 3376 τούτου
835 3319 1073 3385 ἐδίδαξεν
1128 3321 1175 3373 ἐν
1230 3323 1402 3383 ἄλλοις
1454 3343 1507 3375 τε
1554 3328 1641 3375 καὶ
1692 3323 1739 3375 ἐν
1790 3324 1865 3385 οἷς

261 3412 447 3483 ἔλεγεν,
492 3416 571 3467 ὅτι
615 3414 672 3465 Ὀ
722 3417 900 3483 Πατὴρ
956 3411 1086 3483 φιλεῖ
1141 3414 1227 3463 τὸν
1278 3414 1392 3464 Υίόν
1480 3418 1597 3484 περὶ
1656 3409 1714 3465 δὲ
1770 3421 1863 3475 τῆς

262 3498 358 3553 διά
414 3508 499 3555 τόν
555 3505 678 3576 ὑπὲρ
738 3510 833 3553 τῶν
886 3500 1165 3574 ἀνθρώπων
1218 3502 1434 3553 θάνατον
1484 3499 1689 3571 ἀγάπης
1734 3506 1863 3572 φησί

260 3598 369 3642 νυν.

330 3679 441 3733 Ἰνα
499 3680 651 3733 πάλιν
715 3678 855 3731 λάϐω
918 3679 1098 3736 αὐτήν.
1169 3678 1447 3732 Κάνταῦθα
1502 3682 1559 3730 τὸ
1622 3679 1705 3730 ἱνα
1768 3680 1860 3731 οὐκ

262 3770 398 3821 ἔστιν
438 3770 805 3841 αἰτιολογικόν,
852 3767 979 3820 ἀλλά
1026 3764 1312 3826 δηλωτικὸν
1366 3776 1456 3819 του
1497 3769 1700 3828 πάντως
1741 3770 1858 3821 ἐσο-

262 3863 432 3929 μένου.
489 3860 562 3911 Οὐ
621 3863 720 3931 γὰρ
772 3854 864 3910 διά
916 3865 1069 3909 τοῦτο
1121 3858 1331 3915 τίθησιν
1391 3858 1473 3908 ἱνα
1523 3857 1676 3908 πάλιν
1723 3857 1855 3929 λάϐῃ

262 3948 442 4007 αὐτὴν·
478 3948 605 3999 ἀλλά
633 3949 814 4004 τίθησι
853 3950 942 4018 μὲν
972 3948 1097 4019 ὑπὲρ
1126 3954 1215 3998 τοῦ
1244 3951 1466 4017 κόσμου,
1506 3944 1754 4017 λαμϐάνει
1800 3945 1858 4000 δὲ

263 4037 420 4096 αὐτὴν
452 4040 576 4111 ὑπὲρ
607 4043 695 4087 τοῦ
727 4044 945 4106 φανῆναι
974 4036 1051 4086 ὅτι
1074 4038 1201 4095 Θεὸς
1232 4034 1389 4088 ἐστιν.

332 4124 523 4188 Οὐδεὶς
559 4157 602 4165 -
650 4124 794 4196 ἐμοῦ.
838 4122 1104 4188 Ἂκοντος,
1136 4125 1297 4194 ἤγουν
1337 4120 1511 4185 οὐδεὶς
1555 4143 1617 4195 με
1647 4125 1859 4175 θανατοῖ

261 4220 329 4287 μὴ
361 4213 666 4286 βουλόμενον
677 4256 687 4267 .

331 4304 461 4355 Ἀλλ’
492 4335 550 4342 -
595 4301 743 4375 ἐμοῦ.
782 4301 1083 4365 Ἑκουσίως,
1123 4303 1191 4362 ὡς
1222 4302 1595 4376 φιλάνθρωπος.
1645 4298 1853 4354 Ἐνδια-

262 4392 417 4463 τρίϐει
468 4388 525 4444 δε
569 4400 638 4461 τῷ
687 4392 841 4463 λόγῳ,
892 4387 1061 4448 δηλῶν
1095 4394 1179 4442 τὸν
1230 4388 1324 4442 διὰ
1364 4399 1593 4464 σταυροῦ
1637 4392 1852 4443 θάνατον

262 4481 413 4533 αὑτοῦ
444 4486 529 4533 καὶ
561 4486 650 4538 τὴν
682 4480 735 4532 ἐκ
766 4489 950 4553 νεκρῶν
981 4478 1287 4534 ἀνάστασιν.

331 4656 596 4719 Ἐξὸυσίαν
648 4688 707 4696 -
743 4656 920 4713 αὐτὴν.
972 4654 1237 4716 Ἐξουσίαν
1270 4656 1377 4724 ἔχω
1407 4656 1470 4713 ὡς
1502 4657 1626 4714 Θεὸς
1670 4674 1848 4707 παντε-

263 4743 459 4807 anm;
488 4751 576 4796 καὶ
609 4741 1018 4812 παντοδύναμος.
1054 4746 1247 4796 Λοιπὸν
1280 4743 1366 4793 οὖν
1391 4744 1608 4813 μάταιος
1639 4744 1663 4794 ό
1696 4748 1850 4806 πόνος

263 4842 362 4895 τοῖς
396 4833 837 4897 ἐπιϐουλεύουσιν,
890 4831 1012 4904 ἐμοῦ
1044 4836 1113 4903 μὴ
1152 4832 1395 4891 θελοντος,
1444 4832 1485 4883 εἰ
1516 4837 1603 4883 καὶ
1635 4834 1847 4904 ὕστερον

262 4926 307 4974 οἵ
335 4922 570 4974 ἀσύνετοι
596 4919 931 4982 ὅνειδίζοντες
960 4920 1147 4990 ΰιεγον·
1182 4920 1399 4982 Ἀλλους
1426 4923 1636 4989 ἔσωσεν,
1669 4920 1847 4973 ἑαυτὸν

264 5011 315 5065 οὐ
346 5008 564 5064 δύναται
592 5020 782 5063 σῶσαι.

323 5192 524 5247 Ταύτην
556 5218 621 5228 -
647 5207 767 5258 μου.
809 5190 877 5240 Τὸ
912 5189 1071 5239 θεῖναι
1102 5191 1194 5244 τὴν
1224 5187 1409 5257 ψυχήν
1444 5207 1542 5258 μου
1593 5189 1716 5259 ὑπὲρ
1751 5196 1847 5238 τῶν

264 5278 539 5355 προϐάτων,
574 5281 630 5329 τὸ
663 5275 932 5329 ἀποθανεῖν
965 5278 1090 5348 ὑπὲρ
1140 5283 1230 5328 τοῦ
1277 5281 1500 5348 κόσμου.
1558 5278 1653 5328 Διά
1696 5284 1847 5327 τοῦτο

262 5374 347 5441 γὰρ
390 5367 580 5419 ἀνεῖλον
637 5366 811 5429 αὐτόν,
866 5363 1007 5418 διότι
1054 5362 1307 5418 ἐδίδασκε
1355 5369 1473 5426 τοὺς
1525 5364 1846 5439 ἀνθρώπους,

263 5462 338 5509 καὶ
382 5455 557 5526 ἐξῆγεν
588 5455 772 5516 αὐτοὺς
816 5454 915 5507 ἀπὸ
949 5459 1162 5516 σκότους
1198 5454 1269 5515 εἰς
1309 5462 1427 5524 φῶς,
1458 5452 1558 5506 ἀπὸ
1592 5454 1849 5529 ἁμαρτίας

265 5546 326 5607 εἰς
348 5544 552 5619 ἀρετὴν,
582 5544 683 5597 ἀπὸ
726 5546 945 5597 θανάτου
969 5544 1035 5604 εἰς
1062 5544 1221 5604 ζωήν.

327 5673 365 5707 ¹¹
392 5670 598 5729 Matth.
638 5687 716 5735 XI,
757 5673 844 5726 27.
962 5672 1000 5706 ¹²
1030 5669 1226 5727 Matth.
1258 5685 1339 5733 ιιι,
1372 5669 1456 5724 11.

1571 5671 1615 5705 ¹³
1642 5671 1808 5726 Joan.
1844 5670 1908 5736 V,
1938 5674 2027 5729 20.

1976 3242 2100 3291 tum
2129 3236 2525 3307 praetermisit,
2556 3251 2696 3290 nam
2720 3234 2899 3290 variis
2920 3235 2976 3288 in
3003 3235 3147 3289 locis
3174 3235 3247 3289 de
3271 3235 3381 3290 hoc
3402 3235 3623 3299 docuit,

1976 3332 2097 3379 tum
2114 3325 2257 3380 alibi
2278 3330 2392 3379 tum
2410 3325 2588 3379 etiam
2606 3323 2701 3378 ubi
2716 3324 2864 3379 dixit
2879 3339 2890 3378 :
2907 3324 3090 3379 Pater
3104 3323 3295 3391 diligit
3315 3324 3621 3379 Filium".

1972 3415 2139 3468 Nunc
2169 3429 2303 3468 vero
2342 3413 2410 3467 de
2449 3429 2521 3467 ea
2573 3411 2902 3467 dilectionis
2943 3427 3121 3467 causa
3149 3411 3433 3483 loquitur,
3461 3411 3625 3483 quod

1971 3519 2080 3576 pro
2109 3502 2456 3559 hominibus
2502 3500 2807 3557 moriatur.

2042 3680 2323 3736 Vers.17.
2380 3682 2452 3737 Ut
2507 3679 2721 3735 iterum
2770 3692 2988 3734 sumam
3032 3693 3178 3735 eam.
3230 3678 3294 3732 In
3335 3677 3447 3733 hoc
3472 3693 3619 3751 quo-

1966 3785 2085 3841 que
2109 3768 2237 3824 loco
2265 3770 2333 3825 Ut
2388 3784 2508 3823 non
2536 3775 2620 3822 est
2656 3766 2939 3833 causalis,
2968 3767 3070 3823 sed
3101 3766 3461 3822 declarativa
3491 3767 3620 3837 ejus

1966 3857 2123 3929 quod
2150 3858 2399 3911 omnino
2421 3858 2685 3911 futurum
2709 3861 2814 3911 est.
2835 3859 3033 3928 Neque
3059 3856 3219 3911 enim
3244 3861 3484 3925 propter
3502 3854 3618 3911 hoc

1967 3948 2149 4019 ponit,
2169 3952 2226 4001 ut
2250 3947 2461 4000 iterum
2493 3949 2695 4001 sumat
2714 3944 2895 4008 illam,
2925 3946 3027 3999 sed
3047 3944 3212 4014 ponit
3232 3943 3475 4015 quidem
3508 3959 3616 4014 pro

1967 4035 2195 4090 mundo
2238 4050 2251 4099 ;
2281 4035 2459 4088 sumit
2481 4039 2702 4099 autem,
2738 4038 2800 4087 ut
2830 4049 2891 4088 se
2925 4032 3108 4087 Deum
3143 4032 3504 4091 manifestat.

2036 4126 2195 4177 Vers.
2254 4122 2333 4177 18.
2393 4123 2573 4178 Nemo
2627 4152 2694 4163 —
2746 4137 2855 4178 me.
2915 4123 3114 4191 Invito,
3150 4122 3264 4177 hoc
3294 4126 3402 4186 est,
3435 4137 3614 4177 nemo

1966 4230 2060 4268 me
2096 4211 2267 4266 morti
2301 4211 2472 4267 tradit
2510 4211 2830 4266 nolentem.

2035 4303 2200 4359 Vers.
2230 4306 2309 4357 t8.
2340 4302 2448 4356 Sed
2471 4332 2535 4341 —
2561 4301 2801 4370 meipso.
2829 4300 3158 4364 Ultroneus,
3189 4306 3478 4372 tanquam
3510 4299 3615 4356 ho-

1964 4389 2192 4445 minum
2220 4395 2469 4444 amator.
2501 4390 2765 4445 Sermoni
2791 4396 2992 4445 autem
3024 4388 3400 4454 immoratur,
3435 4388 3613 4459 signi-

1960 4478 2148 4534 ﬁcans
2167 4489 2417 4533 mortem
2439 4494 2633 4545 suam,
2652 4494 2787 4549 quae
2820 4493 2923 4548 per
2944 4492 3182 4533 crucem
3203 4477 3400 4532 futura
3424 4482 3531 4545 est,
3558 4482 3615 4533 et

1960 4567 2449 4623 resurrectionem
2492 4584 2563 4623 ex
2592 4568 2865 4622 mortuis.

2031 4656 2191 4711 Vers.
2226 4657 2293 4711 18
2368 4659 2717 4712 Potestatem
2744 4687 2808 4695 —
2862 4670 3061 4711 meam.
3115 4655 3467 4709 Potestatem
3507 4652 3610 4710 ha-

1958 4744 2070 4799 beo
2098 4752 2383 4815 tanquam
2406 4746 2559 4799 Deus
2578 4744 2978 4814 omnipotens,
2998 4758 3362 4813 omnemque
3381 4742 3612 4797 habens

1965 4835 2254 4888 virtutem.
2282 4833 2446 4888 Vane
2467 4834 2646 4902 igitur
2676 4850 2744 4888 ac
2776 4834 2989 4887 frustra
3011 4832 3285 4887 laborant
3310 4830 3612 4886 insidiato-

1958 4937 2069 4987 res,
2100 4937 2192 4975 me
2224 4921 2457 4976 nolente
2479 4938 2491 4975 :
2516 4937 2869 4993 quanquam
2897 4920 3279 4992 postmodum
3303 4919 3610 4973 dementes

1957 5010 2367 5081 eXprobrando
2402 5009 2678 5066 dicebant
2718 5027 2730 5064 :
2763 5011 2919 5065 Alios
2964 5009 3151 5066 salvos
3175 5008 3339 5078 fecit,
3363 5008 3609 5078 seipsum

1958 5115 2077 5153 non
2105 5105 2291 5167 potest
2316 5101 2549 5155 salvum
2581 5100 2781 5164 facere
2803 5100 2871 5153 “.

2030 5189 2196 5244 Vers.
2236 5190 2323 5245 18.
2366 5189 2490 5244 Hoc
2519 5219 2588 5229 —
2636 5203 2781 5244 meo.
2812 5189 2881 5243 Ut
2909 5202 3136 5259 ponam
3176 5186 3439 5242 animam
3496 5200 3607 5257 pro

1958 5276 2189 5342 ovibus,
2211 5282 2270 5331 ut
2293 5278 2513 5331 moriar
2526 5273 2633 5349 pro
2656 5277 2900 5333 mundo.
2920 5279 3071 5331 Nam
3092 5281 3410 5348 propterea
3441 5273 3608 5330 illum

1958 5366 2321 5431 occiderunt,
2346 5367 2508 5438 quod
2535 5366 2814 5421 homines
2837 5366 3111 5431 docebat,
3145 5372 3201 5422 et
3234 5365 3361 5421 illos
3391 5380 3423 5420 e
3455 5368 3613 5420 tene-

1959 5454 2081 5509 bris
2111 5454 2405 5510 educebat
2434 5455 2510 5511 ad
2536 5455 2753 5524 lucem,
2805 5473 2840 5509 a
2869 5462 3108 5527 peccato
3134 5454 3209 5511 ad
3247 5455 3545 5520 virtutem,
3578 5470 3614 5509 a

1961 5552 2148 5600 morte
2179 5544 2252 5599 ad
2284 5547 2484 5599 vitam.

2146 5672 2190 5706 1‘
2219 5671 2417 5729 Matth.
2460 5688 2631 5740 xxvu,
2665 5676 2751 5730 42.
