4130 6320
485 284 620 342 i331

1811 273 2156 334 EUTHYMII
2197 274 2530 332 ZIGABENI

3751 275 3992 334 ιεθε

484 407 638 466 Cum
677 422 820 478 ergo
851 404 1121 479 superius
1151 405 1397 465 dixisset
1430 425 1443 464 :
1483 409 1807 479 Propterea
1833 407 2026 479 diligit
2057 421 2148 464 me

2323 406 2588 479 ’Δνωτίρω
2656 404 2748 476 μεν
2809 397 2897 456 ὀῦν
2969 400 3149 458 εἰπών·
3219 403 3313 458 Διὰ
3380 410 3536 457 τοῦτο
3606 404 3639 456 ὁ
3705 408 3988 474 Har-r13;-

491 500 692 564 Pater,
733 498 876 570 quia
902 513 1059 567 pono
1097 498 1356 555 animam
1409 513 1598 555 meam
1639 499 1706 566 η,
1749 497 2144 562 voluntatem,

492 605 670 662 quam
695 588 770 644 ad
791 594 1029 641 mortem
1052 587 1315 642 habebat
1355 587 1708 658 signiﬁcavit
1735 603 1748 652 ;
1780 586 1877 642 hic
1906 601 2044 641 vero
2065 585 2147 640 di-

491 694 633 734 cens
672 694 685 733 :
715 679 842 733 Hoc
867 683 1222 746 praeceptum
1251 679 1497 748 accepia
1515 679 1697 733 Patre
1725 691 1869 742 meo,
1891 675 2149 731 ostendit

491 768 674 824 Patris
693 765 1231 822 condemnationen
1254 767 1355 836 (υ),
1377 772 1438 821 ut
1455 767 1575 837 ipse
1599 771 1947 822 moreretur.
1972 765 2026 820 Si
2047 780 2150 820 au-

492 863 609 913 tem
629 860 926 926 praecepto
944 871 1095 926 opus
1111 855 1237 918 fuit,
1253 855 1563 926 quomodo
1578 855 1817 910 dicebat
1834 872 1847 909 :
1865 856 1994 926 Ego
2005 870 2150 925 pono

490 948 660 1003 illam
675 961 712 1002 a
725 945 984 1013 meipso?
1001 946 1436 1012 et,Potestalem
1458 945 1640 1000 habeo
1651 945 1906 1014 ponendi
1921 959 2047 1000 eam
2063 946 2110 980 ¹⁶
2123 945 2150 1001 7

494 1042 550 1092 et
579 1042 714 1091 ante
737 1035 870 1103 ista,
889 1036 1012 1103 Ego
1029 1050 1154 1088 sum
1174 1041 1374 1103 pastor
1391 1035 1574 1090 bonus
1592 1036 1638 1070 ¹⁷
1653 1033 1680 1088 Ῠ
1695 1050 1834 1088 nam
1859 1033 1990 1089 talis
2006 1049 2151 1105 prae-

493 1130 666 1196 cepto
694 1139 816 1179 non
843 1123 1085 1193 indiget.
1117 1122 1266 1179 Nihil
1306 1138 1448 1192 ergo
1479 1123 1642 1178 aliud
1672 1123 1930 1178 ostendit
1961 1121 2149 1177 Patris

491 1217 881 1286 praeceptum,
925 1227 1112 1283 quam
1167 1211 1355 1267 solam
1404 1212 1883 1269 conformitatem
1933 1211 2020 1282 (π)
2074 1212 2151 1267 ad

493 1303 722 1358 Patrem
756 1299 1145 1370 :hujusmodi
1202 1299 1499 1372 siquidem
1532 1300 1972 1371 dispensatoris
2012 1305 2151 1356 sunt

493 1396 736 1464 propter
761 1389 1104 1446 auditorum
1159 1389 1638 1457 imbecillitatem,
1672 1388 1849 1444 veluti
1880 1388 2152 1461 frequen-

496 1485 584 1538 ter
620 1480 902 1537 diximus.

567 1571 729 1625 Vers.
772 1574 848 1624 t9.
878 1569 1168 1625 Dissensio
1197 1599 1269 1611 —
1299 1571 1461 1624 Vers.
1505 1568 1591 1624 20.
1625 1568 1846 1624 auditis
1873 1567 1902 1620 τ
1927 1568 2152 1622 Βωωο-

495 1659 736 1715 niacum
771 1673 840 1714 ac
870 1657 1152 1714 insanum
1187 1673 1324 1714 eum
1363 1657 1658 1726 dicebant,
1710 1656 1886 1728 quasi
1920 1657 2152 1727 majora

492 1749 736 1805 homine
789 1747 1150 1820 loquentem,
1199 1764 1335 1803 cum
1377 1747 1515 1802 hinc
1555 1746 1752 1818 potius
1794 1760 2151 1816 cognoscere
2188 1763 2232 1820 Β
2260 1765 2427 1818 μενον,

493 1840 877 1911 oportuisset,
912 1837 1076 1908 quod
1106 1841 1258 1893 Deus
1287 1841 1460 1894 esset.

568 1929 728 1983 Vers.
763 1928 850 1981 21.
896 1927 1022 1982 Alii
1045 1957 1108 1966 —
1153 1927 1389 1995 aperire
1419 1926 1447 1980 ‘l
1476 1926 1609 1981 Haec
1667 1923 2001 1993 arguebant
2031 1941 2152 1980 non

499 2032 630 2073 esse
656 2015 1032 2080 daemoniaci,
1065 2031 1097 2070 a
1123 2015 1551 2086 supernaturali
1579 2012 1994 2069 miraculorum
2015 2030 2153 2086 ope-

500 2106 749 2162 ratione.
772 2104 1034 2160 Christus
1051 2121 1188 2160 vero
1209 2121 1328 2160 non
1356 2104 1625 2173 coarguit
1641 2119 1742 2158 eos
1761 2102 1862 2173 qui
1885 2103 1996 2157 sibi
2017 2120 2154 2159 con-

502 2194 810 2251 tumeliam
860 2193 1192 2249 inferebant
1227 2210 1241 2259 ;
1275 2209 1416 2250 nam
1455 2192 1730 2264 superius
1761 2192 2002 2248 abunde
2042 2193 2152 2250 illis

503 2283 834 2355 respondit,
867 2283 1110 2354 quando
1140 2283 1414 2339 dixerunt
1445 2301 1457 2338 :
1488 2284 1696 2340 Nonne
1729 2281 1870 2336 bene
1905 2281 2157 2340 dicimus

504 2389 630 2443 nos,
708 2373 866 2444 quod
937 2372 1356 2429 Samaritanus
1439 2388 1496 2430 es
1564 2380 1648 2438 tu,
1708 2381 1761 2432 et
1815 2373 2156 2430 daemonium

507 2463 684 2520 habes
705 2465 752 2500 ¹³
776 2462 805 2517 Ῡ

577 2556 860 2609 Prmterea
910 2551 1378 2608 contumeliosus
1453 2553 1789 2626 hujusmodi
1853 2569 2162 2610 sermones

507 2658 632 2700 non
666 2658 738 2697 ex
765 2642 988 2697 directo
1041 2642 1098 2696 in
1137 2641 1305 2698 illum
1352 2642 1759 2709 effundebant,
1792 2644 1897 2700 sed
1923 2644 2071 2699 inter
2099 2656 2162 2697 se

509 2731 607 2788 tali
635 2729 812 2785 modo
842 2729 1246 2798 nugabantur.
1303 2733 1524 2786 'l‘acens
1569 2733 1768 2804 itaque
1801 2732 2002 2788 docuit
2033 2747 2161 2794 nos,

510 2835 585 2876 ne
617 2819 695 2873 ad
736 2818 982 2888 injurias
1022 2824 1460 2887 convertamur,
1494 2837 1630 2892 qua:
1674 2837 1794 2876 non
1835 2821 2055 2877 directe
2104 2822 2164 2877 in

511 2923 624 2965 nos
648 2906 1073 2962 effunduntur:
1106 2923 1226 2962 non
1254 2907 1449 2963 solum
1501 2909 1661 2964 enim
1697 2914 1892 2965 motus
1924 2926 2046 2965 non
2082 2915 2167 2966 est

513 2996 592 3052 ad
623 2993 970 3066 hujusmodi
1003 3010 1329 3061 sermones,
1387 2996 1493 3051 sed
1524 3012 1718 3069 neque
1742 2997 2033 3053 malorum
2066 2998 2167 3053 ad-

2251 511 2317 570 με
2395 494 2594 566 ἀγαπᾷ,
2671 495 2751 546 ὅτι
2831 492 2928 565 ἐγὼ
3016 495 3204 566 τίθημι
3296 496 3392 552 τὴν
3469 493 3683 566 ψυχὴν
3769 513 4000 567 ξιξ-εον,

2255 589 2312 638 τό
2358 585 2594 637 ἑκούσιον
2641 591 2732 635 τοῦ
2778 584 3000 635 θανάτου
3053 579 3372 641 δεδήλωκεν·
3424 582 3676 635 ἐνταῦθα
3723 581 3784 637 δε
3855 583 4006 634 isi-

2255 678 2448 748 ρηκὼς,
2507 674 2586 725 ὅτι
2637 671 2845 729 Ταύτην
2909 677 3005 730 τὴν
3068 672 3272 730 ἐντολὴν
3336 671 3522 724 ἔλαϐον
3586 675 3753 745 παρὰ
3813 680 4000 724 τεῦ

2260 768 2464 835 Πατρός
2507 781 2628 834 μου,
2683 764 2742 814 τὸ
2799 763 2934 813 κατὰ
2985 766 3195 834 γνώμην
3240 769 3329 813 τοῦ
3382 765 3600 834 Πατρός

2260 872 2399 906 σκιιν
2447 850 2720 924 ἐσήμανεν.
2783 850 2842 904 Εἰ
2887 853 2990 925 γὰρ
3039 849 3247 913 ἐντολῆς
3298 847 3485 921 ἐδεῖτο,
3541 859 3676 912 πῶς
3731 852 3992 921 sive.

2259 943 2339 994 ὅτι
2412 941 2542 1012 Ἐγω
2621 942 2808 1012 τίθημι
2883 939 3046 998 αὐτὴν
3115 938 3202 992 ἀπ’

2261 1030 2530 1094 Ἐξουσίαν
2585 1031 2695 1101 ἔχω
2755 1031 2915 1081 θεῖναι
2969 1028 3150 1086 αὐτὴν
3207 1033 3297 1081 καὶ
3352 1033 3451 1103 πρὸ
3512 1031 3768 1097 τούτων,
3827 1030 4000 1080 ὅτι

3282 938 3534 1012 ἐμαυτοῦ’
3625 946 3736 993 καὶ
3825 943 3994 992 ἑτι

2258 1121 2392 1191 Ἐγώ
2445 1119 2548 1191 εἰμι
2605 1120 2632 1170 ὁ
2678 1122 2872 1190 ποιμὴν
2938 1119 2964 1170 ὁ
3017 1117 3213 1185 καλός;
3267 1119 3294 1170 ὁ
3348 1125 3593 1180 τοιοῦτος
3663 1120 3784 1191 γὰρ
3832 1117 4006 1169 ἑέ-

2258 1208 2409 1268 τολῆς
2459 1207 2519 1260 ού
2565 1203 2752 1260 δεῖται.
2800 1202 2968 1259 Οὐδὲν
3001 1203 3090 1258 οὖν
3119 1207 3286 1282 ἕτερον
3316 1209 3345 1264 ἡ
3402 1206 3583 1265 ἐντολή
3649 1214 3757 1259 τοῦ
3797 1214 3998 1260 Πε-

2257 1300 2378 1372 τρός
2443 1292 2706 1349 δείκνυσιν
2781 1299 2812 1354 ἦ
2898 1300 3050 1368 μόνον
3115 1301 3210 1355 τὴν
3284 1299 3414 1369 πρὸς
3491 1299 3586 1348 τὸν
3686 1301 4000 1366 Πατέρα

2259 1388 2518 1459 ὁμόνοιαν.
2576 1385 2893 1457 Οἰκονομικὰ
2945 1381 3004 1438 δὲ
3061 1386 3127 1437 τὰ
3183 1392 3401 1438 τοιαῦτα
3465 1382 3571 1438 διὰ
3629 1390 3748 1444 τήν
3807 1394 4000 1437 τεῖνεν

2261 1475 2548 1529 ἀκουόντων
2580 1473 2868 1545 ἀσθένειαν,
2901 1476 2969 1537 ὡς
2994 1473 3238 1536 πολλάκις
3267 1475 3571 1547 εἰρήκαμεν.

2337 1570 2554 1638 Σχίσμα
2609 1595 2680 1606 ο-
2731 1563 2960 1618 ἀκούετε.
3018 1570 3349 1636 Δαιμονῶντα
3413 1568 3503 1616 καὶ
3566 1569 4000 1636 μαινόμενα-δ

2261 1655 2417 1708 αὐτὸν
2462 1654 2645 1725 ἔλεγον,
2705 1654 2770 1713 ὡς
2797 1656 3012 1725 μείζονα
3057 1657 3088 1712 ἦ
3139 1654 3274 1706 κατὰ
3334 1654 3617 1729 ἄνθρωπον
3671 1656 3998 1726 φθεγγό-

2525 1741 2639 1797 δέον
2714 1741 2938 1796 ἐντεῦθεν

3021 1741 3210 1816 μᾶλλον
3296 1751 3485 1815 γνῶναι
3575 1744 3672 1796 ὅτε
3783 1748 3994 1804 Θεὸς

2263 1835 2419 1889 ἐστιν.

2334 2011 2512 2065 ’Ἄλλοι
2553 2042 2619 2052 —
2670 2010 2931 2083 ἁνοίγεινς
2965 2011 3365 2083 Συνελογίσαντο
3403 2017 3573 2063 ταῦτα
3618 2016 3706 2083 μὴ
3782 2009 3964 2065 εἶναι

2266 2099 2697 2175 δαιμονιζομένου
2754 2100 2853 2154 ἀπὸ
2901 2099 2991 2162 τῆς
3056 2103 3347 2177 ὑπερφυοῦς
3413 2103 3950 2176 θαυματουργίας-

2262 2198 2320 2242 Ὀ
2375 2188 2434 2244 δὲ
2477 2195 2708 2264 Χριστὸς
2747 2199 2834 2243 νῦν
2887 2191 2980 2243 οὐκ
3027 2189 3230 2263 ἐλέγχει
3261 2195 3381 2252 τοὺς
3425 2189 3774 2265 ὑϐρίζοντας
3823 2193 3898 2244 αὖ
3925 2224 3942 2231 -

2265 2286 2371 2334 τόνο
2413 2280 2684 2354 προλαϐὼν
2725 2285 2824 2357 γὰρ
2878 2283 3059 2342 ἱκανῶς
3089 2280 3447 2352 ἀπελογήσατο
3487 2285 3624 2354 πρὸς
3673 2282 3927 2344 αὐτούς,

2269 2372 2351 2424 ὅτε
2381 2369 2539 2424 εἶπον·
2574 2371 2650 2423 Ού
2676 2370 2846 2434 καλῶς
2884 2369 3115 2443 ίλέγομεν
3154 2373 3320 2444 ἡμεῖς,
3362 2372 3442 2424 ὄτι
3482 2376 3842 2444 Σαμαρείτης
3869 2369 3935 2424 εἷ

2273 2465 2359 2527 σύ,
2389 2465 2479 2513 καὶ
2513 2458 2783 2533 δαιμόνιον
2813 2462 2994 2532 ἔχειςς

2344 2550 2541 2613 ’Ἄλλως
2571 2569 2627 2602 τε
2673 2553 2763 2602 καὶ
2809 2549 2903 2602 ούκ
2947 2547 2999 2612 ἐξ
3037 2549 3193 2622 ὀρθοῦ
3244 2551 3376 2623 πρὸς
3416 2548 3568 2601 αὐτόν
3623 2550 3904 2603 ἐκένωσεν

2272 2645 2387 2702 τοὺς
2441 2642 2706 2700 τοιούτους
2748 2637 3082 2711 ὑϐριστικούς
3134 2638 3339 2710 λόγους,
3393 2637 3524 2690 ἀλλὰ
3573 2640 3702 2691 καθ’
3770 2640 3901 2692 imr-

2274 2735 2396 2790 τοὺς
2451 2728 2732 2802 ἐφλυάρουν
2783 2728 2938 2780 οὕτω.
2999 2730 3086 2780 Διὸ
3148 2733 3236 2780 καὶ
3291 2732 3519 2798 σιγήσας
3568 2725 3893 2781 ἕπαὶδευσςν

2275 2823 2414 2892 ἡμᾶς
2463 2823 2533 2891 μὴ
2588 2817 2989 2892 ἐπιστρέφεσθαι
3035 2824 3136 2868 τῶν
3182 2821 3253 2888 μὴ
3308 2816 3363 2879 ἐξ
3392 2818 3552 2891 ὀρθοῦ
3582 2821 3723 2893 πρὸς
3757 2820 3891 2890 ἦ·μὴ

2274 2912 2533 2981 χεομένων
2591 2907 2802 2980 ὕϐρεων·
2851 2905 2910 2958 ού
2953 2910 3106 2979 μόνον
3158 2907 3256 2980 γὰρ
3307 2905 3400 2958 ούκ
3448 2909 3758 2980 ἓπεστροὲφη
3793 2916 3882 2958 τῶν

2275 2999 2520 3050 τοιούτων
2568 2995 2748 3068 λόγων⁹
2803 2992 2910 3047 ἀλλ’
2955 2991 3071 3048 οὐδ’
3111 2993 3532 3068 ἐμνησικάκησεν
3564 2995 3776 3061 αὐτοῖς,
3819 2999 3868 3054 si;

518 3100 724 3142 versus
751 3099 852 3140 eos
893 3083 1182 3152 meminit,
1219 3086 1371 3140 sicut
1402 3101 1472 3140 ex
1510 3085 1891 3158 sequentibus
1924 3087 2163 3143 manife-

2286 3085 2378 3138 Ξιπό
2407 3093 2507 3138 τῶν
2543 3081 2923 3158 ἐφεξῆςδῆλον,

519 3178 676 3230 stum
702 3176 809 3228 est.

594 3263 721 3320 Alio
747 3263 884 3318 item
921 3264 1142 3319 modo:
1191 3263 1393 3320 Tacuit
1431 3263 1641 3320 videns
1680 3264 1810 3321 illos
1840 3266 1938 3338 qui
1968 3265 2046 3320 ab
2075 3265 2170 3321 his

524 3352 902 3409 dissidebant
941 3369 1051 3424 pro
1083 3369 1146 3407 se
1193 3353 1662 3424 respondentes:
1715 3360 1771 3410 et
1827 3355 1970 3427 quia
2011 3354 2070 3410 bi
2100 3371 2173 3410 ne

525 3457 799 3498 sermone
825 3441 1071 3513 quidem
1103 3447 1271 3498 erant
1295 3441 1476 3512 digni,
1506 3443 1612 3514 qui
1649 3447 1815 3500 tanto
1846 3443 1970 3499 viso
1997 3443 2173 3500 mira-

525 3530 659 3586 culo
684 3531 768 3586 ita
805 3530 1334 3586 calumniabantur.

597 3619 759 3674 Vers.
775 3623 860 3674 2‘2.
889 3620 1076 3676 Facta
1095 3626 1234 3676 sunt
1256 3651 1322 3660 —
1339 3620 1786 3692 Hierosolymis.
1812 3622 2178 3678 Dedicatoria

529 3707 776 3778 templi;
861 3709 1158 3779 siquidem
1238 3710 1560 3782 quotannis
1633 3710 1975 3766 solemniter
2018 3711 2177 3766 diem

527 3797 697 3852 illum
729 3795 1020 3864 colebant,
1061 3813 1184 3869 quo
1235 3798 1446 3854 iterum
1501 3798 1614 3854 sub
1669 3800 1994 3856 Zorobabel
2042 3800 2180 3856 aedi-

528 3885 794 3956 ﬁcatum,
844 3891 975 3957 post
1031 3886 1273 3942 reditum
1335 3902 1410 3943 ex
1465 3888 1802 3960 captivitate
1852 3889 2179 3961 perfectum

530 3979 640 4031 est.

601 4064 759 4118 Vers.
791 4065 879 4117 22.
927 4065 1003 4118 Et
1055 4063 1238 4120 hiems
1285 4070 1436 4121 erat.
1492 4067 1617 4121 Non
1673 4066 1870 4122 solum
1919 4067 1988 4121 ob
2027 4067 2180 4123 acris

529 4150 958 4221 intemperiem,
993 4150 1096 4205 sed
1127 4151 1306 4207 etiam
1345 4151 1425 4208 ob
1463 4152 1888 4210 inﬁdelitatem.
1920 4154 2180 4227 Tempus

529 4241 726 4294 autem
777 4238 970 4293 innuit
1002 4243 1243 4310 propter
1280 4240 1719 4297 dedicationem
1769 4243 1977 4314 primae
2043 4244 2179 4299 sedi-

527 4326 823 4383 ﬁcationis
875 4327 1122 4399 templi;
1185 4343 1326 4384 nam
1378 4329 1480 4386 illa
1544 4330 1771 4387 circiter
1823 4337 2178 4389 autumnum

527 4415 960 4474 celebrabatur.

598 4506 762 4560 Vers.
825 4504 914 4561 23.
971 4506 1510 4566 Et—Solomom's.
1538 4512 1686 4566 Nam
1735 4516 1791 4568 et
1847 4511 1973 4584 ipse
2030 4512 2178 4567 festo

527 4596 755 4653 aderat.

599 4685 759 4739 Vers.
792 4684 882 4742 24.
922 4685 1452 4743 Circumdederunt
1479 4719 1546 4729 -
1573 4689 1789 4746 Judaei.
1844 4691 2174 4761 Sperantes,

527 4772 606 4830 ab
631 4774 758 4842 ejus
789 4774 1164 4829 sermonibus
1194 4775 1457 4848 aliquam
1491 4793 1552 4833 se
1606 4785 1958 4850 accepturos
2015 4795 2178 4834 com-

527 4861 933 4935 prehendendi
973 4863 1372 4934 occasionem,
1415 4866 1736 4938 siquidem,
1769 4884 1904 4923 cum
1939 4868 2012 4923 de
2039 4883 2178 4939 ope-

524 4951 695 5008 ribus
735 4949 882 5008 nihil
907 4966 1044 5008 eum
1086 4957 1335 5024 possent
1386 4969 1710 5026 arguere,a
1773 4957 1970 5012 verbis
2022 4973 2177 5029 prae-

599 5158 644 5193 ¹³
668 5156 830 5215 Joan.
864 5173 918 5223 ι,
955 5157 1035 5212 t7.
1150 5157 1196 5195 ¹⁶
1225 5155 1365 5214 ibid.
1400 5159 1483 5223 17,
1516 5158 1598 5214 18.
1715 5161 1755 5196 1⁷
1781 5158 1927 5215 ibid.
1966 5164 2054 5217 H.

2353 3266 2454 3316 Καὶ
2504 3263 2622 3314 καθ’
2673 3260 2837 3335 ἓτερον
2893 3257 2952 3314 δὲ
3001 3264 3191 3337 τρόπον
3249 3258 3512 3332 ἐσίγησεν,
3575 3262 3715 3334 ὁρῶν
3772 3266 3894 3323 τοὺς

2285 3353 2596 3424 σχισθέντας
2671 3349 2758 3402 ἀπ’
2828 3349 2997 3402 αὐτῶν
3067 3349 3640 3425 ὑπεραπολογουγένους
3699 3352 3896 3417 αὐτοῦ,

2282 3447 2372 3494 καὶ
2420 3442 2500 3493 ὅτι
2542 3436 2664 3493 οὐδὲ
2693 3439 2845 3512 λόγου
2894 3435 3028 3498 ἦσαν
3059 3439 3421 3504 ἔκείνοιοῖξιοι,
3455 3441 3585 3512 μετά
3631 3439 3900 3498 τηλικοῦ-

2282 3550 2368 3583 τον
2397 3533 2572 3604 θαῦμα
2601 3530 2764 3590 οὕτως
2793 3528 3105 3603 ὑϐρίζοντες.

2356 3624 2580 3692 Ἐγένετο
2618 3653 2676 3660 -
2704 3618 3098 3693 Ἰεροσολύμοις.
3148 3621 3226 3672 Τὰ
3267 3625 3358 3671 τοῦ
3405 3626 3546 3672 ναοῦ.
3579 3618 3903 3696 Ἐὡρταζον

2285 3713 2385 3783 γὰρ
2412 3709 2657 3782 λαμπρῶς
2687 3707 2782 3759 ἀνὰ
2811 3713 2913 3760 πᾶν
2938 3709 3047 3771 ἔτος
3077 3713 3170 3766 τὴν
3204 3709 3400 3780 ἡμέραν
3430 3707 3546 3760 καθ’
3567 3711 3631 3767 ἦν
3656 3712 3722 3761 τό
3757 3707 3895 3763 δεύ-

2287 3817 2426 3871 τερον
2457 3799 2555 3851 ὑπὸ
2583 3795 2870 3871 Ζοροϐάϐελ
2899 3794 3269 3870 οἰκοδομηθεὶς
3297 3797 3598 3872 ἀπηρτίσθη
3627 3801 3766 3870 μετὰ
3797 3806 3897 3860 τὴν

2289 3885 2342 3939 ἐκ
2374 3895 2468 3949 τῆς
2499 3886 2872 3959 αἰχμαλωσίας
2895 3883 3166 3941 ἐπάνοδον.

2360 4068 2458 4118 Καὶ
2505 4067 2703 4138 χειμὼν
2743 4061 2823 4124 ἧν.
2884 4063 2960 4117 Οὐ
3017 4069 3169 4138 μόνον
3218 4063 3271 4128 ἐξ
3318 4063 3480 4140 ἀέρος,
3532 4064 3661 4118 ἀλλὰ
3708 4072 3802 4121 καὶ
3840 4068 3893 4131 ἐξ

2288 4153 2549 4216 ἀπιστίας.
2614 4159 3090 4228 Παρεσημειώσατο
3150 4149 3208 4206 δε
3281 4157 3366 4206 τὸν
3430 4157 3610 4228 καιρὸν
3670 4152 3768 4209 διὰ
3825 4161 3890 4210 τὰ

2287 4247 2522 4317 ἐγκαίνια
2552 4253 2646 4306 τῆς
2691 4248 2902 4316 πρώτης
2937 4239 3225 4316 οἰκοδομῆς
3267 4251 3357 4296 τοῦ
3387 4252 3538 4296 ναοῦ·
3583 4242 3758 4297 ἐκεῖνα
3785 4250 3884 4320 γὰρ

2286 4337 2420 4388 κατὰ
2439 4337 2495 4387 τὸ
2525 4337 2820 4408 μετόπωρον
2851 4331 3189 4409 ἕωρτάζοντο.

2360 4514 2460 4563 Καὶ
2514 4537 2583 4549 -
2639 4507 2946 4581 Σολομῶνος.
3025 4513 3205 4580 Παρῆν
3268 4508 3372 4583 γὰρ
3442 4514 3504 4580 τῇ
3575 4506 3723 4581 ἑορτῇ
3795 4514 3879 4559 καὶ

2289 4599 2456 4659 αὐτὸς.

2355 4689 2687 4742 Ἐκύκλωσαν
2786 4718 2854 4727 -
2930 4682 3202 4740 Ἰουδαῖοι.
3295 4682 3692 4758 Προσδοκῶντες
3770 4681 3872 4736 ἀπὸ

2287 4787 2384 4830 τῶν
2422 4777 2586 4850 λόγων
2644 4779 2802 4829 αὐτοῦ
2843 4771 3143 4849 δράξασθαι
3195 4794 3330 4836 τινος
3387 4773 3622 4848 ἀφορμῆς
3671 4774 3733 4834 εἱς
3784 4771 3888 4825 ἰτεί-

2290 4870 2448 4922 θεσιν.
2495 4874 2611 4929 Τοῖς
2655 4868 2822 4942 ἔργοις
2873 4867 2972 4940 γὰρ
3024 4865 3182 4917 αὐτοῦ
3246 4860 3412 4937 μηδὲν
3456 4863 3689 4936 ἐγκαλεῖν
3739 4859 3890 4916 δυνεὶο

2287 4976 2427 5029 μενοι
2458 4958 2744 5030 ἐπεθύμουν
2807 4956 2906 5008 ἀπὸ
2961 4961 3060 5007 τῶν
3109 4955 3353 5028 ῥημάτων
3401 4954 3563 5029 εὑρεῖν
3619 4973 3739 5005 τινα
3766 4957 3889 5025 πρόο

2174 5161 2220 5196 ³⁸
2252 5160 2426 5216 Joan.
2460 5174 2580 5225 v1u,
2610 5161 2697 5217 48.

1689 5337 1906 5406 Variae
1937 5337 2264 5406 lectiones
2300 5346 2365 5404 et
2394 5346 2594 5406 notas.

599 5528 677 5608 (μ)
725 5528 920 5608 Patris
969 5530 1522 5608 condemnationem.
1555 5535 1820 5608 AYidetur
1849 5537 2174 5608 κατάγνωσιν

522 5599 756 5729 ιὲεὲἐῗξθ,
802 5599 932 5660 loco
976 5602 1109 5654 κατὰ
1159 5609 1388 5677 γνώμην.
1451 5605 1671 5671 Redde,
1725 5607 1920 5666 Patris
1969 5599 2175 5664 uolun-

2357 5535 2448 5603 (ξε)
2490 5533 2682 5591 Solam
2741 5535 3222 5604 conformitatem.
3276 5533 3492 5590 Saltem
3547 5533 3897 5594 addendum

2283 5605 2598 5663 voluntatis
2630 5627 2641 5670 ;
2677 5621 2796 5663 uno
2823 5605 3024 5672 verbo,
3071 5621 3432 5664 consensum.
