4130 6320
173 344 349 406 ί333
1309 333 1671 404 COMMENT.
1716 347 1785 406 IN
1822 344 2175 406 JOANNEM.
2217 381 2286 391 —
2316 350 2468 406 CAP.
2504 349 2574 407 X.
3485 345 3622 406 1334

168 490 400 546 φασιν
473 480 598 532 οὔτε
663 465 764 550 γάρ
838 477 984 531 αὐτοὶ
1036 483 1134 540 τῆς
1210 473 1392 535 κακίας
1463 474 1670 548 ἔληγον,
1739 477 1847 530 οὔτ’
1881 493 1892 529 Α

1959 479 2185 533 textum
2218 476 2482 548 aliquem
2507 474 2772 532 invenire
2816 466 3400 548 cupiebant;neque
3451 474 3613 531 enim

168 564 373 630 αὐτὸς
422 574 532 627 τῆς
567 565 891 631 ἀνεξικακίας
903 611 915 623 .

1956 565 2070 638 ipsi
2099 581 2136 622 a
2187 565 2413 622 malitia
2441 564 2776 628 cessabant,
2832 577 3028 634 neque
3074 563 3200 635 ipse
3230 579 3266 620 a
3296 563 3612 621 clementia

1954 654 2325 728 quiescebat.

272 749 405 798 Καὶ
443 745 624 819 ἔλεγον
659 745 816 818 αύτῷ.
838 745 1093 808 ’Υπούλως
1122 750 1211 798 καὶ
1242 741 1485 819 δολερῶς.

2025 745 2187 800 Vers.
2238 744 2326 798 24.
2392 745 2465 800 Et
2511 744 2791 800 dixerunt
2837 742 2905 798 ei.
2960 743 3382 800 Fraudulenter
3409 746 3466 800 et
3508 742 3608 800 do.

1949 833 2099 891 lose.

270 922 446 986 ”Εως
539 957 607 966 -
703 929 908 1000 αἴρεις;
995 925 1224 999 Αἰωρεῖς,
1323 923 1568 1000 ἀναρτᾷς,
1651 922 1842 997 μεταξὺ

2025 924 2184 979 Vers.
2258 923 2346 979 24.
2437 924 2744 996 Quousque
2799 954 2870 965 -—
2937 922 3292 993 suspendis?
3348 923 3605 995 Suspen-

177 1017 473 1076 πίστεως
505 1014 616 1087 (i6)
641 1020 729 1067 καὶ
755 1013 1024 1077 ἀπιστίας.

1956 1028 2080 1068 sum
2131 1028 2200 1068 ac
2238 1012 2488 1069 dubiam
2536 1018 2696 1070 tenes
2751 1012 2900 1069 inter
2953 1012 3132 1068 ﬁdem
3185 1016 3242 1068 et
3295 1011 3605 1068 inﬁdelita-

1950 1104 2090 1158 tem.

283 1193 361 1245 Ei
409 1223 503 1234 -—
551 1192 845 1269 παρῥησίᾳ.
899 1199 1148 1266 Φανερῶς,
1211 1192 1679 1266 ἀπαρακαλύπτως.
1718 1196 1840 1245 Καί-

2025 1193 2186 1248 Vers.
2236 1195 2322 1248 24.
2368 1193 2432 1248 Si
2481 1223 2547 1234 -—-
2606 1193 2801 1249 libere.
2855 1190 3180 1257 Manifeste,
3229 1190 3430 1248 verbis
3479 1202 3606 1246 non

189 1301 295 1334 τοι
353 1291 544 1356 σαφῶς
578 1285 856 1352 ἐγίνωσκον
889 1285 970 1336 ὄτι
1005 1290 1157 1336 τοῦτο
1200 1283 1354 1354 λέγει·
1395 1286 1480 1335 Διὸ
1523 1287 1611 1334 καὶ
1649 1281 1844 1356 προλα-

1956 1282 2218 1339 obtectis.
2260 1282 2434 1355 Atqui
2465 1282 2635 1354 plane
2658 1283 2941 1352 sciebant,
2977 1283 3144 1355 quod
3168 1282 3283 1338 hoc
3312 1281 3560 1337 dixisset
3586 1295 3599 1335 :

192 1371 414 1433 ϐάντες
495 1378 880 1444 συνεφώνησαν,
960 1371 1090 1437 Ἱνα,
1171 1371 1254 1424 ἐάν
1328 1391 1408 1432 τις
1482 1371 1636 1423 αὑτὸν
1718 1373 1844 1442 ὁμο-

1956 1371 2086 1427 ideo
2143 1373 2320 1427 etiam
2377 1373 2434 1426 in
2498 1371 2912 1443 superioribus
2965 1372 3266 1428 decretum
3320 1371 3601 1434 fecerant,

192 1459 451 1533 λογήσῃ
547 1465 794 1534 Χριστόν,
896 1460 1300 1532 ἀποσυνάγωγος
1379 1465 1612 1532 γένηται.
1687 1459 1844 1513 Ἀλλὰ

1959 1462 2030 1518 Ut
2068 1461 2120 1516 si
2147 1461 2278 1533 quis
2321 1461 2700 1528 conﬁteretur
2745 1475 2870 1516 eum
2921 1475 3042 1517 esse
3073 1460 3399 1530 Christum,
3429 1463 3606 1516 extra

199 1558 310 1600 νῦν
364 1555 538 1620 σκαιᾲ
579 1556 757 1624 γνώμη
815 1558 965 1603 τοῦτο
1022 1550 1272 1623 ἐρωτῶσι,
1306 1549 1611 1622 βουλόμενοι
1657 1567 1842 1624 προσε-

1956 1565 2313 1620 synagogam
2330 1549 2638 1619 ejiceretur
2676 1550 2744 1617 ίθ,
2774 1547 2883 1604 sed
2929 1563 3088 1603 nunc
3119 1548 3359 1603 sinistra
3407 1550 3606 1603 mente

205 1646 487 1713 ρωτῆσαι
542 1641 694 1691 πόθεν
743 1647 894 1692 τοῦτο
945 1639 1099 1711 λέγει,
1135 1640 1235 1704 ἵνα,
1265 1638 1652 1713 προϐαινούσης
1708 1638 1842 1690 οὕτω

1956 1639 2066 1694 hoc
2089 1639 2474 1708 interrogant,
2503 1638 2704 1694 audire
2723 1638 2984 1693 volentes
3010 1637 3123 1708 (ῃ),
3156 1636 3466 1709 quomodo
3491 1636 3606 1690 hoc

208 1736 326 1790 τῆς
406 1728 764 1796 συζητῆσεως,
818 1728 1103 1800 φθέγξηταί
1180 1747 1230 1780 τι
1299 1731 1434 1800 μέγα
1511 1727 1663 1779 πάλιν
1726 1732 1843 1799 περὶ

1956 1727 2191 1795 diceret,
2217 1733 2296 1796 ut,
2311 1727 2706 1798 disputatione
2729 1728 2808 1783 ita
2827 1726 3182 1799 procedente
3199 1726 3428 1796 magni,
3447 1724 3607 1797 quip-

209 1817 452 1881 ἑαυτοῦ,
493 1822 584 1868 καὶ
629 1816 858 1869 λάϐωσιν
905 1816 1162 1891 ἀφορμὴν,
1198 1820 1266 1878 ὡς
1306 1820 1527 1889 εἴρηται·
1571 1816 1727 1878 αὐτὸς
1761 1813 1840 1881 δε,
1877 1833 1892 1889 ]

1956 1818 2114 1890 piam
2142 1832 2379 1872 rursum
2410 1817 2483 1871 de
2505 1817 2696 1887 seipso
2721 1817 3081 1888 loqueretur,
3114 1820 3169 1871 et
3199 1815 3601 1880 occasionem,

210 1912 515 1977 γινώσκων
573 1911 666 1964 τὴν
726 1909 969 1964 τοιαύτην
1027 1911 1296 1978 μηχανὴν,
1348 1903 1471 1958 ούδε
1500 1914 1588 1957 νῦν
1639 1904 1842 1976 ἐλέγχει

1956 1913 2017 1962 ut
2041 1906 2263 1961 dictum
2311 1910 2416 1970 est,
2447 1905 2614 1961 illum
2667 1904 3217 1978 comprehendendi
3251 1903 3603 1976 acciperent.

213 1999 460 2056 τούτους
509 1996 865 2068 πειράζοντας,
909 1991 1170 2048 παιδεύων
1218 1999 1288 2066 μὴ
1338 1996 1508 2047 πάντα
1562 1997 1680 2056 τούς
1738 1992 1846 2046 tm-

1956 1999 2086 2067 lpse
2111 2011 2268 2060 vero,
2301 1995 2653 2066 hujusmodi
2685 1995 2923 2064 cognita
2943 1989 3195 2060 vafritie,
3225 2005 3421 2066 neque
3452 2007 3607 2048 nunc

219 2083 580 2145 ϐουλεύοντας
649 2083 900 2155 ἐλέγχειν,
961 2083 1086 2136 ἀλλὰ
1147 2085 1495 2159 μακροθύμως
1560 2088 1724 2158 φέρειν
1780 2085 1845 2135 τά

1956 2086 2064 2142 hos
2097 2090 2386 2141 tentantes
2412 2086 2606 2154 arguit
2636 2103 2650 2141 :
2683 2085 2925 2150 docens,
2959 2099 3080 2140 non
3102 2083 3180 2141 ad
3201 2084 3408 2140 omnia
3437 2095 3608 2140 coard

219 2173 430 2228 πολλά.
1955 2175 2228 2245 guendos
2257 2191 2387 2231 esse
2420 2179 2755 2241 tentatores,
2787 2174 2891 2229 sed
2923 2173 3110 2230 multa
3156 2172 3450 2244 patienter
3479 2187 3609 2230 esse

1955 2265 2218 2320 ferenda.

312 2357 416 2405 Καὶ
460 2353 554 2403 ούκ
604 2349 729 2405 εἰπε·
788 2359 900 2414 Πῶς
955 2355 1024 2411 ὡς
1076 2352 1188 2420 (17)
1245 2350 1546 2414 ἀξιόπιστον
1605 2349 1841 2425 ἕρωτιῑιτε9

2026 2357 2226 2426 Neque
2247 2353 2393 2408 dixit
2422 2369 2434 2408 :
2461 2351 2773 2419 Quomodo
2797 2368 2890 2407 me
2911 2356 3201 2424 tanquam
3225 2351 3342 2406 ﬁde
3360 2350 3611 2422 dignum

229 2443 296 2495 οὗ
357 2447 452 2500 τὴν
505 2447 797 2517 μαρτυρίαν
847 2439 1276 2514 ἀπεδοκιμάσατε
1307 2440 1530 2511 λέγοντες
1573 2457 1584 2470 ⁸
1632 2444 1698 2491 Σύ
1732 2445 1846 2513 περὶ

1956 2442 2346 2513 interrogatis,
2370 2441 2963 2512 cujustestimonium
2991 2439 3286 2511 repulistis
3317 2439 3605 2496 dicentes:

232 2539 469 2585 σεαυτοῦ
539 2539 820 2606 μαρτυρεῖς
887 2548 904 2565 ο
961 2533 991 2589 ἡ
1059 2534 1325 2604 μαρτυρία
1386 2549 1480 2580 σου
1544 2528 1637 2580 οὐκ
1686 2531 1845 2580 1ἔστιν

1963 2533 2048 2587 Τιι
2091 2531 2164 2587 de
2210 2531 2391 2599 teipse
2433 2528 2827 2586 testimonium
2876 2529 3163 2598 perhibes,
3216 2527 3628 2588 testimonium.

237 2621 444 2683 ἀληθής
473 2639 486 2651 '
537 2621 591 2672 ὃν
629 2620 903 2674 ἄκαλέσατε
960 2622 1254 2693 παράνομον
1318 2623 1408 2669 καὶ
1469 2615 1688 2670 ἀντίθεον
1757 2622 1845 2669 καὶ

1956 2627 2122 2675 tuum
2155 2635 2271 2675 non
2300 2625 2386 2675 est
2400 2633 2602 2675 verum
2625 2620 2889 2690 ’°;quem
2922 2616 3071 2687 legis
3104 2623 3610 2686 transgressorem

239 2711 438 2762 πλάνον
475 2715 566 2762 καὶ
611 2709 934 2782 ἁμαρτωλὸν,
989 2714 1078 2760 καὶ
1127 2711 1468 2780 Σαμαρείτην,
1519 2712 1609 2758 καὶ
1658 2703 1844 2778 δαιμο·

1956 2709 2322 2780 appellastis,
2364 2709 2482 2762 Deo
2529 2706 2892 2763 contrarium
2925 2721 2994 2762 ac
3027 2706 3420 2776 seductorem,
3469 2721 3601 2777 pec-

235 2810 413 2850 νῶντα
485 2804 575 2850 καὶ
647 2803 969 2870 μαινόμενον,
1019 2802 1109 2849 καὶ
1159 2795 1322 2848 πολλὰ
1373 2803 1611 2859 τοιαῦτα,
1666 2796 1718 2848 ὂν
1771 2796 1844 2848 λι-

1956 2803 2234 2861 catorem,
2264 2797 2714 2860 Samaritanum,
2740 2795 3181 2851 daemoniacum
3206 2811 3274 2851 ac
3301 2796 3606 2862 insanum,

241 2889 430 2947 θάζετε
489 2892 578 2938 καὶ
651 2884 865 2938 διώκετε
929 2891 1019 2938 καὶ
1095 2885 1281 2938 ἀνελεῖν
1350 2884 1653 2956 ἐπείγεσθε;
1705 2885 1840 2938 Ἀλλ’

1956 2887 2289 2958 talibusque
2313 2885 2514 2941 multis
2534 2884 2904 2950 nominibus,
2926 2900 3090 2955 quem
3109 2884 3410 2955 lapidibus
3429 2899 3612 2957 appe-

240 2973 398 3028 οὐδὲν
446 2983 676 3027 τοιοῦτον
728 2971 883 3039 εἶπεν,
942 2971 1055 3026 οὐδ’
1100 2973 1512 3047 ἐμνησικάκησε,
1569 2971 1842 3027 διδάσκων

1956 2974 2071 3031 titis
2102 2979 2154 3030 et
2176 2975 2616 3046 persequimini,
2638 2989 2708 3030 ac
2725 2973 2994 3030 occidere
3026 2973 3314 3028 festinatis
3339 2972 3366 3028 ?
3395 2974 3608 3029 Verum

243 3064 537 3136 ἀμνηστίαν
609 3073 708 3116 τῶν
777 3065 1078 3136 φθασάντων
1144 3063 1626 3136 καταψηφίζεσθαι·
1686 3069 1844 3137 πραο-

1956 3064 2099 3120 nihil
2128 3064 2274 3120 dixit
2303 3063 2666 3136 hujusmodi,
2695 3079 2804 3119 nec
2837 3061 3135 3118 malorum
3174 3061 3463 3127 meminit,
3505 3059 3610 3117 do-

241 3173 375 3207 τατα
414 3150 472 3206 δι
501 3157 628 3228 πρὸς
661 3158 749 3211 τὴν
781 3152 1031 3226 ἐρώτησιν
1070 3154 1420 3226 ἀποκρίνεται.
1882 3187 1892 3235 ε

1956 3170 2095 3210 cens
2125 3153 2474 3226 injuriarum
2506 3152 2864 3208 oblivionem
2894 3167 3034 3222 erga
3061 3168 3163 3207 eos
3193 3151 3294 3224 qui
3327 3150 3610 3208 condem-

1956 3259 2097 3298 nare
2113 3247 2500 3315 properarent
2519 3242 2617 3313 (z),
2637 3241 2742 3296 sed
2766 3239 3242 3297 mansuetissime
3265 3239 3343 3296 ad
3361 3239 3607 3296 interro-

1957 3332 2255 3402 gationem
2292 3330 2633 3402 respondet.

315 3427 379 3474 Σύ
413 3418 472 3474 δέ
527 3441 616 3494 μοι
663 3424 843 3474 σκόπει
881 3424 939 3472 τὸ
981 3416 1388 3494 διεστραμμένον
1431 3427 1519 3473 καὶ
1555 3421 1834 3493 φιλόνεικον

2023 3423 2104 3476 Τιι
2137 3435 2271 3475 vero
2316 3418 2457 3474 mihi
2489 3417 2802 3474 considera
2852 3431 3196 3489 perversam
3247 3432 3314 3472 ac
3368 3423 3608 3472 conten-

241 3521 341 3562 τῶν
373 3507 664 3564 Ἰουδαίων.
709 3510 871 3562 Ὀταν
898 3514 986 3582 μὲν
1018 3514 1116 3584 γὰρ
1163 3507 1440 3583 δημηγορῇ
1476 3515 1564 3562 καὶ
1614 3507 1706 3562 διὰ
1748 3510 1836 3562 λό-

1956 3509 2168 3564 tiosam
2191 3508 2533 3563 Iudaeorum
2558 3511 2841 3562 mentem.
2865 3504 3169 3578 Siquidem
3195 3505 3443 3577 quando
3469 3519 3608 3561 con-

241 3621 345 3670 γων
399 3598 660 3672 διδάσκῃ,
709 3599 938 3670 λέγουσι.
975 3605 1038 3652 Τί
1095 3608 1306 3672 σημεῖον
1361 3597 1612 3662 δεικνύεις
1663 3602 1830 3671 ἡμῖνς

1956 3599 2228 3654 cionatur
2273 3613 2344 3652 ac
2399 3595 2783 3651 sermonibus
2850 3595 3042 3658 docet,
3102 3593 3306 3650 dicunt
3361 3609 3374 3647 :
3443 3592 3609 3662 Quod

243 3689 362 3740 ὅταν
396 3685 454 3742 δε
483 3691 852 3762 θαυματουργῇ
887 3693 976 3740 καὶ
1025 3684 1118 3740 διά
1158 3696 1257 3740 τῶν
1301 3691 1460 3762 ἔργων
1505 3693 1712 3762 παρέχη
1747 3691 1835 3749 τὰς

1956 3689 2187 3758 signum
2211 3686 2468 3743 ostendis
2488 3685 2641 3740 nobis
2669 3686 2711 3720 ²¹
2749 3685 2778 3739 9
2804 3683 3052 3756 quando
3078 3699 3214 3740 vero
3247 3682 3606 3740 miraculum

246 3775 555 3844 ἀποδείξεις,
587 3777 825 3848 λέγουσιν
860 3795 872 3806 ·
905 3777 961 3830 Εἰ
1009 3780 1074 3829 σὺ
1113 3774 1210 3829 εἶὸ
1261 3781 1510 3850 Χριστὸς,
1565 3777 1671 3830 εἰπε
1710 3779 1835 3849 ἡμῖν

1956 3781 2248 3847 operatur,
2309 3791 2378 3830 ac
2419 3774 2962 3829 demonstrationes
3013 3771 3297 3845 operibus
3348 3771 3604 3839 exhibet,

247 3866 532 3941 παρρησία.
579 3874 689 3918 Τῶν
736 3865 900 3936 λόγων
955 3863 1337 3932 διδασκόντων,
1383 3869 1509 3940 ἔργα
1565 3870 1786 3929 ζητοῦσι
1819 3883 1833 3900 ⁶

1956 3866 2204 3922 dicunt:
2237 3865 2301 3921 Si
2343 3871 2405 3920 tu
2451 3879 2507 3919 es
2541 3863 2835 3926 Christus,
2882 3863 2978 3918 die
3005 3861 3164 3918 nobis
3197 3862 3392 3918 libere.
3455 3860 3604 3916 Cum

246 3965 342 4007 τὼν
391 3959 551 4030 ἔργων
610 3954 870 4028 βοώντων,
901 3955 1084 4026 λόγους
1133 3955 1364 4019 αἰτουσι,
1413 3960 1541 4030 πρὸς
1582 3961 1637 4007 τὸ
1701 3955 1835 4007 ἐναν-

1956 3970 2259 4010 sermones
2288 3953 2522 4021 docent,
2563 3966 2748 4024 opera
2793 3951 3143 4024 requirunt;
3177 3949 3461 4021 operibus
3492 3949 3608 4006 cla-

245 4050 347 4098 τίον
401 4044 478 4097 ἀεὶ
524 4046 792 4104 κακοήθως
838 4046 1224 4116 μεθιστάμενοι.
1254 4046 1395 4097 Ἐπεὶ
1430 4041 1517 4096 οὖν
1559 4041 1729 4105 ἀνοίας
1751 4043 1831 4112 ἧν,

1956 4043 2278 4106 mentibus,
2300 4056 2607 4098 sermones
2625 4045 2849 4113 petunt,
2871 4041 2942 4095 ad
2972 4038 3335 4095 contrarium
3369 4051 3608 4110 semper

247 4145 341 4187 τῶν
406 4137 566 4204 ἔργων
620 4133 1072 4208 ἀνακηρυττόντων
1123 4134 1296 4203 αὑτὸν,
1368 4134 1540 4194 ζητεῖν
1583 4139 1676 4192 τὴν
1734 4133 1834 4186 ἀπὸ

1957 4131 2215 4201 maligne
2259 4130 2654 4186 transmutati.
2711 4129 2860 4195 Quia
2898 4144 3037 4199 ergo
3097 4127 3411 4184 dementiae
3456 4130 3600 4193 erat,

247 4232 341 4276 τῶν
391 4223 554 4293 λόγων
607 4228 894 4297 μαρτυρίαν
925 4237 938 4252 ’
971 4225 1066 4296 ὅρα
1121 4231 1230 4284 πῶς
1277 4221 1653 4296 ἀποκρίνεται;
1707 4225 1836 4295 ὁμοῦ

1956 4222 2229 4293 operibus
2253 4237 2390 4276 eum
2438 4217 2919 4290 praedicantibus,
2952 4233 2988 4274 a
3019 4215 3396 4272 sermonibus
3443 4231 3606 4289 quee-

249 4316 332 4383 μὲν
383 4311 636 4383 ἐμφαίνων
693 4313 774 4364 ὅτι
825 4311 929 4383 οὐχ
979 4313 1124 4364 ἕνεκα
1179 4319 1270 4364 τοῦ
1317 4314 1498 4384 μαθεῖν
1530 4311 1788 4385 ἐρωτῶσιν
1819 4331 1831 4345 α

1956 4326 2079 4368 rere
2119 4309 2545 4374 testimonium,
2574 4308 2704 4363 vide
2731 4323 2851 4380 quo
2889 4313 3063 4379 pacto
3096 4305 3478 4378 respondeat,
3532 4304 3606 4360 si-

247 4400 301 4452 ού
346 4403 446 4474 γὰρ
480 4404 814 4453 πιστεύουσιν
848 4418 860 4430 ’
913 4403 1041 4472 ὁμοῦ
1075 4397 1133 4452 δὲ
1165 4398 1334 4458 δηλῶν
1381 4402 1460 4452 ὅτι
1489 4404 1553 4453 τὰ
1595 4404 1719 4474 ἔργα
1748 4401 1835 4453 αύ-

1957 4399 2080 4455 mul
2139 4399 2378 4472 quidem
2457 4397 2840 4453 manifestans
2897 4394 3062 4468 quod
3143 4410 3266 4449 non
3333 4393 3603 4450 discendi

249 4498 334 4542 τοῦ
363 4491 538 4562 μεῖζον
570 4500 666 4542 τῶν
705 4490 868 4561 λόγοιν
898 4493 1230 4563 κεκράγασιν,
1873 4556 1892 4563 _

1956 4505 2134 4544 causa
2197 4489 2648 4557 interrogarent,
2726 4484 2903 4540 simul
2988 4483 3166 4540 etiam
3232 4482 3600 4554 signiﬁcans,

1873 4556 1920 4611 Π
1949 4593 2133 4650 opera
2154 4593 2264 4633 sua
2289 4556 2543 4648 amplius
2565 4589 2635 4629 ac
2656 4571 3066 4629 vehementius
3108 4571 3367 4627 clamare
3414 4586 3602 4643 quam

1949 4666 2149 4723 verba.

318 4759 597 4832 Ἀπεκρίθη
676 4790 742 4799 —
803 4761 1093 4813 πιστεύετε.
1168 4755 1323 4811 Εἶπον
1389 4758 1509 4830 ὑμῖν
1584 4761 1699 4830 περὶ
1777 4757 1838 4810 οὗ

2019 4757 2188 4812 Vers.
2221 4759 2308 4811 25.
2361 4752 2765 4823 Respondit-
2810 4750 3070 4807 creditis.
3124 4748 3254 4804 Dixi
3301 4749 3470 4805 vobis
3526 4749 3600 4806 de

253 4849 482 4922 ἐρωτᾶτε,
541 4847 598 4900 ού
651 4851 803 4920 μόνον
857 4844 951 4899 διὰ
991 4846 1175 4918 λόγων,
1236 4845 1364 4899 ἀλλὰ
1411 4851 1500 4898 καὶ
1543 4842 1615 4898 δι’
1654 4849 1834 4921 ἔργων,

1956 4861 2070 4918 quo
2099 4843 2491 4914 interrogatis,
2542 4856 2664 4897 non
2697 4839 2889 4896 verbis
2920 4840 3136 4903 solum,
3171 4853 3378 4895 verum
3418 4837 3596 4895 etiam

253 4993 488 5048 1’Joan.
533 5007 610 5057 ιι,
642 4991 732 5045 22.
809 4990 1050 5047 "Joan.
1097 4991 1334 5058 "11,18.
1416 4991 1458 5026 ²¹
1492 4990 1659 5046 Joan.
1704 5005 1762 5055 ιι,
1805 4987 1892 5044 18.

1489 5166 2128 5235 Variaslectioncsel
2157 5174 2354 5233 notae.

315 5369 422 5440 (l6)
465 5368 604 5421 una.
633 5372 856 5428 πίστεως
891 5373 942 5418 Β.

2019 5363 2130 5434 (t7)
2162 5362 2252 5424 Ὠς
2277 5361 2444 5418 abest
2475 5364 2538 5416 Α.
2584 5357 2805 5416 Ibidem
2839 5373 2979 5414 mox
3003 5358 3083 5426 ού,
3116 5373 3226 5432 pro
3266 5359 3346 5415 οὗ.

312 5547 390 5614 (y)
419 5543 646 5600 Audire
672 5543 1836 5616 volentes.Volentesinterrogareetiam.
1950 5543 2287 5616 cesserant;
2313 5537 2804 5616 ,καταψηφίζεσθαι
2847 5552 2980 5593 vero
3017 5552 3150 5616 non
3199 5541 3290 5616 est
3329 5537 3605 5616 conticin-

319 5607 388 5689 (Ξ)
422 5616 771 5689 Obticiortem
804 5631 937 5689 erga
967 5630 1080 5678 eos,
1108 5615 1208 5686 qui
1228 5607 1615 5670 condemnare
1641 5630 1843 5684 prope—
1950 5628 2116 5689 nare,
2148 5611 2246 5665 sed
2270 5607 2622 5689 simpliciter
2648 5609 2985 5689 decernere._
3015 5607 3225 5689 Dicitur
3256 5607 3370 5689 hoc
3426 5607 3504 5689 de
3531 5607 3603 5689 iis

255 5679 469 5745 ναὶ-ἐπι.
499 5679 1212 5743 Οὺιὶνίοηοωᾟθοεωὲτθ
1231 5694 1438 5740 contra
1456 5700 1523 5741 ea
1545 5679 1681 5754 quin
1707 5679 1842 5740 ante
1951 5684 2047 5756 qui
2091 5697 2310 5750 magno
2360 5679 2563 5756 animo
2593 5685 2873 5753 acceptas
2907 5680 3155 5756 injurias
3205 5679 3511 5750 negligunt
3549 5683 3606 5733 et

259 5766 412 5832 gesta
457 5764 608 5816 sunt.
641 5761 717 5812 Τὰ
748 5760 1038 5832 φθάσαντα,
1072 5763 1207 5813 sunt
1235 5757 1490 5830 injuriae,
1519 5752 1652 5829 quas
1681 5763 1842 5812 ante-
1952 5752 2363 5812 contemnunt.
2393 5752 2748 5828 Oppositum
2774 5757 2878 5819 est.
2914 5752 3138 5808 ulcisci.
