4130 6320
548 255 703 318 {335

1896 257 2246 317 EUTHYMII
2287 256 2610 317 ZIGABENI

3903 257 4062 315 433E

556 386 845 460 operibus
873 402 887 444 :
935 385 1044 463 sed
1067 400 1190 444 non
1221 384 1460 443 creditis
1495 403 1508 440 :
1541 399 1696 443 vane
1726 401 1868 456 ergo
1902 393 1958 442 et
1981 387 2218 444 curiose

2344 384 2437 438 ἱλλ⁹
2515 382 2576 436 οὐ
2655 380 2957 436 πιστεύεται
3001 379 3184 438 Μάτην
3261 379 3350 434 οὖν
3429 379 3676 456 ἔρωτᾶτε
3765 388 3903 436 καὶ
3977 404 4062 436 τε.

558 478 964 547 interrogatis.

631 571 788 623 Vers.
831 567 918 622 25.
951 566 1162 636 Opera.
1199 597 1267 605 —-
1297 566 1454 622 Vers.
1479 566 1568 621 26.
1625 566 1697 622 de
1722 581 1823 621 me.
1877 565 2215 622 Testiﬁcan-

558 663 654 715 tur
673 656 838 728 quod
877 671 990 726 ego
1037 656 1167 710 sim.
1202 658 1425 710 Rursus
1469 659 1671 710 autem
1725 654 1890 710 addit
1931 656 2218 712 :Nomine

557 747 763 802 Patris
785 745 914 810 mei,
950 761 1022 799 ne
1050 746 1167 799 Deo
1201 743 1535 800 contrarius
1568 743 1856 800 videatur.

629 834 857 890 Nomen
897 849 1030 889 vero
1062 834 1176 889 hoc
1207 834 1264 888 in
1293 833 1424 888 loco
1477 833 1728 904 quidam
1764 832 2041 888 dixerunt
2071 832 2217 888 divi-

557 926 803 981 nitatem
838 939 850 989 ;
884 923 1127 995 quidam
1154 927 1374 986 autem,
1411 922 1818 977 fortitudinem
1851 940 1864 988 ;
1901 921 1999 977 alii
2051 937 2214 985 vero,

559 1014 907 1086 potentiam.
939 1011 1284 1066 Nominatur
1309 1011 1468 1066 enim
1510 1017 1563 1065 et
1598 1011 1778 1076 Deus,
1823 1015 1880 1067 et
1927 1011 2114 1066 Fortis
2162 1015 2220 1066 et

561 1106 797 1169 Potens,
825 1101 1079 1172 aliisque
1120 1099 1306 1155 modis
1341 1099 1658 1154 similibus.
1723 1099 1782 1155 Si
1813 1099 1960 1171 quid
2015 1105 2217 1154 autem

562 1189 751 1246 Patris
799 1194 907 1256 est,
962 1188 1122 1244 idem
1163 1193 1250 1244 est
1307 1193 1360 1244 et
1414 1188 1556 1244 Filii.
1606 1189 1756 1254 Quia
1808 1204 1949 1257 ergo
2003 1205 2038 1243 a
2087 1188 2218 1244 solo

563 1277 743 1334 verbo
775 1293 836 1332 se
872 1277 1198 1332 credituros
1221 1292 1353 1332 esse
1374 1276 1762 1342 simulabant,
1797 1276 2222 1334 leniterOSten-

565 1367 654 1423 dit
682 1370 847 1438 quod
864 1365 1069 1421 dolose
1085 1370 1351 1435 agerent,
1376 1381 1444 1420 ac
1476 1366 1523 1420 si
1551 1365 1768 1421 diceret
1801 1383 1814 1420 :
1851 1366 1906 1421 Si
1935 1365 2220 1438 operibus

566 1471 690 1514 non
722 1454 977 1524 creditis,
1019 1455 1322 1526 quomodo
1355 1454 1546 1508 verbis
1573 1454 1820 1509 credetis
1848 1455 1877 1510 ?

642 1547 798 1600 Vers.
826 1548 913 1599 26.
954 1545 1102 1612 Quia
1148 1560 1262 1599 non
1289 1575 1358 1584 -—
1400 1543 1561 1599 meis.
1599 1546 1717 1614 Ego
1764 1543 2064 1614 siquidem
2099 1544 2223 1599 uni-

569 1649 754 1700 versa,
785 1648 922 1705 quas
960 1631 1102 1688 boni
1147 1632 1398 1704 pastoris
1451 1638 1605 1698 sunt,
1639 1632 1882 1704 prtestiti
1916 1648 1926 1686 :
1986 1647 2091 1686 vos
2121 1648 2222 1687 au-

2327 493 2567 548 ριιργως.

2395 567 2474 616 Τὰ
2503 567 2718 635 ἕργα-
2759 562 3020 612 πιστεύετε
3067 559 3204 631 (18).
3235 567 3506 635 Μαρτυρεῖ
3554 564 3649 614 ὃτι
3713 565 3868 635 ἐγὼ
3911 566 4048 632 εἰμι..

2330 653 2488 706 Πάλιν
2537 649 2596 704 δὲ
2647 654 2726 715 τό,
2755 648 2804 701 ἐν
2849 658 2919 720 τῷ
2951 649 3165 722 ὀνόματι
3214 657 3306 703 τοῦ
3360 657 3569 724 Πατρός
3597 672 3774 725 μου,
3823 657 3940 706 ἱνα
3970 663 4042 726 μὲ,

2329 740 2457 813 δόξῃ
2490 739 2738 801 ἀντίθεος.

2397 830 2602 902 ’Ὁνομα
2656 825 2715 881 δὲ
2770 834 2858 879 νῦν
2913 830 3046 888 τινὲς
3075 831 3165 900 μὲν
3220 833 3313 888 τὴν
3354 831 3583 888 θιότητα
3621 829 3858 898 εἷπον,
3896 838 4039 895 τινες

2329 918 2387 973 δὲ
2438 923 2529 977 τὴν
2588 918 2768 990 ἰσχὺν,
2818 916 2962 969 ἄλλοι
3019 913 3077 969 δε
3124 922 3219 976 τὴν
3267 917 3522 981 ἐξουσίαν.
3591 922 4035 994 Ὀνομοὲζεται

2325 1011 2427 1082 γὰρ
2489 1012 2579 1060 καὶ
2648 1009 2775 1068 Θεὸς
2827 1011 2916 1058 καὶ
2965 1004 3216 1080 Ἰσχυρός
3273 1013 3361 1060 καὶ
3410 1007 3887 1073 Ἐξουσιαστής
3943 1033 4030 1063 zz;

2326 1100 2394 1150 τὰ
2443 1104 2679 1150 τοιαῦτα.
2733 1098 2794 1148 Εἴ
2842 1114 2894 1146 τι
2948 1091 3007 1147 δὲ
3071 1102 3164 1146 τοῦ
3219 1099 3436 1169 Πατρός,
3500 1105 3676 1150 τοῦτο
3749 1106 3882 1153 καὶ
3941 1110 4028 1152 τοῦ

2329 1188 2480 1241 Tim).
2535 1185 2675 1237 Ἐπεὶ
2723 1180 2810 1236 οὖν
2854 1191 3258 1258 προσεποιοῦντο
3301 1188 3588 1244 πεισθῆναι
3649 1186 3800 1241 διπό
3857 1189 4027 1260 ψιλοῦ

2327 1275 2579 1349 ῥήματος,
2622 1269 2888 1326 δείκνυσιν
2923 1271 3129 1344 ὁμαλῶς
3171 1275 3252 1324 ὅτι
3290 1283 3734 1347 κακουργοῦσιν,
3806 1281 4024 1330 ὡσανεί

2328 1363 2486 1435 λέγων
2538 1381 2550 1395 ·
2607 1362 2669 1414 Εἰ
2724 1368 2835 1423 τοῖς
2910 1364 3082 1435 ἔργοις
3153 1361 3214 1414 οὐ
3288 1365 3574 1429 πιστεύετε,
3658 1375 3813 1428 πῶς

2329 1453 2500 1524 λόγοις
2536 1453 2841 1504 πιστεύσετε
2871 1467 2884 1518 ;

2404 1540 2480 1594 Οὐ
2533 1542 2634 1613 γὰρ
2668 1570 2734 1581 -
2765 1539 2918 1612 ἐμῶν.
2947 1539 3083 1611 Ἐγὼ
3138 1543 3228 1612 μὲν
3279 1543 3380 1614 γὰρ
3427 1543 3492 1602 ὡς
3528 1548 3766 1616 ποιμὴν
3837 1545 4014 1608 καλός

2331 1633 2502 1684 πάντα
2558 1633 2624 1682 τὰ
2675 1636 2767 1681 τοῦ
2824 1627 2984 1680 καλοῦ
3038 1633 3275 1701 ποιμνος
3344 1627 3694 1702 ἐνεδειξάμην
3751 1654 3769 1664 -

3911 1387 4021 1428 τοις

3847 1637 4011 1706 ὑμεῖς

570 1730 688 1779 tem
718 1739 754 1778 a
782 1721 1138 1791 cognatione
1163 1721 1370 1778 ovium
1403 1737 1671 1777 mearum
1715 1737 1820 1776 vos
1857 1720 2020 1791 ipsos
2053 1736 2223 1793 sepa-

2344 1717 2394 1772 δὲ
2465 1718 2784 1793 ἁπιρρὴξατι
2853 1717 3066 1779 ἑαυτοὺς
3132 1726 3226 1782 τῆς
3301 1728 3398 1772 τῶν
3466 1719 3783 1792 προϐάτων
3873 1743 4012 1794 συγ-

568 1812 764 1870 rasﬁs.

644 1901 809 1958 Vers.
851 1902 942 1957 56.
978 1901 1143 1957 Sicut
1170 1930 1226 1941 —
1268 1901 1431 1955 Vers.
1464 1901 1554 1954 27.
1588 1915 1696 1956 me.
1728 1903 1807 1956 De
1833 1899 1921 1955 his
1952 1901 2226 1972 superius

569 1989 798 2047 dictum
829 1993 940 2046 est.

647 2081 804 2133 Vers.
837 2078 924 2132 28.
982 2079 1047 2132 Et
1091 2093 1196 2147 ego
1227 2109 1292 2118 —
1345 2083 1651 2133 aeternum.
1704 2079 1768 2132 Et
1825 2078 1900 2132 de
1955 2078 2069 2134 hac
2110 2077 2228 2133 vita

573 2166 906 2238 frequenter
934 2166 1156 2221 dictum
1188 2171 1276 2222 est
1307 2171 1363 2220 et
1387 2168 1523 2221 data
1545 2166 1976 2237 interpretatio.

644 2257 804 2312 Vers.
845 2258 934 2311 28.
963 2257 1072 2312 Nec
1105 2271 1343 2312 —mea.
1380 2256 1703 2327 Quisquam
1731 2273 1800 2310 ex
1839 2256 1950 2322 his,
1983 2255 2086 2328 qui
2116 2256 2228 2311 illis

571 2343 954 2400 insidiantur.
979 2343 1222 2399 Manum
1250 2359 1388 2400 vero
1415 2343 1560 2400 dicit
1586 2345 1857 2400 virtutem
1876 2361 1941 2400 ac
1974 2351 2229 2416 potesta-

573 2438 694 2490 tem
727 2450 923 2490 suam.
956 2434 1076 2487 Hoc
1107 2437 1306 2488 autem
1321 2433 1482 2504 dixit,
1507 2433 1647 2506 quia
1667 2439 1992 2490 statuerant
2017 2434 2227 2506 judaei,

573 2524 718 2580 utsi
767 2524 897 2594 quis
928 2524 1310 2580 confiteretur
1359 2539 1487 2578 eum
1535 2539 1657 2580 esse
1689 2523 1999 2591 Christum,
2055 2528 2227 2581 extra

572 2627 937 2684 synagogam
991 2614 1410 2683 ejiceretur”;
1456 2611 1775 2669 conﬁrmat
1826 2613 2008 2678 enim,
2062 2613 2227 2686 quod

574 2701 795 2756 frustra
823 2700 1117 2756 laborent.

643 2792 729 2860 -Ηε
760 2793 980 2860 Rapere
993 2789 1238 2860 quidem
1255 2805 1326 2844 ex
1354 2789 1568 2845 invicta
1589 2789 1796 2846 dextra
1813 2807 1952 2846 eum
1981 2791 2082 2862 qui
2103 2806 2226 2847 non

585 2876 732 2944 vult,
747 2893 926 2932 nemo
946 2876 1136 2932 hostis
1156 2882 1366 2948 potest;
1390 2883 1581 2948 potest
1599 2883 1649 2933 ta
1662 2895 1797 2934 men
1811 2879 2146 2950 deceptum,
2171 2885 2228 2936 et

573 2980 710 3021 eum
743 2968 841 3036 qui
882 2981 943 3021 se
983 2965 1185 3035 ipsum
1213 2965 1411 3036 prodit
1449 2965 1504 3020 in
1539 2982 1795 3022 errorem
1841 2967 2080 3023 ducere.
2107 2971 2224 3024 Hoc

2333 1828 2550 1882 γενειας.

2410 1900 2590 1960 Καθὼς
2606 1929 2674 1938 -
2693 1917 2804 1971 μοι.
2843 1900 3058 1972 Εἴρηται
3079 1904 3197 1972 περὶ
3217 1901 3408 1952 τούτων
3432 1897 3700 1973 ἀνωτέρω.

2410 2075 2567 2147 Κάγὼ
2616 2107 2684 2116 —
2730 2076 2911 2133 αἰῶνα.
2963 2080 3062 2129 Καὶ
3106 2081 3222 2148 περὶ
3269 2083 3364 2138 τῆς
3418 2080 3554 2138 ζωῆς
3593 2081 3826 2140 ταύτης
3867 2081 3996 2134 πολ-

2336 2165 2482 2226 λάκις
2511 2169 2714 2238 εἴρηται
2745 2171 2834 2217 καὶ
2863 2167 3204 2240 ἡρμήνευται.

2413 2258 2513 2308 Καὶ
2568 2253 2673 2326 οὐχ
2705 2283 2770 2294 —-
2813 2273 2934 2326 μου.
2984 2259 3071 2314 Τὶς
3112 2262 3209 2306 τῶν
3253 2253 3689 2308 ἐπιϐουλευόντων
3753 2259 3985 2321 αὐτοῖς.

2341 2351 2504 2418 Χεῖρα
2567 2340 2624 2396 δὲ
2694 2343 2828 2414 λέγει
2884 2347 2976 2401 τὴν
3026 2339 3247 2416 δύναμιν
3303 2349 3388 2396 καὶ
3431 2345 3682 2408 ἐξουσίαν
3745 2348 3979 2400 αὐτοῦ·

2339 2440 2490 2486 τοῦτο
2550 2429 2610 2484 δὲ
2683 2428 2810 2496 εἶπε,
2882 2428 3022 2484 διότι
3078 2437 3441 2503 συνεφώνησαν
3491 2430 3786 2500 Ἰουδαῖοι,
3861 2438 3970 2501 ἵνα,

2339 2521 2423 2574 ἐάν
2529 2540 2605 2580 τις
2703 2519 2856 2572 αὐτόν
2953 2519 3252 2592 ὁμολογήσῃ
3324 2524 3578 2594 Χριστόν,
3684 2523 3971 2578 ἀποσυνα-

2337 2628 2508 2680 γωγος
2560 2613 2811 2680 γένηταιο
2866 2608 3071 2682 βεϐαιοῖ
3126 2611 3229 2682 γὰρ
3287 2611 3366 2662 ὃτι
3444 2609 3518 2673 εἰς
3571 2615 3717 2664 κενόι
3793 2634 3966 2668 σπον-

2340 2694 2618 2761 δάζουσιν.

2408 2786 2700 2860 [Ἇρπάσαι
2748 2788 2856 2857 (19)
2895 2790 2984 2860 μὲν
3031 2786 3086 2840 ἐκ
3115 2794 3210 2848 τῆς
3240 2786 3495 2847 ἀηττήτου
3526 2786 3714 2854 δεξιᾶς
3751 2797 3848 2845 τόν
3883 2801 3948 2866 μὲ

2339 2875 2649 2949 βουλόμενον
2697 2872 2872 2937 οὐδεὶς
2922 2875 3114 2949 ἐχθρός
3161 2872 3382 2929 δύναται
3414 2895 3426 2907 ·
3455 2877 3846 2939 ἁποπλανῆσαι
3895 2882 3946 2936 δὲ

2335 2968 2419 3018 τόν
2455 2963 2784 3037 ἀπατώμενον
2823 2970 2912 3017 καὶ
2960 2961 3289 3040 προδιδόντα
3327 2965 3508 3018 ἑαυτόν
3539 2964 3770 3022 δύναται
3810 2989 3826 3003 ’
3863 2981 3928 3024 ui

2703 2519 2856 2572 αὐτόν

573 3059 797 3119 autem,
830 3069 952 3109 non
986 3069 1089 3125 per
1115 3054 1401 3109 invictam
1428 3053 1718 3121 dextram,
1751 3057 1851 3111 sed
1880 3073 1980 3128 per
2019 3057 2223 3113 volun-

2344 3061 2485 3106 τουτο
2569 3054 2628 3106 οὐ
2685 3057 2827 3127 παρὰ
2894 3059 2988 3112 τὴν
3052 3055 3263 3127 ἄμαχον
3326 3051 3519 3120 δεξιὰν,
3584 3057 3717 3112 ἀλλά
3804 3071 3937 3137 περὶ

575 3142 786 3200 tariam
815 3141 1111 3199 levitatem
1141 3143 1270 3214 ejus
1307 3143 1411 3215 qui
1437 3143 1676 3199 recedit.

641 3322 812 3378 Vers.
851 3322 938 3378 29.
962 3321 1353 3378 Pater—est.
1388 3321 1574 3393 Major
1605 3321 1888 3378 omnibus
1923 3323 2228 3380 insidiato-

568 3409 750 3476 ribus,
788 3414 850 3465 ut
881 3410 1108 3466 dictum
1140 3412 1246 3464 est.
1281 3408 1506 3465 Rursus
1544 3426 1706 3482 ergo,
1747 3413 1905 3484 quod
1936 3411 2035 3484 ait,
2061 3413 2226 3469 Dedit

566 3499 735 3563 mihi,
766 3497 1274 3570 dispensatorium
1302 3504 1407 3554 est.

637 3588 804 3642 νοτε.
873 3592 959 3643 29.
1045 3588 1122 3643 Et
1201 3619 1269 3627 —
1318 3587 1449 3644 mei.
1516 3591 1596 3644 Ne
1643 3594 1868 3659 autem,
1939 3595 2226 3664 tanquam

566 3675 890 3746 impotens,
922 3674 1502 3746 videaturauxilium
1533 3693 1569 3734 a
1596 3678 1762 3735 Patre
1794 3695 2062 3752 poscere,
2094 3681 2226 3737 sub-

567 3763 763 3820 intulit
796 3781 810 3819 :

638 3854 797 3910 Vers.
823 3855 910 3911 39.
930 3855 1048 3926 Ego
1072 3885 1139 3896 —
1161 3871 1380 3911 sumus.
1409 3859 1604 3914 Unum
1630 3858 1911 3934 potentia,
1937 3860 2058 3914 sive
2072 3859 2224 3930 ejus-

567 3943 706 4000 dem
726 3944 1000 4016 potentiae
1023 3961 1034 3998 :
1056 3945 1219 4016 quod
1260 3945 1307 3999 si
1333 3961 1518 4002 unum
1566 3948 1853 4017 potentia,
1871 3965 2057 4004 unum
2082 3965 2226 4005 sane

567 4031 936 4088 etdivinitate
950 4037 1004 4086 et
1023 4034 1360 4097 essentia,et
1380 4040 1609 4090 natura.
1633 4036 1842 4092 Dicens
1863 4037 2060 4109 itaque
2077 4039 2224 4107 :Ego

567 4126 623 4178 et
649 4118 1190 4183 Pater,dualitatem
1207 4119 2227 4194 significavitpersonarum,diversi-

569 4212 752 4264 tatem
771 4205 1166 4277 hypostaseon
1197 4224 1211 4273 ;
1240 4207 1506 4264 subdens
1534 4215 1756 4277 autem,
1790 4212 1982 4268 Unum
2000 4229 2223 4281 sumus,

568 4294 893 4372 divinitatis
930 4294 1236 4366 unitatem,
1271 4296 1636 4356 identitatem
1666 4301 1954 4368 essentia,
1998 4308 2222 4359 naturae

570 4389 626 4441 et
654 4385 954 4456 potentiae.

641 4561 909 4634 Vers.;3i.
929 4561 1320 4620 Sustulerunt
1347 4596 1411 4605 —
1433 4581 1578 4622 eum.
1605 4565 1756 4634 Quia
1783 4572 1992 4624 natura
2017 4569 2223 4626 Filium

568 4651 669 4706 Dei
728 4666 792 4706 se
860 4653 1137 4719 dicebat;
1219 4669 1363 4711 nam
1419 4655 1534 4711 hoc
1629 4655 1942 4728 signiﬁcat,
2030 4659 2221 4714 Unum

570 4755 791 4797 sumus.

649 4828 790 4884 Vide
829 4845 988 4900 ergo,
1042 4831 1353 4903 quomodo
1403 4833 1653 4889 convicti
1695 4834 1828 4899 sint,
1886 4835 2048 4905 quod
2099 4851 2218 4890 non

570 4916 838 4973 discendi
864 4933 1046 4975 causa
1077 4920 1526 4992 interrogarent,
1555 4922 1659 4978 sed
1681 4923 2012 4979 occasionis
2048 4924 2223 4979 alicu-

566 5006 667 5078 jus
721 5007 1095 5080 arripiendse,
1151 5025 1274 5081 qua
1326 5027 1464 5067 eum
1514 5011 2106 5083 comprehenderent,
2162 5019 2223 5068 ut

570 5095 857 5154 diximus.

645 5225 686 5263 ’³
721 5225 887 5292 Joan,
914 5240 994 5294 ix,
1037 5224 1126 5282 22.

2335 3148 2428 3202 τὴν
2503 3142 2832 3206 αὐτεξούσιον
2911 3143 3175 3216 εὐχέρειαν
3245 3151 3338 3196 τοῦ
3406 3144 3658 3207 ἑκουσίως
3725 3147 3943 3223 timefac-

2335 3237 2397 3289 τή
2410 3230 2637 3305 σαντος.]

2409 3321 2468 3373 Ὀ
2521 3325 2700 3396 Πατὴρ
2737 3351 2804 3360 -
2861 3319 2993 3376 ἐστί.
3049 3323 3255 3382 Mriva
3306 3324 3509 3374 πάντων
3581 3331 3676 3374 τῶν
3729 3322 3942 3378 ἐπιϐου-

2335 3409 2601 3476 λευόντων,
2659 3413 2728 3472 ὡς
2783 3412 3000 3482 εἴρηται.
3057 3409 3215 3464 Πάλιν
3295 3407 3382 3463 οὖν
3453 3414 3511 3464 τὸ
3562 3407 3762 3466 δέδωκέ
3815 3434 3937 3484 μοι,

2335 3499 2680 3572 οἰκονομικόν.

2410 3592 2510 3640 Καὶ
2537 3608 2752 3661 -μου.
2806 3588 2916 3642 Ἵνα
2945 3585 3004 3640 δὲ
3033 3592 3104 3661 μὴ
3156 3584 3282 3662 δόξῃ
3318 3591 3390 3650 ὡς
3445 3586 3665 3652 ἀσθενὴς
3717 3589 3934 3662 βοηθεῖ-

2337 3677 2462 3730 σθαι
2490 3680 2633 3752 παρὰ
2661 3684 2752 3730 τοῦ
2779 3677 2891 3750 (20)
2925 3681 3147 3750 Πατρός,
3180 3676 3436 3749 ἐπήγαγεν
3464 3693 3478 3708 °

2406 3855 2537 3927 Ἐγὼ
2596 3886 2662 3896 —-
2715 3853 2886 3928 ἐσμέν.
2952 3862 3037 3908 Ἒν
3109 3858 3245 3909 κατὰ
3313 3861 3407 3915 τὴν
3473 3852 3707 3929 δύναμιν,
3761 3863 3917 3930 ἤγουν

2334 3940 2722 4016 ταυτοδύναμοι
2757 3961 2768 3975 ·
2803 3944 2847 3996 εἰ
2895 3941 2954 3996 δὲ
3005 3943 3054 3997 ἓν
3092 3947 3229 3997 κατὰ
3278 3949 3371 4004 τήν
3430 3941 3668 4019 δύναμιν,
3723 3947 3770 4000 ἓν
3816 3952 3915 4022 ἄρα

2333 4039 2422 4086 καὶ
2469 4036 2605 4086 κατὰ
2641 4038 2735 4092 τὴν
2781 4035 3000 4092 θεότητα
3043 4038 3133 4086 καὶ
3176 4034 3358 4086 οὐσίαν
3389 4040 3479 4087 καὶ
3509 4037 3680 4106 φύσιν.
3713 4039 3798 4089 Διά

2335 4119 2421 4176 οὖν
2473 4122 2600 4193 (20⁸)
2644 4130 2734 4174 τοῦ
2793 4124 2948 4175 εἰπεῖν
2983 4139 2994 4152 ·
3027 4123 3157 4195 Ἐγὼ
3193 4128 3281 4175 καὶ
3324 4125 3350 4175 ὁ
3384 4129 3589 4197 Πατὴρ,
3623 4126 3712 4182 τήν
3740 4123 3903 4180 δυάδα

2335 4208 2566 4270 ἐδήλωσε
2618 4219 2717 4264 τῶν
2766 4217 3078 4283 προσώπων,
3124 4215 3182 4264 τό
3249 4209 3498 4287 διάφορον
3546 4221 3642 4265 τῶν
3688 4215 3898 4268 ὑποστεί-

2338 4320 2462 4354 σεων
2496 4318 2506 4329 ·
2539 4296 2633 4353 διὰ
2673 4297 2730 4352 δὲ
2768 4307 2880 4366 τοῦ,
2932 4299 3020 4352 Ἐν
3070 4299 3245 4373 ἐσμεν,
3295 4306 3390 4359 τὴν
3432 4298 3639 4374 μονάδα
3672 4312 3757 4365 τῆς
3801 4306 3894 4357 θεο-

2261 4429 2302 4482 D
2334 4409 2509 4454 τητος,
2563 4392 2620 4441 τό
2678 4392 2864 4441 ταυτὸν
2915 4397 3010 4451 τῆς
3047 4389 3230 4454 οὐσίας
3286 4394 3376 4444 καὶ
3437 4394 3633 4464 φύσεως
3677 4397 3757 4444 καὶ
3813 4389 3889 4445 δν-

2335 4481 2551 4549 νάμεως.

2407 4567 2715 4620 Εϐάστασαν
2763 4597 2832 4607 -
2871 4566 3044 4619 αὐτόν.
3105 4572 3246 4621 Διότι
3317 4569 3432 4622 Υίόν
3486 4576 3578 4621 τοῦ
3638 4577 3751 4624 Θεοῦ
3798 4572 3867 4639 ρύ-

2336 4677 2416 4708 σει
2492 4656 2624 4709 εἶπεν
2695 4655 2873 4709 ἑαυτόν
2929 4673 2942 4686 ⁸
3007 4663 3160 4709 τοῦτο
3233 4659 3333 4733 γὰρ
3406 4656 3640 4730 ἐμφαίνιι
3703 4662 3742 4710 τὸ
3797 4655 3860 4706 Ἐν

2335 4745 2505 4816 ἐσμεν.

2402 4833 2536 4907 Ὀρα
2576 4831 2634 4886 δὲ
2691 4842 2794 4895 πώς
2840 4833 3202 4906 ὴλέγχθησαν,
3266 4835 3370 4906 οὐχ
3425 4836 3553 4910 ὑπὲρ
3607 4843 3690 4888 τοῦ
3731 4838 3876 4908 μαθεῖν

2334 4921 2636 4996 ἐρωτῶντες,
2691 4921 2798 4975 ἀλλ’
2840 4925 2963 4995 ὑπὲρ
3016 4919 3105 4976 τοῦ
3159 4920 3461 4996 δράξασθαί
3511 4944 3643 4988 τινος
3684 4924 3880 4999 ἀφορμῆς

2333 5019 2399 5072 εις
2431 5010 2677 5078 ἐπίθεσιν,
2709 5016 2776 5074 ὡς
2797 5017 3108 5086 προέφημεν.

1768 5343 1958 5414 Vrim
1999 5343 2326 5412 lectiones
2365 5352 2430 5412 et
2470 5352 2681 5412 notae.

644 5500 756 5642 $18)
786 5503 1104 5584 Hentenius
1150 5504 1349 5562 omisit
1380 5522 1392 5562 :
1427 5505 1568 5561 Ἀλλ’
1596 5507 1738 5580 ὑμεῖς
1769 5507 1827 5559 οὐ
1859 5509 2146 5561 πιστεύετε.

680 5573 762 5642 19)
801 5576 932 5630 Haec
962 5591 1023 5630 in
1066 5576 1332 5642 margine
1358 5577 1582 5635 habent
1610 5578 1780 5635 codd.
1811 5584 1876 5642 A,
1932 5581 1991 5635 Β.
2026 5581 2144 5635 Hen

680 5573 762 5646 t9)
801 5576 932 5646 Hrec
962 5573 1023 5646 in
1066 5576 1332 5646 margine
1358 5577 1582 5635 habent
1610 5573 1780 5635 codd.
1811 5584 1876 5645 A,
1932 5581 1991 5635 Β.
2026 5581 2227 5635 Hente-

571 5643 706 5701 nius
735 5643 854 5702 non
881 5645 1082 5706 habet.

2406 5508 2516 5573 (20)
2554 5505 2678 5558 ’Υπό
2709 5511 2800 5558 τοῦ
2831 5506 2898 5559 Α.

2405 5578 2539 5648 (30')
2573 5573 2676 5629 ost
2709 5576 2878 5634 abest
2906 5579 2975 5632 A.
