4130 6320
178 354 353 411 1337

1315 330 1689 404 COMMENT.
1732 348 1803 404 IN
1837 347 2190 404 JOANNEM.
2234 379 2301 387 —
2342 347 2496 402 CAP.
2540 344 2613 402 x.

3496 344 3635 401 1338

176 508 179 509 ν
270 482 400 536 Καὶ
442 476 610 533 διατί
642 474 867 533 δέδωκεν
916 477 1091 539 αὐτοῖς
1132 471 1375 548 ἀφορμήν
1408 485 1423 539 ;
1452 476 1595 526 Διότι
1621 473 1855 528 ίϐούλετο

2040 475 2105 527 Et
2133 487 2319 544 quare
2344 472 2505 528 dedit
2522 470 2608 527 eis
2634 465 3016 527 occasionem
3040 467 3068 525 ?
3094 470 3242 537 Quia
3260 468 3495 525 volebat
3523 486 3627 525 eos

172 576 286 619 νῦν
355 569 585 632 αὐτούς
632 568 714 640 ὑφ’
774 568 961 620 ἑαυτῶν
1016 566 1333 639 ἐλεγχθῆναι
1380 566 1719 636 πειράζοντας
1769 569 1858 617 καὶ

176 666 697 732 κακουργοῦντας.
749 657 943 719 Ἀλλως
991 676 1044 709 τε
1097 653 1157 709 δὲ
1208 654 1301 707 ούκ
1377 651 1485 708 ἔδει
1541 658 1710 707 πάντα
1776 653 1856 705 οἰ-

178 757 546 819 κονομικῶς
597 748 779 818 λέγειν,
833 745 959 797 ἀλλά
1024 753 1111 798 xui
1170 752 1398 818 γυμνοῦν
1460 744 1511 796 ἐν
1567 748 1709 817 μέρει
1766 747 1859 801 τὴν

182 835 523 894 ἀλήθειαν.

271 926 613 999 Ἀπεκρίθη
712 956 779 967 -
875 944 996 997 μου.
1075 925 1377 977 Δεικνύοντοί
1472 943 1534 995 με
1608 920 1719 975 ἴσον
1791 930 1861 992 τῷ

184 1020 434 1088 Πατρὶ.

281 1106 403 1155 Διὰ
440 1136 522 1144 —
552 1124 614 1176 με
646 1121 659 1169 ;
693 1106 787 1156 Διά
810 1110 955 1155 ποῖον
987 1105 1154 1174 ἔργον,
1182 1107 1254 1174 μὴ
1293 1097 1525 1154 δεικνύον
1556 1120 1617 1174 με
1649 1102 1760 1153 ἶσον
1789 1108 1861 1170 τῷ

189 1198 404 1265 Πατρι
437 1212 453 1261 ;
492 1195 570 1245 Τὰ
600 1196 726 1265 ἔργα
750 1189 837 1245 οὖν
870 1188 982 1244 ἶσόν
1012 1211 1075 1264 με
1101 1200 1171 1263 τῷ
1205 1195 1371 1266 Πατρὶ
1400 1194 1742 1263 κηρύττουσι,
1769 1189 1863 1241 κᾶν

193 1279 321 1352 ἰγώ
368 1286 565 1339 σιωπή
577 1301 652 1334 σω
678 1283 759 1353 (21

299 1463 705 1535 Ᾱπεκρίθησαν
764 1491 832 1502 --
886 1464 1037 1513 Θεὸν.
1070 1461 1165 1511 Διά
1215 1458 1368 1511 καλὸν
1414 1460 1560 1533 ἔργον
1613 1458 1673 1511 ού
1722 1458 1864 1511 λιθά-

208 1548 401 1621 ζομέν
467 1569 547 1617 σε,
613 1548 742 1601 ἀλλὰ
792 1546 888 1601 διὰ
922 1548 1288 1621 βλασφημίαν.
1343 1552 1476 1608 Τέως
1530 1544 1618 1599 ούν
1672 1546 1866 1619 ὡμολό-

208 1656 423 1707 γησαν
486 1638 620 1690 καλά
670 1641 737 1690 τά
793 1641 918 1710 ἔργα
965 1638 1147 1689 αύτού·
1208 1637 1250 1689 εἰ
1281 1633 1340 1689 δὲ
1369 1636 1501 1689 καλά
1537 1640 1600 1692 τά
1625 1639 1753 1709 ἔργα
1779 1636 1867 1688 αύ-

210 1734 349 1794 τοῦ,
414 1728 557 1781 αύτά
608 1736 775 1780 ταῦτα
812 1735 1170 1802 μαρτυροῦσιν
1224 1728 1305 1779 ὃτι
1338 1726 1397 1779 ού
1433 1725 1752 1799 βλασφημεῖ,
1780 1725 1865 1778 λέ·-

1967 578 2004 618 a
2051 562 2260 633 seipsis
2330 561 2621 625 convinci,
2693 558 2858 632 quod
2907 562 3217 623 tentarent,
3278 560 3625 630 malumque

1968 651 2473 707 machinarentur.
2500 651 2789 705 Praeterea
2825 663 2943 704 non
2984 649 3249 720 oportuit
3277 648 3481 703 omnia
3510 647 3628 702 dis-

1968 741 2307 813 pensatorie
2329 741 2515 813 loqui,
2550 739 2654 795 sed
2678 740 2853 795 etiam
2885 738 3191 793 denudare
3228 739 3287 793 in
3330 743 3500 810 parte
3535 754 3627 792 ve-

1967 830 2223 887 ritatem.

2042 922 2209 975 Vers.
2255 924 2339 975 32.
2388 920 2706 989 Respondit
2778 949 2838 958 —
2913 934 3057 975 meo.
3102 920 3244 984 Quae
3325 934 3419 973 me
3472 916 3627 971 Patri

1972 1010 2266 1080 mqualem
2297 1009 2636 1064 ostendunt.

2043 1098 2209 1155 Vers.
2256 1102 2341 1153 32.
2395 1098 2648 1166 Propter
2697 1128 2762 1136 —
2812 1111 2921 1151 me.
2974 1098 3215 1167 Propter
3261 1094 3426 1167 quod
3453 1110 3627 1166 opus,

1972 1188 2137 1259 quod
2162 1204 2254 1242 me
2282 1202 2401 1242 non
2424 1187 2699 1243 ostendat
2727 1187 2880 1242 Patri
2912 1202 3039 1242 esse
3070 1185 3352 1258 aequalem
3384 1184 3412 1239 ?
3440 1185 3633 1256 Opera

1974 1292 2115 1346 ergo
2160 1294 2255 1332 me
2300 1278 2454 1333 Patri
2500 1277 2791 1349 aequalem
2832 1292 2964 1332 esse
3009 1275 3359 1347 praedicant,
3388 1274 3491 1330 etsi
3521 1289 3633 1345 ego

1974 1370 2233 1421 tacuero.

2046 1455 2207 1511 Vers.
2252 1460 2337 1513 33.
2362 1456 2806 1525 Responderunt
2836 1486 2903 1496 —
2952 1455 3153 1512 Deum.
3202 1455 3439 1511 Interim
3487 1469 3630 1524 ergo

1973 1545 2136 1600 bona
2166 1562 2297 1600 esse
2340 1546 2471 1615 ejus
2532 1560 2713 1615 opera
2763 1544 3145 1601 fatebantur:
3182 1543 3337 1615 quod
3372 1543 3421 1597 si
3470 1544 3629 1597 bona

1980 1640 2118 1689 sunt
2144 1634 2272 1704 ejus
2293 1634 2649 1705 opera,heec
2694 1633 2905 1688 eadem
2953 1637 3259 1697 testantur,
3313 1631 3471 1703 quod
3507 1646 3629 1686 non

1978 1723 2587 1795 blasphemet,dieens
2619 1738 2748 1779 sese
2779 1725 2961 1778 Deum
2988 1737 3116 1778 esse
3144 1740 3163 1793 ;
3189 1721 3502 1777 suntenim
3529 1721 3631 1775 Dei

213 1834 341 1884 γων
366 1816 571 1870 ἑαυτὸν
602 1822 754 1871 Θεόν·
785 1819 913 1891 ἔργα
926 1819 1027 1889 γὰρ
1060 1816 1163 1869 εἰσι
1187 1823 1344 1882 Θεοῦ,
1377 1821 1466 1868 καὶ
1486 1816 1581 1868 οὐκ
1596 1814 1863 1888 ἀνθρώπου

1989 1829 2181 1886 opera,
2212 1819 2411 1870 etnon
2440 1814 2571 1885 puri
2602 1812 2880 1869 hominis.

216 1902 265 1974 ψ
276 1903 409 1957 ιλοῦ
420 1948 438 1964 ,

310 1993 617 2071 Ἀπεκρίθη
680 2027 748 2035 -
823 1994 997 2063 ἐστέ;
1066 1999 1237 2067 Νόμον
1295 1993 1379 2047 ἐπὶ
1453 2002 1545 2047 τοῦ
1616 1998 1869 2069 παρόντος

224 2084 336 2138 τὸν
377 2082 566 2157 βίϐλον
597 2093 696 2137 τῶν
752 2084 973 2157 Ψαλμῶν
1032 2100 1211 2157 φησιν·
1261 2082 1309 2134 iv
1349 2082 1511 2156 ἐκείνη
1554 2087 1655 2157 γὰρ
1715 2091 1867 2135 τοῦτο

220 2174 569 2246 γέγραπται·
614 2174 725 2227 ἐπεὶ
762 2179 851 2226 καὶ
895 2173 1027 2231 αὓτη
1061 2177 1233 2244 νόμος,
1270 2169 1365 2225 διὰ
1420 2192 1474 2225 τε
1525 2174 1591 2225 τά
1639 2173 1686 2224 iv
1732 2172 1862 2244 αύτῇ

230 2261 575 2316 θεόπνευστα
602 2262 775 2333 λόγια,
807 2268 897 2315 καὶ
950 2259 1042 2315 διὰ
1098 2266 1156 2314 τὸ
1206 2258 1565 2333 παιδαγωγεῖν
1608 2267 1697 2314 καὶ
1734 2263 1865 2337 ῥυθ-

94 2386 101 2387 κ
166 2350 428 2425 τέ,ἐξόζειν
450 2356 571 2414 τούς
613 2350 934 2425 ἀνθρώπους.

294 2434 387 2492 Ἐἰ
420 2472 487 2481 -
531 2441 681 2511 εἰμι;
745 2443 1005 2507 Λυθῆναι,
1039 2440 1153 2493 ἀντὶ
1202 2447 1315 2508 τοῦ,
1365 2447 1559 2503 πεσεῖν,
1610 2440 1867 2500 ἀθετηθῆ-

232 2546 352 2581 ναι.
406 2530 626 2601 Ἠγίασε
687 2526 745 2583 δέ
796 2530 910 2582 ἀντὶ
968 2537 1080 2593 τοῦ,
1136 2528 1413 2601 ἀφώρισεν,
1473 2529 1751 2591 ἐξελέξατο.
1801 2531 1866 2583 Ὃ

239 2618 304 2669 δε
387 2619 526 2689 λέγει
599 2623 831 2671 τοιοῦτόν
882 2617 1048 2671 ἔστιν·
1105 2618 1163 2671 Εἰ
1240 2616 1459 2678 ἐκείνους
1534 2616 1642 2670 εἷπε
1724 2620 1865 2679 θεοὺς

238 2706 265 2756 6
336 2712 491 2771 Θεὸς,
589 2706 886 2779 ἀνθρώπους
958 2711 1128 2769 ὄντας,
1185 2706 1272 2779 ἐμὲ
1344 2708 1493 2778 ὑμεῖς
1550 2706 1722 2777 λέγετε
1789 2709 1866 2759 ὃτι

236 2794 600 2869 Βλασφημεῖς,
670 2793 807 2848 διότι
869 2794 1029 2848 εἶπον·
1074 2797 1195 2857 Υἱός
1244 2802 1336 2847 τοῦ
1390 2802 1523 2847 Θεοῦ
1574 2795 1700 2867 εἰμι,
1756 2795 1861 2867 ἐμὲ,

242 2884 300 2933 ὃν
353 2887 380 2936 6
416 2890 592 2957 Πατήρ
638 2882 913 2959 ἀφώρισεν,
950 2882 1209 2946 ἐξελέξατο
1236 2888 1326 2936 καὶ
1357 2882 1651 2937 ἀπέστειλεν
1682 2885 1755 2947 εἰς
1780 2890 1864 2937 τὸν

239 2976 453 3044 κόσμον
487 2989 501 3039 ;

323 3060 795 3133 Συγκαταϐατικῶς
880 3058 939 3114 δὲ
1017 3064 1183 3114 ταῦτά
1250 3082 1402 3135 φησι.

1489 3069 1696 3135 Πρῶτον
1761 3066 1863 3135 γὰρ

245 3150 391 3222 γαλᾴ
411 3156 499 3204 καὶ
521 3152 808 3222 καθυφίησι
834 3160 905 3221 τῷ
924 3150 1081 3222 λόγῳ,
1108 3156 1196 3204 καὶ
1213 3157 1545 3225 ταπεινότερα
1557 3155 1856 3225 φθέγγεται,
1904 3184 1943 3241 C

248 3242 717 3314 παραμυθούμενος
762 3243 848 3292 τὸν
902 3243 1063 3314 θυμόν
1117 3241 1305 3294 αὐτῶν·
1354 3244 1531 3295 ἔπειτα
1583 3242 1764 3315 ἕπάγει
1801 3246 1866 3296 τὰ

249 3329 567 3405 ὑψηλότερα.

327 3420 387 3473 Εἰ
422 3452 490 3460 -
529 3422 863 3474 πιστεύσατε.
919 3420 1049 3475 Ἀπὸ
1099 3428 1196 3483 τῆς
1251 3430 1350 3473 τῶν
1397 3424 1557 3496 ἔργων
1625 3423 1865 3484 ἰσότητος

251 3513 343 3561 καὶ
370 3513 688 3570 ταυτότητος
724 3514 816 3568 τὴν
844 3513 977 3583 πρὸς
1022 3513 1113 3562 τὸν
1146 3514 1352 3581 Πατέρα
1378 3510 1595 3569 ἰσότητα
1623 3516 1712 3564 xui.
1740 3531 1862 3564 ταυ-

254 3600 450 3655 τότητα
481 3595 722 3651 δεικνύει.

323 3685 435 3740 Ἱνα
470 3720 538 3727 -
576 3688 738 3757 αύτῷ.
806 3687 924 3740 Ὅτι
980 3688 1028 3740 iv
1082 3687 1196 3761 ἐμοὶ
1265 3690 1531 3763 θεωρεῖται
1583 3690 1608 3741 ό
1659 3696 1861 3765 Πατήρ.

252 3770 422 3828 Ούδὶν
455 3779 556 3849 γὰρ
598 3776 718 3829 ἄλλο
746 3775 845 3848 ἐγὼ
884 3778 913 3837 ἦ
964 3778 1085 3852 ὃπερ
1118 3780 1143 3830 6
1180 3783 1381 3852 Πατὴρ,
1412 3782 1574 3850 μένων
1606 3782 1738 3840 Υἱός·
1774 3763 1865 3833 καὶ

252 3860 403 3916 οὐδὲν
428 3865 596 3917 ἀλλοὸ
626 3871 804 3938 Πατὴρ
848 3868 876 3926 ἦ
924 3867 1047 3941 ὅπερ
1091 3866 1211 3938 ἐγὼ,
1249 3872 1410 3939 μένων
1442 3873 1634 3942 Πατήρ.
1670 3867 1728 3920 ⁸0
1775 3865 1863 3920 οὖν

252 3955 338 4003 τόν
387 3957 499 4006 Υὶόν
545 3958 697 4025 γνοὺς
726 3959 812 4007 τόν
844 3961 1049 4029 Πατέρα
1077 3959 1205 4028 ἔγνω

252 4044 428 4113 μαθὼν
453 4046 536 4095 τόν
567 4046 687 4096 Υὶόν
716 4047 896 4116 ἔμαθε.

1250 3974 1262 3987 ·
1304 3961 1394 4009 καὶ
1447 3958 1471 4009 6
1524 3960 1610 4009 τόν
1656 3963 1861 4033 Πατέρα

326 4226 421 4274 Καὶ
455 4220 631 4296 ἑτέρως
680 4219 770 4275 δε·
834 4223 892 4276 Ὀ
932 4227 1021 4295 μὲν
1066 4227 1186 4287 Υἱὸς
1234 4224 1281 4277 έν
1328 4232 1398 4294 τῷ
1450 4230 1634 4298 [lui-pi,
1686 4228 1755 4287 ὡς
1800 4229 1858 4278 τό

252 4316 345 4370 τῆς
376 4310 569 4372 εἰκόνος
592 4311 771 4373 κάλλος
815 4312 884 4383 [iv
917 4322 988 4383 τῷ
1020 4314 1134 4384 (22)
1159 4312 1441 4387 ἀρχετύπῳ
1475 4332 1486 4343 ’
1523 4316 1548 4365 ό
1586 4311 1644 4367 6":
1676 4319 1857 4388 Πατὴρ

252 4396 299 4448 iv
329 4408 398 4469 τῷ
432 4403 553 4470 Υὶῷ,
580 4404 645 4462 ὡς
674 4406 732 4454 τό
771 4411 863 4455 τοῦ
894 4406 1236 4477 πρωτοτύπου
1267 4403 1450 4465 κάλλος
1477 4403 1549 4477 ἐν]
1590 4412 1650 4474 τῇ
1682 4404 1856 4459 εἰκόνι.

253 4487 435 4541 Εἰκόνα
460 4485 519 4543 δε
558 4498 649 4543 τοῦ
673 4494 878 4564 Πατρός
904 4496 990 4543 τὸν
1012 4491 1128 4563 γὶὸν
1152 4491 1360 4563 λέγομεν
1383 4497 1489 4563 ούχ
1522 4492 1713 4558 ἁπλῶς,
1749 4492 1855 4545 ἀλλ’

252 4574 660 4651 ἀπαράλλακτον.

321 4666 562 4728 Ἐζήτουν
615 4700 683 4709 -
738 4667 859 4721 ὶκεί.
931 4669 1092 4722 Ὀταν
1168 4672 1258 4741 μὲν
1343 4674 1478 4741 μέγα
1535 4690 1585 4721 τι
1646 4676 1863 4743 σημεῖον

252 4760 467 4829 ποιήση,
528 4760 702 4829 φεύγει
770 4754 866 4810 διὰ
929 4762 1017 4809 τὸν
1074 4763 1263 4830 κρότον
1329 4764 1419 4811 καὶ
1468 4764 1561 4816 τὴν
1606 4759 1861 4832 εὐφημίαν

253 4854 339 4896 τοῦ
364 4846 527 4917 ὄχλου
560 4864 571 4875 ⁸
601 4849 720 4899 ὅταν
766 4844 825 4899 δὲ
856 4852 992 4920 μέγα
1046 4867 1098 4899 τι
1143 4853 1264 4920 περὶ
1314 4847 1495 4900 ἑαυτου
1550 4849 1855 4919 φθέγξηται,

264 4931 276 4946 ν
496 4931 516 4949 ν
657 4938 667 4951 ι
782 4939 792 4952 ο
1022 4941 1029 4951 ν
1158 4945 1176 4953 ς
1487 4945 1505 4953 υ
1629 4936 1639 4952 3

257 4953 509 5008 αναχωρει
586 4932 679 4987 δια
742 4956 827 4987 τον
903 4939 1065 5007 θυμον
1114 4956 1212 4987 των
1289 4939 1561 5009 φθονερῶν,
1620 4935 1859 4999 ενδιδούς

255 5020 386 5092 αύτῷ
434 5022 673 5095 λωφῆσαι
729 5030 817 5077 καὶ
845 5024 1001 5087 λῆξαι
1040 5034 1101 5084 τῆ
1151 5024 1381 5099 ἀπουσίᾳ
1416 5026 1594 5079 αύτού.
1632 5026 1857 5085 Ἀπῆλθε

257 5107 309 5164 δι
360 5112 425 5172 εἰς
472 5117 559 5164 τόν
604 5118 758 5167 τόπον
800 5116 926 5167 ὅπου
987 5116 1012 5165 6
1073 5116 1314 5177 Ἰωάννης
1365 5119 1422 5168 τό
1453 5120 1697 5189 πρότερον
1741 5115 1856 5168 ἐϐά-

255 5201 442 5269 πτιζεν,
472 5202 554 5254 ἵνα
584 5200 989 5275 ἀναμνησθῶσιν
1038 5206 1087 5256 οἱ
1135 5208 1383 5280 παρόντες
1440 5213 1533 5258 τού
1583 5209 1854 5278 γεγονότος

255 5292 328 5345 ὅτε
381 5289 669 5351 ἐϐαπτίσθη
732 5297 973 5365 σημείου,
1034 5298 1123 5347 καὶ
1186 5303 1280 5357 τῆς
1337 5294 1573 5349 Ἰωάννου
1642 5315 1849 5369 μαρτυ-

2046 1993 2207 2048 Vers.
2239 1997 2325 2049 34.
2368 1992 2688 2061 Respondit
2714 2023 2781 2031 —
2806 1991 2943 2048 estis
2978 1990 3005 2044 i’
3047 1994 3163 2046 Hoc
3188 1990 3245 2045 in
3277 1990 3409 2045 loco
3438 1988 3631 2058 legem

1977 2081 2235 2153 appellat
2260 2082 2476 2137 librum
2528 2080 2885 2136 Psalmorum
2936 2096 3124 2147 ;nam
3150 2080 3209 2134 id
3267 2079 3326 2134 in
3370 2078 3468 2134 illo
3495 2078 3635 2133 scri-

1978 2177 2146 2242 ptum
2168 2176 2275 2226 est.
2338 2174 2449 2227 Lex
2481 2176 2678 2227 autem
2729 2170 2944 2226 dicitur
3011 2170 3159 2225 liber
3214 2170 3342 2234 iste,
3403 2168 3540 2239 quia
3566 2183 3637 2223 ea

1977 2278 2106 2332 quae
2137 2262 2194 2316 in
2231 2277 2301 2316 eo
2344 2261 2640 2317 habentur
2669 2260 2933 2325 oracula,
2959 2265 3097 2314 sunt
3127 2275 3163 2314 a
3195 2258 3311 2315 Deo
3338 2257 3561 2326 afﬂata,
3581 2261 3638 2312 et

1976 2351 2119 2423 quia
2157 2351 2434 2406 homines
2464 2352 2766 2405 instruunt
2796 2355 2849 2403 et
2882 2349 3205 2418 corrigunt.

2050 2443 2205 2494 Vers.
2259 2440 2345 2496 35.
2396 2440 2462 2494 Si
2506 2473 2549 2481 —
2590 2440 2752 2494 Vers.
2810 2439 2897 2492 36.
2952 2454 3082 2493 sum
3112 2438 3139 2491 ?
3190 2437 3368 2500 Solvi,
3404 2436 3514 2489 hoc
3549 2439 3637 2490 est

1976 2529 2266 2593 excidere,
2289 2530 2493 2599 rejicit.
2520 2529 2932 2596 Sanctiﬁcavit
2956 2533 3178 2585 autem.
3207 2527 3319 2581 hoc
3334 2530 3439 2585 est,
3464 2540 3634 2595 sepa-

1977 2619 2145 2682 ravit,
2182 2618 2374 2687 elegit.
2410 2618 2578 2683 Quod
2614 2623 2815 2673 autem
2848 2618 2989 2671 dicit
3020 2617 3176 2672 idem
3221 2620 3326 2680 est,
3359 2631 3429 2669 ac
3470 2615 3516 2667 si
3549 2614 3635 2669 di-

1976 2714 2172 2763 ceret:
2204 2708 2259 2763 Si
2290 2708 2442 2762 Deus
2488 2707 2621 2763 illos
2660 2706 2805 2763 dixit
2845 2707 3010 2771 deos,
3043 2722 3175 2760 cum
3224 2705 3503 2760 homines
3546 2720 3633 2759 es-

1975 2800 2125 2862 sent,
2152 2796 2225 2852 de
2260 2814 2352 2851 me
2373 2796 2564 2852 dicitis
2594 2816 2606 2855 :
2643 2795 3051 2865 Blasphemas,
3079 2796 3217 2866 quia
3248 2794 3397 2860 dixi,
3438 2794 3630 2849 Filius

1976 2886 2081 2943 Dei
2108 2903 2235 2941 sum
2268 2888 2295 2943 ‘P
2328 2886 2402 2941 de
2444 2902 2559 2951 me,
2596 2887 2868 2957 inquam,
2899 2900 3080 2957 quem
3112 2885 3284 2940 Pater
3315 2882 3630 2955 separavit,

1975 2976 2149 3043 elegit
2173 2991 2243 3031 ac
2272 2975 2430 3031 misit
2454 2975 2513 3031 in
2536 2975 2835 3031 mundum
2859 2976 2890 3027 ‘I

2046 3065 2333 3119 Humilius
2355 3070 2551 3119 autem
2584 3065 2693 3119 ista
2741 3064 3019 3136 loquitur.
3065 3062 3323 3117 Primum
3368 3076 3635 3133 namque

1976 3155 2249 3226 deprimit
2291 3159 2350 3209 et.
2380 3155 2705 3211 concedere
2756 3154 2987 3208 videtur
3031 3168 3383 3217 sermonem,
3412 3168 3480 3206 ac
3526 3152 3634 3206 hu-

1977 3245 2209 3300 miliora
2242 3245 2521 3315 loquitur,
2581 3260 2703 3316 quo
2741 3244 2999 3301 furorem
3053 3240 3635 3297 illorumeonsoletur

1975 3350 2041 3389 ac
2075 3334 2299 3403 mitiget
2332 3350 2345 3388 :
2378 3333 2593 3388 deinde
2625 3333 2821 3387 subdit
2872 3334 3045 3387 etiam
3078 3330 3449 3385 sublimoria.

2046 3422 2209 3477 Vers.
2251 3424 2338 3478 37.
2379 3424 2545 3478 Si—
2593 3422 2752 3477 Vers.
2801 3422 2888 3476 38.
2938 3421 3179 3476 credite.
3234 3419 3323 3474 Ab
3379 3433 3631 3489 operum

1974 3510 2309 3582 aequalitate
2340 3510 2735 3583 aequalitatem
2758 3526 2827 3566 ac
2885 3508 3247 3564 identitatem
3294 3523 3431 3563 cum
3466 3507 3630 3563 Patre

1974 3599 2255 3655 ostendit.

2047 3692 2211 3744 Vers.
2273 3692 2355 3745 58.
2406 3690 2476 3746 Ut
2506 3721 2571 3728 —
2619 3705 2701 3745 eo.
2742 3694 2799 3744 In
2850 3704 2944 3743 me
2995 3688 3166 3743 Pater
3215 3685 3621 3757 conspicitur;

1974 3778 2119 3833 nihil
2148 3779 2307 3834 enim
2341 3777 2493 3833 aliud
2536 3794 2672 3834 sum
2725 3792 2857 3848 ego,
2904 3792 3089 3849 quam
3121 3776 3283 3848 quod
3319 3776 3488 3829 Pater
3513 3780 3625 3837 est,

1976 3883 2334 3939 permanens
2363 3873 2556 3923 tamen
2591 3867 2788 3931 Filius,
2828 3886 2839 3924 :
2868 3873 2923 3922 et
2951 3866 3092 3922 nihil
3125 3865 3284 3920 aliud
3318 3865 3486 3919 Pater
3515 3867 3623 3928 est,

1970 3973 2157 4028 quam
2202 3956 2364 4027 quod
2403 3956 2596 4021 Filius,
2646 3971 3000 4027 permanens
3041 3960 3241 4010 tamen
3286 3953 3475 4007 Pater.
3518 3952 3628 4016 Qui

1971 4062 2112 4114 ergo
2145 4046 2349 4101 Filium
2370 4047 2548 4111 novit,
2583 4052 2635 4101 et
2670 4046 2902 4101 Patrem
2934 4045 3099 4100 novit
3142 4066 3154 4108 ;
3188 4047 3243 4098 et
3268 4043 3370 4115 qui
3406 4042 3627 4097 Patrem

1970 4136 2269 4205 cognovit,
2319 4136 2520 4191 Filium
2550 4136 2846 4203 cognovit.
3042 4198 3043 4201 η

2041 4225 2139 4279 Vel
2171 4224 2340 4279 aliter
2370 4242 2382 4280 :
2408 4225 2585 4279 Filius
2615 4229 2702 4279 est
2728 4224 2786 4279 in
2822 4226 3007 4288 Patre,
3043 4227 3324 4295 tanquam
3354 4219 3632 4291 imaginis

1969 4313 2345 4385 pulchritudo
2398 4314 2454 4368 in
2507 4314 2834 4386 archetypo
2894 4330 2907 4371 :
2962 4313 3131 4367 Pater
3188 4327 3326 4367 vero
3354 4310 3410 4365 in
3462 4308 3629 4374 Filio,

1972 4408 2257 4474 tanquam
2273 4402 2630 4473 exemplaris
2660 4401 3040 4475 pulchritudo
3065 4402 3121 4455 in
3150 4399 3443 4469 imagine;
3485 4398 3634 4451 ima~

1973 4493 2173 4562 ginem
2204 4497 2401 4547 autem
2432 4492 2618 4547 Patris
2668 4491 2923 4545 dicimus
2950 4490 3179 4559 Filium,
3213 4504 3333 4543 non
3364 4486 3630 4560 qualem-

1973 4596 2229 4653 cunque,
2259 4582 2360 4636 se.t
2399 4596 2505 4651 per
2542 4581 2748 4636 omnia
2778 4579 3051 4635 similem.

2044 4671 2203 4726 Vers.
2242 4671 2331 4725 39.
2387 4669 2739 4735 Quzrebant
2770 4700 2840 4708 —
2883 4668 3041 4723 Vers.
3075 4670 3164 4723 4ο.
3196 4668 3297 4723 ibi.
3356 4668 3457 4724 Ubi
3502 4684 3625 4727 ma-

1972 4774 2152 4827 gnum
2184 4758 2426 4828 aliquod
2469 4758 2708 4827 signum
2765 4757 3014 4819 fecisset,
3069 4757 3325 4825 fugiebat
3382 4762 3624 4829 propter

1970 4847 2175 4920 populi
2208 4848 2487 4917 plausum
2522 4864 2589 4901 ac
2631 4846 2891 4902 laudem.
2934 4846 3039 4902 Ubi
3100 4847 3277 4901 etiam
3329 4862 3618 4917 magnum

1968 4937 2277 5008 quippiam
2294 4937 2365 4990 de
2381 4938 2575 5007 scipso
2609 4937 2840 4991 locutus
2856 4941 3025 4997 esset,
3051 4936 3361 4992 secedebat
3384 4940 3624 5009 propter

1966 5028 2191 5081 rabiem
2236 5025 2573 5080 invidorum
2644 5025 2774 5080 :illi
2807 5025 3161 5090 concedens,
3210 5031 3269 5081 ut
3314 5041 3418 5097 per
3447 5042 3622 5081 suam

1964 5115 2296 5171 absentiam
2345 5122 2603 5171 cessaret
2673 5131 2743 5170 ac
2789 5114 3135 5187 quiesceret.
3211 5114 3365 5171 Abiit
3423 5119 3625 5172 autem

1963 5204 2020 5259 in
2094 5204 2291 5260 locum
2350 5204 2450 5259 ubi
2546 5206 2805 5261 Joannes
2871 5203 3235 5276 baptizabat,
3343 5209 3407 5261 ut
3485 5221 3623 5277 prae-

1963 5295 2223 5351 sentium
2254 5293 2556 5351 memoriae
2610 5299 3023 5365 suggereretur
3062 5293 3300 5365 signum
3350 5294 3518 5367 quod
3542 5294 3627 5353 fa-

1479 5473 1708 5543 Variae
1738 5473 2065 5543 lectiones
2105 5479 2171 5541 et
2200 5481 2401 5540 notae.

317 5663 425 5736 (2!)
454 5664 584 5738 Ἐγὼ
616 5670 824 5740 σιγήσω
856 5672 917 5723 Δ.

2028 5667 2144 5741 (22)
2182 5666 2417 5725 Inclusa
2434 5667 2783 5726 exciderunt
2802 5669 2868 5724 Α.
