4130 6320
240 342 400 403 1341

1297 309 1676 391 COMMENT.
1721 337 1790 391 IN
1826 335 2178 392 JOANNEM.
2222 369 2289 379 -.
2329 339 2480 395 CAP.
2529 340 2623 397 x1.

3534 338 3672 394 1342

324 471 455 525 Ἵνα
490 502 570 512 -
600 469 784 532 αὐτῆς.
824 467 957 533 Δὸξά
1006 466 1108 541 γὰρ
1161 464 1255 513 τοῦ
1308 455 1517 529 Πατρός
1568 462 1597 520 ἡ
1651 458 1783 525 δόξα
1807 470 1890 515 τοί

2082 464 2246 519 Vers.
2280 466 2332 519 4.
2368 466 2440 523 Ut
2467 494 2535 507 —
2580 480 2731 522 eum.
2763 466 2913 522 Nam
2972 458 3162 533 gloria
3214 463 3423 529 Patris,
3475 462 3669 533 gloria

235 563 411 616 Υἰοῦ.
455 558 756 614 Κάνταῦθα
779 555 836 611 δὲ
866 560 923 609 τὸ
946 558 1069 628 ὑπὲρ
1101 556 1192 605 καὶ
1219 553 1275 603 τὸ
1303 551 1387 603 ἵνα
1416 546 1512 601 οὐκ
1552 551 1899 622 αἰτιολογικὰ,

237 648 395 702 ἀλλὰ
432 646 728 709 δηλωτικὰ
759 655 849 700 τοῦ
890 644 1258 716 ἐκϐησομένων,
1277 642 1357 693 ὅτι
1377 637 1548 713 μέλλει
1577 638 1902 704 δοξασθῆναι

234 740 266 792 ὀ
299 744 522 813 Πατὴρ
551 744 646 791 καὶ
677 740 702 790 ὁ
730 739 847 800 Υἱὸς
888 733 960 788 δι’
990 734 1167 793 αὐτῆς.

323 920 503 979 Τινὲς
569 917 681 990 (25)
713 913 773 969 δε
829 912 987 978 δόξαν
1039 915 1125 965 τὸν
1177 912 1402 983 σταυρὸν
1448 916 1700 975 νοοῦντες,
1744 910 1901 985 ἑρμη-

235 1010 531 1060 νεύουσιν
587 1009 665 1060 ὃτι
721 1007 848 1079 ὑπὲρ
906 1012 1002 1065 τῆς
1056 1006 1402 1074 σταυρώσεως
1469 1007 1562 1052 τοῦ
1612 1007 1766 1067 Θεοῦ,
1819 1003 1900 1053 ἵνα

241 1098 579 1169 σταυρωθῇ
615 1098 640 1147 ὁ
669 1097 791 1155 Υίός
840 1094 932 1145 τοῦ
987 1098 1119 1144 Θεοῦ
1177 1086 1248 1141 δι’
1305 1088 1490 1151 αὐτῆς.
1529 1087 1772 1161 ’Ἐμελλον
1795 1093 1896 1164 γὰρ

241 1188 303 1238 οἱ
338 1183 652 1254 Ἰουδαῖοι,
674 1188 761 1242 τὴν
794 1181 1080 1234 ἀνάστασιν
1109 1187 1200 1231 τοῦ
1248 1180 1494 1253 Λαζάρου
1542 1181 1805 1251 μαθόντες,
1833 1187 1893 1238 τῆ

246 1275 557 1350 ὑπερϐολῇ
592 1283 685 1328 τοῦ
728 1275 965 1326 τοιούτου
999 1273 1261 1342 θαύματος
1291 1267 1571 1341 ἐξαφθῆναι
1600 1272 1725 1343 πρὸς
1765 1268 1897 1320 ἀκά-

250 1365 467 1418 θεκτον
514 1369 725 1438 μανίαν,
759 1367 848 1415 καὶ
879 1357 1227 1419 διαναστῆναι
1260 1355 1564 1421 σπουδαίως
1593 1358 1665 1421 εἰς
1684 1362 1742 1411 τὸ
1775 1359 1899 1411 ἀπο-

246 1461 490 1506 κτεῖναι.
525 1454 700 1507 αὐτόν.

335 1544 585 1615 Ἠγάπα
618 1573 679 1583 -
720 1540 982 1612 Λάζαρον.
1018 1538 1092 1590 Οὐ
1125 1541 1276 1599 μόνον
1327 1534 1421 1589 διά
1478 1540 1572 1596 τήν
1603 1542 1782 1589 πίστιν
1809 1537 1898 1589 αῦ-

249 1639 397 1699 τῶν,
438 1632 579 1685 ἀλλά
608 1636 697 1684 καὶ
724 1627 818 1683 διὰ
846 1632 939 1690 τὰς
972 1627 1129 1688 ἄλλας
1155 1630 1349 1679 τούτων
1389 1625 1592 1700 ἀρετάς.

2014 553 2133 609 Filii
2163 558 2270 609 est.
2305 555 2448 610 ltem
2482 560 2538 610 et
2563 555 2659 612 hic
2691 554 2973 610 dictiones
3013 569 3125 621 pro
3155 558 3210 610 et
3248 559 3333 617 ut,
3367 568 3487 608 non
3531 568 3669 607 cau~

2011 643 2165 699 sales
2198 650 2357 711 sunt,
2400 646 2503 700 sed
2534 645 2936 717 signiﬁcativae
2961 645 3090 716 ejus
3120 644 3280 717 quod
3311 649 3665 698 eventurum

2010 738 2157 790 erat.
2208 737 2346 791 Nam
2394 736 2566 791 Pater
2597 743 2655 792 et
2699 735 2869 791 Filius
2926 733 3297 805 gloriﬁcandi
3337 737 3505 789 erant
3560 746 3668 803 per

2009 838 2172 879 eum.

2083 913 2338 978 Quidam
2380 929 2516 969 vero
2564 928 2670 985 per
2694 912 2941 984 gloriam
3003 912 3340 981 intelligunt
3400 925 3663 976 crucem,

2010 1002 2124 1058 hoc
2164 1010 2270 1068 est,
2294 1020 2401 1075 pro
2427 1005 2808 1059 cruciﬁxione
2835 1004 2954 1068 Dei,
2985 1008 3047 1057 ut
3073 1001 3455 1067 cruciﬁaatur
3488 1000 3665 1056 Filius

2014 1093 2112 1148 Dei
2133 1109 2238 1165 per
2267 1109 2425 1149 eum.
2461 1093 2711 1164 Cognita
2737 1108 3002 1165 namque
3042 1109 3075 1148 a
3105 1092 3323 1148 Judasis
3355 1089 3547 1146 Lazari
3579 1106 3667 1145 re—

2012 1182 2417 1247 suscitatione,
2452 1183 2809 1254 lmjusmodi
2853 1182 3258 1255 magnitudine
3294 1179 3563 1236 miraculi
3588 1179 3667 1235 ad

2010 1270 2403 1327 insanabilem
2426 1279 2772 1327 exarserunt
2804 1272 3123 1331 insaniam:
3158 1276 3211 1327 et
3239 1269 3430 1325 festini
3467 1285 3667 1325 exsur-

2006 1365 2287 1417 rexerunt
2314 1368 2374 1417 ut
2404 1361 2565 1416 illum
2595 1362 2952 1417 occiderent.

2081 1542 2239 1596 Vers.
2295 1544 2345 1595 5.
2394 1538 2694 1609 Diligeth
2755 1568 2822 1578 —
2866 1538 3180 1594 Lazarum.
3244 1538 3376 1592 Non
3436 1539 3665 1591 tantum

2007 1636 2248 1703 propter
2279 1628 2457 1684 ﬁdem
2506 1644 2734 1693 earum,
2773 1643 2979 1682 verum
3024 1628 3204 1681 etiam
3245 1628 3490 1697 propter
3520 1624 3666 1680 alias

2004 1719 2272 1792 ipsarum
2302 1718 2567 1773 virtutes.

334 1808 443 1874 Ὠς
503 1844 573 1852 -
621 1812 834 1885 ἡμέρας.
878 1812 984 1867 Τὴν
1033 1810 1121 1879 μὲν
1174 1805 1557 1881 ποορῥηθεῖσαν
1618 1804 1890 1880 ἀπόκρισιν

2078 1810 2236 1863 Vers.
2271 1812 2321 1863 6.
2353 1809 2420 1864 Ut
2454 1838 2515 1846 —
2548 1806 2768 1862 diebus.
2828 1805 3178 1861 Praedictam
3207 1803 3364 1859 misit
3417 1817 3662 1873 respon-

257 1900 491 1973 ἔπεμψε
545 1908 856 1975 παρηγορῶν
908 1897 1066 1959 αὐτάς
1128 1913 1141 1926 ·
1199 1895 1357 1957 αὐτὸς
1442 1891 1500 1948 δὲ
1557 1898 1744 1968 ἔμεινεν
1799 1899 1891 1961 ἔτι,

262 1996 580 2064 περιμένων
625 1992 707 2042 ἶνα
769 1987 1066 2059 ἀποπνεύσῃ
1126 1990 1215 2038 καὶ
1288 1992 1445 2057 ταφῇ,
1505 1986 1638 2037 ὥστε
1693 1982 1896 2057 μηδένα

266 2074 560 2133 δύνασθαι
610 2079 772 2150 λέγειν
827 2079 907 2129 ὅτι
954 2076 1048 2128 οῦκ
1106 2074 1431 2127 ἀποθανόντα
1485 2073 1641 2125 αὐτὸν
1686 2072 1893 2132 ἀνέστη-

268 2185 393 2233 σεν,
432 2168 567 2221 ἄλλά
609 2168 923 2240 καρωθέντα,
964 2164 994 2223 ἦ
1030 2163 1321 2234 ἐκλυθέντα,
1349 2163 1379 2222 ἢ
1414 2164 1642 2234 κάτοχον
1689 2168 1895 2236 γενόμε-

265 2275 387 2312 νον.

349 2344 578 2400 ’Ἔπειτα
625 2376 692 2385 -
724 2344 899 2400 πάλιν.
960 2341 1205 2417 Προλέγει
1248 2348 1401 2394 τοῦτο
1460 2342 1543 2393 ἵνα
1608 2360 1663 2394 τε
1712 2340 1886 2415 ἐλέγξῃ

270 2439 376 2494 τὴν
421 2437 476 2500 ἐξ
521 2436 770 2495 ἀπιστίας
817 2431 1012 2486 δειλίαν
1078 2431 1269 2494 αὐτῶν,
1318 2436 1407 2484 καὶ
1471 2430 1553 2482 ἶνα
1597 2433 1892 2503 προμαθόν-

269 2542 362 2587 τες
422 2531 495 2598 μὴ
556 2525 899 2597 ταραχθῶσιν
959 2521 1144 2595 ἀθρόον
1203 2525 1316 2573 τότε
1364 2528 1435 2591 τῷ
1505 2516 1890 2592 ἀπροσδοκήτῳ

274 2622 377 2666 τοῦ
430 2617 857 2689 προστάγματος.
915 2611 996 2664 Ἐν
1053 2619 1113 2683 τῇ
1170 2606 1403 2682 Ἰουδαίᾳ
1453 2611 1555 2684 γὰρ
1612 2605 1673 2667 ἧν
1730 2611 1759 2668 ἡ
1796 2616 1890 2667 Βη-

280 2704 467 2757 θανία.

358 2797 620 2865 Λέγουσιν
663 2822 730 2830 -
764 2790 868 2843 ἐκεῖ
895 2807 908 2855 ;
935 2796 1043 2843 Νῦν
1075 2786 1188 2841 ἀντὶ
1218 2795 1308 2839 τοῦ
1340 2790 1439 2861 πρὸ
1469 2794 1683 2859 μικροῦ.
1721 2784 1892 2841 Ἐδει-

280 2880 413 2934 λίων
442 2885 529 2954 μὲν
558 2883 659 2955 γὰρ
690 2884 779 2931 καὶ
810 2880 935 2951 ὑπερ
981 2878 1161 2945 αὑτοῦ,
1217 2880 1275 2929 τὸ
1309 2874 1367 2930 δὲ
1419 2876 1567 2929 πλέον
1618 2880 1744 2953 ὑπὲρ
1779 2878 1891 2931 ἑαυ-

286 2977 419 3028 τῶν.

361 3058 651 3131 Ἀπεκρίθη
720 3086 788 3097 -
843 3058 1002 3128 αὕη-ᾧ.
1064 3058 1158 3109 Διά
1217 3053 1646 3130 παραδείγματος
1727 3077 1893 3132 παρα-

2005 1897 2250 1959 sionem,
2297 1913 2419 1969 qua
2449 1913 2545 1951 eas
2599 1895 3056 1951 consolaretur:
3108 1910 3237 1964 ipse
3271 1908 3406 1948 vero
3464 1891 3663 1946 adhuc

2004 1986 2325 2059 permansit
2353 1991 2702 2057 exspectans
2732 1986 2925 2040 donec
2956 1983 3223 2039 animam
3259 1982 3554 2037 exhalaret
3595 1996 3663 2035 ac

2004 2075 2367 2148 sepeliretur,
2396 2081 2452 2129 ut
2471 2091 2650 2131 nemo
2672 2074 2867 2130 dicere
2897 2072 3271 2147 possetquod
3291 2074 3485 2143 ipsum
3514 2084 3662 2124 non-

2003 2166 2149 2221 dum
2188 2170 2488 2220 mortuum
2522 2165 2856 2229 excitasset,
2891 2164 2993 2218 sed
3028 2163 3260 2218 ebrium
3291 2165 3395 2216 aut
3437 2158 3665 2214 viribus

2003 2255 2321 2320 defectum,
2351 2272 2453 2310 seu
2487 2255 2737 2310 numine
2767 2253 3062 2309 afﬂatum.

2075 2347 2215 2399 Vers
2247 2348 2296 2399 't.
2332 2346 2560 2402 Deinde
2606 2377 2671 2385 -
2737 2345 2973 2401 iterum.
3036 2342 3312 2401 Praedicit
3363 2342 3495 2407 hoc,
3542 2353 3664 2411 quo

2001 2439 2214 2506 arguat
2236 2434 2468 2489 illorum
2497 2433 2866 2489 timiditatem
2899 2433 2978 2487 ab
3005 2432 3349 2487 inﬁdelitate
3380 2443 3665 2484 emanan-

2001 2533 2139 2588 tem,
2174 2529 2227 2579 et
2258 2528 2323 2578 ut
2351 2523 2464 2579 hoc
2494 2523 2865 2595 proecognito
2888 2537 3008 2576 non
3058 2521 3437 2576 turbarentur
3466 2518 3663 2574 subito

1998 2612 2397 2682 l‘einsperata.
2430 2615 2560 2668 Erat
2593 2616 2793 2667 autem
2826 2610 3107 2666 Bethania
3134 2609 3191 2664 in
3215 2609 3444 2665 Juda'a.

2072 2794 2236 2849 Vers.
2265 2792 2318 2846 8.
2354 2792 2572 2848 Dicunt
2620 2823 2683 2834 -
2718 2793 2867 2848 illuc
2890 2792 2919 2847 ?
2956 2791 3155 2859 Nunc,
3214 2789 3269 2843 id
3313 2793 3420 2857 est,
3478 2788 3661 2861 paulo

2001 2885 2157 2937 ante.
2183 2883 2332 2938 Nam
2366 2887 2421 2938 et
2469 2898 2574 2952 pro
2633 2882 2736 2938 illo
2786 2878 3146 2949 metuebant,
3196 2886 3252 2934 et
3302 2878 3496 2949 magis
3547 2893 3657 2951 pro

2002 2971 2232 3044 seipsis.

2074 3061 2231 3116 Vers.
2253 3066 2305 3117 9.
2332 3061 2647 3129 Respondit
2672 3091 2728 3100 —
2748 3060 2912 3115 Vers.
2947 3061 3025 3114 Io.
3046 3074 3126 3115 eo.
3152 3057 3429 3130 Exemplo
3460 3073 3662 3113 eosex-

292 3146 536 3223 θαῤῥύνει
562 3146 750 3209 αὐτούς
775 3147 877 3214 ὅτι,
902 3148 1074 3218 ὥσπερ
1108 3146 1191 3198 ἐάν
1212 3165 1287 3207 τις
1331 3154 1589 3219 περιπατῄ⁸
1614 3154 1674 3220 τῇ
1700 3148 1890 3221 ἡμέρᾳ,

2015 3155 2269 3206 aortatur
2295 3151 2479 3223 quod,
2503 3149 3011 3223 quemadmodum
3041 3148 3092 3203 si
3109 3148 3238 3218 quis
3267 3146 3662 3203 ambulaverit

289 3239 454 3309 ἤγουν
511 3235 560 3287 ἐν
612 3236 804 3309 ἑκάστῃ
865 3244 964 3287 τῶν
1006 3232 1216 3287 δώδεκα
1272 3238 1416 3310 ὡρῶν
1464 3244 1558 3298 τῆς
1587 3238 1799 3308 ἡμέρας,
1832 3237 1891 3289 οὗ

289 3330 631 3400 προσκόπτει,
663 3330 753 3378 καὶ
784 3328 851 3377 τὰ
898 3325 1018 3388 ἑξῆς
1057 3342 1068 3353 ·
1102 3325 1236 3377 οὕτω
1266 3330 1357 3377 καὶ
1412 3324 1494 3376 ίαν
1525 3344 1601 3387 τις
1630 3335 1887 3399 περιποιτῇ

291 3412 341 3467 ἒν
371 3424 442 3468 τῶ
473 3420 602 3488 φωτὶ
634 3422 728 3476 τῆς
777 3417 985 3489 ἀρετῆς,
1036 3414 1094 3466 οῦ
1146 3418 1464 3486 προσκόπτει
1496 3414 1567 3476 εἰς
1630 3413 1890 3482 κίνδυνον,

292 3505 374 3556 ὃτι
451 3507 509 3556 τὸ
580 3512 681 3576 φῶς
741 3513 837 3566 τῆς
925 3502 1112 3576 ἀρετῆς
1182 3502 1363 3576 βλέπει
1437 3509 1526 3557 καὶ
1594 3501 1889 3577 όδηγεῖται.

295 3592 411 3645 Ἐὰν
471 3590 531 3645 ὸέ
582 3612 658 3653 τις
721 3600 980 3665 περιπατῇ
1047 3592 1095 3644 ἐν
1167 3602 1237 3663 τῷ
1296 3597 1470 3645 σκότει
1527 3602 1621 3655 τῆς
1681 3598 1887 3665 κακίας,

292 3686 633 3755 προσκόπτει,
687 3683 768 3734 ὅτι
806 3686 864 3733 τό
906 3690 1011 3754 φῶς
1056 3681 1147 3733 οῦκ
1179 3684 1318 3734 ἔστιν
1373 3680 1419 3734 ἐν
1478 3682 1638 3754 αὐτῷ.
1697 3688 1891 3737 Λοιπὸν

292 3767 379 3823 οὖν
435 3772 583 3843 ὑμεῖς
622 3774 670 3823 ἓν
710 3778 781 3841 τῷ
837 3776 968 3843 φωτὶ
996 3778 1413 3845 περιπατοῦντες,
1451 3772 1509 3824 οῦ
1549 3773 1888 3847 προσκόψετε.

294 3865 394 3913 Καὶ
423 3864 525 3930 μὴν
572 3864 662 3912 καὶ
708 3858 856 3911 αὐτοὶ
887 3859 1236 3932 προσέκοψαν,
1297 3863 1458 3912 εἷτουν
1503 3859 1886 3933 ἐκινδύνευσαν,

290 3945 397 4000 ἀλλ’
435 3949 493 4001 οὗ
524 3952 655 4004 τότε.
695 3947 1175 4021 Συλλαμϐανόμενος
1193 3951 1294 4024 γὰρ
1323 3946 1457 4001 εἶπεν
1487 3968 1498 3979 ’
1526 3949 1583 4003 Εἰ
1606 3949 1690 4023 ἐμὲ
1723 3952 1893 4011 ξητεί-

291 4055 363 4103 τε,
398 4039 547 4110 ἄφετε
576 4041 792 4100 τούτους
830 4039 1048 4111 ὑπάγειν
1098 4054 1109 4067 ·
1145 4043 1261 4111 περὶ
1302 4038 1494 4091 ἐκείνου
1524 4042 1624 4115 γὰρ
1652 4047 1743 4092 τοῦ
1773 4060 1889 4093 και-

290 4134 383 4203 ροῦ
412 4135 499 4179 νῦν
531 4129 555 4178 ὁ
581 4127 753 4199 λόγος.

360 4224 571 4269 Νοείται
604 4213 663 4270 δε
702 4221 791 4269 καὶ
825 4216 1027 4290 ἑτέρως,
1062 4218 1142 4269 ὅτι
1186 4217 1303 4270 Ἐάν
1334 4236 1414 4279 τις
1444 4225 1700 4292 περιπατῇ
1736 4216 1784 4269 ἓν
1824 4226 1886 4290 τῇ

2003 3241 2061 3296 in
2091 3240 2205 3305 die,
2230 3240 2504 3295 videlicet
2531 3240 2587 3295 in
2624 3239 2955 3310 unaquavis
2997 3236 3316 3292 duodecim
3342 3236 3455 3291 diei
3485 3236 3661 3291 hora-

2001 3346 2156 3394 rum,
2174 3346 2291 3385 non
2310 3330 2573 3399 offendit,
2597 3334 2649 3384 et
2664 3333 2869 3383 caetera
2895 3344 2905 3380 :
2929 3327 3003 3381 ita
3020 3327 3222 3394 etiam,
3241 3325 3287 3380 si
3301 3325 3432 3396 quis
3447 3326 3503 3379 in
3528 3325 3658 3381 luce

2002 3420 2229 3474 virtutis
2261 3419 2548 3489 ambulat,
2580 3433 2695 3473 non
2716 3417 2982 3483 offendit,
3023 3415 3295 3472 incidens
3326 3414 3380 3468 in
3411 3414 3660 3487 aliquod

2003 3508 2350 3580 periculum,
2404 3508 2543 3580 quia
2592 3507 2785 3561 lucem
2822 3505 3049 3560 virtutis
3092 3504 3266 3569 videt,
3312 3508 3368 3558 et
3416 3505 3524 3559 vias
3557 3504 3661 3558 du-

2002 3612 2130 3652 cem
2162 3596 2358 3651 habet.
2393 3597 2456 3652 Si
2492 3597 2621 3669 quis
2674 3600 2867 3651 autem
2903 3592 3293 3650 ambulaverit
3320 3593 3383 3647 in
3411 3591 3661 3649 tenebris

2004 3686 2261 3756 malitiae,
2288 3686 2552 3755 o/I'endit,
2581 3685 2722 3757 quia
2744 3686 2848 3741 lux
2870 3699 2988 3739 non
3009 3689 3091 3739 est
3118 3682 3179 3737 in
3208 3698 3290 3739 eo.
3318 3684 3432 3737 Vos
3458 3682 3659 3754 itaque

2002 3777 2058 3831 in
2096 3776 2227 3831 luce
2286 3776 2663 3831 ambulantes
2722 3790 2843 3830 non
2899 3773 3230 3829 oﬂ‘endetis.
3266 3774 3439 3844 Atqui
3476 3772 3654 3827 etiam

2002 3866 2112 3937 ipsi
2168 3864 2565 3929 offenderunt,
2630 3880 2732 3919 seu
2768 3862 3100 3936 periculum
3151 3861 3315 3933 passi
3357 3865 3513 3925 sunt,
3551 3860 3657 3916 sed

2003 3970 2120 4009 non
2164 3958 2324 4009 tunc.
2389 3956 2537 4008 Dum
2594 3952 2755 4008 enim
2805 3950 3410 4023 comprehenderetur
3457 3948 3652 4004 dixit:

2001 4045 2068 4100 Si
2080 4059 2166 4100 me
2185 4044 2472 4115 queritis,
2499 4043 2673 4099 sinite
2699 4043 2802 4098 hos
2833 4041 3085 4097 abire":
3116 4056 3258 4095 nam
3282 4039 3353 4094 de
3383 4038 3481 4095 illo
3513 4042 3658 4095 tem-

2001 4148 2145 4205 pore
2176 4148 2331 4188 nunc
2355 4148 2551 4188 sermo
2574 4138 2678 4187 est.

2076 4221 2419 4291 Intelligitur
2468 4226 2665 4277 autem
2708 4224 2764 4276 et
2821 4220 2941 4276 alio
2995 4219 3197 4275 modo.
3244 4218 3309 4274 Si
3354 4217 3483 4290 quis
3527 4232 3653 4273 am-

294 4306 479 4380 ἡμέρᾳ,
512 4306 571 4357 οὐ
602 4309 940 4379 προσκόπτει,
974 4311 1061 4359 καὶ
1088 4309 1150 4357 τὰ
1182 4306 1264 4368 ἐξῆ
1278 4327 1317 4368 ς.
1353 4311 1474 4371 Καὶ,
1494 4306 1611 4360 Ἐάν
1641 4328 1722 4369 τις
1751 4326 1889 4381 περι-

2015 4312 2295 4367 bulaverit
2363 4310 2427 4367 in
2473 4311 2580 4376 die,
2635 4326 2751 4366 non
2802 4310 3067 4380 offendit,
3137 4315 3191 4363 et
3256 4313 3481 4371 caetera,
3541 4306 3656 4362 hoc

292 4402 428 4453 πατῆ
463 4393 511 4446 ἐν
539 4394 674 4467 ἐμοὶ,
717 4398 882 4447 εἷτουν
914 4395 1024 4468 μετ’
1066 4394 1213 4467 ἐμοῦ,
1269 4394 1327 4447 οὐ
1376 4400 1715 4469 προσκόπτει,
1749 4398 1827 4449 ὅτι
1859 4399 1887 4455 ἡ

294 4479 509 4556 δύναμίς
543 4504 643 4557 μου
676 4481 863 4557 ὁδηγεῖ
884 4484 1057 4539 αὐτόν.

2002 4405 2105 4464 est,
2138 4399 2193 4456 Si
2224 4400 2358 4470 quis
2417 4398 2814 4455 ambulaverit
2862 4399 2921 4454 in
2972 4413 3067 4453 me
3117 4400 3221 4452 aut
3264 4412 3521 4459 mecum,
3554 4395 3656 4467 qui

2003 4505 2137 4544 sum
2171 4488 2265 4543 lux
2289 4493 2343 4544 et
2372 4488 2500 4544 dies
2542 4507 2555 4545 :
2600 4503 2738 4544 nam
2787 4487 3071 4559 quandiu,
3106 4485 3318 4559 inquit,
3342 4485 3405 4539 in
3436 4484 3657 4539 mundo

288 4588 435 4639 sum,
494 4576 604 4631 tua:
649 4590 779 4631 sum
836 4575 1092 4630 mundi:
1145 4589 1267 4629 non
1313 4574 1560 4631 offendit
1612 4575 1687 4631 ad
1733 4575 1917 4633 ullum
1968 4577 2320 4650 periculum,
2384 4578 2650 4650 potentia
2692 4577 2983 4648 siquidem
3028 4592 3099 4631 ac
3144 4575 3327 4631 virtus
3372 4587 3507 4629 mea
3559 4573 3659 4629 de-

295 4663 457 4719 ducit
487 4662 675 4718 illum.

356 4759 532 4805 Ταῦτα
564 4784 631 4792 -
677 4752 831 4824 λέγει.
866 4752 878 4772 ’
911 4758 1109 4812 Εκεῖνος
1159 4755 1248 4824 μεν
1289 4750 1445 4821 εἶπεν,
1497 4754 1579 4805 ὅτι
1639 4752 1698 4804 '0
1751 4754 1889 4826 φίλος

288 4842 449 4913 ἡμῶν,
521 4840 777 4914 ἐμφαινων
840 4842 1127 4914 ἀναγκαίαν
1192 4846 1281 4900 τὴν
1344 4842 1411 4904 εἰς
1466 4842 1617 4894 αὑτὸν
1665 4843 1837 4915 ἄφιξιν
1872 4862 1883 4874 ·

288 4930 431 4982 αὐτοὶ
517 4927 577 4983 δε
654 4929 791 4983 εἶπον
864 4932 944 4983 ὅτι
1029 4933 1349 5003 Σωθήσεται,
1431 4936 1591 5003 ἤγουν
1666 4934 1885 5004 ὑγιανεῖ,

392 5054 437 5090 ’⁵
464 5055 633 5113 Joan.
665 5070 828 5125 xvm,
849 5057 904 5125 7,
940 5057 994 5112 8.

2071 4756 2232 4811 Vers.
2300 4760 2381 4811 H.
2438 4756 2581 4812 Haec
2634 4787 2700 4797 —
2749 4755 2911 4811 Vers.
2959 4755 3042 4809 13.
3100 4752 3334 4810 diceret.
3384 4753 3515 4825 Ipse
3562 4751 3657 4806 di-

1999 4845 2184 4911 cebat,
2218 4846 2455 4902 Amicus
2491 4851 2709 4910 noster,
2741 4845 3060 4901 ostendens
3092 4842 3496 4898 necessariam
3528 4856 3657 4896 esse

1997 4933 2075 4989 ad
2133 4950 2269 4989 eum
2329 4933 2781 5005 profectionem.
2838 4932 2919 4989 Illi
2960 4946 3101 4987 vero
3154 4929 3432 4988 dicebant
3486 4928 3657 4986 :Sal-

1594 5179 1819 5250 Variae
1855 5180 2180 5251 lectiones
2196 5188 2263 5249 et
2289 5190 2490 5249 notae.

358 5377 773 5451 (275)70rigenis
804 5379 880 5435 ad
910 5378 1071 5435 hunc
1099 5378 1301 5435 locum
1356 5380 1760 5451 interpretatio
1800 5381 1885 5435 in-

292 5448 536 5505 tercidit.
562 5448 1023 5513 Chrysostomus
1052 5451 1349 5507 multoties
1391 5448 1547 5513 δόξαν
1591 5451 1665 5507 de
1710 5467 1884 5506 cruce

293 5521 561 5593 explicat.
594 5521 708 5577 Sed
736 5521 812 5577 ad
834 5521 992 5577 hunc
1014 5522 1234 5588 locum,
1265 5529 1413 5578 tom.
1442 5524 1579 5587 Vlll,
1605 5523 1884 5593 p.369,ni-

294 5591 378 5646 hil
402 5593 648 5663 reperio.
680 5595 796 5647 Nec
818 5594 1066 5664 Cyrillus
1100 5594 1210 5664 tale
1246 5594 1387 5664 quid
1413 5591 1762 5648 habettOm.
1796 5595 1881 5662 ιν,

293 5678 349 5734 p.
378 5661 482 5739 6ρῖ
510 5665 707 5739 A,_qui
733 5664 843 5739 ibi,
861 5661 991 5739 ὓπερ
1034 5674 1129 5739 τῆς
1160 5661 1321 5739 δόξής
1350 5672 1439 5739 τοῦ
1469 5672 1616 5739 Θεοῦ,
1646 5666 1721 5720 de
1746 5661 1882 5739 Filio

293 5735 561 5807 explicat.
592 5735 872 5794 Dissentit
900 5735 1039 5808 ergo
1065 5738 1137 5793 ab
1165 5735 1705 5811 Euthymio.0biter
1721 5736 1881 5793 addo

1996 5396 2064 5452 ex
2096 5378 2291 5452 Cyrill.
2329 5377 2367 5433 l.
2401 5379 2438 5433 1.
2471 5394 2531 5451 p.
2565 5379 2784 5452 676,713,
2817 5377 2892 5434 ad
2939 5396 2950 5433 :
2989 5381 3127 5436 Αὕτη
3167 5378 3195 5435 ἡ
3231 5376 3492 5452 ἀσθένεια,
3524 5398 3573 5433 κ.
3606 5399 3655 5433 τ.

1993 5451 2039 5505 λ.
2078 5448 2228 5522 Λέγει
2270 5454 2443 5523 μέντοι
2472 5448 2652 5523 ⁷ταῦτα
2695 5451 2719 5501 ὁ
2752 5452 2957 5523 Κύριος,
2981 5454 3112 5523 Δοὐχ
3150 5453 3237 5501 ἶνα
3268 5448 3568 5512 ἀπελθόντες
3610 5455 3661 5504 οἱ

1994 5518 2280 5616 οἴνθρωποί
2319 5522 2678 5594 ἀπαγγείλωσι
2736 5518 2851 5582 ταῖς
2883 5592 2895 5609 ,
2933 5518 3176 5592 ἀδελῴαἰς
3231 5529 3324 5573 τοῦ
3384 5523 3657 5616 Λαζξὲρου,

2004 5614 2025 5616 η
2058 5594 2077 5616 ‘1
2172 5597 2183 5607 '
2213 5615 2221 5616 κ
2272 5597 2400 5616 (3-14
2451 5594 2600 5616 i_-‘t!
2681 5615 2702 5616 η
2769 5598 2816 5616 -ὶ
2881 5599 2957 5616 --γ’
3016 5613 3026 5616 λ
3069 5615 3076 5616 κ
3193 5597 3260 5616 ξ’-.
3319 5597 3405 5616 -ξξ
3541 5594 3611 5616 λυ.

1996 5592 2103 5647 ἀλλ’
2159 5597 2223 5668 ᾡς
2270 5597 2401 5655 Θεὸς
2437 5592 2723 5668 προλέγων,
2765 5598 2822 5646 τό
2876 5592 3146 5668 ἐσόμενον,
3186 5597 3265 5645 ὅτι
3312 5597 3443 5668 πρός
3497 5592 3659 5668 ὀόξαν

1994 5673 2128 5721 Θεοῦ
2176 5666 2310 5742 ἐώρα
2361 5669 2418 5718 τὸ
2477 5665 2566 5721 τοῦ
2608 5665 2923 5747 πράγματος
2967 5665 3432 5741 ἀποτέλεσμα,
3482 5684 3530 5722 τ.
3604 5665 3654 5725 λ.
