  <div class='ocr_page' id='page_1' title='image "/cluster/home/n/w/nwhite01/storage/ocr_20150623/129/mdp.39015061528470/711.png"; bbox 0 0 4130 6320; ppageno 0'>
   <div class='ocr_carea' id='block_1_1' title="bbox 547 336 687 392">
    <p class='ocr_par' dir='ltr' id='par_1_1' title="bbox 547 336 687 392">
     <span class='ocr_line' id='line_1_1' title="bbox 547 336 687 392; baseline 0.007 -1"><span class='ocrx_word' id='word_1_1' title='bbox 547 336 687 392; x_wconf 73' lang='grc'><strong>1343</strong></span> 
     </span>
    </p>
   </div>
   <div class='ocr_carea' id='block_1_2' title="bbox 1872 339 2592 398">
    <p class='ocr_par' dir='ltr' id='par_1_2' title="bbox 1872 339 2592 398">
     <span class='ocr_line' id='line_1_2' title="bbox 1872 339 2592 398; baseline 0.001 -1"><span class='ocrx_word' id='word_1_2' title='bbox 1872 341 2215 397; x_wconf 79' lang='grc' dir='ltr'><strong>ΕυἸἸΙΥΜΙΙ</strong></span> <span class='ocrx_word' id='word_1_3' title='bbox 2257 339 2592 398; x_wconf 77' lang='lat' dir='ltr'><strong>ZIGABENI</strong></span> 
     </span>
    </p>
   </div>
   <div class='ocr_carea' id='block_1_3' title="bbox 3859 347 4028 404">
    <p class='ocr_par' dir='ltr' id='par_1_3' title="bbox 3859 347 4028 404">
     <span class='ocr_line' id='line_1_3' title="bbox 3859 347 4028 404; baseline 0 -1"><span class='ocrx_word' id='word_1_4' title='bbox 3859 347 4028 404; x_wconf 61' lang='lat'><strong>134$</strong></span> 
     </span>
    </p>
   </div>
   <div class='ocr_carea' id='block_1_4' title="bbox 553 465 2201 547">
    <p class='ocr_par' dir='ltr' id='par_1_4' title="bbox 553 465 2201 541">
     <span class='ocr_line' id='line_1_4' title="bbox 553 465 2201 541; baseline 0.003 -21"><span class='ocrx_word' id='word_1_5' title='bbox 553 478 658 520; x_wconf 83' lang='lat' dir='ltr'><strong>vus</strong></span> <span class='ocrx_word' id='word_1_6' title='bbox 713 465 842 531; x_wconf 75' lang='lat' dir='ltr'><strong>erit,</strong></span> <span class='ocrx_word' id='word_1_7' title='bbox 923 465 1042 523; x_wconf 87' lang='lat' dir='ltr'><strong>sive</strong></span> <span class='ocrx_word' id='word_1_8' title='bbox 1099 469 1426 540; x_wconf 80' lang='lat' dir='ltr'><strong>sanabitur,</strong></span> <span class='ocrx_word' id='word_1_9' title='bbox 1500 469 1766 526; x_wconf 89' lang='lat' dir='ltr'><strong>volentes</strong></span> <span class='ocrx_word' id='word_1_10' title='bbox 1827 470 1956 541; x_wconf 90' lang='lat' dir='ltr'><strong>ejus</strong></span> <span class='ocrx_word' id='word_1_11' title='bbox 2007 469 2201 526; x_wconf 91' lang='lat' dir='ltr'><strong>consi-</strong></span> 
     </span>
    </p>
   </div>
   <div class='ocr_carea' id='block_1_5' title="bbox 2323 465 4023 547">
    <p class='ocr_par' dir='ltr' id='par_1_5' title="bbox 2323 467 4023 547">
     <span class='ocr_line' id='line_1_5' title="bbox 2323 467 4023 547; baseline 0.002 -25"><span class='ocrx_word' id='word_1_12' title='bbox 2323 467 2623 542; x_wconf 82' lang='grc' dir='ltr'>βουλόμενοι</span> <span class='ocrx_word' id='word_1_13' title='bbox 2648 469 2872 543; x_wconf 73' lang='grc' dir='ltr'>ίγκόψαι</span> <span class='ocrx_word' id='word_1_14' title='bbox 2899 474 2992 530; x_wconf 74' lang='grc' dir='ltr'>τὴν</span> <span class='ocrx_word' id='word_1_15' title='bbox 3023 472 3192 546; x_wconf 75' lang='grc' dir='ltr'>ὁρμήν</span> <span class='ocrx_word' id='word_1_16' title='bbox 3245 470 3405 526; x_wconf 78' lang='grc' dir='ltr'>αὐτοῦ</span> <span class='ocrx_word' id='word_1_17' title='bbox 3428 489 3442 503; x_wconf 89' lang='grc'>·</span> <span class='ocrx_word' id='word_1_18' title='bbox 3478 475 3633 526; x_wconf 76' lang='grc' dir='ltr'>οὔπω</span> <span class='ocrx_word' id='word_1_19' title='bbox 3689 475 3828 547; x_wconf 72' lang='grc' dir='ltr'>’γὰρ</span> <span class='ocrx_word' id='word_1_20' title='bbox 3879 471 4023 525; x_wconf 75' lang='grc' dir='ltr'>ἐστε-</span> 
     </span>
    </p>
   </div>
   <div class='ocr_carea' id='block_1_6' title="bbox 547 552 2055 631">
    <p class='ocr_par' dir='ltr' id='par_1_6' title="bbox 547 552 2055 631">
     <span class='ocr_line' id='line_1_6' title="bbox 547 552 2055 631; baseline 0.003 -23"><span class='ocrx_word' id='word_1_21' title='bbox 547 552 630 609; x_wconf 92' lang='lat' dir='ltr'><strong>lio</strong></span> <span class='ocrx_word' id='word_1_22' title='bbox 659 555 896 610; x_wconf 86' lang='lat' dir='ltr'><strong>obstare</strong></span> <span class='ocrx_word' id='word_1_23' title='bbox 928 573 940 608; x_wconf 91' lang='lat'><strong>:</strong></span> <span class='ocrx_word' id='word_1_24' title='bbox 971 557 1240 613; x_wconf 90' lang='lat' dir='ltr'><strong>nondum</strong></span> <span class='ocrx_word' id='word_1_25' title='bbox 1257 558 1415 614; x_wconf 90' lang='lat' dir='ltr'><strong>enim</strong></span> <span class='ocrx_word' id='word_1_26' title='bbox 1439 564 1662 614; x_wconf 90' lang='lat' dir='ltr'><strong>metum</strong></span> <span class='ocrx_word' id='word_1_27' title='bbox 1694 559 2055 631; x_wconf 86' lang='lat' dir='ltr'><strong>abjecerant.</strong></span> 
     </span>
    </p>
   </div>
   <div class='ocr_carea' id='block_1_7' title="bbox 623 645 2197 712">
    <p class='ocr_par' dir='ltr' id='par_1_7' title="bbox 623 645 2197 712">
     <span class='ocr_line' id='line_1_7' title="bbox 623 645 2197 712; baseline 0.004 -14"><span class='ocrx_word' id='word_1_28' title='bbox 623 645 792 708; x_wconf 86' lang='lat' dir='ltr'><strong>Quod</strong></span> <span class='ocrx_word' id='word_1_29' title='bbox 851 650 1050 702; x_wconf 88' lang='lat' dir='ltr'><strong>autem</strong></span> <span class='ocrx_word' id='word_1_30' title='bbox 1103 646 1246 702; x_wconf 85' lang='lat' dir='ltr'><strong>dicit</strong></span> <span class='ocrx_word' id='word_1_31' title='bbox 1279 666 1291 703; x_wconf 88' lang='lat'><strong>:</strong></span> <span class='ocrx_word' id='word_1_32' title='bbox 1353 649 1424 704; x_wconf 84' lang='lat' dir='ltr'><strong>Ut</strong></span> <span class='ocrx_word' id='word_1_33' title='bbox 1455 665 1489 702; x_wconf 92' lang='lat' dir='ltr'><strong>a</strong></span> <span class='ocrx_word' id='word_1_34' title='bbox 1522 665 1721 704; x_wconf 80' lang='lat' dir='ltr'><strong>somno</strong></span> <span class='ocrx_word' id='word_1_35' title='bbox 1751 649 1996 705; x_wconf 74' lang='lat' dir='ltr'><strong>excitem</strong></span> <span class='ocrx_word' id='word_1_36' title='bbox 2045 663 2197 712; x_wconf 86' lang='lat' dir='ltr'><strong>eum,</strong></span> 
     </span>
    </p>
   </div>
   <div class='ocr_carea' id='block_1_8' title="bbox 549 729 2200 810">
    <p class='ocr_par' dir='ltr' id='par_1_8' title="bbox 549 729 2200 810">
     <span class='ocr_line' id='line_1_8' title="bbox 549 729 2200 810; baseline 0.004 -24"><span class='ocrx_word' id='word_1_37' title='bbox 549 729 880 788; x_wconf 73' lang='lat' dir='ltr'><strong>facilitatem</strong></span> <span class='ocrx_word' id='word_1_38' title='bbox 950 737 1398 792; x_wconf 74' lang='lat' dir='ltr'><strong>resurrectionis</strong></span> <span class='ocrx_word' id='word_1_39' title='bbox 1459 738 1735 793; x_wconf 88' lang='lat' dir='ltr'><strong>ostendit.</strong></span> <span class='ocrx_word' id='word_1_40' title='bbox 1802 738 1946 793; x_wconf 85' lang='lat' dir='ltr'><strong>Hinc</strong></span> <span class='ocrx_word' id='word_1_41' title='bbox 1999 738 2200 810; x_wconf 81' lang='lat' dir='ltr'><strong>itaque</strong></span> 
     </span>
    </p>
   </div>
   <div class='ocr_carea' id='block_1_9' title="bbox 547 819 2198 899">
    <p class='ocr_par' dir='ltr' id='par_1_9' title="bbox 547 819 2198 899">
     <span class='ocr_line' id='line_1_9' title="bbox 547 819 2198 899; baseline 0.005 -25"><span class='ocrx_word' id='word_1_42' title='bbox 547 819 679 875; x_wconf 91' lang='lat' dir='ltr'><strong>illos</strong></span> <span class='ocrx_word' id='word_1_43' title='bbox 724 822 1042 892; x_wconf 84' lang='lat' dir='ltr'><strong>intelligere</strong></span> <span class='ocrx_word' id='word_1_44' title='bbox 1090 827 1369 896; x_wconf 85' lang='lat' dir='ltr'><strong>oportuit,</strong></span> <span class='ocrx_word' id='word_1_45' title='bbox 1431 826 1595 899; x_wconf 92' lang='lat' dir='ltr'><strong>quod</strong></span> <span class='ocrx_word' id='word_1_46' title='bbox 1624 827 1698 881; x_wconf 93' lang='lat' dir='ltr'><strong>de</strong></span> <span class='ocrx_word' id='word_1_47' title='bbox 1753 831 1942 882; x_wconf 87' lang='lat' dir='ltr'><strong>morte</strong></span> <span class='ocrx_word' id='word_1_48' title='bbox 1989 833 2044 882; x_wconf 88' lang='lat' dir='ltr'><strong>et</strong></span> <span class='ocrx_word' id='word_1_49' title='bbox 2109 842 2198 882; x_wconf 89' lang='lat' dir='ltr'><strong>re-</strong></span> 
     </span>
    </p>
   </div>
   <div class='ocr_carea' id='block_1_10' title="bbox 545 912 2196 987">
    <p class='ocr_par' dir='ltr' id='par_1_10' title="bbox 545 912 2196 987">
     <span class='ocr_line' id='line_1_10' title="bbox 545 912 2196 987; baseline 0.004 -23"><span class='ocrx_word' id='word_1_50' title='bbox 545 912 907 968; x_wconf 87' lang='lat' dir='ltr'><strong>surrectione</strong></span> <span class='ocrx_word' id='word_1_51' title='bbox 963 913 1094 983; x_wconf 87' lang='lat' dir='ltr'><strong>ejus</strong></span> <span class='ocrx_word' id='word_1_52' title='bbox 1138 913 1376 969; x_wconf 88' lang='lat' dir='ltr'><strong>diceret.</strong></span> <span class='ocrx_word' id='word_1_53' title='bbox 1431 915 1742 979; x_wconf 85' lang='lat' dir='ltr'><strong>Quomodo</strong></span> <span class='ocrx_word' id='word_1_54' title='bbox 1796 915 1956 971; x_wconf 90' lang='lat' dir='ltr'><strong>enim</strong></span> <span class='ocrx_word' id='word_1_55' title='bbox 2000 915 2196 987; x_wconf 83' lang='lat' dir='ltr'><strong>profe-</strong></span> 
     </span>
    </p>
   </div>
   <div class='ocr_carea' id='block_1_11' title="bbox 542 1002 2197 1075">
    <p class='ocr_par' dir='ltr' id='par_1_11' title="bbox 542 1002 2197 1075">
     <span class='ocr_line' id='line_1_11' title="bbox 542 1002 2197 1075; baseline 0.004 -21"><span class='ocrx_word' id='word_1_56' title='bbox 542 1002 744 1054; x_wconf 91' lang='lat' dir='ltr'><strong>cturus</strong></span> <span class='ocrx_word' id='word_1_57' title='bbox 771 1006 895 1056; x_wconf 84' lang='lat' dir='ltr'><strong>erat</strong></span> <span class='ocrx_word' id='word_1_58' title='bbox 946 1002 1138 1059; x_wconf 88' lang='lat' dir='ltr'><strong>stadia</strong></span> <span class='ocrx_word' id='word_1_59' title='bbox 1188 1003 1556 1075; x_wconf 85' lang='lat' dir='ltr'><strong>quindecim,</strong></span> <span class='ocrx_word' id='word_1_60' title='bbox 1610 1010 1672 1060; x_wconf 90' lang='lat' dir='ltr'><strong>ut</strong></span> <span class='ocrx_word' id='word_1_61' title='bbox 1710 1021 1846 1061; x_wconf 92' lang='lat' dir='ltr'><strong>eum</strong></span> <span class='ocrx_word' id='word_1_62' title='bbox 1906 1023 1942 1062; x_wconf 89' lang='lat' dir='ltr'><strong>a</strong></span> <span class='ocrx_word' id='word_1_63' title='bbox 1982 1021 2197 1062; x_wconf 87' lang='lat' dir='ltr'><strong>somno</strong></span> 
     </span>
    </p>
   </div>
   <div class='ocr_carea' id='block_1_12' title="bbox 541 1089 2194 1168">
    <p class='ocr_par' dir='ltr' id='par_1_12' title="bbox 541 1089 2194 1168">
     <span class='ocr_line' id='line_1_12' title="bbox 541 1089 2194 1168; baseline 0.004 -25"><span class='ocrx_word' id='word_1_64' title='bbox 541 1089 821 1146; x_wconf 83' lang='lat' dir='ltr'><strong>excitaret</strong></span> <span class='ocrx_word' id='word_1_65' title='bbox 848 1091 876 1146; x_wconf 71' lang='grc' dir='ltr'><strong>τ</strong></span> <span class='ocrx_word' id='word_1_66' title='bbox 906 1090 1010 1146; x_wconf 90' lang='lat' dir='ltr'><strong>sed</strong></span> <span class='ocrx_word' id='word_1_67' title='bbox 1033 1092 1458 1162; x_wconf 83' lang='lat' dir='ltr'><strong>apinabantur,</strong></span> <span class='ocrx_word' id='word_1_68' title='bbox 1477 1093 1737 1164; x_wconf 66' lang='lat' dir='ltr'><strong>aenigma</strong></span> <span class='ocrx_word' id='word_1_69' title='bbox 1759 1095 2005 1168; x_wconf 86' lang='lat' dir='ltr'><strong>aliquod</strong></span> <span class='ocrx_word' id='word_1_70' title='bbox 2041 1111 2194 1161; x_wconf 88' lang='lat' dir='ltr'><strong>esse,</strong></span> 
     </span>
    </p>
   </div>
   <div class='ocr_carea' id='block_1_13' title="bbox 538 1177 1240 1249">
    <p class='ocr_par' dir='ltr' id='par_1_13' title="bbox 538 1177 1240 1249">
     <span class='ocr_line' id='line_1_13' title="bbox 538 1177 1240 1249; baseline 0.001 -17"><span class='ocrx_word' id='word_1_71' title='bbox 538 1177 732 1249; x_wconf 85' lang='lat' dir='ltr'><strong>qualia</strong></span> <span class='ocrx_word' id='word_1_72' title='bbox 775 1179 961 1234; x_wconf 89' lang='lat' dir='ltr'><strong>multa</strong></span> <span class='ocrx_word' id='word_1_73' title='bbox 985 1179 1240 1236; x_wconf 89' lang='lat' dir='ltr'><strong>dicebat.</strong></span> 
     </span>
    </p>
   </div>
   <div class='ocr_carea' id='block_1_14' title="bbox 610 1268 1910 1346">
    <p class='ocr_par' dir='ltr' id='par_1_14' title="bbox 610 1268 1910 1346">
     <span class='ocr_line' id='line_1_14' title="bbox 610 1268 1910 1346; baseline 0.005 -27"><span class='ocrx_word' id='word_1_74' title='bbox 610 1268 772 1322; x_wconf 88' lang='lat' dir='ltr'><strong>Vers.</strong></span> <span class='ocrx_word' id='word_1_75' title='bbox 806 1271 882 1323; x_wconf 74' lang='grc'><strong>14.</strong></span> <span class='ocrx_word' id='word_1_76' title='bbox 922 1268 1083 1324; x_wconf 84' lang='lat' dir='ltr'><strong>Tunc</strong></span> <span class='ocrx_word' id='word_1_77' title='bbox 1119 1301 1175 1309; x_wconf 82' lang='lat'><strong>—</strong></span> <span class='ocrx_word' id='word_1_78' title='bbox 1201 1271 1533 1340; x_wconf 75' lang='lat' dir='ltr'><strong>manifeste.</strong></span> <span class='ocrx_word' id='word_1_79' title='bbox 1568 1273 1652 1343; x_wconf 75' lang='grc' dir='ltr'><strong>-Η-</strong></span> <span class='ocrx_word' id='word_1_80' title='bbox 1679 1274 1910 1346; x_wconf 81' lang='lat' dir='ltr'><strong>Aperte.</strong></span> 
     </span>
    </p>
   </div>
   <div class='ocr_carea' id='block_1_15' title="bbox 611 1355 2198 1431">
    <p class='ocr_par' dir='ltr' id='par_1_15' title="bbox 611 1355 2198 1431">
     <span class='ocr_line' id='line_1_15' title="bbox 611 1355 2198 1431; baseline 0.006 -23"><span class='ocrx_word' id='word_1_81' title='bbox 611 1355 770 1410; x_wconf 80' lang='lat' dir='ltr'><strong>Vers.</strong></span> <span class='ocrx_word' id='word_1_82' title='bbox 841 1359 919 1411; x_wconf 75' lang='grc'><strong>14.</strong></span> <span class='ocrx_word' id='word_1_83' title='bbox 979 1359 1231 1413; x_wconf 79' lang='lat' dir='ltr'><strong>Lazarus</strong></span> <span class='ocrx_word' id='word_1_84' title='bbox 1283 1390 1348 1400; x_wconf 89' lang='lat'><strong><em>—</em></strong></span> <span class='ocrx_word' id='word_1_85' title='bbox 1411 1363 1569 1418; x_wconf 83' lang='lat' dir='ltr'><strong>Vers.</strong></span> <span class='ocrx_word' id='word_1_86' title='bbox 1628 1363 1714 1417; x_wconf 79' lang='grc'>15.</span> <span class='ocrx_word' id='word_1_87' title='bbox 1773 1362 1868 1418; x_wconf 80' lang='lat' dir='ltr'><strong>ibi.</strong></span> <span class='ocrx_word' id='word_1_88' title='bbox 1928 1362 2198 1431; x_wconf 86' lang='lat' dir='ltr'><strong>Gaudeo,</strong></span> 
     </span>
    </p>
   </div>
   <div class='ocr_carea' id='block_1_16' title="bbox 538 1444 2200 1526">
    <p class='ocr_par' dir='ltr' id='par_1_16' title="bbox 538 1444 2200 1526">
     <span class='ocr_line' id='line_1_16' title="bbox 538 1444 2200 1526; baseline 0.005 -28"><span class='ocrx_word' id='word_1_89' title='bbox 538 1444 705 1515; x_wconf 91' lang='lat' dir='ltr'><strong>quod</strong></span> <span class='ocrx_word' id='word_1_90' title='bbox 761 1461 879 1502; x_wconf 94' lang='lat' dir='ltr'><strong>non</strong></span> <span class='ocrx_word' id='word_1_91' title='bbox 934 1445 1148 1504; x_wconf 85' lang='lat' dir='ltr'><strong>fuerim</strong></span> <span class='ocrx_word' id='word_1_92' title='bbox 1205 1447 1285 1504; x_wconf 92' lang='lat' dir='ltr'><strong>ibi</strong></span> <span class='ocrx_word' id='word_1_93' title='bbox 1345 1467 1358 1514; x_wconf 90' lang='lat'><strong>;</strong></span> <span class='ocrx_word' id='word_1_94' title='bbox 1418 1450 1656 1519; x_wconf 84' lang='lat' dir='ltr'><strong>gaudeo</strong></span> <span class='ocrx_word' id='word_1_95' title='bbox 1711 1457 1911 1508; x_wconf 89' lang='lat' dir='ltr'><strong>autem</strong></span> <span class='ocrx_word' id='word_1_96' title='bbox 1965 1459 2200 1526; x_wconf 86' lang='lat' dir='ltr'><strong>propter</strong></span> 
     </span>
    </p>
   </div>
   <div class='ocr_carea' id='block_1_17' title="bbox 540 1535 2196 1608">
    <p class='ocr_par' dir='ltr' id='par_1_17' title="bbox 540 1535 2196 1608">
     <span class='ocr_line' id='line_1_17' title="bbox 540 1535 2196 1608; baseline 0.007 -20"><span class='ocrx_word' id='word_1_97' title='bbox 540 1549 662 1602; x_wconf 89' lang='lat' dir='ltr'><strong>vos,</strong></span> <span class='ocrx_word' id='word_1_98' title='bbox 725 1540 787 1590; x_wconf 91' lang='lat' dir='ltr'><strong>ut</strong></span> <span class='ocrx_word' id='word_1_99' title='bbox 873 1535 1104 1608; x_wconf 89' lang='lat' dir='ltr'><strong>plenius</strong></span> <span class='ocrx_word' id='word_1_100' title='bbox 1179 1540 1454 1606; x_wconf 87' lang='lat' dir='ltr'><strong>credatis,</strong></span> <span class='ocrx_word' id='word_1_101' title='bbox 1526 1557 1661 1597; x_wconf 89' lang='lat' dir='ltr'><strong>cum</strong></span> <span class='ocrx_word' id='word_1_102' title='bbox 1731 1542 1994 1598; x_wconf 83' lang='lat' dir='ltr'><strong>videritis</strong></span> <span class='ocrx_word' id='word_1_103' title='bbox 2061 1560 2196 1598; x_wconf 89' lang='lat' dir='ltr'><strong>eum</strong></span> 
     </span>
    </p>
   </div>
   <div class='ocr_carea' id='block_1_18' title="bbox 538 1629 2201 1698">
    <p class='ocr_par' dir='ltr' id='par_1_18' title="bbox 538 1629 2201 1698">
     <span class='ocr_line' id='line_1_18' title="bbox 538 1629 2201 1698; baseline 0.007 -20"><span class='ocrx_word' id='word_1_104' title='bbox 538 1631 966 1695; x_wconf 80' lang='lat' dir='ltr'><strong>resurgentem.</strong></span> <span class='ocrx_word' id='word_1_105' title='bbox 1023 1631 1172 1684; x_wconf 85' lang='lat' dir='ltr'><strong>Nam</strong></span> <span class='ocrx_word' id='word_1_106' title='bbox 1213 1629 1259 1685; x_wconf 88' lang='lat' dir='ltr'><strong>si</strong></span> <span class='ocrx_word' id='word_1_107' title='bbox 1294 1630 1374 1686; x_wconf 90' lang='lat' dir='ltr'><strong>ibi</strong></span> <span class='ocrx_word' id='word_1_108' title='bbox 1427 1630 1696 1698; x_wconf 79' lang='lat' dir='ltr'><strong>fuissem,</strong></span> <span class='ocrx_word' id='word_1_109' title='bbox 1748 1633 1841 1688; x_wconf 92' lang='lat' dir='ltr'><strong>vel</strong></span> <span class='ocrx_word' id='word_1_110' title='bbox 1890 1649 2012 1690; x_wconf 91' lang='lat' dir='ltr'><strong>non</strong></span> <span class='ocrx_word' id='word_1_111' title='bbox 2063 1635 2201 1690; x_wconf 90' lang='lat' dir='ltr'><strong>fuis-</strong></span> 
     </span>
    </p>
   </div>
   <div class='ocr_carea' id='block_1_19' title="bbox 540 1717 2203 1793">
    <p class='ocr_par' dir='ltr' id='par_1_19' title="bbox 540 1717 2203 1793">
     <span class='ocr_line' id='line_1_19' title="bbox 540 1717 2203 1793; baseline 0.008 -26"><span class='ocrx_word' id='word_1_112' title='bbox 540 1719 628 1768; x_wconf 87' lang='lat' dir='ltr'><strong>set</strong></span> <span class='ocrx_word' id='word_1_113' title='bbox 685 1722 980 1783; x_wconf 90' lang='lat' dir='ltr'><strong>mortuus,</strong></span> <span class='ocrx_word' id='word_1_114' title='bbox 1041 1717 1136 1772; x_wconf 90' lang='lat' dir='ltr'><strong>vel</strong></span> <span class='ocrx_word' id='word_1_115' title='bbox 1206 1734 1324 1774; x_wconf 92' lang='lat' dir='ltr'><strong>non</strong></span> <span class='ocrx_word' id='word_1_116' title='bbox 1378 1724 1610 1776; x_wconf 90' lang='lat' dir='ltr'><strong>tantum</strong></span> <span class='ocrx_word' id='word_1_117' title='bbox 1671 1723 2047 1793; x_wconf 88' lang='lat' dir='ltr'><strong>apparuisset</strong></span> <span class='ocrx_word' id='word_1_118' title='bbox 2099 1726 2203 1780; x_wconf 88' lang='lat' dir='ltr'><strong>mi-</strong></span> 
     </span>
    </p>
   </div>
   <div class='ocr_carea' id='block_1_20' title="bbox 539 1801 2280 1885">
    <p class='ocr_par' dir='ltr' id='par_1_20' title="bbox 539 1801 2280 1885">
     <span class='ocr_line' id='line_1_20' title="bbox 539 1801 2280 1885; baseline 0.008 -29"><span class='ocrx_word' id='word_1_119' title='bbox 539 1801 832 1871; x_wconf 89' lang='lat' dir='ltr'><strong>raculum,</strong></span> <span class='ocrx_word' id='word_1_120' title='bbox 904 1805 987 1861; x_wconf 85' lang='lat' dir='ltr'><strong>vel</strong></span> <span class='ocrx_word' id='word_1_121' title='bbox 1047 1807 1373 1880; x_wconf 87' lang='lat' dir='ltr'><strong>suspicioni</strong></span> <span class='ocrx_word' id='word_1_122' title='bbox 1447 1808 1652 1866; x_wconf 86' lang='lat' dir='ltr'><strong>fuisset</strong></span> <span class='ocrx_word' id='word_1_123' title='bbox 1712 1810 2074 1883; x_wconf 86' lang='lat' dir='ltr'><strong>subjectum,</strong></span> <span class='ocrx_word' id='word_1_124' title='bbox 2139 1819 2202 1870; x_wconf 89' lang='lat' dir='ltr'><strong>ut</strong></span> <span class='ocrx_word' id='word_1_125' title='bbox 2241 1831 2280 1885; x_wconf 81' lang='grc' dir='ltr'>Β</span> 
     </span>
    </p>
   </div>
   <div class='ocr_carea' id='block_1_21' title="bbox 537 1892 938 1964">
    <p class='ocr_par' dir='ltr' id='par_1_21' title="bbox 537 1892 938 1964">
     <span class='ocr_line' id='line_1_21' title="bbox 537 1892 938 1964; baseline 0.002 -17"><span class='ocrx_word' id='word_1_126' title='bbox 537 1892 938 1964; x_wconf 61' lang='lat' dir='ltr'><strong>praediximus.</strong></span> 
     </span>
    </p>
   </div>
   <div class='ocr_carea' id='block_1_22' title="bbox 607 1984 2204 2062">
    <p class='ocr_par' dir='ltr' id='par_1_22' title="bbox 607 1984 2204 2062">
     <span class='ocr_line' id='line_1_22' title="bbox 607 1984 2204 2062; baseline 0.008 -26"><span class='ocrx_word' id='word_1_127' title='bbox 607 1984 771 2037; x_wconf 89' lang='lat' dir='ltr'><strong>Vers.</strong></span> <span class='ocrx_word' id='word_1_128' title='bbox 834 1986 920 2040; x_wconf 79' lang='grc'><strong>15.</strong></span> <span class='ocrx_word' id='word_1_129' title='bbox 980 1985 1099 2041; x_wconf 80' lang='lat' dir='ltr'><strong>Sed</strong></span> <span class='ocrx_word' id='word_1_130' title='bbox 1159 2018 1223 2027; x_wconf 90' lang='lat'><strong>—</strong></span> <span class='ocrx_word' id='word_1_131' title='bbox 1281 2003 1431 2044; x_wconf 88' lang='lat' dir='ltr'><strong>eum.</strong></span> <span class='ocrx_word' id='word_1_132' title='bbox 1501 1992 1581 2046; x_wconf 82' lang='lat' dir='ltr'><strong>Ne</strong></span> <span class='ocrx_word' id='word_1_133' title='bbox 1629 1990 1902 2046; x_wconf 86' lang='lat' dir='ltr'><strong>malevoli</strong></span> <span class='ocrx_word' id='word_1_134' title='bbox 1957 2007 2100 2062; x_wconf 89' lang='lat' dir='ltr'><strong>erga</strong></span> <span class='ocrx_word' id='word_1_135' title='bbox 2142 2011 2204 2049; x_wconf 86' lang='lat' dir='ltr'><strong>a-</strong></span> 
     </span>
    </p>
   </div>
   <div class='ocr_carea' id='block_1_23' title="bbox 534 2072 2201 2144">
    <p class='ocr_par' dir='ltr' id='par_1_23' title="bbox 534 2072 2201 2144">
     <span class='ocr_line' id='line_1_23' title="bbox 534 2072 2201 2144; baseline 0.008 -18"><span class='ocrx_word' id='word_1_136' title='bbox 534 2072 726 2128; x_wconf 88' lang='lat' dir='ltr'><strong>micos</strong></span> <span class='ocrx_word' id='word_1_137' title='bbox 792 2073 1122 2132; x_wconf 85' lang='lat' dir='ltr'><strong>videamur.</strong></span> <span class='ocrx_word' id='word_1_138' title='bbox 1183 2078 1307 2132; x_wconf 57' lang='lat' dir='ltr'><strong>Haec</strong></span> <span class='ocrx_word' id='word_1_139' title='bbox 1359 2084 1584 2144; x_wconf 88' lang='lat' dir='ltr'><strong>autem,</strong></span> <span class='ocrx_word' id='word_1_140' title='bbox 1665 2080 1799 2136; x_wconf 81' lang='lat' dir='ltr'><strong>Non</strong></span> <span class='ocrx_word' id='word_1_141' title='bbox 1859 2095 2022 2137; x_wconf 84' lang='lat' dir='ltr'><strong>eram</strong></span> <span class='ocrx_word' id='word_1_142' title='bbox 2099 2083 2201 2140; x_wconf 65' lang='lat' dir='ltr'><strong>ibi.</strong></span> 
     </span>
    </p>
   </div>
   <div class='ocr_carea' id='block_1_24' title="bbox 533 2162 1983 2239">
    <p class='ocr_par' dir='ltr' id='par_1_24' title="bbox 533 2162 1983 2239">
     <span class='ocr_line' id='line_1_24' title="bbox 533 2162 1983 2239; baseline 0.006 -24"><span class='ocrx_word' id='word_1_143' title='bbox 533 2164 608 2226; x_wconf 88' lang='lat' dir='ltr'><strong>et,</strong></span> <span class='ocrx_word' id='word_1_144' title='bbox 641 2162 874 2226; x_wconf 85' lang='lat' dir='ltr'><strong>Eamus,</strong></span> <span class='ocrx_word' id='word_1_145' title='bbox 908 2179 976 2219; x_wconf 90' lang='lat' dir='ltr'><strong>ac</strong></span> <span class='ocrx_word' id='word_1_146' title='bbox 1005 2163 1248 2230; x_wconf 86' lang='lat' dir='ltr'><strong>similia,</strong></span> <span class='ocrx_word' id='word_1_147' title='bbox 1285 2171 1576 2239; x_wconf 89' lang='lat' dir='ltr'><strong>tanquam</strong></span> <span class='ocrx_word' id='word_1_148' title='bbox 1607 2168 1791 2224; x_wconf 90' lang='lat' dir='ltr'><strong>homo</strong></span> <span class='ocrx_word' id='word_1_149' title='bbox 1822 2169 1983 2224; x_wconf 92' lang='lat' dir='ltr'><strong>dicit.</strong></span> 
     </span>
    </p>
   </div>
   <div class='ocr_carea' id='block_1_25' title="bbox 603 2252 2204 2331">
    <p class='ocr_par' dir='ltr' id='par_1_25' title="bbox 603 2252 2204 2331">
     <span class='ocr_line' id='line_1_25' title="bbox 603 2252 2204 2331; baseline 0.008 -28"><span class='ocrx_word' id='word_1_150' title='bbox 603 2252 763 2305; x_wconf 84' lang='lat' dir='ltr'><strong>Vers.</strong></span> <span class='ocrx_word' id='word_1_151' title='bbox 822 2256 901 2308; x_wconf 88' lang='lat' dir='ltr'><strong>t6.</strong></span> <span class='ocrx_word' id='word_1_152' title='bbox 967 2253 1131 2309; x_wconf 70' lang='lat' dir='ltr'><strong>Dixit</strong></span> <span class='ocrx_word' id='word_1_153' title='bbox 1183 2286 1253 2295; x_wconf 90' lang='lat'>—</span> <span class='ocrx_word' id='word_1_154' title='bbox 1303 2271 1389 2312; x_wconf 93' lang='lat' dir='ltr'><strong>eo.</strong></span> <span class='ocrx_word' id='word_1_155' title='bbox 1446 2262 1712 2329; x_wconf 84' lang='lat' dir='ltr'><strong>Apparet</strong></span> <span class='ocrx_word' id='word_1_156' title='bbox 1761 2258 2011 2331; x_wconf 87' lang='lat' dir='ltr'><strong>quidem</strong></span> <span class='ocrx_word' id='word_1_157' title='bbox 2072 2277 2204 2316; x_wconf 89' lang='lat' dir='ltr'><strong>ma-</strong></span> 
     </span>
    </p>
   </div>
   <div class='ocr_carea' id='block_1_26' title="bbox 530 2342 2203 2416">
    <p class='ocr_par' dir='ltr' id='par_1_26' title="bbox 530 2342 2203 2416">
     <span class='ocr_line' id='line_1_26' title="bbox 530 2342 2203 2416; baseline 0.007 -23"><span class='ocrx_word' id='word_1_158' title='bbox 530 2353 662 2409; x_wconf 66' lang='lat' dir='ltr'><strong>gnai</strong></span> <span class='ocrx_word' id='word_1_159' title='bbox 713 2355 911 2397; x_wconf 88' lang='lat' dir='ltr'><strong>sermo</strong></span> <span class='ocrx_word' id='word_1_160' title='bbox 951 2342 1246 2409; x_wconf 71' lang='lat' dir='ltr'><strong>audaciae,</strong></span> <span class='ocrx_word' id='word_1_161' title='bbox 1300 2361 1507 2400; x_wconf 89' lang='lat' dir='ltr'><strong>verum</strong></span> <span class='ocrx_word' id='word_1_162' title='bbox 1570 2347 1769 2416; x_wconf 91' lang='lat' dir='ltr'><strong>potius</strong></span> <span class='ocrx_word' id='word_1_163' title='bbox 1832 2352 1925 2403; x_wconf 90' lang='lat' dir='ltr'><strong>est</strong></span> <span class='ocrx_word' id='word_1_164' title='bbox 1986 2349 2203 2404; x_wconf 85' lang='lat' dir='ltr'><strong>timidi-</strong></span> 
     </span>
    </p>
   </div>
   <div class='ocr_carea' id='block_1_27' title="bbox 532 2428 2202 2512">
    <p class='ocr_par' dir='ltr' id='par_1_27' title="bbox 532 2428 2202 2512">
     <span class='ocr_line' id='line_1_27' title="bbox 532 2428 2202 2512; baseline 0.006 -28"><span class='ocrx_word' id='word_1_165' title='bbox 532 2428 666 2484; x_wconf 86' lang='lat' dir='ltr'><strong>tatis</strong></span> <span class='ocrx_word' id='word_1_166' title='bbox 719 2445 789 2486; x_wconf 89' lang='lat' dir='ltr'><strong>ac</strong></span> <span class='ocrx_word' id='word_1_167' title='bbox 856 2431 1263 2502; x_wconf 79' lang='lat' dir='ltr'><strong>infidelitatis;</strong></span> <span class='ocrx_word' id='word_1_168' title='bbox 1333 2433 1641 2491; x_wconf 79' lang='lat' dir='ltr'><strong>difﬁdebat</strong></span> <span class='ocrx_word' id='word_1_169' title='bbox 1711 2451 1986 2510; x_wconf 83' lang='lat' dir='ltr'><strong>namque</strong></span> <span class='ocrx_word' id='word_1_170' title='bbox 2039 2440 2202 2512; x_wconf 93' lang='lat' dir='ltr'><strong>quod</strong></span> 
     </span>
    </p>
   </div>
   <div class='ocr_carea' id='block_1_28' title="bbox 531 2519 2208 2600">
    <p class='ocr_par' dir='ltr' id='par_1_28' title="bbox 531 2519 2208 2600">
     <span class='ocr_line' id='line_1_28' title="bbox 531 2519 2208 2600; baseline 0.007 -27"><span class='ocrx_word' id='word_1_171' title='bbox 531 2534 653 2574; x_wconf 93' lang='lat' dir='ltr'><strong>non</strong></span> <span class='ocrx_word' id='word_1_172' title='bbox 723 2519 1116 2588; x_wconf 77' lang='lat' dir='ltr'><strong>offenderent,</strong></span> <span class='ocrx_word' id='word_1_173' title='bbox 1197 2530 1258 2580; x_wconf 90' lang='lat' dir='ltr'><strong>ut</strong></span> <span class='ocrx_word' id='word_1_174' title='bbox 1329 2525 1710 2596; x_wconf 74' lang='lat' dir='ltr'><strong>praedixerat,</strong></span> <span class='ocrx_word' id='word_1_175' title='bbox 1794 2533 1849 2582; x_wconf 93' lang='lat' dir='ltr'><strong>et</strong></span> <span class='ocrx_word' id='word_1_176' title='bbox 1898 2534 2208 2600; x_wconf 78' lang='lat' dir='ltr'><strong>propterea</strong></span> 
     </span>
    </p>
   </div>
   <div class='ocr_carea' id='block_1_29' title="bbox 532 2608 2207 2688">
    <p class='ocr_par' dir='ltr' id='par_1_29' title="bbox 532 2608 2207 2688">
     <span class='ocr_line' id='line_1_29' title="bbox 532 2608 2207 2688; baseline 0.007 -26"><span class='ocrx_word' id='word_1_177' title='bbox 532 2608 940 2679; x_wconf 84' lang='lat' dir='ltr'><strong>opinabantur</strong></span> <span class='ocrx_word' id='word_1_178' title='bbox 976 2627 1186 2668; x_wconf 87' lang='lat' dir='ltr'><strong>omnes</strong></span> <span class='ocrx_word' id='word_1_179' title='bbox 1233 2613 1409 2670; x_wconf 91' lang='lat' dir='ltr'><strong>simul</strong></span> <span class='ocrx_word' id='word_1_180' title='bbox 1460 2631 1599 2670; x_wconf 90' lang='lat' dir='ltr'><strong>cum</strong></span> <span class='ocrx_word' id='word_1_181' title='bbox 1629 2621 2004 2688; x_wconf 70' lang='lat' dir='ltr'><strong>praeceptore</strong></span> <span class='ocrx_word' id='word_1_182' title='bbox 2051 2618 2207 2673; x_wconf 74' lang='lat' dir='ltr'><strong>occi&#39;</strong></span> 
     </span>
    </p>
   </div>
   <div class='ocr_carea' id='block_1_30' title="bbox 534 2695 2207 2775">
    <p class='ocr_par' dir='ltr' id='par_1_30' title="bbox 534 2695 2207 2775">
     <span class='ocr_line' id='line_1_30' title="bbox 534 2695 2207 2775; baseline 0.005 -22"><span class='ocrx_word' id='word_1_183' title='bbox 534 2695 767 2753; x_wconf 89' lang='lat' dir='ltr'><strong>dendos</strong></span> <span class='ocrx_word' id='word_1_184' title='bbox 797 2715 946 2754; x_wconf 89' lang='lat' dir='ltr'><strong>esse.</strong></span> <span class='ocrx_word' id='word_1_185' title='bbox 1004 2703 1128 2756; x_wconf 78' lang='lat' dir='ltr'><strong>Non</strong></span> <span class='ocrx_word' id='word_1_186' title='bbox 1188 2707 1386 2759; x_wconf 90' lang='lat' dir='ltr'><strong>tamen</strong></span> <span class='ocrx_word' id='word_1_187' title='bbox 1451 2703 1770 2775; x_wconf 86' lang='lat' dir='ltr'><strong>increpavit</strong></span> <span class='ocrx_word' id='word_1_188' title='bbox 1831 2721 1971 2760; x_wconf 90' lang='lat' dir='ltr'><strong>eum</strong></span> <span class='ocrx_word' id='word_1_189' title='bbox 2045 2705 2207 2762; x_wconf 80' lang='lat' dir='ltr'><strong>Chri&#39;</strong></span> 
     </span>
    </p>
   </div>
   <div class='ocr_carea' id='block_1_31' title="bbox 539 2787 2210 2867">
    <p class='ocr_par' dir='ltr' id='par_1_31' title="bbox 539 2787 2210 2867">
     <span class='ocr_line' id='line_1_31' title="bbox 539 2787 2210 2867; baseline 0.006 -26"><span class='ocrx_word' id='word_1_190' title='bbox 539 2792 682 2855; x_wconf 89' lang='lat' dir='ltr'><strong>stus,</strong></span> <span class='ocrx_word' id='word_1_191' title='bbox 744 2787 1004 2844; x_wconf 89' lang='lat' dir='ltr'><strong>tolerans</strong></span> <span class='ocrx_word' id='word_1_192' title='bbox 1054 2791 1249 2846; x_wconf 85' lang='lat' dir='ltr'><strong>adhuc</strong></span> <span class='ocrx_word' id='word_1_193' title='bbox 1307 2793 1434 2862; x_wconf 90' lang='lat' dir='ltr'><strong>ejus</strong></span> <span class='ocrx_word' id='word_1_194' title='bbox 1481 2792 1969 2850; x_wconf 88' lang='lat' dir='ltr'><strong>imbecillitatem.</strong></span> <span class='ocrx_word' id='word_1_195' title='bbox 2029 2795 2210 2867; x_wconf 87' lang='lat' dir='ltr'><strong>Didy_</strong></span> 
     </span>
    </p>
   </div>
   <div class='ocr_carea' id='block_1_32' title="bbox 539 2880 2204 2955">
    <p class='ocr_par' dir='ltr' id='par_1_32' title="bbox 539 2880 2204 2955">
     <span class='ocr_line' id='line_1_32' title="bbox 539 2880 2204 2955; baseline 0.008 -27"><span class='ocrx_word' id='word_1_196' title='bbox 539 2891 674 2929; x_wconf 88' lang='lat' dir='ltr'><strong>mus</strong></span> <span class='ocrx_word' id='word_1_197' title='bbox 708 2892 846 2932; x_wconf 92' lang='lat' dir='ltr'><strong>vero</strong></span> <span class='ocrx_word' id='word_1_198' title='bbox 899 2880 1069 2950; x_wconf 88' lang='lat' dir='ltr'><strong>quasi</strong></span> <span class='ocrx_word' id='word_1_199' title='bbox 1123 2880 1401 2947; x_wconf 90' lang='lat' dir='ltr'><strong>geminus</strong></span> <span class='ocrx_word' id='word_1_200' title='bbox 1445 2881 1780 2948; x_wconf 89' lang='lat' dir='ltr'><strong>dicebatur,</strong></span> <span class='ocrx_word' id='word_1_201' title='bbox 1825 2884 1986 2955; x_wconf 90' lang='lat' dir='ltr'><strong>quod</strong></span> <span class='ocrx_word' id='word_1_202' title='bbox 2029 2885 2204 2952; x_wconf 81' lang='lat' dir='ltr'><strong>simu]</strong></span> 
     </span>
    </p>
   </div>
   <div class='ocr_carea' id='block_1_33' title="bbox 537 2963 1277 3022">
    <p class='ocr_par' dir='ltr' id='par_1_33' title="bbox 537 2963 1277 3022">
     <span class='ocr_line' id='line_1_33' title="bbox 537 2963 1277 3022; baseline 0.003 -5"><span class='ocrx_word' id='word_1_203' title='bbox 537 2979 672 3018; x_wconf 90' lang='lat' dir='ltr'><strong>cum</strong></span> <span class='ocrx_word' id='word_1_204' title='bbox 703 2963 880 3020; x_wconf 88' lang='lat' dir='ltr'><strong>fratre</strong></span> <span class='ocrx_word' id='word_1_205' title='bbox 905 2973 1078 3020; x_wconf 89' lang='lat' dir='ltr'><strong>natus</strong></span> <span class='ocrx_word' id='word_1_206' title='bbox 1101 2973 1277 3022; x_wconf 87' lang='lat' dir='ltr'><strong>esset.</strong></span> 
     </span>
    </p>
   </div>
   <div class='ocr_carea' id='block_1_34' title="bbox 609 3019 2206 3134">
    <p class='ocr_par' dir='ltr' id='par_1_34' title="bbox 609 3019 2206 3134">
     <span class='ocr_line' id='line_1_34' title="bbox 609 3019 2206 3134; baseline 0.008 -30"><span class='ocrx_word' id='word_1_207' title='bbox 609 3053 776 3107; x_wconf 90' lang='lat' dir='ltr'><strong>Vers.</strong></span> <span class='ocrx_word' id='word_1_208' title='bbox 815 3019 1081 3110; x_wconf 11' lang='lat' dir='ltr'><strong>177.770um</strong></span> <span class='ocrx_word' id='word_1_209' title='bbox 1111 3057 1300 3126; x_wconf 80' lang='lat' dir='ltr'><strong>igitur</strong></span> <span class='ocrx_word' id='word_1_210' title='bbox 1323 3058 1574 3114; x_wconf 75' lang='lat' dir='ltr'><strong>venisset</strong></span> <span class='ocrx_word' id='word_1_211' title='bbox 1607 3090 1674 3098; x_wconf 98' lang='lat'><strong>—</strong></span> <span class='ocrx_word' id='word_1_212' title='bbox 1709 3019 2032 3129; x_wconf 60' lang='lat' dir='ltr'><strong>sepultum.</strong></span> <span class='ocrx_word' id='word_1_213' title='bbox 2077 3064 2206 3134; x_wconf 87' lang='lat' dir='ltr'><strong>Ipse</strong></span> 
     </span>
    </p>
   </div>
   <div class='ocr_carea' id='block_1_35' title="bbox 2313 557 2856 632">
    <p class='ocr_par' dir='ltr' id='par_1_35' title="bbox 2313 557 2856 632">
     <span class='ocr_line' id='line_1_35' title="bbox 2313 557 2856 632; baseline 0.004 -22"><span class='ocrx_word' id='word_1_214' title='bbox 2313 557 2527 612; x_wconf 80' lang='grc' dir='ltr'>ϐάλοντο</span> <span class='ocrx_word' id='word_1_215' title='bbox 2557 564 2644 612; x_wconf 83' lang='grc' dir='ltr'><strong>τόν</strong></span> <span class='ocrx_word' id='word_1_216' title='bbox 2674 559 2832 632; x_wconf 77' lang='grc' dir='ltr'>φόϐον</span> <span class='ocrx_word' id='word_1_217' title='bbox 2844 605 2856 617; x_wconf 91' lang='grc'><strong>.</strong></span> 
     </span>
    </p>
   </div>
   <div class='ocr_carea' id='block_1_36' title="bbox 2380 734 4013 813">
    <p class='ocr_par' dir='ltr' id='par_1_36' title="bbox 2380 734 4013 813">
     <span class='ocr_line' id='line_1_36' title="bbox 2380 734 4013 813; baseline 0.001 -23"><span class='ocrx_word' id='word_1_218' title='bbox 2380 741 2449 790; x_wconf 88' lang='grc' dir='ltr'>Τό</span> <span class='ocrx_word' id='word_1_219' title='bbox 2483 734 2562 802; x_wconf 68' lang='grc' dir='ltr'><strong>δὲ,</strong></span> <span class='ocrx_word' id='word_1_220' title='bbox 2591 737 2701 791; x_wconf 81' lang='grc' dir='ltr'>Ἵνα</span> <span class='ocrx_word' id='word_1_221' title='bbox 2740 739 3000 802; x_wconf 73' lang='grc' dir='ltr'><strong>ἐξυπνίσω</strong></span> <span class='ocrx_word' id='word_1_222' title='bbox 3031 739 3209 804; x_wconf 80' lang='grc' dir='ltr'>αὐτὸν,</span> <span class='ocrx_word' id='word_1_223' title='bbox 3252 740 3312 792; x_wconf 87' lang='grc' dir='ltr'><strong>τό</strong></span> <span class='ocrx_word' id='word_1_224' title='bbox 3353 736 3544 813; x_wconf 78' lang='grc' dir='ltr'>ῥᾴδιον</span> <span class='ocrx_word' id='word_1_225' title='bbox 3573 749 3684 801; x_wconf 78' lang='grc' dir='ltr'>τῆς</span> <span class='ocrx_word' id='word_1_226' title='bbox 3725 744 4013 792; x_wconf 57' lang='lat' dir='ltr'><strong>arcersi-</strong></span> 
     </span>
    </p>
   </div>
   <div class='ocr_carea' id='block_1_37' title="bbox 2311 825 4008 900">
    <p class='ocr_par' dir='ltr' id='par_1_37' title="bbox 2311 825 4008 900">
     <span class='ocr_line' id='line_1_37' title="bbox 2311 825 4008 900; baseline 0.001 -22"><span class='ocrx_word' id='word_1_227' title='bbox 2311 845 2439 888; x_wconf 81' lang='grc' dir='ltr'>σεως</span> <span class='ocrx_word' id='word_1_228' title='bbox 2466 829 2760 900; x_wconf 74' lang='grc' dir='ltr'>ὑποφαίνει.</span> <span class='ocrx_word' id='word_1_229' title='bbox 2804 825 2948 881; x_wconf 83' lang='grc' dir='ltr'><strong>Ἔδει</strong></span> <span class='ocrx_word' id='word_1_230' title='bbox 2979 825 3038 881; x_wconf 75' lang='grc' dir='ltr'><strong>δὲ</strong></span> <span class='ocrx_word' id='word_1_231' title='bbox 3070 828 3256 890; x_wconf 65' lang='grc' dir='ltr'>αὐτοὺς</span> <span class='ocrx_word' id='word_1_232' title='bbox 3282 827 3508 881; x_wconf 75' lang='grc' dir='ltr'>ἐντεῦθεν</span> <span class='ocrx_word' id='word_1_233' title='bbox 3530 837 3674 900; x_wconf 71' lang='grc' dir='ltr'>γοῦν</span> <span class='ocrx_word' id='word_1_234' title='bbox 3724 837 4008 882; x_wconf 68' lang='grc' dir='ltr'>συνιέναι</span> 
     </span>
    </p>
   </div>
   <div class='ocr_carea' id='block_1_38' title="bbox 2307 916 4000 991">
    <p class='ocr_par' dir='ltr' id='par_1_38' title="bbox 2307 916 4000 991">
     <span class='ocr_line' id='line_1_38' title="bbox 2307 916 4000 991; baseline 0.001 -23"><span class='ocrx_word' id='word_1_235' title='bbox 2307 917 2388 968; x_wconf 86' lang='grc' dir='ltr'>ὃτι</span> <span class='ocrx_word' id='word_1_236' title='bbox 2415 921 2531 989; x_wconf 86' lang='grc' dir='ltr'>περὶ</span> <span class='ocrx_word' id='word_1_237' title='bbox 2561 925 2648 970; x_wconf 74' lang='grc' dir='ltr'><strong>τοί</strong></span> <span class='ocrx_word' id='word_1_238' title='bbox 2679 919 2898 970; x_wconf 82' lang='grc' dir='ltr'>θανάτοῦ</span> <span class='ocrx_word' id='word_1_239' title='bbox 2929 922 3019 970; x_wconf 83' lang='grc' dir='ltr'>καὶ</span> <span class='ocrx_word' id='word_1_240' title='bbox 3072 925 3166 980; x_wconf 78' lang='grc' dir='ltr'>τῆς</span> <span class='ocrx_word' id='word_1_241' title='bbox 3206 916 3547 980; x_wconf 76' lang='grc' dir='ltr'><strong>ἀναστάσεως</strong></span> <span class='ocrx_word' id='word_1_242' title='bbox 3580 919 3790 970; x_wconf 77' lang='grc' dir='ltr'>αὐτου</span> <span class='ocrx_word' id='word_1_243' title='bbox 3828 938 4000 991; x_wconf 66' lang='grc' dir='ltr'>φησι,</span> 
     </span>
    </p>
   </div>
   <div class='ocr_carea' id='block_1_39' title="bbox 2307 1003 4002 1082">
    <p class='ocr_par' dir='ltr' id='par_1_39' title="bbox 2307 1003 4002 1082">
     <span class='ocr_line' id='line_1_39' title="bbox 2307 1003 4002 1082; baseline 0.001 -24"><span class='ocrx_word' id='word_1_244' title='bbox 2307 1004 2450 1078; x_wconf 76' lang='grc' dir='ltr'><strong>[Πῶς</strong></span> <span class='ocrx_word' id='word_1_245' title='bbox 2483 1006 2594 1076; x_wconf 73' lang='grc'>(26)</span> <span class='ocrx_word' id='word_1_246' title='bbox 2625 1010 2726 1080; x_wconf 72' lang='grc' dir='ltr'><strong>γὰρ</strong></span> <span class='ocrx_word' id='word_1_247' title='bbox 2763 1005 2822 1058; x_wconf 81' lang='grc' dir='ltr'><strong>ἀν</strong></span> <span class='ocrx_word' id='word_1_248' title='bbox 2875 1006 3046 1079; x_wconf 74' lang='grc' dir='ltr'>ἔμελλε</span> <span class='ocrx_word' id='word_1_249' title='bbox 3087 1009 3400 1082; x_wconf 77' lang='grc' dir='ltr'>πορεύεσθαι</span> <span class='ocrx_word' id='word_1_250' title='bbox 3429 1003 3640 1060; x_wconf 87' lang='grc' dir='ltr'>στάδια</span> <span class='ocrx_word' id='word_1_251' title='bbox 3671 1026 4002 1060; x_wconf 72' lang='grc' dir='ltr'>πεντεκιι·</span> 
     </span>
    </p>
   </div>
   <div class='ocr_carea' id='block_1_40' title="bbox 2309 1091 4001 1169">
    <p class='ocr_par' dir='ltr' id='par_1_40' title="bbox 2309 1091 4001 1169">
     <span class='ocr_line' id='line_1_40' title="bbox 2309 1091 4001 1169; baseline 0.002 -23"><span class='ocrx_word' id='word_1_252' title='bbox 2309 1091 2454 1165; x_wconf 80' lang='grc' dir='ltr'>δεκα,</span> <span class='ocrx_word' id='word_1_253' title='bbox 2481 1097 2615 1148; x_wconf 82' lang='grc' dir='ltr'>ὥστε</span> <span class='ocrx_word' id='word_1_254' title='bbox 2645 1094 2918 1158; x_wconf 75' lang='grc' dir='ltr'>ἐξυπνίσαι</span> <span class='ocrx_word' id='word_1_255' title='bbox 2950 1095 3105 1148; x_wconf 77' lang='grc' dir='ltr'>αὐτόν</span> <span class='ocrx_word' id='word_1_256' title='bbox 3135 1115 3148 1164; x_wconf 90' lang='grc'><strong>;</strong></span> <span class='ocrx_word' id='word_1_257' title='bbox 3193 1096 3328 1150; x_wconf 79' lang='grc' dir='ltr'>Ἀλλ’</span> <span class='ocrx_word' id='word_1_258' title='bbox 3354 1102 3605 1169; x_wconf 79' lang='grc' dir='ltr'>ενόμισαν</span> <span class='ocrx_word' id='word_1_259' title='bbox 3630 1100 3925 1169; x_wconf 70' lang='grc' dir='ltr'>αἴνιγμά</span> <span class='ocrx_word' id='word_1_260' title='bbox 3955 1117 4001 1149; x_wconf 82' lang='grc' dir='ltr'><strong>τι</strong></span> 
     </span>
    </p>
   </div>
   <div class='ocr_carea' id='block_1_41' title="bbox 2308 1180 2979 1258">
    <p class='ocr_par' dir='ltr' id='par_1_41' title="bbox 2308 1180 2979 1258">
     <span class='ocr_line' id='line_1_41' title="bbox 2308 1180 2979 1258; baseline 0.006 -23"><span class='ocrx_word' id='word_1_261' title='bbox 2308 1180 2457 1251; x_wconf 83' lang='grc' dir='ltr'>εἶναι,</span> <span class='ocrx_word' id='word_1_262' title='bbox 2487 1186 2572 1237; x_wconf 85' lang='grc' dir='ltr'>οἷα</span> <span class='ocrx_word' id='word_1_263' title='bbox 2596 1184 2759 1238; x_wconf 89' lang='grc' dir='ltr'>πολλά</span> <span class='ocrx_word' id='word_1_264' title='bbox 2786 1183 2979 1258; x_wconf 55' lang='lat' dir='ltr'><strong>aqu]</strong></span> 
     </span>
    </p>
   </div>
   <div class='ocr_carea' id='block_1_42' title="bbox 2378 1273 3342 1348">
    <p class='ocr_par' dir='ltr' id='par_1_42' title="bbox 2378 1273 3342 1348">
     <span class='ocr_line' id='line_1_42' title="bbox 2378 1273 3342 1348; baseline 0.005 -23"><span class='ocrx_word' id='word_1_265' title='bbox 2378 1279 2502 1326; x_wconf 87' lang='grc' dir='ltr'>Τότε</span> <span class='ocrx_word' id='word_1_266' title='bbox 2529 1305 2594 1313; x_wconf 89' lang='grc'><strong>-</strong></span> <span class='ocrx_word' id='word_1_267' title='bbox 2625 1273 2916 1348; x_wconf 75' lang='grc' dir='ltr'>παρρησίᾳ.</span> <span class='ocrx_word' id='word_1_268' title='bbox 2948 1279 3177 1348; x_wconf 65' lang='grc' dir='ltr'>Φανερᾱκ</span> <span class='ocrx_word' id='word_1_269' title='bbox 3202 1276 3342 1345; x_wconf 77' lang='lat'><strong>(&#39;27).</strong></span> 
     </span>
    </p>
   </div>
   <div class='ocr_carea' id='block_1_43' title="bbox 2383 1363 3990 1437">
    <p class='ocr_par' dir='ltr' id='par_1_43' title="bbox 2383 1363 3990 1437">
     <span class='ocr_line' id='line_1_43' title="bbox 2383 1363 3990 1437; baseline 0.001 -22"><span class='ocrx_word' id='word_1_270' title='bbox 2383 1363 2624 1437; x_wconf 75' lang='grc' dir='ltr'><strong>Λάζαρος</strong></span> <span class='ocrx_word' id='word_1_271' title='bbox 2678 1394 2744 1404; x_wconf 92' lang='lat'><strong>—</strong></span> <span class='ocrx_word' id='word_1_272' title='bbox 2775 1369 2898 1417; x_wconf 74' lang='grc' dir='ltr'>ἐκεῖ.</span> <span class='ocrx_word' id='word_1_273' title='bbox 2953 1369 3053 1417; x_wconf 74' lang='grc' dir='ltr'><strong>Καὶ</strong></span> <span class='ocrx_word' id='word_1_274' title='bbox 3099 1368 3277 1437; x_wconf 84' lang='grc' dir='ltr'>χαίρω</span> <span class='ocrx_word' id='word_1_275' title='bbox 3332 1365 3412 1416; x_wconf 88' lang='grc' dir='ltr'>ὅτι</span> <span class='ocrx_word' id='word_1_276' title='bbox 3474 1363 3571 1416; x_wconf 66' lang='grc' dir='ltr'>οὐκ</span> <span class='ocrx_word' id='word_1_277' title='bbox 3630 1369 3816 1436; x_wconf 71' lang='grc' dir='ltr'>ἤμην</span> <span class='ocrx_word' id='word_1_278' title='bbox 3855 1364 3990 1417; x_wconf 74' lang='grc' dir='ltr'><strong>ἐκεῖ,</strong></span> 
     </span>
    </p>
   </div>
   <div class='ocr_carea' id='block_1_44' title="bbox 2311 1448 3993 1526">
    <p class='ocr_par' dir='ltr' id='par_1_44' title="bbox 2311 1448 3993 1526">
     <span class='ocr_line' id='line_1_44' title="bbox 2311 1448 3993 1526; baseline -0.001 -21"><span class='ocrx_word' id='word_1_279' title='bbox 2311 1457 2492 1526; x_wconf 80' lang='grc' dir='ltr'><strong>Χαίρω</strong></span> <span class='ocrx_word' id='word_1_280' title='bbox 2523 1448 2582 1504; x_wconf 73' lang='grc' dir='ltr'><strong>δὲ</strong></span> <span class='ocrx_word' id='word_1_281' title='bbox 2609 1448 2686 1505; x_wconf 86' lang='grc' dir='ltr'><strong>δι’</strong></span> <span class='ocrx_word' id='word_1_282' title='bbox 2714 1454 2866 1524; x_wconf 81' lang='grc' dir='ltr'>ὑμᾶς,</span> <span class='ocrx_word' id='word_1_283' title='bbox 2922 1453 3006 1505; x_wconf 79' lang='grc' dir='ltr'>ἵνα</span> <span class='ocrx_word' id='word_1_284' title='bbox 3046 1456 3369 1511; x_wconf 77' lang='grc' dir='ltr'><strong>πιστεύσητε</strong></span> <span class='ocrx_word' id='word_1_285' title='bbox 3419 1452 3596 1519; x_wconf 76' lang='grc' dir='ltr'>πλέον,</span> <span class='ocrx_word' id='word_1_286' title='bbox 3622 1455 3782 1506; x_wconf 75' lang='grc' dir='ltr'>ὅταν</span> <span class='ocrx_word' id='word_1_287' title='bbox 3819 1451 3993 1511; x_wconf 67' lang='grc' dir='ltr'>ἴδητε</span> 
     </span>
    </p>
   </div>
   <div class='ocr_carea' id='block_1_45' title="bbox 2311 1539 3984 1616">
    <p class='ocr_par' dir='ltr' id='par_1_45' title="bbox 2311 1539 3984 1616">
     <span class='ocr_line' id='line_1_45' title="bbox 2311 1539 3984 1616; baseline 0.002 -23"><span class='ocrx_word' id='word_1_288' title='bbox 2311 1541 2466 1594; x_wconf 79' lang='grc' dir='ltr'>αὑτὸν</span> <span class='ocrx_word' id='word_1_289' title='bbox 2493 1539 2846 1614; x_wconf 88' lang='grc' dir='ltr'>ἀνιστάμενον.</span> <span class='ocrx_word' id='word_1_290' title='bbox 2873 1542 2932 1594; x_wconf 86' lang='grc' dir='ltr'>Εἰ</span> <span class='ocrx_word' id='word_1_291' title='bbox 2951 1545 3053 1616; x_wconf 76' lang='grc' dir='ltr'><strong>γὰρ</strong></span> <span class='ocrx_word' id='word_1_292' title='bbox 3077 1539 3138 1600; x_wconf 73' lang='grc' dir='ltr'>ἦν</span> <span class='ocrx_word' id='word_1_293' title='bbox 3162 1541 3282 1607; x_wconf 74' lang='grc' dir='ltr'>ἐκεῖ,</span> <span class='ocrx_word' id='word_1_294' title='bbox 3316 1543 3347 1600; x_wconf 72' lang='grc' dir='ltr'><strong><em>ἦ</em></strong></span> <span class='ocrx_word' id='word_1_295' title='bbox 3377 1541 3470 1594; x_wconf 75' lang='grc' dir='ltr'>οὐκ</span> <span class='ocrx_word' id='word_1_296' title='bbox 3487 1541 3546 1593; x_wconf 78' lang='grc' dir='ltr'><strong>ἀν</strong></span> <span class='ocrx_word' id='word_1_297' title='bbox 3581 1544 3915 1607; x_wconf 72' lang='grc' dir='ltr'>ἀπέθανεν,</span> <span class='ocrx_word' id='word_1_298' title='bbox 3958 1544 3984 1600; x_wconf 72' lang='grc' dir='ltr'><strong>ἑ</strong></span> 
     </span>
    </p>
   </div>
   <div class='ocr_carea' id='block_1_46' title="bbox 2313 1629 3986 1704">
    <p class='ocr_par' dir='ltr' id='par_1_46' title="bbox 2313 1629 3986 1704">
     <span class='ocr_line' id='line_1_46' title="bbox 2313 1629 3986 1704; baseline 0.002 -20"><span class='ocrx_word' id='word_1_299' title='bbox 2313 1631 2406 1684; x_wconf 73' lang='grc' dir='ltr'>οὐκ</span> <span class='ocrx_word' id='word_1_300' title='bbox 2437 1629 2496 1682; x_wconf 83' lang='grc' dir='ltr'><strong>ἃν</strong></span> <span class='ocrx_word' id='word_1_301' title='bbox 2541 1629 2844 1688; x_wconf 85' lang='grc' dir='ltr'>τηλικοῦτον</span> <span class='ocrx_word' id='word_1_302' title='bbox 2903 1633 3060 1703; x_wconf 69' lang='grc' dir='ltr'>ἐφάνη</span> <span class='ocrx_word' id='word_1_303' title='bbox 3092 1635 3150 1684; x_wconf 88' lang='grc' dir='ltr'>τὸ</span> <span class='ocrx_word' id='word_1_304' title='bbox 3184 1633 3377 1704; x_wconf 80' lang='grc' dir='ltr'>θαῦμα,</span> <span class='ocrx_word' id='word_1_305' title='bbox 3425 1632 3455 1690; x_wconf 79' lang='grc' dir='ltr'><strong>ἣ</strong></span> <span class='ocrx_word' id='word_1_306' title='bbox 3487 1636 3580 1684; x_wconf 79' lang='grc' dir='ltr'>καὶ</span> <span class='ocrx_word' id='word_1_307' title='bbox 3607 1633 3986 1688; x_wconf 64' lang='grc' dir='ltr'>ὑπωπτεύθη</span> 
     </span>
    </p>
   </div>
   <div class='ocr_carea' id='block_1_47' title="bbox 2314 1723 2920 1798">
    <p class='ocr_par' dir='ltr' id='par_1_47' title="bbox 2314 1723 2920 1798">
     <span class='ocr_line' id='line_1_47' title="bbox 2314 1723 2920 1798; baseline 0.002 -24"><span class='ocrx_word' id='word_1_308' title='bbox 2314 1723 2394 1795; x_wconf 74' lang='grc' dir='ltr'><strong>ἂν,</strong></span> <span class='ocrx_word' id='word_1_309' title='bbox 2419 1725 2489 1786; x_wconf 85' lang='grc' dir='ltr'>ὡς</span> <span class='ocrx_word' id='word_1_310' title='bbox 2518 1728 2920 1798; x_wconf 74' lang='grc' dir='ltr'><strong>προειρήκαμεν.</strong></span> 
     </span>
    </p>
   </div>
   <div class='ocr_carea' id='block_1_48' title="bbox 2388 1985 3982 2065">
    <p class='ocr_par' dir='ltr' id='par_1_48' title="bbox 2388 1985 3982 2065">
     <span class='ocr_line' id='line_1_48' title="bbox 2388 1985 3982 2065; baseline 0 -21"><span class='ocrx_word' id='word_1_311' title='bbox 2388 1989 2522 2044; x_wconf 79' lang='grc' dir='ltr'>’Δλλ⁹</span> <span class='ocrx_word' id='word_1_312' title='bbox 2549 2019 2614 2030; x_wconf 88' lang='grc'><strong><em>--</em></strong></span> <span class='ocrx_word' id='word_1_313' title='bbox 2643 1989 2813 2043; x_wconf 79' lang='grc' dir='ltr'>αὐτόν.</span> <span class='ocrx_word' id='word_1_314' title='bbox 2841 1989 2950 2044; x_wconf 81' lang='grc' dir='ltr'>Ἰνα</span> <span class='ocrx_word' id='word_1_315' title='bbox 2982 1993 3053 2061; x_wconf 77' lang='grc' dir='ltr'>μὴ</span> <span class='ocrx_word' id='word_1_316' title='bbox 3089 1985 3319 2061; x_wconf 76' lang='grc' dir='ltr'><strong>δόξωμεν</strong></span> <span class='ocrx_word' id='word_1_317' title='bbox 3350 1987 3768 2065; x_wconf 61' lang='grc' dir='ltr'>ἐψιλόστοργοε.</span> <span class='ocrx_word' id='word_1_318' title='bbox 3799 1995 3886 2044; x_wconf 88' lang='grc' dir='ltr'><strong>Τό</strong></span> <span class='ocrx_word' id='word_1_319' title='bbox 3917 1988 3982 2044; x_wconf 77' lang='grc' dir='ltr'><strong>δὲ</strong></span> 
     </span>
    </p>
   </div>
   <div class='ocr_carea' id='block_1_49' title="bbox 2317 2080 3980 2153">
    <p class='ocr_par' dir='ltr' id='par_1_49' title="bbox 2317 2080 3980 2153">
     <span class='ocr_line' id='line_1_49' title="bbox 2317 2080 3980 2153; baseline -0.001 -21"><span class='ocrx_word' id='word_1_320' title='bbox 2317 2080 2428 2132; x_wconf 74' lang='grc' dir='ltr'>Οὐκ</span> <span class='ocrx_word' id='word_1_321' title='bbox 2457 2083 2618 2150; x_wconf 76' lang='grc' dir='ltr'>ἤμην,</span> <span class='ocrx_word' id='word_1_322' title='bbox 2642 2084 2730 2131; x_wconf 82' lang='grc' dir='ltr'>καὶ</span> <span class='ocrx_word' id='word_1_323' title='bbox 2760 2083 2818 2130; x_wconf 88' lang='grc' dir='ltr'>τὸ</span> <span class='ocrx_word' id='word_1_324' title='bbox 2855 2084 3114 2151; x_wconf 65' lang='grc' dir='ltr'>Ἄγωμεν,</span> <span class='ocrx_word' id='word_1_325' title='bbox 3147 2085 3236 2130; x_wconf 78' lang='grc' dir='ltr'>καὶ</span> <span class='ocrx_word' id='word_1_326' title='bbox 3264 2083 3330 2130; x_wconf 85' lang='grc' dir='ltr'><strong>τά</strong></span> <span class='ocrx_word' id='word_1_327' title='bbox 3355 2086 3592 2146; x_wconf 82' lang='grc' dir='ltr'>τοιαῦτα,</span> <span class='ocrx_word' id='word_1_328' title='bbox 3639 2082 3714 2142; x_wconf 81' lang='grc' dir='ltr'><strong>ὡς</strong></span> <span class='ocrx_word' id='word_1_329' title='bbox 3746 2082 3980 2153; x_wconf 77' lang='grc' dir='ltr'>ἅνθρω-</span> 
     </span>
    </p>
   </div>
   <div class='ocr_carea' id='block_1_50' title="bbox 2315 2168 2598 2239">
    <p class='ocr_par' dir='ltr' id='par_1_50' title="bbox 2315 2168 2598 2239">
     <span class='ocr_line' id='line_1_50' title="bbox 2315 2168 2598 2239; baseline 0.014 -19"><span class='ocrx_word' id='word_1_330' title='bbox 2315 2187 2411 2228; x_wconf 88' lang='grc' dir='ltr'><strong>πος</strong></span> <span class='ocrx_word' id='word_1_331' title='bbox 2439 2168 2598 2239; x_wconf 70' lang='grc' dir='ltr'>λέγει.</span> 
     </span>
    </p>
   </div>
   <div class='ocr_carea' id='block_1_51' title="bbox 2389 2253 3971 2330">
    <p class='ocr_par' dir='ltr' id='par_1_51' title="bbox 2389 2253 3971 2330">
     <span class='ocr_line' id='line_1_51' title="bbox 2389 2253 3971 2330; baseline -0.001 -20"><span class='ocrx_word' id='word_1_332' title='bbox 2389 2253 2537 2310; x_wconf 80' lang='grc' dir='ltr'>Εἶπεν</span> <span class='ocrx_word' id='word_1_333' title='bbox 2569 2287 2632 2296; x_wconf 92' lang='lat'><strong><em>—</em></strong></span> <span class='ocrx_word' id='word_1_334' title='bbox 2663 2256 2844 2310; x_wconf 76' lang='grc' dir='ltr'>αὑτοῦ.</span> <span class='ocrx_word' id='word_1_335' title='bbox 2905 2264 3051 2309; x_wconf 87' lang='grc' dir='ltr'>Δοκεῖ</span> <span class='ocrx_word' id='word_1_336' title='bbox 3078 2261 3169 2330; x_wconf 66' lang='grc' dir='ltr'>μὲν</span> <span class='ocrx_word' id='word_1_337' title='bbox 3206 2256 3475 2328; x_wconf 78' lang='grc' dir='ltr'><strong>εὐτολμίας</strong></span> <span class='ocrx_word' id='word_1_338' title='bbox 3526 2258 3552 2308; x_wconf 91' lang='grc' dir='ltr'><strong>ό</strong></span> <span class='ocrx_word' id='word_1_339' title='bbox 3606 2256 3804 2329; x_wconf 69' lang='grc' dir='ltr'>λόγος,</span> <span class='ocrx_word' id='word_1_340' title='bbox 3843 2262 3971 2312; x_wconf 81' lang='grc' dir='ltr'>ἔστι</span> 
     </span>
    </p>
   </div>
   <div class='ocr_carea' id='block_1_52' title="bbox 2319 2342 3964 2421">
    <p class='ocr_par' dir='ltr' id='par_1_52' title="bbox 2319 2342 3964 2421">
     <span class='ocr_line' id='line_1_52' title="bbox 2319 2342 3964 2421; baseline 0.001 -23"><span class='ocrx_word' id='word_1_341' title='bbox 2319 2342 2378 2398; x_wconf 69' lang='grc' dir='ltr'><strong>δε</strong></span> <span class='ocrx_word' id='word_1_342' title='bbox 2416 2345 2603 2416; x_wconf 82' lang='grc' dir='ltr'>μᾶλλον</span> <span class='ocrx_word' id='word_1_343' title='bbox 2650 2343 2845 2408; x_wconf 83' lang='grc' dir='ltr'><strong>δειλίας</strong></span> <span class='ocrx_word' id='word_1_344' title='bbox 2875 2350 2963 2397; x_wconf 85' lang='grc' dir='ltr'>καὶ</span> <span class='ocrx_word' id='word_1_345' title='bbox 2993 2344 3262 2407; x_wconf 82' lang='grc' dir='ltr'><strong>ἀπιστίας.</strong></span> <span class='ocrx_word' id='word_1_346' title='bbox 3316 2346 3556 2398; x_wconf 87' lang='grc' dir='ltr'>Ἠπίστει</span> <span class='ocrx_word' id='word_1_347' title='bbox 3581 2349 3693 2421; x_wconf 73' lang='grc' dir='ltr'><strong>γὰρ</strong></span> <span class='ocrx_word' id='word_1_348' title='bbox 3749 2349 3850 2399; x_wconf 83' lang='grc' dir='ltr'>ὅτι</span> <span class='ocrx_word' id='word_1_349' title='bbox 3902 2349 3964 2399; x_wconf 68' lang='grc' dir='ltr'>οὐ</span> 
     </span>
    </p>
   </div>
   <div class='ocr_carea' id='block_1_53' title="bbox 2315 2432 3962 2508">
    <p class='ocr_par' dir='ltr' id='par_1_53' title="bbox 2315 2432 3962 2508">
     <span class='ocr_line' id='line_1_53' title="bbox 2315 2432 3962 2508; baseline 0 -20"><span class='ocrx_word' id='word_1_350' title='bbox 2315 2435 2732 2507; x_wconf 73' lang='grc' dir='ltr'>προσκόψουσιν,</span> <span class='ocrx_word' id='word_1_351' title='bbox 2793 2438 2862 2497; x_wconf 79' lang='grc' dir='ltr'>ὡς</span> <span class='ocrx_word' id='word_1_352' title='bbox 2907 2443 3138 2502; x_wconf 84' lang='grc' dir='ltr'>προεῖπε,</span> <span class='ocrx_word' id='word_1_353' title='bbox 3186 2432 3396 2488; x_wconf 83' lang='grc' dir='ltr'>καὶδιά</span> <span class='ocrx_word' id='word_1_354' title='bbox 3421 2443 3576 2488; x_wconf 78' lang='grc' dir='ltr'>τοῦτο</span> <span class='ocrx_word' id='word_1_355' title='bbox 3618 2433 3962 2508; x_wconf 72' lang='grc' dir='ltr'>προσεδόκα</span> 
     </span>
    </p>
   </div>
   <div class='ocr_carea' id='block_1_54' title="bbox 3459 2531 3957 2598">
    <p class='ocr_par' dir='ltr' id='par_1_54' title="bbox 3459 2531 3957 2598">
     <span class='ocr_line' id='line_1_54' title="bbox 3459 2531 3957 2598; baseline 0.004 -22"><span class='ocrx_word' id='word_1_356' title='bbox 3459 2540 3473 2552; x_wconf 76' lang='grc'><strong><em>⁸</em></strong></span> <span class='ocrx_word' id='word_1_357' title='bbox 3511 2531 3610 2577; x_wconf 72' lang='grc' dir='ltr'>οὐκ</span> <span class='ocrx_word' id='word_1_358' title='bbox 3643 2531 3957 2598; x_wconf 72' lang='grc' dir='ltr'>ἐπετίμησε</span> 
     </span>
    </p>
   </div>
   <div class='ocr_carea' id='block_1_55' title="bbox 2320 2610 3948 2688">
    <p class='ocr_par' dir='ltr' id='par_1_55' title="bbox 2320 2610 3948 2688">
     <span class='ocr_line' id='line_1_55' title="bbox 2320 2610 3948 2688; baseline 0.001 -23"><span class='ocrx_word' id='word_1_359' title='bbox 2320 2610 2379 2666; x_wconf 73' lang='grc' dir='ltr'><strong>δε</strong></span> <span class='ocrx_word' id='word_1_360' title='bbox 2400 2613 2539 2683; x_wconf 75' lang='grc' dir='ltr'>αὐτῷ</span> <span class='ocrx_word' id='word_1_361' title='bbox 2563 2615 2589 2666; x_wconf 88' lang='grc' dir='ltr'><strong>ό</strong></span> <span class='ocrx_word' id='word_1_362' title='bbox 2622 2617 2874 2688; x_wconf 79' lang='grc' dir='ltr'>Χριστός,</span> <span class='ocrx_word' id='word_1_363' title='bbox 2903 2610 2937 2666; x_wconf 87' lang='grc' dir='ltr'><em>δ</em></span> <span class='ocrx_word' id='word_1_364' title='bbox 2943 2612 3273 2676; x_wconf 75' lang='grc' dir='ltr'>ιαϐαστάζων</span> <span class='ocrx_word' id='word_1_365' title='bbox 3300 2617 3375 2666; x_wconf 81' lang='grc' dir='ltr'>ἔτι</span> <span class='ocrx_word' id='word_1_366' title='bbox 3402 2618 3494 2671; x_wconf 81' lang='grc' dir='ltr'><strong>την</strong></span> <span class='ocrx_word' id='word_1_367' title='bbox 3527 2612 3822 2667; x_wconf 77' lang='grc' dir='ltr'>ἀσθένειαν</span> <span class='ocrx_word' id='word_1_368' title='bbox 3851 2616 3948 2666; x_wconf 65' lang='grc' dir='ltr'><strong>αὐ-</strong></span> 
     </span>
    </p>
   </div>
   <div class='ocr_carea' id='block_1_56' title="bbox 2319 2521 3410 2598">
    <p class='ocr_par' dir='ltr' id='par_1_56' title="bbox 2319 2521 3410 2598">
     <span class='ocr_line' id='line_1_56' title="bbox 2319 2521 3410 2598; baseline -0.001 -21"><span class='ocrx_word' id='word_1_369' title='bbox 2319 2527 2752 2598; x_wconf 80' lang='grc' dir='ltr'>συναναιρεθῆναι</span> <span class='ocrx_word' id='word_1_370' title='bbox 2776 2528 2971 2585; x_wconf 80' lang='grc' dir='ltr'>πάντας</span> <span class='ocrx_word' id='word_1_371' title='bbox 2997 2532 3069 2594; x_wconf 75' lang='grc' dir='ltr'>τῷ</span> <span class='ocrx_word' id='word_1_372' title='bbox 3099 2521 3410 2595; x_wconf 79' lang='grc' dir='ltr'>διδασκάλῳ</span> 
     </span>
    </p>
   </div>
   <div class='ocr_carea' id='block_1_57' title="bbox 2318 2699 3945 2776">
    <p class='ocr_par' dir='ltr' id='par_1_57' title="bbox 2318 2699 3945 2776">
     <span class='ocr_line' id='line_1_57' title="bbox 2318 2699 3945 2776; baseline 0.002 -22"><span class='ocrx_word' id='word_1_373' title='bbox 2318 2711 2430 2754; x_wconf 75' lang='grc' dir='ltr'>τοῦ.</span> <span class='ocrx_word' id='word_1_374' title='bbox 2464 2699 2691 2776; x_wconf 81' lang='grc' dir='ltr'>Δίδυμος</span> <span class='ocrx_word' id='word_1_375' title='bbox 2716 2701 2775 2756; x_wconf 75' lang='grc' dir='ltr'><strong>ὸε</strong></span> <span class='ocrx_word' id='word_1_376' title='bbox 2805 2702 3001 2774; x_wconf 75' lang='grc' dir='ltr'>ἐλεγετο</span> <span class='ocrx_word' id='word_1_377' title='bbox 3029 2699 3122 2755; x_wconf 80' lang='grc' dir='ltr'><strong>διὰ</strong></span> <span class='ocrx_word' id='word_1_378' title='bbox 3150 2706 3210 2754; x_wconf 86' lang='grc' dir='ltr'><strong>τό</strong></span> <span class='ocrx_word' id='word_1_379' title='bbox 3256 2706 3462 2775; x_wconf 76' lang='grc' dir='ltr'>συνάμα</span> <span class='ocrx_word' id='word_1_380' title='bbox 3490 2699 3713 2776; x_wconf 71' lang='grc' dir='ltr'>ἀδελφῷ</span> <span class='ocrx_word' id='word_1_381' title='bbox 3761 2724 3945 2776; x_wconf 74' lang='lat' dir='ltr'><strong>7am:-</strong></span> 
     </span>
    </p>
   </div>
   <div class='ocr_carea' id='block_1_58' title="bbox 2322 2793 2492 2850">
    <p class='ocr_par' dir='ltr' id='par_1_58' title="bbox 2322 2793 2492 2850">
     <span class='ocr_line' id='line_1_58' title="bbox 2322 2793 2492 2850; baseline 0.012 -6"><span class='ocrx_word' id='word_1_382' title='bbox 2322 2793 2492 2850; x_wconf 80' lang='grc' dir='ltr'>θῆναι.</span> 
     </span>
    </p>
   </div>
   <div class='ocr_carea' id='block_1_59' title="bbox 2388 3056 3905 3132">
    <p class='ocr_par' dir='ltr' id='par_1_59' title="bbox 2388 3056 3905 3132">
     <span class='ocr_line' id='line_1_59' title="bbox 2388 3056 3905 3132; baseline -0.002 -19"><span class='ocrx_word' id='word_1_383' title='bbox 2388 3059 2573 3114; x_wconf 82' lang='grc' dir='ltr'>Ἐλθὼν</span> <span class='ocrx_word' id='word_1_384' title='bbox 2613 3056 2701 3112; x_wconf 79' lang='grc' dir='ltr'>οὖν</span> <span class='ocrx_word' id='word_1_385' title='bbox 2764 3090 2825 3100; x_wconf 90' lang='lat'><strong>—-</strong></span> <span class='ocrx_word' id='word_1_386' title='bbox 2871 3059 2919 3112; x_wconf 80' lang='grc' dir='ltr'>ἑν</span> <span class='ocrx_word' id='word_1_387' title='bbox 2951 3067 3022 3130; x_wconf 71' lang='grc' dir='ltr'>τῷ</span> <span class='ocrx_word' id='word_1_388' title='bbox 3071 3065 3325 3131; x_wconf 81' lang='grc' dir='ltr'>μνημείῷ.</span> <span class='ocrx_word' id='word_1_389' title='bbox 3363 3059 3529 3122; x_wconf 78' lang='grc' dir='ltr'>Αὐτὸς</span> <span class='ocrx_word' id='word_1_390' title='bbox 3560 3064 3656 3132; x_wconf 64' lang='grc' dir='ltr'>μὲν</span> <span class='ocrx_word' id='word_1_391' title='bbox 3688 3060 3905 3118; x_wconf 69' lang='grc' dir='ltr'>ἀπέθανε,</span> 
     </span>
    </p>
   </div>
   <div class='ocr_carea' id='block_1_60' title="bbox 539 3141 2201 3238">
    <p class='ocr_par' dir='ltr' id='par_1_60' title="bbox 539 3141 2201 3220">
     <span class='ocr_line' id='line_1_60' title="bbox 539 3141 2201 3220; baseline 0.008 -27"><span class='ocrx_word' id='word_1_392' title='bbox 539 3141 784 3214; x_wconf 89' lang='lat' dir='ltr'><strong>quidem</strong></span> <span class='ocrx_word' id='word_1_393' title='bbox 843 3151 1116 3199; x_wconf 83' lang='lat' dir='ltr'><strong>mortuus</strong></span> <span class='ocrx_word' id='word_1_394' title='bbox 1197 3145 1411 3216; x_wconf 82' lang='lat' dir='ltr'><strong>fuerat,</strong></span> <span class='ocrx_word' id='word_1_395' title='bbox 1474 3153 1793 3220; x_wconf 88' lang='lat' dir='ltr'><strong>postquam</strong></span> <span class='ocrx_word' id='word_1_396' title='bbox 1843 3165 2076 3206; x_wconf 89' lang='lat' dir='ltr'><strong>sorores</strong></span> <span class='ocrx_word' id='word_1_397' title='bbox 2126 3153 2201 3206; x_wconf 84' lang='lat' dir='ltr'><strong>ad</strong></span> 
     </span>
    </p>
   </div>
   <div class='ocr_carea' id='block_1_61' title="bbox 2323 3141 3912 3238">
    <p class='ocr_par' dir='ltr' id='par_1_61' title="bbox 2323 3145 3912 3222">
     <span class='ocr_line' id='line_1_61' title="bbox 2323 3145 3912 3222; baseline -0.001 -21"><span class='ocrx_word' id='word_1_398' title='bbox 2323 3151 2438 3201; x_wconf 72' lang='grc' dir='ltr'>αεθο</span> <span class='ocrx_word' id='word_1_399' title='bbox 2491 3147 2794 3201; x_wconf 74' lang='grc' dir='ltr'>ἀπέστειλαν</span> <span class='ocrx_word' id='word_1_400' title='bbox 2839 3150 2893 3200; x_wconf 81' lang='grc' dir='ltr'>αἱ</span> <span class='ocrx_word' id='word_1_401' title='bbox 2933 3145 3152 3220; x_wconf 75' lang='grc' dir='ltr'>ἀδελφαὶ</span> <span class='ocrx_word' id='word_1_402' title='bbox 3205 3153 3336 3220; x_wconf 86' lang='grc' dir='ltr'>πρὸς</span> <span class='ocrx_word' id='word_1_403' title='bbox 3387 3153 3474 3200; x_wconf 87' lang='grc' dir='ltr'>τὸν</span> <span class='ocrx_word' id='word_1_404' title='bbox 3515 3155 3784 3222; x_wconf 86' lang='grc' dir='ltr'>Χριστὸν,</span> <span class='ocrx_word' id='word_1_405' title='bbox 3819 3152 3912 3201; x_wconf 73' lang='grc' dir='ltr'>κατ’</span> 
     </span>
    </p>
   </div>
   <div class='ocr_carea' id='block_1_62' title="bbox 536 3229 2204 3299">
    <p class='ocr_par' dir='ltr' id='par_1_62' title="bbox 536 3229 2204 3299">
     <span class='ocr_line' id='line_1_62' title="bbox 536 3229 2204 3299; baseline 0.005 -13"><span class='ocrx_word' id='word_1_406' title='bbox 536 3229 834 3287; x_wconf 86' lang='lat' dir='ltr'><strong>Christum</strong></span> <span class='ocrx_word' id='word_1_407' title='bbox 896 3233 1202 3299; x_wconf 90' lang='lat' dir='ltr'><strong>miserant,</strong></span> <span class='ocrx_word' id='word_1_408' title='bbox 1252 3235 1463 3291; x_wconf 91' lang='lat' dir='ltr'><strong>eodem</strong></span> <span class='ocrx_word' id='word_1_409' title='bbox 1510 3252 1654 3292; x_wconf 91' lang='lat' dir='ltr'><strong>sane</strong></span> <span class='ocrx_word' id='word_1_410' title='bbox 1709 3237 1804 3293; x_wconf 91' lang='lat' dir='ltr'><strong>die</strong></span> <span class='ocrx_word' id='word_1_411' title='bbox 1849 3256 1861 3293; x_wconf 93' lang='lat'><strong>:</strong></span> <span class='ocrx_word' id='word_1_412' title='bbox 1923 3239 2020 3295; x_wconf 83' lang='lat' dir='ltr'><strong>hic</strong></span> <span class='ocrx_word' id='word_1_413' title='bbox 2065 3255 2204 3295; x_wconf 89' lang='lat' dir='ltr'><strong>vero</strong></span> 
     </span>
    </p>
   </div>
   <div class='ocr_carea' id='block_1_63' title="bbox 537 3321 2204 3393">
    <p class='ocr_par' dir='ltr' id='par_1_63' title="bbox 537 3321 2204 3393">
     <span class='ocr_line' id='line_1_63' title="bbox 537 3321 2204 3393; baseline 0.006 -19"><span class='ocrx_word' id='word_1_414' title='bbox 537 3321 747 3377; x_wconf 90' lang='lat' dir='ltr'><strong>mansit</strong></span> <span class='ocrx_word' id='word_1_415' title='bbox 803 3322 860 3377; x_wconf 90' lang='lat' dir='ltr'><strong>in</strong></span> <span class='ocrx_word' id='word_1_416' title='bbox 915 3323 1048 3379; x_wconf 91' lang='lat' dir='ltr'><strong>loco</strong></span> <span class='ocrx_word' id='word_1_417' title='bbox 1109 3325 1208 3380; x_wconf 91' lang='lat' dir='ltr'><strong>ubi</strong></span> <span class='ocrx_word' id='word_1_418' title='bbox 1259 3331 1385 3381; x_wconf 90' lang='lat' dir='ltr'><strong>erat</strong></span> <span class='ocrx_word' id='word_1_419' title='bbox 1462 3325 1704 3382; x_wconf 91' lang='lat' dir='ltr'><strong>duobus</strong></span> <span class='ocrx_word' id='word_1_420' title='bbox 1782 3326 2020 3393; x_wconf 86' lang='lat' dir='ltr'><strong>diebus,</strong></span> <span class='ocrx_word' id='word_1_421' title='bbox 2104 3328 2204 3385; x_wconf 88' lang='lat' dir='ltr'><strong>illo</strong></span> 
     </span>
    </p>
   </div>
   <div class='ocr_carea' id='block_1_64' title="bbox 535 3409 2206 3484">
    <p class='ocr_par' dir='ltr' id='par_1_64' title="bbox 535 3409 2206 3484">
     <span class='ocr_line' id='line_1_64' title="bbox 535 3409 2206 3484; baseline 0.005 -21"><span class='ocrx_word' id='word_1_422' title='bbox 535 3409 808 3467; x_wconf 85' lang='lat' dir='ltr'><strong>videlicet</strong></span> <span class='ocrx_word' id='word_1_423' title='bbox 852 3427 924 3467; x_wconf 92' lang='lat' dir='ltr'><strong>ac</strong></span> <span class='ocrx_word' id='word_1_424' title='bbox 979 3419 1294 3484; x_wconf 85' lang='lat' dir='ltr'><strong>sequenti;</strong></span> <span class='ocrx_word' id='word_1_425' title='bbox 1352 3414 1524 3469; x_wconf 91' lang='lat' dir='ltr'><strong>tertio</strong></span> <span class='ocrx_word' id='word_1_426' title='bbox 1566 3420 1768 3472; x_wconf 88' lang='lat' dir='ltr'><strong>autem</strong></span> <span class='ocrx_word' id='word_1_427' title='bbox 1820 3416 1975 3472; x_wconf 82' lang='lat' dir='ltr'><strong>dixit</strong></span> <span class='ocrx_word' id='word_1_428' title='bbox 2033 3418 2206 3472; x_wconf 76' lang='lat' dir='ltr'><strong>disci&#39;</strong></span> 
     </span>
    </p>
   </div>
   <div class='ocr_carea' id='block_1_65' title="bbox 535 3498 2203 3570">
    <p class='ocr_par' dir='ltr' id='par_1_65' title="bbox 535 3498 2203 3570">
     <span class='ocr_line' id='line_1_65' title="bbox 535 3498 2203 3570; baseline 0.005 -18"><span class='ocrx_word' id='word_1_429' title='bbox 535 3498 713 3568; x_wconf 90' lang='lat' dir='ltr'><strong>pulis,</strong></span> <span class='ocrx_word' id='word_1_430' title='bbox 755 3501 1008 3557; x_wconf 79' lang='lat' dir='ltr'><strong>Lazarus</strong></span> <span class='ocrx_word' id='word_1_431' title='bbox 1044 3501 1267 3557; x_wconf 77' lang='lat' dir='ltr'><strong>amicus</strong></span> <span class='ocrx_word' id='word_1_432' title='bbox 1305 3508 1500 3560; x_wconf 81' lang='lat' dir='ltr'><strong>noster</strong></span> <span class='ocrx_word' id='word_1_433' title='bbox 1532 3503 1770 3570; x_wconf 79' lang='lat' dir='ltr'><strong>dormit,</strong></span> <span class='ocrx_word' id='word_1_434' title='bbox 1831 3510 1886 3561; x_wconf 90' lang='lat' dir='ltr'><strong>et</strong></span> <span class='ocrx_word' id='word_1_435' title='bbox 1939 3510 2151 3561; x_wconf 65' lang='lat' dir='ltr'><strong>caetera</strong></span> <span class='ocrx_word' id='word_1_436' title='bbox 2191 3525 2203 3570; x_wconf 89' lang='lat'><strong>;</strong></span> 
     </span>
    </p>
   </div>
   <div class='ocr_carea' id='block_1_66' title="bbox 535 3587 2201 3664">
    <p class='ocr_par' dir='ltr' id='par_1_66' title="bbox 535 3587 2201 3664">
     <span class='ocr_line' id='line_1_66' title="bbox 535 3587 2201 3664; baseline 0.005 -22"><span class='ocrx_word' id='word_1_437' title='bbox 535 3587 592 3642; x_wconf 92' lang='lat' dir='ltr'><strong>in</strong></span> <span class='ocrx_word' id='word_1_438' title='bbox 634 3595 850 3660; x_wconf 90' lang='lat' dir='ltr'><strong>quarto</strong></span> <span class='ocrx_word' id='word_1_439' title='bbox 879 3589 1044 3656; x_wconf 90' lang='lat' dir='ltr'><strong>abiit,</strong></span> <span class='ocrx_word' id='word_1_440' title='bbox 1099 3606 1238 3647; x_wconf 91' lang='lat' dir='ltr'><strong>cum</strong></span> <span class='ocrx_word' id='word_1_441' title='bbox 1289 3597 1711 3664; x_wconf 81' lang='lat' dir='ltr'><strong>exspectasset,</strong></span> <span class='ocrx_word' id='word_1_442' title='bbox 1747 3593 1945 3649; x_wconf 91' lang='lat' dir='ltr'><strong>donec</strong></span> <span class='ocrx_word' id='word_1_443' title='bbox 1996 3593 2201 3650; x_wconf 67' lang='lat' dir='ltr'><strong>oleret.</strong></span> 
     </span>
    </p>
   </div>
   <div class='ocr_carea' id='block_1_67' title="bbox 535 3679 2193 3754">
    <p class='ocr_par' dir='ltr' id='par_1_67' title="bbox 535 3679 2193 3754">
     <span class='ocr_line' id='line_1_67' title="bbox 535 3679 2193 3754; baseline 0.005 -22"><span class='ocrx_word' id='word_1_444' title='bbox 535 3681 601 3732; x_wconf 91' lang='lat' dir='ltr'><strong>ut</strong></span> <span class='ocrx_word' id='word_1_445' title='bbox 626 3679 819 3748; x_wconf 88' lang='lat' dir='ltr'><strong>magis</strong></span> <span class='ocrx_word' id='word_1_446' title='bbox 851 3679 1331 3737; x_wconf 87' lang='lat' dir='ltr'><strong>manifestaretur</strong></span> <span class='ocrx_word' id='word_1_447' title='bbox 1356 3698 1474 3738; x_wconf 64' lang='lat' dir='ltr'><strong>sum</strong></span> <span class='ocrx_word' id='word_1_448' title='bbox 1501 3683 1849 3752; x_wconf 82' lang='lat' dir='ltr'><strong>magnitudo</strong></span> <span class='ocrx_word' id='word_1_449' title='bbox 1887 3684 2193 3754; x_wconf 68' lang='lat' dir='ltr'><strong>potentiee.</strong></span> 
     </span>
    </p>
   </div>
   <div class='ocr_carea' id='block_1_68' title="bbox 536 3767 2199 3842">
    <p class='ocr_par' dir='ltr' id='par_1_68' title="bbox 536 3767 2199 3842">
     <span class='ocr_line' id='line_1_68' title="bbox 536 3767 2199 3842; baseline 0.003 -20"><span class='ocrx_word' id='word_1_450' title='bbox 536 3767 780 3822; x_wconf 88' lang='lat' dir='ltr'><strong>Sorores</strong></span> <span class='ocrx_word' id='word_1_451' title='bbox 820 3773 1019 3824; x_wconf 89' lang='lat' dir='ltr'><strong>autem</strong></span> <span class='ocrx_word' id='word_1_452' title='bbox 1064 3785 1186 3824; x_wconf 92' lang='lat' dir='ltr'><strong>non</strong></span> <span class='ocrx_word' id='word_1_453' title='bbox 1237 3770 1496 3842; x_wconf 89' lang='lat' dir='ltr'><strong>amplius</strong></span> <span class='ocrx_word' id='word_1_454' title='bbox 1552 3770 1630 3826; x_wconf 93' lang='lat' dir='ltr'><strong>ad</strong></span> <span class='ocrx_word' id='word_1_455' title='bbox 1688 3787 1828 3828; x_wconf 90' lang='lat' dir='ltr'><strong>eum</strong></span> <span class='ocrx_word' id='word_1_456' title='bbox 1885 3773 2199 3841; x_wconf 85' lang='lat' dir='ltr'><strong>miserunt,</strong></span> 
     </span>
    </p>
   </div>
   <div class='ocr_carea' id='block_1_69' title="bbox 536 3853 1567 3930">
    <p class='ocr_par' dir='ltr' id='par_1_69' title="bbox 536 3853 1567 3930">
     <span class='ocr_line' id='line_1_69' title="bbox 536 3853 1567 3930; baseline 0.004 -20"><span class='ocrx_word' id='word_1_457' title='bbox 536 3853 611 3910; x_wconf 90' lang='lat' dir='ltr'><strong>de</strong></span> <span class='ocrx_word' id='word_1_458' title='bbox 637 3854 832 3911; x_wconf 80' lang='lat' dir='ltr'><strong>fratris</strong></span> <span class='ocrx_word' id='word_1_459' title='bbox 856 3857 973 3914; x_wconf 89' lang='lat' dir='ltr'><strong>vita</strong></span> <span class='ocrx_word' id='word_1_460' title='bbox 1001 3858 1129 3928; x_wconf 89' lang='lat' dir='ltr'><strong>jam</strong></span> <span class='ocrx_word' id='word_1_461' title='bbox 1157 3859 1567 3930; x_wconf 89' lang='lat' dir='ltr'><strong>desperantes.</strong></span> 
     </span>
    </p>
   </div>
   <div class='ocr_carea' id='block_1_70' title="bbox 609 3947 2200 4023">
    <p class='ocr_par' dir='ltr' id='par_1_70' title="bbox 609 3947 2200 4023">
     <span class='ocr_line' id='line_1_70' title="bbox 609 3947 2200 4023; baseline 0.004 -24"><span class='ocrx_word' id='word_1_462' title='bbox 609 3947 767 4000; x_wconf 89' lang='lat' dir='ltr'><strong>Vers.</strong></span> <span class='ocrx_word' id='word_1_463' title='bbox 829 3947 910 4000; x_wconf 91' lang='lat' dir='ltr'><strong>t8.</strong></span> <span class='ocrx_word' id='word_1_464' title='bbox 972 3947 1125 4003; x_wconf 79' lang='lat' dir='ltr'><strong>Erat</strong></span> <span class='ocrx_word' id='word_1_465' title='bbox 1159 3979 1224 3988; x_wconf 94' lang='lat'><em>—</em></span> <span class='ocrx_word' id='word_1_466' title='bbox 1287 3949 1452 4005; x_wconf 89' lang='lat' dir='ltr'><strong>Vers.</strong></span> <span class='ocrx_word' id='word_1_467' title='bbox 1517 3953 1598 4006; x_wconf 88' lang='lat' dir='ltr'><strong>t9.</strong></span> <span class='ocrx_word' id='word_1_468' title='bbox 1646 3965 1774 4006; x_wconf 86' lang='lat' dir='ltr'><strong>suo.</strong></span> <span class='ocrx_word' id='word_1_469' title='bbox 1827 3950 2028 4006; x_wconf 63' lang='lat' dir='ltr'><strong>Graece</strong></span> <span class='ocrx_word' id='word_1_470' title='bbox 2076 3951 2200 4023; x_wconf 88' lang='lat' dir='ltr'><strong>qui-</strong></span> 
     </span>
    </p>
   </div>
   <div class='ocr_carea' id='block_1_71' title="bbox 535 4033 2200 4113">
    <p class='ocr_par' dir='ltr' id='par_1_71' title="bbox 535 4033 2200 4113">
     <span class='ocr_line' id='line_1_71' title="bbox 535 4033 2200 4113; baseline 0.001 -23"><span class='ocrx_word' id='word_1_471' title='bbox 535 4033 672 4090; x_wconf 85' lang='lat' dir='ltr'><strong>dem</strong></span> <span class='ocrx_word' id='word_1_472' title='bbox 737 4035 972 4102; x_wconf 89' lang='lat' dir='ltr'><strong>dicitur,</strong></span> <span class='ocrx_word' id='word_1_473' title='bbox 1054 4041 1190 4110; x_wconf 86' lang='grc' dir='ltr'>Πρός</span> <span class='ocrx_word' id='word_1_474' title='bbox 1259 4041 1352 4101; x_wconf 86' lang='grc' dir='ltr'>τὰς</span> <span class='ocrx_word' id='word_1_475' title='bbox 1438 4044 1553 4112; x_wconf 83' lang='grc' dir='ltr'>περὶ</span> <span class='ocrx_word' id='word_1_476' title='bbox 1624 4039 1846 4113; x_wconf 87' lang='grc' dir='ltr'>Μάρθαν</span> <span class='ocrx_word' id='word_1_477' title='bbox 1919 4045 2009 4092; x_wconf 83' lang='grc' dir='ltr'>καὶ</span> <span class='ocrx_word' id='word_1_478' title='bbox 2077 4047 2200 4093; x_wconf 92' lang='grc' dir='ltr'><strong>Μα-</strong></span> 
     </span>
    </p>
   </div>
   <div class='ocr_carea' id='block_1_72' title="bbox 533 4127 2200 4196">
    <p class='ocr_par' dir='ltr' id='par_1_72' title="bbox 533 4127 2200 4196">
     <span class='ocr_line' id='line_1_72' title="bbox 533 4127 2200 4196; baseline 0.007 -23"><span class='ocrx_word' id='word_1_479' title='bbox 533 4127 695 4196; x_wconf 65' lang='lat' dir='ltr'><strong>piam:</strong></span> <span class='ocrx_word' id='word_1_480' title='bbox 775 4129 864 4178; x_wconf 89' lang='lat' dir='ltr'><strong>est</strong></span> <span class='ocrx_word' id='word_1_481' title='bbox 943 4131 1142 4180; x_wconf 87' lang='lat' dir='ltr'><strong>autem</strong></span> <span class='ocrx_word' id='word_1_482' title='bbox 1216 4127 1533 4182; x_wconf 67' lang='lat' dir='ltr'><strong>Grmcanici</strong></span> <span class='ocrx_word' id='word_1_483' title='bbox 1603 4128 1897 4183; x_wconf 87' lang='lat' dir='ltr'><strong>sermonis</strong></span> <span class='ocrx_word' id='word_1_484' title='bbox 1957 4129 2200 4195; x_wconf 87' lang='lat' dir='ltr'><strong>idioma,</strong></span> 
     </span>
    </p>
   </div>
   <div class='ocr_carea' id='block_1_73' title="bbox 533 4211 2198 4286">
    <p class='ocr_par' dir='ltr' id='par_1_73' title="bbox 533 4211 2198 4286">
     <span class='ocr_line' id='line_1_73' title="bbox 533 4211 2198 4286; baseline 0.003 -19"><span class='ocrx_word' id='word_1_485' title='bbox 533 4211 695 4267; x_wconf 89' lang='lat' dir='ltr'><strong>idem</strong></span> <span class='ocrx_word' id='word_1_486' title='bbox 729 4213 1092 4281; x_wconf 86' lang='lat' dir='ltr'><strong>signiﬁcans,</strong></span> <span class='ocrx_word' id='word_1_487' title='bbox 1157 4216 1322 4286; x_wconf 88' lang='lat' dir='ltr'><strong>quod</strong></span> <span class='ocrx_word' id='word_1_488' title='bbox 1377 4215 1453 4270; x_wconf 89' lang='lat' dir='ltr'><strong>ad</strong></span> <span class='ocrx_word' id='word_1_489' title='bbox 1513 4217 1803 4272; x_wconf 85' lang='lat' dir='ltr'><strong>Martham</strong></span> <span class='ocrx_word' id='word_1_490' title='bbox 1843 4222 1899 4273; x_wconf 90' lang='lat' dir='ltr'><strong>et</strong></span> <span class='ocrx_word' id='word_1_491' title='bbox 1940 4219 2198 4274; x_wconf 56' lang='lat' dir='ltr'><strong>Marianv</strong></span> 
     </span>
    </p>
   </div>
   <div class='ocr_carea' id='block_1_74' title="bbox 541 4301 2203 4374">
    <p class='ocr_par' dir='ltr' id='par_1_74' title="bbox 541 4301 2203 4374">
     <span class='ocr_line' id='line_1_74' title="bbox 541 4301 2203 4374; baseline 0.005 -20"><span class='ocrx_word' id='word_1_492' title='bbox 541 4301 780 4371; x_wconf 88' lang='lat' dir='ltr'><strong>Verum,</strong></span> <span class='ocrx_word' id='word_1_493' title='bbox 810 4318 932 4374; x_wconf 91' lang='lat' dir='ltr'><strong>quo</strong></span> <span class='ocrx_word' id='word_1_494' title='bbox 981 4307 1157 4374; x_wconf 90' lang='lat' dir='ltr'><strong>pacto</strong></span> <span class='ocrx_word' id='word_1_495' title='bbox 1211 4304 1680 4361; x_wconf 84' lang='lat' dir='ltr'><strong>consolabantur</strong></span> <span class='ocrx_word' id='word_1_496' title='bbox 1737 4306 1887 4372; x_wconf 86' lang='lat' dir='ltr'><strong>illas,</strong></span> <span class='ocrx_word' id='word_1_497' title='bbox 1939 4323 2076 4362; x_wconf 86' lang='lat' dir='ltr'><strong>cum</strong></span> <span class='ocrx_word' id='word_1_498' title='bbox 2119 4308 2203 4362; x_wconf 91' lang='lat' dir='ltr'><strong>in-</strong></span> 
     </span>
    </p>
   </div>
   <div class='ocr_carea' id='block_1_75' title="bbox 535 4390 2200 4468">
    <p class='ocr_par' dir='ltr' id='par_1_75' title="bbox 535 4390 2200 4468">
     <span class='ocr_line' id='line_1_75' title="bbox 535 4390 2200 4468; baseline 0.002 -20"><span class='ocrx_word' id='word_1_499' title='bbox 535 4390 717 4448; x_wconf 90' lang='lat' dir='ltr'><strong>dubie</strong></span> <span class='ocrx_word' id='word_1_500' title='bbox 764 4397 1035 4448; x_wconf 89' lang='lat' dir='ltr'><strong>amarent</strong></span> <span class='ocrx_word' id='word_1_501' title='bbox 1075 4394 1326 4450; x_wconf 88' lang='lat' dir='ltr'><strong>Jesum?</strong></span> <span class='ocrx_word' id='word_1_502' title='bbox 1373 4401 1487 4450; x_wconf 85' lang='lat' dir='ltr'><strong>Aut</strong></span> <span class='ocrx_word' id='word_1_503' title='bbox 1543 4400 1783 4468; x_wconf 88' lang='lat' dir='ltr'><strong>propter</strong></span> <span class='ocrx_word' id='word_1_504' title='bbox 1835 4396 2200 4453; x_wconf 89' lang='lat' dir='ltr'><strong>nobilitatem</strong></span> 
     </span>
    </p>
   </div>
   <div class='ocr_carea' id='block_1_76' title="bbox 533 4481 2199 4558">
    <p class='ocr_par' dir='ltr' id='par_1_76' title="bbox 533 4481 2199 4558">
     <span class='ocr_line' id='line_1_76' title="bbox 533 4481 2199 4558; baseline 0.002 -19"><span class='ocrx_word' id='word_1_505' title='bbox 533 4481 793 4548; x_wconf 90' lang='lat' dir='ltr'><strong>illarum,</strong></span> <span class='ocrx_word' id='word_1_506' title='bbox 855 4487 957 4539; x_wconf 92' lang='lat' dir='ltr'><strong>aut</strong></span> <span class='ocrx_word' id='word_1_507' title='bbox 1020 4489 1263 4556; x_wconf 89' lang='lat' dir='ltr'><strong>propter</strong></span> <span class='ocrx_word' id='word_1_508' title='bbox 1338 4483 1485 4540; x_wconf 89' lang='lat' dir='ltr'><strong>altas</strong></span> <span class='ocrx_word' id='word_1_509' title='bbox 1566 4485 1833 4550; x_wconf 85' lang='lat' dir='ltr'><strong>virtutes,</strong></span> <span class='ocrx_word' id='word_1_510' title='bbox 1905 4491 2008 4542; x_wconf 88' lang='lat' dir='ltr'><strong>aut</strong></span> <span class='ocrx_word' id='word_1_511' title='bbox 2065 4502 2199 4558; x_wconf 85' lang='lat' dir='ltr'><strong>pro-</strong></span> 
     </span>
    </p>
   </div>
   <div class='ocr_carea' id='block_1_77' title="bbox 537 4571 1568 4645">
    <p class='ocr_par' dir='ltr' id='par_1_77' title="bbox 537 4571 1568 4645">
     <span class='ocr_line' id='line_1_77' title="bbox 537 4571 1568 4645; baseline -0.001 -17"><span class='ocrx_word' id='word_1_512' title='bbox 537 4576 670 4645; x_wconf 85' lang='lat' dir='ltr'><strong>pter</strong></span> <span class='ocrx_word' id='word_1_513' title='bbox 691 4571 1042 4628; x_wconf 89' lang='lat' dir='ltr'><strong>calamitatis</strong></span> <span class='ocrx_word' id='word_1_514' title='bbox 1069 4574 1568 4643; x_wconf 89' lang='lat' dir='ltr'><strong>magnitudinem.</strong></span> 
     </span>
    </p>
   </div>
   <div class='ocr_carea' id='block_1_78' title="bbox 612 4660 2202 4735">
    <p class='ocr_par' dir='ltr' id='par_1_78' title="bbox 612 4660 2202 4735">
     <span class='ocr_line' id='line_1_78' title="bbox 612 4660 2202 4735; baseline 0.003 -20"><span class='ocrx_word' id='word_1_515' title='bbox 612 4660 901 4717; x_wconf 73' lang='lat' dir='ltr'><strong>Praeterea</strong></span> <span class='ocrx_word' id='word_1_516' title='bbox 981 4679 1099 4718; x_wconf 88' lang='lat' dir='ltr'><strong>nou</strong></span> <span class='ocrx_word' id='word_1_517' title='bbox 1159 4668 1326 4719; x_wconf 88' lang='lat' dir='ltr'><strong>erant</strong></span> <span class='ocrx_word' id='word_1_518' title='bbox 1388 4663 1449 4718; x_wconf 90' lang='lat' dir='ltr'><strong>hi</strong></span> <span class='ocrx_word' id='word_1_519' title='bbox 1529 4678 1599 4717; x_wconf 85' lang='lat' dir='ltr'><strong>ex</strong></span> <span class='ocrx_word' id='word_1_520' title='bbox 1663 4661 1746 4716; x_wconf 92' lang='lat' dir='ltr'><strong>eis</strong></span> <span class='ocrx_word' id='word_1_521' title='bbox 1798 4663 1901 4735; x_wconf 91' lang='lat' dir='ltr'><strong>qui</strong></span> <span class='ocrx_word' id='word_1_522' title='bbox 1955 4665 2202 4720; x_wconf 91' lang='lat' dir='ltr'><strong>omnino</strong></span> 
     </span>
    </p>
   </div>
   <div class='ocr_carea' id='block_1_79' title="bbox 539 4740 2202 4825">
    <p class='ocr_par' dir='ltr' id='par_1_79' title="bbox 539 4740 2202 4825">
     <span class='ocr_line' id='line_1_79' title="bbox 539 4740 2202 4825; baseline 0.002 -19"><span class='ocrx_word' id='word_1_523' title='bbox 539 4749 683 4806; x_wconf 89' lang='lat' dir='ltr'><strong>mali</strong></span> <span class='ocrx_word' id='word_1_524' title='bbox 713 4755 903 4816; x_wconf 88' lang='lat' dir='ltr'><strong>erant,</strong></span> <span class='ocrx_word' id='word_1_525' title='bbox 937 4750 1100 4822; x_wconf 90' lang='lat' dir='ltr'><strong>quod</strong></span> <span class='ocrx_word' id='word_1_526' title='bbox 1129 4767 1200 4806; x_wconf 83' lang='lat' dir='ltr'><strong>ex</strong></span> <span class='ocrx_word' id='word_1_527' title='bbox 1234 4768 1302 4806; x_wconf 89' lang='lat' dir='ltr'><strong>eo</strong></span> <span class='ocrx_word' id='word_1_528' title='bbox 1324 4751 1704 4806; x_wconf 83' lang='lat' dir='ltr'><strong>manifestum</strong></span> <span class='ocrx_word' id='word_1_529' title='bbox 1734 4757 1840 4820; x_wconf 84' lang='lat' dir='ltr'><strong>est,</strong></span> <span class='ocrx_word' id='word_1_530' title='bbox 1864 4753 2008 4825; x_wconf 92' lang='lat' dir='ltr'><strong>quia</strong></span> <span class='ocrx_word' id='word_1_531' title='bbox 2035 4740 2202 4810; x_wconf 79' lang='lat' dir='ltr'><strong>multi</strong></span> 
     </span>
    </p>
   </div>
   <div class='ocr_carea' id='block_1_80' title="bbox 537 4839 1196 4895">
    <p class='ocr_par' dir='ltr' id='par_1_80' title="bbox 537 4839 1196 4895">
     <span class='ocr_line' id='line_1_80' title="bbox 537 4839 1196 4895; baseline 0 -1"><span class='ocrx_word' id='word_1_532' title='bbox 537 4839 920 4895; x_wconf 90' lang='lat' dir='ltr'><strong>crediderunt</strong></span> <span class='ocrx_word' id='word_1_533' title='bbox 948 4840 1005 4894; x_wconf 93' lang='lat' dir='ltr'><strong>in</strong></span> <span class='ocrx_word' id='word_1_534' title='bbox 1037 4856 1196 4894; x_wconf 90' lang='lat' dir='ltr'><strong>eum.</strong></span> 
     </span>
    </p>
   </div>
   <div class='ocr_carea' id='block_1_81' title="bbox 609 4928 2206 5001">
    <p class='ocr_par' dir='ltr' id='par_1_81' title="bbox 609 4928 2206 5001">
     <span class='ocr_line' id='line_1_81' title="bbox 609 4928 2206 5001; baseline 0.007 -22"><span class='ocrx_word' id='word_1_535' title='bbox 609 4929 775 4983; x_wconf 77' lang='lat' dir='ltr'><strong>Vers.</strong></span> <span class='ocrx_word' id='word_1_536' title='bbox 827 4928 914 4983; x_wconf 90' lang='lat'><strong>20.</strong></span> <span class='ocrx_word' id='word_1_537' title='bbox 945 4929 1192 4986; x_wconf 77' lang='lat' dir='ltr'><strong>Martha</strong></span> <span class='ocrx_word' id='word_1_538' title='bbox 1223 4944 1362 4998; x_wconf 79' lang='lat' dir='ltr'><strong>ergo</strong></span> <span class='ocrx_word' id='word_1_539' title='bbox 1397 4961 1458 4969; x_wconf 90' lang='lat'><strong>—-</strong></span> <span class='ocrx_word' id='word_1_540' title='bbox 1488 4929 1746 4985; x_wconf 81' lang='lat' dir='ltr'><strong>sedebat.</strong></span> <span class='ocrx_word' id='word_1_541' title='bbox 1793 4931 1926 5001; x_wconf 88' lang='lat' dir='ltr'><strong>Ipsa</strong></span> <span class='ocrx_word' id='word_1_542' title='bbox 1959 4929 2109 4996; x_wconf 89' lang='lat' dir='ltr'><strong>sola,</strong></span> <span class='ocrx_word' id='word_1_543' title='bbox 2142 4940 2206 4990; x_wconf 87' lang='lat' dir='ltr'><strong>ut</strong></span> 
     </span>
    </p>
   </div>
   <div class='ocr_carea' id='block_1_82' title="bbox 545 5017 2202 5080">
    <p class='ocr_par' dir='ltr' id='par_1_82' title="bbox 545 5017 2202 5080">
     <span class='ocr_line' id='line_1_82' title="bbox 545 5017 2202 5080; baseline 0.004 -8"><span class='ocrx_word' id='word_1_544' title='bbox 545 5017 658 5074; x_wconf 89' lang='lat' dir='ltr'><strong>hoc</strong></span> <span class='ocrx_word' id='word_1_545' title='bbox 713 5018 956 5074; x_wconf 88' lang='lat' dir='ltr'><strong>audivit.</strong></span> <span class='ocrx_word' id='word_1_546' title='bbox 1014 5022 1140 5074; x_wconf 80' lang='lat' dir='ltr'><strong>Non</strong></span> <span class='ocrx_word' id='word_1_547' title='bbox 1191 5018 1658 5074; x_wconf 81' lang='lat' dir='ltr'><strong>communicavit</strong></span> <span class='ocrx_word' id='word_1_548' title='bbox 1723 5025 1922 5073; x_wconf 91' lang='lat' dir='ltr'><strong>autem</strong></span> <span class='ocrx_word' id='word_1_549' title='bbox 1995 5023 2202 5080; x_wconf 77' lang='lat' dir='ltr'><strong>sorori.</strong></span> 
     </span>
    </p>
   </div>
   <div class='ocr_carea' id='block_1_83' title="bbox 537 5107 2203 5193">
    <p class='ocr_par' dir='ltr' id='par_1_83' title="bbox 537 5107 2203 5193">
     <span class='ocr_line' id='line_1_83' title="bbox 537 5107 2203 5193; baseline 0.002 -31"><span class='ocrx_word' id='word_1_550' title='bbox 537 5121 611 5162; x_wconf 90' lang='lat' dir='ltr'><strong>ne</strong></span> <span class='ocrx_word' id='word_1_551' title='bbox 659 5107 760 5163; x_wconf 89' lang='lat' dir='ltr'><strong>illa</strong></span> <span class='ocrx_word' id='word_1_552' title='bbox 808 5123 1050 5180; x_wconf 89' lang='lat' dir='ltr'><strong>quoque</strong></span> <span class='ocrx_word' id='word_1_553' title='bbox 1108 5111 1383 5172; x_wconf 83' lang='lat' dir='ltr'><strong>exeunte,</strong></span> <span class='ocrx_word' id='word_1_554' title='bbox 1443 5107 1770 5162; x_wconf 89' lang='lat' dir='ltr'><strong>tumultum</strong></span> <span class='ocrx_word' id='word_1_555' title='bbox 1819 5109 2203 5193; x_wconf 51' lang='lat' dir='ltr'><strong>concitarent,</strong></span> 
     </span>
    </p>
   </div>
   <div class='ocr_carea' id='block_1_84' title="bbox 536 5194 1556 5269">
    <p class='ocr_par' dir='ltr' id='par_1_84' title="bbox 536 5194 1556 5269">
     <span class='ocr_line' id='line_1_84' title="bbox 536 5194 1556 5269; baseline 0.001 -20"><span class='ocrx_word' id='word_1_556' title='bbox 536 5196 638 5269; x_wconf 89' lang='lat' dir='ltr'><strong>qui</strong></span> <span class='ocrx_word' id='word_1_557' title='bbox 670 5196 746 5252; x_wconf 90' lang='lat' dir='ltr'><strong>ad</strong></span> <span class='ocrx_word' id='word_1_558' title='bbox 779 5194 1219 5252; x_wconf 89' lang='lat' dir='ltr'><strong>consolandum</strong></span> <span class='ocrx_word' id='word_1_559' title='bbox 1246 5198 1556 5250; x_wconf 85' lang='lat' dir='ltr'><strong>venerant.</strong></span> 
     </span>
    </p>
   </div>
   <div class='ocr_carea' id='block_1_85' title="bbox 3011 3235 3925 3311">
    <p class='ocr_par' dir='ltr' id='par_1_85' title="bbox 3011 3235 3925 3311">
     <span class='ocr_line' id='line_1_85' title="bbox 3011 3235 3925 3311; baseline -0.001 -21"><span class='ocrx_word' id='word_1_560' title='bbox 3011 3256 3022 3267; x_wconf 84' lang='lat'><strong><em>°</em></strong></span> <span class='ocrx_word' id='word_1_561' title='bbox 3058 3239 3205 3298; x_wconf 79' lang='grc' dir='ltr'>οὗτος</span> <span class='ocrx_word' id='word_1_562' title='bbox 3235 3239 3349 3307; x_wconf 67' lang='lat'><strong>(17.8)</strong></span> <span class='ocrx_word' id='word_1_563' title='bbox 3381 3235 3440 3292; x_wconf 66' lang='grc' dir='ltr'><strong>δε</strong></span> <span class='ocrx_word' id='word_1_564' title='bbox 3491 3242 3688 3311; x_wconf 73' lang='grc' dir='ltr'>ἔμεινεν</span> <span class='ocrx_word' id='word_1_565' title='bbox 3714 3243 3768 3292; x_wconf 77' lang='grc' dir='ltr'>ἐν</span> <span class='ocrx_word' id='word_1_566' title='bbox 3799 3242 3841 3310; x_wconf 80' lang='grc' dir='ltr'><em>ᾧ</em></span> <span class='ocrx_word' id='word_1_567' title='bbox 3873 3237 3925 3297; x_wconf 55' lang='lat' dir='ltr'><strong>Et</strong></span> 
     </span>
    </p>
   </div>
   <div class='ocr_carea' id='block_1_86' title="bbox 2313 3325 3926 3402">
    <p class='ocr_par' dir='ltr' id='par_1_86' title="bbox 2313 3325 3926 3402">
     <span class='ocr_line' id='line_1_86' title="bbox 2313 3325 3926 3402; baseline -0.001 -20"><span class='ocrx_word' id='word_1_568' title='bbox 2313 3335 2451 3400; x_wconf 83' lang='grc' dir='ltr'>τόπῳ</span> <span class='ocrx_word' id='word_1_569' title='bbox 2483 3325 2580 3381; x_wconf 78' lang='grc' dir='ltr'><strong>δύο</strong></span> <span class='ocrx_word' id='word_1_570' title='bbox 2610 3330 2826 3401; x_wconf 72' lang='grc' dir='ltr'>ἡμέρας,</span> <span class='ocrx_word' id='word_1_571' title='bbox 2877 3327 3040 3385; x_wconf 75' lang='grc' dir='ltr'>αὐτὴν</span> <span class='ocrx_word' id='word_1_572' title='bbox 3071 3347 3123 3379; x_wconf 83' lang='grc' dir='ltr'><strong>τε</strong></span> <span class='ocrx_word' id='word_1_573' title='bbox 3165 3333 3254 3380; x_wconf 80' lang='grc' dir='ltr'>καὶ</span> <span class='ocrx_word' id='word_1_574' title='bbox 3285 3327 3457 3402; x_wconf 72' lang='grc' dir='ltr'>ἑτέραν</span> <span class='ocrx_word' id='word_1_575' title='bbox 3500 3346 3511 3357; x_wconf 83' lang='lat'><strong><em>°</em></strong></span> <span class='ocrx_word' id='word_1_576' title='bbox 3541 3332 3681 3380; x_wconf 83' lang='grc' dir='ltr'><strong>κατά</strong></span> <span class='ocrx_word' id='word_1_577' title='bbox 3725 3327 3786 3382; x_wconf 69' lang='grc' dir='ltr'><strong>δὲ</strong></span> <span class='ocrx_word' id='word_1_578' title='bbox 3837 3336 3926 3386; x_wconf 68' lang='grc' dir='ltr'>τὴν</span> 
     </span>
    </p>
   </div>
   <div class='ocr_carea' id='block_1_87' title="bbox 2314 3415 3926 3490">
    <p class='ocr_par' dir='ltr' id='par_1_87' title="bbox 2314 3415 3926 3490">
     <span class='ocr_line' id='line_1_87' title="bbox 2314 3415 3926 3490; baseline -0.002 -18"><span class='ocrx_word' id='word_1_579' title='bbox 2314 3424 2494 3490; x_wconf 84' lang='grc' dir='ltr'>τρίτην</span> <span class='ocrx_word' id='word_1_580' title='bbox 2531 3415 2638 3470; x_wconf 83' lang='grc' dir='ltr'>εἷπε</span> <span class='ocrx_word' id='word_1_581' title='bbox 2668 3424 2778 3478; x_wconf 87' lang='grc' dir='ltr'>τοίς</span> <span class='ocrx_word' id='word_1_582' title='bbox 2828 3419 3092 3488; x_wconf 83' lang='grc' dir='ltr'>μαθηταῖς</span> <span class='ocrx_word' id='word_1_583' title='bbox 3130 3418 3211 3468; x_wconf 87' lang='grc' dir='ltr'><strong>ότι</strong></span> <span class='ocrx_word' id='word_1_584' title='bbox 3242 3417 3489 3490; x_wconf 78' lang='grc' dir='ltr'>Λάζαρος</span> <span class='ocrx_word' id='word_1_585' title='bbox 3525 3418 3551 3468; x_wconf 90' lang='grc' dir='ltr'><strong>ό</strong></span> <span class='ocrx_word' id='word_1_586' title='bbox 3602 3417 3752 3489; x_wconf 77' lang='grc' dir='ltr'>φίλος</span> <span class='ocrx_word' id='word_1_587' title='bbox 3778 3420 3926 3489; x_wconf 70' lang='grc' dir='ltr'>ἡμῶν</span> 
     </span>
    </p>
   </div>
   <div class='ocr_carea' id='block_1_88' title="bbox 2314 3502 3920 3580">
    <p class='ocr_par' dir='ltr' id='par_1_88' title="bbox 2314 3502 3920 3580">
     <span class='ocr_line' id='line_1_88' title="bbox 2314 3502 3920 3580; baseline -0.001 -20"><span class='ocrx_word' id='word_1_588' title='bbox 2314 3512 2644 3580; x_wconf 80' lang='grc' dir='ltr'>κεκοίμηται,</span> <span class='ocrx_word' id='word_1_589' title='bbox 2673 3511 2762 3558; x_wconf 78' lang='grc' dir='ltr'>καὶ</span> <span class='ocrx_word' id='word_1_590' title='bbox 2795 3508 2860 3556; x_wconf 87' lang='grc' dir='ltr'><strong>τά</strong></span> <span class='ocrx_word' id='word_1_591' title='bbox 2903 3503 3017 3568; x_wconf 72' lang='grc' dir='ltr'><strong>ἐξῆς</strong></span> <span class='ocrx_word' id='word_1_592' title='bbox 3064 3522 3076 3534; x_wconf 90' lang='grc'><strong>·</strong></span> <span class='ocrx_word' id='word_1_593' title='bbox 3112 3505 3160 3556; x_wconf 83' lang='grc' dir='ltr'>ἐν</span> <span class='ocrx_word' id='word_1_594' title='bbox 3201 3502 3260 3558; x_wconf 71' lang='grc' dir='ltr'><em>δὲ</em></span> <span class='ocrx_word' id='word_1_595' title='bbox 3320 3513 3382 3577; x_wconf 75' lang='grc' dir='ltr'>τῇ</span> <span class='ocrx_word' id='word_1_596' title='bbox 3423 3507 3640 3577; x_wconf 72' lang='grc' dir='ltr'>τετάρτη</span> <span class='ocrx_word' id='word_1_597' title='bbox 3697 3504 3920 3571; x_wconf 75' lang='grc' dir='ltr'>ἀπῆλθε,</span> 
     </span>
    </p>
   </div>
   <div class='ocr_carea' id='block_1_89' title="bbox 2314 3594 3923 3671">
    <p class='ocr_par' dir='ltr' id='par_1_89' title="bbox 2314 3594 3923 3671">
     <span class='ocr_line' id='line_1_89' title="bbox 2314 3594 3923 3671; baseline -0.003 -21"><span class='ocrx_word' id='word_1_598' title='bbox 2314 3601 2610 3671; x_wconf 85' lang='grc' dir='ltr'>περιμείνας</span> <span class='ocrx_word' id='word_1_599' title='bbox 2661 3598 2743 3647; x_wconf 84' lang='grc' dir='ltr'><strong>ἱνα</strong></span> <span class='ocrx_word' id='word_1_600' title='bbox 2824 3595 2980 3666; x_wconf 79' lang='grc' dir='ltr'>όζέση</span> <span class='ocrx_word' id='word_1_601' title='bbox 3039 3596 3173 3646; x_wconf 81' lang='grc' dir='ltr'>ὥστε</span> <span class='ocrx_word' id='word_1_602' title='bbox 3225 3594 3374 3648; x_wconf 79' lang='grc' dir='ltr'>πλέον</span> <span class='ocrx_word' id='word_1_603' title='bbox 3427 3603 3647 3667; x_wconf 73' lang='grc' dir='ltr'>φανῆναι</span> <span class='ocrx_word' id='word_1_604' title='bbox 3720 3599 3780 3647; x_wconf 88' lang='grc' dir='ltr'>τὸ</span> <span class='ocrx_word' id='word_1_605' title='bbox 3833 3615 3923 3668; x_wconf 60' lang='grc' dir='ltr'><strong>μοι</strong></span> 
     </span>
    </p>
   </div>
   <div class='ocr_carea' id='block_1_90' title="bbox 2315 3240 2962 3312">
    <p class='ocr_par' dir='ltr' id='par_1_90' title="bbox 2315 3240 2962 3312">
     <span class='ocr_line' id='line_1_90' title="bbox 2315 3240 2962 3312; baseline -0.002 -21"><span class='ocrx_word' id='word_1_606' title='bbox 2315 3240 2477 3297; x_wconf 71' lang='grc' dir='ltr'>αὐτὴν</span> <span class='ocrx_word' id='word_1_607' title='bbox 2507 3241 2611 3312; x_wconf 83' lang='grc' dir='ltr'><strong>άρα</strong></span> <span class='ocrx_word' id='word_1_608' title='bbox 2635 3244 2728 3297; x_wconf 81' lang='grc' dir='ltr'>τὴν</span> <span class='ocrx_word' id='word_1_609' title='bbox 2767 3241 2962 3312; x_wconf 76' lang='grc' dir='ltr'>ἡμέραν</span> 
     </span>
    </p>
   </div>
   <div class='ocr_carea' id='block_1_91' title="bbox 2313 3680 3920 3758">
    <p class='ocr_par' dir='ltr' id='par_1_91' title="bbox 2313 3680 3920 3758">
     <span class='ocr_line' id='line_1_91' title="bbox 2313 3680 3920 3758; baseline 0 -20"><span class='ocrx_word' id='word_1_610' title='bbox 2313 3686 2515 3758; x_wconf 72' lang='grc' dir='ltr'>γαλεῐον</span> <span class='ocrx_word' id='word_1_611' title='bbox 2550 3693 2646 3747; x_wconf 81' lang='grc' dir='ltr'>τῆς</span> <span class='ocrx_word' id='word_1_612' title='bbox 2704 3685 2864 3737; x_wconf 69' lang='grc' dir='ltr'>αὐτοῦ</span> <span class='ocrx_word' id='word_1_613' title='bbox 2895 3680 3183 3756; x_wconf 75' lang='grc' dir='ltr'>δυνάμεως.</span> <span class='ocrx_word' id='word_1_614' title='bbox 3227 3683 3400 3738; x_wconf 73' lang='grc' dir='ltr'><strong>Αὐταὶ</strong></span> <span class='ocrx_word' id='word_1_615' title='bbox 3453 3681 3513 3737; x_wconf 73' lang='grc' dir='ltr'><strong>δε</strong></span> <span class='ocrx_word' id='word_1_616' title='bbox 3540 3684 3715 3737; x_wconf 71' lang='grc' dir='ltr'>οὐκέτι</span> <span class='ocrx_word' id='word_1_617' title='bbox 3754 3683 3920 3738; x_wconf 78' lang='grc' dir='ltr'>ἀπεσ-</span> 
     </span>
    </p>
   </div>
   <div class='ocr_carea' id='block_1_92' title="bbox 2315 3773 3917 3847">
    <p class='ocr_par' dir='ltr' id='par_1_92' title="bbox 2315 3773 3917 3847">
     <span class='ocr_line' id='line_1_92' title="bbox 2315 3773 3917 3847; baseline -0.001 -19"><span class='ocrx_word' id='word_1_618' title='bbox 2315 3776 2482 3828; x_wconf 86' lang='grc' dir='ltr'>τειλαν</span> <span class='ocrx_word' id='word_1_619' title='bbox 2514 3778 2644 3847; x_wconf 87' lang='grc' dir='ltr'>πρὸς</span> <span class='ocrx_word' id='word_1_620' title='bbox 2692 3774 2862 3839; x_wconf 75' lang='grc' dir='ltr'>αὑτὸν,</span> <span class='ocrx_word' id='word_1_621' title='bbox 2915 3775 3238 3845; x_wconf 72' lang='grc' dir='ltr'>ἀπογνοῦσαι</span> <span class='ocrx_word' id='word_1_622' title='bbox 3287 3773 3464 3826; x_wconf 88' lang='grc' dir='ltr'>λοιπόν</span> <span class='ocrx_word' id='word_1_623' title='bbox 3502 3778 3595 3831; x_wconf 77' lang='grc' dir='ltr'>τὴν</span> <span class='ocrx_word' id='word_1_624' title='bbox 3643 3774 3783 3834; x_wconf 81' lang='grc' dir='ltr'>ζωὴν</span> <span class='ocrx_word' id='word_1_625' title='bbox 3822 3784 3917 3826; x_wconf 81' lang='grc' dir='ltr'>τοῦ</span> 
     </span>
    </p>
   </div>
   <div class='ocr_carea' id='block_1_93' title="bbox 2315 3861 2558 3936">
    <p class='ocr_par' dir='ltr' id='par_1_93' title="bbox 2315 3861 2558 3936">
     <span class='ocr_line' id='line_1_93' title="bbox 2315 3861 2558 3936; baseline 0 -20"><span class='ocrx_word' id='word_1_626' title='bbox 2315 3861 2538 3936; x_wconf 79' lang='grc' dir='ltr'>ἀδελφοῦ</span> <span class='ocrx_word' id='word_1_627' title='bbox 2547 3903 2558 3916; x_wconf 93' lang='grc'><strong>.</strong></span> 
     </span>
    </p>
   </div>
   <div class='ocr_carea' id='block_1_94' title="bbox 2385 3951 3910 4026">
    <p class='ocr_par' dir='ltr' id='par_1_94' title="bbox 2385 3951 3910 4026">
     <span class='ocr_line' id='line_1_94' title="bbox 2385 3951 3910 4026; baseline 0.001 -22"><span class='ocrx_word' id='word_1_628' title='bbox 2385 3953 2479 4005; x_wconf 83' lang='grc' dir='ltr'>Ἢν</span> <span class='ocrx_word' id='word_1_629' title='bbox 2507 3984 2572 3992; x_wconf 92' lang='grc'><strong>-</strong></span> <span class='ocrx_word' id='word_1_630' title='bbox 2603 3951 2790 4005; x_wconf 68' lang='grc' dir='ltr'>αὐτῶν.</span> <span class='ocrx_word' id='word_1_631' title='bbox 2849 3983 2915 3992; x_wconf 85' lang='grc'><strong>-</strong></span> <span class='ocrx_word' id='word_1_632' title='bbox 2948 3955 3085 4026; x_wconf 86' lang='grc' dir='ltr'>Πρός</span> <span class='ocrx_word' id='word_1_633' title='bbox 3135 3953 3223 4012; x_wconf 82' lang='grc' dir='ltr'><strong>τὰς</strong></span> <span class='ocrx_word' id='word_1_634' title='bbox 3262 3956 3381 4026; x_wconf 78' lang='grc' dir='ltr'>περὶ</span> <span class='ocrx_word' id='word_1_635' title='bbox 3410 3953 3630 4025; x_wconf 80' lang='grc' dir='ltr'>Μάρθαν</span> <span class='ocrx_word' id='word_1_636' title='bbox 3682 3956 3770 4003; x_wconf 85' lang='grc' dir='ltr'>καὶ</span> <span class='ocrx_word' id='word_1_637' title='bbox 3799 3959 3910 4005; x_wconf 69' lang='grc' dir='ltr'><strong>Μα-</strong></span> 
     </span>
    </p>
   </div>
   <div class='ocr_carea' id='block_1_95' title="bbox 2312 4043 3904 4116">
    <p class='ocr_par' dir='ltr' id='par_1_95' title="bbox 2312 4043 3904 4116">
     <span class='ocr_line' id='line_1_95' title="bbox 2312 4043 3904 4116; baseline -0.001 -22"><span class='ocrx_word' id='word_1_638' title='bbox 2312 4047 2446 4116; x_wconf 78' lang='grc' dir='ltr'>ρίαν,</span> <span class='ocrx_word' id='word_1_639' title='bbox 2506 4046 2740 4094; x_wconf 76' lang='grc' dir='ltr'>τουτέστι</span> <span class='ocrx_word' id='word_1_640' title='bbox 2775 4044 2904 4114; x_wconf 78' lang='grc' dir='ltr'>πρὸς</span> <span class='ocrx_word' id='word_1_641' title='bbox 2941 4043 3159 4115; x_wconf 87' lang='grc' dir='ltr'>Μάρθαν</span> <span class='ocrx_word' id='word_1_642' title='bbox 3202 4046 3292 4092; x_wconf 81' lang='grc' dir='ltr'>καὶ</span> <span class='ocrx_word' id='word_1_643' title='bbox 3330 4045 3556 4114; x_wconf 82' lang='grc' dir='ltr'>Μαρίαν.</span> <span class='ocrx_word' id='word_1_644' title='bbox 3620 4045 3719 4092; x_wconf 77' lang='grc' dir='ltr'><strong>Καὶ</strong></span> <span class='ocrx_word' id='word_1_645' title='bbox 3756 4049 3904 4093; x_wconf 75' lang='grc' dir='ltr'>τοῦτο</span> 
     </span>
    </p>
   </div>
   <div class='ocr_carea' id='block_1_96' title="bbox 2310 4127 3904 4203">
    <p class='ocr_par' dir='ltr' id='par_1_96' title="bbox 2310 4127 3904 4203">
     <span class='ocr_line' id='line_1_96' title="bbox 2310 4127 3904 4203; baseline -0.002 -21"><span class='ocrx_word' id='word_1_646' title='bbox 2310 4134 2412 4203; x_wconf 75' lang='grc' dir='ltr'><strong>γὰρ</strong></span> <span class='ocrx_word' id='word_1_647' title='bbox 2447 4127 2644 4202; x_wconf 79' lang='grc' dir='ltr'>ἱδιωμα</span> <span class='ocrx_word' id='word_1_648' title='bbox 2663 4130 2836 4200; x_wconf 72' lang='grc' dir='ltr'>λόγου.</span> <span class='ocrx_word' id='word_1_649' title='bbox 2861 4129 3018 4183; x_wconf 84' lang='grc' dir='ltr'>Ἀλλὰ</span> <span class='ocrx_word' id='word_1_650' title='bbox 3045 4138 3148 4189; x_wconf 83' lang='grc' dir='ltr'>πὼς</span> <span class='ocrx_word' id='word_1_651' title='bbox 3170 4129 3332 4191; x_wconf 69' lang='grc' dir='ltr'>αὐτὰς</span> <span class='ocrx_word' id='word_1_652' title='bbox 3347 4129 3904 4202; x_wconf 48' lang='lat' dir='ltr'><strong>«cyanea-5:10.90“</strong></span> 
     </span>
    </p>
   </div>
   <div class='ocr_carea' id='block_1_97' title="bbox 2313 4215 3897 4288">
    <p class='ocr_par' dir='ltr' id='par_1_97' title="bbox 2313 4215 3897 4288">
     <span class='ocr_line' id='line_1_97' title="bbox 2313 4215 3897 4288; baseline -0.003 -16"><span class='ocrx_word' id='word_1_653' title='bbox 2313 4223 2476 4282; x_wconf 74' lang='grc' dir='ltr'>οὔσας</span> <span class='ocrx_word' id='word_1_654' title='bbox 2500 4228 2590 4272; x_wconf 76' lang='grc' dir='ltr'>τοῦ</span> <span class='ocrx_word' id='word_1_655' title='bbox 2623 4219 2801 4276; x_wconf 81' lang='grc' dir='ltr'><strong>Ἰησού</strong></span> <span class='ocrx_word' id='word_1_656' title='bbox 2842 4235 2856 4284; x_wconf 90' lang='grc'><strong>;</strong></span> <span class='ocrx_word' id='word_1_657' title='bbox 2895 4220 3104 4279; x_wconf 86' lang='grc' dir='ltr'>Πάντως</span> <span class='ocrx_word' id='word_1_658' title='bbox 3135 4219 3164 4277; x_wconf 74' lang='grc' dir='ltr'>ἢ</span> <span class='ocrx_word' id='word_1_659' title='bbox 3197 4215 3290 4270; x_wconf 77' lang='grc' dir='ltr'><strong>διὰ</strong></span> <span class='ocrx_word' id='word_1_660' title='bbox 3317 4222 3413 4276; x_wconf 77' lang='grc' dir='ltr'>τὴν</span> <span class='ocrx_word' id='word_1_661' title='bbox 3443 4217 3694 4288; x_wconf 74' lang='grc' dir='ltr'>εὐγένειαν</span> <span class='ocrx_word' id='word_1_662' title='bbox 3720 4219 3897 4285; x_wconf 61' lang='grc' dir='ltr'>αὐτῶν,</span> 
     </span>
    </p>
   </div>
   <div class='ocr_carea' id='block_1_98' title="bbox 2313 4304 3896 4381">
    <p class='ocr_par' dir='ltr' id='par_1_98' title="bbox 2313 4304 3896 4381">
     <span class='ocr_line' id='line_1_98' title="bbox 2313 4304 3896 4381; baseline -0.003 -20"><span class='ocrx_word' id='word_1_663' title='bbox 2313 4311 2341 4368; x_wconf 74' lang='grc' dir='ltr'><strong><em>ἦ</em></strong></span> <span class='ocrx_word' id='word_1_664' title='bbox 2374 4305 2465 4361; x_wconf 74' lang='grc' dir='ltr'><strong>διὰ</strong></span> <span class='ocrx_word' id='word_1_665' title='bbox 2496 4311 2589 4370; x_wconf 87' lang='grc' dir='ltr'><strong>τάς</strong></span> <span class='ocrx_word' id='word_1_666' title='bbox 2618 4307 2775 4367; x_wconf 83' lang='grc' dir='ltr'>άλλας</span> <span class='ocrx_word' id='word_1_667' title='bbox 2823 4305 3026 4381; x_wconf 79' lang='grc' dir='ltr'>ἀρετὰς,</span> <span class='ocrx_word' id='word_1_668' title='bbox 3066 4308 3095 4366; x_wconf 76' lang='grc' dir='ltr'><em>ἦ</em></span> <span class='ocrx_word' id='word_1_669' title='bbox 3149 4304 3243 4360; x_wconf 76' lang='grc' dir='ltr'><strong>διὰ</strong></span> <span class='ocrx_word' id='word_1_670' title='bbox 3291 4310 3348 4359; x_wconf 89' lang='grc' dir='ltr'>τὸ</span> <span class='ocrx_word' id='word_1_671' title='bbox 3391 4308 3604 4378; x_wconf 68' lang='grc' dir='ltr'>μέγεθος</span> <span class='ocrx_word' id='word_1_672' title='bbox 3655 4316 3744 4368; x_wconf 69' lang='grc' dir='ltr'>τῆς</span> <span class='ocrx_word' id='word_1_673' title='bbox 3776 4326 3896 4378; x_wconf 69' lang='grc' dir='ltr'>συμ-</span> 
     </span>
    </p>
   </div>
   <div class='ocr_carea' id='block_1_99' title="bbox 2314 4405 2488 4470">
    <p class='ocr_par' dir='ltr' id='par_1_99' title="bbox 2314 4405 2488 4470">
     <span class='ocr_line' id='line_1_99' title="bbox 2314 4405 2488 4470; baseline 0.017 -21"><span class='ocrx_word' id='word_1_674' title='bbox 2314 4405 2488 4470; x_wconf 74' lang='grc' dir='ltr'>φορᾶς.</span> 
     </span>
    </p>
   </div>
   <div class='ocr_carea' id='block_1_100' title="bbox 2384 4660 3862 4738">
    <p class='ocr_par' dir='ltr' id='par_1_100' title="bbox 2384 4660 3862 4738">
     <span class='ocr_line' id='line_1_100' title="bbox 2384 4660 3862 4738; baseline -0.005 -19"><span class='ocrx_word' id='word_1_675' title='bbox 2384 4665 2581 4725; x_wconf 79' lang='grc' dir='ltr'>Ἀλλως</span> <span class='ocrx_word' id='word_1_676' title='bbox 2610 4683 2682 4732; x_wconf 87' lang='grc' dir='ltr'>τε,</span> <span class='ocrx_word' id='word_1_677' title='bbox 2708 4664 2762 4716; x_wconf 60' lang='grc' dir='ltr'>οὐ</span> <span class='ocrx_word' id='word_1_678' title='bbox 2774 4661 2822 4716; x_wconf 76' lang='grc' dir='ltr'><strong>δ’</strong></span> <span class='ocrx_word' id='word_1_679' title='bbox 2846 4660 2980 4723; x_wconf 74' lang='grc' dir='ltr'>ἦσαν</span> <span class='ocrx_word' id='word_1_680' title='bbox 3011 4664 3152 4716; x_wconf 77' lang='grc' dir='ltr'>οὗτοι</span> <span class='ocrx_word' id='word_1_681' title='bbox 3183 4671 3282 4716; x_wconf 86' lang='grc' dir='ltr'>τῶν</span> <span class='ocrx_word' id='word_1_682' title='bbox 3306 4664 3469 4721; x_wconf 85' lang='grc' dir='ltr'>πάντη</span> <span class='ocrx_word' id='word_1_683' title='bbox 3517 4673 3742 4738; x_wconf 80' lang='grc' dir='ltr'>πονηρῶν</span> <span class='ocrx_word' id='word_1_684' title='bbox 3765 4678 3775 4692; x_wconf 83' lang='grc'>⁶</span> <span class='ocrx_word' id='word_1_685' title='bbox 3797 4668 3862 4711; x_wconf 73' lang='grc' dir='ltr'><strong>ιιι</strong></span> 
     </span>
    </p>
   </div>
   <div class='ocr_carea' id='block_1_101' title="bbox 2315 4750 3690 4813">
    <p class='ocr_par' dir='ltr' id='par_1_101' title="bbox 2315 4750 3690 4813">
     <span class='ocr_line' id='line_1_101' title="bbox 2315 4750 3690 4813; baseline -0.002 -7"><span class='ocrx_word' id='word_1_686' title='bbox 2315 4762 2466 4806; x_wconf 84' lang='grc' dir='ltr'>τοῦτο</span> <span class='ocrx_word' id='word_1_687' title='bbox 2506 4750 2663 4812; x_wconf 83' lang='grc' dir='ltr'>δῆλον</span> <span class='ocrx_word' id='word_1_688' title='bbox 2686 4758 2786 4805; x_wconf 76' lang='grc' dir='ltr'>ἀπὸ</span> <span class='ocrx_word' id='word_1_689' title='bbox 2826 4761 2918 4805; x_wconf 78' lang='grc' dir='ltr'>τοῦ</span> <span class='ocrx_word' id='word_1_690' title='bbox 2956 4761 3240 4806; x_wconf 76' lang='grc' dir='ltr'>πιστεῦσαι</span> <span class='ocrx_word' id='word_1_691' title='bbox 3264 4751 3477 4813; x_wconf 81' lang='grc' dir='ltr'>πολλοὺς</span> <span class='ocrx_word' id='word_1_692' title='bbox 3507 4753 3690 4807; x_wconf 68' lang='grc' dir='ltr'>αὐτῶν.</span> 
     </span>
    </p>
   </div>
   <div class='ocr_carea' id='block_1_102' title="bbox 2386 4927 3882 5004">
    <p class='ocr_par' dir='ltr' id='par_1_102' title="bbox 2386 4927 3882 5004">
     <span class='ocr_line' id='line_1_102' title="bbox 2386 4927 3882 5004; baseline -0.001 -20"><span class='ocrx_word' id='word_1_693' title='bbox 2386 4931 2442 4984; x_wconf 81' lang='grc' dir='ltr'>Ἡ</span> <span class='ocrx_word' id='word_1_694' title='bbox 2497 4927 2585 4983; x_wconf 79' lang='grc' dir='ltr'>οὖν</span> <span class='ocrx_word' id='word_1_695' title='bbox 2643 4932 2834 5004; x_wconf 82' lang='grc' dir='ltr'>Μάρθα</span> <span class='ocrx_word' id='word_1_696' title='bbox 2883 4962 2937 4973; x_wconf 89' lang='grc'><strong>-</strong></span> <span class='ocrx_word' id='word_1_697' title='bbox 3004 4931 3293 4992; x_wconf 78' lang='grc' dir='ltr'>ἐκαθέζετο.</span> <span class='ocrx_word' id='word_1_698' title='bbox 3357 4929 3499 4990; x_wconf 73' lang='grc' dir='ltr'><strong>Λότή</strong></span> <span class='ocrx_word' id='word_1_699' title='bbox 3565 4935 3691 5003; x_wconf 76' lang='grc' dir='ltr'>μόνη</span> <span class='ocrx_word' id='word_1_700' title='bbox 3750 4939 3882 4983; x_wconf 72' lang='grc' dir='ltr'>τοῦτο</span> 
     </span>
    </p>
   </div>
   <div class='ocr_carea' id='block_1_103' title="bbox 2318 5017 3882 5092">
    <p class='ocr_par' dir='ltr' id='par_1_103' title="bbox 2318 5017 3882 5092">
     <span class='ocr_line' id='line_1_103' title="bbox 2318 5017 3882 5092; baseline -0.001 -19"><span class='ocrx_word' id='word_1_701' title='bbox 2318 5019 2612 5085; x_wconf 70' lang='grc' dir='ltr'>ἀκούσασα,</span> <span class='ocrx_word' id='word_1_702' title='bbox 2675 5020 2766 5072; x_wconf 65' lang='grc' dir='ltr'>οὐκ</span> <span class='ocrx_word' id='word_1_703' title='bbox 2825 5019 3135 5073; x_wconf 81' lang='grc' dir='ltr'>ἐκοινώσατο</span> <span class='ocrx_word' id='word_1_704' title='bbox 3190 5024 3280 5072; x_wconf 85' lang='grc' dir='ltr'>καὶ</span> <span class='ocrx_word' id='word_1_705' title='bbox 3340 5024 3464 5091; x_wconf 83' lang='grc' dir='ltr'>πρὸς</span> <span class='ocrx_word' id='word_1_706' title='bbox 3517 5025 3611 5078; x_wconf 75' lang='grc' dir='ltr'>τήν</span> <span class='ocrx_word' id='word_1_707' title='bbox 3663 5017 3882 5092; x_wconf 63' lang='grc' dir='ltr'>ἀδελφὴν,</span> 
     </span>
    </p>
   </div>
   <div class='ocr_carea' id='block_1_104' title="bbox 2319 5108 3886 5184">
    <p class='ocr_par' dir='ltr' id='par_1_104' title="bbox 2319 5108 3886 5184">
     <span class='ocr_line' id='line_1_104' title="bbox 2319 5108 3886 5184; baseline 0 -22"><span class='ocrx_word' id='word_1_708' title='bbox 2319 5113 2401 5162; x_wconf 84' lang='grc' dir='ltr'><strong>ἱνα</strong></span> <span class='ocrx_word' id='word_1_709' title='bbox 2429 5113 2523 5181; x_wconf 80' lang='grc' dir='ltr'><strong>μὴ,</strong></span> <span class='ocrx_word' id='word_1_710' title='bbox 2556 5108 2792 5166; x_wconf 77' lang='grc' dir='ltr'>κάκείνης</span> <span class='ocrx_word' id='word_1_711' title='bbox 2818 5108 3143 5173; x_wconf 71' lang='grc' dir='ltr'>ἐξελθούσης,</span> <span class='ocrx_word' id='word_1_712' title='bbox 3199 5108 3561 5182; x_wconf 74' lang='grc' dir='ltr'>θορυϐηθῶσιν</span> <span class='ocrx_word' id='word_1_713' title='bbox 3593 5111 3639 5161; x_wconf 84' lang='grc' dir='ltr'>οἱ</span> <span class='ocrx_word' id='word_1_714' title='bbox 3667 5129 3886 5184; x_wconf 78' lang='grc' dir='ltr'>παραμυ-</span> 
     </span>
    </p>
   </div>
   <div class='ocr_carea' id='block_1_105' title="bbox 2322 5201 2579 5270">
    <p class='ocr_par' dir='ltr' id='par_1_105' title="bbox 2322 5201 2579 5270">
     <span class='ocr_line' id='line_1_105' title="bbox 2322 5201 2579 5270; baseline -0.004 -18"><span class='ocrx_word' id='word_1_715' title='bbox 2322 5201 2579 5270; x_wconf 81' lang='grc' dir='ltr'>θούμενοι.</span> 
     </span>
    </p>
   </div>
   <div class='ocr_carea' id='block_1_106' title="bbox 1769 5375 2689 5446">
    <p class='ocr_par' dir='ltr' id='par_1_106' title="bbox 1769 5375 2689 5446">
     <span class='ocr_line' id='line_1_106' title="bbox 1769 5375 2689 5446; baseline -0.004 0"><span class='ocrx_word' id='word_1_716' title='bbox 1769 5375 1989 5446; x_wconf 73' lang='lat' dir='ltr'><strong>Variae</strong></span> <span class='ocrx_word' id='word_1_717' title='bbox 2027 5376 2355 5446; x_wconf 89' lang='lat' dir='ltr'><strong>lectiones</strong></span> <span class='ocrx_word' id='word_1_718' title='bbox 2388 5386 2454 5445; x_wconf 93' lang='lat' dir='ltr'><strong>et</strong></span> <span class='ocrx_word' id='word_1_719' title='bbox 2485 5387 2689 5446; x_wconf 67' lang='lat' dir='ltr'><strong>notae.</strong></span> 
     </span>
    </p>
   </div>
   <div class='ocr_carea' id='block_1_107' title="bbox 611 5570 1322 5646">
    <p class='ocr_par' dir='ltr' id='par_1_107' title="bbox 611 5570 1322 5646">
     <span class='ocr_line' id='line_1_107' title="bbox 611 5570 1322 5646; baseline 0.006 -20"><span class='ocrx_word' id='word_1_720' title='bbox 611 5570 725 5646; x_wconf 67' lang='lat' dir='ltr'><strong>(2e)</strong></span> <span class='ocrx_word' id='word_1_721' title='bbox 756 5570 987 5628; x_wconf 85' lang='lat' dir='ltr'><strong>inclusa</strong></span> <span class='ocrx_word' id='word_1_722' title='bbox 1014 5572 1233 5646; x_wconf 85' lang='lat' dir='ltr'><strong>absunt</strong></span> <span class='ocrx_word' id='word_1_723' title='bbox 1259 5577 1322 5630; x_wconf 85' lang='lat' dir='ltr'><strong>A.</strong></span> 
     </span>
    </p>
   </div>
   <div class='ocr_carea' id='block_1_108' title="bbox 615 5643 2204 5720">
    <p class='ocr_par' dir='ltr' id='par_1_108' title="bbox 615 5643 2204 5720">
     <span class='ocr_line' id='line_1_108' title="bbox 615 5643 2204 5720; baseline 0.004 -23"><span class='ocrx_word' id='word_1_724' title='bbox 615 5643 734 5717; x_wconf 70' lang='lat'><strong>(27&#39;)</strong></span> <span class='ocrx_word' id='word_1_725' title='bbox 762 5646 878 5700; x_wconf 84' lang='lat' dir='ltr'><strong>Hoc</strong></span> <span class='ocrx_word' id='word_1_726' title='bbox 909 5645 1312 5720; x_wconf 66' lang='lat' dir='ltr'><strong>prmtermisso</strong></span> <span class='ocrx_word' id='word_1_727' title='bbox 1343 5643 1664 5714; x_wconf 90' lang='lat' dir='ltr'><strong>vocabulo,</strong></span> <span class='ocrx_word' id='word_1_728' title='bbox 1698 5647 1925 5703; x_wconf 83' lang='lat' dir='ltr'><strong>textum</strong></span> <span class='ocrx_word' id='word_1_729' title='bbox 1951 5645 2204 5718; x_wconf 88' lang='lat' dir='ltr'><strong>conjun-</strong></span> 
     </span>
    </p>
   </div>
   <div class='ocr_carea' id='block_1_109' title="bbox 2310 5573 2756 5632">
    <p class='ocr_par' dir='ltr' id='par_1_109' title="bbox 2310 5573 2756 5632">
     <span class='ocr_line' id='line_1_109' title="bbox 2310 5573 2756 5632; baseline -0.004 -2"><span class='ocrx_word' id='word_1_730' title='bbox 2310 5575 2391 5632; x_wconf 87' lang='lat' dir='ltr'><strong>xit</strong></span> <span class='ocrx_word' id='word_1_731' title='bbox 2414 5573 2756 5630; x_wconf 88' lang='lat' dir='ltr'><strong>Hentenius.</strong></span> 
     </span>
    </p>
   </div>
   <div class='ocr_carea' id='block_1_110' title="bbox 2385 5644 3124 5722">
    <p class='ocr_par' dir='ltr' id='par_1_110' title="bbox 2385 5644 3124 5722">
     <span class='ocr_line' id='line_1_110' title="bbox 2385 5644 3124 5722; baseline 0.003 -22"><span class='ocrx_word' id='word_1_732' title='bbox 2385 5646 2496 5720; x_wconf 70' lang='grc'><strong>(28)</strong></span> <span class='ocrx_word' id='word_1_733' title='bbox 2529 5645 2696 5708; x_wconf 69' lang='grc' dir='ltr'>Αὐτός</span> <span class='ocrx_word' id='word_1_734' title='bbox 2725 5661 2828 5722; x_wconf 89' lang='lat' dir='ltr'><strong>pro</strong></span> <span class='ocrx_word' id='word_1_735' title='bbox 2860 5644 3029 5710; x_wconf 74' lang='grc' dir='ltr'>οὗτος,</span> <span class='ocrx_word' id='word_1_736' title='bbox 3061 5647 3124 5702; x_wconf 82' lang='grc' dir='ltr'>Α.</span> 
     </span>
    </p>
   </div>
  </div>
