4130 6320
191 303 223 365 1
241 304 371 367 345

1302 288 1663 353 COMMENT.
1708 292 1777 350 IN
1817 286 2161 350 JOANNEM.
2201 325 2272 337 -
2312 288 2471 352 CAP.
2512 288 2605 351 XI.

3446 305 3588 359 1346

284 430 452 489 Εἶπεν
482 462 551 473 -
609 435 756 491 Θεός.
808 460 875 469 —-—
915 427 974 480 Ei
1008 424 1066 488 ἧς
1100 423 1223 493 ὦδε,
1274 427 1299 476 6
1341 421 1560 496 ἀδελφός
1602 442 1701 496 μου
1733 421 1826 474 οὐκ

2010 422 2175 475 Vers.
2201 420 2289 474 21.
2322 422 2488 477 Dixit
2519 451 2588 462 —
2614 422 2777 477 Vers.
2831 425 2918 478 2'2.
2942 424 3084 481 Deus
3133 424 3193 482 Si
3234 422 3445 497 fuisses
3468 429 3586 496 hic,

190 526 275 576 ἄν
338 522 621 579 ὶτεθνήκει.
678 518 889 576 Ἠτήσω
932 520 1034 592 γὰρ
1093 518 1153 568 ἄν
1200 518 1287 567 τὸν
1348 518 1469 568 Θεὸν
1528 515 1652 585 ὑπὲρ
1712 513 1823 583 ('29)

189 620 312 665 τοῦ
342 616 419 684 μὴ
451 610 724 662 ἀποθανεῖν
752 607 926 673 αὐτόν,
959 612 1049 658 καὶ
1080 605 1433 663 εἰσηκούσθης
1473 604 1531 655 ἄν
1562 606 1627 663 ὡς
1660 604 1824 672 θεοφι-

189 702 272 761 λὴ
286 722 335 764 ς.
378 703 539 753 Οὔπω
565 701 665 772 γὰρ
690 696 963 768 ἐγίνωσκεν
989 698 1067 748 ὅτι
1090 695 1133 747 εἰ
1160 700 1249 747 καὶ
1274 695 1338 755 ὡς
1368 694 1637 765 ἄνθρωπος
1667 689 1822 756 ἀπῆν,

196 789 334 842 ἀλλ’
359 792 427 849 ὡς
456 790 577 849 Θεὸς
605 795 795 859 παρῆν.

298 971 459 1038 Λέγει
509 995 571 1007 —-
623 965 809 1037 ἡμέρᾳ.
869 961 1030 1014 Ὥστε
1072 964 1254 1013 καὶτὸ
1299 956 1439 1013 Οἶδα
1486 961 1565 1011 ὅτι
1621 960 1721 1010 ὅσα
1766 960 1825 1009 ἄν

200 1057 423 1128 αἰτήσῃ
484 1058 571 1107 τὸν
620 1056 768 1122 Θεὸν,
831 1048 991 1103 δώσει
1046 1070 1129 1103 σοι
1182 1052 1207 1102 6
1262 1052 1411 1111 Θεὸς,
1466 1048 1523 1100 οὐ
1575 1052 1683 1121 περὶ
1734 1055 1825 1099 τοῦ

202 1145 522 1203 ἀναστῆναι
589 1142 699 1212 (30)
761 1141 916 1192 αὐτόν
957 1136 1113 1207 εἶπεν,
1192 1138 1318 1190 ἀλλὰ
1384 1144 1499 1210 περί
1569 1146 1660 1190 τοῦ
1751 1144 1821 1211 μή

205 1233 576 1308 ἀποῤῥιφῆναι
636 1230 790 1283 αὐτόν
844 1237 935 1281 τοῦ
990 1236 1142 1282 Θεοῦ.
1200 1231 1359 1280 Οὔπω
1405 1229 1502 1301 γὰρ
1552 1224 1662 1298 εἶχε
1710 1234 1825 1301 περὶ

204 1332 315 1375 τοῦ
383 1328 613 1392 Χριστοῦ
671 1324 764 1377 τήν
818 1324 1193 1391 προσήκουσαν
1247 1316 1525 1387 ὑπόληψιν
1582 1323 1671 1368 καὶ
1724 1320 1824 1388 γὰρ

205 1408 339 1464 οὐδ’
370 1413 419 1463 οἱ
449 1412 702 1483 μαθηταὶ,
744 1413 917 1460 καίτοι
962 1414 1191 1459 τοσαῦτα
1227 1411 1317 1457 καὶ
1348 1414 1563 1458 τοιαῦτα
1593 1411 1682 1458 καὶ
1714 1408 1825 1476 (31)

206 1499 544 1560 ἀκούσαντες
574 1503 662 1550 καὶ
691 1495 907 1558 ἰδόντες.

292 1596 449 1642 Εἶπεν
506 1619 569 1628 -—
621 1587 751 1647 ζωή.
799 1585 857 1638 Ἠ
914 1582 1138 1657 δύναμις
1166 1592 1261 1646 τῆς
1310 1583 1642 1645 ἀναστάσεως
1673 1589 1761 1636 καὶ
1791 1586 1821 1641 ἡ

205 1682 370 1749 πηγή
430 1685 525 1737 τῆς
564 1677 720 1742 ζωῆς,
767 1677 792 1726 6
843 1673 1064 1726 ἀνιστῶν
1117 1680 1206 1726 καὶ
1262 1676 1287 1725 6
1342 1673 1506 1737 ζωῶν,
1565 1677 1629 1734 ὡς
1678 1678 1821 1734 Θεὸς.

206 1774 435 1840 Πρῶτον
492 1770 582 1838 μεν
658 1762 745 1817 οὖν
812 1769 1032 1839 μετρίως
1105 1765 1263 1832 εἶπεν,
1335 1765 1719 1821 Ἀναστήσεται
1799 1763 1825 1813 6

210 1853 448 1928 ἀδελφός
502 1872 616 1907 σοιν
686 1854 883 1914 ἐκείνης
954 1850 1012 1905 δὲ
1101 1857 1173 1924 μὴ
1236 1856 1497 1912 συνιείσης
1564 1850 1826 1903 ἀποκαλύ-

210 1964 340 1999 πτει
399 1945 575 1997 λοιπόν
634 1948 726 2001 τήν
791 1946 1146 2016 κεκρυμμένην
1204 1940 1443 2004 ἕξουσίαν
1496 1940 1676 2006 αὐτοῦ,
1736 1946 1825 1992 καὶ

211 2034 405 2105 ἀνάγει
434 2037 519 2085 τὸν
548 2040 663 2085 νοῦν
691 2032 874 2093 αὐτῆς.

291 2123 354 2175 '0
411 2154 480 2164 —
544 2122 723 2175 αἰῶνα.
785 2122 895 2175 Κᾶν
964 2119 1194 2193 ἀποθάνῃ
1270 2116 1375 2178 ἤδη
1454 2123 1539 2171 τόν
1606 2118 1826 2170 ἐνταῦθα

218 2216 468 2279 θάνατον,
522 2216 740 2275 ζήσεται
769 2216 863 2268 τήν
909 2210 1020 2281 (3'2)
1067 2211 1170 2262 ἐκεῖ
1220 2210 1359 2269 ζωὴν
1406 2214 1498 2267 τήν
1538 2213 1821 2283 μακαρίαν.

221 2307 331 2356 Καὶ
386 2304 411 2353 6
470 2302 572 2363 ζῶν
611 2303 686 2353 ἔτι
741 2304 834 2358 τήν
891 2299 1109 2351 ἐνταῦθα
1169 2299 1308 2359 ζωήν
1366 2298 1423 2350 οὐ
1471 2303 1542 2370 μή
1589 2297 1821 2370 ἀποθάνῃ

217 2395 313 2444 τὸν
372 2390 476 2443 ἐκεῖ
513 2393 745 2459 θάνατον,
804 2392 889 2441 τὸν
946 2388 1143 2442 ἄθλιον.
1200 2394 1377 2440 Ταῦτα
1430 2388 1580 2439 εἰπὼν
1638 2384 1827 2449 ἔδειξεν

221 2482 311 2533 ὅτι
365 2480 534 2532 ἐκεῖνά
581 2480 695 2549 (33)
750 2478 879 2531 εἰσιν
920 2476 1114 2537 ἀληθής
1159 2477 1263 2536 ζωή
1298 2480 1388 2527 καὶ
1436 2476 1631 2537 ἀληθὴς
1678 2477 1828 2526 θάνα-

224 2590 343 2633 τος,
384 2572 452 2629 ὡς
508 2568 819 2621 ἀναλλοίωτα
857 2571 946 2619 καὶ
986 2562 1283 2637 ἁδιάδοχα,
1324 2563 1569 2616 κάκείνων
1599 2563 1830 2636 μάλιστα

218 2662 576 2734 φροντιστένν.

314 2838 582 2896 Πιστεύεις
611 2842 762 2887 τοῦτο
785 2852 798 2901 ;
820 2838 890 2887 T6
920 2832 1005 2906 ἔμε
1036 2830 1163 2885 εἶναι
1195 2837 1285 2891 τὴν
1314 2830 1598 2884 ἀνάστασιν
1623 2837 1712 2884 καὶ
1739 2836 1830 2891 τήν

227 2928 391 2987 ζωήν,
426 2930 514 2976 καὶ
544 2927 610 2976 τὰ
640 2924 770 2986 ἑξῆς.

302 3016 456 3084 Λέγει
531 3043 601 3055 —
702 3012 995 3086 ἐρχόμενος.

229 3104 416 3157 ἑαυτοῦ
481 3102 593 3173 (34)
643 3100 797 3167 εἶπεν,
880 3104 1025 3171 ἔγνω·
1112 3108 1215 3159 πῶς

1080 3010 1199 3063 Ὀτι
1276 3013 1365 3083 μεν
1436 3010 1634 3083 μεγάλα
1714 3016 1830 3085 περὶ

232 3194 479 3263 ἠγνόησε.
525 3194 619 3243 Διὰ
659 3198 811 3242 τοῦτο
855 3191 1022 3263 ἕτερον
1080 3188 1420 3261 ἐρωτηθεῖσα,
1481 3190 1646 3263 ἕτερον
1707 3187 1830 3241 ἁπο-

231 3286 481 3355 κρίνεται.
534 3279 689 3331 Ἀλλὰ
733 3281 886 3331 πόθεν
937 3277 1210 3349 ἐγίνωσκεν
1273 3280 1298 3330 ὅ
1356 3280 1647 3353 ἀπεκρίθης
1701 3279 1829 3331 Ἀπὸ

234 3377 334 3422 τῶν
381 3373 727 3421 πιστευόντων
770 3367 839 3428 εἰς
894 3366 1069 3420 αὐτόν.
1124 3372 1224 3419 Καὶ
1263 3370 1363 3441 γὰρ
1393 3372 1483 3418 καὶ
1534 3368 1654 3439 ὅπερ
1696 3365 1831 3417 ἀνω-

238 3462 365 3530 τέρω
408 3456 533 3524 εἷπε,
601 3460 679 3518 τό,
739 3453 881 3507 Οἶδα
942 3457 1021 3507 ὅτι
1080 3454 1435 3513 ἀναστήσεται
1493 3454 1540 3507 ἐν
1595 3463 1657 3527 τῇ
1716 3454 1833 3507 ἀνα-

490 3545 536 3596 ἑν
596 3554 656 3618 τῇ
725 3544 929 3617 ἐσχάτῃ
987 3546 1173 3617 ἡμέρᾳ,
1234 3545 1321 3596 ὑπ’
1566 3544 1724 3597 αὐτοῦ
1780 3564 1835 3597 τε

240 3642 329 3687 τοῦ
378 3642 611 3707 Χριστοῦ
645 3631 989 3694 διδάσκοντος
1040 3636 1213 3705 ἔμαθε,
1256 3638 1343 3685 καὶ
1398 3632 1496 3685 ἀπὸ
1538 3642 1635 3685 τῶν
1669 3636 1835 3705 μαθη-

244 3549 423 3598 στάσει

245 3732 339 3776 τῶν
390 3725 569 3775 αὐτοῦ.
637 3723 886 3783 Πολλάκις
937 3725 1037 3797 γὰρ
1097 3723 1219 3797 παρ’
1280 3722 1461 3784 αὐταῖς
1507 3722 1618 3795 μετ’
1668 3722 1835 3775 αὐτῶν

244 3811 613 3885 ίξενοδοχεῐτο.

315 3908 412 3956 Καὶ
440 3934 507 3942 -
534 3909 686 3974 φωνεῖ
713 3921 790 3958 σε,
822 3897 1254 3976 Προσδοκήσασά
1282 3921 1334 3953 τι
1374 3899 1567 3971 ἀγαθόν
1598 3899 1697 3953 ἀπὸ
1736 3909 1836 3953 τῶν

243 3993 401 4063 λόγων
433 3992 610 4059 αὐτοῦ,
645 3996 823 4064 τρέχει
852 3996 940 4043 καὶ
970 3990 1116 4042 καλεῖ
1140 3996 1230 4049 τήν
1264 3987 1488 4063 ἀδελφὴν
1523 3990 1708 4065 λάθρα,
1757 3993 1839 4043 ἶνα

246 4086 312 4155 μή
345 4084 391 4133 οἱ
420 4085 663 4155 παρόντες
697 4076 951 4133 Ἰουδαῖοι
980 4088 1131 4131 τοῦτο
1162 4088 1348 4151 γνῶσι,
1382 4085 1472 4131 καὶ
1503 4083 1635 4142 ἴσως
1670 4100 1835 4132 κατα-

247 4174 541 4244 μηνύσωσιν
596 4169 751 4221 αὐτὸ)
814 4177 918 4229 τοῖς
966 4167 1403 4221 ίπιϐουλεύουσιν.
1467 4167 1588 4222 Εἶπε
1632 4165 1709 4239 δε,
1759 4171 1837 4221 ὃτι

250 4267 399 4314 Φωνεῐ
430 4278 505 4324 σε,
542 4260 624 4311 ἵνα
663 4260 847 4312 θᾶττον
877 4256 1175 4330 ἀπαντήσῃ.

320 4441 496 4497 Εκείνη
532 4468 595 4478 -
627 4437 802 4490 αὐτόν.
836 4435 958 4489 ’Υπό
1007 4435 1204 4498 πολλῆς
1237 4434 1376 4508 μάλα
1400 4442 1494 4497 τῆς
1524 4438 1653 4509 πρὸς
1684 4436 1837 4489 αὐτὸν
1872 4472 1916 4526 D

254 4535 368 4599 τίμῆ
381 4549 423 4589 ςο

320 4620 475 4669 Οὔπω
525 4647 587 4657 —-
644 4618 854 4691 Μάρθα.
903 4615 1000 4668 Ἦν
1030 4617 1105 4666 ἔτι
1154 4614 1256 4666 ἐκεῖ
1294 4610 1567 4666 διδάσκων
1596 4618 1714 4675 τοὺς
1745 4619 1838 4668 σὺν

257 4706 406 4777 αὐτῷ,
446 4726 536 4758 και
563 4708 819 4781 προφάσει
868 4712 957 4756 τοῦ
1012 4700 1289 4757 διδάσκειν
1338 4708 1616 4776 περιμένων
1656 4704 1835 4774 αὐτας,

260 4798 333 4847 ἱνα
360 4800 427 4868 μὴ
480 4791 608 4867 δόξῃ
660 4791 922 4865 ἐπιπηδᾲν
964 4796 1032 4854 ὡς
1081 4789 1347 4865 φιλόδοξος
1378 4801 1448 4862 τῷ
1491 4795 1737 4864 θαύματι.
1770 4792 1839 4846 Ἢ

258 4891 393 4935 τοῦτο
424 4881 555 4935 εἶπεν
586 4885 611 4934 6
635 4882 1001 4954 εὖαγγελιστὴς
1024 4881 1274 4953 ἐμφαίνων
1302 4883 1380 4933 ὅτι
1401 4886 1490 4933 καὶ
1508 4883 1534 4939 ἡ
1552 4881 1838 4951 καλέσασα,

258 4977 337 5024 καὶ
366 4974 393 5029 ἠ
426 4972 676 5030 κληθεῖσα
705 4979 951 5023 τοσοῦτον
995 4970 1145 5033 ὀξέως
1176 4966 1420 5045 ἔδραμον,
1450 4972 1519 5032 ὡς
1541 4972 1841 5044 προφθᾱσαι

258 5061 399 5115 αὐτόν
426 5060 547 5114 ίκεῑ.

1934 513 2129 581 frater
2156 527 2316 568 meus
2352 527 2466 568 non
2494 512 2703 581 fuisset
2735 520 2993 569 mortuus
3024 532 3038 581 ;
3084 518 3397 587 petivisses
3424 536 3589 576 nam-

1937 617 2053 672 que
2084 618 2118 657 a
2153 605 2287 667 Deo,
2322 618 2395 657 ne
2427 602 2550 673 ipse
2603 610 2945 669 moreretur,
2984 609 3040 660 et
3064 606 3307 663 indubie
3350 608 3593 665 auditus

1938 690 2170 755 fuisses,
2219 696 2420 762 utpote
2455 692 2553 745 Dei
2600 691 2853 747 amicus.
2914 694 3193 750 Nondum
3247 697 3402 753 enim
3454 715 3593 769 cog-

1937 780 2235 850 noscebat,
2288 780 2475 851 quod,
2508 781 2640 836 licet
2689 786 2747 837 ut
2784 783 2969 839 homo
3002 783 3223 849 aberat,
3284 790 3482 843 tamen
3535 794 3596 845 ut

1938 871 2089 923 Deus
2115 884 2376 940 praesens
2415 874 2558 923 erat.

2006 957 2171 1011 Vers.
2206 962 2288 1013 23.
2328 958 2425 1012 Ait
2459 990 2526 998 —
2559 958 2724 1014 Vers.
2766 963 2855 1017 24.
2887 961 2999 1017 die.
3044 964 3213 1027 Quod
3244 980 3383 1035 ergo
3426 966 3595 1023 dixe-

1934 1051 2024 1101 rat
2056 1064 2068 1100 :
2100 1046 2232 1102 Scio
2258 1048 2416 1117 quod
2453 1063 2811 1120 quaecunque
2864 1054 3199 1120 poposceris
3227 1070 3264 1110 α
3303 1056 3443 1121 Deo,
3483 1058 3593 1115 da-

1937 1136 2015 1189 bit
2047 1135 2155 1189 ίιὸἰ
2184 1135 2352 1197 Deus,
2387 1152 2506 1191 non
2538 1136 2702 1201 dixit,
2744 1140 2903 1211 quod
2945 1157 3082 1196 eum
3133 1146 3590 1202 resuscitaturus

1935 1229 2106 1287 esset,
2139 1224 2240 1279 sed
2282 1241 2355 1279 ne
2406 1242 2441 1281 a
2489 1226 2605 1281 Deo
2659 1226 3016 1298 abjiceretur
3053 1248 3066 1285 :
3114 1232 3406 1304 siquidem
3439 1251 3589 1291 non-

1934 1313 2079 1368 dum
2138 1314 2586 1370 convenientem
2643 1318 2715 1373 de
2771 1318 2997 1374 Christo
3048 1320 3309 1379 habebat
3360 1325 3589 1395 opinio-

1934 1418 2094 1469 nem,
2130 1403 2281 1458 sicut
2324 1420 2431 1458 nec
2469 1404 2763 1476 discipuli,
2802 1408 2907 1478 qui
2951 1414 3145 1464 tamen
3199 1418 3280 1467 tot
3328 1430 3397 1469 ac
3430 1420 3593 1472 tanta

1934 1496 1990 1546 et
2014 1490 2326 1546 audierant
2348 1496 2403 1546 et
2442 1492 2731 1548 viderant.

2007 1582 2165 1634 Vers.
2199 1584 2285 1634 25.
2316 1580 2477 1637 Dixit
2525 1613 2594 1621 —
2642 1582 2781 1638 vita.
2832 1584 3029 1640 Virtus
3074 1591 3517 1647 resurrectionis
3540 1599 3597 1650 et

1935 1668 2067 1723 fons
2100 1669 2255 1739 vitae,
2276 1669 2378 1742 qui
2401 1669 2696 1727 exsuscito
2724 1672 3026 1746 vitamque
3058 1676 3270 1746 tribuo,
3304 1684 3596 1753 tanquam

1865 1758 2106 1820 BDeus.
2164 1758 2421 1813 Primum
2470 1760 2672 1831 itaque
2744 1761 3014 1818 modeste
3084 1765 3315 1823 locutus
3370 1777 3460 1825 est
3508 1771 3597 1827 di-

1934 1864 2074 1903 cens
2126 1864 2137 1902 :
2189 1848 2469 1917 Resurget
2490 1850 2691 1917 frater
2741 1858 2877 1906 tuus
2928 1858 3054 1923 ;at,
3108 1854 3211 1912 illa
3241 1858 3597 1916 nouintelli-

1934 1942 2126 2005 gente,
2173 1936 2393 2007 detegit
2430 1937 2559 2007 jam
2627 1940 2923 1995 occultam
2983 1958 3157 1999 suam
3216 1951 3595 2017 potestatem,

1934 2032 1989 2080 et
2018 2024 2212 2082 attolit
2244 2030 2504 2081 mentem
2554 2026 2702 2097 ejus.

2006 2113 2169 2168 Vers.
2218 2118 2307 2172 25.
2365 2114 2569 2182 Qui—
2624 2118 2779 2172 Vers.
2832 2122 2918 2174 26.
2984 2127 3295 2180 ceternum.
3350 2125 3601 2204 Etiamsi

1936 2219 2096 2259 nunc
2145 2204 2431 2260 moriatur
2482 2208 2761 2277 presenti
2820 2215 3028 2275 morte,
3087 2212 3235 2269 vivet
3280 2216 3420 2285 vita,
3476 2235 3597 2290 qua

1936 2293 1995 2347 in
2027 2292 2289 2347 futurum
2322 2294 2553 2362 vivitur,
2604 2295 2716 2351 hoc
2768 2302 2875 2361 est,
2917 2298 3115 2356 beata.
3148 2305 3211 2357 Et
3259 2305 3361 2375 qui
3397 2307 3596 2364 adhuc

1938 2380 2069 2436 vivit
2102 2382 2376 2451 praesenti
2430 2383 2563 2448 vita,
2625 2399 3009 2456 nequaquam
3065 2391 3347 2447 morietur
3395 2394 3599 2452 futura

1940 2476 2147 2535 morte,
2178 2470 2290 2525 hoc
2348 2476 2456 2539 est,
2508 2473 2743 2528 misera.
2804 2474 2937 2529 Haec
2992 2477 3196 2533 dicens
3246 2484 3509 2539 ostendit
3538 2485 3599 2540 il-

1940 2558 2055 2613 lam
2091 2574 2218 2613 esse
2245 2575 2446 2613 veram
2478 2560 2673 2625 vitam,
2727 2578 3051 2638 veramque
3092 2574 3367 2635 mortem,
3401 2577 3601 2644 utpote

1938 2646 2335 2711 invariabiles,
2363 2652 2419 2704 et
2466 2652 2630 2704 omni
2684 2650 2834 2707 inter
2860 2669 2923 2708 se
2968 2657 3339 2715 successione
3397 2677 3602 2719 caren-

1939 2744 2048 2801 tes,
2081 2741 2138 2792 et
2166 2736 2240 2791 de
2271 2738 2385 2795 illis
2426 2741 2687 2795 maxime
2731 2743 3063 2800 curandum
3094 2761 3245 2803 esse.

2010 2827 2176 2881 Vers.
2226 2831 2312 2882 26.
2369 2828 2569 2885 Credis
2610 2861 2676 2870 —
2730 2831 2894 2888 hoc?
2952 2835 3041 2890 Me
3112 2852 3243 2893 esse
3302 2854 3606 2898 resurrec-

1941 2916 2150 2986 tionem
2172 2933 2241 2972 ac
2261 2915 2461 2982 vitam,
2492 2925 2547 2973 et
2579 2926 2809 2975 caetera.

2015 3007 2293 3061 Vers.27.
2348 3006 2448 3062 Ait
2480 3038 2548 3047 —
2606 3016 2889 3066 venturus
2948 3019 3095 3069 erat.
3158 3016 3330 3082 Quod
3380 3036 3605 3090 magna

1292 3096 1351 3152 δε
1433 3108 1597 3152 ταῦτα
1673 3096 1826 3164 εἶπεν,

1954 3095 2013 3149 ie
2037 3096 2233 3167 seipso
2255 3096 2485 3163 dixerit,
2540 3100 2823 3168 cognovit
2881 3117 2893 3166 ;
2927 3107 3239 3174 quomodo
3274 3112 3475 3164 autem
3531 3126 3605 3168 ea

1940 3185 2169 3250 dixerit,
2231 3186 2547 3255 ignoravit,
2619 3194 2673 3243 et
2744 3198 3058 3261 propterea
3117 3210 3303 3251 unum
3358 3197 3606 3254 interro-

1942 3280 2099 3343 gata,
2164 3273 2323 3330 aliud
2406 3277 2747 3345 respondet.
2826 3280 2939 3335 Sed
3019 3282 3177 3337 unde
3228 3284 3287 3339 id
3357 3287 3599 3354 sciebat,

1941 3363 2102 3435 quod
2135 3363 2500 3435 respondit?
2557 3365 2640 3420 Ab
2690 3367 2781 3421 his
2829 3370 2927 3440 qui
2969 3370 3026 3424 in
3069 3387 3206 3427 eum
3263 3374 3599 3432 credebant.

1944 3455 2091 3507 Nam
2122 3460 2176 3507 et
2204 3453 2366 3525 quod
2395 3454 2665 3525 superius
2709 3456 2939 3512 dixerat
2976 3474 2987 3511 :
3013 3458 3135 3515 Scio
3154 3462 3312 3531 quod
3344 3473 3604 3537 resurget

1944 3544 2005 3597 in
2037 3543 2467 3599 resurrectione
2487 3543 2549 3598 in
2579 3546 2893 3601 novissimo
2942 3548 3055 3617 die,
3089 3550 3167 3605 ab
3196 3552 3325 3623 ipso
3374 3553 3607 3612 Christo

1944 3630 2253 3697 didicerat,
2285 3638 2339 3687 et
2370 3648 2405 3687 ιι
2452 3632 2761 3705 discipulis
2815 3636 3020 3706 ipsius.
3075 3641 3223 3696 Nam
3274 3639 3610 3715 frequenter

1946 3737 2080 3776 cum
2109 3720 2221 3775 illis
2270 3720 2432 3793 apud
2459 3738 2559 3777 eas
2592 3723 3029 3796 hospitabatur.

2019 3898 2181 3954 Vers.
2211 3901 2299 3953 28.
2341 3899 2420 3955 Et
2464 3930 2532 3940 —
2583 3909 2751 3957 vocat
2784 3908 2852 3957 te.
2910 3904 3267 3978 Exspectans
3321 3926 3607 3983 magnam

1949 3988 2191 4062 aliquod
2220 3990 2442 4044 bonum
2474 4005 2510 4045 a
2540 3992 2915 4047 sermonibus
2948 3995 3098 4065 ejus,
3133 3999 3313 4053 currit
3350 4006 3405 4055 et
3435 4009 3609 4059 vocat

1949 4077 2287 4133 clanculum
2320 4093 2609 4147 sororem,
2632 4095 2705 4135 ne
2731 4081 2833 4152 qui
2867 4090 3183 4151 praesentes
3218 4094 3387 4144 erant
3416 4091 3606 4148 Judaei

1948 4172 2393 4236 cognoscerent,
2426 4182 2496 4223 ac
2518 4168 2963 4226 insidiatoribus
3005 4172 3273 4230 fortassis
3306 4193 3441 4233 eum
3472 4195 3607 4252 pro-

1947 4257 2173 4312 derent.
2205 4256 2353 4312 Dixit
2378 4261 2595 4325 autem,
2642 4259 2819 4315 Vocat
2846 4267 2919 4325 te,
2971 4268 3034 4318 ut
3059 4261 3158 4320 illa
3196 4266 3369 4323 citius
3402 4283 3605 4327 occur-

1947 4350 2118 4402 reret.

2017 4435 2179 4489 Vers.
2245 4438 2332 4489 29.
2394 4434 2513 4491 Illa
2577 4465 2644 4477 —
2689 4450 2840 4493 eum.
2891 4436 3016 4494 Prae
3065 4441 3420 4511 vehementi,
3478 4462 3601 4520 quo

1947 4539 2086 4579 eum
2119 4522 2605 4595 persequebatur,
2638 4524 2884 4581 honore.

2018 4612 2180 4668 Vers.
2220 4612 2310 4667 30.
2366 4612 2649 4668 Nondum
2694 4644 2762 4655 -—
2792 4615 3054 4672 Martha.
3113 4621 3246 4676 Erat
3270 4621 3468 4679 adhuc
3498 4624 3600 4693 ibi,

1948 4701 2173 4757 docens
2203 4716 2305 4756 eos
2335 4700 2437 4772 qui
2470 4716 2671 4756 secum
2699 4708 2887 4769 erant,
2934 4711 2989 4760 et
3035 4706 3289 4765 docendi
3314 4716 3603 4783 praetextu

1949 4789 2332 4861 exspectabat
2362 4789 2514 4853 illas,
2546 4807 2616 4845 ne
2664 4794 2946 4848 accedere
2981 4796 3294 4868 videretur,
3323 4806 3605 4874 tanquam

1950 4879 2201 4950 gloriam
2229 4894 2265 4933 a
2295 4877 2577 4933 miraculo
2599 4885 2867 4950 captans.
2897 4884 3007 4937 Aut
3029 4884 3142 4940 hoc
3172 4886 3321 4942 dixit
3349 4905 3607 4962 evange-

1947 4969 2107 5035 lista,
2143 4966 2484 5033 ostendens,
2518 4968 2681 5039 quod
2714 4975 2769 5023 et
2811 4986 2943 5041 quas
2975 4975 3226 5043 vocavit,
3274 4983 3326 5031 et
3352 4994 3485 5049 quas
3509 4997 3606 5037 vo-

1949 5062 2083 5113 cata
2114 5062 2222 5121 est,
2258 5055 2410 5111 adeo
2441 5056 2719 5114 velociter
2748 5070 3149 5130 cucurrerunt,
3205 5070 3265 5121 ut
3292 5081 3429 5123 eum
3464 5068 3602 5126 illuc

1950 5146 2336 5220 prevenerint

1465 5301 1691 5370 Variae
1716 5300 2042 5369 lectiones
2074 5308 2138 5366 et
2172 5307 2370 5365 notae.

348 5473 431 5546 '29)
450 5470 597 5546 'Inép
632 5471 794 5527 abest
824 5475 867 5546 Α
882 5517 894 5529 .

347 5540 432 5615 30)
458 5540 782 5604 Ἀναστῆσκι
812 5543 1041 5599 videtur
1065 5540 1283 5615 legisse
1307 5542 1645 5601 Hentenius.

349 5618 435 5683 31)
469 5620 568 5669 Καὶ
598 5618 767 5672 abest
796 5618 864 5670 A.

350 5688 433 5766 32)
464 5692 569 5749 Τὴν
598 5688 768 5746 abest
797 5688 865 5746 Δ.

2052 5468 2141 5540 33)
2171 5467 2291 5540 Ὀτι
2312 5465 2522 5521 κάκεῖνα
2548 5472 2610 5522 Α.

2052 5470 2141 5540 33)
2171 5470 2291 5520 Ὅτι
2312 5470 2433 5520 κάκε

2025 5470 2136 5611 (34)
2172 5539 2339 5593 Αὑτοῦ
2374 5546 2433 5594 Α.

2026 5617 2137 5684 (35)
2173 5612 2283 5664 Ἀπ’
2336 5616 2396 5667 Α.
