4130 6320
543 284 680 343 1347

541 502 727 568 veriti,
745 518 817 558 ne
834 502 977 573 quid
1008 499 1278 556 fortassis
1292 504 1496 554 contra
1520 499 1778 569 seipsam
1820 500 2202 568 perpetraret.

541 591 703 648 Facti
750 596 889 646 sunt
957 595 1159 646 autem
1240 591 1414 644 testes
1477 585 1774 653 miraculi,
1845 586 2024 641 etiam
2082 601 2204 642 non

540 681 708 736 asciti
749 681 878 752 (cc).

610 771 772 826 Vers.
805 771 894 824 32.
927 769 1116 840 Igitur
1143 767 1343 823 Maria
1373 798 1437 807 —
1484 767 1696 836 frater.
1720 766 2078 836 Quanquam
2111 780 2204 820 so-

538 878 670 918 rore
702 859 1019 916 ferventior
1056 863 1180 914 erat
1228 873 1367 927 erga
1398 856 1606 912 Christi
1649 855 1960 921 honorem,
2017 854 2201 927 siqui-

537 952 668 1007 dem
697 951 832 1023 ipsa
858 948 1112 1022 procidit
1142 947 1216 1003 ad
1249 947 1427 1018 pedes
1457 947 1584 1016 ejus
1621 945 1864 1007 :eadem
1895 949 2100 1002 tamen
2123 944 2204 1000 di-

536 1043 632 1108 cit,
666 1041 943 1098 eamdem
991 1039 1066 1095 de
1095 1037 1194 1093 illo
1241 1035 1466 1092 habens
1510 1035 1878 1108 opinionem,

607 1222 768 1276 Vers.
803 1220 891 1275 33.
927 1219 1094 1274 Jesus
1145 1248 1211 1256 —
1241 1213 1477 1285 spiritu,
1509 1220 1562 1268 et
1609 1213 1873 1270 turbavit
1923 1214 2196 1283 seipsum.

535 1314 662 1367 Non
694 1325 766 1364 ea
814 1308 962 1363 dixit
1005 1307 1082 1363 ad
1119 1305 1302 1374 illam,
1351 1320 1482 1376 quas
1543 1305 1730 1359 sorori
1779 1303 2041 1360 dixerat:
2076 1308 2201 1358 tum

537 1405 782 1473 propter
806 1414 909 1454 eos
935 1395 1231 1468 quisimul
1255 1393 1645 1458 advenerant,
1679 1399 1807 1448 tum
1836 1393 2010 1448 etiam
2037 1392 2203 1465 quod

536 1489 710 1544 sciret
735 1488 1000 1542 futurum
1033 1500 1158 1539 esse
1189 1489 1251 1538 ut
1284 1498 1391 1554 per
1417 1483 1602 1537 otium
1635 1481 1844 1536 eadem
1879 1483 1957 1537 ab
1987 1482 2088 1537 illa
2117 1481 2203 1537 di-

535 1583 739 1634 sceret.
772 1579 902 1632 .lam
935 1580 1135 1630 autem
1185 1579 1490 1629 commota
1520 1572 1578 1625 in
1620 1571 1751 1642 ipso
1792 1571 2060 1627 humana
2101 1587 2203 1626 na-

533 1683 668 1745 ‘ura
695 1666 770 1722 ad
789 1663 1268 1736 compassionem
1283 1661 1500 1733 (solent
1517 1677 1780 1732 namque
1799 1661 1902 1732 qui
1927 1660 2199 1727 humani,

1869 270 2218 338 EUTHYMII
2261 268 2589 336 ZIGABENI

613 411 776 469 Vers.
810 409 899 468 3t.
934 409 1123 468 Judaei
1167 424 1308 480 ergo
1341 441 1405 450 —
1448 405 1548 465 ibi.
1593 407 1792 463 Secuti
1856 411 1994 463 sunt
2037 423 2194 475 eam,

2389 408 2456 460 Οἱ
2521 404 2610 458 οὖν
2683 402 2930 460 Ἰουδαῖοι
2997 437 3068 449 -
3144 405 3268 460 ἐκεῖ.
3343 403 3801 466 Ἦκολούθησαν

3885 285 4046 343 i341.-

3965 432 4036 472 ᾔ.

2389 431 2456 460 υι
2521 431 2610 458 ουν
2697 431 2814 460 novo
2826 431 2930 460 αιοι
2997 437 3068 449 -
3144 431 3268 460 uu.
3362 431 3565 460 ιικοΑσυ
3574 431 3640 466 νη
3652 431 3801 461 σαν
3903 431 4036 482 μιὛῼ

2313 495 2614 558 καθέξοντες
2665 498 2709 547 εἴ
2766 498 2865 548 πού
2941 516 2992 548 τι
3055 495 3228 568 μέλλοι
3298 496 3414 548 καθ’
3459 496 3672 560 ἑαυτῆς
3743 495 4038 572 διαπρέ-

2315 584 2526 647 ξασθαι.
2586 590 2838 656 Γεγόνασι
2891 583 2952 638 δι
3003 588 3265 661 μάρτυρες
3322 593 3413 638 τοῦ
3473 589 3799 658 θαύματος
3867 588 4034 641 ἐπε-

2312 677 2627 748 ράγραπτοι.

2382 763 2439 816 Ἠ
2490 759 2577 816 οὖν
2627 769 2807 837 Μαρία
2858 795 2928 806 —
2981 761 3220 837 ἁδελφός.
3282 764 3342 817 Εἰ
3383 769 3473 818 καὶ
3523 768 3896 842 θερμοτέρα
3960 766 4022 825 ἓν

2313 861 2406 915 τῆς
2461 850 2688 925 ἀδελφῆς
2743 857 2874 926 πρὸς
2940 859 3034 913 τὴν
3106 854 3175 914 εἰς
3233 854 3387 907 αὐτὸν
3439 861 3624 928 τιμήν·
3699 864 3835 909 καὶ

2314 943 2439 1000 αύτὴ
2488 942 2600 1014 (36)
2633 944 2806 996 ἔπεσεν
2856 942 2924 1004 εἰς
2977 947 3093 1004 τοὺς
3123 939 3289 1004 πόδας
3349 944 3526 997 αὐτοῦ·
3577 944 3743 998 ἀλλὰ.
3809 966 3892 1018 γε
3950 967 4010 997 τα

2313 1031 2442 1084 αὐτὰ
2469 1031 2624 1102 λέγει,
2666 1035 2759 1090 τὴν
2799 1032 2961 1091 αὐτὴν
3000 1032 3088 1085 καί
3119 1032 3251 1091 αὕτη
3289 1037 3407 1108 περὶ
3445 1032 3611 1088 αὐτοῦ
3660 1035 4008 1106 ὑπόληπᾷιε

2314 1139 2534 1192 εχουσα.

2385 1210 2586 1271 Ἰησοῦς
2647 1241 2707 1251 -
2771 1213 3024 1283 πνεύματι
3082 1213 3192 1282 (37)
3243 1211 3354 1265 Ούκ
3410 1219 3516 1266 εἰπε
3577 1217 3734 1286 πρὸς
3813 1221 4003 1273 αὐτῇ

2311 1300 2346 1350 οἷ
2382 1303 2471 1351 καὶ
2518 1303 2648 1373 πρὸς
2685 1305 2776 1359 τὴν
2817 1296 3042 1372 ἀδελφὴν
3098 1296 3192 1354 διὰ
3240 1305 3362 1363 τοὺς
3402 1302 3808 1364 συνελθόντας·
3884 1306 4001 1376 ἅμα

2315 1385 2372 1441 δι
2424 1393 2513 1441 καὶ
2560 1387 2830 1460 ἐγίνωσκεν
2870 1391 2949 1442 ὅτι
2997 1391 3294 1461 μαθήσεται
3349 1398 3514 1443 ταῦτα
3550 1393 3689 1465 παρ’
3765 1392 3998 1455 ὸιεὶνιςς

2311 1479 2446 1528 κατὰ
2495 1478 2714 1549 σχολὴνο
2762 1480 3068 1540 κινηθείσης
3122 1476 3180 1531 δε
3228 1475 3337 1538 ἤδη
3389 1487 3482 1540 τῆς
3537 1479 3588 1532 ἐν
3650 1482 3844 1551 αὐτῷ
3899 1483 3996 1534 ἆξο-

2315 1568 2572 1639 θρωπίνης
2647 1569 2849 1639 φύσεως
2922 1569 2994 1630 εἰς
3060 1570 3406 1639 συμπάθειαν·
3489 1573 3547 1622 τὸ
3632 1573 3756 1645 γὰρ
3849 1575 3990 1644 ὁρᾷ)

2313 1654 2508 1730 ἑτέρους
2554 1653 2873 1730 δακρύοντας
2922 1656 3171 1733 ἐρεθίζειν
3219 1656 3332 1712 οἶδε
3383 1661 3514 1735 πρὸς
3571 1657 3781 1714 οἶκτον
3852 1668 3988 1723 τοὺς

535 1761 693 1821 sunt,
729 1756 878 1812 alios
905 1753 1160 1810 videndo
1194 1752 1616 1823 lacrymantes,
1643 1751 1884 1806 excitari
1913 1750 1992 1808 ad
2019 1750 2194 1806 mise-

2316 1745 2725 1819 φιλανθρώπους.

533 1846 882 1915 ricordiam)

603 1935 918 2006 Infremuit
965 1933 1206 2001 spiritu,
1241 1931 1356 1987 hoc
1410 1935 1518 1995 est,
1575 1929 1854 1986 affectum
1909 1928 2197 2000 cohibuit,

534 2027 734 2098 ipsum
763 2024 1093 2096 reprimens
1128 2038 1140 2086 ;
1171 2027 1334 2075 torve
1361 2037 1428 2075 ac
1461 2024 1695 2076 austere
1723 2035 1841 2091 prae
1860 2019 2198 2076 turbatione

534 2115 781 2172 intuitus
809 2117 921 2180 est,
951 2128 1025 2167 ne
1047 2126 1185 2165 cum
1215 2108 1502 2180 lacrymis
1538 2107 1946 2178 interrogaret.

605 2296 751 2349 Nam
765 2289 1004 2362 spiritus
1031 2287 1355 2344 diciturhic
1381 2285 1736 2343 turbationis
1759 2284 2024 2342 aﬂ‘ectus.
2051 2289 2195 2343 Cum

533 2388 732 2440 autem
775 2378 1193 2442 infremuisset,
1216 2377 1473 2433 turbavit
1504 2376 1767 2448 seipsum
1797 2377 1919 2432 sive
1949 2392 2198 2432 concus-

533 2472 607 2527 sit
657 2488 669 2526 :
707 2470 988 2540 contingit
1045 2467 1228 2534 enim,
1300 2473 1358 2521 ut
1402 2464 1818 2522 concutiantur
1863 2465 2196 2537 superiores

530 2562 796 2634 corporis
824 2567 1021 2632 partes
1047 2574 1253 2614 eorum
1297 2557 1400 2630 qui
1455 2557 1536 2612 ita
1566 2556 1906 2612 infremunt.

605 2651 859 2717 Quidam
895 2665 1035 2705 vero
1066 2647 1341 2719 spiritum
1390 2646 1781 2720 intelligentes
1823 2645 2194 2701 divinitatem

533 2741 682 2812 ejus,
716 2740 1196 2810 interpretantur,
1225 2733 1390 2808 quod
1425 2735 1636 2791 acriter
1661 2735 1942 2792 humante
1967 2741 2193 2790 natura:

532 2829 937 2885 comminatus
967 2832 1053 2882 est
1075 2842 1173 2897 per
1202 2824 1574 2880 divinitatem
1611 2831 1701 2880 :et
1731 2824 2031 2880 concussit
2057 2839 2192 2879 eam

536 2917 1003 2973 comminatione
1022 2914 1404 2986 perterritam.

604 3005 768 3060 Vers.
793 3007 878 3059 3i.
903 3004 1055 3058 Et—
1082 3005 1240 3058 Vers.
1267 3006 1353 3058 35.
1381 3005 1570 3059 Jesus.
1603 3002 1914 3073 Tanquam
1932 3000 2118 3056 homo
2137 3005 2192 3056 et

533 3097 860 3163 interrogat
906 3095 963 3147 et
992 3091 1379 3162 lacrymatur,
1421 3089 1660 3162 aliaque
1708 3089 1868 3156 facit,
1901 3106 2191 3163 quaecum-

529 3199 648 3256 que
680 3198 811 3239 esse
843 3181 1151 3238 hominem
1207 3181 1405 3252 ipsum
1459 3180 1820 3236 conﬁrmant
1851 3203 1863 3235 :
1899 3186 2190 3252 tanquam

532 3274 688 3328 Deus
724 3287 862 3326 vero
881 3269 1344 3343 quatriduanum
1385 3284 1455 3325 ac
1475 3268 1695 3324 olidum
1720 3268 1849 3339 jam
1887 3275 2190 3324 mortuum

532 3361 795 3428 suscitat,
815 3368 1147 3431 caeteraque
1173 3367 1470 3430 operatur,
1503 3373 1876 3430 quascunque
1903 3364 2192 3414 testantur

531 3467 668 3507 eum
699 3466 826 3507 esse
853 3453 1062 3506 Deum.
1090 3448 1222 3505 Vult
1251 3449 1410 3504 enim
1455 3455 1770 3520 utramque
1793 3448 1884 3502 sui
1915 3455 2190 3503 naturam

532 3541 797 3611 agnosci,
827 3546 882 3596 et
909 3540 1043 3595 ideo
1068 3554 1228 3594 nunc
1258 3539 1502 3610 quidem
1521 3539 1784 3593 humano
1806 3553 1990 3601 more,
2032 3552 2192 3592 nunc

528 3645 673 3688 vero
703 3629 928 3695 divino,
971 3629 1133 3683 varia
1162 3627 1549 3684 demonstrat.

600 3719 764 3774 Vers.
814 3721 901 3773 36.
960 3717 1248 3774 Dicebant
1301 3747 1366 3758 —
1419 3731 1572 3773 eum.
1606 3715 1882 3772 Videntes
1922 3731 2062 3772 eum
2108 3714 2192 3772 la-

530 3813 931 3881 crymantem.

601 3899 760 3953 Vers.
793 3896 881 3951 37.
917 3895 1166 3962 Quidum
1206 3927 1260 3936 —
1286 3904 1632 3953 moreretur.
1684 3894 2106 3967 Impotentiarn
2137 3895 2188 3950 ei

531 3987 881 4059 exprobant,
907 3994 965 4042 et
987 3987 1208 4041 ironice
1238 3986 1444 4042 dicunt
1474 4003 1486 4040 :
1523 3986 1636 4052 Qui
1663 3987 1796 4042 caeci
1818 3986 2018 4041 oculos
2055 3999 2190 4053 ape-

529 4079 675 4143 ruit,
699 4093 769 4131 eo
799 4076 964 4148 quod
1009 4076 1160 4130 istud
1193 4091 1314 4130 non
1361 4076 1581 4141 fecerit,
1636 4092 1744 4130 nec
1793 4076 1940 4130 illud
1984 4075 2189 4130 fecisse

529 4165 906 4223 arbitrantes.
930 4164 1292 4233 lgnorabaut
1319 4165 1609 4234 siquidem
1633 4165 1714 4234 id,
1749 4165 1906 4236 quod
1928 4164 2190 4220 facturus

531 4257 639 4323 est,
671 4253 768 4309 illo
803 4253 998 4323 majus
1029 4269 1157 4309 esse
1188 4269 1200 4307 :
1236 4270 1378 4308 nam
1409 4255 1607 4324 majus
1633 4260 1721 4310 est
1755 4260 2028 4316 mortem,
2053 4269 2188 4326 quae

526 4344 657 4416 jam
691 4342 999 4398 advenerit
1063 4358 1133 4398 ac
1173 4342 1482 4400 dominata
1536 4344 1627 4410 sit,
1661 4343 1955 4416 repellere,
2001 4359 2189 4417 quam

532 4432 917 4491 accedentem
930 4431 1264 4504 prohibere.

603 4525 762 4579 Vers.
812 4522 902 4578 38.
947 4522 1114 4579 Iesus
1160 4552 1229 4562 —
1289 4529 1748 4580 monumentum.
1807 4524 2190 4594 Lacrymatus

531 4612 766 4686 quidem
791 4618 893 4680 est,
929 4613 1131 4668 siuens
1164 4619 1465 4676 naturam,
1503 4629 1635 4684 quas
1663 4629 1772 4668 sua
1811 4618 1966 4678 sunt,
1997 4621 2190 4669 osten-

531 4703 673 4759 dere
706 4717 719 4757 :
752 4701 1056 4758 modicam
1086 4701 1464 4774 lacrymaudi
1510 4718 1691 4774 super
1721 4711 1987 4759 mortuos
2028 4719 2189 4758 men-

532 4808 738 4848 suram
766 4791 1007 4848 tradens
1034 4792 1226 4846 nobis.
1271 4790 1494 4847 Deinde
1542 4808 1780 4847 rursum
1826 4791 2188 4858 infremit,ac

529 4880 812 4938 affectum
853 4879 1108 4947 cohibet,
1169 4885 1380 4937 vetans
1428 4895 1502 4936 ne
1567 4880 1720 4936 ultra
1772 4881 2022 4937 modum
2055 4897 2189 4953 pro-

529 4971 856 5045 grediatur.

604 5061 772 5119 Vers.
814 5065 901 5118 39.
929 5061 1083 5118 Erat
1113 5090 1179 5101 —
1219 5059 1498 5130 lapidem.
1559 5061 1751 5126 Quare
1789 5076 1912 5117 non
1942 5063 2186 5118 suscita-

2381 1920 2788 1997 Ἐνεϐριμήσατο
2841 1930 2915 1994 τῷ
2969 1925 3246 1997 πνεύματι,
3299 1929 3565 1978 τουτέστιν
3639 1929 3977 2000 ἑπετίμησε

2307 2019 2378 2082 τῷ
2421 2013 2595 2078 πάθει,
2635 2009 2992 2084 ἁναχαιτίξων
3047 2013 3191 2066 αύτό·
3228 2010 3391 2090 δριμύ
3432 2034 3478 2066 τι
3525 2020 3619 2068 καὶ
3655 2017 3970 2091 αὐστηρόν

2307 2097 2534 2170 ἐνέϐλεψε
2561 2108 2623 2172 τῇ
2673 2105 2960 2173 συγχύσει,
2995 2104 3076 2155 ἱνα
3113 2107 3186 2175 μή
3223 2105 3356 2176 μετὰ
3403 2100 3653 2176 δακρύων
3699 2114 3967 2166 ποιήσε-

2305 2207 2392 2240 ται
2422 2193 2517 2248 τὴν
2548 2188 2711 2265 ἐρώτη
2721 2209 2823 2246 σιν.

2377 2285 2582 2351 Πνεῦμα
2627 2282 2726 2353 γὰρ
2759 2278 2978 2334 ἐνταῦθα
3005 2288 3198 2335 νοεῖται
3247 2285 3305 2334 τὸ
3347 2284 3509 2343 πάθος
3553 2291 3655 2346 τῆς
3718 2290 3960 2357 συγχύ-

2308 2387 2450 2428 σεως.
2505 2367 2988 2442 Ἐμϐριμησάμενος
3046 2367 3104 2424 δε
3166 2369 3406 2446 ἕτάραξεν
3461 2371 3668 2444 ἑαυτὸν,
3769 2379 3956 2445 ἤγουν

2307 2453 2550 2510 διέσεισεο
2588 2457 2861 2530 συμϐαίνει
2889 2462 2990 2532 γὰρ
3031 2462 3378 2514 τινάσσεσθαι
3423 2463 3490 2513 τὰ
3514 2459 3772 2536 ἀνωτέρω
3798 2471 3943 2540 μέρη

2304 2554 2403 2598 τῶν
2443 2547 2607 2610 οὕτως
2630 2546 3050 2620 ἐμϐριμωμενων.

2373 2638 2512 2696 Τινὲς
2585 2633 2644 2688 δὲ
2714 2646 2914 2710 πνεῦμα
2984 2643 3072 2696 τὴν
3138 2640 3358 2697 θιότητα
3440 2639 3602 2692 αὐτοῦ
3692 2649 3938 2701 νοοῦντες

2304 2723 2670 2797 ἑρμηνεύουσιν
2710 2727 2790 2776 ὅτι
2852 2725 3230 2800 ἐνεϐριμήσατο
3287 2735 3347 2799 τῇ
3417 2725 3725 2801 ἀνθρωπίνη
3773 2734 3929 2800 φύσει

2305 2811 2351 2864 ἐν
2399 2821 2460 2885 τῇ
2522 2815 2747 2882 θεὸτητι,
2795 2819 2885 2867 καὶ
2925 2819 3194 2874 εκλόνησεν
3233 2816 3396 2875 αὐτὴν
3447 2815 3780 2888 φοϐηθεῖσαν
3835 2824 3924 2875 τήν

2302 2901 2525 2975 ἐμϐρίμη
2537 2922 2638 2955 σιν.

2374 2997 2470 3044 Καὶ
2526 3023 2594 3032 —
2628 2993 2851 3055 Ἰησοῦς.
2897 2992 2980 3054 Ὡς
3021 2995 3291 3068 ἄνθρωπος
3334 2997 3424 3067 μὲν
3473 2999 3562 3046 καὶ
3602 2993 3785 3068 ἐρωτᾷ
3834 3002 3903 3048 xxi

2302 3076 2516 3155 δακρύει
2567 3085 2657 3134 καὶ
2712 3080 2875 3134 τᾶλλα
2921 3089 3062 3134 ποιεῖ
3097 3084 3198 3135 ὅσα
3237 3081 3540 3156 βιϐαιοῦσιν
3583 3086 3666 3136 ὅτι
3728 3085 3897 3160 ἂνθρω-

2299 3173 2395 3229 ms;
2454 3168 2613 3222 ἔστιν’
2664 3173 2732 3232 ὡς
2785 3167 2845 3223 δι
2901 3174 3030 3234 Θεὸς
3082 3169 3270 3243 ἀνιστᾴ
3325 3176 3412 3224 τὸν
3464 3181 3777 3246 τεταρταῖον
3829 3180 3912 3225 καὶ

2301 3254 2546 3311 ὀδωδότα
2573 3263 2770 3335 νεκρὸν,
2809 3265 2898 3312 καὶ
2946 3263 3012 3312 τὰ
3058 3259 3215 3313 λοιπὰ
3256 3260 3446 3336 ἐνεργεί
3475 3263 3577 3314 ὅσοι
3606 3272 3917 3337 μαρτυρού-

2305 3365 2385 3398 σιν
2435 3349 2514 3400 ὅτι
2561 3355 2692 3410 Θεὸς
2744 3348 2900 3405 ἔστιν.
2965 3350 3206 3402 Βούλεται
3249 3354 3351 3424 γὰρ
3411 3350 3709 3425 ἀμφοτέρας
3749 3353 3918 3405 αὐτοῦ

2301 3439 2389 3497 τὰς
2451 3439 2632 3509 θύσεις
2680 3435 3150 3509 διαγινώσκεσθαι,
3200 3445 3290 3492 καὶ
3338 3436 3432 3492 διὰ
3483 3448 3634 3492 τοῦτο
3688 3444 3757 3494 τὰ

2301 3524 2763 3602 ἀνθρωποπρεπώς,
2792 3529 2859 3580 τα
2884 3524 2919 3580 δ
2922 3547 2943 3580 ε
2976 3529 3267 3602 θεοπρεπῶς
3291 3525 3667 3584 ἐπιδείκνυται.

2372 3703 2576 3778 Ἔλεγον
2609 3736 2675 3747 -
2716 3705 2891 3759 αὐτόν.
2929 3701 3149 3770 Ἰδόντες
3178 3707 3332 3760 αὐτὸν
3382 3703 3747 3783 δακρύσαντα,

2369 3886 2513 3946 Τινὲς
2543 3914 2610 3924 -
2661 3882 2918 3958 ἀποθάνῃ.
2972 3881 3298 3958 Ἀδυναμίαν
3349 3881 3700 3947 ὀνειδίζουσιν
3732 3887 3896 3958 αύτῷ,

2297 3978 2386 4024 καὶ
2437 3973 2815 4047 εἰρωνευόμενοι
2863 3973 3121 4040 Μγουσιν·
3180 3973 3238 4027 ⁸0
3291 3974 3497 4038 ἀνοίξας
3543 3979 3663 4036 τοὺς
3712 3975 3898 4048 ὀφθαλ-

2297 4063 2424 4132 μοὺς
2465 4067 2556 4112 τοῦ
2612 4060 2826 4133 τυφλοῦ·
2891 4059 2992 4114 ἀπὸ
3047 4070 3140 4114 τοῦ
3196 4066 3268 4134 μὴ
3313 4070 3538 4120 ποιῆσαι
3580 4071 3747 4129 τοῦτο,
3798 4063 3896 4116 κᾶ-

2298 4157 2432 4201 κεῖνο
2485 4145 2678 4220 ψευδες
2734 4150 2976 4223 οἰόμενοι.
3051 4152 3328 4223 ἰγνοοῦσι
3397 4148 3457 4205 δε
3505 4154 3586 4205 ὅτι
3647 4155 3675 4204 ὃ
3727 4153 3890 4225 ama

2297 4247 2520 4297 ποιῆσαι
2565 4241 2742 4311 μεῖζόν
2807 4238 2938 4294 ἐστι.
3001 4246 3104 4293 Τοῦ
3155 4243 3259 4316 γὰρ
3301 4240 3537 4294 κωλῦσαι
3580 4240 3780 4294 ἐπιόντα
3811 4248 3894 4296 τὸν

2301 4329 2515 4380 θάνατον
2567 4329 2746 4401 μεῖξον
2803 4333 2860 4381 τὸ
2929 4335 3341 4404 παραγενόμενον
3398 4327 3505 4388 ἤδη
3567 4336 3653 4384 καὶ
3701 4338 3888 4405 κνριιύο

2301 4435 2462 4469 σαντα
2490 4416 2754 4471 ἀπελάσαι
2788 4418 2960 4472 αὐτόν,

2370 4507 2578 4567 Ἰησοῦς
2651 4539 2715 4546 -
2781 4515 3052 4580 μνημεῖον.
3123 4503 3416 4582 Ἐδάκρυσε
3468 4511 3558 4580 μεν
3620 4507 3753 4581 ἀφεὶς
3804 4516 3877 4568 τὴν

2300 4599 2454 4668 φύσιν
2499 4593 2825 4660 ἐνδείξασθαι
2878 4600 2945 4650 τὰ
3002 4597 3206 4668 εαυτῆς,
3267 4597 3438 4669 ὀλίγον
3485 4594 3546 4652 δε
3601 4603 3750 4672 μέτρα
3789 4609 3867 4649 τῶν

2299 4684 2383 4737 ἐπὶ
2435 4693 2633 4759 νεκροῖς
2684 4682 2929 4759 δακρύων
2985 4683 3323 4762 παραδιδούς
3373 4688 3520 4759 ἡμῖν.
3579 4685 3698 4740 Εἶτα
3737 4686 3855 4737 ad!»

2299 4773 2616 4849 ἐμϐριμᾶται
2662 4783 2735 4846 τῷ
2776 4777 2949 4844 πάθει,
3003 4776 3212 4829 κωλύων
3247 4775 3480 4830 ἐκπεσεῖν
3525 4776 3597 4839 εἰς
3640 4775 3854 4850 ἀμετρίαν.

2365 5061 2463 5116 Ἦν
2520 5093 2588 5103 -
2642 5062 2810 5122 λίθον.
2855 5067 3004 5118 Διατί
3051 5060 3146 5116 οὐκ
3179 5060 3460 5123 ἀνέστησεν
3509 5060 3660 5116 αὐτὸν
3703 5061 3871 5118 ἐπικει-

1767 5240 1975 5309 Variae
2011 5240 2336 5310 lectiones
2379 5250 2444 5310 et
2483 5250 2689 5312 notae.

625 5439 714 5508 36)
735 5437 898 5497 Forte
925 5435 1078 5498 αὓτη.

625 5441 714 5508 36)
735 5441 898 5497 Forte
925 5441 1078 5498 αῦτη.

601 5441 716 5587 ἶὸῖ)
751 5509 1108 5588 Καὶέτᾶραξεν
1139 5509 1339 5580 ἑαυτὸν,
1387 5507 1555 5584 quod
1597 5507 1713 5567 mei
1760 5509 2058 5577 omittunt,
2095 5509 2189 5566 in-

2298 5443 2521 5512 terpres
2573 5437 2893 5512 expressit.
2933 5434 3312 5512 Vocabulum
3362 5435 3650 5512 ἕκλόνησιν,
3687 5437 3739 5495 in
3762 5437 3867 5497 ﬁne

2299 5509 2526 5576 scholii,
2559 5509 2792 5567 videtur
2821 5510 3001 5568 etiam
3041 5510 3189 5570 tueri
3215 5510 3364 5568 haec.

601 5692 711 5776 (cc)
737 5690 936 5749 Etiam
959 5705 1077 5748 non
1102 5689 1288 5750 asciti.
1315 5687 1558 5747 Minime
1614 5687 1877 5758 fallaces,
1912 5687 2157 5746 minime
2189 5686 2466 5763 suspecti.
