4130 6320
141 316 327 381 1349

1251 312 1623 374 COMMENT.
1671 317 1735 371 IN
1776 301 2132 372 JOANNEM.
2174 346 2237 355 -
2273 306 2434 372 CAP.
2480 308 2566 372 x1.

3434 330 3452 380 1
3464 324 3569 381 350

144 454 346 523 μένου
394 456 484 502 τοῦ
538 443 844 500 λίθου.Ἰνα
894 444 943 496 οἱ
990 443 1102 515 (38)
1161 446 1247 496 τόν
1297 442 1437 495 λίθον
1469 444 1677 515 ἄραντες
1708 446 1796 494 καὶ

1930 441 1995 496 vit
2012 456 2149 495 cum
2168 439 2446 512 imposito
2460 438 2653 513 lapide
2668 442 2696 499 7
2717 444 3172 516 thuilapidem
3188 448 3568 517 sustilissent,

144 548 397 614 πρῶτοι
443 546 538 599 τῆς
587 537 757 608 ὀσμῆς
798 533 1168 607 ὀσφρανθέντες
1218 532 1366 584 αὐτοὶ
1418 538 1799 607 μαρτυρήσωσι

151 629 434 702 μάλιστα
488 634 559 696 τῷ
620 626 863 695 θαύματι.
898 626 993 675 Διὰ
1036 630 1187 674 τοῦτο
1243 625 1342 696 γὰρ
1393 626 1482 673 καὶ
1534 621 1628 673 οὐκ
1657 620 1798 673 ἀπὼν

156 717 483 775 ἀνέστησεν
553 714 731 781 αὐτόν,
802 718 893 765 καὶ
956 714 1084 785 μετὰ
1146 711 1343 764 πολλῶν
1410 709 1558 769 ἦλθεν
1627 710 1692 770 εἰς
1742 713 1798 762 τὸ

156 813 469 880 μνημεῖον,
519 808 608 856 καὶ
660 799 931 874 δεδεμένον
974 806 1191 875 κειρίαις
1244 802 1356 872 (39)
1398 805 1487 852 καὶ
1532 796 1799 871 σουδαρίῳ

160 899 405 969 ἤγειρεν
463 893 641 951 αὐτόν.
696 896 784 942 καὶ
854 889 1138 964 προσέταξε
1211 889 1370 941 λῦσαι
1441 888 1616 955 αὐτὸν,
1671 891 1799 960 πρὸς

160 983 567 1058 ἀναντίρρητον
624 976 890 1042 ἀπόδειξιν
946 986 1033 1032 τοῦ
1095 980 1377 1051 θαύματος,
1412 978 1493 1029 ἵνα
1539 975 1632 1029 διὰ
1676 980 1801 1029 πάν-

156 1095 280 1127 των
319 1075 524 1125 τούτων
574 1073 602 1129 ἡ
654 1069 870 1127 ἀλήθεια
915 1070 1252 1142 μαρτυρηθῇ,
1304 1072 1393 1120 καὶ
1432 1072 1501 1140 μὴ
1538 1067 1690 1119 πάλιν
1736 1068 1799 1126 ὡς

165 1163 268 1215 ἐπὶ
305 1169 407 1214 τοῦ
438 1160 629 1233 τυφλοῦ
664 1162 880 1231 γένηταί
904 1178 985 1220 τις
1018 1156 1317 1230 ἀμφιϐολία.

260 1346 427 1413 Λέγει
478 1371 537 1380 ---
586 1338 745 1393 ἐστιν.
810 1334 952 1395 Ἤδη
988 1338 1114 1408 ὄζει,
1170 1342 1258 1389 καὶ
1301 1337 1494 1403 λοιπὸν,
1546 1333 1801 1389 ἀδύνατον

177 1431 493 1491 ἀναστῆναι
562 1429 717 1481 αύτόν
794 1425 1126 1501 διεφθορότα.
1184 1431 1500 1500 Προείρηται
1562 1430 1663 1499 γὰρ
1722 1429 1803 1478 ὅτι

181 1524 342 1573 οὔπω
394 1523 512 1592 περὶ
566 1518 725 1570 αὑτοῦ
769 1520 863 1576 τὴν
915 1521 1284 1589 προσήκουσαν
1329 1515 1590 1587 ὑπόληψιν
1640 1517 1801 1588 εἶχεν,

188 1606 327 1663 οὐδὲ
355 1608 391 1660 ἂ
426 1611 558 1660 εἷπεν
584 1607 739 1679 αὐτῇ,
771 1610 992 1664 νενόηκε.

1914 534 1971 584 et
2004 529 2172 601 primi
2214 545 2459 599 gravem
2504 532 2832 588 sensissent
2878 533 3142 600 odorem,
3183 537 3566 608 potissimum

1917 618 2202 674 miraculo
2228 618 2631 674 testimonium
2653 622 3001 679 exhiberent
3029 640 3041 678 :
3066 625 3366 697 siquidem
3385 629 3565 685 etiam

1913 714 2153 780 propter
2186 709 2299 763 hoc
2368 724 2483 763 non
2540 711 2905 767 resuscitavit
2953 728 3093 769 eum
3161 714 3403 783 absens,
3464 718 3571 774 sed

1913 813 2040 851 cum
2095 797 2292 852 multis
2336 797 2497 852 venit
2527 799 2604 853 ad
2631 808 3113 871 monumentum,
3147 809 3204 859 et
3235 808 3568 863 revinctum

1913 886 2114 942 fasciis
2163 887 2589 958 sepulcralibus
2649 905 2719 944 ac
2765 891 3007 947 sudario
3067 895 3359 965 excitavit,
3407 897 3569 967 jusit-

1911 990 2047 1046 que,
2085 981 2146 1030 ut
2194 974 2495 1031 solverent
2545 992 2702 1042 eum,
2756 979 2832 1034 ad
2877 979 3250 1038 infallibilem
3305 984 3568 1041 miraculi

1910 1064 2501 1133 demonstrationem,
2518 1071 2577 1121 ut
2592 1066 2774 1121 abhis
2788 1068 3060 1125 omnibus
3074 1072 3291 1129 veritas
3308 1074 3569 1132 testimo-

1912 1152 2079 1209 nium
2107 1153 2401 1225 acciperet
2435 1175 2446 1206 :
2476 1160 2531 1209 et
2555 1170 2628 1211 ne
2661 1172 2914 1223 rursum,
2953 1161 3465 1229 quemadmodum
3494 1163 3567 1220 de

1912 1256 2098 1305 amco,
2133 1241 2253 1297 ulla
2288 1258 2597 1298 remanere
2624 1252 2819 1316 posset
2847 1246 3233 1318 ambiguitas.

1987 1332 2398 1386 Vers.39.Dicit
2420 1363 2482 1370 —
2498 1339 2600 1387 est.
2613 1363 2675 1373 —
2689 1334 2822 1390 Jam
2840 1337 3180 1399 olet,etideo
3196 1339 3569 1412 impossibile

1914 1423 1998 1474 est
2040 1435 2180 1474 eum
2230 1421 2577 1476 resuscitare
2618 1422 2745 1491 jam
2791 1432 3156 1497 corruptum.
3218 1433 3367 1485 Nam
3415 1449 3568 1504 prae-

1914 1508 2139 1564 dictum
2171 1514 2277 1573 est,
2329 1511 2492 1580 quod
2544 1512 2804 1567 nondum
2859 1514 2933 1569 de
2987 1532 3056 1571 eo
3115 1520 3569 1579 convenientem

1916 1597 2171 1652 habebat
2202 1598 2563 1669 opinionem,
2597 1616 2703 1656 nec
2728 1617 2794 1657 ea
2829 1618 2971 1674 qum
3003 1605 3114 1661 sibi
3168 1606 3263 1663 ille
3316 1610 3570 1683 dixerat,

1915 1686 2222 1741 intellexit.

273 1792 434 1859 Λέγει
490 1817 558 1828 --
607 1792 740 1839 Θεοῦ
768 1802 782 1852 ;
812 1784 959 1846 Εἰκὸς
1005 1786 1106 1860 γὰρ
1150 1788 1240 1837 καὶ
1270 1803 1327 1836 το
1342 1790 1421 1836 ἳτο
1461 1784 1616 1837 εἰπεῖν
1649 1783 1802 1857 αὐτῇ·

1988 1775 2157 1833 Vers.
2190 1779 2277 1831 40.
2308 1777 2404 1832 Ail
2434 1808 2499 1818 —
2524 1778 2633 1835 Dei
2657 1780 2686 1833 γ
2719 1781 3034 1839 Verisimile
3088 1789 3176 1841 est
3223 1786 3402 1854 enim,
3455 1790 3572 1848 hoc

194 1879 226 1936 ἦ
263 1884 420 1930 τοῦτο
449 1882 637 1935 νοῆσαι
664 1871 875 1929 ἐδίδουν
899 1875 1031 1945 (40),
1065 1871 1100 1926 ἂ
1132 1870 1266 1927 εἶπεν
1294 1873 1449 1946 αὐτῇ.

273 2053 442 2127 Ἦραν
492 2081 559 2095 —
614 2054 864 2123 κείμενος.
930 2050 1096 2123 Ἦραν
1155 2048 1309 2102 αὐτὸν
1365 2049 1468 2101 ἀπὸ
1514 2057 1605 2102 τοῦ
1645 2053 1805 2103 τόπου

197 2145 335 2195 ὅπου
368 2139 429 2200 ἦν
454 2146 701 2213 κείμενος.

277 2238 321 2283 Ο
364 2228 423 2284 δὲ
479 2230 686 2290 Ἰησοῦς
737 2258 806 2270 -
856 2247 978 2301 μου.
1026 2227 1155 2302 Ὀρᾷ
1209 2227 1324 2299 (4-1)
1374 2228 1532 2297 Ἂνω,
1585 2234 1675 2281 καὶ
1704 2228 1808 2282 Εύ-

198 2326 478 2396 χαριστεῑ,
521 2319 603 2371 ἱνα
631 2319 885 2390 πιστευθῇ
928 2318 1008 2369 ὅτι
1037 2320 1181 2391 παρὰ
1226 2324 1317 2371 τοῦ
1348 2323 1474 2371 Θεοῦ
1519 2316 1804 2377 ἀπεστάλη.

202 2410 377 2470 Αύτὸς
422 2412 523 2480 γὰρ
578 2411 770 2482 προῖὼν
816 2402 1068 2459 διδάσκει
1112 2409 1305 2465 ταύτην
1334 2404 1460 2459 εἶναι
1491 2412 1583 2466 τὴν
1615 2409 1805 2461 αἰτίαν.

200 2498 418 2569 Ἔλεγον
458 2500 559 2568 γὰρ
612 2499 660 2548 οἱ
701 2492 975 2564 Ἰουδαῖοι,
1007 2498 1086 2548 ὅτι
1130 2496 1241 2548 Ούκ
1297 2498 1437 2548 ἔστιν
1492 2496 1592 2548 ἀπὸ
1652 2505 1806 2554 Θεοῦ,

202 2586 368 2641 Ἀλλὰ
409 2596 516 2647 πὼς
564 2582 717 2651 εἶπεν,
749 2584 869 2635 Ὀτι
912 2587 1145 2645 ἤκουσάς
1177 2601 1311 2656 μου;
1348 2585 1405 2637 ού
1453 2588 1551 2659 γὰρ
1593 2586 1804 2647 ηὔξατο.

206 2676 324 2728 Ούκ
362 2676 555 2736 ηὔξατο
608 2676 697 2746 μεν
750 2672 1006 2745 ἐμφαίνων
1039 2675 1118 2725 ὅτι
1152 2673 1231 2725 κού
1295 2670 1466 2726 δεῖται
1510 2675 1760 2736 εὔξασθαι
1793 2696 1805 2708 ·

208 2761 319 2819 εἶπε
370 2761 447 2831 δι,
498 2762 615 2815 Ὀτι
646 2764 877 2822 ἤκουσάς
905 2782 1025 2833 μου,
1075 2758 1350 2820 ύποδηλῶν
1394 2766 1451 2817 τὸ
1505 2767 1688 2816 ταυτὸν
1719 2772 1809 2817 τοῦ

210 2853 516 2925 θελήματος.
543 2851 862 2924 Εύχαριστώ
894 2870 999 2917 σοι,
1032 2852 1110 2904 ὅτι
1142 2852 1400 2914 ἠθελησας
1428 2852 1454 2904 ὃ
1481 2853 1632 2910 θέλω.

284 3029 417 3101 Ἐγὼ
464 3061 531 3069 —-
579 3028 799 3090 ἀκούεις.
846 3032 1072 3084 Πάντοτε
1119 3030 1272 3093 θελεις
1315 3030 1350 3083 ἃ
1387 3032 1530 3087 θέλω.
1576 3036 1645 3086 Τὸ
1682 3033 1807 3086 αύτο

208 3122 310 3193 γὰρ
356 3118 662 3193 ἀμφοτέροις
720 3119 934 3191 θελημα,
986 3122 1015 3178 ἠ
1074 3120 1200 3179 αύτὴ
1232 3127 1435 3193 γνώμη.
1484 3119 1611 3174 Εἶτα
1647 3142 1808 3195 προσ-

212 3211 390 3267 τίθησι
453 3213 543 3261 καὶ
597 3213 688 3267 τὴν
746 3209 916 3260 αἰτίαν
979 3217 1070 3270 τῆς
1137 3215 1383 3272 τοιαύτης
1440 3211 1806 3288 εὐχαριστίας,

211 3303 300 3351 καὶ
325 3307 421 3350 τῶν
451 3306 697 3351 ταπεινῶν
722 3298 989 3372 ῥημάτων.

281 3387 436 3440 una
471 3419 531 3428 —
568 3384 727 3439 εἷπον.
786 3390 876 3452 Τὸ,
929 3387 1245 3462 Εύχαριστῶ
1314 3409 1398 3442 σοι
1440 3391 1518 3443 ὄτι
1574 3395 1807 3455 ἤκουσάς

215 3497 333 3551 μου,
367 3474 459 3529 διὰ
487 3481 575 3534 τὴν
607 3474 872 3530 ἀσθένειαν
895 3484 993 3528 τῶν
1014 3485 1385 3549 περιεστώτων.

283 3653 389 3706 Ἵνα
442 3685 507 3693 -
556 3652 873 3715 ἀπέστειλας.
943 3660 1106 3707 Τοῦτο
1161 3659 1259 3730 γὰρ
1327 3654 1388 3716 ἦν
1454 3657 1810 3732 ἀναγκαιότα-

218 3762 319 3797 τον,
348 3742 406 3794 Ὀ
452 3745 549 3815 γὰρ
597 3745 878 3803 πιστεύσας
932 3744 1011 3795 ὅτι
1066 3746 1092 3795 ὁ
1134 3749 1257 3806 Θεὸς
1311 3747 1465 3799 αὐτὸν
1520 3748 1803 3821 ἀπέστειλε,

218 3835 480 3884 πιστεύσει
533 3833 732 3892 πάντως
771 3837 860 3884 καὶ
913 3840 1023 3894 τοῖς
1070 3832 1245 3905 λόγοις
1288 3835 1465 3902 αὐτοῦ,
1494 3845 1599 3899 τοῖς
1638 3859 1691 3891 τε
1720 3840 1808 3891 οἳλ-

219 3922 322 3982 λοις
366 3926 454 3973 καὶ
510 3928 616 3981 τοῖς
664 3924 782 3993 περὶ
833 3929 924 3973 τοῦ
978 3918 1107 3975 εἶναι
1154 3923 1307 3976 αύτόν
1348 3928 1463 3977 Υὶὸν
1512 3936 1603 3978 τοῦ
1657 3934 1803 3984 Θεοῦ.

216 4010 272 4062 Ὀ
328 4007 384 4063 δὲ
428 4014 498 4081 μή
556 4011 846 4071 πιστεύσας
892 4012 972 4062 ὅτι
1017 4012 1042 4063 ὁ
1109 4014 1232 4073 Θεὸς
1280 4012 1434 4066 αὐτὸν
1488 4014 1803 4087 ἀπέστειλεν,

220 4096 336 4153 addi
364 4102 479 4160 τοὺς
513 4098 696 4169 λόγους
724 4098 884 4150 αὐτοῦ
910 4096 1280 4173 παραδέξεται.

291 4192 385 4240 Καὶ
446 4218 514 4227 ——
579 4186 693 4249 ἔξω.
742 4218 811 4229 --
871 4194 1012 4261 Φωνῇ
1064 4189 1258 4264 μεγάλῃ
1328 4192 1667 4267 ἐκραύγασεν,
1726 4195 1808 4247 ἐν-

223 4274 538 4347 δεικνύμενος
591 4278 669 4329 ὄτι
696 4275 837 4329 καλεί
869 4281 961 4336 τὴν
1013 4277 1198 4349 ψυχὴν
1247 4280 1305 4331 ού
1350 4290 1641 4357 παροῦσαν,
1697 4283 1805 4337 ἀλλ’

224 4365 446 4417 ἀποῦσαν
500 4364 695 4439 πόρρω,
741 4371 830 4418 καὶ
890 4368 973 4418 ἵνα
1029 4370 1213 4428 πάντες
1264 4371 1312 4419 οἱ
1374 4376 1625 4442 παρόντες
1686 4376 1805 4446 (42)

224 4454 478 4506 ἀκούσωσι
507 4457 567 4506 τὸ
620 4454 1013 4516 ἐξουσιαστικόν
1053 4463 1206 4509 τοῦτο
1250 4457 1524 4531 κε’λευσμα,
1552 4466 1642 4514 καὶ
1688 4464 1807 4515 ὅταν

226 4539 399 4595 ἴδωσιν
456 4543 522 4603 εἰς
584 4546 730 4616 ἔργον
799 4542 972 4612 ἐκϐὰν,
1031 4544 1228 4617 ΰψηλόν
1282 4566 1331 4600 τι
1378 4554 1468 4602 καὶ
1537 4551 1808 4626 θεοπρεπὲς

223 4637 332 4705 περὶ
355 4632 512 4685 αὐτοῦ
553 4631 687 4690 ἐννοή
701 4652 882 4687 σωσιν.

292 4722 394 4774 Ούκ
447 4718 553 4774 εἶπε
589 4717 668 4790 δὲ,
701 4722 1007 4789 Ἀνάστηθι,
1060 4721 1206 4790 ἀλλὰ,
1241 4731 1396 4800 Δεῦρο
1438 4728 1551 4796 ἔξω,
1585 4731 1652 4792 ὡς
1686 4733 1810 4793 ζῶν-

226 4830 272 4862 τι
313 4819 379 4881 τῷ
424 4812 693 4869 aeuum
760 4806 1142 4883 διαλεγόμενος.
1212 4817 1359 4887 Παρὰ
1414 4819 1515 4888 ’γὰρ
1572 4825 1643 4888 τῷ
1694 4826 1807 4889 Θεῷ

226 4903 307 4950 καὶ
343 4900 388 4951 οἱ
438 4904 607 4973 νεκροὶ
660 4898 815 4959 ζῶσι.
876 4906 1039 4952 Τοῦτο
1093 4897 1181 4953 οὖν
1222 4900 1361 4955 ἐστιν
1401 4904 1426 4956 ὃ
1476 4905 1638 4977 ἔλεγεν
1673 4925 1685 4938 ⁸
1728 4910 1809 4961 ὅτι

224 4994 462 5059 Ἔρχεται
511 4988 638 5059 ὥρα,
698 4991 786 5039 καὶ
833 4995 921 5039 νῦν
980 4990 1143 5055 ἔστιν,
1197 4992 1280 5045 ὅτε
1333 4994 1382 5045 οἱ
1437 5000 1606 5069 νεκροὶ
1655 4994 1807 5049 ἁκού-

228 5096 393 5130 σονται
441 5084 535 5136 τῆς
591 5083 760 5147 φωνῆς
807 5083 898 5127 τοῦ
951 5079 1075 5129 Υἱοῦ
1123 5087 1214 5132 τοῦ
1270 5088 1423 5150 Θεοῦ,
1456 5087 1546 5136 καὶ
1578 5086 1626 5136 οἱ
1658 5084 1808 5139 ἀκού-

228 5183 393 5226 σαντες
422 5164 694 5224 ξήσονται.
719 5170 855 5239 Ὅρα
883 5168 1007 5239 γάρ.

290 5291 333 5326 ²⁶
368 5290 516 5346 Joan
571 5305 626 5354 v,
652 5293 742 5345 25.

1917 1865 2095 1921 etiam
2122 1882 2260 1921 eum
2283 1867 2509 1923 dixisse
2534 1868 2613 1924 illi
2641 1886 2655 1935 ;
2692 1875 2793 1926 aut
2817 1872 2930 1927 hoc
2958 1873 3065 1930 sibi
3112 1874 3409 1945 volebant,
3434 1896 3570 1952 qum

1916 1954 1996 2010 illi
2021 1955 2277 2012 dixerat.

1987 2044 2147 2099 Vers.
2187 2048 2274 2099 41.
2314 2045 2699 2104 Sustulerunt
2740 2080 2807 2090 —-
2844 2058 3135 2110 mortuus.
3194 2056 3569 2116 Sustulerunt

1917 2150 2055 2190 eum
2088 2150 2123 2189 a
2147 2134 2280 2191 loco
2310 2135 2369 2190 in
2397 2152 2517 2207 quo
2544 2138 2803 2208 jacebat.

1991 2224 2153 2279 Vers.
2204 2228 2292 2280 41.
2350 2225 2514 2282 Jesus
2564 2234 2779 2285 autem.
2815 2261 2882 2271 --
2915 2247 3018 2288 me.
3065 2234 3207 2291 Vide
3261 2235 3570 2296 dictiones-

1920 2312 2185 2381 Sursum,
2217 2317 2274 2369 et
2302 2315 2540 2372 Gratias
2567 2332 2679 2387 ago
2709 2335 2721 2373 :
2759 2324 2877 2376 uta
2899 2323 3016 2377 Deo
3048 2324 3266 2380 missus
3292 2342 3424 2383 esse
3450 2344 3569 2385 cre-

1919 2402 2112 2457 datur.
2148 2403 2280 2474 lpse
2313 2404 2611 2476 siquidem
2642 2408 2702 2462 in
2724 2424 3045 2478 progressu
3070 2414 3417 2471 docethanc
3442 2434 3571 2474 esse

1919 2507 2186 2547 causam.
2223 2493 2511 2549 Dicebant
2537 2497 2696 2551 enim
2723 2497 2900 2567 judaai
2934 2515 2944 2550 :
2971 2502 3096 2556 Non
3127 2510 3218 2559 est
3248 2504 3343 2561 hic
3374 2507 3570 2563 aDeo.

1923 2580 2031 2636 Sed
2061 2581 2370 2652 quomodo
2392 2582 2568 2638 dixit:
2591 2584 2741 2650 Quia
2760 2588 2980 2643 audisti
3007 2606 3113 2656 me,
3138 2608 3275 2648 cum
3298 2600 3574 2665 precatus

1920 2684 2040 2723 non
2074 2670 2145 2724 sit
2173 2668 2200 2723 ‘1
2222 2673 2349 2725 Non
2378 2676 2465 2727 est
2506 2679 2791 2743 precatus,
2831 2679 3149 2735 ostendens
3178 2684 3341 2753 quod
3375 2701 3576 2755 preca-

1920 2757 2079 2812 tione
2105 2773 2254 2830 opus
2281 2759 2359 2814 ίιιι
2387 2776 2507 2816 non
2526 2769 2695 2819 esset.
2728 2764 2880 2822 Dixit
2902 2774 3103 2823 autem
3128 2787 3145 2823 :
3174 2771 3325 2838 Quia
3353 2775 3577 2830 audisti

1920 2861 2030 2913 me,
2110 2847 2423 2905 insinuans
2498 2851 2818 2908 voluntatis
2897 2855 3285 2917 identitatem.
3344 2862 3575 2921 Gratias

1923 2934 2031 2989 tibi
2060 2950 2191 3005 ago,
2221 2952 2365 3008 quia
2388 2936 2622 2995 voluisti
2650 2942 2815 3013 quod
2845 2960 2958 3014 ego
2990 2947 3143 3003 volo.

1992 3024 2161 3081 Vers.
2205 3026 2290 3080 42.
2325 3027 2452 3097 Ego
2492 3060 2559 3069 —
2598 3032 2791 3088 audis.
2836 3036 3082 3108 Semper
3113 3039 3200 3093 vis
3241 3056 3376 3113 qua:
3419 3042 3570 3109 volo;

1851 3149 1889 3203 ρ
1922 3128 2063 3169 nam
2117 3115 2330 3171 eadem
2386 3118 2611 3189 utrique
2663 3122 2937 3180 voluntas
2986 3132 3078 3182 est
3130 3143 3199 3183 ac
3246 3146 3418 3187 mens
3477 3148 3575 3191 ea-

1920 3202 2079 3257 dem.
2100 3202 2321 3259 Deinde
2339 3206 2501 3262 addit
2529 3214 2843 3265 etcausam
2872 3213 3221 3283 hujusmodi
3244 3221 3572 3287 gratiarum

1922 3292 2173 3347 actionis
2203 3294 2645 3369 humiliumque
2669 3300 3008 3357 verborum.

1992 3381 2156 3472 Vers.
2203 3382 2291 3472 42.
2351 3384 2463 3441 Sed
2504 3416 2554 3426 -
2609 3388 2755 3444 dixi.
2819 3392 2967 3455 Dixi,
3010 3394 3245 3452 Gratias
3296 3399 3406 3453 tibi
3441 3416 3568 3472 ago,

1920 3468 2064 3540 quia
2110 3471 2335 3527 audisti
2382 3489 2491 3543 me,
2528 3481 2773 3547 propter
2805 3476 3271 3541 imbecillitatem
3319 3468 3570 3546 circum-

1919 3557 2225 3615 stantium.

1989 3649 2153 3703 Vers.
2188 3652 2273 3704 42.
2343 3651 2413 3707 Ut
2444 3681 2511 3693 —
2542 3654 2791 3710 miseris.
2839 3659 2987 3714 Nam
3037 3659 3152 3717 hoc
3183 3666 3441 3723 maxime
3470 3683 3572 3725 ne-

1917 3738 2239 3793 cessarium
2268 3746 2413 3794 erat.
2448 3741 2557 3805 Qui
2593 3743 2752 3799 enim
2800 3746 2984 3803 credit
3030 3752 3195 3821 quod
3249 3757 3403 3811 Deus
3437 3773 3572 3816 eum

1916 3823 2163 3893 miserit,
2196 3826 2325 3897 ejus
2351 3828 2530 3884 etiam
2556 3834 2754 3889 credet
2796 3840 3190 3907 sermonibus,
3237 3860 3374 3900 cum
3419 3846 3571 3917 aliis,

1917 3918 2043 3968 tum
2071 3912 2161 3968 his
2185 3915 2400 3986 quibus
2432 3934 2494 3972 se
2544 3920 2644 3974 Dei
2685 3937 2813 3978 esse
2860 3924 3068 3982 Filium
3109 3932 3370 3989 ostendit
3412 3950 3426 4000 ;
3464 3912 3571 4007 qui

1917 4008 2116 4057 autem
2136 4018 2259 4058 non
2284 4005 2467 4061 credit
2484 4009 2648 4078 quod
2673 4010 2826 4066 Deus
2856 4030 2993 4070 cum
3021 4018 3267 4085 miserit,
3300 4022 3350 4076 is
3373 4005 3571 4097 neq—ue

1916 4102 2044 4170 ejus
2086 4117 2391 4157 sermones
2430 4106 2726 4177 suscipiet.

1986 4198 2149 4291 Vers.
2180 4202 2267 4255 43.
2300 4201 2378 4256 Et
2407 4232 2463 4291 ᾖ
2490 4204 2681 4273 foras.
2722 4238 2789 4248 —-
2831 4209 2977 4266 Voce
3017 4227 3232 4285 magna
3257 4218 3565 4291 clamavit,

1915 4287 2257 4353 ostendens,
2277 4290 2443 4361 quod
2456 4293 2720 4350 animam
2740 4304 2908 4353 vocet
2925 4315 3043 4355 non
3064 4312 3436 4375 praesentem,
3464 4287 3570 4366 sed

1917 4376 2124 4447 procul
2177 4376 2535 4435 absentem:
2602 4389 2787 4455 utque
2825 4401 3036 4443 omnes
3099 4391 3201 4463 qui
3248 4402 3569 4464 praesentes

1917 4472 2105 4531 erant,
2134 4465 3015 4531 audirenthancauctoritativaa
3040 4484 3347 4549 potestatis
3354 4485 3570 4555 jussio-

1920 4569 2056 4609 nem
2080 4560 2165 4610 :et
2179 4557 2389 4611 cumin
2408 4573 2561 4628 opus
2574 4559 2895 4619 deductam
2920 4565 3217 4625 viderent:
3238 4573 3571 4634 sublimiter

1918 4643 1992 4699 de
2019 4659 2109 4709 eo,
2152 4648 2445 4716 tanquam
2483 4647 2558 4702 de
2598 4649 2734 4715 Deo,
2777 4654 3078 4712 sentirent.

1988 4734 2115 4789 Non
2138 4732 2285 4788 dixit
2310 4740 2532 4800 autem,
2559 4736 2843 4809 Resurge,
2874 4743 2998 4809 sed,
3044 4746 3185 4803 Veni
3206 4750 3398 4818 foras,
3433 4770 3573 4814 cum

1918 4836 2009 4888 eo,
2039 4821 2141 4892 qui
2176 4828 2446 4877 mortuus
2476 4823 2688 4896 fuerat,
2724 4834 3010 4902 tanquam
3045 4852 3179 4892 cum
3200 4841 3432 4898 vivente
3457 4845 3576 4902 col-

1915 4909 2186 4980 loquens.
2229 4910 2536 4981 Siquidem
2578 4917 2740 4987 apud
2783 4921 2968 4976 Deum
3011 4924 3189 4981 etiam
3232 4932 3449 4987 mortui
3493 4935 3577 4991 vi-

1916 5005 2078 5054 vunt.
2106 4999 2223 5055 Hoc
2250 5015 2393 5070 ergo
2421 5008 2531 5067 est,
2566 5005 2728 5075 quod
2774 5007 3013 5067 dicebat
3044 5031 3057 5067 :
3096 5015 3267 5072 Venit
3321 5026 3572 5096 tempus,

1917 5092 1971 5145 et
1996 5105 2153 5145 nunc
2181 5095 2284 5156 est,
2319 5093 2560 5162 quando
2580 5098 2796 5152 mortui
2816 5101 3055 5157 audient
3078 5121 3263 5164 vocem
3281 5109 3429 5167 Filii
3447 5092 3569 5184 Dei,

1919 5183 1975 5235 et
1988 5178 2092 5251 qui
2107 5178 2415 5253 audierint,
2438 5183 2628 5241 vivent
2652 5186 2718 5243 ³⁸.
2745 5186 2885 5244 Vide
2901 5191 3081 5262 enim,
3100 5196 3249 5268 quid
3264 5208 3552 5273 sequatur

1431 5392 1654 5467 Variae
1692 5397 2020 5472 lectiones
2051 5414 2114 5472 et
2153 5414 2354 5474 notae.

556 5631 659 5693 ίαις
682 5628 742 5684 Β.

315 5556 400 5615 38)
439 5556 504 5610 Οἱ
540 5555 710 5613 abest
739 5557 808 5612 Δ.

315 5560 376 5615 38
439 5556 504 5610 Οἱ
540 5556 710 5613 abest
739 5557 808 5612 Δ.

290 5556 400 5780 Ξζὶθὲ
434 5631 659 5757 μτέρίαις
682 5628 742 5684 Β.
984 5703 998 5718 ⁵

312 5698 373 5759 40
448 5707 486 5757 Ε
532 5696 649 5756 (dou
680 5700 744 5756 Β.
784 5700 950 5762 Forte
978 5696 1165 5765 ιδίδω.

1990 5574 2102 5717 ἓ41)
2142 5572 2468 5664 Ηοιιιοιιὶιιε
2496 5577 2654 5651 legit,
2686 5582 2782 5657 ὅρα
2810 5588 2866 5641 et
2909 5582 3229 5668 εὐχαριστῶ.

2019 5646 2108 5717 42)
2150 5649 2217 5702 Οἱ
2247 5667 2497 5717 παρόντες
2525 5652 2740 5714 desunt
2762 5658 2830 5717 Α.

2019 5646 2108 5723 42)
2150 5649 2217 5702 Οἱ
2247 5653 2497 5729 παρόντες
2525 5646 2740 5714 desunt
2762 5658 2830 5717 Α.
