  <div class='ocr_page' id='page_1' title='image "/cluster/home/n/w/nwhite01/storage/ocr_20150623/129/mdp.39015061528470/715.png"; bbox 0 0 4130 6320; ppageno 0'>
   <div class='ocr_carea' id='block_1_1' title="bbox 553 262 4024 342">
    <p class='ocr_par' dir='ltr' id='par_1_1' title="bbox 553 262 4024 342">
     <span class='ocr_line' id='line_1_1' title="bbox 553 262 4024 342; baseline 0.002 -8"><span class='ocrx_word' id='word_1_1' title='bbox 553 277 680 336; x_wconf 71' lang='grc' dir='ltr'><strong>13ὃ1</strong></span> <span class='ocrx_word' id='word_1_2' title='bbox 1882 262 2227 332; x_wconf 77' lang='lat' dir='ltr'><strong>EUTHYMII</strong></span> <span class='ocrx_word' id='word_1_3' title='bbox 2278 266 2613 333; x_wconf 79' lang='lat' dir='ltr'><strong>ZIGABENI</strong></span> <span class='ocrx_word' id='word_1_4' title='bbox 3851 280 4024 342; x_wconf 63' lang='lat'><strong>13.33</strong></span> 
     </span>
    </p>
   </div>
   <div class='ocr_carea' id='block_1_2' title="bbox 620 401 2177 482">
    <p class='ocr_par' dir='ltr' id='par_1_2' title="bbox 620 401 2175 472">
     <span class='ocr_line' id='line_1_2' title="bbox 620 401 2175 472; baseline -0.001 -13"><span class='ocrx_word' id='word_1_5' title='bbox 620 406 781 459; x_wconf 84' lang='lat' dir='ltr'><strong>Vers.</strong></span> <span class='ocrx_word' id='word_1_6' title='bbox 807 405 895 459; x_wconf 71' lang='grc'><strong>44.</strong></span> <span class='ocrx_word' id='word_1_7' title='bbox 923 401 994 458; x_wconf 89' lang='lat' dir='ltr'><strong>Et</strong></span> <span class='ocrx_word' id='word_1_8' title='bbox 1008 434 1073 443; x_wconf 93' lang='lat'><strong><em>—</em></strong></span> <span class='ocrx_word' id='word_1_9' title='bbox 1093 403 1300 471; x_wconf 76' lang='lat' dir='ltr'><strong>fasciis</strong></span> <span class='ocrx_word' id='word_1_10' title='bbox 1319 401 1774 470; x_wconf 70' lang='lat' dir='ltr'><strong>sepulcralibue.</strong></span> <span class='ocrx_word' id='word_1_11' title='bbox 1794 401 2054 456; x_wconf 88' lang='lat' dir='ltr'><strong>Vinculis</strong></span> <span class='ocrx_word' id='word_1_12' title='bbox 2073 403 2175 472; x_wconf 89' lang='lat' dir='ltr'><strong>qui</strong></span> 
     </span>
    </p>
   </div>
   <div class='ocr_carea' id='block_1_3' title="bbox 2296 401 4018 482">
    <p class='ocr_par' dir='ltr' id='par_1_3' title="bbox 2387 407 4018 482">
     <span class='ocr_line' id='line_1_3' title="bbox 2387 407 4018 482; baseline 0.006 -28"><span class='ocrx_word' id='word_1_13' title='bbox 2387 407 2488 455; x_wconf 74' lang='grc' dir='ltr'><strong>Καὶ</strong></span> <span class='ocrx_word' id='word_1_14' title='bbox 2539 433 2606 443; x_wconf 94' lang='lat'><strong><em>—</em></strong></span> <span class='ocrx_word' id='word_1_15' title='bbox 2655 408 2892 477; x_wconf 77' lang='grc' dir='ltr'><strong>κειρίαις.</strong></span> <span class='ocrx_word' id='word_1_16' title='bbox 2953 410 3172 477; x_wconf 88' lang='grc' dir='ltr'>Δεσμοῖς</span> <span class='ocrx_word' id='word_1_17' title='bbox 3229 408 3693 479; x_wconf 87' lang='grc' dir='ltr'>νεκροστολικοίς.</span> <span class='ocrx_word' id='word_1_18' title='bbox 3747 409 3842 462; x_wconf 78' lang='grc' dir='ltr'>Ὠ</span> <span class='ocrx_word' id='word_1_19' title='bbox 3914 433 4018 482; x_wconf 67' lang='grc' dir='ltr'>με-</span> 
     </span>
    </p>
   </div>
   <div class='ocr_carea' id='block_1_4' title="bbox 547 491 2200 561">
    <p class='ocr_par' dir='ltr' id='par_1_4' title="bbox 547 491 2200 561">
     <span class='ocr_line' id='line_1_4' title="bbox 547 491 2200 561; baseline -0.001 -11"><span class='ocrx_word' id='word_1_20' title='bbox 547 493 663 550; x_wconf 84' lang='lat' dir='ltr'><strong>bus</strong></span> <span class='ocrx_word' id='word_1_21' title='bbox 689 493 897 549; x_wconf 79' lang='lat' dir='ltr'><strong>mortui</strong></span> <span class='ocrx_word' id='word_1_22' title='bbox 913 493 1200 547; x_wconf 80' lang='lat' dir='ltr'><strong>obvinciri</strong></span> <span class='ocrx_word' id='word_1_23' title='bbox 1225 491 1434 546; x_wconf 88' lang='lat' dir='ltr'><strong>solent.</strong></span> <span class='ocrx_word' id='word_1_24' title='bbox 1453 493 1496 547; x_wconf 95' lang='grc' dir='ltr'>Ο</span> <span class='ocrx_word' id='word_1_25' title='bbox 1519 493 1848 546; x_wconf 82' lang='lat' dir='ltr'><strong>maximum</strong></span> <span class='ocrx_word' id='word_1_26' title='bbox 1865 506 1932 546; x_wconf 91' lang='lat' dir='ltr'><strong>ac</strong></span> <span class='ocrx_word' id='word_1_27' title='bbox 1947 491 2200 561; x_wconf 92' lang='lat' dir='ltr'><strong>duplum</strong></span> 
     </span>
    </p>
   </div>
   <div class='ocr_carea' id='block_1_5' title="bbox 547 579 2196 651">
    <p class='ocr_par' dir='ltr' id='par_1_5' title="bbox 547 579 2196 651">
     <span class='ocr_line' id='line_1_5' title="bbox 547 579 2196 651; baseline -0.003 -12"><span class='ocrx_word' id='word_1_28' title='bbox 547 584 909 639; x_wconf 83' lang='lat' dir='ltr'><strong>miraculum</strong></span> <span class='ocrx_word' id='word_1_29' title='bbox 939 581 1099 635; x_wconf 81' lang='lat' dir='ltr'><strong>lNon</strong></span> <span class='ocrx_word' id='word_1_30' title='bbox 1123 581 1338 644; x_wconf 88' lang='lat' dir='ltr'><strong>solum,</strong></span> <span class='ocrx_word' id='word_1_31' title='bbox 1363 579 1606 651; x_wconf 81' lang='lat' dir='ltr'><strong>quijaln</strong></span> <span class='ocrx_word' id='word_1_32' title='bbox 1625 579 2196 648; x_wconf 84' lang='lat' dir='ltr'><strong>olebat,resurrexit,</strong></span> 
     </span>
    </p>
   </div>
   <div class='ocr_carea' id='block_1_6' title="bbox 545 669 2194 742">
    <p class='ocr_par' dir='ltr' id='par_1_6' title="bbox 545 669 2194 742">
     <span class='ocr_line' id='line_1_6' title="bbox 545 669 2194 742; baseline -0.001 -16"><span class='ocrx_word' id='word_1_33' title='bbox 545 674 647 727; x_wconf 86' lang='lat' dir='ltr'><strong>sed</strong></span> <span class='ocrx_word' id='word_1_34' title='bbox 677 670 997 742; x_wconf 90' lang='lat' dir='ltr'><strong>etiam,qui</strong></span> <span class='ocrx_word' id='word_1_35' title='bbox 1027 669 1338 725; x_wconf 89' lang='lat' dir='ltr'><strong>obvinctus</strong></span> <span class='ocrx_word' id='word_1_36' title='bbox 1359 674 1504 735; x_wconf 88' lang='lat' dir='ltr'><strong>erat,</strong></span> <span class='ocrx_word' id='word_1_37' title='bbox 1529 669 1702 724; x_wconf 82' lang='lat' dir='ltr'><strong>exivit</strong></span> <span class='ocrx_word' id='word_1_38' title='bbox 1723 685 1753 723; x_wconf 92' lang='lat' dir='ltr'><strong>e</strong></span> <span class='ocrx_word' id='word_1_39' title='bbox 1783 674 2194 725; x_wconf 91' lang='lat' dir='ltr'><strong>monumento.</strong></span> 
     </span>
    </p>
   </div>
   <div class='ocr_carea' id='block_1_7' title="bbox 543 757 2196 832">
    <p class='ocr_par' dir='ltr' id='par_1_7' title="bbox 543 757 2196 832">
     <span class='ocr_line' id='line_1_7' title="bbox 543 757 2196 832; baseline 0 -18"><span class='ocrx_word' id='word_1_40' title='bbox 543 760 739 832; x_wconf 88' lang='lat' dir='ltr'><strong>ltaque</strong></span> <span class='ocrx_word' id='word_1_41' title='bbox 776 760 1101 829; x_wconf 75' lang='lat' dir='ltr'><strong>gratiarum</strong></span> <span class='ocrx_word' id='word_1_42' title='bbox 1143 761 1314 820; x_wconf 90' lang='lat' dir='ltr'><strong>actio,</strong></span> <span class='ocrx_word' id='word_1_43' title='bbox 1348 757 1807 828; x_wconf 78' lang='lat' dir='ltr'><strong>dispensationis</strong></span> <span class='ocrx_word' id='word_1_44' title='bbox 1829 765 1972 822; x_wconf 89' lang='lat' dir='ltr'><strong>erat,</strong></span> <span class='ocrx_word' id='word_1_45' title='bbox 2004 758 2196 828; x_wconf 84' lang='lat' dir='ltr'><strong>jussio</strong></span> 
     </span>
    </p>
   </div>
   <div class='ocr_carea' id='block_1_8' title="bbox 539 847 2194 922">
    <p class='ocr_par' dir='ltr' id='par_1_8' title="bbox 539 847 2194 922">
     <span class='ocr_line' id='line_1_8' title="bbox 539 847 2194 922; baseline -0.003 -16"><span class='ocrx_word' id='word_1_46' title='bbox 539 866 610 906; x_wconf 84' lang='lat' dir='ltr'><strong>ac</strong></span> <span class='ocrx_word' id='word_1_47' title='bbox 635 866 808 922; x_wconf 87' lang='lat' dir='ltr'><strong>opus,</strong></span> <span class='ocrx_word' id='word_1_48' title='bbox 835 849 1196 904; x_wconf 78' lang='lat' dir='ltr'><strong>auctoritatis</strong></span> <span class='ocrx_word' id='word_1_49' title='bbox 1227 863 1238 899; x_wconf 90' lang='lat'>:</span> <span class='ocrx_word' id='word_1_50' title='bbox 1267 847 1361 902; x_wconf 85' lang='lat' dir='ltr'><strong>illa</strong></span> <span class='ocrx_word' id='word_1_51' title='bbox 1391 854 1629 917; x_wconf 80' lang='lat' dir='ltr'><strong>propter</strong></span> <span class='ocrx_word' id='word_1_52' title='bbox 1665 852 2048 918; x_wconf 61' lang='lat' dir='ltr'><strong>praesentium</strong></span> <span class='ocrx_word' id='word_1_53' title='bbox 2089 848 2194 902; x_wconf 90' lang='lat' dir='ltr'><strong>im-</strong></span> 
     </span>
    </p>
   </div>
   <div class='ocr_carea' id='block_1_9' title="bbox 538 936 2196 1006">
    <p class='ocr_par' dir='ltr' id='par_1_9' title="bbox 538 936 2196 1006">
     <span class='ocr_line' id='line_1_9' title="bbox 538 936 2196 1006; baseline -0.002 -13"><span class='ocrx_word' id='word_1_54' title='bbox 538 937 917 994; x_wconf 90' lang='lat' dir='ltr'><strong>becillitatem</strong></span> <span class='ocrx_word' id='word_1_55' title='bbox 962 937 1116 992; x_wconf 88' lang='lat' dir='ltr'><strong>facta</strong></span> <span class='ocrx_word' id='word_1_56' title='bbox 1146 943 1256 1000; x_wconf 90' lang='lat' dir='ltr'><strong>est,</strong></span> <span class='ocrx_word' id='word_1_57' title='bbox 1291 936 1408 990; x_wconf 66' lang='lat' dir='ltr'><strong>haec</strong></span> <span class='ocrx_word' id='word_1_58' title='bbox 1444 943 1641 990; x_wconf 86' lang='lat' dir='ltr'><strong>autem</strong></span> <span class='ocrx_word' id='word_1_59' title='bbox 1669 943 1909 1006; x_wconf 86' lang='lat' dir='ltr'><strong>propter</strong></span> <span class='ocrx_word' id='word_1_60' title='bbox 1939 936 2067 1006; x_wconf 88' lang='lat' dir='ltr'><strong>ejus</strong></span> <span class='ocrx_word' id='word_1_61' title='bbox 2093 952 2196 1006; x_wconf 90' lang='lat' dir='ltr'><strong>po-</strong></span> 
     </span>
    </p>
   </div>
   <div class='ocr_carea' id='block_1_10' title="bbox 535 1025 2192 1097">
    <p class='ocr_par' dir='ltr' id='par_1_10' title="bbox 535 1025 2192 1097">
     <span class='ocr_line' id='line_1_10' title="bbox 535 1025 2192 1097; baseline -0.003 -13"><span class='ocrx_word' id='word_1_62' title='bbox 535 1028 775 1084; x_wconf 85' lang='lat' dir='ltr'><strong>tentiam</strong></span> <span class='ocrx_word' id='word_1_63' title='bbox 829 1034 892 1081; x_wconf 90' lang='lat' dir='ltr'><strong>et</strong></span> <span class='ocrx_word' id='word_1_64' title='bbox 941 1027 1212 1081; x_wconf 85' lang='lat' dir='ltr'><strong>virtutem</strong></span> <span class='ocrx_word' id='word_1_65' title='bbox 1249 1025 1480 1080; x_wconf 85' lang='lat' dir='ltr'><strong>accidit.</strong></span> <span class='ocrx_word' id='word_1_66' title='bbox 1510 1026 1835 1097; x_wconf 80' lang='lat' dir='ltr'><strong>Propterea</strong></span> <span class='ocrx_word' id='word_1_67' title='bbox 1873 1026 1930 1078; x_wconf 90' lang='lat' dir='ltr'><strong>in</strong></span> <span class='ocrx_word' id='word_1_68' title='bbox 1974 1040 2192 1096; x_wconf 69' lang='lat' dir='ltr'><strong>praece-</strong></span> 
     </span>
    </p>
   </div>
   <div class='ocr_carea' id='block_1_11' title="bbox 533 1114 2186 1184">
    <p class='ocr_par' dir='ltr' id='par_1_11' title="bbox 533 1114 2186 1184">
     <span class='ocr_line' id='line_1_11' title="bbox 533 1114 2186 1184; baseline -0.001 -12"><span class='ocrx_word' id='word_1_69' title='bbox 533 1117 814 1172; x_wconf 88' lang='lat' dir='ltr'><strong>dentibus</strong></span> <span class='ocrx_word' id='word_1_70' title='bbox 853 1115 1087 1170; x_wconf 85' lang='lat' dir='ltr'><strong>dicebat</strong></span> <span class='ocrx_word' id='word_1_71' title='bbox 1116 1131 1127 1168; x_wconf 94' lang='lat'>:</span> <span class='ocrx_word' id='word_1_72' title='bbox 1156 1114 1216 1168; x_wconf 91' lang='lat' dir='ltr'><strong>Si</strong></span> <span class='ocrx_word' id='word_1_73' title='bbox 1240 1131 1357 1169; x_wconf 85' lang='lat' dir='ltr'><strong>non</strong></span> <span class='ocrx_word' id='word_1_74' title='bbox 1397 1115 1552 1184; x_wconf 78' lang='lat' dir='ltr'><strong>facio</strong></span> <span class='ocrx_word' id='word_1_75' title='bbox 1590 1129 1764 1183; x_wconf 87' lang='lat' dir='ltr'><strong>opera</strong></span> <span class='ocrx_word' id='word_1_76' title='bbox 1803 1115 2004 1170; x_wconf 79' lang='lat' dir='ltr'><strong>Patris</strong></span> <span class='ocrx_word' id='word_1_77' title='bbox 2054 1115 2186 1184; x_wconf 90' lang='lat' dir='ltr'><strong>mei,</strong></span> 
     </span>
    </p>
   </div>
   <div class='ocr_carea' id='block_1_12' title="bbox 532 1203 2186 1273">
    <p class='ocr_par' dir='ltr' id='par_1_12' title="bbox 532 1203 2186 1273">
     <span class='ocr_line' id='line_1_12' title="bbox 532 1203 2186 1273; baseline -0.001 -12"><span class='ocrx_word' id='word_1_78' title='bbox 532 1207 717 1261; x_wconf 78' lang='lat' dir='ltr'><strong>nolite</strong></span> <span class='ocrx_word' id='word_1_79' title='bbox 743 1206 976 1262; x_wconf 82' lang='lat' dir='ltr'><strong>credere</strong></span> <span class='ocrx_word' id='word_1_80' title='bbox 1004 1204 1154 1260; x_wconf 82' lang='lat' dir='ltr'><strong>mihi</strong></span> <span class='ocrx_word' id='word_1_81' title='bbox 1183 1217 1204 1273; x_wconf 83' lang='lat'><strong>,°</strong></span> <span class='ocrx_word' id='word_1_82' title='bbox 1229 1205 1278 1258; x_wconf 84' lang='lat' dir='ltr'><strong>si</strong></span> <span class='ocrx_word' id='word_1_83' title='bbox 1299 1210 1488 1259; x_wconf 85' lang='lat' dir='ltr'><strong>autem</strong></span> <span class='ocrx_word' id='word_1_84' title='bbox 1529 1203 1708 1271; x_wconf 83' lang='lat' dir='ltr'><strong>facio,</strong></span> <span class='ocrx_word' id='word_1_85' title='bbox 1749 1205 1859 1258; x_wconf 83' lang='lat' dir='ltr'><strong>etsi</strong></span> <span class='ocrx_word' id='word_1_86' title='bbox 1890 1204 2030 1258; x_wconf 82' lang='lat' dir='ltr'><strong>mihi</strong></span> <span class='ocrx_word' id='word_1_87' title='bbox 2067 1221 2186 1260; x_wconf 76' lang='lat' dir='ltr'><strong>non</strong></span> 
     </span>
    </p>
   </div>
   <div class='ocr_carea' id='block_1_13' title="bbox 533 1293 1632 1365">
    <p class='ocr_par' dir='ltr' id='par_1_13' title="bbox 533 1293 1632 1365">
     <span class='ocr_line' id='line_1_13' title="bbox 533 1293 1632 1365; baseline -0.004 -14"><span class='ocrx_word' id='word_1_88' title='bbox 533 1296 713 1352; x_wconf 78' lang='lat' dir='ltr'><strong>vallis</strong></span> <span class='ocrx_word' id='word_1_89' title='bbox 740 1295 998 1356; x_wconf 84' lang='lat' dir='ltr'><strong>credere,</strong></span> <span class='ocrx_word' id='word_1_90' title='bbox 1033 1293 1300 1365; x_wconf 70' lang='lat' dir='ltr'><strong>aperiam</strong></span> <span class='ocrx_word' id='word_1_91' title='bbox 1325 1293 1546 1349; x_wconf 79' lang='lat' dir='ltr'><strong>credite</strong></span> <span class='ocrx_word' id='word_1_92' title='bbox 1564 1295 1632 1347; x_wconf 71' lang='grc'><strong>’⁷.</strong></span> 
     </span>
    </p>
   </div>
   <div class='ocr_carea' id='block_1_14' title="bbox 605 1382 2186 1454">
    <p class='ocr_par' dir='ltr' id='par_1_14' title="bbox 605 1382 2186 1454">
     <span class='ocr_line' id='line_1_14' title="bbox 605 1382 2186 1454; baseline 0.001 -16"><span class='ocrx_word' id='word_1_93' title='bbox 605 1386 760 1438; x_wconf 87' lang='lat' dir='ltr'><strong>Vers.</strong></span> <span class='ocrx_word' id='word_1_94' title='bbox 787 1387 874 1438; x_wconf 76' lang='grc'>44.</span> <span class='ocrx_word' id='word_1_95' title='bbox 907 1384 978 1438; x_wconf 84' lang='lat' dir='ltr'><strong>Et</strong></span> <span class='ocrx_word' id='word_1_96' title='bbox 1011 1414 1072 1422; x_wconf 90' lang='lat'><strong>—-</strong></span> <span class='ocrx_word' id='word_1_97' title='bbox 1102 1387 1224 1437; x_wconf 82' lang='lat' dir='ltr'><strong>erat</strong></span> <span class='ocrx_word' id='word_1_98' title='bbox 1246 1383 1536 1437; x_wconf 79' lang='lat' dir='ltr'><strong>obvincta.</strong></span> <span class='ocrx_word' id='word_1_99' title='bbox 1563 1382 1750 1437; x_wconf 89' lang='lat' dir='ltr'><strong>Parva</strong></span> <span class='ocrx_word' id='word_1_100' title='bbox 1780 1382 2042 1448; x_wconf 83' lang='lat' dir='ltr'><strong>fasciola,</strong></span> <span class='ocrx_word' id='word_1_101' title='bbox 2071 1399 2186 1454; x_wconf 87' lang='lat' dir='ltr'><strong>qua</strong></span> 
     </span>
    </p>
   </div>
   <div class='ocr_carea' id='block_1_15' title="bbox 533 1469 2184 1544">
    <p class='ocr_par' dir='ltr' id='par_1_15' title="bbox 533 1469 2184 1544">
     <span class='ocr_line' id='line_1_15' title="bbox 533 1469 2184 1544; baseline -0.002 -15"><span class='ocrx_word' id='word_1_102' title='bbox 533 1473 609 1529; x_wconf 87' lang='lat' dir='ltr'><strong>ad</strong></span> <span class='ocrx_word' id='word_1_103' title='bbox 649 1473 764 1528; x_wconf 89' lang='lat' dir='ltr'><strong>hoc</strong></span> <span class='ocrx_word' id='word_1_104' title='bbox 793 1488 982 1544; x_wconf 89' lang='lat' dir='ltr'><strong>usque</strong></span> <span class='ocrx_word' id='word_1_105' title='bbox 1024 1479 1259 1543; x_wconf 88' lang='lat' dir='ltr'><strong>tempus</strong></span> <span class='ocrx_word' id='word_1_106' title='bbox 1294 1476 1535 1526; x_wconf 89' lang='lat' dir='ltr'><strong>utuntur</strong></span> <span class='ocrx_word' id='word_1_107' title='bbox 1576 1469 1801 1527; x_wconf 68' lang='lat' dir='ltr'><strong>Hebraei</strong></span> <span class='ocrx_word' id='word_1_108' title='bbox 1837 1472 1914 1527; x_wconf 90' lang='lat' dir='ltr'><strong>ad</strong></span> <span class='ocrx_word' id='word_1_109' title='bbox 1948 1478 2184 1543; x_wconf 81' lang='lat' dir='ltr'><strong>tegmen</strong></span> 
     </span>
    </p>
   </div>
   <div class='ocr_carea' id='block_1_16' title="bbox 531 1560 774 1632">
    <p class='ocr_par' dir='ltr' id='par_1_16' title="bbox 531 1560 774 1632">
     <span class='ocr_line' id='line_1_16' title="bbox 531 1560 774 1632; baseline -0.004 -15"><span class='ocrx_word' id='word_1_110' title='bbox 531 1560 774 1632; x_wconf 77' lang='lat' dir='ltr'><strong>capitis.</strong></span> 
     </span>
    </p>
   </div>
   <div class='ocr_carea' id='block_1_17' title="bbox 602 1649 2186 1714">
    <p class='ocr_par' dir='ltr' id='par_1_17' title="bbox 602 1649 2186 1714">
     <span class='ocr_line' id='line_1_17' title="bbox 602 1649 2186 1714; baseline 0.005 -14"><span class='ocrx_word' id='word_1_111' title='bbox 602 1652 766 1706; x_wconf 86' lang='lat' dir='ltr'><strong>Vers.</strong></span> <span class='ocrx_word' id='word_1_112' title='bbox 826 1653 913 1705; x_wconf 75' lang='grc'><strong>44.</strong></span> <span class='ocrx_word' id='word_1_113' title='bbox 947 1650 1343 1705; x_wconf 81' lang='lat' dir='ltr'><strong>Ait—abire.</strong></span> <span class='ocrx_word' id='word_1_114' title='bbox 1408 1651 1520 1704; x_wconf 87' lang='lat' dir='ltr'><strong>Vos</strong></span> <span class='ocrx_word' id='word_1_115' title='bbox 1578 1664 1708 1705; x_wconf 83' lang='lat' dir='ltr'><strong>eum</strong></span> <span class='ocrx_word' id='word_1_116' title='bbox 1735 1649 1958 1714; x_wconf 79' lang='lat' dir='ltr'><strong>solvite,</strong></span> <span class='ocrx_word' id='word_1_117' title='bbox 2016 1655 2080 1706; x_wconf 91' lang='lat' dir='ltr'><strong>ut</strong></span> <span class='ocrx_word' id='word_1_118' title='bbox 2132 1657 2186 1708; x_wconf 89' lang='lat' dir='ltr'><strong>et</strong></span> 
     </span>
    </p>
   </div>
   <div class='ocr_carea' id='block_1_18' title="bbox 531 1737 2182 1810">
    <p class='ocr_par' dir='ltr' id='par_1_18' title="bbox 531 1737 2182 1810">
     <span class='ocr_line' id='line_1_18' title="bbox 531 1737 2182 1810; baseline 0 -14"><span class='ocrx_word' id='word_1_119' title='bbox 531 1745 723 1797; x_wconf 83' lang='lat' dir='ltr'><strong>tactus</strong></span> <span class='ocrx_word' id='word_1_120' title='bbox 751 1739 899 1795; x_wconf 90' lang='lat' dir='ltr'><strong>ferat</strong></span> <span class='ocrx_word' id='word_1_121' title='bbox 926 1740 1351 1804; x_wconf 79' lang='lat' dir='ltr'><strong>testimonium,</strong></span> <span class='ocrx_word' id='word_1_122' title='bbox 1409 1738 1570 1809; x_wconf 92' lang='lat' dir='ltr'><strong>quod</strong></span> <span class='ocrx_word' id='word_1_123' title='bbox 1636 1754 1754 1792; x_wconf 89' lang='lat' dir='ltr'><strong>non</strong></span> <span class='ocrx_word' id='word_1_124' title='bbox 1801 1737 2182 1810; x_wconf 85' lang='lat' dir='ltr'><strong>phantasma,</strong></span> 
     </span>
    </p>
   </div>
   <div class='ocr_carea' id='block_1_19' title="bbox 533 1827 2182 1900">
    <p class='ocr_par' dir='ltr' id='par_1_19' title="bbox 533 1827 2182 1900">
     <span class='ocr_line' id='line_1_19' title="bbox 533 1827 2182 1900; baseline -0.001 -15"><span class='ocrx_word' id='word_1_125' title='bbox 533 1829 640 1885; x_wconf 88' lang='lat' dir='ltr'><strong>sed</strong></span> <span class='ocrx_word' id='word_1_126' title='bbox 666 1829 794 1900; x_wconf 89' lang='lat' dir='ltr'><strong>ipse</strong></span> <span class='ocrx_word' id='word_1_127' title='bbox 827 1844 958 1883; x_wconf 82' lang='lat' dir='ltr'><strong>vere</strong></span> <span class='ocrx_word' id='word_1_128' title='bbox 986 1828 1079 1884; x_wconf 87' lang='lat' dir='ltr'><strong>sit.</strong></span> <span class='ocrx_word' id='word_1_129' title='bbox 1106 1829 1184 1883; x_wconf 86' lang='lat' dir='ltr'><strong>Et</strong></span> <span class='ocrx_word' id='word_1_130' title='bbox 1209 1827 1384 1883; x_wconf 77' lang='lat' dir='ltr'><strong>sinite</strong></span> <span class='ocrx_word' id='word_1_131' title='bbox 1407 1827 1593 1891; x_wconf 85' lang='lat' dir='ltr'><strong>abire,</strong></span> <span class='ocrx_word' id='word_1_132' title='bbox 1628 1842 1701 1882; x_wconf 92' lang='lat' dir='ltr'><strong>ne</strong></span> <span class='ocrx_word' id='word_1_133' title='bbox 1727 1844 1863 1882; x_wconf 85' lang='lat' dir='ltr'><strong>cum</strong></span> <span class='ocrx_word' id='word_1_134' title='bbox 1886 1843 1956 1884; x_wconf 91' lang='lat' dir='ltr'><strong>eo</strong></span> <span class='ocrx_word' id='word_1_135' title='bbox 1974 1829 2182 1884; x_wconf 87' lang='lat' dir='ltr'><strong>ambu-</strong></span> 
     </span>
    </p>
   </div>
   <div class='ocr_carea' id='block_1_20' title="bbox 530 1917 2182 1990">
    <p class='ocr_par' dir='ltr' id='par_1_20' title="bbox 530 1917 2182 1990">
     <span class='ocr_line' id='line_1_20' title="bbox 530 1917 2182 1990; baseline 0.001 -18"><span class='ocrx_word' id='word_1_136' title='bbox 530 1917 662 1974; x_wconf 88' lang='lat' dir='ltr'><strong>lans</strong></span> <span class='ocrx_word' id='word_1_137' title='bbox 695 1918 892 1972; x_wconf 80' lang='lat' dir='ltr'><strong>laudis</strong></span> <span class='ocrx_word' id='word_1_138' title='bbox 919 1935 989 1972; x_wconf 87' lang='lat' dir='ltr'><strong>ac</strong></span> <span class='ocrx_word' id='word_1_139' title='bbox 1015 1917 1263 1988; x_wconf 86' lang='lat' dir='ltr'><strong>plausus</strong></span> <span class='ocrx_word' id='word_1_140' title='bbox 1292 1933 1476 1972; x_wconf 79' lang='lat' dir='ltr'><strong>causa</strong></span> <span class='ocrx_word' id='word_1_141' title='bbox 1491 1917 1614 1983; x_wconf 82' lang='lat' dir='ltr'><strong>ﬁat,</strong></span> <span class='ocrx_word' id='word_1_142' title='bbox 1647 1926 1828 1989; x_wconf 88' lang='lat' dir='ltr'><strong>utque</strong></span> <span class='ocrx_word' id='word_1_143' title='bbox 1853 1933 1956 1990; x_wconf 89' lang='lat' dir='ltr'><strong>per</strong></span> <span class='ocrx_word' id='word_1_144' title='bbox 1995 1919 2182 1974; x_wconf 86' lang='lat' dir='ltr'><strong>otium</strong></span> 
     </span>
    </p>
   </div>
   <div class='ocr_carea' id='block_1_21' title="bbox 528 2007 1835 2081">
    <p class='ocr_par' dir='ltr' id='par_1_21' title="bbox 528 2007 1835 2081">
     <span class='ocr_line' id='line_1_21' title="bbox 528 2007 1835 2081; baseline -0.002 -18"><span class='ocrx_word' id='word_1_145' title='bbox 528 2007 846 2081; x_wconf 81' lang='lat' dir='ltr'><strong>perfectius</strong></span> <span class='ocrx_word' id='word_1_146' title='bbox 871 2012 1203 2062; x_wconf 86' lang='lat' dir='ltr'><strong>scrutentur</strong></span> <span class='ocrx_word' id='word_1_147' title='bbox 1223 2022 1360 2061; x_wconf 91' lang='lat' dir='ltr'><strong>eum</strong></span> <span class='ocrx_word' id='word_1_148' title='bbox 1384 2007 1487 2077; x_wconf 89' lang='lat' dir='ltr'><strong>qui</strong></span> <span class='ocrx_word' id='word_1_149' title='bbox 1518 2007 1835 2063; x_wconf 87' lang='lat' dir='ltr'><strong>voluerint.</strong></span> 
     </span>
    </p>
   </div>
   <div class='ocr_carea' id='block_1_22' title="bbox 599 2184 2182 2242">
    <p class='ocr_par' dir='ltr' id='par_1_22' title="bbox 599 2184 2182 2242">
     <span class='ocr_line' id='line_1_22' title="bbox 599 2184 2182 2242; baseline 0.001 -1"><span class='ocrx_word' id='word_1_150' title='bbox 599 2186 828 2242; x_wconf 90' lang='lat' dir='ltr'><strong>Utinam</strong></span> <span class='ocrx_word' id='word_1_151' title='bbox 862 2189 1059 2240; x_wconf 90' lang='lat' dir='ltr'><strong>autem</strong></span> <span class='ocrx_word' id='word_1_152' title='bbox 1094 2189 1150 2239; x_wconf 91' lang='lat' dir='ltr'><strong>et</strong></span> <span class='ocrx_word' id='word_1_153' title='bbox 1182 2200 1350 2239; x_wconf 89' lang='lat' dir='ltr'><strong>mens</strong></span> <span class='ocrx_word' id='word_1_154' title='bbox 1383 2200 1517 2239; x_wconf 90' lang='lat' dir='ltr'><strong>mea</strong></span> <span class='ocrx_word' id='word_1_155' title='bbox 1547 2184 1606 2239; x_wconf 92' lang='lat' dir='ltr'><strong>in</strong></span> <span class='ocrx_word' id='word_1_156' title='bbox 1633 2184 2020 2241; x_wconf 80' lang='lat' dir='ltr'><strong>aﬁ&#39;ectionum</strong></span> <span class='ocrx_word' id='word_1_157' title='bbox 2057 2204 2182 2242; x_wconf 87' lang='lat' dir='ltr'><strong>mo-</strong></span> 
     </span>
    </p>
   </div>
   <div class='ocr_carea' id='block_1_23' title="bbox 523 2273 2180 2345">
    <p class='ocr_par' dir='ltr' id='par_1_23' title="bbox 523 2273 2180 2345">
     <span class='ocr_line' id='line_1_23' title="bbox 523 2273 2180 2345; baseline 0 -14"><span class='ocrx_word' id='word_1_158' title='bbox 523 2282 812 2331; x_wconf 90' lang='lat' dir='ltr'><strong>numento</strong></span> <span class='ocrx_word' id='word_1_159' title='bbox 844 2273 1097 2344; x_wconf 87' lang='lat' dir='ltr'><strong>sepulta,</strong></span> <span class='ocrx_word' id='word_1_160' title='bbox 1123 2289 1448 2345; x_wconf 81' lang='lat' dir='ltr'><strong>earumque</strong></span> <span class='ocrx_word' id='word_1_161' title='bbox 1473 2274 1672 2328; x_wconf 88' lang='lat' dir='ltr'><strong>fasciis</strong></span> <span class='ocrx_word' id='word_1_162' title='bbox 1705 2273 1967 2343; x_wconf 87' lang='lat' dir='ltr'><strong>alligata,</strong></span> <span class='ocrx_word' id='word_1_163' title='bbox 1997 2292 2067 2330; x_wconf 84' lang='lat' dir='ltr'><strong>ac</strong></span> <span class='ocrx_word' id='word_1_164' title='bbox 2096 2280 2180 2331; x_wconf 86' lang='lat' dir='ltr'><strong>in—</strong></span> 
     </span>
    </p>
   </div>
   <div class='ocr_carea' id='block_1_24' title="bbox 524 2363 2179 2435">
    <p class='ocr_par' dir='ltr' id='par_1_24' title="bbox 524 2363 2179 2435">
     <span class='ocr_line' id='line_1_24' title="bbox 524 2363 2179 2435; baseline 0.002 -16"><span class='ocrx_word' id='word_1_165' title='bbox 524 2363 928 2420; x_wconf 85' lang='lat' dir='ltr'><strong>sensibilitatis</strong></span> <span class='ocrx_word' id='word_1_166' title='bbox 950 2363 1212 2433; x_wconf 86' lang='lat' dir='ltr'><strong>lapidem</strong></span> <span class='ocrx_word' id='word_1_167' title='bbox 1245 2365 1682 2434; x_wconf 86' lang='lat' dir='ltr'><strong>superpositum</strong></span> <span class='ocrx_word' id='word_1_168' title='bbox 1709 2363 1957 2431; x_wconf 88' lang='lat' dir='ltr'><strong>habens,</strong></span> <span class='ocrx_word' id='word_1_169' title='bbox 1981 2365 2179 2435; x_wconf 90' lang='lat' dir='ltr'><strong>etjam</strong></span> 
     </span>
    </p>
   </div>
   <div class='ocr_carea' id='block_1_25' title="bbox 523 2451 2180 2523">
    <p class='ocr_par' dir='ltr' id='par_1_25' title="bbox 523 2451 2180 2523">
     <span class='ocr_line' id='line_1_25' title="bbox 523 2451 2180 2523; baseline 0 -13"><span class='ocrx_word' id='word_1_170' title='bbox 523 2452 682 2510; x_wconf 91' lang='lat' dir='ltr'><strong>olida</strong></span> <span class='ocrx_word' id='word_1_171' title='bbox 707 2452 870 2523; x_wconf 83' lang='lat' dir='ltr'><strong>gravi</strong></span> <span class='ocrx_word' id='word_1_172' title='bbox 903 2456 1284 2523; x_wconf 87' lang='lat' dir='ltr'><strong>peccatorum</strong></span> <span class='ocrx_word' id='word_1_173' title='bbox 1312 2451 1516 2515; x_wconf 92' lang='lat' dir='ltr'><strong>odore,</strong></span> <span class='ocrx_word' id='word_1_174' title='bbox 1559 2452 1731 2508; x_wconf 87' lang='lat' dir='ltr'><strong>Verbi</strong></span> <span class='ocrx_word' id='word_1_175' title='bbox 1768 2467 2043 2509; x_wconf 89' lang='lat' dir='ltr'><strong>sermone</strong></span> <span class='ocrx_word' id='word_1_176' title='bbox 2093 2470 2180 2510; x_wconf 88' lang='lat' dir='ltr'><strong>re-</strong></span> 
     </span>
    </p>
   </div>
   <div class='ocr_carea' id='block_1_26' title="bbox 529 2541 833 2612">
    <p class='ocr_par' dir='ltr' id='par_1_26' title="bbox 529 2541 833 2612">
     <span class='ocr_line' id='line_1_26' title="bbox 529 2541 833 2612; baseline -0.003 -15"><span class='ocrx_word' id='word_1_177' title='bbox 529 2547 797 2612; x_wconf 83' lang='lat' dir='ltr'><strong>surgeret</strong></span> <span class='ocrx_word' id='word_1_178' title='bbox 819 2541 833 2596; x_wconf 83' lang='lat' dir='ltr'>l</span> 
     </span>
    </p>
   </div>
   <div class='ocr_carea' id='block_1_27' title="bbox 595 2629 2178 2702">
    <p class='ocr_par' dir='ltr' id='par_1_27' title="bbox 595 2629 2178 2702">
     <span class='ocr_line' id='line_1_27' title="bbox 595 2629 2178 2702; baseline 0.001 -17"><span class='ocrx_word' id='word_1_179' title='bbox 595 2631 759 2686; x_wconf 88' lang='lat' dir='ltr'><strong>Vers.</strong></span> <span class='ocrx_word' id='word_1_180' title='bbox 788 2633 874 2686; x_wconf 80' lang='grc'><strong>45.</strong></span> <span class='ocrx_word' id='word_1_181' title='bbox 893 2630 1089 2686; x_wconf 77' lang='lat' dir='ltr'><strong>Multi.</strong></span> <span class='ocrx_word' id='word_1_182' title='bbox 1119 2659 1188 2670; x_wconf 88' lang='lat'><strong><em>—</em></strong></span> <span class='ocrx_word' id='word_1_183' title='bbox 1213 2630 1376 2687; x_wconf 91' lang='lat' dir='ltr'><strong>Vers.</strong></span> <span class='ocrx_word' id='word_1_184' title='bbox 1399 2629 1486 2685; x_wconf 67' lang='grc'>46.</span> <span class='ocrx_word' id='word_1_185' title='bbox 1521 2631 1707 2685; x_wconf 80' lang='lat' dir='ltr'><strong>Jesus.</strong></span> <span class='ocrx_word' id='word_1_186' title='bbox 1731 2633 1853 2685; x_wconf 86' lang='lat' dir='ltr'><strong>Non</strong></span> <span class='ocrx_word' id='word_1_187' title='bbox 1886 2634 2178 2702; x_wconf 90' lang='lat' dir='ltr'><strong>tanquam</strong></span> 
     </span>
    </p>
   </div>
   <div class='ocr_carea' id='block_1_28' title="bbox 526 2720 2175 2793">
    <p class='ocr_par' dir='ltr' id='par_1_28' title="bbox 526 2720 2175 2793">
     <span class='ocr_line' id='line_1_28' title="bbox 526 2720 2175 2793; baseline 0 -16"><span class='ocrx_word' id='word_1_188' title='bbox 526 2721 912 2786; x_wconf 86' lang='lat' dir='ltr'><strong>admirantes,</strong></span> <span class='ocrx_word' id='word_1_189' title='bbox 941 2721 1046 2776; x_wconf 88' lang='lat' dir='ltr'><strong>sed</strong></span> <span class='ocrx_word' id='word_1_190' title='bbox 1069 2721 1244 2793; x_wconf 90' lang='lat' dir='ltr'><strong>quasi</strong></span> <span class='ocrx_word' id='word_1_191' title='bbox 1275 2721 1349 2774; x_wconf 89' lang='lat' dir='ltr'><strong>de</strong></span> <span class='ocrx_word' id='word_1_192' title='bbox 1377 2720 1798 2792; x_wconf 68' lang='lat' dir='ltr'><strong>praestigiatore</strong></span> <span class='ocrx_word' id='word_1_193' title='bbox 1812 2721 2175 2777; x_wconf 87' lang='lat' dir='ltr'><strong>calumnian-</strong></span> 
     </span>
    </p>
   </div>
   <div class='ocr_carea' id='block_1_29' title="bbox 526 2811 2172 2882">
    <p class='ocr_par' dir='ltr' id='par_1_29' title="bbox 526 2811 2172 2882">
     <span class='ocr_line' id='line_1_29' title="bbox 526 2811 2172 2882; baseline 0 -14"><span class='ocrx_word' id='word_1_194' title='bbox 526 2816 612 2868; x_wconf 85' lang='lat' dir='ltr'><strong>tes</strong></span> <span class='ocrx_word' id='word_1_195' title='bbox 642 2828 656 2877; x_wconf 90' lang='lat'><strong>;</strong></span> <span class='ocrx_word' id='word_1_196' title='bbox 682 2811 742 2866; x_wconf 87' lang='lat' dir='ltr'><strong>hi</strong></span> <span class='ocrx_word' id='word_1_197' title='bbox 770 2818 969 2866; x_wconf 89' lang='lat' dir='ltr'><strong>autem</strong></span> <span class='ocrx_word' id='word_1_198' title='bbox 999 2817 1158 2875; x_wconf 88' lang='lat' dir='ltr'><strong>sunt,</strong></span> <span class='ocrx_word' id='word_1_199' title='bbox 1191 2812 1293 2882; x_wconf 90' lang='lat' dir='ltr'><strong>qui</strong></span> <span class='ocrx_word' id='word_1_200' title='bbox 1317 2811 1594 2866; x_wconf 85' lang='lat' dir='ltr'><strong>dicebant</strong></span> <span class='ocrx_word' id='word_1_201' title='bbox 1625 2826 1636 2864; x_wconf 88' lang='lat'>:</span> <span class='ocrx_word' id='word_1_202' title='bbox 1665 2813 1800 2866; x_wconf 89' lang='lat' dir='ltr'><strong>Non</strong></span> <span class='ocrx_word' id='word_1_203' title='bbox 1832 2813 2023 2880; x_wconf 83' lang='lat' dir='ltr'><strong>potuit</strong></span> <span class='ocrx_word' id='word_1_204' title='bbox 2058 2813 2172 2876; x_wconf 83' lang='lat' dir='ltr'><strong>hic,</strong></span> 
     </span>
    </p>
   </div>
   <div class='ocr_carea' id='block_1_30' title="bbox 525 2901 2179 2974">
    <p class='ocr_par' dir='ltr' id='par_1_30' title="bbox 525 2901 2179 2974">
     <span class='ocr_line' id='line_1_30' title="bbox 525 2901 2179 2974; baseline 0.002 -19"><span class='ocrx_word' id='word_1_205' title='bbox 525 2918 627 2974; x_wconf 76' lang='lat' dir='ltr'><strong>qui</strong></span> <span class='ocrx_word' id='word_1_206' title='bbox 661 2901 802 2957; x_wconf 57' lang='lat' dir='ltr'><strong>caci</strong></span> <span class='ocrx_word' id='word_1_207' title='bbox 831 2902 1024 2955; x_wconf 82' lang='lat' dir='ltr'><strong>oculos</strong></span> <span class='ocrx_word' id='word_1_208' title='bbox 1055 2901 1308 2971; x_wconf 86' lang='lat' dir='ltr'><strong>aperuit,</strong></span> <span class='ocrx_word' id='word_1_209' title='bbox 1333 2901 1555 2969; x_wconf 82' lang='lat' dir='ltr'><strong>facere,</strong></span> <span class='ocrx_word' id='word_1_210' title='bbox 1580 2916 1653 2956; x_wconf 89' lang='lat' dir='ltr'><strong>ne</strong></span> <span class='ocrx_word' id='word_1_211' title='bbox 1685 2901 1780 2957; x_wconf 80' lang='lat' dir='ltr'><strong>hic</strong></span> <span class='ocrx_word' id='word_1_212' title='bbox 1804 2907 2130 2957; x_wconf 86' lang='lat' dir='ltr'><strong>moreretur</strong></span> <span class='ocrx_word' id='word_1_213' title='bbox 2151 2904 2179 2958; x_wconf 88' lang='lat'><strong>?</strong></span> 
     </span>
    </p>
   </div>
   <div class='ocr_carea' id='block_1_31' title="bbox 599 2988 2171 3060">
    <p class='ocr_par' dir='ltr' id='par_1_31' title="bbox 599 2988 2171 3060">
     <span class='ocr_line' id='line_1_31' title="bbox 599 2988 2171 3060; baseline 0.001 -18"><span class='ocrx_word' id='word_1_214' title='bbox 599 2991 754 3045; x_wconf 87' lang='lat' dir='ltr'><strong>Vers.</strong></span> <span class='ocrx_word' id='word_1_215' title='bbox 785 2988 874 3043; x_wconf 79' lang='grc'>47.</span> <span class='ocrx_word' id='word_1_216' title='bbox 912 2989 1468 3058; x_wconf 83' lang='lat' dir='ltr'><strong>Congregaverunt.</strong></span> <span class='ocrx_word' id='word_1_217' title='bbox 1507 3019 1576 3028; x_wconf 89' lang='lat'><strong>—</strong></span> <span class='ocrx_word' id='word_1_218' title='bbox 1613 2988 1768 3044; x_wconf 89' lang='lat' dir='ltr'><strong>Vers.</strong></span> <span class='ocrx_word' id='word_1_219' title='bbox 1801 2991 1890 3044; x_wconf 84' lang='grc'>48.</span> <span class='ocrx_word' id='word_1_220' title='bbox 1930 2993 2171 3060; x_wconf 85' lang='lat' dir='ltr'><strong>gentem.</strong></span> 
     </span>
    </p>
   </div>
   <div class='ocr_carea' id='block_1_32' title="bbox 523 3063 2252 3150">
    <p class='ocr_par' dir='ltr' id='par_1_32' title="bbox 523 3063 2252 3150">
     <span class='ocr_line' id='line_1_32' title="bbox 523 3063 2252 3150; baseline 0 -16"><span class='ocrx_word' id='word_1_221' title='bbox 523 3077 764 3144; x_wconf 86' lang='lat' dir='ltr'><strong>Tollent,</strong></span> <span class='ocrx_word' id='word_1_222' title='bbox 794 3077 938 3146; x_wconf 88' lang='lat' dir='ltr'><strong>sive,</strong></span> <span class='ocrx_word' id='word_1_223' title='bbox 972 3077 1240 3148; x_wconf 87' lang='lat' dir='ltr'><strong>perdent.</strong></span> <span class='ocrx_word' id='word_1_224' title='bbox 1290 3076 1636 3148; x_wconf 85' lang='lat' dir='ltr'><strong>Speciosum</strong></span> <span class='ocrx_word' id='word_1_225' title='bbox 1678 3083 1875 3133; x_wconf 90' lang='lat' dir='ltr'><strong>autem</strong></span> <span class='ocrx_word' id='word_1_226' title='bbox 1933 3084 2175 3150; x_wconf 69' lang='lat' dir='ltr'><strong>prastex-</strong></span> <span class='ocrx_word' id='word_1_227' title='bbox 2213 3063 2252 3118; x_wconf 70' lang='grc' dir='ltr'><strong>Ο</strong></span> 
     </span>
    </p>
   </div>
   <div class='ocr_carea' id='block_1_33' title="bbox 522 3165 2173 3238">
    <p class='ocr_par' dir='ltr' id='par_1_33' title="bbox 522 3165 2173 3238">
     <span class='ocr_line' id='line_1_33' title="bbox 522 3165 2173 3238; baseline 0.001 -17"><span class='ocrx_word' id='word_1_228' title='bbox 522 3173 651 3222; x_wconf 89' lang='lat' dir='ltr'><strong>tum</strong></span> <span class='ocrx_word' id='word_1_229' title='bbox 703 3168 1011 3238; x_wconf 86' lang='lat' dir='ltr'><strong>imponere</strong></span> <span class='ocrx_word' id='word_1_230' title='bbox 1083 3165 1340 3222; x_wconf 86' lang='lat' dir='ltr'><strong>volentes</strong></span> <span class='ocrx_word' id='word_1_231' title='bbox 1389 3165 1619 3220; x_wconf 89' lang='lat' dir='ltr'><strong>insidiis</strong></span> <span class='ocrx_word' id='word_1_232' title='bbox 1666 3182 1821 3238; x_wconf 91' lang='lat' dir='ltr'><strong>quas</strong></span> <span class='ocrx_word' id='word_1_233' title='bbox 1878 3167 2173 3222; x_wconf 89' lang='lat' dir='ltr'><strong>adversus</strong></span> 
     </span>
    </p>
   </div>
   <div class='ocr_carea' id='block_1_34' title="bbox 523 3252 2173 3325">
    <p class='ocr_par' dir='ltr' id='par_1_34' title="bbox 523 3252 2173 3325">
     <span class='ocr_line' id='line_1_34' title="bbox 523 3252 2173 3325; baseline 0 -14"><span class='ocrx_word' id='word_1_234' title='bbox 523 3255 890 3311; x_wconf 85' lang='lat' dir='ltr'><strong>Salvatorem</strong></span> <span class='ocrx_word' id='word_1_235' title='bbox 930 3255 1256 3319; x_wconf 87' lang='lat' dir='ltr'><strong>struebant,</strong></span> <span class='ocrx_word' id='word_1_236' title='bbox 1300 3270 1369 3309; x_wconf 88' lang='lat' dir='ltr'><strong>ac</strong></span> <span class='ocrx_word' id='word_1_237' title='bbox 1430 3252 1718 3325; x_wconf 85' lang='lat' dir='ltr'><strong>populum</strong></span> <span class='ocrx_word' id='word_1_238' title='bbox 1786 3261 1997 3310; x_wconf 89' lang='lat' dir='ltr'><strong>contra</strong></span> <span class='ocrx_word' id='word_1_239' title='bbox 2034 3271 2173 3312; x_wconf 92' lang='lat' dir='ltr'><strong>eum</strong></span> 
     </span>
    </p>
   </div>
   <div class='ocr_carea' id='block_1_35' title="bbox 521 3343 2174 3409">
    <p class='ocr_par' dir='ltr' id='par_1_35' title="bbox 521 3343 2174 3409">
     <span class='ocr_line' id='line_1_35' title="bbox 521 3343 2174 3409; baseline -0.001 -8"><span class='ocrx_word' id='word_1_240' title='bbox 521 3360 761 3401; x_wconf 88' lang='lat' dir='ltr'><strong>movere</strong></span> <span class='ocrx_word' id='word_1_241' title='bbox 824 3344 1154 3409; x_wconf 89' lang='lat' dir='ltr'><strong>molientes,</strong></span> <span class='ocrx_word' id='word_1_242' title='bbox 1211 3344 1482 3398; x_wconf 88' lang='lat' dir='ltr'><strong>timorem</strong></span> <span class='ocrx_word' id='word_1_243' title='bbox 1524 3343 1927 3398; x_wconf 83' lang='lat' dir='ltr'><strong>causabantur</strong></span> <span class='ocrx_word' id='word_1_244' title='bbox 1969 3345 2174 3399; x_wconf 79' lang='lat' dir='ltr'><strong>Roma-</strong></span> 
     </span>
    </p>
   </div>
   <div class='ocr_carea' id='block_1_36' title="bbox 520 3432 2174 3505">
    <p class='ocr_par' dir='ltr' id='par_1_36' title="bbox 520 3432 2174 3505">
     <span class='ocr_line' id='line_1_36' title="bbox 520 3432 2174 3505; baseline -0.001 -16"><span class='ocrx_word' id='word_1_245' title='bbox 520 3449 758 3499; x_wconf 90' lang='lat' dir='ltr'><strong>norum,</strong></span> <span class='ocrx_word' id='word_1_246' title='bbox 791 3435 947 3505; x_wconf 87' lang='lat' dir='ltr'><strong>quia,</strong></span> <span class='ocrx_word' id='word_1_247' title='bbox 982 3434 1028 3488; x_wconf 83' lang='lat' dir='ltr'><strong>si</strong></span> <span class='ocrx_word' id='word_1_248' title='bbox 1059 3448 1265 3488; x_wconf 86' lang='lat' dir='ltr'><strong>omnes</strong></span> <span class='ocrx_word' id='word_1_249' title='bbox 1297 3432 1648 3486; x_wconf 86' lang='lat' dir='ltr'><strong>crediderint</strong></span> <span class='ocrx_word' id='word_1_250' title='bbox 1689 3433 1746 3486; x_wconf 91' lang='lat' dir='ltr'><strong>in</strong></span> <span class='ocrx_word' id='word_1_251' title='bbox 1778 3449 1938 3500; x_wconf 88' lang='lat' dir='ltr'><strong>eum,</strong></span> <span class='ocrx_word' id='word_1_252' title='bbox 1981 3434 2174 3489; x_wconf 86' lang='lat' dir='ltr'><strong>existi-</strong></span> 
     </span>
    </p>
   </div>
   <div class='ocr_carea' id='block_1_37' title="bbox 521 3522 2170 3594">
    <p class='ocr_par' dir='ltr' id='par_1_37' title="bbox 521 3522 2170 3594">
     <span class='ocr_line' id='line_1_37' title="bbox 521 3522 2170 3594; baseline -0.001 -15"><span class='ocrx_word' id='word_1_253' title='bbox 521 3523 806 3588; x_wconf 85' lang='lat' dir='ltr'><strong>mabitur,</strong></span> <span class='ocrx_word' id='word_1_254' title='bbox 867 3523 1236 3594; x_wconf 83' lang='lat' dir='ltr'><strong>tyrannidem</strong></span> <span class='ocrx_word' id='word_1_255' title='bbox 1286 3522 1558 3577; x_wconf 88' lang='lat' dir='ltr'><strong>meditari</strong></span> <span class='ocrx_word' id='word_1_256' title='bbox 1601 3539 1613 3576; x_wconf 89' lang='lat'><strong>:</strong></span> <span class='ocrx_word' id='word_1_257' title='bbox 1668 3522 2024 3594; x_wconf 89' lang='lat' dir='ltr'><strong>venientque</strong></span> <span class='ocrx_word' id='word_1_258' title='bbox 2070 3525 2170 3578; x_wconf 84' lang='lat' dir='ltr'><strong>Ro-</strong></span> 
     </span>
    </p>
   </div>
   <div class='ocr_carea' id='block_1_38' title="bbox 520 3611 2171 3684">
    <p class='ocr_par' dir='ltr' id='par_1_38' title="bbox 520 3611 2171 3684">
     <span class='ocr_line' id='line_1_38' title="bbox 520 3611 2171 3684; baseline 0 -16"><span class='ocrx_word' id='word_1_259' title='bbox 520 3613 703 3672; x_wconf 88' lang='lat' dir='ltr'><strong>mani.</strong></span> <span class='ocrx_word' id='word_1_260' title='bbox 739 3628 810 3668; x_wconf 89' lang='lat' dir='ltr'><strong>ac</strong></span> <span class='ocrx_word' id='word_1_261' title='bbox 844 3611 1094 3684; x_wconf 79' lang='lat' dir='ltr'><strong>perdent</strong></span> <span class='ocrx_word' id='word_1_262' title='bbox 1125 3612 1456 3680; x_wconf 88' lang='lat' dir='ltr'><strong>universos,</strong></span> <span class='ocrx_word' id='word_1_263' title='bbox 1499 3617 1783 3683; x_wconf 90' lang='lat' dir='ltr'><strong>tanquam</strong></span> <span class='ocrx_word' id='word_1_264' title='bbox 1839 3612 2171 3684; x_wconf 86' lang='lat' dir='ltr'><strong>tyrannidis</strong></span> 
     </span>
    </p>
   </div>
   <div class='ocr_carea' id='block_1_39' title="bbox 521 3701 1339 3773">
    <p class='ocr_par' dir='ltr' id='par_1_39' title="bbox 521 3701 1339 3773">
     <span class='ocr_line' id='line_1_39' title="bbox 521 3701 1339 3773; baseline -0.004 -16"><span class='ocrx_word' id='word_1_265' title='bbox 521 3717 592 3758; x_wconf 90' lang='lat' dir='ltr'><strong>ac</strong></span> <span class='ocrx_word' id='word_1_266' title='bbox 621 3701 969 3757; x_wconf 85' lang='lat' dir='ltr'><strong>defectionis</strong></span> <span class='ocrx_word' id='word_1_267' title='bbox 1001 3701 1339 3773; x_wconf 86' lang='lat' dir='ltr'><strong>participes.</strong></span> 
     </span>
    </p>
   </div>
   <div class='ocr_carea' id='block_1_40' title="bbox 592 3790 2170 3864">
    <p class='ocr_par' dir='ltr' id='par_1_40' title="bbox 592 3790 2170 3864">
     <span class='ocr_line' id='line_1_40' title="bbox 592 3790 2170 3864; baseline 0.002 -20"><span class='ocrx_word' id='word_1_268' title='bbox 592 3791 772 3863; x_wconf 84' lang='lat' dir='ltr'><strong>Atqui</strong></span> <span class='ocrx_word' id='word_1_269' title='bbox 801 3791 927 3862; x_wconf 91' lang='lat' dir='ltr'><strong>ipse</strong></span> <span class='ocrx_word' id='word_1_270' title='bbox 948 3790 1337 3846; x_wconf 84' lang='lat' dir='ltr'><strong>defectionem</strong></span> <span class='ocrx_word' id='word_1_271' title='bbox 1371 3806 1490 3846; x_wconf 91' lang='lat' dir='ltr'><strong>non</strong></span> <span class='ocrx_word' id='word_1_272' title='bbox 1531 3791 1751 3859; x_wconf 93' lang='lat' dir='ltr'><strong>docuit,</strong></span> <span class='ocrx_word' id='word_1_273' title='bbox 1791 3790 1939 3864; x_wconf 91' lang='lat' dir='ltr'><strong>quin</strong></span> <span class='ocrx_word' id='word_1_274' title='bbox 1970 3790 2170 3862; x_wconf 90' lang='lat' dir='ltr'><strong>potius</strong></span> 
     </span>
    </p>
   </div>
   <div class='ocr_carea' id='block_1_41' title="bbox 521 3878 2169 3952">
    <p class='ocr_par' dir='ltr' id='par_1_41' title="bbox 521 3878 2169 3952">
     <span class='ocr_line' id='line_1_41' title="bbox 521 3878 2169 3952; baseline 0 -16"><span class='ocrx_word' id='word_1_275' title='bbox 521 3896 769 3936; x_wconf 90' lang='lat' dir='ltr'><strong>censum</strong></span> <span class='ocrx_word' id='word_1_276' title='bbox 823 3878 1035 3936; x_wconf 80' lang='lat' dir='ltr'><strong>Caesari</strong></span> <span class='ocrx_word' id='word_1_277' title='bbox 1062 3879 1284 3934; x_wconf 84' lang='lat' dir='ltr'><strong>exsolvi</strong></span> <span class='ocrx_word' id='word_1_278' title='bbox 1325 3880 1590 3951; x_wconf 89' lang='lat' dir='ltr'><strong>permisit</strong></span> <span class='ocrx_word' id='word_1_279' title='bbox 1628 3899 1640 3932; x_wconf 90' lang='lat'><strong>:</strong></span> <span class='ocrx_word' id='word_1_280' title='bbox 1674 3896 1932 3952; x_wconf 89' lang='lat' dir='ltr'><strong>cumque</strong></span> <span class='ocrx_word' id='word_1_281' title='bbox 1964 3880 2169 3952; x_wconf 91' lang='lat' dir='ltr'><strong>populi</strong></span> 
     </span>
    </p>
   </div>
   <div class='ocr_carea' id='block_1_42' title="bbox 519 3970 2170 4040">
    <p class='ocr_par' dir='ltr' id='par_1_42' title="bbox 519 3970 2170 4040">
     <span class='ocr_line' id='line_1_42' title="bbox 519 3970 2170 4040; baseline -0.001 -14"><span class='ocrx_word' id='word_1_282' title='bbox 519 3985 719 4040; x_wconf 86' lang='lat' dir='ltr'><strong>regem</strong></span> <span class='ocrx_word' id='word_1_283' title='bbox 744 3970 955 4024; x_wconf 84' lang='lat' dir='ltr'><strong>vellent</strong></span> <span class='ocrx_word' id='word_1_284' title='bbox 1002 3986 1139 4024; x_wconf 88' lang='lat' dir='ltr'><strong>eum</strong></span> <span class='ocrx_word' id='word_1_285' title='bbox 1167 3972 1544 4035; x_wconf 82' lang='lat' dir='ltr'><strong>constituere,</strong></span> <span class='ocrx_word' id='word_1_286' title='bbox 1577 3970 1826 4040; x_wconf 86' lang='lat' dir='ltr'><strong>aufugit,</strong></span> <span class='ocrx_word' id='word_1_287' title='bbox 1868 3977 1924 4025; x_wconf 89' lang='lat' dir='ltr'><strong>et</strong></span> <span class='ocrx_word' id='word_1_288' title='bbox 1974 3970 2170 4039; x_wconf 87' lang='lat' dir='ltr'><strong>fruga-</strong></span> 
     </span>
    </p>
   </div>
   <div class='ocr_carea' id='block_1_43' title="bbox 518 4057 2169 4128">
    <p class='ocr_par' dir='ltr' id='par_1_43' title="bbox 518 4057 2169 4128">
     <span class='ocr_line' id='line_1_43' title="bbox 518 4057 2169 4128; baseline 0.001 -14"><span class='ocrx_word' id='word_1_289' title='bbox 518 4057 649 4114; x_wconf 90' lang='lat' dir='ltr'><strong>liter</strong></span> <span class='ocrx_word' id='word_1_290' title='bbox 680 4058 1017 4122; x_wconf 88' lang='lat' dir='ltr'><strong>oberrabat,</strong></span> <span class='ocrx_word' id='word_1_291' title='bbox 1072 4075 1142 4112; x_wconf 87' lang='lat' dir='ltr'><strong>ac</strong></span> <span class='ocrx_word' id='word_1_292' title='bbox 1191 4059 1372 4112; x_wconf 86' lang='lat' dir='ltr'><strong>vitam</strong></span> <span class='ocrx_word' id='word_1_293' title='bbox 1404 4058 1823 4128; x_wconf 86' lang='lat' dir='ltr'><strong>probissimam</strong></span> <span class='ocrx_word' id='word_1_294' title='bbox 1883 4061 2169 4115; x_wconf 88' lang='lat' dir='ltr'><strong>omnibus</strong></span> 
     </span>
    </p>
   </div>
   <div class='ocr_carea' id='block_1_44' title="bbox 517 4146 2170 4219">
    <p class='ocr_par' dir='ltr' id='par_1_44' title="bbox 517 4146 2170 4219">
     <span class='ocr_line' id='line_1_44' title="bbox 517 4146 2170 4219; baseline 0.003 -19"><span class='ocrx_word' id='word_1_295' title='bbox 517 4147 896 4219; x_wconf 89' lang='lat' dir='ltr'><strong>proponebat</strong></span> <span class='ocrx_word' id='word_1_296' title='bbox 929 4167 941 4205; x_wconf 91' lang='lat'>:</span> <span class='ocrx_word' id='word_1_297' title='bbox 966 4163 1100 4218; x_wconf 72' lang='lat' dir='ltr'><strong>quae</strong></span> <span class='ocrx_word' id='word_1_298' title='bbox 1121 4146 1312 4216; x_wconf 87' lang='lat' dir='ltr'><strong>magis</strong></span> <span class='ocrx_word' id='word_1_299' title='bbox 1337 4153 1424 4202; x_wconf 87' lang='lat' dir='ltr'><strong>est</strong></span> <span class='ocrx_word' id='word_1_300' title='bbox 1451 4147 1782 4217; x_wconf 86' lang='lat' dir='ltr'><strong>tyrannidis</strong></span> <span class='ocrx_word' id='word_1_301' title='bbox 1809 4147 2077 4203; x_wconf 90' lang='lat' dir='ltr'><strong>interitus</strong></span> <span class='ocrx_word' id='word_1_302' title='bbox 2099 4150 2170 4205; x_wconf 85' lang='lat' dir='ltr'><strong>At</strong></span> 
     </span>
    </p>
   </div>
   <div class='ocr_carea' id='block_1_45' title="bbox 518 4235 2164 4309">
    <p class='ocr_par' dir='ltr' id='par_1_45' title="bbox 518 4235 2164 4309">
     <span class='ocr_line' id='line_1_45' title="bbox 518 4235 2164 4309; baseline -0.001 -15"><span class='ocrx_word' id='word_1_303' title='bbox 518 4237 1027 4309; x_wconf 91' lang='lat' dir='ltr'><strong>ipsi,quanquam</strong></span> <span class='ocrx_word' id='word_1_304' title='bbox 1053 4251 1170 4290; x_wconf 93' lang='lat' dir='ltr'><strong>non</strong></span> <span class='ocrx_word' id='word_1_305' title='bbox 1210 4235 1650 4306; x_wconf 84' lang='lat' dir='ltr'><strong>exspectabant,</strong></span> <span class='ocrx_word' id='word_1_306' title='bbox 1702 4253 1812 4292; x_wconf 89' lang='lat' dir='ltr'><strong>nec</strong></span> <span class='ocrx_word' id='word_1_307' title='bbox 1855 4237 2164 4301; x_wconf 89' lang='lat' dir='ltr'><strong>timebant,</strong></span> 
     </span>
    </p>
   </div>
   <div class='ocr_carea' id='block_1_46' title="bbox 520 4323 2170 4398">
    <p class='ocr_par' dir='ltr' id='par_1_46' title="bbox 520 4323 2170 4398">
     <span class='ocr_line' id='line_1_46' title="bbox 520 4323 2170 4398; baseline 0.001 -16"><span class='ocrx_word' id='word_1_308' title='bbox 520 4324 626 4382; x_wconf 85' lang='lat' dir='ltr'><strong>sed</strong></span> <span class='ocrx_word' id='word_1_309' title='bbox 647 4341 770 4398; x_wconf 66' lang='lat' dir='ltr'><strong>prae</strong></span> <span class='ocrx_word' id='word_1_310' title='bbox 797 4324 1016 4380; x_wconf 88' lang='lat' dir='ltr'><strong>invidia</strong></span> <span class='ocrx_word' id='word_1_311' title='bbox 1049 4324 1439 4395; x_wconf 84' lang='lat' dir='ltr'><strong>perditionem</strong></span> <span class='ocrx_word' id='word_1_312' title='bbox 1472 4323 1884 4381; x_wconf 85' lang='lat' dir='ltr'><strong>Romanorum</strong></span> <span class='ocrx_word' id='word_1_313' title='bbox 1916 4326 1973 4381; x_wconf 92' lang='lat' dir='ltr'><strong>in</strong></span> <span class='ocrx_word' id='word_1_314' title='bbox 2023 4342 2170 4398; x_wconf 72' lang='lat' dir='ltr'><strong>prte-</strong></span> 
     </span>
    </p>
   </div>
   <div class='ocr_carea' id='block_1_47' title="bbox 523 4407 2244 4486">
    <p class='ocr_par' dir='ltr' id='par_1_47' title="bbox 523 4407 2244 4486">
     <span class='ocr_line' id='line_1_47' title="bbox 523 4407 2244 4486; baseline 0 -14"><span class='ocrx_word' id='word_1_315' title='bbox 523 4420 746 4472; x_wconf 83' lang='lat' dir='ltr'><strong>textum</strong></span> <span class='ocrx_word' id='word_1_316' title='bbox 769 4413 1198 4470; x_wconf 87' lang='lat' dir='ltr'><strong>assumebant:</strong></span> <span class='ocrx_word' id='word_1_317' title='bbox 1222 4429 1291 4468; x_wconf 88' lang='lat' dir='ltr'><strong>ea</strong></span> <span class='ocrx_word' id='word_1_318' title='bbox 1314 4419 1511 4470; x_wconf 88' lang='lat' dir='ltr'><strong>tamen</strong></span> <span class='ocrx_word' id='word_1_319' title='bbox 1530 4415 1695 4485; x_wconf 87' lang='lat' dir='ltr'><strong>passi</strong></span> <span class='ocrx_word' id='word_1_320' title='bbox 1719 4419 1871 4480; x_wconf 90' lang='lat' dir='ltr'><strong>sunt,</strong></span> <span class='ocrx_word' id='word_1_321' title='bbox 1888 4431 2018 4486; x_wconf 68' lang='lat' dir='ltr'><strong>qua:</strong></span> <span class='ocrx_word' id='word_1_322' title='bbox 2033 4432 2169 4472; x_wconf 90' lang='lat' dir='ltr'><strong>cau-</strong></span> <span class='ocrx_word' id='word_1_323' title='bbox 2198 4407 2244 4462; x_wconf 85' lang='lat' dir='ltr'><strong>D</strong></span> 
     </span>
    </p>
   </div>
   <div class='ocr_carea' id='block_1_48' title="bbox 521 4503 2168 4575">
    <p class='ocr_par' dir='ltr' id='par_1_48' title="bbox 521 4503 2168 4575">
     <span class='ocr_line' id='line_1_48' title="bbox 521 4503 2168 4575; baseline -0.001 -14"><span class='ocrx_word' id='word_1_324' title='bbox 521 4503 836 4574; x_wconf 87' lang='lat' dir='ltr'><strong>sabantur,</strong></span> <span class='ocrx_word' id='word_1_325' title='bbox 895 4519 1016 4560; x_wconf 89' lang='lat' dir='ltr'><strong>non</strong></span> <span class='ocrx_word' id='word_1_326' title='bbox 1065 4503 1209 4575; x_wconf 89' lang='lat' dir='ltr'><strong>quia</strong></span> <span class='ocrx_word' id='word_1_327' title='bbox 1239 4504 1466 4560; x_wconf 69' lang='lat' dir='ltr'><strong>Christo</strong></span> <span class='ocrx_word' id='word_1_328' title='bbox 1516 4503 1783 4559; x_wconf 90' lang='lat' dir='ltr'><strong>obsecuti</strong></span> <span class='ocrx_word' id='word_1_329' title='bbox 1842 4510 1999 4569; x_wconf 88' lang='lat' dir='ltr'><strong>sunt,</strong></span> <span class='ocrx_word' id='word_1_330' title='bbox 2061 4505 2168 4560; x_wconf 87' lang='lat' dir='ltr'><strong>sed</strong></span> 
     </span>
    </p>
   </div>
   <div class='ocr_carea' id='block_1_49' title="bbox 519 4593 2169 4667">
    <p class='ocr_par' dir='ltr' id='par_1_49' title="bbox 519 4593 2169 4667">
     <span class='ocr_line' id='line_1_49' title="bbox 519 4593 2169 4667; baseline 0.001 -18"><span class='ocrx_word' id='word_1_331' title='bbox 519 4595 668 4667; x_wconf 89' lang='lat' dir='ltr'><strong>quia</strong></span> <span class='ocrx_word' id='word_1_332' title='bbox 699 4593 747 4648; x_wconf 90' lang='lat' dir='ltr'><strong>ei</strong></span> <span class='ocrx_word' id='word_1_333' title='bbox 781 4609 900 4649; x_wconf 92' lang='lat' dir='ltr'><strong>non</strong></span> <span class='ocrx_word' id='word_1_334' title='bbox 934 4599 1281 4666; x_wconf 89' lang='lat' dir='ltr'><strong>paruerunt.</strong></span> <span class='ocrx_word' id='word_1_335' title='bbox 1310 4596 1454 4649; x_wconf 86' lang='lat' dir='ltr'><strong>Nam</strong></span> <span class='ocrx_word' id='word_1_336' title='bbox 1502 4599 1742 4664; x_wconf 91' lang='lat' dir='ltr'><strong>propter</strong></span> <span class='ocrx_word' id='word_1_337' title='bbox 1771 4593 1936 4648; x_wconf 88' lang='lat' dir='ltr'><strong>illum</strong></span> <span class='ocrx_word' id='word_1_338' title='bbox 1969 4595 2169 4650; x_wconf 89' lang='lat' dir='ltr'><strong>traditi</strong></span> 
     </span>
    </p>
   </div>
   <div class='ocr_carea' id='block_1_50' title="bbox 522 4682 2167 4756">
    <p class='ocr_par' dir='ltr' id='par_1_50' title="bbox 522 4682 2167 4756">
     <span class='ocr_line' id='line_1_50' title="bbox 522 4682 2167 4756; baseline 0.001 -18"><span class='ocrx_word' id='word_1_339' title='bbox 522 4689 681 4749; x_wconf 87' lang='lat' dir='ltr'><strong>sunt,</strong></span> <span class='ocrx_word' id='word_1_340' title='bbox 709 4688 768 4738; x_wconf 88' lang='lat' dir='ltr'><strong>ut</strong></span> <span class='ocrx_word' id='word_1_341' title='bbox 794 4683 973 4738; x_wconf 89' lang='lat' dir='ltr'><strong>etiam</strong></span> <span class='ocrx_word' id='word_1_342' title='bbox 1009 4688 1250 4738; x_wconf 87' lang='lat' dir='ltr'><strong>testatur</strong></span> <span class='ocrx_word' id='word_1_343' title='bbox 1291 4682 1601 4755; x_wconf 85' lang='lat' dir='ltr'><strong>.losephus.</strong></span> <span class='ocrx_word' id='word_1_344' title='bbox 1663 4684 1725 4738; x_wconf 90' lang='lat' dir='ltr'><strong>Et</strong></span> <span class='ocrx_word' id='word_1_345' title='bbox 1756 4684 1866 4754; x_wconf 81' lang='lat' dir='ltr'><strong>ipsi</strong></span> <span class='ocrx_word' id='word_1_346' title='bbox 1921 4684 2167 4756; x_wconf 90' lang='lat' dir='ltr'><strong>quidem</strong></span> 
     </span>
    </p>
   </div>
   <div class='ocr_carea' id='block_1_51' title="bbox 518 4771 2166 4845">
    <p class='ocr_par' dir='ltr' id='par_1_51' title="bbox 518 4771 2166 4845">
     <span class='ocr_line' id='line_1_51' title="bbox 518 4771 2166 4845; baseline 0.001 -18"><span class='ocrx_word' id='word_1_347' title='bbox 518 4777 872 4845; x_wconf 71' lang='lat' dir='ltr'><strong>prastextum</strong></span> <span class='ocrx_word' id='word_1_348' title='bbox 904 4777 1291 4842; x_wconf 88' lang='lat' dir='ltr'><strong>sumpserunt</strong></span> <span class='ocrx_word' id='word_1_349' title='bbox 1319 4771 1627 4827; x_wconf 81' lang='lat' dir='ltr'><strong>occidendi</strong></span> <span class='ocrx_word' id='word_1_350' title='bbox 1658 4773 1847 4840; x_wconf 89' lang='lat' dir='ltr'><strong>illum,</strong></span> <span class='ocrx_word' id='word_1_351' title='bbox 1882 4789 1954 4828; x_wconf 91' lang='lat' dir='ltr'><strong>ne</strong></span> <span class='ocrx_word' id='word_1_352' title='bbox 1993 4790 2029 4828; x_wconf 88' lang='lat' dir='ltr'><strong>a</strong></span> <span class='ocrx_word' id='word_1_353' title='bbox 2059 4774 2166 4828; x_wconf 86' lang='lat' dir='ltr'><strong>Ro-</strong></span> 
     </span>
    </p>
   </div>
   <div class='ocr_carea' id='block_1_52' title="bbox 520 4860 2164 4933">
    <p class='ocr_par' dir='ltr' id='par_1_52' title="bbox 520 4860 2164 4933">
     <span class='ocr_line' id='line_1_52' title="bbox 520 4860 2164 4933; baseline 0.001 -17"><span class='ocrx_word' id='word_1_354' title='bbox 520 4860 1120 4917; x_wconf 89' lang='lat' dir='ltr'><strong>manisinternecioni</strong></span> <span class='ocrx_word' id='word_1_355' title='bbox 1145 4860 1516 4916; x_wconf 88' lang='lat' dir='ltr'><strong>traderentur</strong></span> <span class='ocrx_word' id='word_1_356' title='bbox 1545 4881 1556 4919; x_wconf 90' lang='lat'>:</span> <span class='ocrx_word' id='word_1_357' title='bbox 1591 4863 1734 4933; x_wconf 88' lang='lat' dir='ltr'><strong>quia</strong></span> <span class='ocrx_word' id='word_1_358' title='bbox 1766 4878 1905 4918; x_wconf 89' lang='lat' dir='ltr'><strong>vero</strong></span> <span class='ocrx_word' id='word_1_359' title='bbox 1936 4863 2164 4918; x_wconf 87' lang='lat' dir='ltr'><strong>occide-</strong></span> 
     </span>
    </p>
   </div>
   <div class='ocr_carea' id='block_1_53' title="bbox 517 4948 2169 5021">
    <p class='ocr_par' dir='ltr' id='par_1_53' title="bbox 517 4948 2169 5021">
     <span class='ocr_line' id='line_1_53' title="bbox 517 4948 2169 5021; baseline 0 -14"><span class='ocrx_word' id='word_1_360' title='bbox 517 4957 678 5015; x_wconf 86' lang='lat' dir='ltr'><strong>runt,</strong></span> <span class='ocrx_word' id='word_1_361' title='bbox 712 4950 1092 5005; x_wconf 88' lang='lat' dir='ltr'><strong>internecioni</strong></span> <span class='ocrx_word' id='word_1_362' title='bbox 1125 4948 1312 5004; x_wconf 90' lang='lat' dir='ltr'><strong>traditi</strong></span> <span class='ocrx_word' id='word_1_363' title='bbox 1343 4956 1500 5020; x_wconf 91' lang='lat' dir='ltr'><strong>sunt,</strong></span> <span class='ocrx_word' id='word_1_364' title='bbox 1532 4955 1588 5005; x_wconf 92' lang='lat' dir='ltr'><strong>et</strong></span> <span class='ocrx_word' id='word_1_365' title='bbox 1616 4967 1751 5021; x_wconf 67' lang='lat' dir='ltr'><strong>quae</strong></span> <span class='ocrx_word' id='word_1_366' title='bbox 1791 4949 2071 5016; x_wconf 87' lang='lat' dir='ltr'><strong>fecerunt,</strong></span> <span class='ocrx_word' id='word_1_367' title='bbox 2105 4955 2169 5008; x_wconf 86' lang='lat' dir='ltr'><strong>ut</strong></span> 
     </span>
    </p>
   </div>
   <div class='ocr_carea' id='block_1_54' title="bbox 523 5037 1990 5110">
    <p class='ocr_par' dir='ltr' id='par_1_54' title="bbox 523 5037 1990 5110">
     <span class='ocr_line' id='line_1_54' title="bbox 523 5037 1990 5110; baseline -0.001 -15"><span class='ocrx_word' id='word_1_368' title='bbox 523 5037 869 5110; x_wconf 71' lang='lat' dir='ltr'><strong>effugerent,</strong></span> <span class='ocrx_word' id='word_1_369' title='bbox 898 5054 968 5093; x_wconf 90' lang='lat' dir='ltr'><strong>ea</strong></span> <span class='ocrx_word' id='word_1_370' title='bbox 987 5038 1131 5109; x_wconf 88' lang='lat' dir='ltr'><strong>quia</strong></span> <span class='ocrx_word' id='word_1_371' title='bbox 1166 5037 1450 5103; x_wconf 87' lang='lat' dir='ltr'><strong>fecerunt,</strong></span> <span class='ocrx_word' id='word_1_372' title='bbox 1481 5055 1602 5094; x_wconf 90' lang='lat' dir='ltr'><strong>non</strong></span> <span class='ocrx_word' id='word_1_373' title='bbox 1635 5038 1990 5108; x_wconf 82' lang='lat' dir='ltr'><strong>effugerunt.</strong></span> 
     </span>
    </p>
   </div>
   <div class='ocr_carea' id='block_1_55' title="bbox 589 5126 2168 5201">
    <p class='ocr_par' dir='ltr' id='par_1_55' title="bbox 589 5126 2168 5201">
     <span class='ocr_line' id='line_1_55' title="bbox 589 5126 2168 5201; baseline 0.002 -17"><span class='ocrx_word' id='word_1_374' title='bbox 589 5128 856 5184; x_wconf 43' lang='grc' dir='ltr'><strong>γενεάς).</strong></span> <span class='ocrx_word' id='word_1_375' title='bbox 893 5129 1052 5184; x_wconf 83' lang='lat' dir='ltr'><strong>Unus</strong></span> <span class='ocrx_word' id='word_1_376' title='bbox 1077 5157 1139 5168; x_wconf 89' lang='lat'><strong>-</strong></span> <span class='ocrx_word' id='word_1_377' title='bbox 1173 5126 1495 5198; x_wconf 73' lang='lat' dir='ltr'><strong>Caiaphas.</strong></span> <span class='ocrx_word' id='word_1_378' title='bbox 1535 5129 1621 5199; x_wconf 78' lang='grc' dir='ltr'><strong>-Η-</strong></span> <span class='ocrx_word' id='word_1_379' title='bbox 1665 5127 2026 5201; x_wconf 81' lang='lat' dir='ltr'><strong>Appellatus,</strong></span> <span class='ocrx_word' id='word_1_380' title='bbox 2089 5131 2168 5188; x_wconf 90' lang='lat' dir='ltr'><strong>ni-</strong></span> 
     </span>
    </p>
   </div>
   <div class='ocr_carea' id='block_1_56' title="bbox 516 5217 760 5275">
    <p class='ocr_par' dir='ltr' id='par_1_56' title="bbox 516 5217 760 5275">
     <span class='ocr_line' id='line_1_56' title="bbox 516 5217 760 5275; baseline 0.004 -1"><span class='ocrx_word' id='word_1_381' title='bbox 516 5217 760 5275; x_wconf 89' lang='lat' dir='ltr'><strong>mirum.</strong></span> 
     </span>
    </p>
   </div>
   <div class='ocr_carea' id='block_1_57' title="bbox 585 5308 1052 5374">
    <p class='ocr_par' dir='ltr' id='par_1_57' title="bbox 585 5308 1052 5374">
     <span class='ocr_line' id='line_1_57' title="bbox 585 5308 1052 5374; baseline -0.009 -10"><span class='ocrx_word' id='word_1_382' title='bbox 585 5308 631 5344; x_wconf 75' lang='lat'><strong>’7</strong></span> <span class='ocrx_word' id='word_1_383' title='bbox 672 5309 844 5365; x_wconf 87' lang='lat' dir='ltr'><strong>Joan.</strong></span> <span class='ocrx_word' id='word_1_384' title='bbox 875 5324 932 5374; x_wconf 70' lang='grc' dir='ltr'>χ,</span> <span class='ocrx_word' id='word_1_385' title='bbox 961 5308 1052 5363; x_wconf 89' lang='grc'><strong>37.</strong></span> 
     </span>
    </p>
   </div>
   <div class='ocr_carea' id='block_1_58' title="bbox 2309 488 4014 570">
    <p class='ocr_par' dir='ltr' id='par_1_58' title="bbox 2309 488 4014 570">
     <span class='ocr_line' id='line_1_58' title="bbox 2309 488 4014 570; baseline 0.005 -28"><span class='ocrx_word' id='word_1_386' title='bbox 2309 496 2498 563; x_wconf 87' lang='grc' dir='ltr'>γίστου</span> <span class='ocrx_word' id='word_1_387' title='bbox 2537 496 2625 543; x_wconf 82' lang='grc' dir='ltr'>καὶ</span> <span class='ocrx_word' id='word_1_388' title='bbox 2663 488 2853 544; x_wconf 82' lang='grc' dir='ltr'><strong>διπλοῦ</strong></span> <span class='ocrx_word' id='word_1_389' title='bbox 2896 494 3197 564; x_wconf 81' lang='grc' dir='ltr'>θαύματοςέ</span> <span class='ocrx_word' id='word_1_390' title='bbox 3234 497 3310 548; x_wconf 70' lang='lat' dir='ltr'><strong>Oti</strong></span> <span class='ocrx_word' id='word_1_391' title='bbox 3349 503 3503 570; x_wconf 88' lang='grc' dir='ltr'>μόνον</span> <span class='ocrx_word' id='word_1_392' title='bbox 3564 505 3886 561; x_wconf 55' lang='lat' dir='ltr'><strong>centrali;</strong></span> <span class='ocrx_word' id='word_1_393' title='bbox 3943 503 4014 551; x_wconf 67' lang='grc' dir='ltr'>ὧν</span> 
     </span>
    </p>
   </div>
   <div class='ocr_carea' id='block_1_59' title="bbox 2312 578 4006 660">
    <p class='ocr_par' dir='ltr' id='par_1_59' title="bbox 2312 578 4006 660">
     <span class='ocr_line' id='line_1_59' title="bbox 2312 578 4006 660; baseline 0.006 -29"><span class='ocrx_word' id='word_1_394' title='bbox 2312 579 2520 646; x_wconf 80' lang='grc' dir='ltr'><strong>ἀνέστη,</strong></span> <span class='ocrx_word' id='word_1_395' title='bbox 2566 579 2693 632; x_wconf 86' lang='grc' dir='ltr'>ἀλλά</span> <span class='ocrx_word' id='word_1_396' title='bbox 2751 587 2840 634; x_wconf 80' lang='grc' dir='ltr'>καὶ</span> <span class='ocrx_word' id='word_1_397' title='bbox 2874 578 3142 655; x_wconf 75' lang='grc' dir='ltr'><strong>δεδεμένος</strong></span> <span class='ocrx_word' id='word_1_398' title='bbox 3190 585 3257 636; x_wconf 81' lang='grc' dir='ltr'>ὢν</span> <span class='ocrx_word' id='word_1_399' title='bbox 3307 585 3485 649; x_wconf 81' lang='grc' dir='ltr'>ἐξῆλθε</span> <span class='ocrx_word' id='word_1_400' title='bbox 3516 596 3614 640; x_wconf 77' lang='grc' dir='ltr'>τοῦ</span> <span class='ocrx_word' id='word_1_401' title='bbox 3652 595 4006 660; x_wconf 69' lang='grc' dir='ltr'>μνημείου.</span> 
     </span>
    </p>
   </div>
   <div class='ocr_carea' id='block_1_60' title="bbox 2307 667 4004 748">
    <p class='ocr_par' dir='ltr' id='par_1_60' title="bbox 2307 667 4004 748">
     <span class='ocr_line' id='line_1_60' title="bbox 2307 667 4004 748; baseline 0.006 -28"><span class='ocrx_word' id='word_1_402' title='bbox 2307 668 2365 722; x_wconf 80' lang='grc' dir='ltr'><strong><em>Ἦ</em></strong></span> <span class='ocrx_word' id='word_1_403' title='bbox 2574 667 2663 722; x_wconf 80' lang='grc' dir='ltr'>οὖν</span> <span class='ocrx_word' id='word_1_404' title='bbox 2718 677 3042 744; x_wconf 80' lang='grc' dir='ltr'>ευχαριστία</span> <span class='ocrx_word' id='word_1_405' title='bbox 3096 682 3190 735; x_wconf 83' lang='grc' dir='ltr'>τῆς</span> <span class='ocrx_word' id='word_1_406' title='bbox 3243 674 3559 748; x_wconf 77' lang='grc' dir='ltr'><strong>οἰκονομίας,</strong></span> <span class='ocrx_word' id='word_1_407' title='bbox 3620 681 3702 729; x_wconf 79' lang='grc' dir='ltr'>τὸ</span> <span class='ocrx_word' id='word_1_408' title='bbox 3777 675 3856 730; x_wconf 61' lang='grc' dir='ltr'>δὲ</span> <span class='ocrx_word' id='word_1_409' title='bbox 3918 685 4004 730; x_wconf 70' lang='lat' dir='ltr'><strong>zi-</strong></span> 
     </span>
    </p>
   </div>
   <div class='ocr_carea' id='block_1_61' title="bbox 2306 757 3996 833">
    <p class='ocr_par' dir='ltr' id='par_1_61' title="bbox 2306 757 3996 833">
     <span class='ocr_line' id='line_1_61' title="bbox 2306 757 3996 833; baseline 0.006 -23"><span class='ocrx_word' id='word_1_410' title='bbox 2306 757 2507 830; x_wconf 89' lang='grc' dir='ltr'>λευσμα</span> <span class='ocrx_word' id='word_1_411' title='bbox 2554 763 2644 811; x_wconf 76' lang='grc' dir='ltr'>καὶ</span> <span class='ocrx_word' id='word_1_412' title='bbox 2694 762 2753 811; x_wconf 88' lang='grc' dir='ltr'>τὸ</span> <span class='ocrx_word' id='word_1_413' title='bbox 2802 763 2949 833; x_wconf 86' lang='grc' dir='ltr'>ἔργον</span> <span class='ocrx_word' id='word_1_414' title='bbox 2996 770 3088 822; x_wconf 83' lang='grc' dir='ltr'>τῆς</span> <span class='ocrx_word' id='word_1_415' title='bbox 3131 761 3374 825; x_wconf 74' lang='grc' dir='ltr'>ἔξουσίας</span> <span class='ocrx_word' id='word_1_416' title='bbox 3405 782 3418 794; x_wconf 80' lang='grc'><em>³</em></span> <span class='ocrx_word' id='word_1_417' title='bbox 3467 764 3640 824; x_wconf 77' lang='grc' dir='ltr'>ἐκείνη</span> <span class='ocrx_word' id='word_1_418' title='bbox 3713 764 3839 819; x_wconf 66' lang='grc' dir='ltr'><strong>διὰ</strong></span> <span class='ocrx_word' id='word_1_419' title='bbox 3895 774 3996 824; x_wconf 66' lang='grc' dir='ltr'>τὶν</span> 
     </span>
    </p>
   </div>
   <div class='ocr_carea' id='block_1_62' title="bbox 2304 843 3985 929">
    <p class='ocr_par' dir='ltr' id='par_1_62' title="bbox 2304 843 3985 929">
     <span class='ocr_line' id='line_1_62' title="bbox 2304 843 3985 929; baseline 0.007 -32"><span class='ocrx_word' id='word_1_420' title='bbox 2304 843 2503 898; x_wconf 71' lang='grc' dir='ltr'>ἐκείνων</span> <span class='ocrx_word' id='word_1_421' title='bbox 2545 846 2828 914; x_wconf 82' lang='grc' dir='ltr'>ἀσθένειαν,</span> <span class='ocrx_word' id='word_1_422' title='bbox 2882 858 3048 902; x_wconf 85' lang='grc' dir='ltr'>ταῦτα</span> <span class='ocrx_word' id='word_1_423' title='bbox 3083 847 3142 904; x_wconf 74' lang='grc' dir='ltr'><strong>δε</strong></span> <span class='ocrx_word' id='word_1_424' title='bbox 3189 849 3281 904; x_wconf 80' lang='grc' dir='ltr'>διὰ</span> <span class='ocrx_word' id='word_1_425' title='bbox 3311 859 3403 912; x_wconf 70' lang='grc' dir='ltr'>τὴν</span> <span class='ocrx_word' id='word_1_426' title='bbox 3433 859 3627 907; x_wconf 87' lang='grc' dir='ltr'>τούτου</span> <span class='ocrx_word' id='word_1_427' title='bbox 3687 853 3985 929; x_wconf 72' lang='grc' dir='ltr'>δύναμιν.</span> 
     </span>
    </p>
   </div>
   <div class='ocr_carea' id='block_1_63' title="bbox 2304 937 3986 1018">
    <p class='ocr_par' dir='ltr' id='par_1_63' title="bbox 2304 937 3986 1018">
     <span class='ocr_line' id='line_1_63' title="bbox 2304 937 3986 1018; baseline 0.006 -32"><span class='ocrx_word' id='word_1_428' title='bbox 2304 939 2399 987; x_wconf 87' lang='grc' dir='ltr'>Διά</span> <span class='ocrx_word' id='word_1_429' title='bbox 2449 944 2615 989; x_wconf 82' lang='grc' dir='ltr'>ταῦτα</span> <span class='ocrx_word' id='word_1_430' title='bbox 2669 937 2940 1010; x_wconf 81' lang='grc' dir='ltr'>προλαϐὼν</span> <span class='ocrx_word' id='word_1_431' title='bbox 2986 939 3150 1010; x_wconf 76' lang='grc' dir='ltr'>ἔλεγεν</span> <span class='ocrx_word' id='word_1_432' title='bbox 3193 958 3207 970; x_wconf 74' lang='grc' dir='ltr'><strong>ο</strong></span> <span class='ocrx_word' id='word_1_433' title='bbox 3265 942 3325 993; x_wconf 83' lang='lat' dir='ltr'><strong>Ei</strong></span> <span class='ocrx_word' id='word_1_434' title='bbox 3376 942 3434 994; x_wconf 77' lang='grc' dir='ltr'><strong>ού</strong></span> <span class='ocrx_word' id='word_1_435' title='bbox 3485 953 3626 996; x_wconf 83' lang='grc' dir='ltr'>ποιῶ</span> <span class='ocrx_word' id='word_1_436' title='bbox 3680 950 3773 996; x_wconf 77' lang='grc' dir='ltr'>τὰ</span> <span class='ocrx_word' id='word_1_437' title='bbox 3841 951 3986 1018; x_wconf 58' lang='grc' dir='ltr'><strong>ξονι</strong></span> 
     </span>
    </p>
   </div>
   <div class='ocr_carea' id='block_1_64' title="bbox 2300 1030 3980 1104">
    <p class='ocr_par' dir='ltr' id='par_1_64' title="bbox 2300 1030 3980 1104">
     <span class='ocr_line' id='line_1_64' title="bbox 2300 1030 3980 1104; baseline 0.007 -28"><span class='ocrx_word' id='word_1_438' title='bbox 2300 1032 2392 1076; x_wconf 75' lang='grc' dir='ltr'>τοῦ</span> <span class='ocrx_word' id='word_1_439' title='bbox 2446 1031 2648 1099; x_wconf 82' lang='grc' dir='ltr'><strong>Πατρός</strong></span> <span class='ocrx_word' id='word_1_440' title='bbox 2705 1047 2827 1099; x_wconf 92' lang='grc' dir='ltr'>μου,</span> <span class='ocrx_word' id='word_1_441' title='bbox 2881 1033 2954 1100; x_wconf 75' lang='grc' dir='ltr'>μὴ</span> <span class='ocrx_word' id='word_1_442' title='bbox 3001 1033 3270 1082; x_wconf 82' lang='grc' dir='ltr'>πιστεύετέ</span> <span class='ocrx_word' id='word_1_443' title='bbox 3316 1050 3406 1104; x_wconf 89' lang='grc' dir='ltr'><strong>μοι</strong></span> <span class='ocrx_word' id='word_1_444' title='bbox 3468 1049 3481 1061; x_wconf 80' lang='lat'>&#39;</span> <span class='ocrx_word' id='word_1_445' title='bbox 3545 1034 3591 1085; x_wconf 85' lang='grc' dir='ltr'>εὶ</span> <span class='ocrx_word' id='word_1_446' title='bbox 3646 1030 3731 1086; x_wconf 65' lang='grc' dir='ltr'>δὲ</span> <span class='ocrx_word' id='word_1_447' title='bbox 3807 1055 3980 1086; x_wconf 56' lang='lat' dir='ltr'><strong>rem.</strong></span> 
     </span>
    </p>
   </div>
   <div class='ocr_carea' id='block_1_65' title="bbox 2300 1111 3663 1190">
    <p class='ocr_par' dir='ltr' id='par_1_65' title="bbox 2300 1111 3663 1190">
     <span class='ocr_line' id='line_1_65' title="bbox 2300 1111 3663 1190; baseline 0.007 -26"><span class='ocrx_word' id='word_1_448' title='bbox 2300 1112 2394 1164; x_wconf 73' lang='grc' dir='ltr'>κᾶν</span> <span class='ocrx_word' id='word_1_449' title='bbox 2417 1111 2529 1188; x_wconf 80' lang='grc' dir='ltr'>ἐμοὶ</span> <span class='ocrx_word' id='word_1_450' title='bbox 2553 1120 2624 1188; x_wconf 75' lang='grc' dir='ltr'>μὴ</span> <span class='ocrx_word' id='word_1_451' title='bbox 2661 1118 2958 1182; x_wconf 70' lang='grc' dir='ltr'><strong>Ἰπιστεύητε,</strong></span> <span class='ocrx_word' id='word_1_452' title='bbox 2991 1124 3097 1178; x_wconf 89' lang='grc' dir='ltr'>τοῖς</span> <span class='ocrx_word' id='word_1_453' title='bbox 3122 1119 3288 1190; x_wconf 82' lang='grc' dir='ltr'>ἔργοις</span> <span class='ocrx_word' id='word_1_454' title='bbox 3317 1124 3663 1175; x_wconf 83' lang='grc' dir='ltr'>πιστεύσατε.</span> 
     </span>
    </p>
   </div>
   <div class='ocr_carea' id='block_1_66' title="bbox 2373 1379 3977 1466">
    <p class='ocr_par' dir='ltr' id='par_1_66' title="bbox 2373 1379 3977 1466">
     <span class='ocr_line' id='line_1_66' title="bbox 2373 1379 3977 1466; baseline 0.006 -32"><span class='ocrx_word' id='word_1_455' title='bbox 2373 1386 2471 1434; x_wconf 81' lang='grc' dir='ltr'><strong>Καὶ</strong></span> <span class='ocrx_word' id='word_1_456' title='bbox 2518 1412 2587 1422; x_wconf 90' lang='grc'><strong>-</strong></span> <span class='ocrx_word' id='word_1_457' title='bbox 2634 1379 2982 1452; x_wconf 77' lang='grc' dir='ltr'>περιεδέδετο.</span> <span class='ocrx_word' id='word_1_458' title='bbox 3050 1384 3305 1457; x_wconf 74' lang='grc' dir='ltr'>Φακιολιῳ</span> <span class='ocrx_word' id='word_1_459' title='bbox 3359 1395 3529 1461; x_wconf 82' lang='grc' dir='ltr'>μικρῷ</span> <span class='ocrx_word' id='word_1_460' title='bbox 3590 1390 3698 1460; x_wconf 80' lang='grc' dir='ltr'><strong>οἵῳ</strong></span> <span class='ocrx_word' id='word_1_461' title='bbox 3771 1400 3977 1466; x_wconf 66' lang='grc' dir='ltr'>χρῶν-</span> 
     </span>
    </p>
   </div>
   <div class='ocr_carea' id='block_1_67' title="bbox 2296 1471 3705 1549">
    <p class='ocr_par' dir='ltr' id='par_1_67' title="bbox 2296 1471 3705 1549">
     <span class='ocr_line' id='line_1_67' title="bbox 2296 1471 3705 1549; baseline 0.006 -27"><span class='ocrx_word' id='word_1_462' title='bbox 2296 1489 2384 1522; x_wconf 90' lang='grc' dir='ltr'><strong>ται</strong></span> <span class='ocrx_word' id='word_1_463' title='bbox 2410 1475 2576 1544; x_wconf 80' lang='grc' dir='ltr'>μέχρι</span> <span class='ocrx_word' id='word_1_464' title='bbox 2604 1478 2694 1525; x_wconf 81' lang='grc' dir='ltr'>καὶ</span> <span class='ocrx_word' id='word_1_465' title='bbox 2726 1481 2814 1523; x_wconf 82' lang='grc' dir='ltr'>νῦν</span> <span class='ocrx_word' id='word_1_466' title='bbox 2842 1471 3074 1548; x_wconf 78' lang='grc' dir='ltr'>Ἑϐραῖοι</span> <span class='ocrx_word' id='word_1_467' title='bbox 3112 1475 3412 1548; x_wconf 81' lang='grc' dir='ltr'>καλύμματι</span> <span class='ocrx_word' id='word_1_468' title='bbox 3441 1477 3705 1549; x_wconf 70' lang='grc' dir='ltr'>κεφαλῆς-</span> 
     </span>
    </p>
   </div>
   <div class='ocr_carea' id='block_1_68' title="bbox 2368 1652 3966 1726">
    <p class='ocr_par' dir='ltr' id='par_1_68' title="bbox 2368 1652 3966 1726">
     <span class='ocr_line' id='line_1_68' title="bbox 2368 1652 3966 1726; baseline 0.006 -24"><span class='ocrx_word' id='word_1_469' title='bbox 2368 1653 2521 1722; x_wconf 81' lang='grc' dir='ltr'>Λέγει</span> <span class='ocrx_word' id='word_1_470' title='bbox 2573 1681 2640 1692; x_wconf 91' lang='grc'><strong>-</strong></span> <span class='ocrx_word' id='word_1_471' title='bbox 2695 1653 2929 1724; x_wconf 77' lang='grc' dir='ltr'>ὑπάγειν.</span> <span class='ocrx_word' id='word_1_472' title='bbox 2978 1652 3148 1726; x_wconf 82' lang='grc' dir='ltr'><strong>Ὑμεῖς</strong></span> <span class='ocrx_word' id='word_1_473' title='bbox 3199 1654 3354 1707; x_wconf 86' lang='grc' dir='ltr'>αύτὸν</span> <span class='ocrx_word' id='word_1_474' title='bbox 3401 1655 3620 1721; x_wconf 80' lang='grc' dir='ltr'>λύσατε,</span> <span class='ocrx_word' id='word_1_475' title='bbox 3687 1659 3799 1710; x_wconf 75' lang='grc' dir='ltr'>ἵνα</span> <span class='ocrx_word' id='word_1_476' title='bbox 3867 1666 3966 1712; x_wconf 75' lang='grc' dir='ltr'>καὶ</span> 
     </span>
    </p>
   </div>
   <div class='ocr_carea' id='block_1_69' title="bbox 2297 1739 3964 1816">
    <p class='ocr_par' dir='ltr' id='par_1_69' title="bbox 2297 1739 3964 1816">
     <span class='ocr_line' id='line_1_69' title="bbox 2297 1739 3964 1816; baseline 0.008 -27"><span class='ocrx_word' id='word_1_477' title='bbox 2297 1739 2325 1796; x_wconf 78' lang='grc' dir='ltr'>ἡ</span> <span class='ocrx_word' id='word_1_478' title='bbox 2388 1739 2490 1811; x_wconf 81' lang='grc' dir='ltr'><strong>ἀφὴ</strong></span> <span class='ocrx_word' id='word_1_479' title='bbox 2523 1746 2838 1814; x_wconf 74' lang='grc' dir='ltr'>μαρτυρήσῃ</span> <span class='ocrx_word' id='word_1_480' title='bbox 2892 1743 2971 1794; x_wconf 85' lang='grc' dir='ltr'>ὅτι</span> <span class='ocrx_word' id='word_1_481' title='bbox 3015 1743 3074 1794; x_wconf 83' lang='grc' dir='ltr'><strong>ού</strong></span> <span class='ocrx_word' id='word_1_482' title='bbox 3119 1745 3321 1816; x_wconf 79' lang='grc' dir='ltr'>φάσμα,</span> <span class='ocrx_word' id='word_1_483' title='bbox 3367 1743 3474 1796; x_wconf 86' lang='grc' dir='ltr'>ἀλλ’</span> <span class='ocrx_word' id='word_1_484' title='bbox 3517 1744 3723 1807; x_wconf 74' lang='grc' dir='ltr'>ἐκεῖνος</span> <span class='ocrx_word' id='word_1_485' title='bbox 3787 1752 3964 1809; x_wconf 76' lang='grc' dir='ltr'>ὅντως</span> 
     </span>
    </p>
   </div>
   <div class='ocr_carea' id='block_1_70' title="bbox 2295 1825 3957 1910">
    <p class='ocr_par' dir='ltr' id='par_1_70' title="bbox 2295 1825 3957 1910">
     <span class='ocr_line' id='line_1_70' title="bbox 2295 1825 3957 1910; baseline 0.005 -31"><span class='ocrx_word' id='word_1_486' title='bbox 2295 1825 2457 1896; x_wconf 75' lang='grc' dir='ltr'>ἔστὶν,</span> <span class='ocrx_word' id='word_1_487' title='bbox 2505 1833 2595 1880; x_wconf 82' lang='grc' dir='ltr'>καὶ</span> <span class='ocrx_word' id='word_1_488' title='bbox 2644 1828 2830 1902; x_wconf 73' lang='grc' dir='ltr'>’Δφετε</span> <span class='ocrx_word' id='word_1_489' title='bbox 2860 1832 3097 1903; x_wconf 79' lang='grc' dir='ltr'>ὑπάγειν,</span> <span class='ocrx_word' id='word_1_490' title='bbox 3147 1833 3230 1884; x_wconf 82' lang='grc' dir='ltr'>ἶνα</span> <span class='ocrx_word' id='word_1_491' title='bbox 3274 1838 3346 1904; x_wconf 75' lang='grc' dir='ltr'>μή</span> <span class='ocrx_word' id='word_1_492' title='bbox 3388 1838 3498 1906; x_wconf 80' lang='grc' dir='ltr'>μετ’</span> <span class='ocrx_word' id='word_1_493' title='bbox 3547 1835 3730 1888; x_wconf 72' lang='grc' dir='ltr'>αὐτοῦ</span> <span class='ocrx_word' id='word_1_494' title='bbox 3791 1857 3957 1910; x_wconf 62' lang='grc' dir='ltr'>περι.</span> 
     </span>
    </p>
   </div>
   <div class='ocr_carea' id='block_1_71' title="bbox 2293 1917 3947 1996">
    <p class='ocr_par' dir='ltr' id='par_1_71' title="bbox 2293 1917 3947 1996">
     <span class='ocr_line' id='line_1_71' title="bbox 2293 1917 3947 1996; baseline 0.007 -29"><span class='ocrx_word' id='word_1_495' title='bbox 2293 1925 2467 1968; x_wconf 83' lang='grc' dir='ltr'>πατῶν</span> <span class='ocrx_word' id='word_1_496' title='bbox 2520 1917 2776 1990; x_wconf 75' lang='grc' dir='ltr'><strong>εὐφημίας</strong></span> <span class='ocrx_word' id='word_1_497' title='bbox 2827 1919 2968 1990; x_wconf 84' lang='grc' dir='ltr'>αύτῷ</span> <span class='ocrx_word' id='word_1_498' title='bbox 3036 1926 3127 1973; x_wconf 81' lang='grc' dir='ltr'>καὶ</span> <span class='ocrx_word' id='word_1_499' title='bbox 3183 1926 3370 1996; x_wconf 87' lang='grc' dir='ltr'>κρότου</span> <span class='ocrx_word' id='word_1_500' title='bbox 3425 1927 3642 1994; x_wconf 63' lang='grc' dir='ltr'>γίνηται</span> <span class='ocrx_word' id='word_1_501' title='bbox 3728 1930 3947 1988; x_wconf 75' lang='grc' dir='ltr'>αἴτιος,</span> 
     </span>
    </p>
   </div>
   <div class='ocr_carea' id='block_1_72' title="bbox 2295 2007 3950 2088">
    <p class='ocr_par' dir='ltr' id='par_1_72' title="bbox 2295 2007 3950 2088">
     <span class='ocr_line' id='line_1_72' title="bbox 2295 2007 3950 2088; baseline 0.008 -32"><span class='ocrx_word' id='word_1_502' title='bbox 2295 2010 2385 2056; x_wconf 84' lang='grc' dir='ltr'>καὶ</span> <span class='ocrx_word' id='word_1_503' title='bbox 2443 2008 2524 2057; x_wconf 77' lang='grc' dir='ltr'>ἶνα</span> <span class='ocrx_word' id='word_1_504' title='bbox 2589 2010 2724 2058; x_wconf 87' lang='grc' dir='ltr'><strong>κατά</strong></span> <span class='ocrx_word' id='word_1_505' title='bbox 2803 2007 3005 2079; x_wconf 77' lang='grc' dir='ltr'>σχολὴν</span> <span class='ocrx_word' id='word_1_506' title='bbox 3081 2009 3375 2084; x_wconf 78' lang='grc' dir='ltr'>τελεώτερον</span> <span class='ocrx_word' id='word_1_507' title='bbox 3461 2011 3620 2065; x_wconf 73' lang='grc' dir='ltr'>αὐτόν</span> <span class='ocrx_word' id='word_1_508' title='bbox 3710 2034 3950 2088; x_wconf 75' lang='grc' dir='ltr'>περιερ-</span> 
     </span>
    </p>
   </div>
   <div class='ocr_carea' id='block_1_73' title="bbox 2290 2095 3155 2170">
    <p class='ocr_par' dir='ltr' id='par_1_73' title="bbox 2290 2095 3155 2170">
     <span class='ocr_line' id='line_1_73' title="bbox 2290 2095 3155 2170; baseline 0.007 -26"><span class='ocrx_word' id='word_1_509' title='bbox 2290 2096 2558 2165; x_wconf 82' lang='grc' dir='ltr'>γάζωνται</span> <span class='ocrx_word' id='word_1_510' title='bbox 2585 2097 2717 2167; x_wconf 73' lang='grc'>(43),</span> <span class='ocrx_word' id='word_1_511' title='bbox 2747 2099 2795 2148; x_wconf 85' lang='grc' dir='ltr'>οἱ</span> <span class='ocrx_word' id='word_1_512' title='bbox 2829 2095 3155 2170; x_wconf 81' lang='grc' dir='ltr'>βουλόμενοι.</span> 
     </span>
    </p>
   </div>
   <div class='ocr_carea' id='block_1_74' title="bbox 2364 2181 3944 2265">
    <p class='ocr_par' dir='ltr' id='par_1_74' title="bbox 2364 2181 3944 2265">
     <span class='ocr_line' id='line_1_74' title="bbox 2364 2181 3944 2265; baseline 0.007 -29"><span class='ocrx_word' id='word_1_513' title='bbox 2364 2187 2456 2241; x_wconf 82' lang='grc' dir='ltr'><strong>Εῖη</strong></span> <span class='ocrx_word' id='word_1_514' title='bbox 2509 2181 2567 2237; x_wconf 77' lang='grc' dir='ltr'><strong>δε</strong></span> <span class='ocrx_word' id='word_1_515' title='bbox 2623 2191 2712 2238; x_wconf 85' lang='grc' dir='ltr'>καὶ</span> <span class='ocrx_word' id='word_1_516' title='bbox 2762 2189 2848 2238; x_wconf 85' lang='grc' dir='ltr'><strong>τόν</strong></span> <span class='ocrx_word' id='word_1_517' title='bbox 2900 2185 3019 2258; x_wconf 75' lang='grc' dir='ltr'>ἐμόν</span> <span class='ocrx_word' id='word_1_518' title='bbox 3073 2195 3212 2255; x_wconf 89' lang='grc' dir='ltr'>νοῦν,</span> <span class='ocrx_word' id='word_1_519' title='bbox 3261 2187 3631 2261; x_wconf 76' lang='grc' dir='ltr'>ἰντεθαμμένον</span> <span class='ocrx_word' id='word_1_520' title='bbox 3669 2201 3944 2265; x_wconf 76' lang='grc' dir='ltr'>μνημείῳ</span> 
     </span>
    </p>
   </div>
   <div class='ocr_carea' id='block_1_75' title="bbox 2290 2271 3940 2349">
    <p class='ocr_par' dir='ltr' id='par_1_75' title="bbox 2290 2271 3940 2349">
     <span class='ocr_line' id='line_1_75' title="bbox 2290 2271 3940 2349; baseline 0.005 -25"><span class='ocrx_word' id='word_1_521' title='bbox 2290 2281 2389 2324; x_wconf 86' lang='grc' dir='ltr'><strong>τῶν</strong></span> <span class='ocrx_word' id='word_1_522' title='bbox 2442 2275 2639 2340; x_wconf 88' lang='grc' dir='ltr'>παθῶν,</span> <span class='ocrx_word' id='word_1_523' title='bbox 2671 2279 2762 2326; x_wconf 87' lang='grc' dir='ltr'>καὶ</span> <span class='ocrx_word' id='word_1_524' title='bbox 2815 2271 3086 2348; x_wconf 82' lang='grc' dir='ltr'>δεδεμένον</span> <span class='ocrx_word' id='word_1_525' title='bbox 3143 2281 3363 2349; x_wconf 81' lang='grc' dir='ltr'>κειρίαις</span> <span class='ocrx_word' id='word_1_526' title='bbox 3402 2278 3594 2341; x_wconf 71' lang='grc' dir='ltr'>αὐτῶν,</span> <span class='ocrx_word' id='word_1_527' title='bbox 3631 2287 3733 2333; x_wconf 78' lang='grc' dir='ltr'>καὶ</span> <span class='ocrx_word' id='word_1_528' title='bbox 3782 2282 3940 2336; x_wconf 77' lang='grc' dir='ltr'>λίθον</span> 
     </span>
    </p>
   </div>
   <div class='ocr_carea' id='block_1_76' title="bbox 2291 2359 3939 2444">
    <p class='ocr_par' dir='ltr' id='par_1_76' title="bbox 2291 2359 3939 2444">
     <span class='ocr_line' id='line_1_76' title="bbox 2291 2359 3939 2444; baseline 0.007 -32"><span class='ocrx_word' id='word_1_529' title='bbox 2291 2359 2643 2425; x_wconf 81' lang='grc' dir='ltr'>ἀναισθησίας</span> <span class='ocrx_word' id='word_1_530' title='bbox 2696 2366 3010 2436; x_wconf 72' lang='grc' dir='ltr'>ἓπικείμενον</span> <span class='ocrx_word' id='word_1_531' title='bbox 3049 2367 3260 2436; x_wconf 83' lang='grc' dir='ltr'>ἔχοντα,</span> <span class='ocrx_word' id='word_1_532' title='bbox 3291 2371 3380 2418; x_wconf 82' lang='grc' dir='ltr'>καὶ</span> <span class='ocrx_word' id='word_1_533' title='bbox 3429 2368 3619 2427; x_wconf 77' lang='grc' dir='ltr'>ἄξοντα</span> <span class='ocrx_word' id='word_1_534' title='bbox 3654 2365 3939 2444; x_wconf 71' lang='grc' dir='ltr'>δυσωδίᾳ</span> 
     </span>
    </p>
   </div>
   <div class='ocr_carea' id='block_1_77' title="bbox 2289 2449 3666 2525">
    <p class='ocr_par' dir='ltr' id='par_1_77' title="bbox 2289 2449 3666 2525">
     <span class='ocr_line' id='line_1_77' title="bbox 2289 2449 3666 2525; baseline 0.007 -25"><span class='ocrx_word' id='word_1_535' title='bbox 2289 2459 2388 2501; x_wconf 87' lang='grc' dir='ltr'><strong>τῶν</strong></span> <span class='ocrx_word' id='word_1_536' title='bbox 2415 2449 2680 2525; x_wconf 80' lang='grc' dir='ltr'>ἁμαρτιῶν</span> <span class='ocrx_word' id='word_1_537' title='bbox 2711 2460 2783 2523; x_wconf 81' lang='grc' dir='ltr'>τῷ</span> <span class='ocrx_word' id='word_1_538' title='bbox 2813 2451 2950 2524; x_wconf 85' lang='grc' dir='ltr'>λόγῳ</span> <span class='ocrx_word' id='word_1_539' title='bbox 2975 2460 3069 2504; x_wconf 80' lang='grc' dir='ltr'>τοῦ</span> <span class='ocrx_word' id='word_1_540' title='bbox 3093 2458 3267 2525; x_wconf 86' lang='grc' dir='ltr'>Λόγου</span> <span class='ocrx_word' id='word_1_541' title='bbox 3293 2452 3666 2517; x_wconf 78' lang='grc' dir='ltr'>ἐξαναστῆναι.</span> 
     </span>
    </p>
   </div>
   <div class='ocr_carea' id='block_1_78' title="bbox 2361 2629 3921 2705">
    <p class='ocr_par' dir='ltr' id='par_1_78' title="bbox 2361 2629 3921 2705">
     <span class='ocr_line' id='line_1_78' title="bbox 2361 2629 3921 2705; baseline 0.006 -23"><span class='ocrx_word' id='word_1_542' title='bbox 2361 2629 2544 2682; x_wconf 87' lang='grc' dir='ltr'>Πολλοὶ</span> <span class='ocrx_word' id='word_1_543' title='bbox 2601 2661 2667 2670; x_wconf 91' lang='grc'><strong>-</strong></span> <span class='ocrx_word' id='word_1_544' title='bbox 2735 2637 2940 2692; x_wconf 83' lang='grc' dir='ltr'>Ιησοῦς.</span> <span class='ocrx_word' id='word_1_545' title='bbox 3001 2633 3124 2704; x_wconf 82' lang='grc' dir='ltr'><strong>Ούχ</strong></span> <span class='ocrx_word' id='word_1_546' title='bbox 3198 2635 3268 2696; x_wconf 89' lang='grc' dir='ltr'>ὡς</span> <span class='ocrx_word' id='word_1_547' title='bbox 3320 2635 3704 2705; x_wconf 79' lang='grc' dir='ltr'>θαυμάζοντες,</span> <span class='ocrx_word' id='word_1_548' title='bbox 3791 2639 3921 2692; x_wconf 71' lang='grc' dir='ltr'>ἀλλὰ</span> 
     </span>
    </p>
   </div>
   <div class='ocr_carea' id='block_1_79' title="bbox 2289 2715 3912 2790">
    <p class='ocr_par' dir='ltr' id='par_1_79' title="bbox 2289 2715 3912 2790">
     <span class='ocr_line' id='line_1_79' title="bbox 2289 2715 3912 2790; baseline 0.005 -19"><span class='ocrx_word' id='word_1_549' title='bbox 2289 2715 2652 2780; x_wconf 72' lang='grc' dir='ltr'>διαϐάλλοντες</span> <span class='ocrx_word' id='word_1_550' title='bbox 2698 2721 2767 2781; x_wconf 87' lang='grc' dir='ltr'>ὠς</span> <span class='ocrx_word' id='word_1_551' title='bbox 2819 2725 3009 2790; x_wconf 88' lang='grc' dir='ltr'>γόητα.</span> <span class='ocrx_word' id='word_1_552' title='bbox 3059 2720 3221 2774; x_wconf 79' lang='grc' dir='ltr'>Οὗτοι</span> <span class='ocrx_word' id='word_1_553' title='bbox 3273 2718 3334 2775; x_wconf 82' lang='grc' dir='ltr'>δέ</span> <span class='ocrx_word' id='word_1_554' title='bbox 3382 2723 3512 2776; x_wconf 85' lang='grc' dir='ltr'>εἰσιν</span> <span class='ocrx_word' id='word_1_555' title='bbox 3551 2727 3600 2776; x_wconf 86' lang='grc' dir='ltr'>οἱ</span> <span class='ocrx_word' id='word_1_556' title='bbox 3633 2726 3873 2788; x_wconf 77' lang='grc' dir='ltr'>εἰπόντες</span> <span class='ocrx_word' id='word_1_557' title='bbox 3900 2750 3912 2759; x_wconf 89' lang='grc'><strong>·</strong></span> 
     </span>
    </p>
   </div>
   <div class='ocr_carea' id='block_1_80' title="bbox 2289 2804 3910 2888">
    <p class='ocr_par' dir='ltr' id='par_1_80' title="bbox 2289 2804 3910 2888">
     <span class='ocr_line' id='line_1_80' title="bbox 2289 2804 3910 2888; baseline 0.006 -29"><span class='ocrx_word' id='word_1_558' title='bbox 2289 2808 2399 2859; x_wconf 65' lang='grc' dir='ltr'>Οὔκ</span> <span class='ocrx_word' id='word_1_559' title='bbox 2466 2804 2698 2866; x_wconf 75' lang='grc' dir='ltr'>ἠδύνατο</span> <span class='ocrx_word' id='word_1_560' title='bbox 2776 2810 2947 2875; x_wconf 83' lang='grc' dir='ltr'>οὗτος,</span> <span class='ocrx_word' id='word_1_561' title='bbox 3018 2812 3044 2862; x_wconf 85' lang='grc' dir='ltr'><strong><em>ὁ</em></strong></span> <span class='ocrx_word' id='word_1_562' title='bbox 3116 2809 3322 2874; x_wconf 76' lang='grc' dir='ltr'>ἀνοίξας</span> <span class='ocrx_word' id='word_1_563' title='bbox 3406 2817 3530 2875; x_wconf 83' lang='grc' dir='ltr'>τοὺς</span> <span class='ocrx_word' id='word_1_564' title='bbox 3605 2817 3910 2888; x_wconf 69' lang='grc' dir='ltr'>ὁφθαλμοός</span> 
     </span>
    </p>
   </div>
   <div class='ocr_carea' id='block_1_81' title="bbox 2285 2896 3045 2963">
    <p class='ocr_par' dir='ltr' id='par_1_81' title="bbox 2285 2896 3045 2963">
     <span class='ocr_line' id='line_1_81' title="bbox 2285 2896 3045 2963; baseline 0.008 -15"><span class='ocrx_word' id='word_1_565' title='bbox 2285 2905 2377 2948; x_wconf 76' lang='grc' dir='ltr'>τοῦ</span> <span class='ocrx_word' id='word_1_566' title='bbox 2408 2896 2638 2963; x_wconf 74' lang='grc' dir='ltr'>τυφλούς</span> <span class='ocrx_word' id='word_1_567' title='bbox 2677 2903 2765 2950; x_wconf 87' lang='grc' dir='ltr'>καὶ</span> <span class='ocrx_word' id='word_1_568' title='bbox 2802 2901 2866 2950; x_wconf 83' lang='grc' dir='ltr'>τὰ</span> <span class='ocrx_word' id='word_1_569' title='bbox 2905 2898 3045 2961; x_wconf 76' lang='grc' dir='ltr'>ἑξῆς.</span> 
     </span>
    </p>
   </div>
   <div class='ocr_carea' id='block_1_82' title="bbox 2357 2989 3886 3064">
    <p class='ocr_par' dir='ltr' id='par_1_82' title="bbox 2357 2989 3886 3064">
     <span class='ocr_line' id='line_1_82' title="bbox 2357 2989 3886 3064; baseline 0.005 -26"><span class='ocrx_word' id='word_1_570' title='bbox 2357 2991 2648 3057; x_wconf 83' lang='grc' dir='ltr'>Συνήγαγον</span> <span class='ocrx_word' id='word_1_571' title='bbox 2721 3018 2791 3026; x_wconf 91' lang='grc'><strong>-</strong></span> <span class='ocrx_word' id='word_1_572' title='bbox 2873 2989 3035 3049; x_wconf 77' lang='grc' dir='ltr'>ἔθνος.</span> <span class='ocrx_word' id='word_1_573' title='bbox 3109 2989 3374 3064; x_wconf 82' lang='grc' dir='ltr'>’Δροῦσιν,</span> <span class='ocrx_word' id='word_1_574' title='bbox 3457 2994 3624 3062; x_wconf 75' lang='grc' dir='ltr'>ἤγουν</span> 
     </span>
    </p>
   </div>
   <div class='ocr_carea' id='block_1_83' title="bbox 2287 3073 3886 3154">
    <p class='ocr_par' dir='ltr' id='par_1_83' title="bbox 2287 3073 3886 3154">
     <span class='ocr_line' id='line_1_83' title="bbox 2287 3073 3886 3154; baseline 0.004 -28"><span class='ocrx_word' id='word_1_575' title='bbox 2287 3092 2490 3127; x_wconf 87' lang='grc' dir='ltr'>σουσιν.</span> <span class='ocrx_word' id='word_1_576' title='bbox 2548 3074 2899 3147; x_wconf 81' lang='grc' dir='ltr'>Εύπρόσωπον</span> <span class='ocrx_word' id='word_1_577' title='bbox 2955 3073 3013 3128; x_wconf 78' lang='grc' dir='ltr'><strong>δε</strong></span> <span class='ocrx_word' id='word_1_578' title='bbox 3071 3075 3308 3151; x_wconf 77' lang='grc' dir='ltr'>ἀφορμὴν</span> <span class='ocrx_word' id='word_1_579' title='bbox 3353 3075 3604 3132; x_wconf 74' lang='grc' dir='ltr'>ἐπιθεῖναι</span> <span class='ocrx_word' id='word_1_580' title='bbox 3670 3091 3740 3154; x_wconf 70' lang='grc' dir='ltr'>τῇ</span> <span class='ocrx_word' id='word_1_581' title='bbox 3775 3087 3886 3134; x_wconf 66' lang='lat' dir='ltr'><strong>uti</strong></span> 
     </span>
    </p>
   </div>
   <div class='ocr_carea' id='block_1_84' title="bbox 2285 3162 3898 3238">
    <p class='ocr_par' dir='ltr' id='par_1_84' title="bbox 2285 3162 3898 3238">
     <span class='ocr_line' id='line_1_84' title="bbox 2285 3162 3898 3238; baseline 0.006 -24"><span class='ocrx_word' id='word_1_582' title='bbox 2285 3171 2374 3215; x_wconf 83' lang='grc' dir='ltr'>τοῦ</span> <span class='ocrx_word' id='word_1_583' title='bbox 2433 3170 2669 3238; x_wconf 87' lang='grc' dir='ltr'>Σωτῆρος</span> <span class='ocrx_word' id='word_1_584' title='bbox 2717 3162 2961 3237; x_wconf 70' lang='grc' dir='ltr'>ἐπιϐουλῇ</span> <span class='ocrx_word' id='word_1_585' title='bbox 3024 3165 3270 3235; x_wconf 76' lang='grc' dir='ltr'>θέλοντες,</span> <span class='ocrx_word' id='word_1_586' title='bbox 3321 3172 3411 3219; x_wconf 84' lang='grc' dir='ltr'>καὶ</span> <span class='ocrx_word' id='word_1_587' title='bbox 3459 3171 3547 3219; x_wconf 87' lang='grc' dir='ltr'><strong>τόν</strong></span> <span class='ocrx_word' id='word_1_588' title='bbox 3586 3169 3718 3223; x_wconf 83' lang='grc' dir='ltr'>λαὸν</span> <span class='ocrx_word' id='word_1_589' title='bbox 3749 3180 3898 3230; x_wconf 67' lang='grc' dir='ltr'>κενῆ-</span> 
     </span>
    </p>
   </div>
   <div class='ocr_carea' id='block_1_85' title="bbox 2285 3252 3901 3329">
    <p class='ocr_par' dir='ltr' id='par_1_85' title="bbox 2285 3252 3901 3329">
     <span class='ocr_line' id='line_1_85' title="bbox 2285 3252 3901 3329; baseline 0.006 -25"><span class='ocrx_word' id='word_1_590' title='bbox 2285 3271 2376 3304; x_wconf 89' lang='grc' dir='ltr'><strong>σαι</strong></span> <span class='ocrx_word' id='word_1_591' title='bbox 2456 3252 2572 3304; x_wconf 91' lang='grc' dir='ltr'>κατ’</span> <span class='ocrx_word' id='word_1_592' title='bbox 2643 3253 2803 3305; x_wconf 84' lang='grc' dir='ltr'>αύτοῠ</span> <span class='ocrx_word' id='word_1_593' title='bbox 2871 3261 3242 3326; x_wconf 82' lang='grc' dir='ltr'>μηχανώμενοι</span> <span class='ocrx_word' id='word_1_594' title='bbox 3311 3261 3736 3329; x_wconf 76' lang='grc' dir='ltr'>προφασίζονται</span> <span class='ocrx_word' id='word_1_595' title='bbox 3817 3266 3901 3313; x_wconf 75' lang='grc' dir='ltr'><strong>τόν</strong></span> 
     </span>
    </p>
   </div>
   <div class='ocr_carea' id='block_1_86' title="bbox 2283 3340 3902 3413">
    <p class='ocr_par' dir='ltr' id='par_1_86' title="bbox 2283 3340 3902 3413">
     <span class='ocr_line' id='line_1_86' title="bbox 2283 3340 3902 3413; baseline 0.006 -21"><span class='ocrx_word' id='word_1_596' title='bbox 2283 3340 2436 3413; x_wconf 79' lang='grc' dir='ltr'>φόϐον</span> <span class='ocrx_word' id='word_1_597' title='bbox 2485 3350 2583 3393; x_wconf 87' lang='grc' dir='ltr'><strong>τῶν</strong></span> <span class='ocrx_word' id='word_1_598' title='bbox 2637 3342 2921 3413; x_wconf 85' lang='grc' dir='ltr'>Ῥωμαίων,</span> <span class='ocrx_word' id='word_1_599' title='bbox 2969 3344 3051 3395; x_wconf 80' lang='grc' dir='ltr'>ὅτι</span> <span class='ocrx_word' id='word_1_600' title='bbox 3098 3343 3181 3396; x_wconf 77' lang='grc' dir='ltr'><strong>ἐὰν</strong></span> <span class='ocrx_word' id='word_1_601' title='bbox 3216 3346 3402 3406; x_wconf 86' lang='grc' dir='ltr'>πάντες</span> <span class='ocrx_word' id='word_1_602' title='bbox 3429 3350 3802 3400; x_wconf 80' lang='grc' dir='ltr'>πιστεύσωσιν</span> <span class='ocrx_word' id='word_1_603' title='bbox 3837 3351 3902 3410; x_wconf 80' lang='grc' dir='ltr'>εἰς</span> 
     </span>
    </p>
   </div>
   <div class='ocr_carea' id='block_1_87' title="bbox 2282 3429 3901 3505">
    <p class='ocr_par' dir='ltr' id='par_1_87' title="bbox 2282 3429 3901 3505">
     <span class='ocr_line' id='line_1_87' title="bbox 2282 3429 3901 3505; baseline 0.006 -25"><span class='ocrx_word' id='word_1_604' title='bbox 2282 3429 2457 3494; x_wconf 70' lang='grc' dir='ltr'>αὐτόν,</span> <span class='ocrx_word' id='word_1_605' title='bbox 2513 3431 2968 3488; x_wconf 82' lang='grc' dir='ltr'>ύποπτευθήσεται</span> <span class='ocrx_word' id='word_1_606' title='bbox 3005 3429 3292 3504; x_wconf 82' lang='grc' dir='ltr'>τυραννίδα</span> <span class='ocrx_word' id='word_1_607' title='bbox 3341 3432 3573 3505; x_wconf 78' lang='grc' dir='ltr'>μελετᾴν,</span> <span class='ocrx_word' id='word_1_608' title='bbox 3623 3441 3718 3489; x_wconf 76' lang='grc' dir='ltr'>καὶ</span> <span class='ocrx_word' id='word_1_609' title='bbox 3759 3437 3901 3490; x_wconf 64' lang='lat' dir='ltr'><strong>ila}-</strong></span> 
     </span>
    </p>
   </div>
   <div class='ocr_carea' id='block_1_88' title="bbox 2283 3518 3900 3592">
    <p class='ocr_par' dir='ltr' id='par_1_88' title="bbox 2283 3518 3900 3592">
     <span class='ocr_line' id='line_1_88' title="bbox 2283 3518 3900 3592; baseline 0.006 -23"><span class='ocrx_word' id='word_1_610' title='bbox 2283 3538 2463 3570; x_wconf 73' lang='lat' dir='ltr'><strong>a&#39;on&#39;au</strong></span> <span class='ocrx_word' id='word_1_611' title='bbox 2517 3521 2565 3571; x_wconf 82' lang='grc' dir='ltr'>οἱ</span> <span class='ocrx_word' id='word_1_612' title='bbox 2593 3518 2857 3592; x_wconf 81' lang='grc' dir='ltr'>Ῥωμαῖοι,</span> <span class='ocrx_word' id='word_1_613' title='bbox 2908 3525 2999 3572; x_wconf 86' lang='grc' dir='ltr'>καὶ</span> <span class='ocrx_word' id='word_1_614' title='bbox 3053 3519 3370 3574; x_wconf 78' lang='grc' dir='ltr'>ἀπολέσουσι</span> <span class='ocrx_word' id='word_1_615' title='bbox 3423 3525 3620 3586; x_wconf 80' lang='grc' dir='ltr'>πάντας</span> <span class='ocrx_word' id='word_1_616' title='bbox 3673 3529 3740 3586; x_wconf 79' lang='grc' dir='ltr'>ὡς</span> <span class='ocrx_word' id='word_1_617' title='bbox 3787 3547 3900 3580; x_wconf 87' lang='grc' dir='ltr'>κοι-</span> 
     </span>
    </p>
   </div>
   <div class='ocr_carea' id='block_1_89' title="bbox 2279 3605 3416 3683">
    <p class='ocr_par' dir='ltr' id='par_1_89' title="bbox 2279 3605 3416 3683">
     <span class='ocr_line' id='line_1_89' title="bbox 2279 3605 3416 3683; baseline 0.005 -25"><span class='ocrx_word' id='word_1_618' title='bbox 2279 3611 2469 3670; x_wconf 80' lang='grc' dir='ltr'>νωνούς</span> <span class='ocrx_word' id='word_1_619' title='bbox 2498 3615 2589 3670; x_wconf 80' lang='grc' dir='ltr'>τῆς</span> <span class='ocrx_word' id='word_1_620' title='bbox 2618 3605 2923 3683; x_wconf 84' lang='grc' dir='ltr'>τυραννίδος</span> <span class='ocrx_word' id='word_1_621' title='bbox 2947 3614 3038 3661; x_wconf 84' lang='grc' dir='ltr'>καὶ</span> <span class='ocrx_word' id='word_1_622' title='bbox 3073 3608 3416 3672; x_wconf 85' lang='grc' dir='ltr'>ἀποστασίας.</span> 
     </span>
    </p>
   </div>
   <div class='ocr_carea' id='block_1_90' title="bbox 2353 3786 3885 3860">
    <p class='ocr_par' dir='ltr' id='par_1_90' title="bbox 2353 3786 3885 3860">
     <span class='ocr_line' id='line_1_90' title="bbox 2353 3786 3885 3860; baseline 0.005 -21"><span class='ocrx_word' id='word_1_623' title='bbox 2353 3790 2454 3839; x_wconf 81' lang='grc' dir='ltr'><strong>Καὶ</strong></span> <span class='ocrx_word' id='word_1_624' title='bbox 2504 3791 2607 3859; x_wconf 78' lang='grc' dir='ltr'><strong>μην</strong></span> <span class='ocrx_word' id='word_1_625' title='bbox 2660 3786 2814 3849; x_wconf 80' lang='grc' dir='ltr'>αὐτὸς</span> <span class='ocrx_word' id='word_1_626' title='bbox 2885 3790 2975 3859; x_wconf 68' lang='grc' dir='ltr'><strong>μεν</strong></span> <span class='ocrx_word' id='word_1_627' title='bbox 3037 3786 3363 3841; x_wconf 86' lang='grc' dir='ltr'>ἀποστασίαν</span> <span class='ocrx_word' id='word_1_628' title='bbox 3431 3789 3526 3841; x_wconf 68' lang='grc' dir='ltr'>οὐκ</span> <span class='ocrx_word' id='word_1_629' title='bbox 3611 3789 3885 3860; x_wconf 75' lang='grc' dir='ltr'>ἐδίδαξεν,</span> 
     </span>
    </p>
   </div>
   <div class='ocr_carea' id='block_1_91' title="bbox 2279 3874 3881 3956">
    <p class='ocr_par' dir='ltr' id='par_1_91' title="bbox 2279 3874 3881 3956">
     <span class='ocr_line' id='line_1_91' title="bbox 2279 3874 3881 3956; baseline 0.006 -30"><span class='ocrx_word' id='word_1_630' title='bbox 2279 3874 2408 3926; x_wconf 80' lang='grc' dir='ltr'><strong>ἀλλά</strong></span> <span class='ocrx_word' id='word_1_631' title='bbox 2435 3880 2525 3927; x_wconf 82' lang='grc' dir='ltr'>καὶ</span> <span class='ocrx_word' id='word_1_632' title='bbox 2569 3875 2758 3947; x_wconf 85' lang='grc' dir='ltr'>μᾶλλον</span> <span class='ocrx_word' id='word_1_633' title='bbox 2798 3875 3044 3950; x_wconf 73' lang='grc' dir='ltr'>ἐπέτρεψε</span> <span class='ocrx_word' id='word_1_634' title='bbox 3070 3885 3263 3936; x_wconf 80' lang='grc' dir='ltr'>κῆνσον</span> <span class='ocrx_word' id='word_1_635' title='bbox 3306 3875 3592 3930; x_wconf 81' lang='grc' dir='ltr'>ἀποδουναι</span> <span class='ocrx_word' id='word_1_636' title='bbox 3631 3887 3881 3956; x_wconf 72' lang='grc' dir='ltr'>Καίσαρι,</span> 
     </span>
    </p>
   </div>
   <div class='ocr_carea' id='block_1_92' title="bbox 2277 3962 3880 4041">
    <p class='ocr_par' dir='ltr' id='par_1_92' title="bbox 2277 3962 3880 4041">
     <span class='ocr_line' id='line_1_92' title="bbox 2277 3962 3880 4041; baseline 0.007 -28"><span class='ocrx_word' id='word_1_637' title='bbox 2277 3968 2366 4014; x_wconf 83' lang='grc' dir='ltr'>καὶ</span> <span class='ocrx_word' id='word_1_638' title='bbox 2422 3962 2748 4037; x_wconf 75' lang='grc' dir='ltr'>βουλομένων</span> <span class='ocrx_word' id='word_1_639' title='bbox 2805 3973 2904 4016; x_wconf 88' lang='grc' dir='ltr'><strong>τῶν</strong></span> <span class='ocrx_word' id='word_1_640' title='bbox 2953 3965 3126 4037; x_wconf 79' lang='grc' dir='ltr'>ὄχλων</span> <span class='ocrx_word' id='word_1_641' title='bbox 3178 3976 3400 4026; x_wconf 83' lang='grc' dir='ltr'>ποιῆσαι</span> <span class='ocrx_word' id='word_1_642' title='bbox 3444 3968 3602 4020; x_wconf 78' lang='grc' dir='ltr'>αύτόν</span> <span class='ocrx_word' id='word_1_643' title='bbox 3635 3967 3880 4041; x_wconf 72' lang='grc' dir='ltr'>βασιλέα,</span> 
     </span>
    </p>
   </div>
   <div class='ocr_carea' id='block_1_93' title="bbox 2278 4052 3879 4132">
    <p class='ocr_par' dir='ltr' id='par_1_93' title="bbox 2278 4052 3879 4132">
     <span class='ocr_line' id='line_1_93' title="bbox 2278 4052 3879 4132; baseline 0.006 -30"><span class='ocrx_word' id='word_1_644' title='bbox 2278 4054 2452 4124; x_wconf 73' lang='grc' dir='ltr'>ἔφυγε,</span> <span class='ocrx_word' id='word_1_645' title='bbox 2499 4059 2588 4105; x_wconf 84' lang='grc' dir='ltr'>καὶ</span> <span class='ocrx_word' id='word_1_646' title='bbox 2668 4052 2875 4113; x_wconf 71' lang='grc' dir='ltr'>εὐτελῶς</span> <span class='ocrx_word' id='word_1_647' title='bbox 2937 4059 3279 4128; x_wconf 83' lang='grc' dir='ltr'>περιήρχετο,</span> <span class='ocrx_word' id='word_1_648' title='bbox 3338 4061 3428 4108; x_wconf 84' lang='grc' dir='ltr'>καὶ</span> <span class='ocrx_word' id='word_1_649' title='bbox 3495 4055 3613 4129; x_wconf 84' lang='grc' dir='ltr'>βίον</span> <span class='ocrx_word' id='word_1_650' title='bbox 3665 4061 3879 4132; x_wconf 78' lang='grc' dir='ltr'>ἄριστον</span> 
     </span>
    </p>
   </div>
   <div class='ocr_carea' id='block_1_94' title="bbox 2278 4139 3873 4220">
    <p class='ocr_par' dir='ltr' id='par_1_94' title="bbox 2278 4139 3873 4220">
     <span class='ocr_line' id='line_1_94' title="bbox 2278 4139 3873 4220; baseline 0.006 -29"><span class='ocrx_word' id='word_1_651' title='bbox 2278 4141 2565 4207; x_wconf 78' lang='grc' dir='ltr'>ὑπετίθετο,</span> <span class='ocrx_word' id='word_1_652' title='bbox 2631 4141 2759 4213; x_wconf 83' lang='grc' dir='ltr'>άπερ</span> <span class='ocrx_word' id='word_1_653' title='bbox 2820 4139 3086 4214; x_wconf 82' lang='grc' dir='ltr'>ἀναίρεσίς</span> <span class='ocrx_word' id='word_1_654' title='bbox 3133 4143 3246 4196; x_wconf 73' lang='grc' dir='ltr'>ἔστι</span> <span class='ocrx_word' id='word_1_655' title='bbox 3293 4144 3482 4217; x_wconf 82' lang='grc' dir='ltr'>μᾶλλον</span> <span class='ocrx_word' id='word_1_656' title='bbox 3549 4144 3873 4220; x_wconf 83' lang='grc' dir='ltr'>τυραννίδος.</span> 
     </span>
    </p>
   </div>
   <div class='ocr_carea' id='block_1_95' title="bbox 2277 4227 3876 4307">
    <p class='ocr_par' dir='ltr' id='par_1_95' title="bbox 2277 4227 3876 4307">
     <span class='ocr_line' id='line_1_95' title="bbox 2277 4227 3876 4307; baseline 0.006 -28"><span class='ocrx_word' id='word_1_657' title='bbox 2277 4227 2460 4301; x_wconf 72' lang='grc' dir='ltr'><strong>[Αὐτοὶ</strong></span> <span class='ocrx_word' id='word_1_658' title='bbox 2490 4230 2605 4301; x_wconf 77' lang='grc'><strong>(44)</strong></span> <span class='ocrx_word' id='word_1_659' title='bbox 2637 4227 2716 4296; x_wconf 76' lang='grc' dir='ltr'><strong>δε,</strong></span> <span class='ocrx_word' id='word_1_660' title='bbox 2750 4230 2794 4282; x_wconf 84' lang='grc' dir='ltr'>εἰ</span> <span class='ocrx_word' id='word_1_661' title='bbox 2846 4235 2936 4283; x_wconf 79' lang='grc' dir='ltr'>καὶ</span> <span class='ocrx_word' id='word_1_662' title='bbox 2967 4236 3038 4303; x_wconf 75' lang='grc' dir='ltr'>μὴ</span> <span class='ocrx_word' id='word_1_663' title='bbox 3091 4229 3506 4307; x_wconf 83' lang='grc' dir='ltr'>προσδοκῶντες,</span> <span class='ocrx_word' id='word_1_664' title='bbox 3532 4233 3638 4285; x_wconf 84' lang='grc' dir='ltr'>ἀλλ’</span> <span class='ocrx_word' id='word_1_665' title='bbox 3670 4235 3723 4286; x_wconf 79' lang='grc' dir='ltr'>ἐκ</span> <span class='ocrx_word' id='word_1_666' title='bbox 3758 4238 3876 4307; x_wconf 70' lang='grc' dir='ltr'>φθόο</span> 
     </span>
    </p>
   </div>
   <div class='ocr_carea' id='block_1_96' title="bbox 2276 4319 3870 4396">
    <p class='ocr_par' dir='ltr' id='par_1_96' title="bbox 2276 4319 3870 4396">
     <span class='ocr_line' id='line_1_96' title="bbox 2276 4319 3870 4396; baseline 0.004 -27"><span class='ocrx_word' id='word_1_667' title='bbox 2276 4337 2364 4369; x_wconf 91' lang='grc' dir='ltr'><strong>νου</strong></span> <span class='ocrx_word' id='word_1_668' title='bbox 2411 4324 2829 4392; x_wconf 75' lang='grc' dir='ltr'>προεφασίσαντο</span> <span class='ocrx_word' id='word_1_669' title='bbox 2899 4325 2992 4378; x_wconf 67' lang='grc' dir='ltr'>τὴν</span> <span class='ocrx_word' id='word_1_670' title='bbox 3061 4319 3325 4392; x_wconf 81' lang='grc' dir='ltr'>Ῥωμαίων</span> <span class='ocrx_word' id='word_1_671' title='bbox 3392 4320 3666 4388; x_wconf 81' lang='grc' dir='ltr'>ἀπώλειαν,</span> <span class='ocrx_word' id='word_1_672' title='bbox 3738 4326 3870 4396; x_wconf 77' lang='grc' dir='ltr'>ὅμως</span> 
     </span>
    </p>
   </div>
   <div class='ocr_carea' id='block_1_97' title="bbox 2277 4407 3867 4484">
    <p class='ocr_par' dir='ltr' id='par_1_97' title="bbox 2277 4407 3867 4484">
     <span class='ocr_line' id='line_1_97' title="bbox 2277 4407 3867 4484; baseline 0.004 -25"><span class='ocrx_word' id='word_1_673' title='bbox 2277 4408 2591 4459; x_wconf 79' lang='grc' dir='ltr'>πεπόνθασιν</span> <span class='ocrx_word' id='word_1_674' title='bbox 2648 4407 2683 4458; x_wconf 84' lang='grc' dir='ltr'><em>ἃ</em></span> <span class='ocrx_word' id='word_1_675' title='bbox 2727 4413 3186 4482; x_wconf 69' lang='grc' dir='ltr'>προεφασίσαντοθ</span> <span class='ocrx_word' id='word_1_676' title='bbox 3234 4410 3293 4462; x_wconf 84' lang='grc' dir='ltr'><strong>ού</strong></span> <span class='ocrx_word' id='word_1_677' title='bbox 3325 4407 3467 4463; x_wconf 83' lang='grc' dir='ltr'>διότι</span> <span class='ocrx_word' id='word_1_678' title='bbox 3520 4409 3775 4465; x_wconf 71' lang='grc' dir='ltr'>ἐπείθοντο</span> <span class='ocrx_word' id='word_1_679' title='bbox 3803 4423 3867 4484; x_wconf 74' lang='grc' dir='ltr'>τῷ</span> 
     </span>
    </p>
   </div>
   <div class='ocr_carea' id='block_1_98' title="bbox 2279 4493 3859 4575">
    <p class='ocr_par' dir='ltr' id='par_1_98' title="bbox 2279 4493 3859 4575">
     <span class='ocr_line' id='line_1_98' title="bbox 2279 4493 3859 4575; baseline 0.003 -27"><span class='ocrx_word' id='word_1_680' title='bbox 2279 4503 2513 4570; x_wconf 77' lang='grc' dir='ltr'>Χριστῷ,</span> <span class='ocrx_word' id='word_1_681' title='bbox 2566 4494 2693 4548; x_wconf 78' lang='grc' dir='ltr'>ἀλλὰ</span> <span class='ocrx_word' id='word_1_682' title='bbox 2742 4493 2880 4550; x_wconf 82' lang='grc' dir='ltr'>διότι</span> <span class='ocrx_word' id='word_1_683' title='bbox 2932 4497 3027 4549; x_wconf 71' lang='grc' dir='ltr'>οὐκ</span> <span class='ocrx_word' id='word_1_684' title='bbox 3088 4496 3368 4554; x_wconf 73' lang='grc' dir='ltr'>ἕπείθοντο.</span> <span class='ocrx_word' id='word_1_685' title='bbox 3417 4499 3494 4553; x_wconf 83' lang='grc' dir='ltr'><strong>Δι’</strong></span> <span class='ocrx_word' id='word_1_686' title='bbox 3537 4499 3722 4553; x_wconf 70' lang='grc' dir='ltr'>ἐκεῖνον</span> <span class='ocrx_word' id='word_1_687' title='bbox 3773 4506 3859 4575; x_wconf 67' lang='grc' dir='ltr'>γὰρ</span> 
     </span>
    </p>
   </div>
   <div class='ocr_carea' id='block_1_99' title="bbox 2278 4579 3848 4664">
    <p class='ocr_par' dir='ltr' id='par_1_99' title="bbox 2278 4579 3848 4664">
     <span class='ocr_line' id='line_1_99' title="bbox 2278 4579 3848 4664; baseline 0.003 -29"><span class='ocrx_word' id='word_1_688' title='bbox 2278 4579 2663 4656; x_wconf 80' lang='grc' dir='ltr'>προεδόθησαν,</span> <span class='ocrx_word' id='word_1_689' title='bbox 2719 4588 2783 4646; x_wconf 83' lang='grc' dir='ltr'>ὡς</span> <span class='ocrx_word' id='word_1_690' title='bbox 2834 4591 2924 4638; x_wconf 80' lang='grc' dir='ltr'>καὶ</span> <span class='ocrx_word' id='word_1_691' title='bbox 2981 4586 3234 4648; x_wconf 81' lang='grc' dir='ltr'>Ἰώσηπος</span> <span class='ocrx_word' id='word_1_692' title='bbox 3281 4587 3394 4659; x_wconf 72' lang='grc'><strong>(45)</strong></span> <span class='ocrx_word' id='word_1_693' title='bbox 3450 4598 3717 4664; x_wconf 82' lang='grc' dir='ltr'>μαρτυρεῖ.</span> <span class='ocrx_word' id='word_1_694' title='bbox 3769 4598 3848 4642; x_wconf 68' lang='grc' dir='ltr'>Καὶ</span> 
     </span>
    </p>
   </div>
   <div class='ocr_carea' id='block_1_100' title="bbox 2279 4671 3835 4750">
    <p class='ocr_par' dir='ltr' id='par_1_100' title="bbox 2279 4671 3835 4750">
     <span class='ocr_line' id='line_1_100' title="bbox 2279 4671 3835 4750; baseline 0.003 -28"><span class='ocrx_word' id='word_1_695' title='bbox 2279 4671 2426 4724; x_wconf 77' lang='grc' dir='ltr'>αὐτοὶ</span> <span class='ocrx_word' id='word_1_696' title='bbox 2466 4676 2556 4744; x_wconf 71' lang='grc' dir='ltr'><strong>μεν</strong></span> <span class='ocrx_word' id='word_1_697' title='bbox 2603 4675 3017 4747; x_wconf 80' lang='grc' dir='ltr'>προεφασίςοντο</span> <span class='ocrx_word' id='word_1_698' title='bbox 3057 4673 3245 4729; x_wconf 83' lang='grc' dir='ltr'>ἀνελεῖν</span> <span class='ocrx_word' id='word_1_699' title='bbox 3291 4676 3469 4742; x_wconf 75' lang='grc' dir='ltr'>αὐτόν,</span> <span class='ocrx_word' id='word_1_700' title='bbox 3528 4681 3612 4731; x_wconf 80' lang='grc' dir='ltr'>ἵνα</span> <span class='ocrx_word' id='word_1_701' title='bbox 3651 4683 3713 4750; x_wconf 74' lang='grc' dir='ltr'>μὲ</span> <span class='ocrx_word' id='word_1_702' title='bbox 3753 4677 3835 4738; x_wconf 65' lang='lat' dir='ltr'><strong>i59-</strong></span> 
     </span>
    </p>
   </div>
   <div class='ocr_carea' id='block_1_101' title="bbox 2277 4760 3230 4835">
    <p class='ocr_par' dir='ltr' id='par_1_101' title="bbox 2277 4760 3230 4835">
     <span class='ocr_line' id='line_1_101' title="bbox 2277 4760 3230 4835; baseline 0.004 -24"><span class='ocrx_word' id='word_1_703' title='bbox 2277 4760 2623 4834; x_wconf 84' lang='grc' dir='ltr'>λοθρευθῶσιν</span> <span class='ocrx_word' id='word_1_704' title='bbox 2708 4763 2808 4814; x_wconf 74' lang='grc' dir='ltr'><strong>ὑπὸ</strong></span> <span class='ocrx_word' id='word_1_705' title='bbox 2891 4762 3156 4835; x_wconf 75' lang='grc' dir='ltr'>Ῥωμαίων</span> <span class='ocrx_word' id='word_1_706' title='bbox 3217 4779 3230 4793; x_wconf 81' lang='grc'><strong><em>⁸</em></strong></span> 
     </span>
    </p>
   </div>
   <div class='ocr_carea' id='block_1_102' title="bbox 2279 4847 3852 4929">
    <p class='ocr_par' dir='ltr' id='par_1_102' title="bbox 2279 4847 3852 4929">
     <span class='ocr_line' id='line_1_102' title="bbox 2279 4847 3852 4929; baseline 0.004 -29"><span class='ocrx_word' id='word_1_707' title='bbox 2279 4847 2726 4924; x_wconf 82' lang='grc' dir='ltr'>ἐξωλοθρεύθησαν</span> <span class='ocrx_word' id='word_1_708' title='bbox 2761 4869 2773 4881; x_wconf 81' lang='lat'><strong><em>°</em></strong></span> <span class='ocrx_word' id='word_1_709' title='bbox 2805 4857 2894 4904; x_wconf 86' lang='grc' dir='ltr'>καὶ</span> <span class='ocrx_word' id='word_1_710' title='bbox 2949 4853 3103 4926; x_wconf 77' lang='grc' dir='ltr'>ἅπερ,</span> <span class='ocrx_word' id='word_1_711' title='bbox 3156 4855 3224 4914; x_wconf 84' lang='grc' dir='ltr'>ὡς</span> <span class='ocrx_word' id='word_1_712' title='bbox 3279 4849 3672 4928; x_wconf 77' lang='grc' dir='ltr'>διαφευξόμενοι</span> <span class='ocrx_word' id='word_1_713' title='bbox 3719 4858 3852 4929; x_wconf 66' lang='grc' dir='ltr'>ἕτεραι</span> 
     </span>
    </p>
   </div>
   <div class='ocr_carea' id='block_1_103' title="bbox 2280 4936 3498 5017">
    <p class='ocr_par' dir='ltr' id='par_1_103' title="bbox 2280 4936 3498 5017">
     <span class='ocr_line' id='line_1_103' title="bbox 2280 4936 3498 5017; baseline 0.006 -28"><span class='ocrx_word' id='word_1_714' title='bbox 2280 4937 2390 5006; x_wconf 81' lang='grc' dir='ltr'>ξαν,</span> <span class='ocrx_word' id='word_1_715' title='bbox 2421 4945 2604 5005; x_wconf 73' lang='grc' dir='ltr'>ταῦτα,</span> <span class='ocrx_word' id='word_1_716' title='bbox 2633 4936 2813 4999; x_wconf 70' lang='grc' dir='ltr'>ἐπειδὴ</span> <span class='ocrx_word' id='word_1_717' title='bbox 2839 4940 3082 5015; x_wconf 79' lang='grc' dir='ltr'>ἔπραξαν,</span> <span class='ocrx_word' id='word_1_718' title='bbox 3111 4940 3170 4994; x_wconf 79' lang='grc' dir='ltr'><strong>όύ</strong></span> <span class='ocrx_word' id='word_1_719' title='bbox 3202 4937 3238 4994; x_wconf 88' lang='grc' dir='ltr'><strong>δ</strong></span> <span class='ocrx_word' id='word_1_720' title='bbox 3241 4942 3498 5017; x_wconf 56' lang='lat' dir='ltr'><strong>tigno-709.]</strong></span> 
     </span>
    </p>
   </div>
   <div class='ocr_carea' id='block_1_104' title="bbox 3318 4763 3841 4832">
    <p class='ocr_par' dir='ltr' id='par_1_104' title="bbox 3318 4763 3841 4832">
     <span class='ocr_line' id='line_1_104' title="bbox 3318 4763 3841 4832; baseline 0 -17"><span class='ocrx_word' id='word_1_721' title='bbox 3318 4763 3428 4818; x_wconf 78' lang='grc' dir='ltr'>ἐπεὶ</span> <span class='ocrx_word' id='word_1_722' title='bbox 3531 4764 3592 4820; x_wconf 80' lang='grc' dir='ltr'><strong>δε</strong></span> <span class='ocrx_word' id='word_1_723' title='bbox 3659 4764 3841 4832; x_wconf 67' lang='grc' dir='ltr'>ἀνεῖλον,</span> 
     </span>
    </p>
   </div>
   <div class='ocr_carea' id='block_1_105' title="bbox 2350 5125 3697 5216">
    <p class='ocr_par' dir='ltr' id='par_1_105' title="bbox 2350 5125 3697 5216">
     <span class='ocr_line' id='line_1_105' title="bbox 2350 5125 3697 5216; baseline 0.006 -28"><span class='ocrx_word' id='word_1_724' title='bbox 2350 5125 2434 5196; x_wconf 81' lang='grc' dir='ltr'><strong>Εἷς</strong></span> <span class='ocrx_word' id='word_1_725' title='bbox 2466 5166 2520 5175; x_wconf 95' lang='grc'><strong>-</strong></span> <span class='ocrx_word' id='word_1_726' title='bbox 2549 5138 2804 5210; x_wconf 79' lang='grc' dir='ltr'>Καϊάφας.</span> <span class='ocrx_word' id='word_1_727' title='bbox 2831 5137 3266 5213; x_wconf 79' lang='grc' dir='ltr'>Ὀνομαζόμενος,</span> <span class='ocrx_word' id='word_1_728' title='bbox 3297 5136 3334 5194; x_wconf 90' lang='grc' dir='ltr'><strong>δ</strong></span> <span class='ocrx_word' id='word_1_729' title='bbox 3337 5139 3542 5200; x_wconf 86' lang='grc' dir='ltr'>ηλονότι</span> 
     </span>
    </p>
   </div>
   <div class='ocr_carea' id='block_1_106' title="bbox 1719 5380 2634 5454">
    <p class='ocr_par' dir='ltr' id='par_1_106' title="bbox 1719 5380 2634 5454">
     <span class='ocr_line' id='line_1_106' title="bbox 1719 5380 2634 5454; baseline 0.003 -5"><span class='ocrx_word' id='word_1_730' title='bbox 1719 5380 1941 5450; x_wconf 79' lang='lat' dir='ltr'><strong>Variae</strong></span> <span class='ocrx_word' id='word_1_731' title='bbox 1971 5380 2299 5452; x_wconf 89' lang='lat' dir='ltr'><strong>lectiones</strong></span> <span class='ocrx_word' id='word_1_732' title='bbox 2334 5394 2399 5453; x_wconf 87' lang='lat' dir='ltr'><strong>et</strong></span> <span class='ocrx_word' id='word_1_733' title='bbox 2430 5393 2634 5454; x_wconf 65' lang='lat' dir='ltr'><strong>nolee.</strong></span> 
     </span>
    </p>
   </div>
   <div class='ocr_carea' id='block_1_107' title="bbox 614 5513 1280 5588">
    <p class='ocr_par' dir='ltr' id='par_1_107' title="bbox 614 5513 1280 5588">
     <span class='ocr_line' id='line_1_107' title="bbox 614 5513 1280 5588; baseline 0.002 0"><span class='ocrx_word' id='word_1_734' title='bbox 614 5513 703 5588; x_wconf 59' lang='lat'><strong>43)</strong></span> <span class='ocrx_word' id='word_1_735' title='bbox 733 5514 1184 5588; x_wconf 60' lang='grc' dir='ltr'>βερρεργάσῳνται</span> <span class='ocrx_word' id='word_1_736' title='bbox 1211 5519 1280 5588; x_wconf 24' lang='grc' dir='ltr'>Α..</span> 
     </span>
    </p>
   </div>
   <div class='ocr_carea' id='block_1_108' title="bbox 587 5513 1308 5738">
    <p class='ocr_par' dir='ltr' id='par_1_108' title="bbox 587 5513 1308 5738">
     <span class='ocr_line' id='line_1_108' title="bbox 614 5513 1280 5654; baseline 0.002 -87"><span class='ocrx_word' id='word_1_737' title='bbox 614 5513 703 5654; x_wconf 53' lang='grc' dir='ltr'><strong>43ζ</strong></span> <span class='ocrx_word' id='word_1_738' title='bbox 733 5514 1184 5588; x_wconf 78' lang='grc' dir='ltr'>Περίεργάσωνται</span> <span class='ocrx_word' id='word_1_739' title='bbox 1211 5519 1280 5572; x_wconf 81' lang='grc' dir='ltr'>Α.</span> 
     </span>
     <span class='ocr_line' id='line_1_109' title="bbox 611 5583 1308 5641; baseline 0.001 -4"><span class='ocrx_word' id='word_1_740' title='bbox 611 5587 677 5638; x_wconf 75' lang='grc'><strong>44</strong></span> <span class='ocrx_word' id='word_1_741' title='bbox 733 5584 967 5640; x_wconf 87' lang='lat' dir='ltr'><strong>Inclusa</strong></span> <span class='ocrx_word' id='word_1_742' title='bbox 997 5583 1216 5641; x_wconf 86' lang='lat' dir='ltr'><strong>absunt</strong></span> <span class='ocrx_word' id='word_1_743' title='bbox 1243 5587 1308 5640; x_wconf 88' lang='lat' dir='ltr'><strong>A.</strong></span> 
     </span>
     <span class='ocr_line' id='line_1_110' title="bbox 587 5513 1308 5738; baseline 0.001 -27"><span class='ocrx_word' id='word_1_744' title='bbox 587 5513 700 5738; x_wconf 48' lang='lat'><strong>£45)</strong></span> <span class='ocrx_word' id='word_1_745' title='bbox 734 5655 876 5713; x_wconf 84' lang='lat' dir='ltr'><strong>Vide</strong></span> <span class='ocrx_word' id='word_1_746' title='bbox 902 5672 1084 5730; x_wconf 84' lang='lat' dir='ltr'><strong>supra</strong></span> <span class='ocrx_word' id='word_1_747' title='bbox 1113 5656 1191 5714; x_wconf 86' lang='lat' dir='ltr'><strong>ad</strong></span> <span class='ocrx_word' id='word_1_748' title='bbox 1221 5673 1308 5730; x_wconf 81' lang='lat' dir='ltr'><strong>ca]</strong></span> 
     </span>
    </p>
   </div>
   <div class='ocr_carea' id='block_1_109' title="bbox 610 5655 1838 5730">
    <p class='ocr_par' dir='ltr' id='par_1_109' title="bbox 610 5655 1838 5730">
     <span class='ocr_line' id='line_1_111' title="bbox 610 5655 1838 5730; baseline 0.001 -18"><span class='ocrx_word' id='word_1_749' title='bbox 610 5655 700 5728; x_wconf 68' lang='grc'><strong>45)</strong></span> <span class='ocrx_word' id='word_1_750' title='bbox 734 5655 876 5713; x_wconf 84' lang='lat' dir='ltr'><strong>Vide</strong></span> <span class='ocrx_word' id='word_1_751' title='bbox 902 5672 1084 5730; x_wconf 84' lang='lat' dir='ltr'><strong>supra</strong></span> <span class='ocrx_word' id='word_1_752' title='bbox 1113 5656 1191 5714; x_wconf 87' lang='lat' dir='ltr'><strong>ad</strong></span> <span class='ocrx_word' id='word_1_753' title='bbox 1221 5672 1354 5730; x_wconf 92' lang='lat' dir='ltr'><strong>cap.</strong></span> <span class='ocrx_word' id='word_1_754' title='bbox 1387 5655 1531 5726; x_wconf 83' lang='lat' dir='ltr'><strong>VIII,</strong></span> <span class='ocrx_word' id='word_1_755' title='bbox 1563 5673 1716 5718; x_wconf 82' lang='lat' dir='ltr'><strong>vers.</strong></span> <span class='ocrx_word' id='word_1_756' title='bbox 1749 5659 1838 5715; x_wconf 83' lang='lat'><strong>28.</strong></span> 
     </span>
    </p>
   </div>
   <div class='ocr_carea' id='block_1_110' title="bbox 2340 5519 3856 5599">
    <p class='ocr_par' dir='ltr' id='par_1_110' title="bbox 2340 5519 3856 5599">
     <span class='ocr_line' id='line_1_112' title="bbox 2340 5519 3856 5599; baseline 0.009 -25"><span class='ocrx_word' id='word_1_757' title='bbox 2340 5520 2456 5599; x_wconf 48' lang='grc' dir='ltr'><strong>(ἢ)</strong></span> <span class='ocrx_word' id='word_1_758' title='bbox 2478 5521 2528 5599; x_wconf 70' lang='grc' dir='ltr'>ρ</span> <span class='ocrx_word' id='word_1_759' title='bbox 2531 5519 2727 5599; x_wconf 80' lang='lat' dir='ltr'><strong>missis</strong></span> <span class='ocrx_word' id='word_1_760' title='bbox 2745 5520 2836 5577; x_wconf 88' lang='lat' dir='ltr'><strong>his</strong></span> <span class='ocrx_word' id='word_1_761' title='bbox 2863 5520 3458 5599; x_wconf 70' lang='lat' dir='ltr'><strong>duobusvocabulis,</strong></span> <span class='ocrx_word' id='word_1_762' title='bbox 3484 5529 3708 5599; x_wconf 81' lang='lat' dir='ltr'><strong>textum</strong></span> <span class='ocrx_word' id='word_1_763' title='bbox 3728 5544 3856 5587; x_wconf 83' lang='lat' dir='ltr'><strong>con-</strong></span> 
     </span>
    </p>
   </div>
   <div class='ocr_carea' id='block_1_111' title="bbox 2265 5590 3854 5662">
    <p class='ocr_par' dir='ltr' id='par_1_111' title="bbox 2265 5590 3854 5662">
     <span class='ocr_line' id='line_1_113' title="bbox 2265 5590 3854 5662; baseline 0.009 -17"><span class='ocrx_word' id='word_1_764' title='bbox 2265 5590 2466 5662; x_wconf 86' lang='lat' dir='ltr'><strong>junxit</strong></span> <span class='ocrx_word' id='word_1_765' title='bbox 2488 5594 2830 5648; x_wconf 86' lang='lat' dir='ltr'><strong>Hentenius.</strong></span> <span class='ocrx_word' id='word_1_766' title='bbox 2865 5595 3082 5651; x_wconf 90' lang='lat' dir='ltr'><strong>Eorum</strong></span> <span class='ocrx_word' id='word_1_767' title='bbox 3113 5595 3247 5652; x_wconf 88' lang='lat' dir='ltr'><strong>loco</strong></span> <span class='ocrx_word' id='word_1_768' title='bbox 3277 5590 3476 5654; x_wconf 77' lang='lat' dir='ltr'><strong>autem</strong></span> <span class='ocrx_word' id='word_1_769' title='bbox 3507 5598 3569 5655; x_wconf 89' lang='lat' dir='ltr'><strong>in</strong></span> <span class='ocrx_word' id='word_1_770' title='bbox 3590 5605 3854 5660; x_wconf 84' lang='lat' dir='ltr'><strong>contextu</strong></span> 
     </span>
    </p>
   </div>
   <div class='ocr_carea' id='block_1_112' title="bbox 2271 5663 3306 5738">
    <p class='ocr_par' dir='ltr' id='par_1_112' title="bbox 2271 5663 3306 5738">
     <span class='ocr_line' id='line_1_114' title="bbox 2271 5663 3306 5738; baseline 0.007 -18"><span class='ocrx_word' id='word_1_771' title='bbox 2271 5668 2407 5736; x_wconf 88' lang='lat' dir='ltr'><strong>post</strong></span> <span class='ocrx_word' id='word_1_772' title='bbox 2435 5663 2757 5738; x_wconf 87' lang='lat' dir='ltr'><strong>Caiaphas,</strong></span> <span class='ocrx_word' id='word_1_773' title='bbox 2791 5663 3024 5722; x_wconf 87' lang='lat' dir='ltr'><strong>addidit</strong></span> <span class='ocrx_word' id='word_1_774' title='bbox 3047 5665 3306 5726; x_wconf 84' lang='lat' dir='ltr'><strong>nomine.</strong></span> 
     </span>
    </p>
   </div>
  </div>
