4130 6320
159 251 189 310 1
204 252 347 311 353

1177 240 1545 305 COMMENT.
1593 249 1657 305 ΙΝ
1696 241 2049 306 JOANNEM.
2089 282 2156 291 -—
2196 237 2352 306 CAP.
2394 242 2488 304 Xl.

3440 242 3574 303 1354

256 380 591 455 Ἀρχιερεὺς
676 375 741 427 ὢν
805 383 895 428 τοῦ
972 378 1207 427 ενιαυτοῦ
1293 374 1505 426 ἐκείνου.
1586 373 1799 436 Ἐξοκει-

1990 375 2151 431 Vers.
2186 378 2273 430 49.
2308 375 2456 430 Cum
2478 379 2619 429 esset
2644 372 2927 443 Pontifex
2947 370 3096 430 anm‘
3118 372 3309 428 illius.
3342 372 3488 426 Cum
3514 372 3575 426 in

158 468 404 521 λάυτων
443 472 542 541 γὰρ
596 468 666 527 εὶς
709 470 1050 540 παρανομίας,
1084 467 1108 516 ό
1159 460 1439 535 δυνάμενος
1485 463 1808 515 ἐνιαυσιαίαν

163 559 388 610 ὠνεῖτο
436 561 529 615 τήν
586 555 983 630 ἀρχιερωσύνην
1047 552 1147 605 ἀπὸ
1219 561 1317 604 τῶν
1389 552 1670 625 Ῥωμαίων,
1721 558 1810 604 καὶ

166 648 368 709 αὐτὸς
408 650 496 719 μὲν
546 643 708 719 ἦρχεν
766 644 813 695 ἐν
859 652 930 714 τῷ
962 642 1176 712 ἐνιαυτῷ
1207 642 1388 707 αὐτοῦ,
1428 644 1477 693 οἱ
1523 646 1618 711 πρὸ
1652 641 1810 692 αὑτοῦ

167 733 247 788 δε
315 732 640 808 συνήδρευον
689 738 779 785 καὶ
834 734 945 805 (47)
999 730 1357 784 συνεϐούλευον
1412 730 1569 800 αὐτῷ,
1627 730 1811 781 καλού-

168 844 350 896 μενοι
382 829 472 875 καὶ
502 822 649 874 αὐτοὶ
676 823 958 896 ἀρχιερεῖς,
989 825 1055 881 ὡς
1084 826 1175 871 καὶ
1204 820 1351 871 αὐτοὶ
1374 818 1814 892 ἀρχιερατεύσαν-

168 933 295 974 τες.
332 912 488 985 [Περὶ
520 912 635 982 (48)
666 911 733 961 ὧν
764 915 852 961 καὶ
890 909 937 961 ἐν
968 918 1038 980 τῷ
1065 912 1195 961 κατὰ
1223 910 1489 961 Ματθαίον
1518 906 1813 977 Biar/7:).in

173 1000 639 1072 δεδηλώκαμεν.]

315 1178 338 1194 ν
604 1178 615 1195 τ
675 1182 684 1193 ,
830 1177 851 1208 _.
913 1181 921 1191 .
1138 1178 1157 1205 _.
1353 1176 1365 1189 ς
1416 1195 1432 1204 _
1614 1179 1623 1190 ,

265 1188 523 1233 Ειπεν-
561 1174 731 1231 ουδεν.
782 1174 947 1229 Ολδεν
988 1195 1265 1249 συμφιρον,
1311 1172 1463 1228 ουδιν
1518 1193 1809 1247 χρήσιμον,

177 1270 345 1324 οὕτω
386 1270 633 1343 ῥᾳθύμως
663 1264 995 1339 διακείμενοι.

270 1354 425 1409 Ούδὲ
459 1388 516 1396 -
554 1354 681 1411 εἰπε.
712 1362 899 1421 Τοῦτο,
948 1363 1094 1407 ποῖον
1132 1371 1145 1422 ;
1191 1357 1260 1407 Τὸ
1289 1353 1400 1407 Ἰνα
1435 1350 1505 1414 εἷς
1545 1354 1816 1428 ἄνθρωπος

186 1447 448 1518 ἀποθάνῃ
474 1445 599 1517 ὑπὲρ
641 1452 730 1496 τοῦ
762 1444 908 1498 λαοῦ.

283 1535 428 1591 Ἀλλ’
484 1563 547 1576 ——
593 1536 785 1594 ἔθνους.
818 1533 938 1604 Ούχ
995 1535 1063 1595 ὡς
1094 1533 1233 1595 ἄξιος
1280 1537 1675 1605 προεφήτευσεν·
1708 1530 1815 1580 ἀλλ’

194 1628 275 1687 ὡς
324 1624 604 1699 ἀρχιερεύς
635 1624 701 1672 ὢν
728 1630 817 1674 του
850 1621 1084 1673 ἐνιαυτοῦ
1134 1620 1324 1673 ἐκείνου
1352 1641 1363 1653 ’
1418 1621 1474 1671 ού
1505 1617 1576 1672 δι’
1626 1620 1816 1671 οἰκείαν

1918 464 2065 534 legis
2092 464 2628 533 transgressionem
2659 462 3047 534 impegissent
3087 461 3230 533 (dd),
3262 462 3312 516 is
3340 462 3444 531 qui
3474 476 3576 532 po-

1923 560 2048 608 tens
2061 559 2204 614 erat,
2222 569 2256 606 a
2273 552 2554 608 Romanis
2570 552 2969 624 pontificatum
2988 551 3046 606 in
3062 567 3287 607 annum
3308 549 3573 605 emebat:

1921 646 1978 697 et
2004 642 2133 713 ipse
2167 641 2413 714 quidem
2446 640 2849 712 principatum
2886 656 2993 695 suo
3025 655 3185 696 anno
3223 639 3529 694 obtinebat
3562 652 3575 691 :

1921 733 2023 802 qui
2052 746 2191 786 vero
2222 736 2358 785 ante
2390 746 2527 784 eum
2587 734 2915 795 tenuerant,
2960 728 3304 785 assidebant
3360 726 3463 791 illi,
3506 726 3578 780 si-

1923 821 2166 892 mulque
2190 837 2325 875 cum
2353 835 2423 874 eo
2466 818 2907 882 consultabant,
2957 818 3094 873 dicti
3113 823 3165 873 et
3198 817 3313 888 ipsi
3340 814 3579 887 pontiﬁ-

1924 925 2041 977 ces,
2073 909 2237 981 quod
2282 909 2457 963 etiam
2509 907 2623 980 ipsi
2672 908 3075 979 principatum
3131 905 3477 973 tenuissent,
3508 904 3581 959 de

1922 998 2144 1069 quibus
2163 998 2340 1053 etiam
2374 998 2432 1051 in
2457 996 2771 1067 Evangelio
2798 996 2971 1067 juxta
2998 994 3334 1051 Matthasum
3363 991 3585 1065 signiﬁ-

1923 1088 2195 1142 cavimus
2226 1088 2299 1143 ³³.

2000 1176 2156 1231 Vers.
2204 1179 2291 1231 49.
2343 1174 2509 1231 Dixit
2558 1206 2624 1215 —
2680 1174 3033 1247 quidquam.
3097 1172 3268 1239 Quod
3314 1171 3453 1228 utile
3485 1171 3579 1237 sit,

1923 1264 2083 1337 quod
2114 1263 2410 1336 expediat,
2454 1263 2605 1319 adeo
2633 1264 2890 1335 segniter
2928 1262 3138 1319 affecti.

1995 1354 2159 1409 Vers.
2207 1354 2295 1408 50.
2340 1353 2465 1409 Nec
2500 1383 2564 1391 —
2616 1352 2778 1407 Vers.
2840 1356 2926 1406 5t.
2979 1352 3157 1409 dixit.
3214 1353 3353 1415 Hoc,
3410 1349 3586 1422 quid-

1924 1457 2066 1497 nam
2092 1444 2119 1498 ?
2151 1443 2219 1499 Ut
2252 1458 2402 1496 unus
2434 1441 2604 1497 homo
2644 1443 2936 1497 moriatur
2959 1456 3069 1509 pro
3094 1441 3333 1510 populo.

1999 1532 2161 1585 Vers.
2193 1532 2278 1585 5t.
2302 1531 2418 1585 Sed
2446 1561 2515 1570 —
2547 1530 2806 1585 natione.
2860 1532 2987 1584 Non
3018 1528 3183 1600 quod
3236 1528 3450 1598 dignus
3499 1543 3589 1581 es-

1928 1623 2030 1682 set,
2066 1620 2419 1674 vaticinatus
2452 1624 2556 1685 est,
2584 1619 2689 1673 sed
2732 1618 2895 1689 quod
2940 1616 3201 1688 pontifex
3241 1620 3396 1671 esset
3444 1617 3587 1671 anni

196 1714 420 1786 ἀρετήν,
455 1712 582 1763 ἀλλὰ
608 1708 701 1763 διὰ
730 1715 787 1763 τὸ
820 1710 1191 1785 ἁρχιερατικον
1233 1709 1455 1781 ἀξίωμα.
1486 1707 1601 1761 Ἔτι
1645 1712 1741 1780 γὰρ
1784 1708 1813 1766 ἠ

1952 1708 2082 1763 llius
2108 1725 2121 1774 ;
2155 1724 2274 1763 non
2300 1714 2540 1779 propter
2567 1708 2871 1779 propriam
2901 1707 3198 1771 virtutem,
3224 1706 3330 1760 sed
3348 1712 3590 1777 propter

201 1806 331 1855 θεία
388 1803 548 1873 χάρις
604 1805 851 1874 παρέμενε
882 1809 953 1870 τῷ
999 1808 1124 1869 ναῷ,
1158 1801 1276 1859 ἦτίς
1304 1807 1375 1869 τῷ
1409 1802 1627 1869 στόματι
1662 1797 1818 1848 αὐτοῦ

199 1895 555 1967 χρησαμένη,
585 1887 677 1952 τής
705 1886 926 1965 καρδίας
956 1888 1060 1959 ούχ
1090 1888 1283 1958 ἣψατό.

287 2074 652 2145 Προεφήτευσε
699 2065 757 2120 δε
820 2070 899 2120 ὁτι
961 2066 1157 2139 ἔμελλεν
1229 2067 1254 2116 ό
1322 2064 1529 2125 Ἰησοῦς
1604 2062 1822 2120 ἀποθνή-

208 2179 362 2211 σκειν
424 2160 548 2231 ὑπὲρ
603 2166 692 2210 τοῦ
742 2160 917 2218 ἔθνους
976 2165 1075 2208 τῶν
1115 2152 1401 2208 Ἰουδαίων.
1450 2154 1598 2225 ’Υπὲρ
1655 2152 1822 2205 αὐτῶν

203 2252 318 2322 γὰρ
374 2247 591 2300 ἀπέθανε
633 2244 948 2307 σπουδάζων
1009 2254 1179 2297 σῶσαι
1218 2245 1402 2305 αύτούς
1437 2260 1449 2272 ·
1497 2242 1633 2313 ἔλεγε
1672 2246 1772 2315 γὰρ
1805 2256 1820 2272 ⁸

208 2337 332 2389 Οὐκ
388 2335 681 2393 ἀπεστάλην
738 2336 780 2388 εἰ
830 2340 900 2407 μὴ
972 2335 1040 2396 εἰς
1107 2336 1171 2386 τὰ
1214 2332 1452 2405 πρόϐατα
1508 2336 1573 2383 τὰ
1618 2330 1823 2383 ἀπολω-

204 2425 347 2477 λότα
390 2427 533 2477 οὶκου
603 2424 836 2499 Ἰσραὴλ.
874 2424 1002 2497 [Καὶ
1063 2423 1174 2493 (49)
1256 2422 1408 2473 πάλιν
1468 2421 1603 2490 ἔλεγε
1643 2435 1655 2446 ·
1726 2425 1825 2472 Καὶ

206 2519 311 2573 τὴν
368 2515 548 2586 ψυχήν
614 2534 713 2586 μου
781 2516 967 2585 τίθημι
1019 2513 1143 2586 ὑπὲρ
1202 2520 1299 2562 τῶν
1373 2507 1661 2583 προϐάτων·
1718 2507 1828 2560 Ἰνα

211 2601 279 2657 δὴ
342 2608 413 2675 μή
477 2599 603 2675 δόξῃ
665 2604 791 2675 ὑπὲρ
823 2602 990 2654 αὐτῶν
1043 2604 1207 2672 μόνων
1266 2597 1558 2666 ἀποθανεῖν,
1612 2600 1826 2669 προστί-

214 2696 285 2751 θη
298 2691 403 2764 σι’]

298 2786 398 2832 Καὶ
450 2812 517 2820 -
579 2783 648 2834 ἓν.
699 2780 899 2851 Ὠσπερ
953 2780 1054 2852 γὰρ
1106 2776 1496 2850 ἐνηνθρὼπησεν
1546 2774 1650 2846 οὐχ
1699 2775 1824 2848 ὑπὲρ

216 2878 324 2923 τῶν
377 2865 649 2922 Ἰουδαίων
716 2874 900 2939 μόνων,
963 2867 1089 2918 ἀλλὰ
1153 2870 1243 2917 καὶ
1294 2866 1419 2939 ὑπὲρ
1500 2872 1598 2916 τῶν
1665 2864 1827 2915 ἄλλων

220 2960 401 3011 ἐθνῶν·
454 2958 614 3018 οὕτως
667 2958 770 3029 ἄρα
826 2960 914 3007 καὶ
970 2954 1216 3007 ἀπέθανεν
1275 2954 1379 3024 οὐχ
1431 2955 1556 3026 ὑπὲρ
1630 2952 1827 3004 ἐκείνων

1928 1798 2331 1869 pontiﬁcalem
2358 1798 2732 1868 dignitatem.
2762 1796 2978 1853 Adhuc
3005 1796 3162 1850 enim
3182 1794 3381 1849 divina
3398 1795 3590 1863 gratia

1929 1886 1989 1940 in
2018 1886 2242 1958 templo
2264 1886 2679 1958 permanebat,
2712 1901 2847 1957 quae
2914 1899 3014 1939 ore
3053 1883 3209 1938 illius
3260 1890 3455 1952 utens,
3488 1897 3592 1938 cor

1929 1992 2052 2031 non
2084 1976 2292 2045 tetigit.

2003 2066 2378 2137 Prophetavit
2408 2070 2607 2121 autem
2634 2063 2799 2136 quod
2827 2063 3093 2118 futurum
3119 2064 3296 2126 esset,
3326 2064 3391 2116 ut
3418 2061 3593 2115 Jesus

1932 2159 2265 2208 moreretur
2293 2170 2397 2226 pro
2427 2154 2668 2209 natione
2701 2150 3069 2206 Judaaorum.
3102 2149 3215 2206 Pro
3254 2148 3399 2222 ipsis
3426 2164 3593 2204 nam-

1933 2259 2051 2315 que
2102 2248 2371 2297 mortuus
2421 2246 2529 2308 est,
2566 2246 2628 2296 ut
2657 2256 2759 2295 eos
2793 2240 2988 2294 salvos
3038 2238 3253 2294 faceret
3307 2237 3596 2303 ;dicebat

1934 2332 2093 2388 enim
2129 2352 2140 2390 :
2167 2333 2302 2387 Non
2326 2348 2453 2387 sum
2469 2331 2697 2392 missus,
2728 2329 2934 2384 nisi/1d
2955 2343 3083 2383 oves
3098 2328 3364 2397 perditas
3386 2328 3596 2382 domus

1937 2422 2122 2476 Israel
2151 2422 2219 2473 ’9.
2256 2423 2320 2475 Et
2350 2436 2593 2475 rursum
2630 2434 2641 2471 :
2677 2419 2753 2471 Et
2801 2418 3055 2472 animam
3088 2432 3276 2472 meam
3298 2431 3453 2485 pono
3481 2430 3594 2483 pro

1936 2510 2131 2564 ovibus
2155 2511 2224 2562 ³ο.
2255 2512 2331 2563 Ne
2359 2513 2561 2563 autem
2618 2522 2726 2578 pro
2766 2505 2909 2578 ipsis
2959 2505 3099 2561 solis
3144 2504 3297 2561 mori
3330 2509 3592 2576 putetur,

1936 2598 2102 2654 addit
2129 2596 2501 2668 Evangelista
2528 2614 2540 2651 :

2007 2776 2165 2829 Vers.
2197 2777 2281 2829 52.
2306 2774 2430 2829 Nec
2460 2803 2525 2815 —
2553 2788 2753 2829 unum.
2790 2772 2949 2829 Sicut
2987 2772 3147 2828 enim
3170 2786 3290 2827 non
3310 2786 3420 2843 pro
3452 2768 3595 2826 solis

1936 2864 2159 2920 Judaais
2190 2866 2527 2919 incarnatus
2558 2868 2663 2929 est,
2729 2879 2935 2919 verum
2962 2863 3141 2918 etiam
3188 2877 3295 2934 pro
3323 2862 3545 2917 caeteris
3577 2878 3593 2921 :

1938 2955 2017 3009 ita
2045 2969 2187 3008 sane
2215 2958 2271 3008 et
2303 2960 2572 3008 mortuus
2605 2958 2689 3007 est
2718 2967 2841 3007 non
2886 2967 2996 3023 pro
3037 2952 3179 3007 solis
3232 2951 3364 3015 illis,
3398 2950 3503 3005 sed
3542 2953 3600 3005 et

222 3053 412 3121 μόνων,
468 3045 594 3097 ἀλλὰ
644 3051 728 3097 καὶ
772 3047 898 3119 ὑπὲρ
947 3046 1165 3100 τούτων.
1194 3042 1258 3096 Ἀ
1288 3046 1388 3115 γὰρ
1440 3038 1692 3094 ἐδίδασκε
1740 3048 1826 3094 καὶ

1952 3060 2049 3115 pro
2083 3043 2191 3098 his.
2226 3045 2394 3106 Nam,
2428 3058 2563 3114 quin
2595 3042 2847 3097 docebat
2877 3044 2933 3096 et
2970 3040 3244 3104 faciebat,
3277 3040 3455 3095 etiam
3486 3053 3597 3111 pro

226 3137 407 3201 ἐποίει,
463 3139 552 3186 καὶ
606 3134 731 3208 ὑπὲρ
789 3137 980 3186 τούτων
1048 3130 1202 3197 ἦσαν,
1279 3134 1360 3183 ἶνα
1430 3136 1830 3205 προηγουμένως

228 3225 411 3277 ἐκεῖνοι
466 3225 713 3296 μαθόντες
770 3225 837 3282 ὡς
885 3227 973 3273 καὶ
1041 3230 1240 3295 πρῶτοι
1304 3222 1465 3272 πάλαι
1543 3224 1627 3272 τόν
1700 3224 1829 3273 Θεὸν

229 3318 533 3385 ἐπιγνόντες,
578 3314 753 3363 ἔπειτα
802 3316 888 3363 καὶ
945 3313 1157 3370 τούτους
1210 3306 1493 3371 διδάξωσι.
1536 3314 1698 3361 Τέκνα
1742 3314 1830 3381 μὲν

232 3399 319 3455 οὖν
394 3410 483 3453 τοῦ
550 3409 682 3452 Θεοῦ
755 3402 820 3451 τὰ
892 3401 1007 3457 ἔθνη
1086 3400 1368 3470 ὠνόμασεν,
1448 3401 1514 3458 ὡς
1588 3398 1835 3470 μέλλοντα

232 3492 489 3563 γενέσθαι.

310 3585 407 3632 Καὶ
436 3582 534 3652 γὰρ
564 3583 652 3630 καὶ
681 3579 705 3630 ὁ
738 3581 968 3652 Χριστὸς
1006 3576 1243 3651 πρόϐατα
1280 3576 1438 3628 αὑτοῦ
1470 3583 1634 3628 ταῦτα
1673 3596 1836 3649 προσ-

238 3671 513 3742 ηγόρευσεν
581 3666 680 3719 ἀπὸ
756 3674 846 3718 τοῦ
912 3666 1194 3738 μέλλοντος.
1256 3670 1703 3741 Διεσκορπισμένα
1778 3663 1836 3718 δὲ

238 3766 341 3819 τοῖς
415 3756 687 3829 διαφόροις
754 3761 870 3828 περὶ
922 3764 1054 3809 Θεοῦ
1105 3753 1358 3829 δόγμασι,
1418 3758 1563 3829 παρὰ
1640 3759 1697 3807 τό
1761 3759 1832 3826 μὴ

239 3850 374 3918 ἔχειν
406 3850 623 3917 ποιμένα
677 3844 829 3896 καλόν
865 3861 877 3873 ·
938 3845 1203 3916 συναγάγῃ
1254 3840 1312 3896 δὲ
1356 3843 1425 3904 εἰς
1471 3843 1519 3895 ἓν
1578 3848 1835 3915 ποίμνιον,

243 3936 311 3997 εἰς
364 3940 486 4007 μίαν
538 3940 740 3988 πίστιν.
776 3935 841 3985 Οἱ
896 3930 954 3985 δὲ
1007 3932 1181 3985 λοιποὶ
1240 3935 1345 4005 οὐχ
1403 3935 1466 3992 ὡς
1522 3936 1837 4006 προφητείαν

244 4024 343 4075 ἀλλ’
400 4027 463 4083 ὡς
520 4022 818 4095 συμϐουλήν
880 4025 967 4073 τὸν
1035 4022 1184 4093 λόγον
1264 4018 1532 4093 δεξάμενοι
1592 4028 1839 4095 κυροῦσιν

246 4113 413 4165 αὐτόν.

316 4202 427 4253 Ἀπ’
463 4233 527 4241 -
560 4201 735 4255 αὐτόν.
772 4204 871 4253 Καὶ
902 4205 1001 4272 μὴν
1047 4204 1137 4252 καὶ
1165 4204 1407 4274 πρότερον
1439 4197 1653 4260 ἐζήτουν
1686 4198 1840 4250 αὐτόν

250 4290 562 4359 ἀποκτεῖναι,
601 4294 671 4352 ὡς
722 4295 1048 4365 προείρηται⁸
1094 4288 1221 4341 ἀλλὰ
1250 4297 1336 4340 νῦν
1389 4292 1516 4361 μετὰ
1548 4287 1842 4361 συμϐουλῆς

1941 3134 2033 3187 his
2062 3138 2249 3196 erant,
2286 3138 2343 3186 ut
2376 3148 2512 3186 cum
2540 3131 2620 3186 illi
2652 3132 2711 3186 in
2761 3130 2964 3201 primis
3022 3129 3391 3195 didicissent,
3425 3127 3598 3183 veluti

1944 3222 2045 3294 qui
2073 3223 2249 3277 etiam
2276 3220 2450 3292 primi
2475 3221 2657 3275 Deum
2688 3223 3105 3289 cognoverant,
3131 3217 3517 3289 postmodum
3545 3220 3603 3271 et

1942 3311 2089 3367 alios
2121 3310 2422 3365 docerent.
2453 3308 2621 3363 Filios
2664 3309 2863 3380 itaque
2909 3308 3031 3373 Dei,
3093 3311 3296 3377 gentes
3336 3305 3602 3361 nomina-

1943 3400 2045 3463 vit,
2072 3403 2135 3454 ut
2162 3398 2264 3471 qui
2303 3397 2403 3452 filii
2432 3403 2597 3452 erant
2628 3396 2825 3451 futuri.

2018 3577 2083 3629 Et
2108 3574 2214 3629 has
2237 3572 2532 3645 siquidem
2582 3571 2839 3626 Christus
2879 3586 3020 3626 oves
3049 3585 3207 3633 suas,
3237 3569 3314 3625 ab
3345 3584 3415 3625 eo
3444 3569 3603 3642 quod

1945 3663 2210 3719 futurum
2236 3668 2378 3729 erat,
2403 3660 2741 3733 appellavit.
2780 3661 3089 3732 Dispersas
3111 3665 3310 3714 autem
3343 3659 3423 3715 ob
3438 3660 3605 3717 varia

1947 3753 2022 3808 de
2048 3755 2162 3807 Deo
2188 3752 2489 3821 dogmata,
2511 3766 2579 3805 eo
2598 3749 2759 3822 quod
2778 3748 3004 3804 bonum
3036 3764 3155 3803 non
3169 3747 3458 3803 haberent
3480 3765 3604 3820 pas-

1947 3845 2157 3895 torem.
2207 3841 2605 3908 Congregaret
2634 3840 2692 3892 in
2724 3853 2913 3892 unum
2946 3852 3205 3907 gregem,
3236 3837 3294 3891 in
3323 3852 3506 3891 unam
3538 3838 3604 3891 ti-

1950 3932 2105 3986 dem.
2139 3927 2333 3983 Czeteri
2367 3944 2504 3983 vero
2544 3943 2664 3982 non
2695 3926 2868 4000 quasi
2901 3925 3263 3991 vaticinium,
3306 3924 3408 3980 sed
3432 3926 3603 3996 quasi

1950 4018 2266 4075 consilium
2323 4017 2735 4088 suscipientes,
2799 4015 3098 4087 suffragiis
3145 4014 3291 4069 illud
3338 4029 3608 4085 compro-

1952 4109 2118 4164 bant.

2024 4197 2193 4253 Vers.
2223 4196 2307 4251 53.
2343 4195 2433 4250 Ab
2464 4210 2698 4251 —eum.
2725 4194 2898 4266 Atqui
2924 4194 3103 4249 etiam
3120 4193 3282 4265 prius
3311 4192 3475 4249 illum
3506 4209 3606 4249 oc-

1954 4287 2143 4342 cidere
2176 4286 2507 4347 tentabant,
2536 4290 2598 4339 ut
2627 4284 2978 4355 praedictum
3010 4287 3114 4349 est,
3149 4283 3251 4337 sed
3280 4298 3438 4337 nunc
3469 4297 3610 4339 cum

249 4386 332 4432 καὶ
363 4378 586 4450 σκέψεως
634 4378 897 4451 ἐκύρωσαν
948 4382 1040 4436 τὴν
1077 4383 1305 4449 γνώμην·
1357 4385 1445 4428 νῦν
1501 4380 1629 4449 μετὰ
1670 4379 1826 4435 πάσηη

1953 4374 2200 4432 consilio
2224 4381 2277 4430 et
2308 4374 2732 4430 deliberatione
2789 4374 3145 4428 sententiam
3177 4371 3562 4426 decreverunt
3590 4388 3605 4435 ;

250 4472 539 4544 προθυμίας
567 4474 655 4522 καὶ
688 4466 927 4531 σπουδῆς
959 4468 1326 4542 ἐπεχείρησαν.

320 4649 525 4712 Ἰησοῦς
586 4678 654 4691 -
708 4646 889 4704 αύτοῡ.
961 4646 1151 4698 Οὐκέτι
1230 4655 1455 4721 φανερῶς
1529 4647 1843 4719 περιεπάτει,

256 4736 377 4792 ἀλλὰ
430 4738 655 4798 ἀπῆλθεν
714 4736 780 4797 εἰς
837 4740 930 4794 τὴν
979 4740 1161 4809 χώραν
1200 4740 1293 4794 τήν
1325 4733 1471 4806 ἐγγύς
1500 4742 1588 4795 τῆς
1628 4734 1843 4808 ἐρήμου,

256 4832 406 4899 ἤγουν
464 4828 533 4890 εἰς
608 4825 753 4879 πόλιν
830 4825 1051 4899 Ἐφραὶμ
1288 4823 1668 4895 ὀνομαζομένην
1743 4826 1845 4876 ἀπὸ

259 4924 340 4970 τοῦ
390 4915 663 4993 φυλάρχου
714 4914 956 4987 Ἐφραίμ.
990 4913 1349 4989 Ἀνθρωπίνως
1391 4916 1492 4989 γὰρ
1544 4913 1702 4974 σώζει
1733 4913 1847 4967 ἐαυ-

326 5044 371 5081 ²⁸
396 5042 592 5101 Matth.
623 5058 719 5112 xv,
749 5043 839 5099 24.
914 5040 963 5077 ³⁸
991 5039 1136 5097 ibid.
1214 5040 1263 5077 ’θ
1292 5038 1466 5097 Joan.
1494 5055 1551 5103 x,
1584 5039 1672 5096 15.

1954 4480 2115 4520 nunc
2138 4480 2276 4519 cum
2298 4464 2462 4519 omni
2495 4462 2677 4518 animi
2712 4461 3175 4535 promptitudine
3202 4465 3258 4515 et
3281 4460 3476 4515 studio
3503 4475 3612 4515 an-

1955 4552 2063 4609 nisi
2095 4558 2249 4608 sunt.

2026 4642 2184 4697 Vers.
2218 4642 2307 4697 5t.
2331 4644 2499 4697 Jesus
2529 4670 2596 4681 —-
2632 4640 2774 4697 suis.
2807 4641 2938 4695 lam
2982 4653 3102 4694 non
3147 4636 3459 4693 manifeste
3482 4653 3609 4693 am-

1955 4732 2221 4797 bulabat,
2257 4730 2358 4785 sed
2388 4729 2533 4785 abiit
2556 4728 2617 4784 in
2642 4728 2967 4798 regionem,
3000 4744 3137 4801 quae
3162 4727 3394 4781 deserto
3421 4726 3614 4783 vicina

1956 4826 2101 4887 erat,
2173 4818 2441 4874 videlicet
2531 4818 2589 4872 in
2696 4816 2993 4871 civitatem
3088 4831 3223 4887 quas
3305 4815 3615 4871 dicebatur

1958 4910 2240 4985 Ephraim
2274 4924 2310 4966 a
2338 4906 2606 4982 principe
2636 4906 2819 4963 tribus
2838 4905 3137 4979 Ephraim.
3166 4907 3312 4961 Nam
3342 4905 3614 4962 humano

1365 5186 1591 5259 Varia
1624 5186 1953 5257 lectiones
1994 5193 2059 5257 et
2080 5196 2279 5256 notas.

348 5364 437 5439 47)
470 5362 852 5439 Συμϐουλευταὶ
892 5354 1048 5423 ἦσαν.

396 5437 424 5509 )“
448 5437 681 5494 Inclusa
714 5437 927 5493 absunt
947 5440 989 5491 A
1004 5478 1021 5495 .

2030 5358 2142 5429 (49)
2170 5355 2400 5412 Inclusa
2431 5355 2653 5411 absunt
2680 5357 2747 5412 A.

2032 5433 2145 5502 (50)
2174 5430 2464 5501 Δεινομένην
2497 5433 2535 5479 Α
2550 5467 2564 5485 .

331 5562 453 5638 (dd)
483 5562 625 5619 Cum
648 5555 711 5619 in
741 5558 884 5635 legis
915 5560 1439 5633 transgressionem
1472 5558 1867 5630 impegissent.
1906 5560 2053 5615 Cum
2083 5556 2161 5613 ad
2188 5552 2334 5625 legis
2369 5545 2875 5625 transgressiones
2904 5548 3331 5613 declinassent.

547 5662 767 5719 Parnm.
803 5662 901 5719 Gn.
945 5660 1189 5723 CXXIX.

3270 5653 3339 5707 43
