4130 6320
581 289 719 355 1355
1930 271 2280 351 EUTHYMII
2318 278 2653 356 ZIGABENI
3871 298 4014 352 πεδί

577 440 742 481 more
774 423 1037 494 seipsum
1066 420 1361 486 servabat,
1393 421 1540 476 dum
1598 419 1791 475 adhuc
1842 427 2078 491 tempus
2133 436 2205 476 ex

2381 426 2430 474 ὸν
2489 422 2745 496 ἀναμένων
2788 427 2862 477 ἔτι
2892 428 2977 476 τὸν
3008 430 3205 500 καιρόν.
3270 433 3382 486 Πῶς
3437 432 3530 477 οῦν
3578 429 3687 478 οἴει
3751 425 4012 498 9091239:-

575 518 884 588 spectaret.
957 510 1272 577 Quomodo
1343 525 1485 580 ergo
1550 513 1752 581 putas,
1836 508 2200 565 turbabantu

2385 515 2468 564 θαι
2521 517 2640 575 τοὺς
2697 516 2938 586 μαθητὰς
2989 516 3212 588 ὁρῶντας
3268 515 3422 565 αὐτὸν
3472 513 3858 590 ἀνθρωπίνως
3909 535 4013 566 σω-

572 602 850 675 discipuli
877 600 1149 656 videntes
1195 599 1360 655 illum
1415 599 1680 654 humano
1725 613 1892 653 more
1945 613 2076 653 sese
2108 614 2230 654 ser-
2345 601 2598 674 ζόμενον;

571 697 816 750 vantem
843 690 870 744 ?

643 782 807 837 Vers.
834 781 923 834 55.
960 778 1224 834 Instabat
1254 805 1324 821 —
1347 775 1598 833 Pascha.
1635 777 1714 831 De
1739 775 1980 847 regione
2036 775 2227 833 Hiero-

2409 777 2504 830 Ἦν
2555 775 2613 830 δὲ
2639 777 2792 850 ἔγγὺς
2839 811 2902 820 -
2953 788 3043 832 τοῦ
3095 783 3313 852 Πάσχα.
3365 780 3453 832 Ἐκ
3500 789 3597 839 τῆς
3642 787 3870 855 χώρας
3904 789 3997 831 τῶν

567 871 950 943 solymorum.

2335 865 2368 919 'I
2377 867 2718 940 εροσολύμων,

608 960 803 1016 .Vers.
853 963 918 1013 55
947 957 1047 1014 .Ut
1072 955 1468 1025 puriﬁcarent
1515 970 1594 1012 se.
1629 952 1968 1009 Secundum
2007 952 2221 1024 legem.

1948 969 1968 1009 l
2007 952 2221 1024 legem.
2403 956 2504 1009 Ἰνα
2532 956 2819 1027 ἁγνίσωσιν
2846 958 3076 1020 ἑαυτούς.
3113 961 3259 1012 Κατὰ
3283 962 3368 1010 τὸν
3398 963 3579 1028 νόμον,

642 1050 809 1105 Vers.
843 1051 928 1103 56.
967 1046 1310 1113 Quwrebant
1359 1075 1428 1085 —
1463 1045 1682 1113 festum
1713 1043 1740 1098 ‘l
1767 1041 2015 1098 Pulchra
2057 1043 2226 1115 puri-

2403 1047 2655 1105 Ἐζήτουν
2684 1077 2751 1086 —
2781 1047 2950 1119 ἑορτήν
2985 1064 2998 1113 ;
3027 1047 3192 1109 Καλὸς
3230 1047 3484 1120 ἁγνισμὸς
3505 1050 3654 1120 μετὰ
3683 1047 3990 1108 ἐπιϐουλῇ

567 1137 764 1194 ﬁcatio
777 1153 914 1192 cum
928 1134 1160 1190 insidiis
1174 1133 1314 1190 etad
1327 1133 1716 1189 homicidium
1732 1133 2198 1204 promptitudine

2358 1138 2422 1186 ιαὶ
2449 1139 2798 1210 προαιρέσεως
2850 1141 3145 1208 μιαιφόνου.
3173 1142 3277 1195 Τὴν
3340 1137 3521 1210 ἑορτὴν
3566 1134 3668 1188 οὖν
3699 1137 3989 1190 ἐποιοῦ-ιτς

566 1227 811 1283 Festum
857 1225 1054 1296 itaque
1105 1226 1609 1279 commutaverunt
1638 1221 1698 1278 in
1759 1221 1914 1276 illius
1959 1220 2197 1277 venatio

1180 1226 1609 1279 mmutaverunt
1638 1221 1698 1278 in
1759 1221 1914 1276 illius
1959 1220 2223 1277 venatio-
2335 1225 2589 1298 θήρατρον
2629 1224 2805 1280 αὐτοῦ.

566 1331 728 1372 nem.

636 1406 796 1459 Vers.
827 1409 913 1459 57.
950 1402 1247 1459 Dederant
1273 1433 1343 1442 —
1394 1416 1546 1457 eum.
1589 1400 2023 1456 Admirandum
2078 1416 2221 1472 pon-

2403 1399 2725 1454 Δεδώκεισαν
2767 1433 2832 1444 -
2881 1403 3056 1456 αὐτὸν.
3088 1408 3383 1475 Θαυμαστή
3426 1411 3529 1454 τῶν
3579 1402 3920 1478 ἀρχιερέων
3960 1408 3981 1459 ἐ

566 1493 787 1550 tiﬁcum
813 1496 1202 1565 praeceptum,
1227 1491 1482 1563 proditio
1514 1489 1591 1546 ad
1638 1496 1907 1546 mortem.
1953 1492 1996 1546 Ο
2044 1489 2194 1546 scele

2352 1491 2526 1556 ντολὴ,
2569 1489 2836 1565 προδοσία
2873 1492 2956 1545 ἐπὶ
2991 1495 3210 1564 θανάτῳ.
3245 1493 3312 1545 ⁴Ω
3337 1501 3433 1544 τῶν
3475 1492 3728 1546 ἀνοσίων
3770 1494 3787 1549 !
3855 1497 3983 1553 οῖοες

563 1588 711 1652 stos,
739 1582 959 1655 quibus
990 1581 1328 1652 primordiis
1365 1579 1582 1635 festum
1634 1579 1964 1636 honorant!
2000 1578 2194 1650 quibu:

2347 1583 2418 1632 ιὲν
2449 1586 2742 1655 προοιμίοις
2789 1590 2983 1653 τιμῶσι
3013 1587 3104 1640 τὴν
3143 1582 3359 1655 ἐορτηνῐ
3403 1584 3543 1642 οἵαις
3597 1579 3662 1634 δὲ
3734 1583 3978 1654 ψυχαῖς,

562 1673 782 1729 animis
808 1670 1037 1728 eadem
1064 1669 1424 1742 spirantibus
1449 1667 1799 1724 celebraturi
1831 1672 1968 1723 sunt
2001 1668 2012 1719 !

1831 1672 1968 1723 sunt
2001 1668 2012 1719 Ξ
2330 1674 2481 1740 φόνου
2505 1673 2796 1735 πνεούσαις,
2832 1670 3090 1745 ἑορτάζειν
3121 1670 3394 1742 μέλλουσιν
3425 1670 3435 1722 !

635 1764 757 1834 Cap
793 1761 913 1815 XII.
967 1761 1182 1814 VersA.
1239 1759 1407 1815 Jesus
1461 1774 1611 1828 ergo.
1669 1789 1738 1798 —
1806 1759 1971 1814 Vers.
2025 1757 2076 1811 2.
2131 1773 2266 1837 e0.1

2397 1758 2455 1811 Ὁ
2508 1755 2595 1810 οὖν
2648 1758 2847 1820 Ἰησοῦς
2891 1792 2958 1800 -
3013 1760 3170 1830 αὐτῷ.
3224 1759 3387 1821 Αὐτὸς
3437 1762 3525 1830 μὲν
3621 1756 3801 1817 ἦλθεν
3852 1761 3976 1824 ἐκεῖ,

561 1853 692 1924 Ipse
719 1851 963 1923 quidem
996 1865 1066 1904 eo
1090 1849 1265 1913 venit,
1289 1847 1575 1919 paulatim
1609 1847 2080 1918 Hierosolymam
2113 1863 2190 1919 ap

2348 1847 2630 1908 πλησιάζων
2700 1851 2833 1901 κατὰ
2902 1852 3087 1923 μικρὸν
3159 1856 3263 1910 τοίς
3321 1848 3747 1922 Ἰεροσολύμοις,
3837 1849 3979 1919 ἐγγί-

559 1941 997 2012 propinquans,
1027 1953 1164 1992 cum
1185 1937 1314 2007 jam
1359 1953 1480 1992 suae
1521 1936 1816 2008 passionis
1849 1942 2078 2008 tempus
2125 1937 2190 1991 in

2348 1942 2502 1998 ζοντος
2555 1933 2663 1994 ἤδη
2700 1946 2789 1988 τοῦ
2833 1946 3017 2010 καιροῦ
3060 1937 3170 2009 (51)
3211 1945 3301 1990 τοῦ
3351 1939 3548 1996 πάθους
3597 1937 3808 1989 αὐτοῦ·
3867 1939 3979 2011 εἰμί

559 2032 739 2084 staret
769 2044 782 2081 :
819 2025 998 2081 simul
1031 2031 1232 2081 autem
1261 2030 1322 2080 ut
1345 2025 1629 2096 discipuli
1693 2025 2002 2093 Lazarum,
2034 2025 2137 2096 qui
2179 2041 2190 2079 ι

2342 2023 2384 2078 is
2438 2028 2520 2076 ἶνα
2740 2029 2788 2078 οἱ
2845 2029 3077 2098 μαθηταὶ
3133 2029 3417 2078 θεάσωνται
3485 2030 3575 2077 τὸν
3629 2027 3694 2077 ἐκ
3768 2038 3973 2101 νεκρῶν

555 2117 806 2172 mortuis
831 2121 1183 2175 surrexerat,
1209 2113 1542 2185 epulantem
1567 2113 1938 2185 inspicerent.
1968 2115 2186 2169 Sorore:

2343 2118 2616 2168 ιναστάντα
2673 2116 2913 2190 Λάζαρον
2971 2116 3225 2168 ἐσθίοντα.
3279 2118 3340 2169 Αἱ
3372 2113 3598 2187 ἄδελφαὶ
3650 2113 3722 2168 δὲ
3777 2117 3974 2175 ἐποίη-

555 2221 698 2261 vero
739 2219 973 2258 caenam
1007 2204 1057 2258 ei
1080 2206 1462 2274 paraverunt,
1504 2206 1800 2272 tanquam
1839 2202 2126 2272 magistro
2156 2218 2186 2257 e

2341 2224 2419 2256 ταν
2458 2205 2597 2275 αὐτῷ
2655 2202 2880 2273 δεῖπνον,
2926 2207 2992 2266 ὡς
3051 2201 3360 2275 διδασκάλῳ
3413 2208 3502 2255 καὶ
3560 2204 3833 2278 εὐεργέτῃ
3885 2213 3972 2258 καὶ

555 2293 917 2351 benefactori
947 2308 1183 2347 summo
1213 2307 1284 2347 ac
1307 2290 1442 2362 plus
1469 2306 1644 2363 quam
1671 2291 1922 2346 homini.

1135 2308 1183 2347 ιο
1213 2307 1284 2347 ac
1307 2290 1442 2362 plus
1469 2306 1644 2363 quam
1671 2291 1922 2346 homini.
2322 2295 2448 2365 ὑπέρ
2480 2295 2766 2367 ἄνθρωπον.

4057 1197 4060 1254 l

591 2384 742 2438 CAP.
779 2382 888 2436 XII.
917 2381 1000 2437 De
1028 2396 1097 2438 ea
1125 2395 1259 2451 qua:
1292 2381 1466 2436 unxit
1503 2378 1821 2435 Dominum
1855 2385 2170 2450 unguento.

2417 2388 2560 2436 ΚΕΦ.
2595 2381 2691 2436 [Β’.
2726 2387 2849 2456 Περὶ
2881 2390 2969 2442 τῆς
3001 2380 3291 2453 ἁλειψάσης
3317 2384 3403 2432 τὸν
3435 2384 3635 2456 Κύριον
3668 2387 3864 2458 μύρῳ,

625 2472 792 2528 Vers.
826 2475 876 2526 3.
905 2471 1105 2526 Maria
1129 2485 1262 2541 ergo
1288 2500 1347 2511 —
1367 2469 1656 2538 pretiosae.
1683 2468 1934 2534 Pisticae,
1957 2469 2072 2524 hoc
2098 2473 2206 2535 est,

2391 2477 2449 2522 Ἠ
2475 2466 2562 2522 οὖν
2594 2476 2772 2543 Μαρία
2801 2502 2870 2511 -
2895 2470 3203 2543 πολυτίμου.
3237 2477 3512 2535 Πιστικῆς,
3553 2475 3682 2528 ἦτοι
3713 2472 3959 2547 ἀκράτου

553 2577 740 2636 purae,
763 2566 818 2616 et
843 2559 921 2615 ad
952 2558 1270 2630 puritatem
1299 2558 1735 2614 acmunditiem
1751 2558 2035 2613 ordinatas
2065 2575 2076 2614 :
2111 2575 2183 2613 au

2323 2564 2410 2611 καὶ
2439 2564 2981 2631 καταπεπιστευμένης
3035 2559 3100 2619 εἰς
3143 2561 3498 2634 καθαρότητα·
3549 2560 3581 2618 ἢ
3645 2568 3746 2613 καὶ
3787 2583 3954 2636 προσ-

553 2651 736 2708 etiam
771 2647 1093 2720 appellatio
1123 2647 1396 2720 quaedam
1429 2650 1516 2702 est
1543 2647 1672 2703 haec
1702 2647 2007 2716 unguenti.

1472 2650 1516 2702 3t
1543 2647 1672 2703 haec
1702 2647 2007 2716 unguenti.
2322 2653 2513 2720 ηγορία
2541 2668 2618 2710 τις
2646 2645 2706 2706 ἦν
2734 2657 2886 2700 τοῦτο
2916 2651 3103 2724 μύρου.

621 2741 789 2795 Vers.
808 2744 860 2795 3.
891 2737 1074 2794 Unxit
1089 2738 1266 2807 pedes
1291 2737 1805 2809 Jesus.Tanquam
1826 2736 2062 2793 Domini
2094 2736 2205 2804 sui,

2391 2736 2602 2808 Ἢλειψε
2631 2741 2751 2799 τοὺς
2777 2734 2948 2798 πόδας
2977 2745 3068 2790 τοῦ
3099 2738 3302 2793 Ἰησοῦ.
3342 2737 3424 2798 Ὠς
3451 2744 3732 2792 Δεσπότου
3765 2743 3937 2807 αὐτῆς,

549 2834 836 2901 tanquam
878 2826 998 2881 Dei.

926 2826 998 2881 ei.
2319 2828 2383 2887 ὡς
2414 2831 2557 2880 Θεοῦ.

625 2917 788 2973 Vers.
815 2916 875 2971 3.
911 2915 987 2970 Et
1034 2945 1102 2954 —
1129 2916 1275 2984 ejus.
1318 2913 1647 2970 Ostendens
1710 2915 2206 2984 magnitudinem,

2393 2920 2492 2968 Καὶ
2543 2946 2613 2956 -
2661 2916 2840 2971 αὐτοῦ.
2887 2913 3272 2988 Ἐνδεικνυμένη
3323 2919 3380 2967 τὸ
3439 2919 3668 2988 μέγεθος
3719 2929 3819 2980 τῆς
3871 2921 3930 2980 εἰς

551 3021 675 3078 qua
705 3021 841 3060 eum
864 3003 1359 3076 prosequebatur,
1398 3003 1738 3058 reverentiae
1771 3019 1841 3058 ac
1870 3003 2025 3058 ﬁdei.
2059 3006 2182 3075 Legi

2319 3005 2473 3056 αὐτὸν
2521 3013 2679 3074 τιμῆς
2722 3009 2810 3056 καὶ
2841 3010 3087 3065 πίστεως.
3120 3004 3432 3078 [Ἀνάγνωθι
3483 3006 3606 3078 (53)
3665 3005 3731 3061 δὲ
3765 3016 3848 3061 καὶ
3875 3015 3917 3059 τε

550 3110 791 3168 quoque
813 3092 1257 3163 sexagesimum
1312 3091 1645 3146 secundum
1694 3097 1875 3164 caput
1907 3092 2181 3162 Evangeli

2266 3140 2276 3157 ,
2319 3095 2598 3156 ἑξηκοστὸν
2651 3090 2888 3164 δεύτερον
2957 3093 3227 3166 κεφάλαιον
3287 3101 3379 3146 τοῦ
3436 3097 3571 3146 κατά
3636 3101 3897 3158 Mart-9.37,

2266 3172 2277 3191 Ι
2572 3191 2586 3194 _.
2706 3182 2718 3194 ς
2822 3185 2831 3194 ι
2993 3188 3000 3194 .
3127 3182 3148 3194 η

551 3183 880 3240 secundum
925 3179 1278 3247 Matthaaum,
1333 3179 1499 3252 quod
1551 3181 1730 3236 etiam
1780 3181 1858 3238 ad
1902 3182 2182 3252 praesentit

1551 3181 1730 3236 etiam
1780 3181 1858 3238 ad
1902 3182 2209 3252 praesentia
2240 3179 2277 3194 ν
2317 3191 2645 3256 χρησιμεῦον
2677 3182 2743 3244 εἰς
2779 3185 2844 3235 τὰ
2873 3182 3147 3256 παρόντα]

551 3272 856 3330 conducit.

621 3362 784 3416 Vers.
818 3360 871 3415 3.
900 3361 1116 3416 Domus
1142 3363 1337 3415 autem
1362 3388 1426 3399 —
1453 3359 1764 3430 unguenti.
1787 3361 1934 3414 Nam
1955 3363 2009 3414 et
2039 3373 2211 3414 mun-

2389 3361 2446 3414 Ἠ
2499 3358 2558 3414 δὲ
2614 3362 2751 3414 οἰκία
2798 3392 2867 3402 -
2914 3364 3102 3436 μύρου.
3136 3360 3348 3433 Ἔμελλε
3383 3364 3484 3436 ’γὰρ
3534 3369 3625 3416 καὶ
3677 3367 3704 3418 ὁ
3739 3387 3933 3439 uos-po;

549 3451 664 3508 dus
690 3450 860 3507 suavi
891 3447 1102 3505 Christi
1138 3448 1280 3503 Jesu
1309 3447 1493 3503 odore
1518 3447 1860 3520 implendus
1891 3455 2036 3504 erat.

1746 3447 1860 3502 dus
1891 3455 2036 3504 erat.
2321 3450 2659 3526 πληρωθῆναι
2689 3459 2782 3513 τῆς
2813 3448 3031 3512 εὐωδίας
3056 3459 3146 3503 τοῦ
3176 3451 3371 3509 Ἰησοῦ.

926 3537 1079 3593 CAP.
1113 3537 1250 3592 XIII.
1302 3537 1378 3594 De
1423 3537 1614 3594 verbis
1641 3538 1832 3594 Judae.

2635 3547 2780 3594 ΚΕΦ.
2823 3540 2924 3593 II".
2960 3545 3082 3614 Περὶ
3108 3561 3173 3592 ων
3214 3537 3351 3594 εἶπεν
3387 3538 3609 3602 Ἰούδας.

620 3629 784 3685 Vers.
808 3631 862 3684 4.
895 3628 1049 3684 Dicit
1071 3658 1140 3666 —
1174 3626 1338 3682 Vers.
1368 3631 1418 3683 6.
1465 3627 1766 3696 portabat.
1813 3626 1892 3682 De
1943 3625 2059 3681 hoc
2085 3641 2211 3682 ma-

2394 3633 2546 3701 Λέγει
2597 3661 2665 3670 —
2723 3628 3024 3689 ἐϐάσταζεν.
3078 3633 3296 3703 Εἴρηται
3346 3636 3463 3700 περὶ
3512 3635 3705 3684 τούτου
3761 3647 3944 3708 σαφῶς

553 3717 765 3775 niteste
803 3716 1023 3772 dictum
1051 3720 1137 3771 est
1174 3715 1463 3787 praedicto
1491 3716 1702 3787 capite,
1751 3715 1853 3770 ubi
1906 3715 2160 3770 habetur

2321 3718 2371 3771 ἓν
2425 3727 2496 3788 τῷ
2558 3715 2841 3776 δηλωθέντι
2895 3718 3172 3790 κεφαλαίῳ,
3206 3721 3326 3771 ἔνθα
3383 3728 3550 3772 κεῖται
3595 3725 3698 3772 τὸ·
3769 3724 3942 3796 Ἀμὴν

545 3809 739 3864 Amen
763 3806 895 3862 dico
920 3805 1103 3872 vobis,
1137 3803 1869 3874 ubicunqueprwdicatum
1892 3803 2078 3873 fuerit
2103 3804 2176 3860 ho

2319 3807 2450 3878 ὶέγω
2508 3809 2649 3880 ὑμῖν,
2681 3810 2807 3860 ὅπου
2867 3805 2950 3859 ἐὰν
3003 3809 3250 3882 κηρυχθῇ
3298 3812 3356 3860 τὸ
3411 3810 3726 3881 Eur/761w:
3754 3823 3936 3880 τοῦτο,

545 3895 953 3967 Evangelium,
972 3895 1035 3950 in
1054 3900 1171 3950 toto
1194 3893 1436 3958 mundo,
1459 3892 1687 3949 dicetur
1701 3899 1748 3948 et
1762 3893 1915 3964 quod
1927 3893 2050 3948 haec
2071 3895 2176 3965 feci

2322 3894 2368 3946 ἐν
2410 3896 2506 3967 ὅλῳ
2560 3904 2630 3966 τῷ
2681 3901 2884 3968 κόσμῳ,
2911 3896 3264 3955 λαληθήσεται
3311 3918 3400 3950 και
3447 3899 3472 3949 ὃ
3517 3897 3762 3956 ἐποίησεν
3795 3905 3930 3961 αὕτη

545 3989 611 4043 in
635 3987 977 4042 memoriam
1000 3985 1127 4054 ejus
1159 3985 1203 4019 εί
1240 3998 1252 4038 :
1288 3988 1345 4038 et
1373 3998 1581 4038 eorum
1632 3987 1817 4039 totam
1866 3998 2069 4054 quaere
2124 3983 2176 4038 in

2321 3985 2392 4045 εἰς
2420 3990 2748 4058 μνημόσυνον
2778 3986 2939 4047 αὐτῆς
2968 4001 2981 4016 ·
3016 3991 3105 4038 καὶ
3138 3986 3372 4046 ζήτησον
3403 3992 3493 4046 τὴν
3521 3988 3640 4046 ὅλην
3670 3991 3929 4062 ἐξήγησιν

549 4075 1047 4146 terpretationem.

864 4089 1047 4129 )nem.
2319 4075 2495 4128 αὐτοῦ.

2391 4163 2522 4234 [Οὐκ
2570 4163 2745 4235 ἤλεγξε
2790 4164 2900 4235 (54)
2958 4161 3016 4216 δὲ
3066 4167 3151 4217 τὸν
3183 4169 3376 4218 σκοπὸν
3404 4174 3493 4219 τοῦ
3521 4164 3704 4220 ’ἰούδα
3736 4172 3760 4220 ὁ
3791 4179 3923 4246 X9:-

617 4255 744 4310 Non
790 4255 992 4307 autem
1037 4249 1232 4319 arguit
1264 4247 1531 4303 Christus
1583 4247 1754 4305 Judte
1808 4249 2203 4322 pr0positum,

2317 4256 2461 4318 στὸς,
2516 4261 2577 4326 τῇ
2635 4253 2794 4325 πολλῇ
2851 4256 3186 4326 μακροθυμίᾳ
3242 4254 3555 4328 βουλόμενος
3605 4256 3917 4333 ἐπιστρέᾇκι

544 4357 770 4413 magna
808 4338 1125 4396 clementia
1171 4337 1364 4394 nitens
1386 4354 1522 4393 eum
1554 4344 1913 4394 convertere.
1960 4338 2175 4394 Verum

2313 4342 2488 4396 αὐτόν.
2551 4341 2703 4395 Ἀλλὰ
2756 4350 2884 4407 πῶς,
2947 4342 3231 4396 κλέπτοντα
3284 4344 3436 4397 αὑτὸν
3491 4342 3666 4411 εἰδὼς,
3730 4347 3917 4420 βαλαν-

542 4430 853 4507 quomodo
879 4429 1276 4500 sciensipsum
1297 4427 1507 4491 furem,
1537 4427 2062 4499 permisitomnino
2087 4444 2173 4484 ser

2310 4431 2598 4503 τιοφύλακα
2636 4428 2764 4484 εἶναι
2809 4431 2962 4483 αὐτὸν
2995 4435 3138 4485 εἴασε
3168 4449 3180 4498 ;
3215 4435 3427 4494 Πάντως
3467 4430 3560 4486 διὰ
3617 4441 3716 4494 τὴν
3771 4437 3909 4491 ἀφθέε

541 4486 1131 4590 varemarsupiumi
1164 4518 1402 4588 Propter
1432 4486 1586 4572 illius
1618 4516 2110 4583 imbecillitatem,
2138 4534 2172 4572 u

2270 4495 2444 4572 ’νειαν
2510 4519 2727 4586 ἐκείνου,
2790 4522 2872 4572 ἱνα
2948 4525 3042 4579 τὴν
3101 4521 3442 4597 φιλαργυρίαν
3499 4526 3690 4576 ἐκεῖθεν
3751 4547 3901 4597 παρις

540 4610 681 4668 inde
713 4626 886 4666 suam
906 4589 1116 4664 fovens
1147 4605 1477 4671 avaritiam,
1503 4605 1582 4661 ob
1609 4621 1741 4661 eam
1766 4621 1886 4661 non
1915 4605 2171 4662 incidere

2307 4611 2638 4682 μυθούμενος,
2670 4613 2740 4682 μὴ
2793 4606 2868 4662 δι’
2925 4610 3085 4668 αὐτὴν
3140 4610 3335 4684 ἐμπέσῃ
3380 4612 3447 4673 εἰς
3478 4609 3772 4685 προδοσίαν
3820 4624 3893 4666 75-;

539 4702 600 4758 in
620 4697 1003 4770 praeceptoris
1036 4695 1434 4769 proditionem
1450 4735 1462 4749 .

1056 4695 1434 4752 )roditionem
1450 4735 1462 4749 .
2310 4694 2687 4768 διδασκάλου.]

615 4789 773 4844 Vers.
806 4793 858 4843 7.
892 4786 992 4841 Ait
1023 4816 1092 4825 —
1143 4784 1322 4840 istud.
1375 4783 1437 4838 In
1487 4781 1636 4839 diem
1699 4783 2015 4856 sepultura:
2049 4800 2195 4839 meae

2377 4783 2526 4839 Εἶπεν
2570 4818 2638 4826 —
2687 4787 2834 4844 αὐτὸ.
2863 4787 2950 4850 Εἰς
3009 4791 3102 4845 τὴν
3155 4789 3350 4862 ἡμέραν
3412 4797 3505 4841 τοῦ
3555 4791 3868 4862 ἐνταφιασμοῦ

539 4877 768 4936 servavi
835 4879 1233 4946 unguentum.
1289 4873 1412 4928 sive
1459 4873 1520 4928 in
1591 4879 1825 4946 tempus
1879 4872 2170 4945 sepultura

2305 4894 2403 4946 μου
2444 4875 2658 4947 ἐφύλαξε
2706 4878 2762 4927 τὸ
2816 4878 2998 4949 μύρον,
3047 4880 3204 4948 ἤγουν
3258 4879 3324 4937 εἰς
3373 4881 3460 4930 τὸν
3490 4885 3675 4954 καιρὸν
3702 4888 3783 4933 τοῦ
3817 4879 3881 4930 ἒν-

538 4982 711 5033 meaa,
753 4970 1041 5037 tanquam
1071 4961 1390 5018 vaticinata
1447 4962 1848 5034 propinquam
1879 4978 2007 5017 esse
2039 4979 2169 5018 mor

2302 4969 2602 5036 ταφιασμὸῦ
2654 4983 2772 5035 μου,
2827 4967 3015 5017 ὡσανεί
3081 4970 3487 5041 προφητεύουσα
3548 4974 3636 5021 τὸν
3687 4970 3894 5027 πλησιά-

536 5063 658 5114 tem
689 5070 911 5112 meam.
953 5053 1075 5109 Hoc
1117 5057 1309 5107 autem
1359 5050 1594 5122 planius
1651 5051 1888 5121 scripsit
1939 5053 2166 5108 Marcus

2303 5053 2458 5114 ζοντά
2518 5073 2620 5126 μου
2675 5054 2910 5106 θάνατον.
2957 5061 3122 5107 Τοῦτο
3177 5051 3235 5107 δὲ
3291 5063 3636 5132 ¹φοινιθερώτερον
3687 5060 3716 5110 ὁ
3766 5063 3901 5134 Μάρ-

538 5146 705 5221 quod
764 5149 822 5202 et
877 5144 953 5200 de
1018 5140 1136 5199 alia
1181 5136 1429 5198 muliere
1477 5139 1702 5197 dictum
1742 5144 1852 5198 est.
1892 5141 1985 5198 Ait
2031 5141 2169 5199 enin

2299 5162 2383 5204 κος
2440 5142 2679 5217 ἔγραψεν,
2733 5144 2886 5220 ῥηθὲν
2940 5148 3030 5196 καὶ
3086 5147 3205 5220 περὶ
3260 5153 3357 5208 τῆς
3427 5146 3585 5210 οῖλλης
3639 5155 3904 5230 γυναικος.

611 5299 655 5336 ³¹
688 5295 888 5356 Matth.
912 5310 1070 5360 XXVI,
1110 5295 1197 5352 13.

1763 5444 1991 5516 Variae
2020 5445 2348 5516 lectiones
2379 5456 2445 5515 et
2473 5458 2674 5517 notas.

625 5620 687 5677 5t
726 5620 829 5684 1(ᾳί
857 5614 1105 5674 additA.
2367 5616 2482 5684 (53)
2507 5617 2746 5676 Inclusa
2775 5617 2997 5678 absunt
3036 5626 3098 5678 Α.

625 5622 687 5677 5i
726 5622 829 5684 καί
857 5622 1018 5674 addit
1039 5622 1105 5673 Α.

599 5622 716 5772 ἒῦἓ)
743 5691 894 5747 Ante
918 5691 1001 5742 ἵνα
1029 5686 1196 5745 addit
1222 5690 1314 5741 καί
1342 5689 1407 5745 Δ.

2393 5622 2482 5684 53)
2507 5622 2746 5676 Inclusa
2775 5622 2997 5678 absunt
3036 5626 3097 5678 Α.

2367 5622 2480 5763 ἒὸιὶν)
2506 5690 2740 5750 Inclusa
2764 5691 2990 5752 absunt
3008 5696 3097 5754 A.‘
