4130 6320
237 372 375 438 1357

1386 355 1754 433 COMMENT.
1800 369 1870 432 IN
1907 361 2259 435 JOANNEM.
2301 409 2366 419 —
2409 378 2564 435 CAP.
2610 351 2732 438 xu.

3459 381 3597 440 1358

233 509 425 579 Εἰρηκε
448 507 549 578 γὰρ
582 500 659 556 ὅτι
691 495 946 577 Προέλαϐε
971 494 1194 576 μυρίσαι
1232 521 1331 572 μου
1374 504 1432 553 τό
1467 510 1618 575 σῶμα
1646 502 1715 564 εἰς
1744 506 1829 555 τόν

1959 503 2254 570 Prcevenit,
2274 507 2340 558 ut
2361 511 2610 575 angeret
2628 520 2845 574 corpus
2869 521 3057 562 meum
3075 506 3136 562 in
3155 508 3592 579 sepulturam".

233 594 601 667 ἐνταφιασμόν.
643 592 790 653 Ἐθος
835 595 935 666 γὰρ
967 588 1028 650 ἧν
1059 594 1244 665 μύροις
1272 588 1590 663 ἐνταφιάζειν
1629 596 1694 644 τὰ
1735 598 1830 644 σιξ.-

233 704 377 756 ματα
419 687 546 756 πρός
575 685 634 734 τὸ
667 679 919 757 διαρκεῖν.

305 777 439 832 Τοὺς
487 775 730 843 πτωχοὺς
759 801 828 812 —
890 773 1036 842 ἔχετε
1089 770 1203 841 (55)
1233 788 1243 798 ·
1284 768 1461 842 [Παρὰ
1651 766 1710 822 δὲ
1761 779 1832 842 τῷ

232 863 431 935 Μάρκῳ
472 864 644 936 εἴρηκε
699 876 711 888 ⁸
787 861 1011 912 Πάντοτε
1061 862 1179 920 τοὺς
1225 863 1470 930 πτωχούς
1524 861 1669 929 ἔχετε
1720 860 1832 931 μεθ’

541 954 630 1002 καὶ
723 951 842 1001 ὅταν
929 947 1122 1016 θέλητε,

236 1049 480 1098 ποιῆσαι.
529 1037 550 1111 ]
590 1039 754 1091 Εἰπὼν
804 1035 862 1090 δὲ
893 1039 973 1089 ὅτι
1025 1038 1145 1108 Ἐμὲ
1189 1032 1248 1088 δι
1302 1036 1359 1088 ού
1404 1038 1623 1088 πάντοτε
1663 1039 1829 1107 ἔχετε,

236 950 452 1017 ἑαυτῶν,
541 954 630 1002 καὶ
723 951 842 1001 ὅταν
929 947 1122 1016 θέλητε,
1210 943 1437 999 δύνασθε
1524 948 1706 1008 αύτούς
1780 944 1832 1000 εὖ

235 1131 531 1200 ὑπόμνησιν
580 1126 757 1189 αὐτοῖς
807 1124 1002 1178 ἐνέϐαλε
1069 1134 1162 1186 τῆς
1235 1124 1340 1197 μετ’
1399 1124 1569 1196 ὀλίγον
1628 1135 1834 1197 σφαγῆς

286 1217 298 1233 ³
375 1213 395 1230 ν

235 1236 418 1269 αυτου.

304 1308 478 1377 Ἔγνω
511 1336 574 1346 -·
632 1305 856 1364 Ἰησοῦν.
911 1308 1009 1358 Τὸν
1075 1306 1163 1376 μὲν
1194 1305 1422 1377 Χριστόν
1463 1302 1670 1366 ἐξῄτουν
1706 1301 1832 1356 ἁπο-

232 1402 454 1460 κτεῖναι,
483 1394 926 1467 προφασιζόμενοι
971 1395 1050 1446 ὅτι
1096 1393 1204 1445 λύει
1235 1396 1294 1444 τὸ
1323 1391 1603 1455 Σάϐϐατον,
1637 1397 1726 1444 καὶ
1755 1395 1834 1444 ὅτι

232 1487 350 1536 ἴσον
382 1482 563 1536 ἑαυτὸν
606 1491 746 1535 ποιεῖ
776 1491 846 1554 τῷ
876 1491 1009 1553 Θεῷ,
1043 1487 1130 1534 καὶ
1161 1482 1241 1534 ὅτι
1270 1481 1446 1534 πολλοὶ
1493 1484 1833 1533 πιστεύουσιν

235 1574 304 1633 εἰς
335 1573 488 1624 αὐτόν
517 1589 530 1602 ⁶
565 1576 650 1624 τόν
679 1569 738 1625 δὲ
768 1572 1013 1644 Λάζαρον
1055 1567 1202 1622 διατί
1234 1587 1247 1637 ;
1291 1566 1668 1630 ὃιότιίινέζησε
1701 1585 1714 1634 ;
1746 1575 1834 1622 καὶ

233 1670 382 1714 ποῖον
437 1661 671 1733 ἔγκλημα
724 1664 783 1712 τὸ
833 1660 1098 1721 ἀναζῆσαι
1157 1676 1170 1726 ;
1225 1662 1415 1716 Φθόνος
1471 1655 1557 1710 οὖν
1605 1662 1662 1710 τό
1711 1665 1832 1710 πᾶν.

233 1751 508 1822 Ἐφθόνουν
538 1753 639 1823 γὰρ
675 1751 732 1802 ού
756 1754 906 1822 μόνον
939 1758 1010 1801 τῶ
1041 1749 1406 1823 εύεργετοῦντι,
1460 1746 1585 1799 ἀλλὰ
1615 1751 1703 1799 καὶ
1732 1755 1836 1808 τοῖς

1940 593 2112 649 Moris
2136 591 2432 665 siquidem
2458 597 2583 650 erat
2607 609 2744 650 cum
2769 595 3087 664 unguentis
3117 595 3364 668 sepelire
3386 614 3597 671 corpo-

1939 695 2028 746 ra,
2072 683 2136 735 ut
2156 687 2667 738 conservarentur.

2012 771 2170 825 Vers.
2227 775 2277 826 8.
2338 772 2640 840 Pauperes
2687 806 2755 820 —
2793 771 3039 829 habetis.
3107 774 3282 846 Apud
3334 778 3595 834 Marcum

1941 874 2080 914 vero
2107 859 2253 916 dixit
2286 878 2297 914 :
2340 860 2578 930 Semper
2624 875 2918 930 pauperes
2947 861 3170 918 habetis
3217 864 3508 922 vobiscum
3541 872 3597 922 et

1942 962 2077 1003 eum
2105 948 2428 1014 volueritis,
2455 949 2690 1018 potestis
2711 950 2834 1005 ittis
2854 950 3196 1020 benefacere
3235 955 3300 1009 ³³.
3335 953 3596 1010 Dicendo

1942 1042 2139 1092 autem
2185 1059 2198 1092 :
2228 1039 2326 1094 Me
2359 1054 2475 1094 non
2499 1054 2725 1109 semper
2755 1039 2998 1106 habetis,
3032 1042 3328 1111 suggessit
3360 1041 3470 1098 illis
3522 1044 3597 1100 de

1941 1126 2103 1182 caede
2131 1141 2261 1192 sua,
2301 1142 2438 1200 quae
2471 1127 2652 1200 paulo
2678 1131 2813 1200 post
2841 1127 3042 1185 futura
3079 1134 3224 1186 erat.

2015 1304 2255 1361 Vers.9.
2292 1304 2579 1375 Cognovit
2610 1337 2679 1346 —
2722 1307 2881 1362 Vers.
2913 1307 2994 1362 H.
3041 1307 3257 1364 Jesum.
3299 1308 3597 1369 Christum

1942 1391 2210 1448 occidere
2245 1393 2596 1464 qmerebant
2623 1398 2860 1466 sumpto
2889 1399 3188 1467 praetextu,
3222 1399 3381 1471 quod
3415 1400 3599 1456 solve-

1941 1485 2029 1536 ret
2063 1481 2394 1538 Sabbatum
2420 1487 2555 1538 etse
2584 1483 2704 1538 Deo
2731 1483 3026 1555 aequalem
3051 1484 3287 1553 faceret,
3313 1489 3600 1561 quodque

1943 1567 2112 1622 multi
2166 1567 2226 1623 in
2267 1584 2406 1624 eum
2459 1569 2786 1625 crederent.
2827 1570 3113 1627 Lazarum
3158 1589 3298 1630 vero
3355 1591 3541 1647 quare
3571 1577 3600 1632 ?

1944 1672 2020 1712 an
2049 1657 2190 1728 quia
2211 1657 2502 1713 revixerat
2527 1658 2734 1726 ‘lquod
2757 1675 2894 1729 ergo
2911 1661 3133 1716 crimen
3169 1667 3254 1718 est
3282 1664 3600 1720 revixisse?

1944 1745 2145 1817 Itaque
2158 1750 2278 1801 tota
2295 1761 2390 1801 res
2407 1751 2492 1801 est
2510 1747 2746 1802 invidia.
2768 1749 2914 1802 Nam
2934 1749 3274 1807 invidebant
3288 1767 3408 1808 non
3423 1753 3599 1811 bene-

235 1840 694 1912 εύεργετουμένοις.
740 1843 827 1890 Διό
885 1843 968 1889 καὶ
1044 1841 1130 1889 τόν
1187 1840 1374 1909 τυφλόν
1433 1835 1662 1899 ἐξέϐαλον
1716 1836 1829 1901 ἔξω,

1959 1834 2151 1890 t'actori
2165 1840 2420 1899 tantum,
2443 1851 2652 1890 verum
2673 1837 2850 1891 etiam
2866 1836 3157 1894 beneﬁcio
3190 1838 3439 1896 affectis.
3461 1842 3600 1899 Ideo

233 1931 451 1980 καὶτὸν
513 1931 754 2000 Λάζαρον
815 1925 1000 1978 ἀνελεῖν
1056 1925 1389 1998 βουλεύονται
1428 1941 1439 1954 ’
1500 1926 1658 1986 οὕτως
1698 1921 1831 1982 ἦσαν

235 2017 295 2069 ού
331 2018 564 2089 φθονεροὶ
620 2020 791 2088 μόνον,
849 2014 975 2067 ἀλλά
1021 2020 1110 2066 καὶ
1156 2021 1340 2086 ταχεῖς
1398 2013 1468 2074 εἰς
1501 2018 1701 2085 φόνους.
1747 2017 1834 2065 Διό

235 2111 325 2158 καὶ
359 2107 382 2156 ὁ
413 2110 684 2178 προφήτης
715 2109 828 2178 περὶ
863 2104 1030 2155 αὐτῶν
1083 2106 1246 2174 ἔλεγεν
1279 2119 1292 2133 ⁸
1345 2104 1412 2156 Αἱ
1459 2110 1634 2175 χεῖρες
1668 2102 1834 2153 αὐτῶν

237 2197 459 2267 αἵματος
495 2193 723 2268 πλήρεις.
750 2189 972 2246 Ἐδακνε
1013 2189 1070 2244 δὲ
1102 2192 1290 2252 αὐτούς
1319 2196 1407 2243 καὶ
1433 2196 1513 2260 τό,
1546 2200 1633 2252 τῆς
1656 2191 1837 2264 ἑορτῆς

237 2283 576 2355 ἐγγιζούσης,
624 2282 783 2335 πολύν
837 2281 995 2353 ὄχλον
1042 2281 1242 2354 ἀφεῖναι
1289 2283 1482 2338 ταύτην
1514 2286 1602 2332 καὶ
1630 2285 1834 2354 τρέχειν

234 2376 364 2445 πρὸς
393 2372 566 2425 αὐτόν.

308 2464 382 2534 Τῇ
418 2460 660 2532 ἐπαύριον
713 2491 783 2502 -
833 2459 993 2530 αύτῷ.
1043 2458 1154 2512 Ἵνα
1191 2463 1262 2531 μὴ
1307 2456 1379 2510 δι’
1432 2457 1587 2509 αὐτὸν
1619 2455 1836 2509 ἀνέλωσι

234 2553 325 2604 τὸν
358 2551 622 2623 Λάζαρον,
647 2553 858 2622 ἔρχεται
882 2553 1013 2622 πρὸς
1031 2551 1096 2600 τὰ
1121 2547 1453 2620 Ἰεροσόλυμα
1482 2566 1492 2578 ·
1527 2547 1638 2618 ἅμα
1667 2543 1724 2598 ὸὲ
1755 2548 1837 2598 ἵνα

234 2643 328 2692 καὶ
360 2639 567 2711 όόχλος
597 2642 726 2710 μετὰ
749 2647 846 2690 τῶν
879 2636 1043 2710 βαῖων
1074 2638 1347 2707 ὑπαντήση
1368 2635 1529 2700 αύτῷ,
1561 2638 1650 2686 καὶ
1679 2654 1834 2685 καταο

234 2728 508 2799 πλαγῶσιν
560 2729 607 2779 οἱ
647 2726 1074 2790 ἐπιϐουλεύοντες,
1135 2731 1224 2777 καὶ
1264 2722 1534 2782 δυνηθῶσι
1588 2727 1832 2775 συνιέναι.

234 2816 458 2870 ’Έλαϐον
487 2813 544 2867 δὲ
583 2819 646 2867 τὰ
680 2813 812 2887 βάῑα
844 2813 1099 2886 σύμϐολον
1147 2818 1311 2879 νίκης,
1344 2816 1544 2872 τούτοις
1587 2812 1740 2864 αὐτόν
1767 2815 1834 2874 ὡς

235 2910 454 2962 νικητην
483 2912 572 2957 τοῦ
600 2905 819 2956 θανάτου
849 2906 1192 2976 γεραίροντες.

315 3085 414 3135 Καὶ
455 3112 523 3123 -
558 3080 794 3155 Ἰσραήλ.
853 3086 1017 3132 Τοῦτο
1075 3078 1305 3151 μάλιστα
1351 3081 1478 3140 τούς
1542 3074 1835 3140 Ἰουδαίους

239 3171 508 3242 ἇπέπνιγε,
564 3173 622 3222 τὸ
675 3171 956 3227 πεισθῆναι
1027 3171 1110 3221 τὸν
1177 3168 1333 3240 ὄχλον
1387 3170 1465 3220 ὅτι
1547 3167 1647 3220 ἀπὸ
1702 3175 1834 3221 Θεοῦ

241 3263 474 3336 ἔρχεται.
530 3263 768 3316 Ζήτησον
819 3253 878 3309 δὲ
934 3256 982 3309 ἐν
1030 3264 1104 3328 τῷ
1153 3266 1558 3330 τεσσαρακοστῷ
1618 3260 1834 3328 πέμπτῳ

239 3348 498 3420 κεφαλαίῳ
528 3355 618 3399 τοῦ
645 3350 779 3398 κατά
807 3347 1070 3399 Ματθαῖον
1097 3350 1154 3398 τό
1179 3364 1191 3377 ·
1237 3348 1301 3397 Οἱ
1329 3341 1386 3397 δὲ
1413 3344 1564 3416 ὄχλοι
1603 3347 1650 3396 οἱ
1676 3347 1837 3418 προά-

241 3455 410 3509 γοντες
431 3443 520 3489 καὶ
543 3439 592 3488 οἱ
623 3435 1014 3495 ἀκολουθοῦντες
1057 3435 1271 3506 ἔκραζον
1309 3433 1538 3504 λέγοντες
1573 3451 1584 3462 ·
1612 3432 1838 3486 Ὡσαννὰ

245 3535 314 3597 τῷ
353 3528 450 3597 υἱῷ
497 3523 678 3579 Δανῖὸ“
722 3529 811 3577 καὶ
874 3526 1132 3595 ἀνάγνωθι
1191 3527 1284 3582 τὴν
1343 3523 1610 3598 ἑρμηνείαν
1677 3522 1836 3574 αὐτοῦ

245 3635 297 3668 τε
366 3621 454 3668 καὶ
527 3623 626 3668 τῶν
705 3614 880 3687 ἐφεξῆς
961 3610 1056 3666 δύο
1117 3613 1305 3688 ῥητῶν,
1383 3614 1574 3686 ἄριστα
1625 3610 1838 3664 ἐκτεθει-

247 3708 423 3778 μένην.

708 3797 851 3846 ΚΕΦ.
874 3789 967 3844 ΙΔ’.
1002 3794 1126 3864 Περὶ
1141 3796 1232 3842 τοῦ
1254 3789 1390 3842 ὂνου.

319 3882 491 3955 Εύρών
523 3913 592 3922 -—-
627 3879 775 3934 αὐτὸ.
811 3886 1048 3939 Ζήτησον
1081 3880 1128 3931 ἐν
1159 3881 1330 3951 ἐκείνῳ
1359 3878 1512 3932 πάλιν
1541 3883 1627 3937 τὴν
1653 3878 1841 3949 ἐξήγηο

250 3992 330 4025 σιν
358 3981 451 4033 τῆς
474 3970 648 4045 ἀρχῆς
669 3977 760 4023 τοῦ
791 3968 1186 4042 aspalathi),qu
1215 3967 1472 4040 ἀνάγνωθι
1494 3974 1666 4021 πᾶσαν
1687 3966 1842 4039 ἀναγ-

247 4062 529 4118 καιοτάτην
555 4057 736 4113 οὖσαν.

320 4151 446 4223 Εὗρε
491 4147 634 4202 δὲτὸ
681 4147 884 4223 ὀνάριον
923 4145 1084 4220 ἀχθὲν
1138 4148 1237 4200 ύπό
1285 4154 1384 4200 τῶν
1454 4145 1840 4198 ἀποσταλέντων

843 4236 990 4289 ἄλλοι

250 4329 466 4380 Ἐκεῖνοι
518 4329 618 4400 γὰρ
673 4329 843 4378 πάντα
882 4330 971 4398 μέν
1013 4328 1080 4377 τὰ
1134 4327 1270 4376 κατὰ
1314 4328 1400 4376 τὸν
1445 4323 1706 4397 εἰρημένον
1739 4324 1844 4376 Λά-

248 4241 515 4313 μαθητῶν,
588 4241 657 4300 ὡς
733 4240 781 4290 οἱ
843 4236 990 4289 ἄλλοι
1086 4239 1367 4310 ἱστόρησαν
1454 4233 1838 4306 εύαγγελισταί.

251 4417 407 4491 ζαρον
469 4422 558 4469 καὶ
606 4419 671 4469 τὰ
720 4414 898 4488 ἐφεξῆς
937 4415 1072 4488 ἄχρι
1112 4421 1202 4473 τῆς
1259 4417 1375 4465 ὄνου
1428 4418 1518 4464 καὶ
1552 4420 1643 4464 τοῦ
1669 4412 1840 4464 πώλου

247 4502 603 4580 παρέδραμον,
661 4506 833 4578 ὥσπερ
891 4508 980 4554 καὶ
1056 4501 1182 4554 ἀλλὰ
1232 4502 1395 4554 πολλὰ
1465 4503 1704 4573 θαύματα
1752 4505 1842 4552 καὶ

251 4592 582 4668 διδάγματα,
636 4597 734 4646 εἶτε
783 4591 1140 4664 ἐπιλαθόμενοι
1200 4590 1373 4654 ἁπλῶς
1430 4593 1528 4644 εἴτε
1575 4596 1663 4642 καὶ
1711 4592 1847 4642 κατὰ

247 4705 363 4738 τινα
428 4687 682 4757 θειοτέραν
755 4683 1066 4754 οἰκονομίαν,
1121 4683 1190 4742 ὡς
1244 4679 1303 4732 ἂν
1360 4683 1482 4752 ἔχρι
1551 4684 1640 4731 καὶ
1697 4679 1846 4741 οὗτος

250 4777 359 4848 μετ’
392 4774 580 4834 αύτούς
620 4774 834 4848 γράφειν
892 4768 1076 4832 ἰδικῶς
1122 4769 1188 4830 εἰς
1241 4767 1524 4842 βεϐαίωσιν
1562 4776 1654 4821 τοῦ
1687 4767 1846 4840 Εὐαγ-

249 4863 442 4936 γελίου.

327 4950 704 5026 [Ὑπερϐάντες
758 4948 868 5023 (57)
913 4945 970 5001 δί
1017 4947 1182 5001 ταῦτά
1231 4963 1380 5020 φασι,
1443 4948 1712 5009 Ματθαῖος
1759 4950 1849 5021 μὲν

325 5157 372 5200 ⁸³
403 5161 574 5220 Marc.
614 5171 728 5226 xlv,
758 5159 809 5214 8.
888 5158 934 5193 ⁸³
975 5153 1122 5214 ibid.
1146 5159 1203 5213 7.
1280 5155 1327 5192 ”
1351 5156 1460 5212 lsa.
1483 5169 1524 5223 ι,
1559 5153 1647 5211 15.

1943 1939 2186 1995 quoque
2216 1940 2437 1979 caecum
2462 1923 2623 1979 foras
2654 1926 2967 1996 ejecerant,
2992 1932 3048 1982 et
3079 1928 3360 1984 Lazarum
3382 1929 3602 1986 interti-

1944 2028 2075 2068 cere
2107 2011 2388 2068 volebant
2423 2029 2433 2068 :
2461 2013 2614 2069 adeo
2647 2018 2816 2069 erant
2855 2029 2977 2071 non
3003 2015 3189 2072 invidi
3216 2023 3466 2085 tantum,
3493 2019 3602 2075 sed

1944 2105 1997 2157 et
2029 2100 2261 2156 veloces
2289 2103 2364 2157 ad
2382 2101 2629 2157 caedem.
2661 2102 2981 2174 Propterea
3001 2105 3163 2160 deeis
3177 2121 3420 2180 quoque
3448 2108 3602 2164 dice-

1941 2189 2048 2246 bat
2078 2189 2391 2262 propheta:
2411 2191 2625 2246 Manus
2642 2207 2844 2247 eorum
2858 2196 3141 2263 sanguine
3151 2197 3346 2264 plenae
3367 2205 3502 2254 sunt
3517 2199 3566 2233 “
3579 2239 3592 2253 .

1944 2280 2245 2335 Mordebat
2270 2279 2449 2335 etiam
2475 2280 2630 2347 illos,
2648 2281 2833 2353 quod,
2862 2282 3122 2339 instante
3149 2284 3317 2351 festo,
3340 2286 3602 2358 plurima

1943 2367 2119 2423 turba
2157 2367 2305 2423 illud
2337 2368 2695 2440 relinqueret
2721 2375 2776 2423 et
2825 2369 2901 2425 ad
2941 2386 3078 2426 eum
3109 2379 3384 2430 curreret.

2017 2457 2176 2512 Vers.
2215 2459 2297 2511 l2.
2341 2457 2575 2513 Postero
2607 2488 2674 2500 —
2712 2459 2873 2513 Vers.
2908 2459 2996 2513 13.
3029 2460 3100 2516 ei.
3133 2464 3214 2517 Ne
3266 2469 3503 2535 propter
3536 2482 3600 2522 se

1943 2545 2231 2601 Lazarum
2278 2545 2636 2612 occiderent,
2692 2546 3108 2620 Hierosolyma
3166 2551 3374 2608 venit:
3417 2554 3600 2614 simul

1943 2638 2159 2698 autem,
2223 2638 2285 2689 ut
2330 2634 2582 2705 populus
2637 2651 2764 2690 cum
2797 2636 2981 2691 ramis
3030 2638 3136 2693 sibi
3163 2647 3510 2708 occurreret,
3544 2649 3602 2701 et

1943 2722 3238 2800 consternarenturinsidiatores,possentque
3252 2729 3328 2785 ad
3345 2736 3602 2788 mentem

1945 2828 2157 2868 sanam
2189 2810 3000 2885 redire.Acceperuntautem
3021 2831 3241 2883 ramos,
3265 2818 3321 2873 in
3358 2819 3598 2890 signum

1941 2900 2224 2972 victoriae,
2256 2900 2348 2956 his
2377 2917 2517 2958 eum
2549 2906 2842 2974 tanquam
2873 2903 3082 2961 mortis
3113 2904 3399 2964 victorem
3429 2925 3603 2966 vene-

1942 2993 2162 3044 rantes.
2905 3006 2908 3008 ·

2016 3081 2175 3134 Vers.
2231 3080 2319 3136 13.
2375 3081 2452 3135 Et
2495 3111 2563 3121 —
2616 3082 2818 3138 Israel.
2872 3081 2993 3138 Hoc
3038 3084 3297 3141 maxime
3361 3086 3601 3144 Judaaos

1944 3167 2322 3240 praelocabat,
2355 3185 2711 3240 persuasam
2751 3185 2886 3226 esse
2926 3171 3185 3241 turbam,
3217 3174 3380 3245 quod
3406 3191 3440 3231 a
3481 3177 3600 3233 Deo

1944 3257 2188 3313 veniret.
2220 3259 2425 3323 Quaere
2455 3263 2653 3314 autem
2675 3258 3144 3330 quadragesimo
3191 3262 3403 3334 quinto
3427 3264 3601 3334 juxta

1944 3347 2281 3403 Matthaeum
2329 3347 2541 3419 capite,
2585 3347 2685 3402 ubi
2717 3347 2970 3403 dicitur:
3013 3350 3224 3406 Turbae
3264 3367 3420 3417 vero,
3469 3370 3600 3425 quas

1942 3436 2441 3506 praeibantetquw
2471 3435 2885 3505 sequebantur,
2923 3437 3265 3494 clamabant
3295 3439 3553 3515 dicentes
3582 3459 3596 3498 :

1947 3525 2218 3579 Ilosanna
2248 3523 2374 3591 ﬁlio
2405 3524 2600 3580 David
2624 3524 2692 3590 ³³,
2732 3528 2788 3579 et
2837 3525 2965 3596 ejus
2994 3525 3124 3596 lege
3170 3526 3599 3600 interpretatio-

1946 3627 2108 3675 nem,
2136 3627 2205 3667 ac
2223 3613 2598 3683 sequentium
2621 3612 2880 3668 duorum
2894 3613 3212 3682 dictorum,
3233 3615 3475 3688 pulchre
3497 3619 3599 3676 ad-

1949 3701 2192 3757 modum
2227 3701 2612 3773 propositam.

2446 3789 2606 3846 CAP.
2625 3789 2771 3845 XIV.
2813 3791 2898 3847 De
2916 3791 3108 3847 asello.

2020 3879 2185 3933 Vers.
2219 3880 2300 3932 14.
2332 3878 2557 3934 Nactus
2586 3909 2653 3918 —
2682 3878 2880 3934 illum.
2911 3881 3159 3935 Rursum
3181 3880 3242 3936 in
3268 3880 3367 3938 illo
3398 3898 3601 3955 quaere

1949 3966 2384 4039 expositionem
2411 3966 2685 4039 principii
2724 3967 2953 4038 capitis,
2995 3973 3303 4042 totamque
3339 3971 3599 4044 perlege,

1949 4070 2089 4110 cum
2120 4055 2192 4110 sit
2212 4054 2542 4127 plurimum
2573 4056 2930 4113 necessaria.

2021 4147 2236 4200 Nactus
2266 4149 2353 4198 est
2381 4149 2582 4200 autem
2617 4144 2888 4211 asellum,
2921 4145 2992 4200 ab
3022 4144 3305 4218 his,quos
3340 4148 3600 4219 miserat,

1951 4232 2260 4305 discipulis
2295 4232 2644 4299 adductum,
2666 4233 3184 4304 quemadmodum
3207 4238 3399 4292 caeteri
3423 4240 3602 4311 scrip-

1951 4327 2151 4377 serunt
2179 4322 2583 4391 evangelistaa.
2613 4320 2846 4377 Illivero
2869 4323 3094 4390 omnia,
3126 4341 3258 4395 quae
3281 4325 3353 4380 de
3381 4328 3602 4384 Lazaro

1951 4414 2322 4483 erant,quaeq
2333 4427 2401 4465 ue
2415 4416 2746 4483 sequuntur
2767 4427 2950 4483 usque
2967 4413 3042 4467 ad
3061 4413 3293 4469 asinam
3309 4415 3603 4485 etpullum

1949 4501 2470 4572 praetermiserunt,
2503 4500 3019 4572 quemadmodum
3046 4506 3101 4556 et
3119 4501 3236 4558 alia
3262 4502 3602 4574 multa,tum

1953 4588 2260 4659 miracula,
2305 4593 2430 4644 tum
2469 4589 2762 4660 dogmata
2794 4607 2806 4646 :
2833 4589 2958 4644 sive
2988 4590 3236 4645 omnino
3266 4588 3448 4655 obliti,
3480 4591 3605 4649 sive

1953 4679 2148 4752 potius
2180 4678 2455 4734 diviniori
2485 4677 2687 4750 aliqua
2707 4677 3172 4749 dispensatione,
3195 4685 3255 4735 ut
3294 4679 3606 4738 haberetet

1953 4768 2050 4823 hic
2080 4767 2421 4839 postipsos,
2454 4782 2590 4839 qua:
2616 4765 2859 4840 propria
2899 4765 3182 4824 scriberet
3210 4768 3269 4824 in
3312 4769 3609 4842 Evangelii

1959 4855 2504 4913 conﬁrmationem.
2976 4872 2983 4878 ·

2029 4944 2127 5001 His
2141 4959 2282 5018 ergo
2297 4943 2532 5011 relictis,
2561 4941 2784 5013 dicunt,
2809 4943 3408 5020 Matthaeusquidem,
3439 4949 3610 5022 quod

1725 5154 1772 5191 "
1805 5152 2002 5212 Matth.
2027 5167 2152 5220 xxx,
2193 5155 2247 5208 9.

1415 5383 1421 5391 '
1451 5357 1678 5432 Variae
1708 5357 2032 5431 lectiones
2061 5367 2127 5428 et
2165 5367 2367 5429 notae.

325 5566 436 5647 (55)
469 5567 657 5647 Nemo
705 5572 1001 5647 opinetur,
1052 5572 1402 5647 Hentenium
1454 5573 1665 5647 legisse
1696 5573 1846 5640 ἕξετε.

256 5645 369 5702 Sed
400 5645 685 5702 habebitis
712 5645 895 5712 dedit,
923 5646 1278 5704 sententiam
1298 5645 1559 5704 secutus.
1603 5649 1683 5704 De
1714 5664 1852 5704 coni

255 5717 486 5792 fusione
510 5723 844 5792 temporum
867 5734 1050 5792 supra
1061 5717 1385 5792 disputavit
1403 5719 1462 5774 in
1479 5715 1850 5792 Prefatione.

255 5782 396 5848 Vide
427 5782 656 5863 prestat".
672 5789 749 5848 ad
781 5782 1006 5863 Evan'g.
1039 5782 1237 5849 Matth.
1271 5795 1411 5864 pag.
1443 5789 1565 5847 118.

2034 5575 2144 5646 (56)
2167 5571 2400 5631 Inclusa
2429 5569 2650 5646 absunt
2679 5575 2743 5631 Α.

2033 5639 2146 5723 (ἴῃ)
2209 5647 2448 5723 Inclusa
2488 5642 2864 5723 rabsunt‘h.
2906 5639 3280 5723 _’Yntp€a_£vrs;,
3353 5645 3615 5721 intellige

1945 5721 2010 5786 ὀί
2043 5713 2242 5796 ’λοιποί
2299 5713 2684 5796 ξύαγγελισταί,
2744 5715 2960 5777 deinde
3017 5713 3146 5796 φασί
3189 5713 3451 5782 Ματθαῐος
3520 5713 3614 5793 μὶν

1961 5821 2029 5832 —-
2055 5793 2264 5868 Μάρκος
2287 5784 2364 5846 δέ.
