4130 6320
587 340 724 404 1359

587 561 938 630 Bethphage
961 558 1035 615 ad
1066 565 1317 614 montem
1347 558 1680 620 Oliuarum,
1716 563 1860 611 tunc
1883 557 2052 612 Jesus
2079 557 2238 612 misit

586 650 724 705 duos
749 648 1057 718 discipulos
1105 647 1174 714 “,
1206 652 1262 702 et
1291 651 1530 701 cmtera.
1572 644 1801 699 Marcus
1870 656 2002 699 vero
2031 661 2043 698 :
2083 645 2238 700 Dum

587 737 1074 808 appropinquant
1093 735 1520 804 Hierosolymis
1532 733 1612 789 ad
1635 733 1940 803 Betphage
1961 740 2013 788 et
2028 734 2233 788 Betha-

587 829 770 892 niam,
791 828 978 896 juxta
1010 832 1261 879 montem
1290 821 1610 886 Oliuarum,
1641 822 1823 877 mittit
1853 823 1994 877 duos
2017 838 2042 875 ε
2068 821 2242 877 disci-

587 915 739 988 pulis
777 915 896 970 suis
927 915 998 969 ⁸⁷.
1036 912 1298 970 Similiter
1327 917 1530 968 autem
1555 916 1612 967 et
1651 913 1838 968 Lucas
1863 911 1930 966 ³⁸.

663 1101 916 1167 Apparet
945 1107 1086 1162 ergo
1103 1090 1267 1164 quod
1298 1105 1576 1160 egressus
1600 1088 1831 1146 adomo
1860 1089 2080 1156 Lazari,
2105 1104 2240 1144 cum

590 1183 788 1240 adhuc
829 1181 1134 1237 Bethania:
1154 1185 1333 1248 esset,
1368 1177 1525 1234 misit
1555 1178 1898 1250 discipulos,
1926 1179 2242 1234 duxerunt-

587 1287 705 1344 que
735 1271 968 1327 asinam
997 1274 1051 1325 et
1087 1268 1342 1342 pullum.
1371 1268 1513 1322 Ideo
1557 1267 1752 1323 cmteri
1782 1267 2026 1340 quidem
2065 1283 2242 1324 evan-

589 1358 832 1430 gelistae,
881 1365 1174 1430 tanquam
1223 1356 1566 1429 simpliciter
1609 1359 1968 1428 procedente
2032 1372 2241 1411 versus

588 1448 996 1520 Hierosolyma
1016 1446 1270 1512 Christo,
1292 1450 1535 1503 narrant
1563 1462 1573 1499 :
1611 1461 1729 1501 non
1746 1446 2244 1517 interrumpentes

588 1552 929 1593 sermonem
976 1535 1197 1591 itineris
1234 1551 1442 1592 versus
1485 1535 1916 1606 Hierosolyma,
1949 1550 2054 1605 per
2083 1550 2241 1599 eam,

587 1643 726 1700 quas
751 1625 826 1682 de
857 1629 1072 1681 Lazaro
1116 1631 1288 1691 esset,
1340 1625 1724 1680 mentionem.
1779 1622 2038 1678 Joannes
2079 1639 2242 1688 vero,

587 1731 725 1788 quas
781 1713 1016 1770 silentio
1067 1718 1362 1786 praeterita
1405 1718 1593 1779 erant,
1643 1712 1821 1768 latius
1855 1711 2091 1784 scripsit
2122 1727 2143 1778 ,·
2171 1713 2246 1767 de

1908 329 2264 400 EUTHYMH
2303 331 2628 398 ZlGABENI

594 473 696 530 Ubi
739 471 1310 542 appropinquassent
1367 468 1804 538 Hierosolymis,
1839 467 2237 539 venissentque
2270 469 2317 522 A
2348 469 2427 520 ὅτι
2513 469 2627 540 (58)

3857 349 3884 402 1
3895 349 4016 402 ὶίιεῖιδ.1

2721 468 2842 523 Ὀτε
2941 475 3163 543 ἤγγισαν
3255 474 3329 535 εἰς

2350 555 2501 615 ἦλθον
2555 558 2625 617 εἰς
2679 559 2789 629 (59)
2840 562 3086 632 Βηθφαγὴ
3144 567 3273 636 πρὸς
3317 566 3373 614 τὸ
3433 567 3557 636 ὄρος
3587 572 3701 614 τῶν
3739 564 4006 616 Ἐλαιῶν.

2347 651 2460 697 τοτε
2525 647 2550 696 ὁ
2609 645 2807 708 Ἰησοῦς
2872 647 3138 702 ἀπέστειλε
3217 647 3310 703 δύο
3381 653 3665 724 μαθητὰς,
3753 659 3849 703 καὶ
3941 672 4008 702 72.

2351 733 2466 811 ἑξῆς
2494 749 2508 764 ⁹
2539 738 2745 809 Μάρκος
2797 734 2856 788 δε
2895 739 2975 790 ὅτι
3003 737 3126 791 Ὀτε
3159 742 3372 811 ἣγγισεν
3406 741 3523 811 (60)
3568 741 3652 802 εἰς
3692 741 4004 813 Ἱεροσῶν-

2350 843 2444 894 μα,
2473 824 2539 884 εὶς
2562 827 2804 896 Βηθφαγὴ
2827 831 2913 878 καὶ
2940 830 3193 884 Βηθανίαν
3212 833 3340 902 πρὸς
3363 837 3420 881 το
3440 834 3565 904 ὅρος
3593 839 3712 881 τῶν
3743 831 4000 884 Ἐλαιων,

3421 473 3806 548 Ἱεροσόλυμα,
3906 483 4006 524 ιιαέ

2350 911 2648 965 ἀποστέλλει
2705 911 2800 966 δύο
2855 924 2952 967 τῶν
3008 919 3254 988 μαθητῶν
3293 919 3455 970 αὐτου
3491 938 3504 949 ·
3543 920 3766 990 ὁμοίως
3809 916 3868 971 δὲ
3913 941 3998 968 zz:

2352 1005 2579 1062 Λουκᾶς.

2422 1095 2660 1143 Φαίνεται
2693 1089 2779 1144 οὖν
2810 1095 2908 1155 ὅτι,
2945 1093 3155 1157 ἐξελθὼν
3195 1096 3295 1148 ἀπὸ
3356 1105 3445 1148 τού
3506 1101 3670 1149 οἶκον
3732 1107 3831 1149 τού
3887 1106 4004 1149 A2-

2353 1178 2534 1250 ξάρου,
2587 1186 2676 1232 καὶ
2730 1181 2804 1234 ἔτι
2851 1182 2898 1234 ἐν
2944 1187 3172 1256 Βηθανίᾳ
3223 1187 3288 1237 ὡν
3341 1185 3618 1238 ἀπέστειλε
3688 1193 3830 1246 τοὺς
3899 1209 4006 1257 μει-

2355 1268 2535 1336 θητὰς,
2590 1275 2679 1321 xui
2734 1275 2927 1343 ἤγαγον
2973 1278 3064 1331 τὴν
3115 1277 3222 1326 ὄνον
3279 1279 3484 1326 καὶτὸν
3537 1275 3757 1329 πῶλον.
3809 1280 3906 1327 Διὸ
3963 1297 4005 1325 ει

2353 1359 2440 1428 μὲν
2493 1357 2637 1410 α’λλοι
2691 1359 3071 1432 εύαγγελισταὶ,
3131 1365 3195 1422 ως
3283 1363 3456 1424 ἁπλῶς
3549 1361 3861 1426 ὁδεύοντος
3921 1365 4000 1414 ex:

2352 1448 2418 1496 τὰ
2445 1445 2772 1520 Ἰεροσόλυμα
2825 1457 2914 1501 τοῦ
2945 1457 3199 1522 Χριστοῦ,
3254 1448 3592 1523 διηγοῦνται,
3647 1459 3736 1524 μὴ
3810 1451 4000 1506 διακε-

2353 1533 2542 1604 φαιτες
2607 1541 2692 1588 τὸν
2741 1537 2890 1609 λόγον
2940 1547 3033 1601 τῆς
3083 1539 3163 1592 ἐπὶ
3220 1544 3285 1592 τὰ
3345 1540 3709 1615 Ἰεροσόλυμα
3782 1550 4002 1614 πορείας

2353 1632 2415 1696 τῇ
2445 1631 2622 1699 μνήμη
2676 1635 2736 1699 τῇ
2785 1631 2921 1680 κατὰ
2967 1632 3052 1680 τὸν
3094 1630 3333 1703 Λάζαρον
3369 1647 3380 1658 ·
3414 1632 3440 1682 ὁ
3490 1627 3552 1682 δὲ
3607 1631 3881 1691 Ἰωάννης
3938 1636 4000 1681 τέ

2355 1719 2866 1788 παρασεσιωπημένα
2895 1720 2984 1788 μὲν
3018 1717 3326 1790 πλατύτερον
3360 1721 3579 1791 ἱστορεῖ·
3609 1722 3687 1771 τὰ
3729 1725 3880 1771 κατα
3913 1725 4000 1770 τὲδ

588 1804 753 1876 pullo
810 1809 1010 1859 autem
1065 1820 1132 1859 ac
1184 1802 1452 1874 sequenti
1505 1801 1714 1857 itinere
1755 1802 2241 1874 compendiosius

2361 1804 2520 1855 πῶλον
2553 1800 2610 1856 δὲ
2632 1809 2720 1856 καὶ
2742 1810 2833 1863 τὴν
2852 1806 2968 1868 ἑξῆς
2995 1803 3115 1858 ὁδὸν
3143 1809 3514 1882 ἐπιτομῶτερον
3555 1811 3625 1869 ὡς
3651 1819 4001 1882 προεπορε-

589 1892 754 1965 quod
778 1892 908 1963 jam
955 1893 1291 1963 conscripta
1321 1896 1530 1946 essent.

664 1982 784 2036 Hoc
802 1986 1000 2036 autem
1028 1980 1208 2035 etiam
1240 1979 1614 2035 considerare
1641 1984 1892 2051 oportet,
1947 1978 2104 2050 quod
2159 1977 2242 2041 hi,

589 2071 692 2141 qui
724 2068 1053 2140 palmarum
1086 2085 1287 2124 ramos
1318 2068 1648 2139 gestabant,
1682 2069 1950 2123 exierunt
1980 2067 2242 2132 obviam,

590 2157 693 2230 qui
747 2172 888 2212 vero
930 2171 1237 2211 ramorum
1291 2155 1731 2211 multitudinem
1792 2156 1870 2210 ab
1925 2154 2244 2210 arboribus

591 2245 972 2301 casdebantac
987 2243 1314 2300 sternebant
1328 2245 1382 2298 in
1402 2243 1513 2314 via,
1523 2251 1817 2316 postquam
1830 2243 2242 2310 occurrissent,

591 2333 921 2403 caedebant,
950 2335 1024 2389 de
1049 2333 1268 2404 quibus
1292 2333 1598 2388 Mattheus
1621 2333 1921 2405 et.lllarcus
1947 2332 2241 2388 dixerunt.

661 2424 821 2477 Vers.
863 2427 942 2478 14.
977 2421 1133 2478 Sicut
1158 2453 1223 2462 —
1261 2421 1428 2477 Vers.
1463 2427 1545 2478 15.
1599 2425 1807 2480 asinae.
1849 2420 1974 2477 Noli
2015 2422 2243 2490 timere,

591 2529 731 2569 nam
765 2518 1114 2568 mansuetus
1149 2517 1256 2578 est,
1290 2516 1490 2568 etnon
1533 2512 1685 2567 sicut
1738 2511 1929 2576 multi,
1993 2510 2091 2581 qui
2141 2510 2244 2565 tibi

589 2602 883 2659 dominati
934 2607 1092 2672 sunt,
1147 2603 1363 2668 minax,
1397 2607 1451 2657 et
1501 2601 1778 2672 injustus,
1807 2617 1878 2657 ac
1937 2605 2240 2672 tyrannus.

591 2693 798 2757 Quaere
841 2696 1060 2755 autem,
1111 2690 1212 2746 ubi
1256 2691 1537 2762 praedicto
1587 2690 1778 2762 capite
1817 2689 2072 2744 dicitur:
2125 2687 2246 2744 Hoc

589 2792 779 2837 autem
797 2786 982 2835 totum
990 2780 1224 2848 factum
1239 2785 1341 2844 est,
1359 2787 1419 2834 ut
1443 2777 2007 2849 compleretur,quod
2027 2778 2242 2833 dictum

589 2873 670 2925 est
707 2883 816 2938 per
840 2869 1187 2938 prophetam
1210 2871 1254 2903 ³⁹
1279 2873 1335 2924 et
1372 2874 1585 2924 cmtera
1610 2885 1623 2922 :
1654 2867 1736 2923 ibi
1759 2867 2052 2940 siquidem
2072 2867 2246 2922 inter-

588 2956 979 3028 pretationem
1007 2957 1288 3012 invenies.

661 3044 833 3110 Quod
866 3045 913 3099 si
941 3047 1200 3100 Joannes
1253 3059 1471 3100 nomen
1503 3045 1844 3100 Mansuetus
1890 3043 2109 3109 omisit,
2169 3058 2243 3098 ne

2356 1896 2500 1962 μένα.

2430 1986 2526 2032 Καὶ
2557 1988 2706 2034 τοῦτο
2738 1979 2796 2034 δὲ
2822 1987 2930 2058 χρή
2965 1982 3299 2057 ἐπιτηρῆσαι,
3327 1986 3408 2036 ὅτι
3448 1988 3512 2036 τὰ
3543 1990 3642 2056 μὲν
3705 1985 3858 2058 βοίὶα
3901 1997 4002 2037 τῶν

2357 2076 2593 2141 φοινίκων
2647 2069 3000 2142 βαστάζοντες
3033 2072 3239 2135 ἐξῆλθον
3295 2073 3365 2134 εἰς
3404 2075 3746 2130 ὑπάντησιν.
3795 2077 3908 2136 Οὓς
3945 2075 4000 2128 ἴε

2356 2162 2565 2210 ἔκοπτον
2593 2157 2816 2220 κλάδους
2839 2161 2938 2212 ἀπὸ
2969 2170 3066 2212 τῶν
3095 2158 3320 2236 δένδρων
3347 2168 3436 2214 καὶ
3465 2161 3814 2234 ἐστρώννυον
3851 2165 3902 2217 ἐν

2355 2243 2483 2317 ὁδῷ,
2520 2251 2649 2319 μετὰ
2687 2253 2744 2300 τὸ
2788 2250 3082 2308 ὑπαντῆσαι
3121 2253 3353 2318 ἔκοπτον,
3407 2257 3522 2324 περὶ
3570 2252 3641 2302 ὧν
3707 2257 3997 2312 Ματθαως

2354 2341 2443 2387 καὶ
2475 2339 2680 2411 Μάρκος
2708 2334 2895 2410 sinam]

2429 2428 2604 2486 Καθὼς
2635 2458 2702 2466 —-
2729 2431 2863 2478 ὄνου.
2899 2427 2987 2486 Μὴ
3022 2427 3200 2500 φοϐοῦ,
3231 2431 3400 2502 πραῢς
3428 2431 3529 2502 γὰρ
3561 2428 3712 2498 ἐστι,
3750 2438 3850 2483 xui.
3883 2435 3990 2502 οὐχ

2355 2516 2417 2574 ὡς
2440 2517 2486 2564 oi
2525 2515 2702 2566 πολλοὶ
2733 2524 2831 2567 τῶν
2865 2515 3288 2588 βασιλευσάντων
3327 2537 3443 2582 σου,
3479 2517 3696 2579 ἀπηνὴς
3733 2527 3833 2572 καὶ
3865 2519 3986 2572 ἰδι-

2355 2623 2438 2663 κος
2469 2608 2557 2655 καὶ
2582 2606 2846 2677 τύραννος.
2877 2611 3015 2663 Ζήτη
3028 2625 3114 2657 σον
3136 2602 3194 2658 δὲ
3216 2605 3262 2658 ἐν
3286 2614 3355 2676 τῷ
3385 2603 3677 2663 ὃηλωθέντι
3709 2609 3978 2680 κεφαλαίῳ

2354 2697 2411 2743 το
2446 2712 2457 2722 ο
2493 2699 2656 2745 Τοῦτο
2698 2690 2755 2746 δὲ
2787 2694 2899 2746 ὅλον
2927 2699 3149 2766 γέγονεν,
3206 2696 3289 2746 ἵνα
3316 2695 3564 2768 πληρωθῇ
3597 2700 3661 2748 τὸ
3691 2697 3862 2770 ῥηθὲν
3890 2696 3973 2749 δια

2355 2789 2445 2832 τοῦ
2477 2787 2765 2854 προφήτου,
2829 2789 2917 2836 καὶ
2963 2786 3025 2836 τὰ
3069 2783 3186 2846 ἑξῆς
3225 2801 3236 2812 ·
3271 2786 3374 2836 εκεῖ
3416 2786 3518 2857 γὰρ
3565 2787 3832 2859 εὑρήσεις
3887 2793 3966 2841 τί)

2357 2869 2643 2944 ἑρμηνείαν.

2425 3046 2484 3100 Εἰ
2515 3043 2572 3100 δὲ
2612 3045 2801 3120 ἀφῆκεν
2851 3049 2876 3100 ὁ
2929 3048 3159 3109 Ἰωάννης
3195 3052 3250 3102 τὸ
3284 3052 3474 3122 Πραῦς,
3507 3055 3580 3122 μὴ
3632 3053 3940 3126 θαυμάπ;’

588 3134 931 3191 admireris:
953 3134 1288 3206 frequenter
1306 3132 1467 3188 enim
1492 3133 1780 3188 dictiones
1811 3132 2045 3204 aliquas
2076 3133 2241 3187 Vete-

2361 3135 2600 3197 πολλάκις
2655 3141 2754 3211 γὰρ
2821 3137 2978 3200 λέξεις
3043 3141 3181 3199 τινας
3246 3147 3342 3191 τῶν
3405 3148 3641 3192 παλαιῶν
3705 3144 3936 3216 παραιφ-

591 3224 672 3280 ris
703 3224 1057 3280 Testamenti
1076 3223 1434 3296 relinquunt,
1469 3222 1761 3294 autquasi
1782 3223 2086 3277 memorias
2118 3237 2240 3276 non

589 3320 989 3378 occurrentes,
1005 3318 1108 3369 aut
1126 3313 1298 3386 quasi
1325 3328 1429 3385 per
1441 3329 1510 3368 ea
1541 3328 1675 3383 quas
1699 3315 2025 3383 sequuntur
2049 3309 2242 3367 decla-

589 3410 770 3458 ratas.
813 3406 960 3460 Nam
983 3419 1120 3459 cum
1153 3419 1333 3473 super
1357 3401 1591 3474 pullum
1617 3402 1818 3456 sedeat
1842 3399 2048 3466 asinus,
2076 3417 2244 3455 man-

592 3498 795 3548 suetus
833 3492 1038 3563 utique
1085 3496 1174 3547 est
1203 3507 1272 3546 ac
1323 3491 1652 3546 modestus.
1696 3489 1807 3546 Sed
1831 3496 1886 3545 et
1913 3489 2114 3545 sedens
2172 3505 2242 3545 ac

589 3581 907 3637 ascendens
934 3580 1093 3636 idem
1152 3579 1506 3648 signiﬁcant,
1540 3595 1670 3634 cum
1713 3595 1811 3648 per
1858 3578 2125 3633 eamdem
2157 3577 2240 3632 di-

589 3671 848 3726 ctionem
865 3669 1212 3724 Hebraicam
1225 3667 2030 3737 signiﬁcentur.Rursumque
2044 3664 2242 3736 pullus

589 3759 777 3816 asina:
809 3758 1014 3814 asinus
1043 3762 1150 3822 est,
1182 3761 1238 3812 et
1265 3755 1458 3828 pullus
1502 3755 1658 3810 ﬁlius
1689 3754 2044 3825 subjugalis.

661 3848 823 3904 Vers.
858 3849 940 3903 16.
960 3847 1105 3903 Haec
1135 3877 1189 3887 —
1209 3845 1426 3916 primo.
1457 3845 1620 3910 Haec,
1641 3850 1786 3916 puta
1817 3843 1958 3899 talia
1980 3841 2239 3914 prophe-

590 3940 708 3995 tica
729 3937 906 4004 dicta,
931 3951 1054 3992 non
1097 3939 1497 4006 cognoverunt
1521 3939 1658 3990 ante
1679 3948 1932 3997 crucem,
1973 3931 2138 4003 quod
2168 3931 2242 3987 de

589 4044 660 4084 eo
690 4027 969 4098 praadicta
996 4025 1263 4080 fuissent.

663 4115 824 4171 Vers.
863 4118 945 4169 16.
969 4113 1084 4169 Sed
1115 4143 1178 4153 —
1198 4113 1271 4169 ei.
1297 4112 1621 4184 Postquam
1651 4110 2007 4180 gloriﬁcatus
2036 4115 2242 4182 estper

591 4219 830 4262 crucem
854 4202 1438 4268 etresurrectionem,
1470 4207 1607 4256 tunc
1640 4217 1744 4272 per
1775 4202 2024 4271 Spiritus
2055 4200 2239 4255 sancti

591 4292 1048 4349 descensionem
1074 4290 1366 4346 recordati
1394 4295 1548 4354 sunt,
1577 4292 1734 4361 quod
1748 4290 1872 4344 hazc
1903 4287 2243 4361 pr0phetica

591 4383 795 4442 omnia
826 4386 1066 4453 pr0pter
1113 4396 1252 4436 eum
1301 4380 1520 4452 scripta
1549 4384 1754 4434 essent
1794 4380 1916 4434 sive
1949 4380 2023 4434 de
2069 4394 2160 4444 eo,
2189 4384 2244 4434 et

590 4472 756 4546 quod
801 4471 927 4527 haec
983 4469 1189 4526 omnia
1239 4485 1375 4542 quas
1429 4469 1648 4541 scripta
1699 4473 1854 4534 sunt,
1883 4467 2143 4523 fecerant
2191 4467 2240 4522 ei

588 4560 797 4618 Judaei.

663 4651 833 4705 Vers.
869 4649 956 4703 17.
980 4647 1395 4705 Testimonium
1420 4645 1603 4719 igitur
1629 4645 1978 4716 perhibebat
2002 4676 2064 4688 —
2094 4661 2241 4702 mor-

593 4740 730 4797 tuis.
752 4738 1163 4795 Testimonium
1189 4737 1544 4810 perhibebat
1571 4735 1645 4792 de
1677 4738 1870 4807 signo,
1899 4735 2062 4808 quod
2085 4737 2243 4793 circa

594 4833 876 4887 Lazarum
925 4827 1212 4883 ediderat.
1685 4893 1690 4904 ζ

663 4919 836 4977 Vers.
886 4917 972 4972 18.
1004 4914 1323 4986 Propterea
1352 4945 1421 4958 -—
1471 4915 1718 4989 signum.
1751 4914 1951 4973 Turba
1995 4914 2242 4988 quidem

664 5125 713 5162 ³⁸
736 5122 934 5183 Matth.
959 5137 1078 5193 xxi,
1101 5121 1153 5178 1.
1232 5121 1274 5158 ³⁷
1309 5122 1485 5180 lare.
1513 5137 1593 5190 xi,
1629 5125 1680 5180 1.

2354 3226 2624 3290 πάνουσιν,
2679 3227 2708 3284 ἡ
2770 3228 2834 3286 ὡς
2894 3232 2965 3299 μὴ
3009 3226 3092 3279 ἐπὶ
3134 3233 3342 3300 μνήμην
3386 3228 3566 3289 ἰούσας
3616 3230 3647 3286 ἦ
3684 3234 3764 3292 ὡς
3797 3232 3955 3304 Elusat-

2351 3318 2562 3386 νομένας
2623 3322 2730 3375 τοῖς
2780 3315 2916 3377 ἑξῆς.
2979 3316 3118 3368 Ἐπεὶ
3175 3320 3275 3389 γὰρ
3350 3319 3579 3374 κάθηται
3652 3316 3745 3370 ἐπὶ
3809 3321 3961 3371 nat-iss

2352 3407 2486 3473 ὄνου,
2548 3407 2752 3466 πάντως
2803 3405 2973 3476 πραύς
3027 3403 3140 3457 ἐστι
3204 3410 3290 3457 καὶ
3344 3404 3592 3466 ἐπιεικής.
3653 3407 3832 3459 Ἀλλά
3890 3415 3966 3458 xxi

2350 3496 2408 3544 ’τό
2461 3494 2759 3564 καθήμενος
2789 3498 2877 3544 καὶ
2917 3497 2973 3545 τὸ
3012 3493 3362 3554 Ἐπιϐεϐηκὼς
3409 3498 3465 3546 τὸ
3514 3495 3643 3546 αύτό
3705 3493 3969 3554 δηλοῦσι,

2354 3585 2716 3653 σημαινούσης
2773 3583 3041 3656 ἀμφότερα
3088 3592 3179 3644 τῆς
3242 3582 3518 3657 Ἐϐραῐκῆς
3565 3582 3761 3645 λέξεως
3823 3606 3835 3617 ·
3889 3590 3973 3636 καὶ

2351 3666 2499 3732 αὖθις
2525 3671 2550 3722 ὁ
2581 3670 2745 3733 πῶλος
2773 3679 2861 3731 τῆς
2894 3675 3008 3723 ὄνου
3030 3676 3135 3732 ὄνος
3165 3671 3392 3738 ἐστὶ,καὶ
3413 3673 3582 3734 πῶλος
3611 3675 3730 3735 υἱὸς
3766 3677 3974 3736 ὑποζυ-

2348 3765 2486 3830 γίον.

2421 3854 2597 3900 Ταῦτα
2656 3879 2724 3889 -
2761 3856 2979 3922 πρῶτον.
3007 3856 3204 3916 Ταῦτα,
3245 3854 3363 3908 ἤτοι
3402 3853 3469 3902 τὰ
3495 3858 3719 3903 τοιαῦτα
3761 3873 3973 3926 προφη-

2350 3938 2470 3986 me
2496 3936 2632 4009 ρητά
2669 3937 2762 3989 οὐκ
2787 3940 3015 4010 ἔγνωσαν
3055 3942 3152 4011 πρὸ
3183 3945 3272 3991 τοῦ
3297 3947 3520 4011 σταυροῦ
3544 3941 3623 3991 ὅτι
3653 3946 3778 4012 περὶ
3802 3943 3970 3994 αὐτοῦ

2353 4021 2506 4082 ἦσαν.

2422 4113 2555 4166 Ἀλλ’
2596 4145 2662 4156 -
2695 4115 2854 4186 αὐτῷ.
2895 4113 3018 4168 Ὀτε
3043 4111 3302 4178 ἐδοξάσθη
3348 4115 3441 4168 διὰ
3465 4124 3555 4168 τοῦ
3590 4126 3838 4190 σταυροῦ
3881 4125 3965 4170 καὶ

2350 4210 2444 4263 τῆς
2466 4201 2819 4269 ἀναστάσεως,
2853 4209 2966 4256 τότε
2997 4201 3088 4256 διὰ
3118 4213 3214 4267 τῆς
3270 4203 3646 4276 imponis-cru;
3678 4219 3774 4258 τοὺ
3809 4209 3961 4279 ἁγίου

2355 4294 2650 4364 Πνεύματος
2679 4291 3010 4364 ἐμνήσθησαν
3042 4295 3121 4344 ὅτι
3150 4301 3310 4346 ταῦτα
3344 4297 3408 4345 τὰ
3453 4298 3762 4367 προφητυιὰ
3795 4302 3960 4348 πάντα

2354 4377 2425 4432 δι’
2453 4381 2607 4433 αὑτὸν
2631 4382 2745 4452 (61)
2779 4379 2912 4440 ἦσαν
2951 4387 3302 4456 γεγραμμένα,
3337 4388 3454 4442 ἦτοι
3490 4388 3608 4456 περὶ
3647 4385 3845 4452 αὐτοῦ,
3874 4395 3952 4436 καὶ

2353 4471 2432 4521 ὅτι
2470 4477 2636 4522 ταῦτα
2688 4473 2858 4524 πάντα
2896 4474 2961 4524 τὰ
3005 4475 3337 4546 γεγραμμένα
3396 4471 3646 4530 ἐποίησαν
3707 4475 3854 4544 αὐτῷ
3911 4495 3950 4525 οι

2357 4555 2627 4612 Ἰουδαῖοι.

2425 4648 2734 4722 Ἐμαρτύρει
2763 4644 2849 4701 οὖν
2870 4680 2937 4688 —
2966 4657 3175 4723 νεκρῶν.
3201 4652 3513 4725 Ἐμαρτύρει
3543 4655 3666 4726 περὶ
3698 4661 3789 4705 τοῦ
3817 4654 3930 4702 κιττά

2352 4740 2438 4790 τὸν
2463 4737 2703 4811 Λάζαρον
2737 4743 2980 4812 σημείου.

2424 4919 2520 4970 Διὰ
2573 4925 2725 4972 τοῦτο
2775 4949 2844 4960 —
2898 4925 3130 4992 σημεῖον.
3181 4917 3240 4970 ⁸0
3299 4920 3456 4992 ὄχλος
3503 4921 3596 4992 μὶν
3655 4929 3756 4973 τῶν
3809 4939 3942 4977 τηνι-

1757 5121 1803 5158 ³⁸
1832 5121 1971 5202 Luc.
2001 5136 2123 5190 xix,
2156 5123 2244 5204 2‘9.
2323 5123 2368 5158 ³ο
2411 5121 2606 5206 Matth.
2647 5137 2760 5189 xxi,
2792 5125 2846 5180 4.
2893 5184 2901 5189 ,
2984 5191 2996 5207 ⁸

1840 5325 2066 5397 Varias
2089 5327 2418 5400 lectiones
2462 5337 2528 5398 et
2572 5337 2772 5400 notae.

684 5527 773 5601 58)
802 5525 890 5586 ita
927 5521 1176 5601 correxi,
1219 5527 1345 5601 loco
1371 5529 1451 5577 ὅτι
1489 5543 1568 5580 τε.

660 5598 778 5674 (59)
819 5602 1102 5672 Βηθσφαγὴ
1121 5598 1446 5674 legebatur.

666 5666 779 5746 (60)
815 5666 991 5746 Apud
1014 5666 1274 5746 Marcum
1296 5675 1401 5746 est,
1434 5667 1757 5746 ζγγίςονσιν.
1794 5666 1909 5746 ljec
1969 5666 2138 5746 aliter
2162 5667 2246 5746 ibi

587 5751 650 5810 in
675 5737 955 5805 eonteitu
981 5741 1204 5799 habent
1227 5738 1403 5795 codd.
1440 5737 1762 5810 Euthymii.
1795 5741 1892 5795 Est
1930 5753 2072 5810 ergo
2123 5739 2243 5796 hic.

2357 5527 2652 5607 corruptio
2680 5541 2786 5598 per
2805 5524 3328 5611 ne.gligen.tiam,ex
3351 5527 3483 5586 loco
3501 5530 3788 5604 parellelo
3818 5528 3975 5594 Mat-

2357 5598 2514 5651 thaei.
2548 5599 2613 5651 Et
2642 5593 2964 5651 Hentemus
2987 5599 3234 5651 0mde
3257 5600 3509 5651 ἤγγισαν-
3534 5609 3599 5651 nt
3625 5603 3808 5651 habet
3830 5609 3974 5651 Im.

2357 5598 2514 5653 theei.
2548 5599 2613 5652 Et
2642 5598 2964 5653 Hentenius
2987 5599 3234 5671 quidem
3257 5598 3599 5673 ἢγγισανξιλῐ
3622 5603 3808 5663 habet
3829 5609 3974 5667 lat-

2357 5669 2570 5733 thmus,
2601 5670 2832 5724 videtur
2861 5669 3103 5740 legisse.
3150 5738 3156 5740 _

2425 5740 2539 5813 (61)
2578 5740 2662 5797 Ita
2699 5738 2954 5814 explicat
2990 5744 3048 5794 τὸ
3079 5738 3158 5795 ἐπ’
3182 5741 3340 5817 αὐτῷ.
