4130 6320
247 294 444 351 1361

1312 288 1678 350 COMMENT.
1721 290 1793 348 IN
1829 291 2175 349 JOANNEM.
2220 324 2286 334 —
2325 291 2479 349 CAP.
2523 293 2642 348 XII.

3535 293 3679 353 1362

245 428 484 473 καῦτοι
535 421 926 474 πιστευσάντων
1014 418 1308 495 ἐμαρτύρει·
1374 420 1399 470 ὁ
1475 417 1627 491 ὄχλος
1701 415 1760 471 δὲ
1811 425 1882 470 τῶ

2028 435 2236 476 eorum
2265 420 2371 492 qui
2395 425 2534 477 tunc
2561 419 2954 487 crediderant,
2971 421 3376 478 testimonium
3405 423 3676 494 perhibe-

245 508 647 562 ἀκουσάντων
676 511 968 567 ὑπήντησεν
1000 512 1137 578 αύτῷ
1165 511 1274 582 μετ’
1306 508 1492 561 αύτῶν.

362 692 444 742 Οἱ
499 696 585 742 οῦν
645 695 920 763 Φαρισαῖοι
971 720 1039 729 -
1087 687 1302 747 ἀπῆλθε.
1360 692 1567 760 Κόσμον
1615 689 1680 738 τὰ
1732 687 1905 745 πλήθη

249 778 571 850 λέγουσιν·
649 779 854 830 Ὀπίσω
937 775 994 830 δε
1075 778 1234 829 αὐτοῦ
1315 776 1557 842 ἀπῆλθεν,
1643 775 1755 828 ἀντὶ
1818 783 1907 827 τοῦ

259 867 613 921 Ἀκολουθεί
675 867 834 938 αύτῷ.
889 867 948 921 Εἰ
1017 870 1106 939 μὲν
1181 863 1269 919 οὖν
1322 870 1635 942 Φαρισαίους
1689 865 1908 917 ἐνταῦθα

253 963 516 1017 νοήσεις
571 961 691 1018 τοὺς
749 955 1191 1019 ἐπιϐουλεύοντας,
1247 961 1532 1029 μέμφονται
1584 955 1786 1015 ἑαυτοῖς
1844 958 1908 1015 ὡς

1075 778 1234 829 αὐτοῦ
1315 776 1557 842 ἀπῆλθεν,

257 1045 387 1097 οὐκ
449 1045 697 1097 ἀνύουσιν
737 1042 886 1098 οὐδὲν
929 1042 1020 1098 διὰ
1048 1045 1326 1120 ῥαθυμίαν
1387 1047 1430 1097 εἰ
1467 1041 1742 1116 δὲμᾶλλον
1791 1048 1907 1105 τοὺς

257 1136 684 1196 πιστεύσαντας
734 1137 824 1206 μὲν
871 1137 1192 1208 κρύπτοντας
1237 1132 1295 1186 δὲ
1341 1138 1434 1192 τὴν
1477 1139 1656 1186 πίστιν
1697 1129 1790 1186 δ’ιά
1817 1137 1904 1185 τὸν

263 1222 455 1296 φόϐον
487 1231 584 1275 τῶν
624 1223 806 1275 ἄλλων·
841 1227 1127 1295 μέμφονται
1161 1223 1275 1275 καθ’
1309 1223 1519 1284 ἑαυτοὺς
1547 1231 1656 1284 τοῖς
1698 1222 1904 1275 ἐπιϐου-

261 1312 538 1364 λεύουσιν
595 1315 665 1373 ὡς
717 1313 886 1384 μάτην
939 1309 1309 1373 σπουδάζουσι
1371 1316 1460 1363 καὶ
1507 1312 1599 1363 ούκ
1659 1310 1901 1365 ἀνύουσιν

269 1397 475 1454 οὐδέν.

443 1585 587 1632 ΚΕΦ.
629 1577 728 1632 ΙΕ’.
776 1583 901 1652 Περὶ
941 1587 1038 1630 τῶν
1068 1577 1450 1650 προσελθόντων
1480 1577 1752 1635 Ἐλλώνων.

1011 1667 1195 1720 Πολλοὶ
1267 1669 1368 1739 ’γὰρ
1443 1666 1679 1728 Ἓλληνες

1430 1754 1722 1820 Ἰουδαίων,

351 1667 536 1720 Ἦσαν
614 1699 677 1710 -
764 1667 931 1740 ἑορτῇ.
1011 1667 1195 1720 Πολλοὶ
1267 1669 1368 1739 ’γὰρ
1443 1667 1679 1728 Ἓλληνες
1783 1668 1893 1740 (62)

263 1754 648 1829 ἀσπαζόμενοι
725 1761 811 1815 τὴν
887 1759 1166 1828 θρησκείαν
1241 1764 1340 1807 τῶν

266 1845 774 1916 θέλοντεςγενέσθαι
801 1845 1122 1919 προσήλυτοι
1149 1844 1407 1898 ἀνέϐαινον
1435 1851 1518 1897 καὶ
1543 1848 1888 1919 προσεκύνουν

263 1937 322 1986 ἰεν
357 1943 427 1992 τῆ
476 1933 646 2008 ἑορτῇ,

347 2023 519 2075 Οὗτοι
570 2055 635 2063 -
690 2020 843 2077 ἰδεῖν.
885 2026 1223 2083 Ἀκούσαντες
1253 2027 1345 2081 τὴν
1376 2028 1492 2098 περὶ
1522 2023 1682 2076 αὑτοῦ
1713 2028 1888 2095 φήμην

267 2113 523 2165 θέλουσιν
555 2111 709 2164 αὐτὸν
744 2109 892 2164 ἰδεῖν.

345 2208 608 2274 ’Ἔρχεται
651 2233 712 2241 -
756 2198 994 2276 Ἀνδρέα.
1049 2207 1170 2275 Περὶ
1228 2211 1325 2252 τῶν
1382 2200 1628 2259 Ἑλλήνων
1674 2204 1881 2264 τούτων,

267 2293 340 2349 ὡς
365 2289 484 2361 (63)
513 2296 745 2362 πρώτων.

352 2385 459 2430 Καὶ
493 2379 644 2430 πάλιν
680 2409 740 2419 —-
778 2377 1070 2453 ἀνθρώπου.
1115 2379 1253 2431 Ἐπεὶ
1299 2384 1412 2431 τότε
1442 2379 1636 2450 ἔμελλεν
1689 2378 1889 2432 ἀποθα-

265 2475 377 2518 νεῖν
413 2469 494 2519 ὅτε
527 2469 575 2519 οἰ
605 2471 694 2539 μὲν
729 2465 977 2520 Ἰουδαῖοι
1006 2473 1309 2541 κυρώσουσι
1340 2471 1424 2518 τὸν
1457 2467 1616 2518 αύτοῦ
1648 2469 1885 2536 θάνατον,

272 2559 344 2607 τὰ
416 2553 475 2608 δὲ
548 2557 663 2614 ἔθνη
735 2556 980 2630 ἄρξονται
1050 2557 1446 2629 προσέρχεσθαι
1499 2555 1656 2625 αύτῷ·
1715 2560 1886 2626 γέγονε

274 2640 340 2695 δε
371 2640 481 2702 ἤδη
523 2650 794 2695 καὶτοῦτο
847 2643 1071 2695 κάκεῖνο·
1117 2643 1170 2705 ἐξ
1220 2643 1372 2694 ἐθνῶν
1402 2645 1502 2714 γὰρ
1551 2644 1597 2696 οἱ
1647 2644 1888 2717 ῥηθέντες

271 2731 532 2792 Ἕλληνες.
590 2737 770 2790 Φησίν⁶
822 2731 1094 2789 Ἐλήλυθεν
1153 2733 1176 2782 ὁ
1226 2735 1420 2806 καιρὸς,
1484 2734 1566 2783 ῐνα
1621 2730 1882 2786 ἀποθάνω.

277 2823 427 2872 Μετά
478 2823 577 2892 γὰρ
648 2824 732 2871 τὸν
803 2822 1018 2872 θάνατον
1075 2824 1163 2870 καὶ
1236 2825 1324 2877 τὴν
1383 2818 1670 2872 ἀνάστασιν
1717 2821 1885 2894 ἔμελλε

278 2905 617 2969 δοξασθῆυαι
700 2907 748 2959 ἐν
819 2914 951 2959 πᾶσι
993 2916 1101 2970 τοῖς
1149 2909 1334 2972 ἔθνεσι,
1384 2911 1737 2981 κηρυχθέντος
1791 2919 1883 2962 τοῦ

278 2996 591 3067 Εὖαγγελίου
648 2995 694 3047 ἐν
758 2995 855 3067 ὅλῳ
909 3004 979 3066 τῷ
1038 3002 1239 3068 κόσμῳ.
1314 3003 1411 3050 Καὶ
1461 3000 1544 3050 ὅτε
1596 2996 1778 3062 ἔδοξαν
1834 3003 1881 3052 οἱ

274 3082 530 3138 Ἰουδαῖοι
581 3084 768 3137 σϐέσαι
797 3090 887 3143 τὴν
921 3083 1079 3147 δόξαν
1132 3086 1314 3150 αὐτοῦ,
1367 3092 1480 3139 τότε
1530 3087 1644 3158 (64)
1687 3088 1878 3160 μᾶλλον
1923 3119 1961 3174 C

274 3175 498 3246 ἔλαμψεν
531 3175 602 3235 εἰς
633 3181 806 3226 πᾶσαν
841 3179 932 3232 τὴν
963 3175 1290 3245 οἰκουμένην.

351 3266 368 3336 [
428 3265 564 3316 Ἐπεὶ
788 3263 874 3314 οὖν
923 3261 1178 3316 Ἰουδαῖοι
1224 3268 1312 3337 μὲν
1369 3268 1497 3336 μετὰ
1551 3262 1875 3336 διασκέψεως

278 3353 538 3427 ἐκύρωσαν
592 3357 680 3404 τὸν
735 3353 888 3404 αύτου
951 3354 1187 3415 θάνατον,
1239 3356 1304 3405 τὰ
1353 3356 1469 3411 ἔθνη
1507 3351 1565 3406 δὲ
1612 3354 1876 3414 ἐζήτησαν

280 3441 450 3505 αὐτὸν,
502 3440 706 3502 ἀνάξιον
753 3438 811 3499 ἦν
859 3449 953 3502 τῆς
993 3450 1082 3493 τοῦ
1135 3449 1269 3494 Θεοῦ
1318 3439 1661 3502 δικαιοσύνης
1709 3463 1874 3515 παραυ

281 3535 438 3602 μένειν
490 3532 564 3582 ἔτι
609 3537 719 3591 τοῖς
771 3529 999 3590 ἀνιάτοις
1044 3535 1132 3582 καὶ
1180 3537 1424 3605 περιορᾷν
1473 3535 1591 3593 τοὺς
1640 3531 1876 3603 ἑτοίμους

282 3619 349 3680 εἰς
397 3621 682 3692 θεραπείαν.
753 3624 851 3671 Καὶ
919 3615 1063 3670 διατί
1129 3624 1200 3690 μὴ
1271 3619 1455 3691 μετέϐη
1515 3625 1629 3672 τοτε
1682 3619 1764 3671 ἐπὶ
1813 3625 1876 3672 τά

281 3709 439 3771 ἔθνη;
494 3710 587 3758 Διά
643 3711 699 3758 τὸ
756 3707 1000 3780 περιελεῖν
1052 3714 1223 3759 πᾶσαν
1300 3707 1580 3779 ἀπολογίαν
1633 3707 1872 3780 ἀγνωμο-

285 3797 430 3855 σύνης
472 3805 569 3846 τῶν
615 3792 901 3848 Ἰουδκὶων·
955 3797 1012 3847 οὗ
1064 3801 1215 3867 μόνον
1245 3800 1346 3872 ’γὰρ
1380 3799 1530 3857 αὐτὸς
1561 3798 1618 3848 οὔ
1660 3797 1869 3869 μετέϐη,

284 3880 383 3932 ἀλλ’
428 3881 548 3935 οὐδὲ
578 3887 696 3945 τοὺς
743 3885 984 3955 μαθητὰς
1033 3883 1225 3956 ἀφῆκεν
1268 3886 1335 3946 εἰς
1380 3883 1502 3938 ὁδὸν
1530 3884 1682 3938 ἐθνῶν
1715 3884 1868 3937 ἀπε).-

284 3972 397 4036 θείν,
440 3977 527 4023 καὶ
576 3976 740 4046 μυρία
793 3975 1017 4044 πάσχων
1085 3975 1183 4025 ύπὸ
1243 3983 1341 4025 τῶν
1408 3973 1714 4048 ἀχαρίστων
1776 3976 1868 4026 οὐκ

282 4059 425 4119 ἀνῆκε
505 4057 798 4125 διδάσκων,
879 4064 1187 4132 θεραπεύων,
1283 4066 1368 4114 καὶ
1442 4065 1608 4116 πάντα
1678 4068 1866 4138 τρόπον

281 4149 558 4222 εὐεργετῶν,
591 4151 683 4213 ἕως
715 4149 905 4202 ἀνεῖλον
929 4150 1131 4223 αὐτὸν]

343 4237 492 4310 Ἀμὴν
554 4271 615 4280 -
671 4243 830 4311 φέρει.
912 4242 1382 4314 Παραμυθούμενος
1447 4245 1568 4304 τούς
1623 4244 1864 4314 μαθητὰς

282 4325 366 4380 ὃιά
415 4326 834 4400 παραδείγματος
892 4325 1258 4382 ἀποδείκνυσιν
1327 4333 1406 4383 ὅτι
1461 4336 1720 4404 συμφέρον
1772 4339 1861 4386 καὶ

284 4415 539 4488 ἀναγκαῖον
604 4417 875 4469 ἀποθανεῖν
942 4417 1114 4471 αὐτὸν.
1187 4423 1386 4491 Τρόπον
1447 4423 1547 4492 γὰρ
1627 4425 1774 4473 σίτου
1834 4424 1858 4474 ό

377 4472 388 4488 Ι
1229 4472 1237 4491 Ι
1455 4472 1467 4490 Ι
1519 4475 1528 4492 Α
1755 4472 1762 4473 7
1843 4472 1850 4474 ὴ

288 4508 478 4567 θάνατος
529 4507 642 4577 (66)
700 4507 859 4558 αύτού
900 4506 1113 4567 πολλοὺς
1166 4514 1568 4582 καρποφορήσει,
1605 4515 1692 4562 καὶ
1721 4530 1859 4580 70w-
1894 4472 1936 4524 Β

286 4601 496 4668 μώτατος
532 4599 678 4647 ἔσται
725 4600 810 4646 καὶ
848 4591 1136 4668 κερδαλέος.
1192 4600 1285 4648 Διά
1334 4603 1426 4655 τὴν
1475 4597 1856 4672 προρρηθεῖσαν

287 4687 374 4757 γὰρ
419 4685 582 4736 αἰτίαν
627 4688 755 4756 μετὰ
808 4688 892 4735 τὸν
944 4685 1160 4736 θάνατον
1215 4687 1375 4738 αὐτοῦ
1428 4685 1628 4759 ἔμελλον
1683 4689 1854 4759 οἰμα-

291 4775 425 4830 θηταὶ
475 4776 590 4844 (67)
648 4773 807 4823 αύτου
865 4771 1223 4831 ἀποσταλῆναι
1280 4775 1348 4836 εὶς
1404 4778 1460 4826 τὸ
1526 4777 1855 4847 μαθητεύσαι

1803 1763 1892 1810 καὶ
1935 1773 1974 1827 Β

2025 509 2161 576 bat;
2195 511 2368 566 turba
2393 525 2529 566 vero
2561 525 2762 565 eorum
2803 510 2906 582 qui
2962 509 3296 578 audierant,
3343 510 3579 569 obviam
3618 513 3674 570 ei

2021 616 2160 656 cum
2189 601 2302 656 illis
2337 599 2640 672 processit.

2089 691 2250 746 Vers.
2288 695 2372 746 19.
2403 690 2693 746 Pham’szi
2718 704 2938 759 ergo—
2968 689 3135 745 a’biz‘t.
3163 690 3447 746 Mnndum
3468 691 3676 750 dicunt

2017 779 2481 835 multitudinem.
2509 779 2641 834 Post
2677 794 2810 835 eum
2860 778 3024 842 abiit,
3079 778 3193 834 hoc
3247 784 3356 848 est,
3407 781 3675 852 sequitur

2019 884 2176 924 eum.
2212 869 2269 924 Si
2299 869 2477 937 igitur
2497 883 2602 939 per
2632 867 2963 923 Pharisaeos
2988 867 3279 936 intelligas
3298 869 3674 926 insidiatores

2017 958 2130 1013 sibi
2155 959 2298 1030 ipsis
2321 957 2726 1029 indignantur,
2753 957 2913 1030 quod
2941 972 3062 1028 pre
3088 958 3338 1027 segnitie
3367 959 3513 1014 nihil
3539 975 3673 1031 pro-

2018 1047 2221 1103 ﬁciant
2253 1065 2266 1114 ;
2300 1049 2346 1103 si
2373 1063 2514 1103 vero
2567 1062 2695 1114 eos,
2746 1047 2850 1119 qui
2894 1045 3293 1110 crediderant,
3335 1048 3441 1104 sed
3487 1049 3670 1106 ﬁdem

2017 1141 2255 1209 propter
2274 1137 2530 1193 aliorum
2559 1136 2838 1192 timorem
2857 1135 3256 1201 occultabant,
3279 1136 3671 1208 indignantur

2014 1227 2167 1298 apud
2196 1242 2256 1281 se
2295 1225 2760 1292 insidiatoribus,
2811 1225 2980 1298 quod
3038 1224 3258 1282 frustra
3303 1224 3668 1292 laborarent,

2011 1315 2279 1388 nihilque
2304 1315 2679 1387 proﬁcerent.

2219 1510 2370 1565 CAP.
2407 1509 2521 1564 XV.
2554 1509 2638 1566 De
2669 1509 2885 1566 Graecis
2911 1509 3016 1581 qui
3058 1513 3446 1566 accesserunt.

2078 1608 2240 1673 Vers.
2311 1621 2400 1673 20.
2454 1617 2892 1687 Erant—feto.
2953 1615 3105 1673 Multi
3142 1616 3438 1690 siquidem
3483 1617 3667 1674 (ἕτωοὶ

2006 1705 2228 1761 cultum
2246 1707 2554 1762 amantesJ
2564 1706 2894 1774 udaaorum,
2917 1709 2972 1762 et
2989 1706 3299 1777 cupientes
3315 1705 3440 1762 fieri
3463 1722 3665 1779 prose-

2009 1795 2109 1869 lyti
2132 1795 2536 1852 ascendebant
2557 1800 2610 1852 et
2641 1795 2973 1852 adorabant
3015 1795 3074 1850 in
3104 1795 3269 1852 festo.

2079 1992 2245 2048 Vers.
2280 1995 2368 2048 2t.
2399 1992 2484 2047 Hi
2506 2023 2570 2032 —
2605 1991 2821 2048 videre.
2849 1990 2996 2047 Cum
3016 1990 3090 2047 de
3118 1991 3250 2062 ejus
3272 1990 3436 2048 fama
3457 1991 3662 2049 audis-

2006 2085 2154 2146 sent,
2177 2081 2428 2152 cupiunt
2455 2096 2593 2135 eum
2621 2080 2836 2136 videre.

2075 2170 2236 2226 Vers.
2293 2169 2380 2224 '22.
2441 2170 2607 2225 Venit
2673 2201 2742 2210 —
2774 2169 3045 2226 Andrem.
3109 2170 3186 2226 De
3239 2168 3458 2226 Graecis
3531 2169 3660 2226 istis

2003 2263 2292 2330 tanquam
2324 2258 2560 2327 majori.

2074 2347 2238 2404 Vers.
2261 2347 2350 2403 22.
2387 2348 2776 2417 Rursumque.
2802 2347 3040 2401 —Vers.
3073 2350 3166 2404 23.
3207 2345 3478 2403 hominis.
3509 2346 3659 2412 Quia

1993 2440 2141 2495 tunc
2168 2435 2431 2491 futurum
2492 2440 2637 2498 erat,
2673 2439 2736 2490 ut
2793 2439 3139 2499 moreretur,
3182 2451 3321 2490 cum
3368 2435 3558 2490 Judaei
3584 2437 3657 2492 de

1999 2525 2129 2595 ejus
2150 2529 2335 2580 morte
2357 2524 2710 2579 sententiam
2734 2523 3022 2589 tulissent,
3040 2528 3247 2595 gentes
3271 2539 3407 2580 vero
3421 2523 3498 2579 ad
3515 2539 3655 2580 eum

1997 2613 2279 2668 accedere
2310 2613 2648 2684 cmpissent.
2709 2615 2875 2668 Nunc
2919 2615 3120 2667 autem
3175 2616 3232 2667 et
3278 2613 3393 2668 hoc
3424 2616 3478 2668 et
3508 2612 3656 2668 illud

1997 2700 2219 2756 factum
2260 2707 2347 2756 est
2389 2718 2401 2767 ;
2436 2716 2578 2756 nam
2607 2704 2664 2757 et
2687 2701 2827 2756 dicti
2876 2700 3066 2755 Graeci
3104 2715 3135 2755 e
3164 2701 3439 2769 gentibus
3463 2705 3651 2758 erant.

1995 2789 2090 2845 Ait
2131 2807 2143 2845 :
2178 2790 2350 2846 Venit
2384 2795 2647 2862 tempus,
2676 2795 2739 2844 ut
2763 2789 2998 2854 moriar,
3030 2788 3322 2861 siquidem
3351 2795 3482 2860 post
3499 2805 3655 2846 mor-

1994 2882 2111 2933 tem
2127 2894 2194 2933 ac
2208 2879 2703 2934 resurrectionem
2717 2877 3141 2947 gloriﬁcandus
3157 2884 3280 2934 erat
3295 2877 3356 2933 in
3370 2877 3650 2934 omnibus

1994 2965 2624 3037 gentibus,praadicato
2657 2965 2969 3038 Evangelio
2987 2965 3047 3021 in
3080 2966 3358 3022 universo
3385 2967 3641 3023 mundo.

1993 3053 2262 3127 Cumque
2339 3054 2680 3111 exstinxisse
2707 3055 2820 3111 sibi
2897 3055 3005 3110 visi
3075 3059 3216 3110 sunt
3269 3054 3459 3111 Judaei
3518 3056 3650 3127 ejus

1993 3142 2265 3213 gloriam,
2307 3149 2450 3200 tunc
2475 3145 2536 3200 in
2561 3144 2842 3200 universo
2864 3144 3008 3199 orbe
3041 3144 3232 3214 magis
3249 3144 3637 3216 resplenduit.

2064 3232 2215 3298 Quia
2239 3247 2376 3303 ergo
2396 3233 2423 3288 ,Ι
2435 3233 2588 3288 ιιᾱωὶ
2605 3248 2742 3288 cum
2755 3232 3180 3288 deliberatione
3193 3232 3549 3289 sententiam
3569 3233 3646 3291 de

1989 3339 2118 3408 ejus
2144 3344 2333 3394 morte
2362 3338 2633 3407 tulerant,
2661 3338 2978 3409 indignum
3016 3345 3141 3394 erat
3174 3338 3270 3393 Dei
3297 3337 3547 3409 justitia,
3583 3345 3646 3395 ut

1987 3427 2207 3482 diutius
2237 3429 2401 3498 apud
2432 3427 2790 3484 incurabi—les
2817 3431 3208 3498 permaneret,
3253 3441 3500 3499 eosque,
3537 3429 3643 3500 qui

1986 3517 2059 3572 ad
2087 3517 2460 3572 sanationem
2502 3517 2694 3587 parati
2731 3521 2919 3581 erant,
2969 3515 3318 3588 despiceret.
3363 3516 3426 3570 Et
3454 3532 3641 3587 quare

1983 3610 2126 3661 tunc
2156 3605 2234 3660 ad
2281 3612 2484 3677 gentes
2532 3621 2654 3660 non
2709 3605 2978 3660 transivit
3033 3604 3061 3659 ‘I
3113 3603 3182 3660 Ut
3227 3619 3472 3661 omnem
3529 3606 3638 3678 (ee)

1983 3693 2012 3747 J
2023 3695 2317 3749 udeeorum
2333 3695 2402 3748 de
2417 3693 2654 3764 perﬁdia
2667 3694 3113 3765 responsionem
3135 3693 3633 3752 circumcluderet:

1983 3798 2105 3837 non
2137 3783 2331 3838 solum
2361 3782 2522 3838 enim
2552 3783 2674 3853 ipse
2705 3797 2825 3838 non
2857 3783 3146 3848 transivit,
3170 3782 3277 3838 sed
3305 3799 3415 3838 nec
3460 3783 3634 3838 disci-

1983 3873 2156 3943 pulos
2178 3872 2238 3928 in
2283 3874 2434 3928 viam
2462 3873 2726 3943 gentium
2753 3873 2918 3928 abire
2966 3872 3251 3943 permisit,
3296 3888 3635 3945 passusque

1981 3961 2059 4017 ab
2090 3961 2334 4034 ingratis
2367 3961 2702 4025 innumera,
2736 3977 2856 4017 non
2905 3960 3140 4032 reliquit
3183 3960 3334 4027 illos,
3381 3960 3628 4027 docens,

1979 4067 2204 4107 sanans
2235 4067 2303 4107 ac
2334 4051 2531 4107 modis
2557 4051 2839 4107 omnibus
2870 4050 3154 4107 beneﬁcia
3172 4055 3489 4124 prastans,
3529 4052 3632 4108 do-

1975 4155 2084 4196 nec
2113 4139 2280 4195 illum
2313 4139 2677 4195 occiderunt.

2045 4248 2209 4304 Vers.
2235 4250 2323 4304 24.
2353 4250 2540 4302 Amen
2572 4277 2635 4288 —
2669 4246 2864 4316 aﬂ’ert.
2903 4245 3234 4318 Discipulos
3259 4245 3620 4314 consolatur,

1970 4335 2291 4390 ostendens
2316 4351 2422 4405 per
2437 4334 2979 4406 exemplum,quod
3006 4335 3142 4390 utile
3170 4335 3324 4390 sitac
3351 4351 3626 4392 necessa-

1970 4424 2128 4478 rium
2186 4429 2247 4479 ut
2301 4426 2426 4496 ipse
2457 4425 2743 4479 moriatur
2780 4439 2793 4488 ;
2827 4439 2970 4478 nam
3025 4423 3084 4478 in
3142 4423 3382 4480 modum
3448 4425 3624 4480 tritici

1971 4528 2131 4567 mors
2161 4513 2292 4584 ejus
2323 4513 2539 4568 multos
2559 4512 2762 4568 afferet
2787 4511 3036 4579 fructus,
3069 4511 3300 4584 eritque
3329 4512 3531 4568 fertilis
3552 4529 3624 4569 ac

1968 4601 2145 4658 utilis.
2179 4601 2422 4674 Propter
2451 4600 2799 4672 praedictam
2840 4600 2999 4656 enim
3031 4615 3278 4657 causam
3307 4606 3443 4674 post
3471 4616 3623 4657 mor-

1963 4695 2084 4745 tem
2111 4706 2275 4745 suam
2305 4690 2631 4761 discipulos
2662 4705 2802 4745 suos
2826 4690 3113 4745 missurus
3143 4695 3269 4746 erat
3317 4691 3374 4744 in
3409 4705 3621 4746 omnes

1965 4783 2265 4849 gentes,ut
2299 4779 2429 4850 jam
2457 4793 2617 4834 mors
2637 4778 2768 4850 ejus
2798 4778 2908 4833 vita
2945 4783 3098 4834 esset
3155 4779 3446 4849 gentium.
3477 4780 3621 4835 Mor-

1456 5005 1677 5074 Variae
1718 5007 2041 5075 lectiones
2062 5017 2126 5076 et
2156 5015 2356 5077 notae.

346 5251 437 5314 (62)
466 5251 796 5311 Ἠσπάζοντο
827 5253 891 5306 Α.

297 5321 438 5445 ,(63)
491 5328 684 5393 Πρώτῳ
735 5322 1178 5392 corrigendum,
1242 5323 1490 5380 refertur
1548 5326 1702 5381 enim
1773 5325 1849 5381 ad

297 5414 337 5445 κν
376 5398 463 5445 οέα.
508 5396 694 5445 Ataue
727 5394 806 5445 ita
839 5395 1180 5445 Hentenius.

290 5396 463 5464 ἀνδρέᾳ.
508 5396 694 5462 Atque
726 5396 806 5448 ita
839 5396 1180 5450 Hentenius.

349 5466 440 5534 (64)
469 5464 670 5518 Μᾶλλον
703 5465 866 5522 abest
897 5469 964 5520 A.

2033 5257 2148 5320 (65)
2181 5255 2413 5310 Inclusa
2440 5255 2659 5311 absunt
2682 5259 2746 5312 Α.
2963 5309 2974 5320 ,

2034 5327 2145 5393 (66)
2177 5329 2378 5389 Αύτούς
2405 5327 2630 5383 omisso
2656 5327 2875 5390 πολλούς
2890 5337 2946 5384 Β.

2032 5397 2144 5469 (67)
2172 5400 2343 5452 Αύτοὺ
2369 5398 2542 5455 abest
2567 5403 2631 5453 Α.

355 5669 449 5738 £0)
474 5670 557 5728 tU
578 5686 824 5737 omnem,
854 5675 964 5729 etc.
995 5672 1061 5728 Ut
1091 5687 1333 5730 omnem
1363 5671 1731 5745 ingratorum
1769 5673 2111 5733 Judaeorum
2141 5676 2584 5735 excusationem
2612 5675 2851 5737 tolleret.
