4130 6320
506 246 646 304 1363

509 461 734 519 Deinde
747 461 880 516 illos
893 475 1136 533 quoque
1150 461 1438 527 accendit,
1465 466 1527 516 ut
1544 466 1794 516 mortem
1808 460 2160 533 despiciant,

507 567 619 607 nec
649 551 706 606 in
733 550 1046 623 propositis
1083 551 1360 622 periculis
1416 550 1740 606 retinendae
1788 551 1921 606 vita:
1960 550 2164 623 cupidi

512 641 649 708 sint,
691 656 874 713 supra
903 638 1106 710 ﬁdem,
1133 656 1264 713 quas
1289 640 1349 696 in
1371 639 1573 712 ipsum
1599 645 1710 698 est.

583 819 746 876 Vers.
791 823 878 876 25.
912 819 1020 886 Qui
1047 849 1116 860 —
1141 833 1296 875 eam.
1347 819 1454 884 Qui
1486 822 1752 891 tempore
1792 818 2058 891 martyrii
2087 817 2168 872 vi-

511 913 585 965 tae
615 908 940 965 retinendae
967 907 1223 979 cupidus
1257 912 1362 972 est,
1421 907 1755 978 obsequens
1789 908 2003 963 animae
2046 923 2170 962 suas

512 998 649 1072 plus
672 1014 854 1070 quam
879 1001 1169 1068 oporteat,
1194 1012 1407 1052 amans
1426 1013 1560 1052 eam
1583 997 1736 1052 male
1753 997 2171 1068 concupiscen-

513 1091 631 1144 tem
659 1103 673 1141 :
711 1088 800 1142 Ne
827 1085 1150 1156 gradiaris,
1187 1087 1288 1150 ait,
1319 1086 1383 1140 in
1441 1086 1923 1154 concupiscentiis
1955 1085 2172 1141 animae

513 1177 710 1234 tuas“.
741 1175 849 1243 Qui
869 1178 1033 1230 amat
1060 1189 1197 1230 eam
1235 1190 1418 1246 supra
1452 1174 1662 1238 Deum,
1706 1173 1908 1246 perdet
1941 1189 2073 1229 eam
2111 1175 2170 1229 in

513 1263 715 1320 futuro
764 1262 1004 1328 saeculo,
1045 1263 1160 1318 hoc
1201 1267 1289 1318 est
1345 1264 1406 1318 in
1463 1262 1824 1335 supplicium
1880 1263 2168 1334 coujiciet,

515 1357 581 1409 ut
609 1352 710 1425 qui
737 1352 919 1408 fidem
954 1350 1288 1421 prodiderit.

587 1442 752 1497 Vers.
783 1443 869 1498 '25.
897 1441 1061 1498 Et—
1091 1456 1239 1497 eam.
1291 1441 1398 1506 Qui
1427 1441 1791 1497 contrarium
1851 1439 2008 1510 facit,
2061 1440 2175 1496 hoc

516 1535 620 1602 est,
680 1530 783 1603 qui
807 1529 1129 1586 retinenda:
1154 1530 1280 1584 vitae
1314 1545 1436 1585 non
1469 1530 1645 1584 nimis
1669 1530 1923 1601 cupidus
1954 1535 2058 1595 est,
2120 1533 2178 1585 ct

519 1625 748 1676 caetera.
767 1619 993 1674 Similia
1014 1634 1257 1692 quoque
1281 1618 1426 1674 dixit
1450 1619 1616 1690 juxta
1639 1617 1814 1674 ﬁnem
1829 1617 2044 1674 decimi
2063 1634 2179 1674 no-

518 1709 577 1766 ni
601 1709 775 1780 juxta
804 1708 1140 1764 Matthaaum
1171 1707 1405 1779 capitis,
1438 1713 1494 1763 et
1523 1706 1657 1763 aliis
1681 1709 1737 1761 in
1778 1707 1946 1763 locis.

593 1800 758 1855 Vers.
805 1801 897 1854 26.
924 1798 992 1853 Si
1021 1829 1086 1836 —
1117 1803 1419 1867 sequatur.
1459 1799 1541 1852 Me
1582 1802 1889 1869 sequatur,
1920 1811 2024 1868 per
2054 1796 2179 1850 imi-

519 1886 826 1951 tationem,
855 1885 967 1940 hoc
996 1888 1103 1948 est,
1145 1885 1193 1939 si
1223 1884 1360 1956 quis
1384 1900 1552 1940 meus
1583 1884 1826 1940 voluerit
1854 1899 1984 1938 esse
2015 1883 2181 1938 disci-

519 1973 718 2047 pulus,
749 1989 844 2028 me
869 1973 1146 2028 imitetur.
1183 1973 1718 2037 Quemadmodum
1747 1973 1906 2028 enim
1937 1987 2182 2028 necesse

521 2067 610 2128 est
645 2063 984 2117 ministrum
1015 2061 1181 2132 sequi
1199 2060 1538 2124 dominum,
1569 2061 1903 2134 itaquoque
1930 2059 2185 2132 discipu-

521 2149 647 2206 lum
674 2154 898 2222 oportet
932 2149 1098 2220 sequi
1126 2153 1576 2221 praeceptorem.

594 2240 756 2295 Vers.
789 2240 874 2294 26.
935 2239 1014 2295 Et
1066 2269 1135 2280 —
1164 2239 1294 2295 erit.
1347 2241 1458 2293 Aut
1506 2237 1665 2294 idem
1707 2254 1949 2295 rursum
1999 2243 2187 2310 prote-

524 2332 688 2384 stans
709 2327 865 2393 dicit,
893 2333 1015 2398 aut,
1040 2332 1366 2399 postquam
1383 2328 1455 2382 de
1479 2329 1752 2400 praesenti
1774 2328 2070 2384 malorum
2104 2333 2188 2384 to-

523 2417 774 2473 lerantia
803 2417 970 2486 dixit,
992 2417 1065 2472 de
1106 2416 1305 2473 futura
1358 2417 1539 2473 etiam
1591 2417 1818 2473 addidit
1863 2417 2182 2489 fruitione;

524 2507 631 2573 Qui
664 2523 756 2562 me
783 2506 1051 2579 sequitur
1076 2506 1136 2561 in
1164 2507 1386 2564 caelum
1415 2506 1794 2562 conscendet.

594 2597 755 2651 Vers.
785 2596 874 2652 26.
923 2597 998 2650 Et
1032 2627 1098 2635 —
1143 2597 1342 2652 Pater.
1405 2595 1768 2651 Gloriﬁcabit
1838 2611 1998 2662 eum,
2059 2599 2191 2651 tan-

525 2701 709 2758 quam
729 2685 1067 2740 ministrum
1089 2684 1330 2754 legitimi
1365 2685 1482 2740 Filii
1513 2686 1624 2740 sui.
1646 2685 1767 2741 Hoc
1790 2690 1985 2741 autem
2017 2685 2187 2752 dixit,

526 2773 817 2845 quoniam
847 2773 1044 2828 adhuc
1063 2773 1296 2828 Patrem
1313 2789 1441 2828 esse
1471 2775 1761 2844 majorem
1790 2791 1860 2829 eo
1877 2774 2184 2847 putabant.

527 2862 607 2917 Ne
638 2861 772 2932 quis
803 2867 1004 2916 autem
1031 2861 1209 2928 dicat,
1235 2861 1400 2934 quod
1427 2861 1596 2918 facile
1619 2865 1690 2918 de
1716 2869 1902 2918 morte
1929 2863 2184 2934 philoso-

527 2949 767 3022 phatur,
802 2949 982 3021 utqui
1009 2955 1175 3005 extra
1223 2951 1552 3006 humanam
1583 2952 1656 3006 sit
1707 2951 2182 3024 imbecillitatem,

1823 243 2174 302 EUTHYMII
2213 242 2547 304 ZIGABENI

507 377 625 430 tom
655 375 854 430 autem
869 369 1041 428 tritici
1051 369 1304 444 intellige
1318 370 1460 428 mihi
1489 371 1932 444 corruptionem
1946 371 2157 444 ipsius.

2304 374 2440 425 ’άντα
2501 373 2566 424 τὰ
2621 372 2760 441 ἔθνη,
2819 375 2909 424 καὶ
2965 370 3142 426 λοιπὸν
3197 373 3223 424 ὁ
3277 373 3501 434 θανάτος
3569 371 3802 424 αὐτοῦ
3883 372 3994 432 ζ-ιιτ

2271 471 2369 514 τῶν
2395 461 2566 516 ἐθνῶν.
2592 463 2815 515 Θάνατον
2851 457 2908 513 δὲ
2936 467 3084 515 σίτου
3107 465 3209 515 νόει
3232 482 3324 535 μοι
3350 468 3447 522 τὴν
3478 464 3739 534 φθορὰ-δ
3787 461 3998 512 αὖτε-δ-

2273 548 2398 604 Εἶτα
2463 553 2759 624 παραθήγει
2858 556 2948 603 καὶ
3035 551 3221 612 αὐτοὺς
3311 550 3395 603 ἐπὶ
3498 554 3571 602 τὸ

2269 647 2369 693 νεῖν
2399 647 2489 692 τοῦ
2538 641 2780 700 θανάτου,
2826 644 2916 692 καὶ
2944 645 3016 712 μὴ
3057 640 3366 712 φιλοψυχεῖν
3399 639 3450 692 ἐν
3481 646 3612 700 τοῖς
3651 658 3994 712 προκειμ-

2272 747 2379 790 νοις
2407 724 2664 788 κινδύνοις
2693 729 2819 801 ὑπὲρ
2852 737 2942 789 τῆς
2973 728 3046 790 εἰς
3077 729 3234 781 αὐτὸν
3262 734 3490 791 πίστεως
3511 775 3527 785 ,

2343 816 2402 869 Ὀ
2437 849 2500 857 -
2544 817 2725 874 αὑτήν.
2776 816 2835 868 Ὀ
2889 817 3196 889 φιλοψυχῶν
3254 817 3301 869 ἐν
3358 827 3541 890 καιρῷ
3857 839 3993 888 μῖξ-

2275 911 2478 980 τυρίου,
2529 907 2554 958 ό
2585 906 2930 981 χαριζόμενος
2970 915 3031 979 τῇ
3073 907 3226 980 ψυχῇ
3263 911 3406 980 παρὰ
3447 912 3506 958 τὸ
3575 903 3768 968 δέον,
3829 911 3860 957 ὁ
3917 929 3988 976 ga-

2275 995 2372 1048 λὼν
2427 996 2587 1053 αὐτὴν
2662 993 3016 1066 ἐπιθυμοῦσαν
3065 1004 3259 1056 κακώςο
3319 1000 3402 1054 Μὴ

2280 1263 2512 1335 μέλλοντι
2558 1262 2728 1330 αἰῶνι,
2784 1261 3076 1334 [τουτέστιν
3113 1262 3247 1334 (ἷΟ),
3290 1263 3359 1323 εἰς
3399 1263 3664 1317 κόλασιν
3703 1262 3972 1336 eiu-61);:

2283 1355 2346 1413 ὡς
2368 1346 2767 1426 προδεδωκυῖαν
2799 1355 2892 1408 τὴν
2919 1351 3142 1421 πίστιν]

2356 1445 2455 1493 Καὶ
2500 1471 2569 1480 -
2626 1440 2812 1498 αὐτὴν.
2860 1446 2918 1491 '0
2968 1439 3259 1491 τούναντίον
3313 1449 3501 1510 ποιῶν,
3546 1444 3766 1511 ἤγουν
3830 1443 3861 1493 ὁ
3902 1448 3968 1512 μέ·

2285 1528 2612 1602 φιλοψυχῶν,
2645 1533 2734 1580 καὶ
2765 1532 2828 1580 τά
2859 1528 2992 1592 ἑξῆς.
3038 1527 3222 1601 Εἱρηκε
3275 1526 3606 1581 δὲτοιαῦται
3661 1537 3783 1583 καὶ
3841 1537 3972 1601 rei;

2283 1627 2353 1670 τῶ
2402 1617 2533 1669 τέλει
2594 1625 2684 1669 τοῦ
2748 1614 3201 1670 ἐννεακαιδεκάτου
3281 1617 3573 1690 κεφαλαίου
3642 1628 3762 1671 τοῦ
3831 1640 3970 1671 κατα

2211 1729 2253 1784 Β
2287 1705 2554 1761 Μάτθαῖον
2585 1704 2699 1778 [καὶ
2729 1706 2841 1776 (7i)
2874 1705 2922 1757 ἐν
2949 1705 3164 1778 ἄλλοις]

3154 1795 3300 1852 Ἐμοὶ
3374 1794 3784 1849 ἀκολουθείτω
3875 1793 3967 1848 5::

2290 1889 2580 1958 μιμήσεως,
2653 1887 2917 1936 τουτέστιν
2999 1882 3080 1935 ἐὰν
3158 1883 3270 1956 ἐμοὶ
3353 1886 3768 1955 μαθητεύηταί
3863 1905 3964 1945 τις.

2291 1973 2376 2046 ἐμὴ
2406 1975 2696 2046 μιμείσθω.
2761 1971 2961 2045 Ὠσπερ
3015 1975 3116 2046 γὰρ
3173 1972 3449 2044 ἀναγκαῖον
3501 1978 3600 2025 τὸν
3658 1976 3959 2046 ὑπηρέτει

2293 2064 2507 2115 ἔπεσθαι
2559 2070 2632 2132 τῷ
2688 2067 2872 2134 κυρίῳ,
2935 2061 3069 2113 οὕτω
3116 2066 3329 2114 καὶτὸν
3376 2064 3637 2133 μθητὴν
3719 2074 3808 2134 τῷ
3877 2061 3962 2116 ὄι-

2297 2148 2571 2222 δασκσίλῳ.

2361 1797 2476 1850 Ἐὰν
2549 1826 2620 1836 --
2701 1793 3062 1848 ἀκολουθείτω.

2367 2243 2466 2292 Καὶ
2518 2271 2587 2280 -
2622 2241 2787 2294 ἔσται.
2835 2239 2904 2293 Ἥ
2949 2240 3101 2292 πάλιν
3151 2243 3208 2293 τό
3264 2240 3391 2292 αὐτὸ
3422 2241 3565 2312 λέγει
3604 2238 3956 2314 διαμαρτυ-

2295 2332 2522 2402 ρόμενος,
2572 2329 2601 2387 ἡ
2668 2333 2785 2402 περὶ
2842 2337 2938 2391 τῆς
2987 2332 3272 2390 ἐνεστώσης
3324 2332 3710 2391 κακοπαθείας
3762 2331 3948 2388 εἰπὼν,

2296 2419 2585 2492 προσέθηκε
2635 2423 2724 2470 καὶ
2779 2423 2898 2490 περὶ
2953 2427 3049 2479 τῆς
3099 2418 3386 2489 μελλούσης
3441 2417 3824 2483 ἀπολαύσεως
3867 2424 3941 2472 5::

2295 2507 2352 2558 Ὀ
2382 2504 2496 2578 ἐμοὶ
2529 2504 2819 2558 ἀκολουθῶν
2852 2511 2919 2567 εὶς
2946 2509 3030 2558 τὸν
3062 2506 3275 2580 οὐρανόν
3308 2506 3670 2565 ἀναϐήσεται.

2371 2599 2470 2648 Καὶ
2521 2625 2590 2634 —
2647 2598 2849 2668 Πατὴρ.
2901 2595 3115 2656 Δοξάσει
3168 2595 3344 2659 αὐτόν,
3395 2598 3460 2656 ὡς
3499 2597 3797 2667 ὑπηρέτην
3849 2607 3932 2650 τοῦ

2295 2688 2515 2755 γνησίου
2543 2683 2664 2735 Υἰοῦ
2704 2682 2886 2736 αὐτοῦ.
2919 2689 3078 2736 Τοῦτο
3120 2681 3178 2736 δὲ
3209 2681 3334 2749 εἶπε,
3369 2680 3513 2736 διότι
3555 2688 3639 2738 ἔτι
3681 2691 3779 2739 τὸν
3823 2695 3925 2740 Πα-

2294 2777 2415 2847 τέρα
2467 2772 2681 2844 μείζονα
2744 2771 2903 2830 αὑτοῦ
2958 2771 3210 2844 ἐνόμιζον.
3263 2772 3372 2825 Ἵνα
3425 2769 3484 2825 δὲ
3531 2779 3608 2843 μὴ
3673 2779 3804 2848 tim;
3855 2796 3920 2834 τίς

2297 2863 2375 2914 ὅτι
2433 2861 2576 2920 ἐκτὸς
2641 2868 2731 2921 τῆς
2809 2859 3137 2934 ἀνθρωπίνης
3209 2861 3470 2923 ἀσθενείας
3559 2868 3631 2914 ὧν
3715 2867 3913 2923 riui»;

2297 2954 2412 3024 περὶ
2459 2951 2680 3002 θανάτου
2733 2949 3016 3022 φιλοσοφεῖ,
3093 2946 3359 3002 δείκνυσιν
3422 2953 3505 3002 ὅτι
3589 2957 3695 3006 καὶ
3779 2956 3895 3008 ait;

529 3037 808 3102 ostendit,
833 3038 1065 3110 quodet
1098 3038 1242 3110 ipse,
1277 3046 1568 3111 tanquam
1598 3040 1803 3106 homo,
1837 3041 2080 3096 indutus
2103 3047 2186 3097 est

2304 3042 2363 3099 ὡς
2407 3040 2675 3110 ἄνθρωπος
2732 3043 3020 3111 περίκειται
3069 3043 3164 3097 τὴν
3215 3038 3478 3092 ἀσθένειαν
3522 3050 3628 3103 τῆς
3695 3048 3895 3115 φύσεως.

529 3131 759 3184 naturae
780 3127 1142 3194 inﬁrmitate,
1176 3127 1310 3183 ideo
1332 3127 1526 3200 primo
1549 3134 1777 3185 naturas
1810 3130 2099 3195 concedit,
2128 3136 2192 3186 ut

531 3216 696 3289 quod
715 3233 884 3272 suum
905 3222 991 3272 est
1022 3217 1299 3289 patiatur,
1317 3215 1527 3273 deinde
1559 3219 1820 3290 seipsum
1837 3218 1914 3275 ad
1942 3219 2189 3276 toleran-

530 3305 675 3362 tiam
703 3304 1010 3369 confortat,
1036 3311 1276 3378 prapter
1301 3305 1360 3360 id
1393 3307 1550 3378 quod
1592 3309 1994 3364 necessarium
2013 3313 2100 3364 est
2122 3325 2191 3365 ac

532 3394 693 3450 utile.
725 3394 871 3449 Vide
901 3395 1062 3450 enim
1094 3395 1232 3467 quid
1263 3393 1424 3452 dicat
1455 3413 1468 3450 :

605 3483 774 3538 Vers.
808 3485 896 3538 27.
940 3485 1118 3540 Nunc
1154 3516 1224 3527 —
1255 3486 1495 3541 turbata
1535 3493 1638 3542 est.
1683 3493 1952 3542 Humano
2007 3488 2192 3544 modo

534 3577 840 3628 commota
870 3587 1093 3644 angore
1133 3573 1384 3646 trepidat
1411 3581 1652 3647 propter
1677 3574 1997 3632 instantem
2035 3593 2192 3632 mor-

537 3665 679 3716 tem.

606 3750 778 3809 Vers.
809 3754 896 3806 2‘7.
926 3745 1004 3807 Et
1035 3753 1182 3824 quid
1201 3753 1396 3809 dicam
1427 3751 1455 3806 ?
1487 3753 1677 3809 Haeret
1708 3770 1824 3826 prae
1858 3754 2094 3812 timore.

607 3839 768 3897 Vers.
801 3845 888 3896 27.
917 3841 1097 3898 Pater
1127 3872 1187 3882 —
1215 3842 1347 3898 hac.
1371 3841 1576 3898 Libera
1608 3858 1703 3899 me
1729 3859 1800 3899 ex
1828 3844 1939 3900 hoc
1955 3843 2194 3900 terribili

536 3943 608 3984 ac
641 3929 870 3985 funesto
893 3935 1180 4002 tempore.
1203 3931 1523 4004 Postquam
1550 3931 1774 3996 hrec,ut
1808 3933 2006 4000 homo,
2032 3933 2192 3998 dixit,

537 4018 808 4074 humana
830 4018 1142 4074 formidine
1168 4019 1594 4088 circumdatus,
1625 4021 1883 4094 seipsum
1909 4022 2196 4078 refocillat

539 4121 607 4161 ac
638 4105 934 4162 confortat
960 4107 1166 4162 dicens
1211 4125 1224 4161 :

611 4196 775 4251 Vers.
817 4197 906 4250 27.
939 4195 1055 4251 Sed
1086 4226 1151 4238 -—
1182 4197 1354 4254 hanc.
1404 4197 1718 4270 Propterea
1763 4204 2030 4256 servatus
2061 4216 2195 4256 sum

539 4283 603 4340 in
632 4282 747 4339 hoc
778 4288 1038 4354 tempus,
1063 4289 1126 4340 ut
1147 4301 1308 4340 nunc
1343 4302 1605 4344 morerer
1636 4307 1649 4356 ;
1678 4290 1806 4359 jam
1835 4289 2036 4360 itaque
2066 4290 2198 4344 viri-

2299 3131 2385 3180 Διό
2439 3136 2638 3202 πρῶτον
2717 3130 2807 3199 μὲν
2883 3135 3154 3201 συγχωρεῖ
3219 3135 3282 3201 τῇ
3351 3131 3501 3200 φύσει
3554 3132 3810 3203 πάσχειν
3865 3139 3908 3182 τι

2299 3213 2458 3281 ἴδιον,
2491 3213 2602 3270 εἶτα
2647 3216 3033 3291 παραθαρῥύνει
3072 3217 3252 3269 ἑαυτὸν
3298 3217 3368 3279 εὶς
3396 3221 3455 3270 τό
3487 3218 3781 3290 ὑπομεῖναι
3832 3219 3912 3274 διε

2299 3310 2357 3358 τὸ
2386 3304 2665 3378 ἀναγκαῖον
2693 3311 2783 3358 καὶ
2812 3311 3100 3381 χρήσιμον.
3133 3305 3268 3382 Ὀρα
3305 3310 3406 3380 γὰρ
3437 3311 3490 3359 τί
3525 3328 3663 3379 φησι
3689 3327 3707 3376 ;

2370 3491 2478 3538 Νῦν
2571 3514 2640 3525 -
2719 3485 3053 3558 τετάρακται.
3125 3484 3478 3557 Ἀνθρωπίνως
3559 3487 3918 3559 τεθορύϐηται

2303 3573 2582 3647 ἀγωνιῶσα
2608 3569 2702 3626 διὰ
2739 3576 2825 3626 τὸν
2857 3571 3133 3645 ἐγγίζοντα
3168 3575 3404 3626 θάνατον.

2377 3755 2477 3804 Καὶ
2513 3756 2565 3803 τί
2591 3755 2716 3804 εἱπω
2741 3768 2754 3818 ;
2781 3750 3156 3824 Ἀπορούμενος
3193 3752 3291 3804 ὑπὸ
3320 3760 3410 3813 τῆς
3439 3751 3687 3823 ἀγωνίας.

2374 3843 2542 3913 Πάτερ
2597 3872 2666 3881 -
2716 3843 2932 3903 ταύτης.
2991 3840 3172 3894 Ῥῦσαί
3222 3861 3284 3914 με
3324 3841 3377 3893 ἐκ
3417 3849 3508 3894 τοῦ
3559 3852 3748 3916 καιροῦ
3796 3850 3911 3898 τοῦ·

2303 3950 2416 3999 του,
2461 3938 2554 3982 τοῦ
2602 3928 2837 4004 φοϐεροῦ,
2884 3938 2976 3982 τοῦ
3009 3933 3388 4003 θανατηφόρου.
3429 3938 3607 3984 Ταῦτα
3655 3934 3811 3986 εἰπὼν
3843 3940 3911 3998 ὡς

2303 4020 2570 4093 ἄνθρωπος
2626 4024 2714 4071 καὶ
2771 4020 2837 4080 ὡς
2895 4017 3219 4092 ἀνθρωπίνην
3279 4017 3473 4072 δειλίαν
3539 4021 3903 4097 περιϐεϐλημέ-

2303 4129 2405 4172 νος,
2443 4106 2723 4159 ἀνακτᾶται
2753 4106 2931 4159 ἑαυτὸν
2963 4113 3050 4160 καὶ
3083 4108 3414 4184 ἐπιρῥωννύει
3444 4109 3620 4180 λέγων’

2378 4195 2531 4249 Ἀλλὰ
2582 4228 2650 4236 ——
2721 4199 2932 4255 ταύτην.
2987 4199 3082 4249 Διά
3151 4205 3303 4250 τοῦτο
3356 4197 3610 4272 ἐτηρήθην
3669 4201 3759 4261 ἕως
3813 4211 3896 4253 τοῦ

2305 4291 2392 4337 νῦν
2430 4293 2614 4359 καιροῦ
2669 4281 2764 4336 διά
2808 4288 2866 4337 τό
2916 4283 3188 4339 ἀποθανεῖν
3240 4285 3286 4338 ἐν
3351 4291 3534 4358 τούτῳ,
3591 4292 3681 4340 καὶ
3720 4289 3892 4342 λοιπὸν

537 4371 672 4428 liter
697 4369 848 4428 ferre
878 4377 1128 4445 oportet.
1161 4373 1376 4431 Relicta
1399 4391 1540 4444 ergo
1583 4377 1755 4431 nobis
1802 4377 2088 4431 naturalis
2133 4377 2186 4433 ti-

2308 4379 2415 4447 χρὴ
2487 4380 2649 4447 φέρειν
2711 4379 2975 4444 γενναίως.
3033 4374 3323 4427 Ἀπολιπὼν
3395 4376 3481 4427 οὖν
3534 4378 3655 4447 ἡμῖν
3718 4383 3886 4448 μέτρω

541 4460 724 4516 moris
750 4477 1034 4519 mensura
1056 4478 1126 4519 ac
1165 4463 1523 4520 fortitudinis
1565 4469 1964 4528 monumento,
1995 4480 2200 4521 rursus

542 4549 626 4605 ait
654 4566 668 4604 :

614 4638 780 4694 Vers.
829 4643 917 4694 28.
987 4640 1169 4697 Pater
1208 4657 1522 4699 —nomen.
1549 4641 1719 4711 Quod
1743 4641 1906 4714 apud
1937 4642 2201 4698 caelestes

540 4726 787 4781 virtutes
857 4727 1254 4796 gloriﬁcatum
1323 4736 1432 4796 est,
1494 4731 1768 4800 gloriﬁca
1813 4731 1990 4786 etiam
2057 4730 2204 4786 illud

542 4829 748 4870 coram
820 4815 1168 4872 hominibus
1217 4823 1436 4874 terram
1485 4819 1903 4886 incolentibus,
1958 4835 2064 4891 per
2111 4835 2200 4883 ea.

545 4919 682 4975 quas
700 4903 760 4958 in
780 4909 967 4961 morte
990 4921 1125 4962 mea
1152 4906 1350 4964 futura
1379 4913 1516 4964 sunt
1537 4909 1708 4978 signa
1740 4924 1753 4974 ;
1776 4907 2045 4977 gloriﬁca
2061 4907 2206 4964 illud

545 5006 653 5064 per
679 4991 932 5064 gloriam
969 4994 1231 5053 nominis
1253 4997 1391 5062 mci,
1425 4997 1854 5070 siquidemmea
1883 4995 2073 5068 gloria
2103 5001 2208 5054 tua

549 5083 657 5138 est.

624 5222 671 5260 ‘0
700 5223 873 5282 Eccli.
901 5239 1065 5294 xvm,
1098 5225 1189 5284 30.

2312 4472 2538 4535 φυσικῆς
2599 4459 2817 4532 δειλίας,
2889 4468 2978 4516 καὶ
3051 4465 3393 4537 ὑπογραμμὸν
3457 4461 3685 4539 ἀνδρίας,
3746 4468 3876 4519 πσὲλν

2310 4551 2465 4623 λέγει’

2385 4642 2550 4712 Πάτερ
2627 4672 2696 4681 -
2761 4645 2940 4713 ὄνομα.
3005 4638 3386 4713 Δεδοξασμένον
3450 4646 3501 4694 ὄν
3587 4648 3719 4718 παρὰ
3770 4648 3850 4699 rari;

2314 4729 2580 4802 οὐρανίαις
2613 4726 2890 4802 δυνάμεσι,
2935 4727 3158 4793 δόξασόν
3209 4731 3333 4782 αὐτὸ
3384 4736 3473 4783 καὶ
3510 4735 3654 4804 παρά
3679 4740 3759 4792 rei;
3789 4728 3860 4781 ἰπὶ

2313 4827 2412 4890 γῆς
2467 4817 2751 4891 ἀνθρώποις
2804 4816 2899 4871 διὰ
2951 4828 3049 4870 τῶν
3111 4818 3390 4891 μελλόντων
3458 4818 3541 4872 ἐπὶ
3587 4829 3654 4872 τῶ
3705 4824 3870 4890 θανάτῳ

2317 4926 2416 4980 μου
2443 4909 2680 4979 γενέσθαι
2730 4912 2974 4979 σημείων.
3011 4907 3236 4971 Δόξασον
3265 4907 3392 4960 αὗτό
3423 4905 3516 4962 διὰ
3554 4918 3641 4972 τῆς
3667 4918 3747 4964 τοῦ
3769 4909 3875 4982 ἐμοῦ

2317 4997 2561 5070 ὀνόματος
2590 4993 2768 5061 δόξης’
2799 4998 2829 5055 ἡ
2863 4999 2962 5070 γὰρ
2997 4995 3092 5070 ἐμὴ
3121 4993 3250 5062 δόξα
3291 5001 3380 5056 σή.

1756 5323 1979 5394 Variae
2017 5325 2346 5395 lectiones
2377 5332 2440 5392 et
2469 5332 2670 5392 notas.

650 5463 740 5538 68)
758 5467 1060 5538 Μαρῖνρίας
1075 5472 1134 5523 B-

650 5464 717 5518 68
758 5467 1134 5538 ΜαρτυρίαςΒ.

557 5464 851 5669 ωὲφζϐίιο.
879 5536 1176 5611 Chrysost.
1205 5536 1366 5597 hunc
1425 5535 1620 5596 locum
1654 5537 1881 5596 laudat.
1913 5543 1951 5594 t.
1979 5539 2122 5604 Vlll,
2150 5556 2210 5614 p.

2394 5466 2506 5537 (70)
2539 5465 2774 5523 Inclusa
2806 5465 3030 5523 absunt
3061 5469 3126 5524 Α.

2396 5537 2506 5609 (7t)
2536 5537 2766 5596 inclusa
2796 5538 3018 5596 absunt
3041 5543 3106 5594 Α.

3851 244 4004 300 ίὲἑῖιί

3667 570 3976 620 κατα-ξεῖ

3495 1015 3620 1069 πορ
3632 1000 3797 1048 εὑου
3872 1002 3931 1060 (ἦ
3943 1002 3986 1050 Ξδι

2276 1088 2399 1158 γὰρ,
2461 1089 2636 1156 φησὶν,
2695 1083 2742 1136 ἐν
2788 1092 2898 1145 ταῖς
2949 1082 3250 1156 ἐπιθυμίαις
3298 1093 3392 1145 τῆς
3444 1084 3680 1157 ψυχῆς
3761 1105 3912 1138 σοιν
3971 1089 3986 1132 ἑ

2280 1174 2434 1247 φιλῶν
2488 1173 2650 1232 αὐτὴν
2688 1175 2831 1246 παρὰ
2889 1177 2972 1224 τόν
3027 1177 3155 1226 Θεὸν
3197 1172 3436 1226 ἀπολέσει
3487 1174 3696 1232 αὐτὴν
3790 1174 3853 1226 ἐν
3919 1185 3981 1242 ra;

4023 2221 4025 2264 l
