4130 6320
158 392 362 448 1365

1252 385 1622 444 COMMENT.
1668 385 1735 441 IN
1778 385 2122 443 JUANNEM.
2168 418 2233 428 —
2273 385 2431 442 CAP.
2474 386 2600 445 XII.

3464 389 3603 451 1366

259 515 487 570 Ἠλθεν
538 546 607 560 -
661 512 890 579 δοξάσω.
945 510 1208 578 Ἐδόξασα
1262 512 1311 565 ἐν
1362 520 1472 574 τοῖς
1523 530 1804 587 προγιγενη

2017 515 2182 572 Vers.
2214 516 2302 571 28.
2347 516 2515 572 Venit
2546 543 2612 557 —
2641 512 3011 586 gtoriﬁeabo.
3040 512 3374 569 Gloriﬁcavi
3419 513 3477 571 in
3508 514 3603 572 his

163 610 395 677 μένοις
454 611 703 678 σημείοις,
753 612 841 658 καὶ
897 604 1049 658 πάλιν
1096 600 1306 666 δοξάσω
1366 602 1412 654 ἐν
1460 609 1567 664 τοῖς
1626 601 1708 654 ἐπὶ
1764 609 1837 671 τῷ

168 698 437 767 θανάτῳ
481 716 574 748 σου
595 699 979 767 γενησομένοις.

264 785 344 837 Ὀ
384 782 478 836 οὖν
519 786 675 856 ὄχλος
720 816 787 824 -
825 788 1103 856 γεγονέναι.
1152 782 1226 835 Ού
1278 787 1469 843 συνιεὶς
1507 789 1598 841 τῆς
1647 786 1836 853 φωνῆς,

173 874 346 926 ἀλλὰ
378 878 473 928 τὸν
505 884 641 946 ἦχον
662 874 824 936 αὐτῆς
854 893 1004 945 μονον
1031 878 1338 944 κατασχών.

482 1052 662 1105 Ἀλλοι
692 1082 760 1091 —
805 1051 1069 1109 λελάληκε.
1104 1054 1361 1111 Συνιέντες
1391 1049 1578 1110 αὐτῆς.

269 1234 580 1307 Ἀπεκρίθη
622 1262 687 1272 -—
721 1233 871 1304 ὑμᾶς.
904 1261 973 1272 -
1013 1230 1087 1283 Or}
1121 1226 1193 1282 δι’
1244 1230 1351 1301 ἐμὲ,
1382 1230 1464 1281 ἵνα
1502 1229 1652 1300 μάθω
1685 1229 1709 1279 ὃ
1744 1226 1836 1279 οὐκ

179 1318 362 1374 οἶδα·
396 1326 569 1375 πάντα
597 1325 697 1397 γὰρ
732 1319 856 1373 οῖδα
900 1324 963 1373 τὰ
999 1328 1089 1372 τοῦ
1120 1324 1342 1391 Πατρός*
1388 1318 1514 1369 ἀλλὰ
1555 1315 1626 1370 δι’
1678 1319 1833 1389 ὑμᾶς,

185 1414 290 1463 ἵνα
323 1413 557 1483 μάθητε,
583 1417 699 1483 περὶ
728 1412 787 1463 οὗ
818 1410 1180 1482 ἀμφιϐάλλει-ε,
1209 1408 1287 1460 ὁτι
1326 1410 1380 1460 ἐκ
1410 1415 1501 1459 τοῦ
1535 1414 1667 1459 Θεοῦ
1702 1407 1830 1478 εἰμι.

184 1510 334 1563 Πῶς
375 1504 483 1575 γάρ
524 1500 583 1551 ἂν
612 1498 732 1559 ἦλθε
763 1505 897 1571 φωνὴ
955 1499 1008 1550 ἐκ
1036 1508 1129 1550 του
1160 1498 1378 1570 ούρανοῦ
1411 1496 1488 1549 ἐπ’
1525 1499 1632 1568 ἐμὲ,
1675 1496 1717 1548 εἰ
1756 1501 1826 1568 μὴ

188 1590 255 1642 ἐκ
296 1586 400 1641 τοῦ
432 1597 563 1642 Θεοῦ
595 1590 701 1661 εἰμι
726 1606 738 1653 ;
767 1596 881 1649 Πῶς
912 1585 959 1640 δ’
978 1588 1037 1638 ἂν
1067 1590 1090 1638 ὁ
1115 1592 1241 1648 Θεὸς
1274 1590 1331 1638 τό
1364 1591 1522 1657 ὄνομα
1554 1586 1712 1636 αὐτοῦ
1739 1590 1828 1638 καὶ

188 1677 444 1743 ἐδόξασε
473 1684 562 1731 καὶ
584 1680 734 1731 πάλιν
763 1675 975 1740 δοξάσει
1008 1674 1081 1730 δι’
1118 1678 1243 1748 ἐμοῦ
1277 1695 1289 1743 ;

1947 622 2079 678 qua
2108 605 2263 663 facta
2293 610 2429 660 sunt
2460 604 2649 677 signis
2681 620 2692 661 :
2736 608 2793 659 et
2816 620 3018 659 rursus
3047 602 3388 674 gloriﬁcabo
3418 604 3477 661 in
3507 604 3601 660 his

1946 712 2083 768 qua
2112 695 2172 750 in
2204 701 2393 750 morte
2434 699 2535 749 tua
2563 694 2725 749 ﬁent.

2019 787 2190 843 Vers.
2234 786 2323 839 29.
2364 784 2559 840 Turba
2584 799 2723 854 ergo
2750 814 2821 828 —
2857 799 2977 839 esse
2988 782 3366 853 factumoui
3388 798 3600 841 vocem

1948 890 2072 931 non
2103 872 2524 939 intellexerant,
2571 873 2680 930 sed
2729 888 2947 930 sonum
2990 872 3279 930 duntaxat
3301 873 3431 945 ejus
3468 888 3600 947 per-

1949 968 2250 1036 ceperant.

2021 1054 2184 1109 Vers.
2215 1056 2303 1108 29.
2326 1052 2453 1109 Alii
2482 1082 2548 1093 —
2580 1053 2802 1109 locutus
2824 1059 2932 1111 est.
2985 1052 3096 1121 Qui
3125 1068 3335 1110 vocem
3379 1051 3601 1108 intelle-

1949 1148 2172 1199 xerant.

2020 1234 2185 1289 Vers.
2228 1237 2321 1289 30.
2357 1232 2677 1301 Respondit
2705 1260 2771 1272 —
2811 1247 2925 1288 vos.
2960 1263 3026 1273 —
3056 1233 3184 1289 Non
3208 1238 3450 1304 propter
3486 1246 3593 1295 me,

1946 1327 2012 1377 ut
2039 1323 2271 1378 discam
2294 1321 2459 1394 quod
2484 1336 2606 1377 non
2637 1321 2785 1378 scio.
2822 1324 2970 1377 Nam
3000 1322 3207 1379 omnia
3242 1338 3379 1395 qua
3407 1323 3596 1379 Patris

1944 1417 2081 1468 sunt
2134 1412 2293 1475 novi,
2352 1412 2454 1467 sed
2478 1418 2707 1481 propter
2734 1426 2849 1475 vos,
2884 1415 2947 1467 ut
2972 1411 3031 1467 id
3057 1411 3301 1468 discatis
3346 1412 3421 1468 de
3473 1429 3596 1485 quo

1940 1502 2243 1566 dubitatis,
2265 1508 2401 1572 puta
2427 1501 2592 1572 quod
2612 1517 2648 1556 a
2664 1501 2782 1556 Deo
2796 1501 2907 1556 sim
2938 1517 2951 1567 ;
2975 1502 3285 1573 quomodo
3307 1502 3466 1559 enim
3495 1520 3598 1560 su-

1938 1607 2044 1662 per
2070 1606 2165 1645 me
2182 1606 2289 1645 vox
2319 1589 2392 1644 de
2414 1588 2563 1643 calo
2586 1588 2990 1644 descendisset
3015 1589 3126 1644 nisi
3152 1606 3187 1645 a
3220 1592 3335 1645 Deo
3354 1606 3551 1647 essem
3566 1592 3593 1645 ?

1935 1678 2244 1751 quomodo
2275 1682 2560 1751 praterea
2587 1680 2738 1732 Deus
2757 1692 2979 1733 nomen
3006 1694 3174 1734 suum
3208 1678 3596 1750 etgloriﬁcas-

1935 1772 2020 1823 set
2053 1773 2109 1824 et
2136 1784 2345 1823 rursus
2370 1766 2806 1836 gloriﬁcaturus
2836 1771 2987 1821 esset
3013 1782 3117 1838 per
3155 1783 3251 1823 me
3281 1768 3309 1822 εἰ

279 1865 401 1910 Νῦν
457 1887 524 1897 -
580 1860 785 1911 τούτου.
836 1864 943 1909 Νῦν
995 1852 1101 1913 ἤδη
1146 1852 1422 1915 ἐκδίκησις
1460 1862 1558 1905 τῶν
1607 1862 1697 1905 τοῦ
1727 1857 1815 1905 κό-

2006 1860 2163 1912 Vers.
2198 1858 2284 1911 31.
2338 1857 2515 1911 Νιιηι·
2544 1887 2612 1895 -
2655 1857 2853 1925 hujus.
2905 1857 3034 1911 Jam
3075 1871 3234 1912 nunc
3272 1856 3591 1915 hominum

198 1967 355 2019 σμου
421 1949 607 1999 τούτου
650 1946 926 2019 ἀνθρώπων
986 1944 1079 1996 diu
1134 1952 1220 2003 τῆς
1287 1942 1412 2015 ἐμῆς
1480 1939 1817 2002 ἐκδικήσεως.

194 2045 332 2097 Τοῖς
390 2040 481 2108 μὲν
543 2040 644 2108 γὰρ
708 2035 875 2094 ἀλλοις
948 2034 1141 2085 ἅπασιν
1202 2032 1490 2107 ἀνθρώποις
1533 2033 1558 2082 ό
1612 2033 1823 2089 Θάνατος

198 2126 482 2197 ἐπιτίμιον
558 2124 815 2197 ἁμαρτίας
886 2123 1041 2175 ἐστι’
1126 2125 1316 2181 Πάντες
1383 2124 1484 2193 γὰρ
1567 2125 1819 2193 ἥμαρτον,

198 2220 372 2287 φησὶ,
436 2220 523 2266 καὶ
603 2210 696 2266 διὰ
742 2222 837 2272 τῆς
890 2212 1149 2286 ἁμαρτίας
1205 2211 1438 2269 εἰσῆλθεν
1502 2211 1527 2261 ό
1583 2211 1817 2270 θάνατος·

196 2304 327 2377 ἐμοὶ
393 2300 451 2355 δὲ
492 2300 755 2373 οὐδαμῶς,
792 2299 932 2353 διότι
982 2298 1227 2372 ούδαμὼς
1260 2303 1509 2373 ἣμαρτον.
1556 2300 1695 2349 Ἐπεὶ
1734 2294 1820 2348 οὖν

197 2394 376 2465 κάμοὶ
430 2397 515 2445 τὸν
569 2394 785 2444 θάνατον
844 2393 869 2442 ό
920 2387 1164 2451 διάϐολος
1216 2389 1417 2459 ἐπάγει.
1472 2387 1819 2459 ἀναμαρτήτῳ

201 2486 552 2555 μεμενηκότι,
585 2490 672 2532 νῦν
730 2480 777 2532 ἐν
821 2488 892 2549 τῷ
934 2479 1171 2531 ἐνεστῶτι
1218 2498 1381 2551 καιρῳ
1423 2474 1577 2533 δίκην
1620 2473 1819 2527 δίδωσι

200 2580 307 2632 τῆς
360 2570 489 2642 ἐμῆς
540 2566 772 2634 ἀδικίας,
839 2573 933 2626 την
990 2570 1293 2641 καθαίρεσιν
1346 2573 1436 2625 τῆς
1488 2561 1813 2635 τυραννίδος.

206 2662 359 2717 Αὖτη
426 2656 484 2711 δέ
530 2664 559 2716 ἦ
601 2657 746 2721 δίκη,
782 2662 945 2709 εἷτουν
984 2659 1012 2715 ἡ
1044 2656 1278 2719 κόλασις,
1330 2662 1422 2707 τοῦ
1457 2658 1656 2724 κόσμου
1702 2656 1818 2704 τού-

207 2769 306 2801 του
340 2745 619 2808 ἐκδίκησίς
659 2748 789 2799 ἐστι.
836 2748 1029 2796 Λοιπὸν
1068 2746 1178 2814 (72)
1210 2752 1296 2793 νύν
1353 2746 1382 2800 ἡ
1430 2739 1700 2801 ἐκδίκησις
1727 2750 1816 2801 τῆς

206 2838 280 2896 εἰς
310 2835 397 2905 ἐμὲ
426 2835 661 2908 ἐπηρείας
714 2831 988 2893 ἐκδίκησις
1020 2831 1127 2885 ἐστι
1160 2839 1251 2892 τῆς
1290 2831 1361 2893 εἰς
1398 2835 1518 2892 τοὺς
1555 2834 1815 2903 γενάρχας

206 2930 302 2975 καὶ
330 2924 443 2974 ὅλον
474 2927 531 2973 τὸ
552 2927 694 2993 γένος
719 2921 974 2994 ἐπηρείας.

282 3019 391 3064 Νῦν
436 3042 503 3051 -
558 3012 670 3073 ἔξω.
732 3010 866 3072 Ἔξω
916 3019 1011 3071 τῆς
1068 3012 1311 3069 τοιαύτης
1369 3008 1563 3081 ἀρχῆς,
1622 3008 1680 3066 ἢν
1740 3006 1812 3060 δι’

209 3100 419 3161 ἀπάτης
482 3099 757 3158 ἐκτήσατο.
807 3098 944 3153 Ἐπεὶ
1005 3102 1104 3173 γὰρ
1164 3099 1319 3160 αὐτὸς
1372 3096 1464 3151 διὰ
1514 3106 1601 3151 τοῦ
1660 3098 1810 3161 ξύλου

205 3199 299 3250 τῆς
342 3190 454 3259 (73)
490 3188 734 3261 βρώσεως
773 3188 933 3240 πάλαι
976 3192 1062 3239 τόν
1116 3188 1333 3239 παλαιόν
1385 3184 1558 3259 Ἃδάμ
1613 3186 1811 3250 ἐξέϐαλε
1850 3221 1890 3277 C

207 3288 307 3341 τῆς
339 3278 607 3351 βασιλείας
637 3285 727 3330 τοῦ
760 3283 981 3349 κόσμου·
1032 3277 1207 3348 [αὐτὸν
1238 3278 1352 3345 (Ii)
1395 3274 1488 3328 διὰ
1531 3285 1621 3328 τοῦ
1658 3276 1807 3339 ξύλου

213 3377 310 3430 τῆς
342 3374 681 3442 σταυρώσεως
723 3374 810 3417 νῦν
842 3368 866 3417 ό
897 3371 1005 3427 νέος
1034 3363 1205 3437 Ἀδὰμ
1237 3364 1465 3418 ἐκϐάλλει
1507 3373 1600 3427 τῆς
1646 3363 1808 3437 βασι-

210 3459 348 3518 λείας
375 3464 465 3508 τοῦ
506 3455 752 3528 κόσμου],
786 3461 879 3513 τὴν
912 3463 999 3507 τοῦ
1026 3458 1348 3529 προπάτορος
1396 3459 1662 3527 παρακοὴν
1718 3451 1811 3506 διὰ

216 3554 310 3605 τῆς
340 3545 523 3597 ἑαυτοῦ
557 3547 791 3606 ὑπακοῆς
831 3545 1123 3616 ἰασάμενος.

288 3633 439 3704 Κάγὼ
489 3664 554 3675 —-
605 3634 985 3706 ἐμαυτόν.Ἐάν
1033 3632 1251 3704 ἀναχθώ
1300 3632 1379 3685 ἐπὶ
1430 3635 1516 3683 τὸν
1564 3635 1807 3705 σταυρὸν,

214 3725 406 3783 πάντας
484 3724 811 3794 πανταχόθεν
886 3726 1007 3786 τοὺς

218 3811 409 3863 ἑλκύσω
470 3815 599 3885 πρὸς
654 3811 873 3883 ἐμαυτόν
924 3808 998 3863 δι’
1056 3811 1237 3871 αύτῆς.
1293 3815 1391 3863 Καὶ
1444 3810 1623 3876 οὕτως,
1664 3810 1811 3880 ὑψω-

220 3902 319 3960 θεὶς
370 3899 451 3951 ἐπί
502 3907 592 3950 τοῦ
657 3907 901 3969 σταυροῦ,
953 3908 1150 3972 πρῶτον
1194 3898 1397 3950 εἵλκυσε
1441 3902 1526 3951 τὸν
1586 3898 1805 3969 λῃστὴν,

217 3994 301 4040 καὶ
345 3992 426 4039 τὸν
472 3988 870 4060 ἑκατόνταρχον,
904 3993 993 4039 καὶ
1037 3991 1157 4049 τοὺς
1207 3988 1317 4059 μετ’
1381 3987 1535 4039 αὐτοῦ
1594 3995 1807 4058 τηροῦν-

219 4097 305 4138 τας
363 4076 536 4140 αύτὸν,
580 4075 801 4128 ἐντεῦθεν
858 4075 1137 4149 ἀρξάμενος
1191 4076 1401 4129 ῑλκύειν.
1450 4076 1679 4129 (Ελκύσω
1723 4072 1802 4143 δὲ,

218 4171 359 4237 φησὶ,
414 4170 789 4237 κατεχομένους
838 4167 936 4217 ὑπὸ
988 4174 1077 4217 τοῦ
1144 4168 1415 4238 τυράννου,
1465 4166 1551 4217 οἵτε
1598 4174 1803 4238 πρῶτον

217 4254 389 4306 ἐκεῖνον
419 4253 741 4305 καταϐαλών.

282 4346 477 4399 Ταύτην
532 4339 590 4394 δὲ
638 4347 730 4399 τὴν
783 4342 914 4404 ἕλξιν
972 4341 1212 4415 ἁρπαγὴν
1280 4342 1511 4395 ἐκάλεσεν
1566 4342 1799 4414 ἀλλαχοῦ

216 4430 381 4500 λέγων·
443 4438 553 4491 Ila);
601 4428 822 4483 δύναταί
888 4450 965 4491 τις
1025 4431 1265 4483 εἰσελθεῖν
1334 4432 1403 4492 εἰς
1464 4437 1555 4489 τὴν
1633 4432 1797 4483 οἰκίαν

217 4529 299 4571 τοῦ
356 4521 601 4592 ἰσχυροῦ,
652 4524 739 4571 καὶ
786 4523 850 4571 τὰ
910 4523 1065 4576 σκεύη
1128 4520 1285 4571 αύτοῡ
1345 4517 1659 4593 διαρπάσαι,
1715 4519 1798 4571 ἐὰν

220 4614 282 4681 μὴ
329 4618 517 4683 πρῶτον
570 4606 710 4680 δήσῃ
769 4612 853 4659 τὸν
899 4608 1141 4680 ἰσχυρόν,
1194 4614 1281 4659 καὶ
1328 4614 1443 4661 τότε
1494 4614 1587 4666 τὴν
1632 4609 1797 4660 οἰκίαν

221 4698 363 4751 αὐτοῦ
418 4696 963 4772 διαρπάση;’οπίσω
998 4701 1087 4767 μὲν
1140 4698 1225 4749 οὖν
1281 4694 1413 4750 εἶπεν
1480 4699 1555 4749 ὅτι
1609 4694 1800 4760 Οὐδεὶς

223 4783 422 4838 δύναται
496 4785 653 4838 ἐλθεῖν
728 4790 856 4860 πρὸς
929 4789 1033 4857 ἐμὲ,
1111 4786 1193 4837 ἐάν
1268 4793 1337 4857 μη
1418 4789 1443 4837 ό
1511 4791 1689 4860 Πατὴρ
1773 4789 1797 4839 ό

223 4876 412 4947 πέμψας
466 4895 527 4947 με
581 4875 767 4948 ἅκύση
841 4876 994 4927 αὐτόν
1030 4893 1041 4905 ·
1094 4877 1313 4929 ενταῦθα
1380 4874 1439 4929 δε
1505 4876 1658 4948 λέγει,
1718 4879 1794 4929 ὅτι

286 5102 323 5137 ⁴¹
347 5104 507 5158 Rom.
550 5117 629 5169 ιιι,
664 5102 751 5159 23.
786 5118 823 5158 v
848 5108 935 5159 12.
1023 5106 1067 5140 ⁸³
1098 5105 1277 5163 Matth
1307 5123 1405 5173 xu,
1438 5110 1526 5163 29.

1082 3719 1347 3781 δεκτικοὺς
1416 3730 1510 3782 τῆς
1590 3726 1869 3785 πίστεως,

1932 1946 2115 2016 hujus
2146 1945 2351 2000 mundi
2380 1944 2522 1999 ultio
2552 1944 2617 1999 ﬁt.
2646 1960 2751 2016 per
2782 1960 2981 2000 meam
3013 1944 3406 2015 punitionem.
3448 1946 3593 2002 Aliis

1935 2034 2232 2107 siquidem
2263 2033 2542 2089 omnibus
2572 2032 2917 2088 hominibus
2947 2049 3117 2098 mors,
3155 2033 3380 2105 peccati
3411 2050 3593 2105 pana

1933 2130 2044 2180 est.
2080 2124 2239 2179 Nam
2265 2138 2477 2188 omnes,
2496 2122 2707 2193 inquit,
2730 2130 3141 2189 peccaverunt,
3175 2129 3230 2179 et
3258 2139 3365 2192 per
3385 2139 3593 2193 pecca-

1933 2217 2051 2267 tum
2079 2228 2236 2267 mors
2262 2212 2530 2267 introivit
2552 2212 2596 2246 ⁴¹
2622 2228 2636 2277 ;
2668 2211 2809 2266 mihi
2847 2226 2983 2265 vero
3012 2226 3417 2283 nequaquam,
3444 2213 3589 2286 quia

1931 2316 2244 2372 nunquam
2269 2301 2529 2371 peccavi.
2566 2302 2711 2357 Cum
2739 2314 2878 2367 ergo
2908 2298 3183 2355 diabolus
3214 2299 3393 2356 etiam
3422 2302 3586 2369 mihi,

1930 2390 2032 2461 qui
2052 2388 2273 2459 peccati
2291 2404 2502 2459 expers
2542 2388 3118 2459 semperpermansi,
3148 2396 3398 2444 mortem
3436 2390 3590 2446 intu-

1928 2479 1993 2531 lit
2024 2492 2221 2542 ;nunc
2251 2477 2528 2548 prasenti
2568 2482 2837 2545 tempore
2869 2474 3145 2543 irrogata
3173 2476 3317 2531 mihi
3356 2478 3586 2547 injuria

1926 2581 2141 2636 poenas
2166 2565 2290 2632 luit,
2314 2565 2537 2636 quippe
2567 2564 2897 2636 tyrannidis
2912 2563 3360 2621 subversionem
3394 2584 3407 2632 ;
3442 2582 3588 2623 nam

1926 2653 2114 2709 multa
2153 2654 2303 2724 ipsa,
2338 2654 2460 2709 sive
2492 2652 2743 2724 punitio,
2789 2651 2999 2707 mundi
3044 2652 3225 2724 hujus
3272 2658 3357 2709 est
3390 2654 3533 2711 ultio
3566 2674 3581 2721 ;

1924 2757 2189 2813 prasens
2239 2742 2443 2812 itaque
2494 2742 2764 2811 repensio
2790 2740 3175 2807 contumelia,
3226 2757 3413 2813 quam
3436 2743 3584 2799 mihi

1923 2831 2135 2899 intulit,
2170 2830 2315 2885 ultio
2354 2835 2461 2897 est,
2490 2835 2545 2884 et
2577 2828 2869 2885 violentia
2903 2828 3196 2885 adversus
3223 2831 3450 2902 primos
3482 2847 3585 2901 ge-

1922 2919 2081 2975 neris
2112 2924 2537 2991 propagatores
2567 2923 2876 2990 totumque
2906 2933 3093 2987 genus
3124 2918 3417 2989 irrogata.

1992 3011 2157 3065 Vere.
2208 3009 2295 3062 31.
2328 3008 2499 3063 Nunc
2523 3038 2591 3049 —
2613 3007 2799 3077 foras.
2843 3009 3016 3062 Extra
3043 3006 3387 3077 hujusmodi
3418 3008 3582 3080 prin-

1922 3098 2210 3170 cipatum,
2249 3112 2431 3169 quem
2463 3095 2671 3152 fraude
2701 3096 3033 3168 acquisivit.
3067 3099 3214 3152 Nam
3256 3096 3400 3168 quia
3438 3096 3580 3152 olim

1922 3193 2176 3243 veterem
2192 3186 2380 3241 Adam
2406 3186 2663 3257 perligni
2681 3185 2875 3240 cibum
2889 3200 3118 3254 eregno
3140 3184 3352 3240 mundi
3369 3184 3541 3256 ejecit
3564 3201 3576 3239 :

1922 3292 2114 3332 novus
2168 3291 2327 3331 nunc
2366 3276 2552 3330 Adam
2600 3274 2804 3345 ipsum
2859 3289 2956 3345 per
3016 3273 3205 3328 crucis
3258 3273 3490 3343 lignum
3548 3288 3579 3328 θ

1923 3365 2132 3420 mundi
2149 3379 2335 3432 regno
2353 3363 2541 3433 ejecit,
2563 3363 2955 3435 progenitoris
2980 3361 3449 3418 inobedientiam
3472 3378 3581 3419 sua

1922 3468 2141 3510 curans
2182 3452 2543 3508 obedientia.

1990 3634 2147 3687 Vers.
2177 3630 2264 3686 32.
2296 3630 2374 3686 Et
2399 3660 2468 3671 —
2498 3645 2593 3702 ego
2618 3628 2920 3699 meipsum.
2953 3629 3012 3686 Si
3038 3628 3286 3685 adactus
3315 3627 3482 3685 fuero
3513 3628 3575 3684 in

1919 3737 2176 3785 crucem,
2196 3736 2404 3776 omnes
2422 3718 2707 3792 undique,
2732 3720 2834 3792 qui
2856 3719 3038 3774 fidem
3061 3718 3443 3789 susceperint,
3467 3734 3575 3790 per

1920 3828 2052 3866 eam
2082 3810 2315 3865 traham
2356 3808 2433 3864 ad
2467 3809 2776 3879 meipsum.
2812 3810 2875 3862 Et
2900 3824 3035 3864 vere
3063 3806 3124 3863 in
3154 3822 3329 3862 cruce
3358 3806 3575 3862 exalta-

1920 3906 2034 3965 tus,
2084 3900 2376 3955 latronem
2423 3899 2687 3970 primum
2736 3897 2989 3967 attraxit,
3042 3901 3100 3953 et
3141 3897 3569 3961 centurionem,

1916 4004 2141 4060 eosque
2171 3987 2277 4059 qui
2298 4004 2359 4042 se
2391 4004 2525 4043 cum
2546 3986 2644 4042 illo
2666 3986 2998 4053 servabant,
3016 3986 3155 4041 hinc
3186 3984 3363 4058 capit
3386 3988 3569 4041 attra-

1913 4078 2073 4134 here.
2107 4078 2389 4141 Traham,
2414 4076 2625 4148 inquit,
2643 4080 2932 4147 tanquam
2954 4090 2990 4131 a
3008 4079 3263 4146 tyranno
3274 4073 3566 4139 detentos,

1912 4167 2043 4239 ipso
2069 4166 2332 4239 primum
2361 4170 2616 4235 tyranno
2644 4163 2896 4234 dejecto.

1982 4345 2142 4399 Hanc
2159 4346 2355 4398 autem
2369 4340 2781 4398 attractionem
2800 4339 2942 4396 alibi
2962 4344 3206 4408 raptum
3234 4339 3465 4395 vocavit
3481 4338 3570 4395 di-

1909 4448 2081 4488 cens:
2112 4432 2404 4500 Quomodo
2423 4436 2608 4499 potest
2630 4430 2759 4500 quis
2784 4429 3020 4499 ingredi
3051 4430 3111 4484 in
3130 4429 3359 4484 domum
3387 4428 3568 4497 fortis

1908 4537 1978 4578 ac
1995 4537 2131 4577 vasa
2146 4523 2272 4591 ejus
2284 4520 2682 4589 diripere,nisi
2697 4520 2955 4587 primum
2970 4519 3304 4588 alligaverit
3318 4518 3538 4586 fortem
3549 4558 3562 4583 ,

1834 4577 1876 4629 Ο
1909 4577 1961 4667 et
1988 4618 2129 4666 tunc
2156 4577 2380 4666 domum
2396 4577 2521 4679 ejus
2544 4577 2836 4677 diripiat"
2861 4606 2888 4661 ?
2906 4577 3376 4680 Atqui'superius
3394 4577 3560 4672 dixit,

1906 4701 2080 4756 Nemo
2108 4704 2287 4770 potest
2312 4698 2503 4754 venire
2529 4698 2609 4753 ad
2636 4712 2746 4761 me,
2770 4697 2888 4752 nisi
2919 4697 3113 4760 Pater,
3138 4695 3240 4768 qui
3264 4696 3423 4750 misit
3454 4710 3561 4757 me,

1908 4788 2159 4844 traxerit
2185 4803 2315 4844 eum
2342 4786 2465 4852 ;h1c
2481 4790 2679 4841 autem
2701 4786 2779 4841 ait
2796 4802 2809 4839 :
2827 4784 3026 4841 Omnes
3042 4786 3277 4841 traham
3296 4783 3373 4840 ad
3383 4783 3566 4852 meip-

1904 4879 2106 4943 sum",
2123 4892 2239 4933 non
2262 4874 2557 4932 contraria
2578 4874 2942 4945 signiﬁcans,
2960 4872 3067 4930 sed
3082 4889 3217 4947 qua
3229 4872 3416 4930 Patris
3432 4875 3565 4931 sunt

1604 5108 1650 5141 ⁴³
1678 5108 1848 5164 Joan.
1877 5123 1953 5173 v1,
1983 5108 2069 5165 44.

1437 5338 1653 5408 Varia
1682 5337 2011 5408 lectiones
2048 5348 2111 5409 et
2178 5349 2382 5409 nota.

264 5556 377 5635 _(72)
410 5554 608 5635 Malim
641 5553 729 5608 οὖν
760 5572 870 5635 pro
900 5566 1005 5624 νῦν,
1035 5575 1170 5631 qua
1198 5560 1318 5635 duo
1350 5560 1698 5635 alibietiam
1725 5562 1786 5619 in

224 5627 302 5684 his
336 5627 632 5681 codicibus
666 5627 917 5685 confusa
958 5627 1092 5685 esse
1122 5632 1535 5687 animadverti.

286 5698 379 5775 (73)
413 5700 654 5775 pupugi
681 5700 813 5775 hoe.
844 5704 923 5756 Ac
961 5701 1212 5775 fortasse
1242 5703 1456 5775 aliquis
1491 5704 1783 5771 maluerit.

232 5766 308 5823 διὰ
336 5766 417 5833 τῆς
447 5777 539 5823 τοῦ
580 5770 730 5834 ξύλου
764 5770 1027 5849 βρώσεως.
1062 5774 1170 5830 Sed
1201 5766 1489 5832 mox-huc
1526 5766 1789 5842 refertur,

1897 5560 1991 5616 διὰ
2042 5571 2133 5640 τοῦ
2176 5563 2329 5626 ξύλου
2379 5572 2474 5627 τῆς
2538 5569 2899 5640 σταυρὼσιως.
2959 5564 3358 5623 Membrorum
3411 5577 3557 5634 ergo

1897 5635 2232 5692 aaualitate
2263 5642 2594 5692 excusatur.

1997 5652 2232 5691 namate
2263 5652 2594 5692 excusatur.

1950 5652 2085 5779 ίξῖίι)
2114 5707 2348 5764 Inclusa
2378 5707 2720 5765 exciderant
2745 5723 2813 5766 ex
2843 5706 3012 5765 codd.
3039 5708 3099 5764 Β.
