4130 6320
622 415 646 477 Ι
659 418 759 475 367

625 633 1024 708 aequalitatem
1052 649 1154 706 per
1184 633 1322 690 talia
1345 632 1779 689 demonstrans.

697 903 856 957 Vers.
881 901 967 957 33.
1000 902 1126 957 Hoc
1160 931 1221 942 -
1254 905 1393 956 esset
1426 905 1761 954 moriturus.
1788 901 1926 964 Hoc,
1954 895 2278 969 quidnam?

625 992 694 1049 Si
716 993 1015 1048 exattatus
1039 992 1231 1060 fuero,
1261 989 1550 1061 siquidem
1574 987 1997 1044 exaltationem
2021 987 2074 1041 in
2105 1000 2279 1041 cruce

624 1079 937 1136 innuebat.

698 1171 855 1224 Vers.
884 1170 971 1224 3i.
996 1167 1390 1237 Respondit—
1409 1167 1654 1222 hominis
1682 1166 1708 1220 ‘i
1730 1167 1916 1221 Etiam
1944 1165 2038 1220 hic
2064 1164 2282 1234 legem,

627 1257 967 1330 simpliciter
1013 1257 1282 1312 divinam
1323 1255 1628 1328 appellant
1673 1256 2054 1326 Scripturam.
2110 1257 2279 1318 Nam,

626 1346 1032 1418 frequentibus
1063 1346 1190 1415 ejus
1220 1347 1279 1400 in
1311 1345 1457 1400 locis
1510 1344 1930 1400 immortalitas
1961 1343 2286 1398 divinitatis

627 1435 834 1490 Christi
864 1435 1228 1504 signiﬁcatur
1256 1452 1268 1489 :
1311 1433 1829 1507 quemadmodum
1855 1435 2032 1488 etiam
2070 1437 2288 1487 morta-

627 1521 755 1579 litas
782 1524 1169 1581 humanitatis
1198 1524 1348 1596 ejus,
1379 1527 1433 1580 et
1467 1523 1723 1579 maxime
1746 1523 1798 1578 in
1830 1521 2079 1577 Psalmis
2115 1521 2286 1577 Davi-

626 1612 796 1668 dicis.

699 1705 765 1759 Et
811 1703 941 1758 vide
1001 1702 1278 1759 dolosum
1323 1717 1532 1758 eorum
1589 1709 1887 1757 conatum-
1944 1700 2089 1756 Cum
2131 1699 2286 1754 enim

627 1793 900 1866 superius
922 1792 996 1848 de
1020 1797 1205 1848 morte
1237 1792 1640 1864 disputantem
1669 1789 1979 1846 audissent
2002 1805 2069 1844 ac
2091 1789 2286 1844 dicen-

629 1887 746 1938 tem
773 1899 785 1936 :
822 1883 1062 1951 Oportet
1078 1882 1336 1937 exaltari
1349 1880 1560 1935 Filium
1579 1879 1833 1935 hominis
1849 1879 2285 1950 “(quanquam

2402 1881 2569 1940 θέντος
2649 1881 2727 1930 ὅτι
2792 1887 2875 1931 Δεῖ
2952 1879 3226 1950 ὑψωθῆναι
3291 1885 3376 1933 τόν
3453 1885 3572 1934 Υὶόν
3643 1894 3766 1937 τοῦ

627 1970 743 2026 hoc
767 1970 1133 2040 evangelista
1164 1985 1285 2026 non
1315 1968 1610 2025 addiderit
1639 1985 1650 2022 :
1697 1968 1990 2039 siquidem
2025 1967 2200 2022 variis
2229 1967 2288 2020 in

627 2060 772 2114 locis
797 2060 910 2114 hoc
941 2059 1022 2114 eis
1046 2059 1275 2114 locutus
1335 2059 1483 2126 est);
1539 2073 1675 2112 cum
1707 2057 1888 2111 etiam
1923 2071 2084 2110 nunc
2123 2054 2290 2110 addi-

629 2147 795 2212 derit,
831 2149 898 2205 Si
927 2150 1219 2204 exattatus
1241 2149 1434 2217 fuero,
1467 2145 1898 2208 intellexerunt,
1934 2145 2097 2215 quod
2128 2143 2288 2199 exal-

629 2237 914 2293 tationem
959 2237 1174 2291 diceret
1209 2240 1482 2299 mortem,
1515 2234 1648 2290 licet
1679 2249 1796 2289 non
1820 2233 1894 2287 de
1919 2249 1990 2288 ea
2019 2249 2153 2304 quae
2184 2248 2289 2304 per

628 2342 865 2382 crucem
887 2326 1067 2391 ﬁeret,
1095 2325 1474 2395 conciperent
1508 2339 1519 2376 :
1555 2328 1610 2378 et
1640 2323 1775 2378 hinc
1805 2322 2129 2393 sperabant
2150 2337 2288 2376 con-

627 2415 787 2470 vinci
817 2431 993 2487 posse
1042 2415 1240 2486 ipsum
1293 2429 1412 2468 non
1445 2428 1574 2468 esse
1627 2412 1964 2480 Christum;
1995 2417 2285 2482 tanquam

626 2504 890 2560 dicentes
919 2520 932 2558 :
972 2507 1085 2560 Nos
1111 2502 1450 2558 audivimus
1483 2517 1555 2556 ex
1584 2501 1907 2572 Scriptura,
1940 2500 2096 2571 quod
2128 2499 2285 2554 Chri-
2339 2521 2348 2528 ν

629 2599 752 2650 stus
782 2609 900 2649 non
923 2592 1202 2648 moriatur
1222 2612 1234 2650 :
1262 2597 1635 2664 etquomono
1658 2596 1711 2645 tu
1731 2589 1890 2652 dicis,
1909 2589 2062 2661 quod
2088 2589 2286 2660 ipsum

631 2683 785 2738 mori
837 2681 1155 2754 oporteat?
1208 2681 1444 2744 Deinde,
1502 2696 1574 2735 ne
1605 2679 1718 2735 hoc
1772 2679 1845 2734 de
1886 2694 1957 2734 eo
1987 2678 2182 2733 dicere
2204 2678 2286 2732 vi-

631 2776 905 2836 deantur,
948 2772 1114 2826 aiunt
1149 2785 1160 2824 :

703 2861 861 2915 Vers.
896 2863 987 2916 34.
1040 2859 1178 2926 Quis
1205 2889 1270 2898 —
1315 2857 1565 2913 hominis
1613 2858 1640 2913 ?
1671 2857 1890 2912 Etenim
1942 2856 1988 2910 si
2021 2856 2284 2912 Christus

628 2955 732 3018 est,
768 2965 887 3004 non
921 2951 1170 3002 moritur
1210 2963 1224 3013 ;
1257 2948 1420 3018 quod
1448 2948 1497 3001 si
1538 2947 1804 3009 moritur,
1839 2962 1959 3000 non
1995 2952 2082 3000 est
2121 2946 2284 3001 Chri-

629 3042 780 3094 stus.
821 3037 1017 3107 Atqui,
1048 3052 1084 3090 o
1114 3036 1421 3090 dementes
1456 3034 1468 3090 l
1511 3034 1722 3090 debilis
1748 3041 1832 3089 est
1859 3035 2008 3089 ratio
2044 3040 2236 3089 vestra
2268 3051 2280 3089 :

627 3141 770 3182 nam
791 3130 844 3180 et
873 3125 983 3180 hoc
1009 3128 1066 3180 et
1091 3123 1231 3178 illud
1267 3139 1467 3178 verum
1499 3129 1585 3179 est
1610 3141 1620 3177 :
1654 3123 2006 3179 immortalis
2036 3123 2284 3194 quidem

2387 639 2509 701 γῶν,
2572 629 2700 682 ἀλλὰ
2751 633 2815 682 τὰ
2861 638 2952 682 τοῦ
3005 635 3206 706 Πατρός
3260 634 3667 705 οἰκειούμενος,

2386 722 2553 772 πάντα
2599 717 2865 784 δεικνύων,
2910 725 3090 773 καὶτὸ
3136 725 3250 774 ἴσον
3292 719 3387 774 διὰ
3437 732 3550 776 τῶν
3605 728 3923 777 τοιούτων
3963 747 4053 776 2:;-

1971 407 2308 467 EUTHYMII
2347 406 2671 466 ZIGABENI
3977 419 4052 471 ‘3,-

623 544 736 600 sibi
783 542 1101 601 concilians
1131 558 1200 599 ac
1231 541 1578 599 communia
1608 541 1813 598 omnia
1849 539 2190 606 ostendens,
2219 543 2273 597 et
2303 537 2352 590 Α
2389 542 2593 602 Πάντας

2683 539 2879 593 ἑλκύσω
2975 544 3102 614 πρὸς
3190 542 3439 615 ἐμαυτόν·
3555 543 3680 596 οὐκ
3783 545 4053 598 Eva-1222’:

3752 641 3874 688 καὶ
3951 659 4044 687 xor.

2389 817 2564 862 ιστῶν.

2457 905 2620 951 Τοῦτο
2673 930 2740 939 -
2794 897 3158 958 ἀποθνήσκειν.
3209 908 3395 966 Τοῦτο,
3456 911 3635 955 ποῖον
3683 919 3700 970 ;
3763 908 3868 958 τό.
3932 904 4048 957 Ὀτι

2389 987 2600 1059 ὑψωθῶ·
2635 984 2897 1045 ὑπεδήλου
2926 991 3027 1062 ⁹γὰρ
3060 993 3153 1048 την
3177 989 3258 1042 ἐπὶ
3288 998 3378 1044 τοῦ
3415 1000 3692 1067 σταυροῦ
3728 993 3992 1065 ὕψωσεν.

2463 1166 2742 1241 Ἀπεκρίθη
2799 1198 2867 1208 —
2909 1167 3214 1241 ἀνθρώπου;
3250 1168 3536 1222 Κάνταῦθα
3573 1178 3777 1243 νόμον
3833 1173 4032 1241 λέγοιτ

2394 1255 2566 1316 ἅπλῶς
2618 1261 2710 1314 την
2767 1258 2904 1308 θείαν
2962 1263 3189 1329 Γραφήν.
3241 1258 3528 1329 Πολλαχοῦ
3589 1263 3726 1333 γὰρ
3797 1263 4040 1322 αὐτξςτ

2396 1344 2647 1397 ἀθάνατον
2674 1353 2766 1406 τῆς
2795 1348 3030 1409 θεότητος
3055 1355 3147 1399 τοῦ
3175 1355 3408 1421 Χριστοῦ
3451 1355 3866 1421 σημαίνεται,

2396 1436 2566 1486 καὶτὸ
2606 1435 2787 1492 θνητόν
2827 1444 2917 1496 τῆς
2958 1434 3349 1508 ἀνθρωπότητος
3380 1438 3576 1503 αὑτοῦ,
3607 1445 3728 1492 καὶ
3790 1442 3994 1513 gaius-7

2397 1530 2505 1585 τοῖς
2535 1531 2636 1576 Δαυ
2645 1531 2824 1585 ῑτικοῖς
2848 1523 3097 1596 Ψαλμοῖς.

2467 1699 2602 1776 Ὀρα
2649 1702 2762 1772 (75)
2809 1697 2867 1753 δὲ
2923 1707 3260 1776 κακουργίαν.
3328 1703 3714 1766 Ἀκούσαντες
3768 1710 3890 1782 γὰρ
3951 1708 4044 1758 ἐξιλ-

2398 1793 2526 1861 τέρω
2576 1795 2690 1862 περὶ
2744 1797 2834 1842 τοῦ
2885 1791 3102 1843 θανάτου
3158 1791 3635 1864 φιλοσοφήσαντος,
3715 1803 3829 1850 καὶ
3907 1817 4045 1869 πρετ-

3863 1886 3926 1938 ἆῖ
3997 1912 4042 1936 in

2397 1988 2515 2021 πονο
2547 1969 2589 2020 εἰ
2641 1974 2728 2020 καὶ
2781 1974 2850 2040 μὴ
2884 1972 3178 2042 προσέθηκε
3208 1978 3358 2022 τοῦτο
3397 1973 3422 2022 ό
3474 1972 3942 2044 εὖαγγελιστής·
3981 1999 4028 2026 zz

2395 2059 2494 2130 γὰρ
2549 2053 2808 2132 διαφόρως
2865 2057 3000 2128 Eli-75
3057 2066 3209 2111 τοῦτο
3262 2063 3390 2134 πρὸς
3461 2061 3678 2124 αὐτούς
3720 2081 3735 2092 ·
3807 2066 3932 2117 ἐπεὶ
3978 2087 4034 2114 zz

2395 2153 2482 2196 νῦν
2538 2143 2668 2198 εἶπεν
2733 2149 2812 2198 ὃτι
2867 2147 3029 2199 Ὀταν
3087 2147 3300 2218 ὑψωθῶ,
3359 2158 3598 2208 συνῆκαν
3683 2155 3790 2205 ὅτι
3856 2155 4032 2225 ὑ-ρωςῖ.

2396 2238 2481 2286 τόν
2538 2237 2752 2287 θάνατον
2804 2235 2960 2308 λέγει,
3023 2237 3067 2289 εἰ
3139 2242 3228 2289 καὶ
3299 2242 3370 2310 μὴ
3453 2244 3552 2296 τὴν
3620 2241 3725 2293 ἐπὶ
3825 2264 4029 2316 art-aus:

2396 2323 2630 2387 ἐνόησαν,
2663 2329 2752 2376 καὶ
2804 2322 3206 2399 προσεδόκησαν
3239 2328 3466 2380 ἐντεῦθεν
3497 2328 3735 2399 ἐλέγξαι
3783 2333 3954 2384 αὐτὸν
3987 2356 4030 2385 ιιι

2395 2417 2516 2464 ὄντα
2567 2417 2815 2488 Χριστόν,
2877 2417 3067 2468 ὡσανεί
3119 2414 3363 2485 λέγοντες·
3423 2419 3796 2491 Ἠκούσαμεν
3849 2421 3907 2474 ἐκ
3967 2433 4031 2478 τξς

2396 2508 2599 2577 Γραφῆς
2625 2505 2704 2554 ὅτι
2734 2504 2758 2554 ό
2793 2507 3022 2574 Χριστός
3065 2503 3158 2555 οὐκ
3190 2503 3531 2574 ἀποθνήσκει,
3567 2513 3669 2560 καὶ
3723 2520 3854 2572 πῶς
3891 2511 4026 2562 7)}:—

2392 2611 2504 2662 γεις
2533 2594 2612 2644 ὃτι
2643 2591 2914 2644 ἀποθανεῖν
2937 2593 3050 2663 (76)
3073 2597 3182 2664 χρὴ
3215 2594 3396 2661 αὐτοῖς
3424 2592 3577 2662 Εἶτα,
3608 2599 3707 2650 ἱνα
3730 2605 3814 2671 μὴ
3849 2598 4020 2661 δοξον

2393 2685 2510 2754 περὶ
2540 2681 2700 2733 αὐτοῦ
2731 2689 2880 2734 τοῦτο
2905 2681 3087 2752 λέγειν,
3122 2702 3270 2755 φασι.

2462 2863 2554 2920 Τίς
2608 2888 2670 2898 -
2717 2857 3034 2926 ἀνθρώπου;
3089 2860 3145 2913 Εἰ
3197 2863 3284 2932 μὲν
3332 2863 3432 2935 γὰρ
3481 2860 3630 2915 ἐστιν
3700 2867 3732 2916 ὁ
3789 2876 3995 2936 Χριςτες,

2393 2947 2485 2999 οὐκ
2545 2946 2880 3006 ἀποθνήσκει·
2937 2949 2980 3001 εἰ
3039 2945 3097 3001 δὲ
3178 2947 3516 3017 ἀποθνήσκει,
3592 2953 3705 3005 οὐκ
3789 2960 3918 3008 ἔστι.
3975 2975 3986 3000 ε

2393 3042 2637 3108 Χριστός.
2675 3042 2776 3089 Καὶ
2801 3041 2922 3108 μὴν,
2952 3038 2990 3088 ὡ
3029 3037 3274 3096 ἁνόητοιὶ
3325 3041 3520 3112 σαθρός
3574 3042 3603 3092 ό
3653 3041 3832 3116 λόγος
3867 3049 3971 3095 ista“

2395 3144 2506 3177 εστι
2543 3129 2639 3199 γὰρ
2690 3131 2779 3178 καὶ
2827 3135 2975 3179 τοῦτο
3019 3125 3240 3193 κάκεῖνο,
3273 3127 3528 3189 ἀθάνατος
3757 3144 3828 3193 τῇ
3870 3134 3966 3183 ’ἑκ-

629 3219 715 3270 est
761 3213 1082 3280 divinitate,
1152 3211 1416 3267 mortalis
1466 3217 1663 3267 autem
1715 3212 2108 3267 humanitate.
2172 3211 2281 3267 Sed

2402 3235 2533 3279 τητι,
2587 3217 2766 3276 θνητὸς
2828 3213 2886 3268 δὲ
2935 3225 2997 3288 τῇ
3059 3215 3441 3291 ἀνθρωπότητι.
3495 3219 3642 3270 Ἀλλ’
3705 3225 3734 3273 ὁ
3802 3230 3986 3298 Χριστες

629 3305 892 3360 Christus
919 3320 1076 3359 nunc
1101 3319 1221 3359 non
1240 3303 1459 3370 docuit,
1493 3302 1801 3374 quomodo
1823 3301 2177 3357 immortalis
2199 3319 2285 3358 es-

630 3400 738 3457 set,
763 3394 860 3448 sed
892 3393 1199 3464 quomodo
1223 3391 1488 3447 mortalis
1524 3411 1536 3459 ;
1558 3391 1771 3458 sciens,
1795 3407 1898 3446 eos
1930 3407 2051 3446 non
2076 3406 2283 3446 susce-

626 3489 834 3556 pturos
871 3482 946 3537 de
977 3499 1084 3538 sua
1115 3481 1558 3537 immortalitate
1586 3497 1941 3535 sermonem.

699 3570 1021 3627 Considera
1043 3585 1320 3641 namque,
1341 3569 1524 3639 quod,
1549 3585 1686 3624 cum
1701 3569 1880 3624 etiam
1905 3585 2132 3632 vocem,
2151 3584 2287 3640 quas

627 3660 701 3714 de
737 3659 886 3714 coelo
911 3664 1170 3724 venerat,
1214 3657 1520 3713 audissent
1545 3674 1614 3713 ac
1647 3657 1939 3714 dixissent
1987 3675 1999 3713 :
2033 3657 2287 3728 Angelus

627 3749 680 3805 ei
703 3750 930 3804 locutus
953 3754 1055 3817 est,
1078 3748 1276 3803 adhuc
1306 3754 1506 3803 tamen
1524 3747 1957 3818 malignantur.
1995 3747 2131 3803 Ideo
2150 3747 2290 3801 sim.

630 3837 860 3910 pliciter
898 3852 1001 3891 eos
1034 3836 1338 3892 admonet.

699 3927 863 3982 Vers.
911 3930 996 3981 33.
1032 3927 1186 3982 Dicit
1235 3925 1842 3994 —comprehendant.
1899 3926 2114 3982 Lucem
2147 3927 2290 3984 dicit

629 4014 912 4087 seipsum.
945 4017 1089 4069 Nam
1122 4020 1175 4069 et
1220 4015 1278 4069 in
1311 4014 1779 4084 praecedentibus
1815 4015 2053 4070 dicebat
2107 4032 2118 4069 :
2163 4017 2290 4087 Ego

625 4118 751 4159 sum
775 4104 885 4158 tua:
908 4102 1136 4164 mundi,
1166 4101 1269 4172 qui
1297 4101 1560 4171 sequitur
1580 4118 1669 4157 me
1688 4118 1805 4158 non
1825 4103 2093 4158 ambulat
2124 4105 2179 4158 in
2210 4112 2291 4160 te-

628 4192 896 4246 nebris“.
923 4190 1209 4245 Modicum
1261 4195 1458 4244 autem
1489 4194 1722 4261 tempus
1759 4191 1816 4246 id
1839 4191 1998 4256 dicit,
2026 4193 2191 4264 quod
2213 4194 2292 4249 ad

629 4283 882 4335 mortem
943 4294 1130 4350 usque
1181 4277 1401 4332 deerat.
1454 4279 1572 4333 Prae
1626 4279 1994 4336 humanitate
2032 4297 2174 4352 ergo
2221 4299 2290 4338 ac

625 4368 992 4437 benignitate
1024 4371 1379 4437 protestatur
1404 4383 1472 4422 ae
1505 4367 1953 4437 admonetillos,
1990 4375 2047 4425 ut
2080 4371 2138 4425 in
2162 4371 2292 4426 luce

629 4456 956 4524 ambulent,
987 4456 1098 4510 hoc
1128 4460 1218 4512 est
1241 4463 1566 4527 sequantur
1595 4473 1730 4511 eum
1752 4458 2123 4514 cumlumine
2147 4476 2293 4531 prea-

631 4551 871 4603 euntem
899 4546 1170 4617 viamque
1199 4551 1795 4613 commonstrantem,
1815 4553 1870 4602 et
1897 4548 2025 4617 ejus
2048 4549 2293 4604 credant
2325 4585 2368 4638 Β

631 4635 1030 4691 sermonibus.
1067 4637 1173 4689 Per
1219 4635 1491 4689 tenebras
1514 4650 1654 4690 vero
1694 4651 1953 4691 errorem
2002 4637 2288 4708 intelligo,

631 4740 754 4796 quo
785 4740 887 4779 eos
930 4723 1294 4778 seduxerunt
1324 4722 1556 4778 illorum
1611 4723 1936 4794 pontiﬁces,
1979 4733 2290 4798 postquam

633 4813 926 4868 Christum
961 4811 1394 4880 interfecerunt,
1429 4811 1797 4869 afﬁrmantes
1824 4814 1982 4885 quod
2016 4815 2293 4872 seductor

630 4901 851 4958 fuisset.

706 4989 1114 5060 lntelliguntur
1146 5005 1386 5062 quoque
1417 4989 1753 5061 simpliciter
1799 4993 2089 5062 Tenebrae,
2132 5009 2293 5051 error

631 5080 994 5146 Judaiorum,
1027 5079 1130 5151 qui
1167 5078 1541 5152 corporalem
1587 5079 1811 5137 cultum
1845 5087 2166 5151 servantes,
2197 5099 2286 5141 ar-

708 5311 754 5345 “
784 5309 1058 5374 Joan.iii,
1089 5313 1142 5378 8,
1168 5326 1286 5384 xw,
1312 5314 1400 5370 28.
1477 5315 1524 5350 ⁴⁸
1545 5315 1711 5372 Joan.
1770 5331 1888 5380 vui,
1921 5317 2006 5382 t2,

2395 3304 2488 3356 οὐκ
2541 3300 2755 3366 ἐδίδαξε
2809 3312 2897 3356 νῦν
2956 3313 3060 3365 πῶς
3103 3309 3191 3377 μὲν
3245 3304 3384 3358 ἐστιν
3439 3306 3740 3371 ἀθάνατος,
3808 3322 3910 3371 :53;
3957 3309 3995 3361 ξι

2399 3395 2596 3457 Θνητός,
2640 3389 2792 3454 εἰδὼς
2823 3392 3011 3455 αὐτοὺς
3063 3393 3120 3446 οὐ
3153 3392 3609 3469 παραδεξομένους
3642 3402 3739 3451 τόν
3775 3406 3890 3473 περὶ
3928 3411 4002 3457 7i;

2400 3483 2637 3543 θεότητος
2668 3482 2827 3534 αὐτοῦ
2855 3481 3026 3552 λόγον.

2469 3575 2650 3623 Σκόπει
2699 3573 2798 3644 γὰρ
2857 3573 2934 3623 ὅτι
2991 3576 3080 3624 καὶ
3136 3577 3226 3630 τὴν
3284 3571 3534 3626 ἐλθοῦσαν
3586 3582 3772 3646 φωνὴν
3821 3579 3878 3630 ἐκ
3931 3588 4009 3631 τοῦ

2398 3661 2618 3732 οὐρανοῦ
2667 3658 3018 3722 ἐνωτισθέντες
3069 3667 3158 3713 καὶ
3213 3661 3437 3724 εἰπόντες
3497 3665 3575 3715 ὅτι
3613 3666 3840 3735 ἄγγελος
3884 3670 4008 3719 αὖτὲ

2396 3748 2686 3816 λελάληκεν,
2755 3751 2830 3801 ἔτι
2907 3753 3296 3823 πονηρεύονται.
3357 3754 3442 3803 Διό
3516 3763 3773 3824 παραινεῖ
3847 3761 4010 3815 αὐτοῖς

2398 3838 2590 3900 ἁπλῶς.

2470 3935 2621 3980 Εῖπεν
2670 3958 2738 3967 -
2791 3926 3081 4000 καταλὴϐη.
3144 3935 3249 3988 Φῶς
3315 3929 3492 3981 ἑαυτὸν
3547 3929 3705 4001 λέγει.
3769 3939 3874 3986 Καὶ
3919 3940 4002 4005 γάρ

2398 4023 2487 4070 καὶ
2557 4014 2830 4090 προλαϐὼν
2899 4016 3084 4087 ἔλεγεν*
3140 4016 3272 4088 Ἐγὼ
3349 4018 3453 4090 εἰμι
3501 4022 3558 4070 τό
3615 4029 3723 4091 φῶς
3775 4032 3873 4075 τοῦ
3931 4046 4002 4075 κς-

2401 4124 2557 4176 σμου,
2613 4106 2638 4155 ό
2693 4103 2984 4157 ἀκολουθῶν
3023 4109 3137 4178 ἐμοι
3203 4107 3262 4158 οὗ
3309 4111 3378 4179 μὴ
3442 4114 3788 4181 περιπατήσῃ
3854 4112 3901 4163 ἐν
3949 4123 3996 4168 τε

2403 4199 2606 4265 σκοτίᾳ.
2673 4197 2872 4268 Μικρὸν
2953 4191 3011 4246 δὲ
3100 4198 3289 4267 χρόνον
3376 4215 3505 4268 φησι
3561 4201 3650 4248 τόν
3717 4201 3861 4270 ἆζοι
3921 4212 3997 4253 τεά

2403 4284 2620 4335 θανάτου
2677 4283 2858 4335 αὐτοῦ.
2924 4283 3046 4336 ’Υπὸ
3120 4283 3498 4357 φιλανθρωπίας
3547 4291 3720 4337 τοίνυν
3785 4287 3992 4363 διαμειρ-

2400 4375 2628 4446 τύρεται,
2687 4377 2775 4423 καὶ
2850 4377 3141 4443 κατεπείγει
3199 4373 3384 4434 αὐτούς
3457 4374 3529 4435 εἰς
3586 4379 3646 4426 τό
3705 4388 3984 4449 περιπατεῖν

2401 4461 2451 4512 ἐν
2522 4470 2592 4530 τῷ
2647 4467 2796 4532 φωτὶ,
2844 4464 3004 4531 ἤγουν
3062 4460 3358 4515 ἀκολουθεῖν
3417 4463 3556 4532 αὑτῴ
3598 4477 3979 4536 φωτα-Ῑωγοῦῖτι

2400 4554 2489 4601 καὶ
2538 4546 2842 4621 όδηγοῡντι,
2873 4555 2961 4601 καὶ
3012 4554 3269 4603 πιστεύειν
3318 4558 3427 4612 τοῖς
3455 4551 3628 4621 λόγοις
3678 4555 3792 4624 (77)
3823 4558 3967 4606 αὐτοῦ.

2402 4643 2614 4690 Σκοτίαν
2646 4635 2704 4690 δε
2751 4647 2847 4690 νοῶ
2879 4643 2971 4696 τὴν
3010 4639 3225 4707 πλάνην⁹
3258 4639 3316 4696 ἣν
3371 4639 3669 4698 ἐπλάνησαν
3726 4644 3892 4700 wits-3,-
3923 4663 3957 4690 εί

2401 4729 2653 4800 ἄρχοντες
2686 4726 2851 4778 αὐτῶν
2904 4730 3035 4799 μετὰ
3082 4731 3139 4780 τὸ
3183 4726 3367 4781 ἀνελεῖν
3425 4731 3509 4780 τόν
3569 4737 3806 4804 Χριστέη
3847 4735 3942 4784 ςλξ,

2403 4821 2783 4890 ροφορήσαντες
2808 4817 2887 4868 ὅτι
2917 4815 3104 4879 πλάνος
3129 4814 3208 4874 ἦν.

2473 5001 2682 5046 Νοεῐται
2759 4989 2817 5046 δε
2894 4998 3079 5045 σκοτία
3151 4997 3240 5045 καὶ
3314 4994 3342 5050 ἡ
3424 4993 3600 5055 ἁπλῶς
3676 4996 3835 5056 πλάνη
3891 5007 3968 5049 τῶν

2398 5079 2688 5136 Ἰουδαίων·
2763 5087 2854 5142 τὴν
2924 5085 3025 5157 γὰρ
3105 5087 3408 5154 σωματικὴν
3487 5082 3729 5158 λατρείαν
3805 5090 3975 5160 φυλάς.

1852 5544 2078 5613 Variae
2110 5544 2437 5613 lectiones
2484 5555 2550 5611 et
2581 5554 2784 5611 notae.

893 5736 910 5804 )
937 5739 1038 5810 Γάρ
1069 5753 1177 5810 pro
1205 5735 1265 5791 δέ
1295 5747 1358 5795 Α.

889 5807 906 5882 )
932 5807 1018 5862 Δεῖ
1045 5807 1148 5881 pro
1177 5816 1285 5885 χρή
1317 5815 1381 5872 Α.

2455 5739 2570 5812 (77)
2601 5741 2841 5813 Τῷλόγῳ
2871 5747 2930 5793 Δ.
