4130 6320
148 387 181 439 1
196 387 342 441 369

1253 384 1615 445 COMMENT.
1660 384 1730 441 ΙΝ
1768 383 2112 443 JOANNEM.
2155 416 2222 427 —
2262 384 2418 443 CAP.
2452 384 2571 441 ΧΠ.

3450 383 3585 442 i370

156 530 397 573 σοντες
451 504 700 567 δοκοῦσιν
757 506 1047 584 εὐαρεστεῖν
1098 519 1170 582 τῷ
1218 519 1351 581 Θεῷ,
1391 516 1481 563 καὶ
1532 513 1817 575 σώζεσθαι.

1945 511 2300 568 ›ὶιι“δ.ὺαοῑιιῐι
2329 526 2391 566 se
2418 511 2537 566 Deo
2575 508 2806 583 placere
2850 528 2921 569 ac
2979 511 3179 570 salvos
3225 510 3372 568 ﬁeri.
3404 508 3581 584 Atqui

156 606 298 652 Καὶ
364 604 477 669 μὴν
534 600 662 657 αῦτη
716 601 744 657 ἡ
803 604 989 652 σκοτία
1063 604 1153 653 καὶ
1209 619 1323 652 τοτε
1388 597 1528 672 εἶχεν
1581 600 1773 662 αὐτούς
1803 617 1817 631 ·

160 688 337 740 ἄλλὰ
399 692 458 740 τὸ
506 686 773 760 καταλάϐῃ
832 687 945 741 ἀντὶ
981 696 1072 740 τοῦ
1129 691 1514 763 κατακυριεύσῃ
1549 694 1711 763 μέχρι
1738 694 1820 742 τέ-

160 776 351 838 λους.

267 870 400 919 Καὶ
459 896 525 905 -
580 866 789 936 ύποίγει.
824 864 1108 935 Πλανᾶται,
1158 870 1497 941 προσκόπτει,
1545 867 1819 940 κρημνίζε-

174 974 319 1009 ται.

267 1043 430 1105 Ἐως
451 1075 520 1085 -
546 1052 666 1115 φῶς.
690 1044 1003 1116 Ἐσαφὴνισε
1031 1047 1117 1096 τόν
1141 1044 1309 1116 λόγον.

266 1130 405 1185 Ἰνα
449 1164 518 1173 —
558 1135 797 1204 γένησθε.
852 1138 951 1185 Καὶ
990 1132 1041 1184 ἐν
1070 1138 1366 1205 προοιμίοις
1392 1141 1485 1185 τοῦ
1508 1132 1820 1205 Εὐαγγελίου

180 1217 351 1273 εἶπεν
406 1222 551 1282 οὗτος
583 1223 608 1273 ὁ
640 1222 1035 1293 εύᾳγγελιστὴς,
1087 1224 1169 1274 ὅτι
1204 1229 1360 1275 Ὅσοι
1404 1222 1582 1275 ἔλαϐον
1642 1223 1820 1288 αὐτὸν,

182 1306 413 1362 ἔδωκεν
441 1311 614 1371 αὐτοῖς
644 1309 882 1373 ἐξουσίαν
920 1314 1069 1363 τέκνα
1102 1318 1235 1364 Θεοῦ
1264 1313 1527 1382 γενέσθαι,
1568 1320 1673 1372 τοῖς
1701 1332 1823 1365 πισ-

186 1401 463 1451 τεύουσιν
493 1400 564 1461 εἰς
594 1402 651 1451 τὸ
688 1402 845 1470 ὄνομα
872 1400 1051 1454 αὐτοῦ.
1087 1399 1221 1453 Ἀλλ’
1252 1399 1354 1453 ἐκεῖ
1377 1404 1466 1472 μὲν
1502 1408 1713 1473 νοοῦμεν
1743 1404 1823 1454 ὅτι

186 1491 374 1540 τέκνα
395 1496 487 1541 τοῦ
521 1493 719 1563 Πατρός
743 1494 993 1560 γίνονται,
1018 1489 1238 1541 ἐνταῦθα
1256 1486 1313 1541 δὲ
1335 1492 1415 1542 ὅτι
1436 1492 1539 1543 υἱοὶ
1561 1499 1653 1543 τοῦ
1682 1494 1818 1556 Υἰοῦ,

191 1577 296 1628 ἶνα
342 1580 516 1650 μάθῃς
543 1579 622 1629 ὅτι
651 1582 750 1649 μία
779 1576 1005 1652 ἐνέργεια
1028 1581 1227 1652 Πατρός
1256 1584 1345 1631 καὶ
1384 1581 1525 1650 Υίοῦ,
1560 1584 1649 1632 καὶ
1677 1584 1823 1633 κοινὰ

194 1666 391 1718 πάντα
425 1666 613 1739 ἀμφοῖν
630 1710 641 1722 .

280 1761 472 1807 Ταῦτα
496 1785 563 1796 -
602 1754 789 1808 αὐτῶν.
829 1761 998 1827 Ἔγνω
1013 1758 1111 1827 γὰρ
1134 1759 1220 1808 τὸν
1249 1758 1409 1829 θυμόν
1427 1756 1594 1809 αὐτῶν
1624 1777 1821 1831 ταρασ-

1926 600 2015 656 hae
2042 600 2299 657 tenebrae
2324 600 2451 671 jam
2482 600 2613 657 illos
2647 601 2945 658 habebant
2977 621 2992 673 ;
3026 603 3129 658 sed
3159 603 3239 657 ait
3270 617 3283 656 :
3312 602 3448 658 Non
3479 616 3581 657 vos

1927 689 2445 759 comprehendant,
2488 690 2549 745 id
2587 695 2693 755 est,
2727 707 2802 748 ne
2839 707 3025 765 usque
3077 692 3154 747 ad
3179 691 3361 746 tinem
3391 691 3582 746 domi-

1926 784 2143 836 nentur
2173 778 2361 835 vobis.

1997 871 2155 925 Vers.
2194 873 2283 925 35.
2338 870 2415 925 Et
2461 900 2526 911 —
2558 870 2753 927 vadat.
2819 873 3000 937 Errat,
3049 870 3317 937 offendit,
3374 867 3577 943 praeci-

1926 958 2171 1030 pitatur.

1999 1047 2159 1103 Vers.
2194 1051 2279 1104 36.
2312 1050 2591 1105 Donec—
2627 1052 2829 1107 lucem.
2850 1054 3196 1108 Sermonem
3224 1049 3584 1122 explanavit.

2001 1140 2162 1193 Vers.
2195 1138 2282 1193 36.
2324 1140 2397 1196 Ut
2434 1169 2480 1177 —
2510 1140 2658 1195 sitis.
2690 1142 2751 1195 In
2786 1141 3125 1212 primordiis
3142 1156 3379 1213 quoque
3398 1142 3588 1194 Evan-

1927 1226 2065 1299 gelii
2088 1227 2237 1285 dixit
2264 1227 2359 1283 hic
2389 1228 2747 1298 evangelista
2772 1246 2785 1284 ε
2820 1231 3108 1301 Quotquot
3138 1235 3333 1285 autem
3366 1243 3593 1297 recepe-

1928 1322 2067 1370 runt
2091 1332 2244 1381 eum,
2265 1316 2420 1373 dedit
2446 1320 2527 1372 eis
2542 1324 2873 1385 potestatem
2891 1318 3038 1387 ﬁlios
3074 1319 3177 1374 Dei
3200 1317 3591 1383 ﬁericreden-

1930 1405 2085 1461 tibus
2113 1407 2174 1461 in
2190 1422 2396 1462 nomen
2420 1407 2627 1475 ejus“.
2661 1408 2871 1463 Sedihi
2902 1407 3148 1479 quidem
3182 1405 3590 1475 intelligimus,

1930 1494 2088 1564 quod
2113 1495 2217 1549 ﬁlii
2240 1494 2387 1550 ﬂant
2418 1495 2605 1549 Patris
2634 1511 2645 1550 :
2676 1495 2771 1550 hic
2820 1500 3042 1557 autem,
3075 1495 3241 1567 quod
3274 1494 3372 1549 ﬁlii
3402 1494 3591 1565 ipsius

1931 1582 2053 1638 Filii
2082 1599 2094 1636 :
2123 1589 2183 1638 ut
2207 1584 2421 1648 discas,
2453 1584 2616 1655 quod
2647 1600 2765 1638 una
2796 1584 2871 1638 sit
2902 1584 3094 1639 Patris
3142 1589 3198 1639 et
3223 1583 3347 1638 Filii
3377 1597 3590 1655 opera-

1886 1714 1887 1717 η
1930 1672 2027 1736 tio,
2052 1677 2108 1728 et
2138 1673 2447 1728 amborum
2478 1674 2685 1729 omnia
2715 1689 2850 1728 esse
2872 1676 3238 1729 communia.

2001 1763 2160 1816 Vers.
2182 1766 2274 1817 36.
2308 1764 2447 1818 Haec
2485 1794 2553 1803 —
2578 1762 2677 1818 eis.
2705 1762 2943 1818 Sciebat
2975 1777 3241 1833 namque,
3276 1762 3427 1817 iram
3461 1761 3584 1817 illo-

202 1848 440 1917 σόμενον
467 1850 556 1897 καὶ
587 1843 996 1917 ἀγριαινόμενον,
1026 1851 1115 1897 καὶ
1140 1844 1328 1919 ἐκρύϐη
1349 1848 1431 1898 ἶνα
1459 1851 1530 1919 μὴ
1560 1846 1642 1899 ἐπὶ
1674 1847 1820 1899 πλέον

1945 1865 2062 1904 rum
2092 1850 2389 1906 turbatam
2418 1866 2548 1906 esse
2566 1850 2941 1907 acirritatam
2972 1867 2984 1905 :
3014 1850 3149 1907 ideo
3180 1849 3499 1905 abscondit
3524 1864 3586 1905 se

198 1931 504 2007 ἁναφλεγῇ,
552 1934 853 2006 κατασταλῇ
902 1930 961 1986 δὲ
1008 1933 1197 2006 μᾶλλον
1236 1942 1297 2006 τῇ
1344 1936 1687 2011 ὑποχωρήσει
1730 1936 1820 1987 αύ-

198 2041 329 2079 του.

1468 2114 1570 2166 ὅσα
1634 2112 1821 2176 ἐκεῖνος

198 2204 302 2272 μὲν
391 2202 651 2270 ἐποίησεν,
721 2203 865 2263 οὗτος
925 2199 983 2254 δὲ
1040 2202 1289 2276 παρέλιπε
1362 2199 1455 2254 διὰ
1510 2206 1568 2255 τό
1624 2203 1819 2266 πλῆθος

281 2119 535 2165 Τοσαῦτα
599 2144 667 2153 -
733 2112 906 2167 αὐτόν.
981 2144 1047 2154 -—
1125 2116 1389 2178 Τοσαῦτα,

200 2290 409 2343 αὐτῶν.

278 2380 401 2433 Ἰνα
453 2410 521 2422 —
579 2380 849 2455 πληρωθῇ.
918 2382 1193 2434 Κάνταῦθα
1259 2384 1317 2432 τὸ
1372 2379 1481 2434 Ἰνα
1538 2380 1631 2433 οῦκ
1682 2383 1820 2435 ἔστιν

202 2469 563 2541 αἰτιολογίας,
624 2469 732 2521 ἀλλ’
812 2469 1091 2535 ἐκϐάσεως,
1168 2474 1285 2528 ἤτοι
1348 2469 1662 2542 πληρώσεως
1728 2478 1817 2521 τοῦ

204 2559 504 2631 μέλλοντος,
580 2561 660 2611 ὅτι
728 2559 897 2631 ἔμελλε
956 2559 1314 2631 πληρωθῆναι.
1382 2563 1483 2611 Καὶ
1543 2567 1817 2629 πανταχοῦ

205 2652 269 2699 τὸ
342 2647 454 2700 Ἰνα
505 2650 530 2699 ὀ
582 2647 734 2719 λόγος
788 2656 881 2699 τοῦ
940 2666 1208 2720 προφητου
1276 2646 1546 2719 πληρωθῇ,
1614 2652 1702 2699 καὶ
1760 2652 1817 2699 τό

203 2734 328 2788 Ἵνα
378 2739 408 2794 ἡ
469 2741 759 2811 προφητεία
786 2736 1059 2809 πληρωθῇ,
1123 2740 1213 2787 καὶ
1268 2739 1348 2803 τό,
1404 2734 1583 2797 Ὀπως
1635 2741 1722 2788 καὶ
1752 2738 1818 2788 τὰ

209 2832 437 2877 τοιαῦτα
488 2828 733 2882 τοιαύτην
786 2828 976 2896 ἔχουσι
1017 2829 1110 2883 τὴν
1154 2830 1442 2897 σημασίαν,
1496 2825 1540 2877 εἰ
1568 2830 1657 2876 καὶ
1703 2825 1814 2897 (78)

213 2919 289 2984 μὴ
354 2913 401 2964 ἐν
446 2922 549 2973 τοῖς
592 2913 764 2975 ἄλλοις
814 2912 1208 2983 εῦαγγελισταίς
1239 2922 1391 2966 τοῦτο
1424 2910 1816 2986 δεδηλώκαμεν.

216 3003 296 3054 Οῦ
344 3004 446 3077 γὰρ
499 2999 635 3054 διότι
701 2999 839 3054 εἷπον
884 3004 931 3054 οἰ
969 3011 1254 3075 προφῆται,
1290 3000 1384 3055 διὰ
1419 3011 1568 3056 τοῦτο
1606 3008 1814 3076 γεγόνα-

218 3110 305 3143 σιν
354 3090 388 3143 ἃ
449 3089 588 3144 εἶπον
655 3106 669 3122 ⁸
738 3090 864 3142 ἀλλὰ
931 3089 1069 3144 διότι
1127 3091 1327 3162 ἔμελλον
1405 3095 1664 3164 γενέσθαί,
1722 3091 1815 3146 διὰ

216 3189 372 3233 τοῦτο
452 3179 591 3233 εἷπον
654 3183 702 3232 οἱ
753 3189 1016 3255 προφῆται
1052 3224 1063 3235 .
1100 3178 1321 3239 ’ἰδίωμα
1377 3184 1478 3255 γάρ
1518 3182 1634 3253 (79)
1702 3182 1811 3236 ἐστι

217 3278 372 3323 τοῦτο
427 3291 521 3333 της
584 3277 811 3344 Γραφῆς,
876 3274 945 3331 ὡς
1018 3267 1438 3342 προδεδήλωται,
1518 3269 1709 3329 δηλοῦν
1760 3277 1815 3325 16

222 3358 448 3431 ἀψευδὲς
505 3368 598 3421 τῆς
679 3364 995 3434 προφητείας
1059 3364 1147 3411 καὶ
1224 3362 1282 3411 τό
1338 3362 1544 3422 πάντως
1588 3360 1819 3434 πληρού-

223 3469 387 3507 μενον.

292 3538 384 3589 ⁸ον
439 3569 506 3578 —
568 3541 733 3611 ἡμῶν.
787 3543 911 3611 Περὶ
962 3547 1061 3590 τῶν
1113 3543 1183 3611 μὴ
1230 3541 1619 3591 πιστεῦσάντων
1666 3548 1818 3592 τοῦτο

226 3632 419 3701 εἴρηκεν
479 3630 503 3679 ὁ
556 3633 848 3702 προφήτης,
893 3630 1085 3679 τούτων
1143 3647 1197 3680 τε
1258 3633 1346 3680 καὶ
1392 3636 1489 3680 τῶν
1527 3632 1769 3681 τοιούτων
1802 3645 1814 3657 ’

226 3715 381 3775 ἀκοὴν
421 3716 579 3788 λέγων
636 3722 728 3775 τὴν
778 3721 893 3787 περὶ
940 3724 1031 3767 τοῦ
1090 3724 1321 3790 Χριστοῦ
1373 3723 1709 3791 προφητείαν,
1757 3718 1816 3776 ἣν

227 3804 538 3866 ἀκούσαντες
593 3808 642 3857 οἰ
692 3814 951 3877 προφῆται
991 3812 1099 3867 τοῖς
1137 3805 1237 3857 ὠσὶ
1275 3814 1375 3857 τῶν
1426 3806 1617 3877 ψυχῶν
1647 3806 1815 3858 αὐτῶν

228 3896 323 3946 ύπό
376 3902 465 3946 τοῦ
513 3896 648 3946 θείου
731 3896 1023 3965 Πνεύματος
1080 3893 1446 3965 ἕνηχηθεῖσαν,
1507 3901 1816 3967 προεφήτευ-

231 4003 339 4037 σαν.
392 3987 538 4054 Λέγει
589 3980 648 4035 δὲ
705 3984 786 4033 ὅτι
832 3979 1007 4043 οὐδεὶς
1072 3991 1170 4034 τῶν
1223 3984 1466 4034 τοιούτων
1516 3981 1815 4035 ἐπίστευσεν

229 4073 375 4145 αὐτῇ.

299 4166 391 4214 Καὶ
428 4192 495 4200 -—
540 4158 898 4232 ἀπέκαλύφθη.
956 4164 1199 4234 Βραχίων
1242 4167 1331 4212 τοῦ
1381 4160 1638 4234 Πατρὸςό
1677 4163 1811 4226 Υἱὸς,

1586 4253 1814 4323 Χριστός

230 4346 354 4390 Θεοῦ
411 4334 652 4410 δύναμις.
685 4334 876 4390 Ούδενὶ
907 4341 1101 4390 τούτων
1134 4337 1420 4410 ἐγνωρίσθη
1454 4337 1512 4390 ού
1542 4341 1684 4411 παρά
1720 4343 1815 4397 τὴν

229 4251 291 4311 ὡς
344 4246 559 4321 δύναμις
600 4250 778 4302 αὐτοῦ.
832 4255 969 4307 Φησὶ
1018 4252 1119 4323 γὰρ
1179 4251 1204 4301 ό
1264 4248 1461 4309 Παῦλος
1515 4266 1527 4277 ·

230 4426 400 4478 ἑαυτοῦ
453 4432 798 4500 κρυφιότητα,
851 4424 979 4478 ἀλλὰ
1022 4429 1167 4501 παρὰ
1201 4431 1293 4483 τὴν
1334 4426 1501 4478 αὐτῶν
1532 4426 1812 4498 τύφλωσιν.

232 4516 387 4577 Αύτὸς
433 4519 520 4586 μὲν
566 4519 668 4589 γὰρ
702 4512 856 4573 δίκην
896 4514 1047 4573 ἡλίου
1096 4519 1153 4567 τὸ
1200 4524 1305 4587 φῶς
1357 4524 1452 4577 τῆς
1480 4516 1669 4577 οἰκείας
1716 4518 1819 4569 θεό-

1929 1953 2005 1993 ne
2036 1939 2291 2010 amplius
2350 1939 2841 2008 inﬂammaretur,
2902 1939 3004 1995 sed
3067 1939 3259 2008 magis
3306 1938 3435 2008 eius
3493 1953 3587 1994 se-

1930 2026 2197 2083 cessione
2231 2029 2558 2085 sedaretur.

2002 2115 2163 2173 Vers.
2198 2120 2284 2173 37.
2325 2119 2466 2175 Tam
2515 2119 2704 2173 multa
2754 2148 2820 2157 —
2860 2131 3009 2172 eum.
3056 2148 3125 2156 —
3178 2117 3314 2171 Tam
3346 2115 3538 2171 multa
3572 2132 3586 2183 ;

1929 2210 2076 2276 quot
2102 2210 2298 2261 autem
2331 2206 2473 2262 illud
2504 2206 2771 2272 ediderit,
2804 2205 3176 2277 praetermisit
3224 2205 3322 2260 hic
3346 2208 3591 2277 propter

1930 2310 2139 2351 eorum
2183 2296 2643 2353 multitudinem.

2000 2384 2166 2438 Vers.
2194 2384 2282 2439 38.
2319 2386 2386 2442 Ut
2414 2416 2479 2427 —
2509 2386 2924 2454 compteretur.
2958 2384 3141 2440 Etiam
3168 2383 3266 2439 hic
3293 2383 3475 2439 dictio
3502 2384 3589 2448 Ut,

1930 2486 2050 2526 non
2082 2477 2168 2527 est
2194 2474 2449 2528 causalis
2479 2474 2581 2527 sed
2604 2480 2879 2528 eventum
2914 2473 3074 2535 dicit,
3119 2473 3244 2527 sive
3270 2472 3398 2542 ejus
3426 2471 3593 2543 quod

1930 2560 2189 2615 futurum
2206 2567 2310 2626 est,
2341 2562 2823 2632 completionem.
2854 2564 2916 2617 Et
2949 2561 3291 2633 ubicunque
3314 2561 3542 2616 dicetur
3573 2576 3585 2615 :

1936 2650 2008 2705 Ut
2062 2665 2252 2705 sermo
2303 2651 2608 2719 prophetae
2664 2652 3081 2717 compteretur.
3142 2655 3205 2704 ut
3280 2648 3592 2721 prophetia

1928 2738 2316 2807 compleretur
2361 2756 2375 2805 ;
2417 2739 2597 2795 dictio
2658 2740 2748 2803 Ut,
2808 2744 2865 2794 et
2904 2740 3121 2795 Graecae
3171 2738 3458 2794 dictiones
3486 2737 3585 2806 ἵνα,

1927 2828 2144 2889 ὃπωςᾶο
2163 2826 2404 2891 similes,
2434 2828 2657 2883 dictam
2672 2829 2946 2883 eamdem
2972 2825 3590 2897 habentsiguiﬁcatio-

1925 2930 2085 2982 nem,
2125 2931 2478 2988 quanquam
2501 2917 2556 2971 in
2589 2917 2719 2971 aliis
2738 2916 3118 2985 evangelistis
3180 2917 3293 2972 hoc
3317 2931 3437 2972 non
3468 2930 3587 2970 ma-

1926 3003 2356 3077 nifestavimus.
2373 3006 2573 3077 Neque
2587 3006 2770 3069 enim,
2798 3005 2939 3077 quia
2963 3003 3584 3076 dixeruut'prophetm,

1924 3076 2059 3149 ideo
2092 3094 2243 3150 facta
2271 3100 2408 3149 sunt
2464 3076 2599 3166 quae
2643 3076 2936 3160 dixerant,
2995 3094 3096 3149 sed
3140 3094 3283 3166 quia
3319 3094 3583 3149 futurum

1925 3191 2049 3238 erat
2080 3190 2142 3239 ut
2161 3184 2382 3248 fierent,
2434 3189 2749 3255 propterea
2803 3185 3204 3253 prtedixerunt
3254 3182 3586 3254 prophetia.

1926 3272 2071 3328 Nam
2107 3273 2420 3344 Scriptura:
2449 3273 2668 3328 idioma
2697 3276 2801 3337 est,
2838 3278 2900 3327 ut
2930 3272 3335 3343 praediximus,
3358 3287 3479 3344 quo
3510 3272 3587 3326 si-

1928 3362 2170 3432 gniﬁcat
2193 3361 2665 3419 iofallibilitatem
2698 3360 3017 3433 praphetize
3056 3366 3113 3416 et
3167 3359 3585 3417 omnimodam

1928 3451 2057 3521 ejus
2088 3450 2571 3520 completionem.

1999 3539 2162 3593 Vers.
2194 3540 2280 3595 38.
2308 3540 2486 3607 Quem
2513 3569 2580 3579 —
2610 3542 2830 3593 nostro.
2863 3540 2941 3593 De
2962 3538 3055 3593 his
3094 3537 3197 3609 qui
3218 3538 3312 3609 (If)
3328 3552 3443 3593 non
3469 3552 3591 3594 ore-

1928 3627 2225 3691 diderunt,
2257 3628 2369 3682 hoc
2399 3628 2545 3683 dixit
2574 3628 2867 3697 propheta
2892 3645 2905 3693 ;
2943 3627 3215 3682 auditum
3244 3627 3447 3682 dicens
3484 3626 3589 3683 ho-

1928 3733 2059 3771 rum
2092 3733 2162 3771 ac
2188 3716 2492 3781 similium,
2545 3717 2923 3787 prophetiam
2972 3716 3047 3771 de
3084 3716 3337 3779 Christo,
3396 3731 3585 3788 quam

1928 3806 2234 3876 prophetae
2262 3821 2397 3860 cum
2434 3806 2761 3869 audissent,
2787 3804 3033 3860 auribus
3083 3805 3422 3859 animarum
3450 3820 3587 3860 sua-

1924 3910 2058 3948 rum
2101 3894 2361 3949 adivino
2390 3894 2601 3964 Spiritu
2659 3895 3014 3958 immissam,
3058 3893 3580 3961 prophetaverunt.

1927 3982 2077 4038 Dicit
2097 3998 2254 4053 ergo,
2292 3982 2453 4054 quod
2489 3982 2687 4038 nullus
2717 3982 2923 4038 talium
2955 3982 3033 4038 illi
3073 3981 3470 4037 crediderunt.

1996 4160 2159 4213 Vers.
2195 4160 2279 4215 38.
2305 4160 2378 4215 Et
2408 4192 2475 4201 —
2505 4160 2828 4217 revelatum
2872 4166 2954 4217 est
2986 4161 3015 4216 ?
3045 4160 3361 4216 Brachium
3396 4158 3581 4216 Patris

1924 4254 2009 4304 est
2035 4248 2230 4313 Filius,
2273 4254 2472 4319 utpote
2497 4250 2757 4320 potentia
2787 4265 2854 4304 ac
2884 4252 3062 4305 robur
3108 4251 3256 4319 ejus.
3304 4249 3395 4305 Ait
3420 4249 3581 4304 enim

1927 4338 2144 4392 Paulus
2176 4354 2188 4392 :
2225 4339 2491 4394 Christus
2523 4340 2626 4395 Det
2654 4340 2915 4402 potentia
2964 4340 3031 4392 “.
3062 4338 3213 4394 Nihil
3244 4338 3457 4394 horum
3488 4353 3584 4393 co-

1926 4426 2145 4494 gnitum
2188 4432 2289 4487 est.
2321 4442 2440 4481 nou
2493 4433 2737 4498 propter
2791 4428 2880 4481 sui
2935 4427 3420 4491 absconsionem,
3485 4425 3584 4481 sed

1928 4520 2166 4586 propter
2196 4514 2432 4569 illorum
2464 4516 2811 4571 caecitatem.
2858 4518 2988 4586 [pse
3040 4515 3342 4587 siquidem
3370 4517 3428 4570 in
3463 4531 3587 4571 mo-

232 4624 371 4666 τητος
402 4600 627 4655 ἐδείκνυε
668 4609 758 4655 καὶ
787 4600 880 4656 διὰ
922 4604 1088 4675 λόγων
1118 4609 1207 4655 καὶ
1240 4601 1311 4656 δι’
1339 4606 1499 4674 ἔργων
1526 4620 1542 4637 ο
1576 4603 1724 4656 αὐτοὶ
1758 4601 1817 4657 δε

1945 4577 2073 4659 lum
2100 4604 2261 4669 solis,
2280 4604 2471 4659 lucem
2500 4621 2622 4659 suae
2653 4577 2978 4660 divinitatis
3004 4577 3380 4673 ostendebat,
3408 4608 3465 4660 et
3485 4620 3591 4675 per

235 4695 579 4766 σαθρωθεῖσαν
619 4700 679 4765 τῇ
715 4698 939 4765 πονηρίᾳ
982 4697 1075 4750 τὴν
1121 4693 1301 4765 ὅρασιν
1344 4695 1550 4764 ἔχοντες
1576 4692 1679 4764 οὐχ
1707 4692 1819 4763 (80)

231 4780 554 4857 ἓνετράνιςον.

300 4876 385 4925 Διά
437 4880 589 4924 τοῦτο
652 4902 719 4912 -
773 4870 1011 4931 Ἠσαίας.
1066 4870 1344 4925 Κάνταῦθα
1390 4875 1447 4924 τὸ
1516 4874 1611 4923 Διὰ
1662 4878 1815 4923 τοῦτο

1928 4710 2253 4759 sermones,
2287 4700 2343 4748 et
2372 4710 2473 4765 per
2499 4709 2703 4765 opera.
2755 4694 2837 4749 llli
2870 4710 3011 4751 vero
3044 4694 3269 4750 malitia
3299 4693 3589 4766 deprava-

1926 4781 2051 4837 tum
2083 4782 2373 4839 habentes
2405 4788 2710 4855 aspectum
2742 4798 2861 4838 non
2907 4783 3367 4839 illustrabantur.

2000 4870 2161 4926 Vers.
2194 4872 2281 4927 39.
2338 4872 2659 4941 Propterea
2690 4902 2756 4913 —
2782 4872 2987 4928 Isaias.
3051 4872 3238 4928 Etiam
3275 4872 3392 4935 hic,
3436 4873 3585 4929 Pro-

299 5050 359 5084 ⁴σ⁹
386 5049 535 5106 Joan
578 5066 619 5118 ι,
664 5052 746 5104 t2.
829 5048 917 5103 “1
946 5050 1072 5105 Cor.
1099 5066 1133 5115 l,
1160 5053 1247 5105 24.

1442 5146 1658 5216 Variae
1687 5147 2013 5216 lectiones
2047 5157 2111 5214 et
2144 5157 2342 5214 notae.

298 5319 400 5391 (78)
431 5318 659 5377 Monuit
688 5319 932 5391 quidem
957 5319 1020 5375 iu
1052 5318 1460 5390 superioribus
1477 5318 1677 5391 etiam,
1702 5332 1810 5373 nec

236 5386 417 5447 tamen
457 5390 540 5445 ita
579 5386 797 5461 aperte.
827 5391 1012 5459 Igitur
1028 5386 1161 5447 mox
1176 5390 1336 5456 dicit,
1364 5386 1808 5463 προδεδήλωεται.

296 5462 397 5533 (79)
443 5466 521 5528 Δέ,
547 5478 652 5533 pro
681 5464 801 5537 γάρ.
839 5467 900 5515 Δ.

2009 5313 2707 5391 80)-Τρι1ιίνῶςἐγίνωσκον2
2762 5316 2840 5371 De
2876 5325 3126 5391 ητρανοῦν
3187 5319 3303 5377 hoc
3370 5335 3574 5388 sensu,

1918 5386 2049 5443 vide
2078 5386 2244 5442 Huet.
2288 5387 2365 5442 ad
2388 5386 2545 5456 Orig.
2572 5392 2609 5442 t.
2638 5388 2729 5453 lli,
2765 5405 2826 5461 p.
2872 5386 2996 5457 561i,
3031 5395 3169 5447 nota
3202 5412 3253 5445 α.

1915 5635 2094 5711 tif/mu.
2124 5634 2405 5692 Tollenda
2436 5651 2576 5707 ergo
2625 5642 2762 5693 sunt
2816 5638 3022 5696 horum
3051 5640 3104 5695 et
3133 5637 3412 5695 similium
3441 5643 3580 5711 post

296 5636 374 5709 (ῙῙ)
401 5638 479 5693 De
499 5637 870 5763 hisgui,.etc.
894 5636 975 5693 De
1012 5636 1334 5719 incredulis
1352 5637 1475 5719 _hoc
1504 5638 1651 5695 dixit
1673 5654 1810 5765 ἔιδο-
1915 5636 1982 5720 λὶς

296 5714 413 5765 leta.
438 5715 560 5765 tam
634 5725 665 5765 e
694 5708 788 5764 his
817 5724 1003 5765 quam
1042 5708 1116 5763 de
1147 5708 1275 5764 alus
1305 5708 1398 5765 his
1452 5710 1669 5765 aequali
1718 5726 1809 5765 us.
1917 5707 1980 5764 dt

1718 5726 1809 5765 us.
1917 5707 2139 5764 dicens.

238 5709 413 5782 pheta,
438 5715 560 5765 tam
590 5708 665 5765 de
694 5708 788 5764 his
817 5724 1003 5780 quam
1042 5708 1116 5763 de
1147 5708 1275 5764 aliis
1305 5708 1398 5782 his
1452 5710 1669 5782 aequali

239 5781 507 5854 lnterpres
537 5783 731 5834 τούτων
752 5798 805 5833 τε
829 5784 919 5832 καὶ
944 5788 1043 5832 τῶν
1079 5782 1327 5833 τοιούτων
1345 5781 1664 5840 inculcavit
1685 5786 1813 5852 post
