4130 6320
620 377 757 435 {374

1967 375 2302 433 EUTHYMII
2338 373 2672 432 ZIGABENI
3989 369 4054 424 15.7

615 510 844 573 pterea,
872 518 995 561 non
1042 502 1281 562 causale
1331 507 1442 570 est,
1493 503 1598 561 sed
1643 503 1822 562 futuri
1850 502 2273 561 declarativum

2392 501 2486 554 οὐκ
2535 504 2674 554 ἔστιν
2729 497 3067 572 αἰτιολογίας,
3121 496 3250 551 ἀλλὰ
3306 496 3637 572 μέλλοντος,
3712 497 3832 550 ὅτι
3911 495 4053 566 ius?)

621 595 765 665 quia
778 593 1037 650 futurum
1055 599 1196 660 erat,
1221 599 1280 649 ut
1303 595 1541 650 credere
1569 609 1688 650 non
1712 598 1979 666 possent,
2004 594 2126 650 sive
2157 609 2279 649 non

621 684 836 740 vellent
865 701 1040 740 :nam
1056 686 1104 740 si
1127 685 1468 752 voluissent,
1495 685 1691 757 utique
1718 684 2121 740 credidissent.
2145 684 2278 738 Non

620 789 813 846 posse,
831 773 1123 846 siquidem
1147 774 1326 829 etiam
1353 774 1648 846 signiﬁcat
1673 793 1684 832 :
1710 789 1834 829 non
1856 772 2003 828 velle
2043 774 2193 828 sicut
2216 772 2278 828 in

619 861 1083 933 praecedentibus
1125 864 1464 920 docuimus.
1515 867 1646 926 Aut,
1700 877 1819 918 non
1847 868 2125 930 poterant
2157 877 2277 918 cre-

619 950 776 1015 dere,
803 950 1129 1021 prohibitia
1160 951 1387 1007 malitia
1405 956 1462 1007 et
1495 952 1754 1008 caecitate
1781 965 1910 1006 sua.
1941 950 2094 1015 Quid
2133 964 2276 1020 ergo

620 1039 834 1095 iterum
852 1039 999 1094 dixit
1027 1040 1210 1095 lsaias
1235 1041 1263 1095 ?

691 1128 852 1184 Vers.
884 1131 976 1184 40.
1009 1129 1350 1186 Excaecavil
1385 1160 1449 1172 —
1508 1145 1630 1185 cor.
1690 1132 1755 1185 Et
1793 1129 1907 1186 hoc
1961 1129 2276 1201 Scriptum

619 1218 845 1274 idioma
867 1223 976 1281 est,
1005 1219 1098 1273 Dei
1131 1219 1614 1290 permissionem,
1643 1219 1816 1291 quasi
1839 1234 1994 1290 opus
2022 1220 2152 1291 ejus
2175 1235 2276 1291 ap-

618 1307 854 1380 pellare.
885 1307 1185 1378 Siquidem
1230 1307 1588 1372 Excaecavit,
1623 1312 1679 1362 et
1726 1308 2068 1371 Induravit,
2097 1307 2275 1378 signi-

618 1397 822 1459 ﬁcant,
877 1396 1162 1451 exctecari
1217 1413 1282 1451 ac
1331 1396 1595 1452 indurari
1650 1397 1930 1468 permisit,
1988 1403 2277 1469 tanquam

620 1483 1024 1539 incurabiles:
1071 1485 1371 1541 neminem
1404 1487 1560 1540 enim
1606 1486 1659 1540 vi
1724 1486 1979 1550 attrahit,
2034 1491 2278 1557 propter

617 1572 873 1628 liberum
892 1574 1176 1646 cujusque
1191 1574 1522 1630 arbitrium.
1552 1575 1747 1630 Simile
1772 1575 1948 1630 etiam
1983 1581 2086 1640 est,
2117 1574 2276 1646 quod

620 1663 829 1718 dicitur
871 1679 882 1717 :
921 1664 1222 1720 Indurans
1238 1664 1535 1720 indurabo
1565 1681 1668 1720 cor
1698 1665 2028 1721 Pharaonis
2060 1666 2105 1700 ‘7
2132 1682 2152 1730 ;
2188 1669 2272 1719 et:

620 1752 931 1809 Declinare
951 1755 1136 1825 fecisti
1154 1755 1390 1810 semitas
1412 1761 1646 1810 nostras
1673 1770 1707 1810 a
1730 1754 1828 1810 via
1859 1761 1960 1810 tua
1983 1755 2027 1790 “
2058 1772 2071 1819 ;
2096 1760 2150 1809 et
2167 1755 2279 1810 Er-

2391 591 2449 644 ού
2477 587 2738 643 δύνασθαι
2783 592 3067 653 πιστεύειν,
3113 593 3277 642 εῖτουν
3329 589 3386 640 ού
3452 586 3858 660 βούλεσθαι.
3929 587 3994 637 Ei
4023 607 4053 653 ξπ

2391 679 2672 748 ἐϐούλοντο,
2707 677 2972 731 ἐπίστευον
3015 681 3099 734 οἶν,
3131 682 3198 730 Τὸ
3243 681 3341 752 γὰρ
3384 683 3460 749 μή
3501 674 3866 730 δύνασθαι
3917 694 4054 740 στω

2389 790 2460 821 νει
2537 772 2738 821 καὶτὸ
2820 773 2890 839 μὴ
2985 766 3289 840 βούλεσθαι,
3349 771 3417 827 ὡς

2389 855 2726 930 ἐδιδάξαμεν.
2785 856 2854 909 Ἠ
2893 856 2988 908 ούκ
3041 853 3320 924 ἠδύναντο,
3377 855 3764 926 κωλυόμενοι
3843 856 3968 904 ὑπὸ
4017 860 4054 902 τὲ

3499 771 3613 818 καὶ
3704 785 3804 837 ττρ
3816 764 4054 816 οὶπξεπ

2387 953 2574 1008 κακίας
2621 952 2710 1000 καὶ
2762 952 3052 1019 πωρώσεως
3105 946 3288 1000 αὐτῶν.
3352 951 3415 998 Τί
3479 941 3579 996 οὖν
3673 943 3891 996 πάλιν
3974 939 4053 992 εέῗὶ

2385 1034 2441 1090 Ἦ
2453 1039 2600 1095 σαίας
2633 1053 2646 1102 ;

2457 1123 2781 1196 Τετύφλωκεν
2845 1155 2914 1164 --
2964 1119 3208 1196 καρδίαν.
3267 1119 3495 1194 ’Ῐδίωμα
3545 1125 3664 1174 καὶ
3762 1129 3962 1173 τοῦτο
4009 1131 4053 1168 ’.³η

2391 1219 2617 1286 Γραφῆς,
2668 1217 2726 1265 τὸ
2783 1217 2877 1271 τὴν
2925 1219 3313 1285 παραχώρησιν
3365 1220 3456 1264 τοῦ
3515 1219 3685 1264 Θεοῦ
3738 1214 3834 1271 ὡς
3901 1213 4040 1280 acii.

2388 1302 2548 1355 αὐτοῦ
2591 1302 2773 1373 λέγειν.
2830 1305 2898 1354 Τὸ
2952 1304 3050 1373 γὰρ
3127 1300 3441 1373 Τετύφλωκε,
3528 1306 3642 1352 καὶ
3727 1305 3808 1352 τὸ
3901 1307 4050 1352 Hs:-

2876 1398 2966 1442 τοῦ
3050 1396 3404 1464 Παρεχὼρησε
3492 1389 3916 1461 τυφλωθῆναι
3991 1409 4032 1436 1;

3528 1306 3642 1352 καὶ
3727 1305 3808 1352 τὸ

2388 1411 2569 1466 ρωκεν,
2664 1389 2778 1443 ἀντὶ

2389 1482 2702 1551 πωρωθῆναι
2759 1483 2822 1540 ὡς
2871 1478 3087 1532 ἀνιάτων
3159 1493 3174 1507 ⁸
3231 1475 3417 1532 οὐδένα
3471 1481 3578 1552 γὰρ
3638 1477 3932 1530 ἀνθέλκει

2389 1573 2447 1621 τὸ
2524 1568 2856 1631 αὐτεξούσιον
2942 1568 3184 1620 ἑκάστου.
3247 1573 3492 1620 Τοιοῦτον
3554 1567 3696 1620 ἐστι
3781 1574 3898 1619 καὶ
3966 1586 4048 1615 τε·

2391 1658 2692 1730 Σκληρύτων
2782 1658 3052 1731 σκληρυνῶ
3135 1662 3228 1715 τὴν
3305 1653 3536 1730 καρδίαν
3608 1662 3854 1727 Φαραώ
3915 1675 3926 1682 -
3983 1677 4046 1704 xz.

2390 1750 2467 1816 τὸ,
2513 1746 2795 1809 Ἐξέκλινας
2837 1748 2930 1806 τὰς
2973 1744 3180 1819 τρίϐους
3233 1748 3374 1817 ἡμῶν
3427 1744 3529 1797 ἀπὸ
3569 1754 3693 1806 τῆς
3726 1743 3888 1798 ὁδοῦ
3923 1765 4046 1796 σου·

621 1856 760 1897 rare
771 1842 967 1911 fecisti
993 1858 1117 1907 nos,
1146 1843 1399 1908 Domine,
1424 1845 1573 1899 avia
1592 1850 1696 1898 tua
1725 1846 1769 1878 ⁴⁹
1792 1863 1804 1912 ;
1826 1844 2273 1916 frequentiaque

2390 1841 2580 1901 καὶτὸ,
2608 1835 2937 1896 Ἐπλοίνησας
2976 1838 3135 1905 ἡμᾶς,
3191 1837 3346 1904 Κύριε
3394 1835 3534 1904 (81),
3581 1833 3712 1885 ὄιπό
3763 1843 3885 1897 τῆς
3934 1831 4046 1885 ὁέεἱ

623 1930 1129 2000 sunthujusmodi
1159 1931 1219 1986 in
1252 1931 1441 1987 Veteri
1463 1935 1832 1988 Testamento
1863 1932 2165 1989 idiomata.

687 2106 820 2162 Tale
863 2122 1103 2178 quoque
1155 2113 1262 2170 est,
1317 2108 1482 2180 quod
1530 2109 1695 2179 apud
1739 2109 1982 2164 Paulum
2024 2110 2275 2165 dicitur:

632 2195 902 2250 Tradidit
924 2197 1060 2252 illos
1081 2199 1228 2252 Deus
1250 2198 1314 2252 in
1345 2197 1652 2268 reprobum
1672 2213 1901 2253 sensum
1925 2201 1992 2264 δι,
2013 2203 2101 2254 et:
2137 2201 2280 2254 Tra-

617 2283 768 2338 didit
819 2285 957 2340 illos
1000 2287 1062 2341 in
1115 2287 1439 2355 affectiones
1491 2288 1832 2356 ignominia:
1856 2289 1923 2341 Μ.
1955 2288 2099 2343 Nam
2130 2289 2281 2343 Deus

618 2386 740 2427 non
760 2373 953 2429 solum
991 2376 1212 2430 nemini
1241 2376 1355 2432 hoc
1377 2375 1535 2443 facit,
1566 2375 1671 2430 sed
1711 2391 1820 2431 nec
1848 2377 2141 2449 relinquit,
2167 2377 2280 2434 nisi

617 2477 752 2518 eum
787 2463 1217 2537 relinquamus.
1251 2466 1342 2520 Ait
1373 2481 1670 2536 namque:
1697 2466 1948 2522 Peccata
1975 2474 2169 2523 vestra
2189 2467 2284 2522 di-

618 2552 894 2610 visionem
915 2554 1152 2623 faciunt
1184 2557 1335 2610 inter
1364 2570 1454 2610 me
1481 2563 1532 2611 et
1562 2571 1660 2611 vos
1687 2558 1756 2608 ⁵³.
1785 2556 2166 2628 Rursumque
2199 2557 2283 2610 di-

618 2644 695 2697 cit
727 2666 738 2697 :
787 2643 1084 2712 Ignorasti
1110 2646 1285 2715 legem
1321 2645 1425 2701 Dei
1450 2646 1555 2712 tui,
1587 2647 1876 2714 ignorabo
1898 2652 1950 2700 et
1977 2662 2080 2715 ego
2121 2653 2176 2702 te
2205 2647 2275 2701 ⁵³.

617 2734 682 2787 Et
706 2731 889 2787 David
921 2735 1121 2801 :Ecce,
1145 2736 1248 2804 qui
1275 2735 2066 2804 elongantseatemeribunt
2096 2737 2163 2789 5‘.
2191 2735 2281 2790 Ad

615 2819 745 2875 hinc
758 2820 1025 2877 Salvator
1038 2823 1230 2892 ipsein
1247 2823 1576 2892 Evangeliis
1591 2824 1665 2878 ad
1677 2823 2000 2879 Jerusalem
2019 2840 2030 2876 :
2050 2825 2280 2891 Quoties

618 2909 780 2965 volui
799 2925 1157 2981 congregare
1169 2912 1321 2979 ﬁlios
1345 2919 1494 2977 tuos,
1519 2917 1574 2967 et
1600 2917 1814 2968 cratera
1831 2919 1885 2970 et
1905 2914 2174 2970 noluistis
2205 2915 2272 2970 ⁵⁵.

687 3160 856 3214 Vers.
885 3163 973 3216 40.
1019 3161 1096 3217 Ut
1136 3191 1203 3200 -—
1234 3176 1347 3217 eos.
1386 3163 1644 3217 Rursum
1681 3163 1773 3228 Ut,
1799 3179 1920 3218 non
1953 3169 2039 3220 est
2081 3180 2276 3222 causae

614 3248 996 3313 redditivum,
1025 3249 1130 3304 sed
1156 3249 1334 3306 futuri
1379 3249 1919 3308 demonstrativum
1967 3255 2104 3324 (gg),
2135 3255 2278 3326 quia

613 3337 883 3394 futurum
908 3343 1051 3409 erat,
1088 3339 1354 3396 utoculis
1393 3356 1514 3396 non
1545 3340 1827 3406 viderent,
1857 3348 1911 3397 et
1941 3343 2117 3398 corde
2153 3359 2275 3398 non

615 3427 1238 3501 intelligerent,neque
1267 3435 1768 3497 converterentur,
1804 3448 1900 3487 sec
1923 3439 2277 3488 sanarentur

619 3517 834 3574 Oculos
857 3524 1056 3573 autem
1089 3517 1230 3574 dicit
1259 3518 1686 3576 intellectuales
1721 3537 1732 3574 :
1775 3537 1914 3578 nam
1944 3521 2128 3578 oculis
2154 3538 2272 3577 non

615 3607 838 3673 videre,
870 3607 1204 3664 declaratur
1230 3624 1334 3680 per
1377 3609 1436 3664 id
1486 3610 1651 3681 quod
1706 3611 1974 3667 subditur
2015 3628 2027 3666 :
2087 3613 2278 3668 Corde

617 3712 738 3752 non
763 3697 1110 3766 intelligere.

690 3788 823 3842 Haec
854 3791 1056 3842 tamen
1102 3786 1274 3842 verba
1317 3787 1435 3844 alio
1475 3788 1657 3844 modo
1694 3789 1996 3845 declarata
2058 3790 2276 3845 suntin

617 3875 937 3945 Evangelio
970 3877 1134 3947 juxta
1153 3877 1515 3944 Matthaaum,
1558 3879 1674 3934 alio
1697 3879 1854 3934 dicta
1881 3884 1992 3934 tem
2005 3895 2166 3949 pore.

695 3964 855 4020 Vers.
887 3966 974 4020 41.
1008 3965 1148 4021 Haec
1177 3998 1246 4006 -—
1274 3982 1356 4021 eo.
1387 3969 1524 4022 Hac
1572 3973 1736 4038 puta,
1805 3968 1879 4022 de
1911 3968 2168 4023 caecitate
2205 3984 2274 4023 ac

620 4052 1018 4116 induratione,
1062 4057 1118 4107 et
1165 4061 1395 4109 caetera.
1457 4056 1721 4110 Gloriam
1759 4061 1956 4112 autem
1991 4058 2113 4126 ejus
2134 4055 2278 4111 dicit

621 4141 936 4210 gloriosam
968 4141 1130 4196 illam
1162 4142 1464 4206 visionem,
1504 4144 1750 4216 quando
1790 4145 1936 4200 vidit
1970 4145 2275 4200 Dominum

624 4229 925 4284 sedentem
977 4245 1159 4300 super
1223 4231 1444 4286 solium
1496 4232 1797 4288 excelsum
1844 4237 1912 4301 ⁵⁸,
1964 4240 2019 4289 et
2047 4250 2116 4290 ea
2140 4250 2276 4305 quas

621 4318 778 4374 circa
798 4318 1001 4391 ipsum
1027 4325 1214 4389 erant,
1263 4321 1549 4377 terribilia
1601 4337 1671 4377 ac
1719 4324 2043 4392 magnifica
2085 4330 2272 4380 erant.

621 4410 782 4464 Tunc
807 4408 968 4464 enim
1007 4408 1212 4464 Filium
1245 4409 1418 4465 vidit:
1453 4416 1509 4466 et
1537 4411 1665 4466 haec
1701 4413 2087 4483 postmodum
2133 4414 2273 4468 dixit

2389 4414 2519 4468 εἶπεν
2596 4416 2808 4489 ὕστερον
2861 4419 2950 4466 καὶ
3025 4413 3240 4471 ἐλάλησε
3305 4417 3420 4488 περὶ
3489 4413 3672 4479 αὐτού,

620 4514 690 4553 ac
713 4495 946 4552 locutus
971 4503 1059 4552 est
1088 4499 1158 4554 de
1190 4514 1281 4567 eo,
1310 4514 1448 4554 cum
1475 4504 1618 4554 tunc
1639 4500 1767 4557 haec
1791 4501 1868 4557 ab
1893 4518 1964 4557 eo
1992 4502 2273 4558 audisset.

621 4589 768 4643 Nam
800 4586 874 4642 de
897 4585 1126 4644 Christo
1183 4593 1370 4654 erant,
1430 4589 1595 4661 quod
1634 4592 1973 4646 excaecandi
2031 4597 2087 4646 et
2112 4592 2278 4646 indu-

619 4675 793 4731 randi
846 4682 1017 4733 erant
1077 4693 1194 4734 non
1247 4677 1444 4742 visuri,
1506 4694 1615 4734 nec
1684 4679 2054 4746 intellecturi,
2111 4680 2277 4751 quod

620 4765 772 4819 Deus
801 4772 973 4830 esset,
1007 4782 1199 4838 neque
1228 4767 1602 4823 convertendi
1632 4768 1709 4824 ab
1762 4785 1977 4836 errore,
2008 4774 2072 4825 ut
2102 4785 2253 4825 sana

620 4859 821 4912 rentur
855 4855 1098 4912 vulnera
1152 4856 1493 4913 animarum
1559 4856 1844 4929 ipsorum.

694 5033 738 5068 ‘7
770 5033 954 5089 Exod.
986 5049 1058 5100 Iv,
1093 5038 1179 5089 2t.

622 5104 676 5160 2.
753 5104 800 5139 ⁵³
833 5107 979 5162 Osee
1018 5120 1092 5177 Iv,
1121 5109 1172 5162 6.

1258 5034 1307 5070 ⁴⁸
1378 5035 1525 5091 Psal.
1586 5052 1738 5101 xun,
1781 5039 1865 5092 19.

1946 5038 1992 5072 ⁴³
2047 5037 2158 5093 Isa.
2202 5054 2354 5103 LXIII,
2411 5042 2499 5096 17.

1249 5106 1297 5142 ⁸⁴
1324 5105 1478 5163 Psal.
1511 5123 1682 5172 Lxxu,
1725 5107 1812 5164 27.
1845 5109 1893 5144 ³⁸
1919 5109 2073 5166 Matt.
2098 5125 2251 5176 xxm,
2285 5110 2374 5164 37.

2391 1945 2484 1978 σου
2520 1945 2532 1958 ο
2569 1932 2765 1996 συνεχῆ
2805 1922 2864 1977 δὲ
2893 1927 2957 1976 τὰ
2986 1932 3203 1976 τοιαῦτα
3231 1919 3497 1996 ἰδιώματα
3526 1927 3699 1997 παρὰ
3738 1933 3815 1996 τῇ
3845 1924 4044 1976 Ποία]ιέ

2390 2020 2588 2090 Γραφῇ.

2529 2111 2771 2157 Τοιοῦτον
2826 2101 2884 2156 δὲ
2923 2108 3012 2156 καὶ
3074 2106 3130 2154 τὸ
3169 2105 3313 2176 παρὰ
3364 2101 3555 2172 Παύλῳ
3615 2117 3632 2129 ”

3375 2210 3387 2223 ·
3443 2187 3794 2264 Παρέδωχεν
3864 2195 4036 2244 uir“;

2390 2193 2578 2255 αὐτούς
2631 2193 2698 2254 εἰς
2751 2189 3004 2264 ἀδόκιμον
3057 2200 3173 2242 νούν
3227 2196 3315 2242 καί

2391 2283 2461 2344 εἰς
2512 2285 2652 2339 πάθη
2704 2281 2932 2354 ἀτιμίας.
2995 2281 3053 2333 Ὀ
3079 2282 3178 2354 γὰρ
3234 2283 3356 2341 Θεὸς
3396 2279 3454 2331 ού
3495 2280 3612 2349 (82)
3647 2286 3840 2352 μόνον
3901 2280 4034 2334 ούὲε.

2391 2391 2441 2422 τι
2492 2379 2722 2423 τοιοῦτον
2774 2374 2990 2444 πράττει
3021 2387 3031 2398 ·
3076 2369 3182 2421 αλλ’
3231 2366 3355 2421 οὐδὲ
3412 2368 3931 2441 ἐγκαταλιμττοίνει,
3967 2372 4032 2421 ἐχ..

2391 2465 2461 2533 μὴ
2491 2459 2910 2531 ἐγκαταλίπωμεν
2954 2459 3129 2510 αὐτὸν.
3166 2463 3319 2528 Λέγει
3361 2461 3461 2532 γὰρ
3496 2476 3507 2487 ·
3546 2458 3717 2528 Οὐχὶ
3756 2463 3819 2511 αἱ
3879 2460 4028 2530 εἱμαρ-

2389 2554 2497 2601 τίαι
2526 2551 2664 2620 ὑμῶν
2711 2545 2989 2600 διιστῶσιν
3039 2548 3132 2598 ἀνὰ
3184 2550 3340 2618 μέσον
3383 2550 3508 2618 ἐμοῦ
3561 2552 3658 2598 xui.
3716 2550 3902 2619 ὑμῶν,
3941 2554 4019 2599 Sz:

2389 2638 2539 2690 πάλιν
2582 2643 2739 2709 φησίν
2769 2657 2780 2668 ·
2812 2637 3091 2690 Ἐπελεὶθου
3123 2640 3281 2707 νόμου
3329 2644 3462 2688 Θεοῦ
3508 2655 3635 2699 σου,
3694 2635 4012 2706 ἑπιλὶσειείι

2392 2747 2485 2778 σου
2517 2727 2659 2798 κάγώ
2692 2747 2705 2759 ο
2747 2730 2838 2778 καὶ
2865 2730 2890 2777 ὀ
2918 2722 3082 2777 Δαυίδ
3117 2745 3128 2757 ·
3166 2722 3309 2779 Ἰδοὺ
3331 2728 3772 2799 οίμακρύνοντες
3813 2728 4006 2779 έτδτενς

2391 2815 2490 2867 ἀπὸ
2525 2824 2618 2868 σοῦ
2651 2814 2962 2867 ἀπολοῦνται
3006 2832 3016 2843 ·
3047 2819 3136 2866 καὶ
3167 2810 3318 2872 αὖθις
3347 2816 3371 2864 ὁ
3399 2818 3583 2885 Σωτὴρ
3621 2814 3673 2866 ἐν
3717 2823 3832 2875 τοῖς
3863 2817 3999 2878 Εὐκτ-

2338 2959 2348 2973 l
2386 2905 2578 2976 γελίοις
2601 2907 2727 2977 πρὸς
2760 2909 2852 2962 τὴν
2877 2903 3216 2977 Ἰερουσαλήμ
3247 2923 3257 2934 ·
3293 2905 3525 2963 Ποσοίκις
3556 2903 3826 2962 ἠθέλησα
3844 2903 3990 2955 ἐπιτε-

2387 3002 2624 3066 νηαγείν
2655 2996 2721 3046 τὰ
2759 2999 2910 3046 τέκνα
2937 3013 3054 3058 σου,
3102 2997 3188 3044 καὶ
3246 2995 3310 3044 τὰ
3353 2991 3489 3056 ἑξῆς,
3542 2999 3644 3045 καὶ
3691 2995 3801 3046 οὐκ
3833 2992 3973 3049 £653:-

2390 3103 2533 3138 σατε.

2454 3172 2565 3225 Ἰνα
2595 3203 2660 3211 --
2687 3172 2895 3234 αύτούς.
2931 3171 3086 3224 Πάλιν
3127 3174 3183 3223 τὸ
3213 3170 3322 3223 Ἰνα
3352 3169 3444 3221 ούκ
3470 3171 3621 3221 ἔστιν
3658 3171 3971 3238 uitulini-1;:

2387 3259 2514 3312 ἀλλὰ
2551 3259 2838 3332 μελλοντος,
2873 3262 2950 3312 ὅτι
2990 3259 3189 3332 ἔμελλον
3238 3263 3307 3329 μὴ
3365 3253 3491 3310 ἰδεῖν
3537 3267 3653 3319 τοῖς
3696 3260 3981 3331 ὀφθαὶίιίςῐζ,

2385 3347 2522 3422 μηδὲ
2547 3357 2736 3406 νοῆσαι
2763 3357 2822 3421 τῇ
2866 3345 3085 3422 καρδίᾳ,
3139 3344 3268 3420 μηδ’
3297 3346 3688 3419 ἐπιστραφῆναι
3733 3355 3829 3400 καὶ
3858 3351 3986 3403 ἰαθῇ-

2385 3459 2486 3492 ναι.
2518 3439 2842 3510 Ὀφθαλμοὺς
2874 3435 2931 3490 δὲ
2980 3437 3114 3508 λέγει
3145 3441 3265 3498 τοὺς
3313 3439 3532 3497 νοητούς

2389 3525 2516 3580 ἰδεῖν
2542 3536 2648 3590 τοῖς
2679 3527 2966 3600 ὀφθαλμοῖς
2999 3527 3424 3600 ἐφερμηνευτικόν
3451 3528 3510 3578 τὸ
3538 3525 3697 3582 Μηδὲ
3719 3538 3920 3587 νοῆσαι
3940 3535 3990 3597 τῇ

3581 3451 3597 3465 ⁸
3638 3445 3734 3488 τοῦ
3788 3443 3890 3509 γὰρ
3933 3444 3989 3506 ξιξ

2385 3614 2602 3690 καρδίᾳ.

2456 3800 2631 3846 Ταῦτα
2689 3790 2745 3845 δὲ
2797 3794 2862 3844 τὰ
2921 3792 3057 3865 ῥητὰ
3110 3796 3297 3865 τρόπον
3345 3791 3512 3862 ἕτερον
3579 3791 3990 3862 ἠρμηνεύθπσαν

2385 3886 2432 3936 ὲν
2461 3891 2530 3952 τῷ
2556 3885 2690 3934 κατὰ
2729 3882 3014 3945 Ματθαῐον,
3049 3881 3164 3932 καθ’
3190 3881 3356 3953 ἕτερον
3377 3881 3602 3953 ῥηθέντα
3627 3888 3841 3953 καιρόν.

2455 3979 2634 4023 Ταῦτα
2679 4003 2747 4010 -
2806 3970 2985 4022 αύτού.
3027 4001 3085 4008 -
3132 3976 3328 4033 Ταῦτα,
3379 3971 3445 4020 τὰ
3488 3973 3606 4041 περὶ
3653 3978 3742 4030 τῆς
3795 3974 3985 4044 Ταξίλον-

2388 4079 2515 4121 σεως
2565 4065 2654 4111 καὶ
2693 4078 3003 4132 πωρωσεως,
3053 4063 3142 4109 καὶ
3193 4063 3254 4116 τὴ
3322 4057 3452 4119 ἑξῆς.
3522 4057 3683 4119 Δόξαν
3737 4056 3798 4112 δὲ
3833 4063 3982 4114 mini

2388 4155 2517 4220 φησὶ
2547 4154 2640 4208 τὴν
2663 4145 2868 4210 ἔνδοξον
2901 4147 3158 4200 ὀπτασίαν
3191 4145 3405 4210 ἐκείνην,
3439 4149 3521 4198 ὅτε
3546 4143 3653 4198 εἶδε
3685 4152 3772 4198 τὸν
3799 4155 3977 4225 Κύριον

2385 4241 2675 4310 καθήμενον
2706 4236 2788 4289 ἐπὶ
2816 4239 2995 4308 θρόνου
3028 4235 3251 4307 ὑψηλοῦ,
3283 4241 3373 4287 καὶ
3406 4235 3566 4287 τοὶλλσι
3591 4238 3656 4286 τὰ
3681 4242 3798 4311 περὶ
3830 4242 3972 4292 αὐτον

2387 4325 2578 4400 φοϐερὰ
2601 4331 2690 4378 καὶ
2713 4325 2936 4388 ἐξαίσια.
2979 4329 3075 4377 Τὸν
3103 4327 3219 4377 Υἰόν
3248 4326 3350 4396 γὰρ
3382 4320 3488 4376 εἶδε
3516 4329 3651 4391 τότε,
3687 4333 3774 4377 καὶ
3820 4339 3969 4380 ταῦτα

3755 4414 3880 4469 ἀκού
3888 4438 3964 4476 σας

2388 4507 2521 4556 αὐτὰ
2562 4509 2676 4556 τότε
2736 4502 2857 4576 παρ’
2909 4503 3083 4556 αύτού.
3138 4507 3261 4574 Περὶ
3290 4510 3378 4554 τού
3421 4509 3656 4574 Χριστοῦ
3697 4505 3790 4575 γὰρ
3824 4502 3951 4562 ἦσαν,

2387 4596 2464 4645 ὅτι
2489 4593 2689 4665 ἔμελλον
2730 4591 3061 4663 τυφλωθῆναι
3092 4597 3181 4643 καὶ
3211 4593 3544 4663 πωρωθῆναι,
3600 4596 3688 4644 xui
3720 4598 3781 4663 lni;
3823 4591 3941 4655 iiii-2,

2386 4679 2524 4756 μηδὲ
2571 4686 2797 4734 συνιέναι
2849 4684 2922 4733 ὅτι
3003 4685 3127 4742 Θεὸς
3189 4679 3320 4744 ἐστι,
3411 4676 3542 4750 μηδ’
3608 4677 3931 4754 Eme-79:95::

2389 4770 2488 4822 ἀπὸ
2521 4779 2615 4832 τῆς
2646 4770 2860 4837 πλάνης,
2893 4775 2982 4822 καὶ
3038 4770 3246 4828 ἰαθῆναι
3293 4771 3357 4821 τὰ
3383 4771 3665 4843 τραύματα
3693 4779 3766 4830 τῆς
3787 4769 3930 4837 illi;

2387 4860 2575 4914 αὐτῶν.

3141 5038 3184 5072 ⁸¹
3223 5035 3366 5092 ibid.
3420 5039 3508 5091 26.

2582 5039 2632 5079 ⁵ο
2678 5040 2846 5092 Rom.
2905 5057 2938 5106 ι,
2975 5040 3061 5093 28.
3141 5038 3184 5072 δι
3223 5036 3366 5092 ibid.
3420 5039 3508 5091 26.
3588 5036 3635 5069 ⁵²
3695 5038 3791 5092 lsa.
3851 5053 3950 5097 LIX.

2451 5110 2499 5145 ⁵⁸
2541 5109 2654 5165 lsa.
2684 5127 2760 5172 Vl,
2802 5115 2846 5164 l.

1847 5313 2063 5383 Variae
2081 5313 2408 5383 lectiones
2449 5321 2513 5383 et
2553 5324 2758 5382 notae.

693 5509 884 5640 (81)ﬁA
914 5509 1081 5582 ponit
1109 5509 1471 5567 vocabulum
1521 5513 1697 5586 Κύριε,
1750 5512 1924 5585 paulo
1963 5515 2115 5584 post,
2145 5517 2282 5568 ante

697 5599 795 5640 νεχ
841 5621 851 5633 .

628 5599 827 5654 συνεχῆ
841 5621 851 5633 .

2463 5511 2577 5585 (82)
2604 5510 2680 5564 Ού
2705 5531 2858 5584 μονον
2887 5511 3107 5568 absunt
3133 5518 3194 5567 Δ.

701 5735 825 5806 (gg)
873 5732 1427 5790 Demonstrativum.
1467 5733 1584 5790 Hoc
1607 5733 1676 5790 de
1707 5748 1816 5791 suo
1848 5733 2096 5799 addidit,
2125 5749 2195 5790 ac
2230 5734 2273 5789 si

2389 5733 2581 5790 uererit
2607 5729 2989 5786 ἀποδεικτικὸν.
