  <div class='ocr_page' id='page_1' title='image "/cluster/home/n/w/nwhite01/storage/ocr_20150623/129/mdp.39015061528470/726.png"; bbox 0 0 4130 6320; ppageno 0'>
   <div class='ocr_carea' id='block_1_1' title="bbox 58 382 251 443">
    <p class='ocr_par' dir='ltr' id='par_1_1' title="bbox 58 382 251 443">
     <span class='ocr_line' id='line_1_1' title="bbox 58 382 251 443; baseline 0.026 -5"><span class='ocrx_word' id='word_1_1' title='bbox 58 382 81 438; x_wconf 91' lang='grc' dir='ltr'><strong>ι</strong></span> <span class='ocrx_word' id='word_1_2' title='bbox 97 383 251 443; x_wconf 84' lang='grc'><strong>373</strong></span> 
     </span>
    </p>
   </div>
   <div class='ocr_carea' id='block_1_2' title="bbox 1202 382 2537 441">
    <p class='ocr_par' dir='ltr' id='par_1_2' title="bbox 1202 382 2537 441">
     <span class='ocr_line' id='line_1_2' title="bbox 1202 382 2537 441; baseline -0.001 -2"><span class='ocrx_word' id='word_1_3' title='bbox 1202 382 1567 441; x_wconf 81' lang='lat' dir='ltr'><strong>COMMENT.</strong></span> <span class='ocrx_word' id='word_1_4' title='bbox 1609 383 1684 440; x_wconf 91' lang='lat' dir='ltr'><strong>IN</strong></span> <span class='ocrx_word' id='word_1_5' title='bbox 1722 382 2074 441; x_wconf 74' lang='lat' dir='ltr'><strong>JOANNEM.</strong></span> <span class='ocrx_word' id='word_1_6' title='bbox 2118 416 2182 426; x_wconf 89' lang='lat'><strong><em>—</em></strong></span> <span class='ocrx_word' id='word_1_7' title='bbox 2224 384 2381 441; x_wconf 89' lang='lat' dir='ltr'><strong>CAP.</strong></span> <span class='ocrx_word' id='word_1_8' title='bbox 2416 384 2537 439; x_wconf 86' lang='lat' dir='ltr'><strong>XII.</strong></span> 
     </span>
    </p>
   </div>
   <div class='ocr_carea' id='block_1_3' title="bbox 3370 378 3509 437">
    <p class='ocr_par' dir='ltr' id='par_1_3' title="bbox 3370 378 3509 437">
     <span class='ocr_line' id='line_1_3' title="bbox 3370 378 3509 437; baseline 0 0"><span class='ocrx_word' id='word_1_9' title='bbox 3370 378 3509 437; x_wconf 74' lang='grc'>4374</span> 
     </span>
    </p>
   </div>
   <div class='ocr_carea' id='block_1_4' title="bbox 146 506 1743 584">
    <p class='ocr_par' dir='ltr' id='par_1_4' title="bbox 146 507 1737 584">
     <span class='ocr_line' id='line_1_4' title="bbox 146 507 1737 584; baseline -0.001 -21"><span class='ocrx_word' id='word_1_10' title='bbox 146 509 379 584; x_wconf 61' lang='grc' dir='ltr'>*Ομως</span> <span class='ocrx_word' id='word_1_11' title='bbox 442 540 513 553; x_wconf 93' lang='lat'><strong><em>—</em></strong></span> <span class='ocrx_word' id='word_1_12' title='bbox 565 518 719 565; x_wconf 84' lang='grc' dir='ltr'>Θεοῦ.</span> <span class='ocrx_word' id='word_1_13' title='bbox 769 509 881 564; x_wconf 76' lang='grc' dir='ltr'><strong>Οὐκ</strong></span> <span class='ocrx_word' id='word_1_14' title='bbox 932 510 1034 583; x_wconf 82' lang='grc' dir='ltr'>ἄρα</span> <span class='ocrx_word' id='word_1_15' title='bbox 1085 510 1341 584; x_wconf 81' lang='grc' dir='ltr'>ἄρχοντες</span> <span class='ocrx_word' id='word_1_16' title='bbox 1396 507 1550 575; x_wconf 74' lang='grc' dir='ltr'>ἦσαν,</span> <span class='ocrx_word' id='word_1_17' title='bbox 1608 509 1737 561; x_wconf 77' lang='grc' dir='ltr'>ἀλλὰ</span> 
     </span>
    </p>
   </div>
   <div class='ocr_carea' id='block_1_5' title="bbox 1869 506 3509 584">
    <p class='ocr_par' dir='ltr' id='par_1_5' title="bbox 1923 506 3509 580">
     <span class='ocr_line' id='line_1_5' title="bbox 1923 506 3509 580; baseline -0.002 -15"><span class='ocrx_word' id='word_1_18' title='bbox 1923 510 2083 565; x_wconf 88' lang='lat' dir='ltr'><strong>Vers.</strong></span> <span class='ocrx_word' id='word_1_19' title='bbox 2107 514 2196 567; x_wconf 78' lang='grc'><strong>42.</strong></span> <span class='ocrx_word' id='word_1_20' title='bbox 2235 511 2897 567; x_wconf 85' lang='lat' dir='ltr'><strong>Verumtamen—Vers.</strong></span> <span class='ocrx_word' id='word_1_21' title='bbox 2923 510 3012 568; x_wconf 75' lang='grc'><strong>43.</strong></span> <span class='ocrx_word' id='word_1_22' title='bbox 3038 508 3169 567; x_wconf 83' lang='lat' dir='ltr'><strong>Dei.</strong></span> <span class='ocrx_word' id='word_1_23' title='bbox 3198 506 3509 580; x_wconf 79' lang='lat' dir='ltr'><strong>Siquidem</strong></span> 
     </span>
    </p>
   </div>
   <div class='ocr_carea' id='block_1_6' title="bbox 50 596 1737 675">
    <p class='ocr_par' dir='ltr' id='par_1_6' title="bbox 50 596 1737 675">
     <span class='ocr_line' id='line_1_6' title="bbox 50 596 1737 675; baseline -0.001 -23"><span class='ocrx_word' id='word_1_24' title='bbox 50 596 302 652; x_wconf 68' lang='grc' dir='ltr'>δοῦλοι</span> <span class='ocrx_word' id='word_1_25' title='bbox 349 597 511 663; x_wconf 81' lang='grc' dir='ltr'>δόξης</span> <span class='ocrx_word' id='word_1_26' title='bbox 562 600 901 675; x_wconf 80' lang='grc' dir='ltr'>ἀνθρωπίνης.</span> <span class='ocrx_word' id='word_1_27' title='bbox 972 602 1067 652; x_wconf 82' lang='grc' dir='ltr'><strong>Διὰ</strong></span> <span class='ocrx_word' id='word_1_28' title='bbox 1116 608 1269 652; x_wconf 83' lang='grc' dir='ltr'>τούτο</span> <span class='ocrx_word' id='word_1_29' title='bbox 1320 605 1409 652; x_wconf 83' lang='grc' dir='ltr'>καὶ</span> <span class='ocrx_word' id='word_1_30' title='bbox 1467 602 1491 651; x_wconf 92' lang='grc' dir='ltr'><strong>ό</strong></span> <span class='ocrx_word' id='word_1_31' title='bbox 1546 602 1737 674; x_wconf 83' lang='grc' dir='ltr'>Κύριος</span> 
     </span>
    </p>
   </div>
   <div class='ocr_carea' id='block_1_7' title="bbox 44 686 1735 761">
    <p class='ocr_par' dir='ltr' id='par_1_7' title="bbox 44 686 1735 761">
     <span class='ocr_line' id='line_1_7' title="bbox 44 686 1735 761; baseline -0.003 -16"><span class='ocrx_word' id='word_1_32' title='bbox 44 690 284 760; x_wconf 71' lang='grc' dir='ltr'>ἔλεγεν</span> <span class='ocrx_word' id='word_1_33' title='bbox 351 690 545 752; x_wconf 86' lang='grc' dir='ltr'>αύτοίς·</span> <span class='ocrx_word' id='word_1_34' title='bbox 617 697 731 751; x_wconf 82' lang='grc' dir='ltr'><strong>Πῶς</strong></span> <span class='ocrx_word' id='word_1_35' title='bbox 786 686 1013 743; x_wconf 85' lang='grc' dir='ltr'>δύνασθε</span> <span class='ocrx_word' id='word_1_36' title='bbox 1078 690 1219 761; x_wconf 74' lang='grc' dir='ltr'>ὑμεῖς</span> <span class='ocrx_word' id='word_1_37' title='bbox 1276 697 1586 754; x_wconf 79' lang='grc' dir='ltr'>πιστεύσαι,</span> <span class='ocrx_word' id='word_1_38' title='bbox 1648 686 1735 741; x_wconf 85' lang='grc' dir='ltr'>δό-</span> 
     </span>
    </p>
   </div>
   <div class='ocr_carea' id='block_1_8' title="bbox 57 774 1739 841">
    <p class='ocr_par' dir='ltr' id='par_1_8' title="bbox 57 774 1739 841">
     <span class='ocr_line' id='line_1_8' title="bbox 57 774 1739 841; baseline -0.001 -12"><span class='ocrx_word' id='word_1_39' title='bbox 57 778 180 841; x_wconf 76' lang='grc' dir='ltr'>ξαν</span> <span class='ocrx_word' id='word_1_40' title='bbox 282 782 435 841; x_wconf 71' lang='grc' dir='ltr'>παρὰ</span> <span class='ocrx_word' id='word_1_41' title='bbox 503 778 730 837; x_wconf 77' lang='grc' dir='ltr'>ἀλλήλων</span> <span class='ocrx_word' id='word_1_42' title='bbox 799 778 1167 841; x_wconf 67' lang='grc' dir='ltr'>λαμϐάνοντες,</span> <span class='ocrx_word' id='word_1_43' title='bbox 1248 783 1340 829; x_wconf 83' lang='grc' dir='ltr'>καὶ</span> <span class='ocrx_word' id='word_1_44' title='bbox 1419 783 1512 837; x_wconf 83' lang='grc' dir='ltr'><strong>τὴν</strong></span> <span class='ocrx_word' id='word_1_45' title='bbox 1576 774 1739 841; x_wconf 81' lang='grc' dir='ltr'>δόξαν</span> 
     </span>
    </p>
   </div>
   <div class='ocr_carea' id='block_1_9' title="bbox 44 868 1272 941">
    <p class='ocr_par' dir='ltr' id='par_1_9' title="bbox 44 868 1272 941">
     <span class='ocr_line' id='line_1_9' title="bbox 44 868 1272 941; baseline -0.001 -22"><span class='ocrx_word' id='word_1_46' title='bbox 44 872 194 929; x_wconf 57' lang='grc' dir='ltr'>,τὴν</span> <span class='ocrx_word' id='word_1_47' title='bbox 228 871 397 941; x_wconf 77' lang='grc' dir='ltr'>παρὰ</span> <span class='ocrx_word' id='word_1_48' title='bbox 420 875 511 921; x_wconf 80' lang='grc' dir='ltr'>τοῦ</span> <span class='ocrx_word' id='word_1_49' title='bbox 540 872 697 939; x_wconf 81' lang='grc' dir='ltr'>μόνου</span> <span class='ocrx_word' id='word_1_50' title='bbox 724 873 851 921; x_wconf 77' lang='grc' dir='ltr'>Θεοῦ</span> <span class='ocrx_word' id='word_1_51' title='bbox 878 868 937 919; x_wconf 77' lang='grc' dir='ltr'><strong>ού</strong></span> <span class='ocrx_word' id='word_1_52' title='bbox 969 870 1272 932; x_wconf 80' lang='grc' dir='ltr'>ζητούντες;</span> 
     </span>
    </p>
   </div>
   <div class='ocr_carea' id='block_1_10' title="bbox 173 952 1740 1027">
    <p class='ocr_par' dir='ltr' id='par_1_10' title="bbox 173 952 1740 1027">
     <span class='ocr_line' id='line_1_10' title="bbox 173 952 1740 1027; baseline -0.001 -19"><span class='ocrx_word' id='word_1_53' title='bbox 173 957 412 1015; x_wconf 80' lang='grc' dir='ltr'>Ἰησοῦς</span> <span class='ocrx_word' id='word_1_54' title='bbox 443 987 511 995; x_wconf 91' lang='grc'><strong><em>-</em></strong></span> <span class='ocrx_word' id='word_1_55' title='bbox 567 975 647 1027; x_wconf 80' lang='grc' dir='ltr'>με.</span> <span class='ocrx_word' id='word_1_56' title='bbox 698 952 966 1014; x_wconf 81' lang='grc' dir='ltr'><strong>Ἐνδόντος</strong></span> <span class='ocrx_word' id='word_1_57' title='bbox 1016 963 1127 1015; x_wconf 89' lang='grc' dir='ltr'>τοῖς</span> <span class='ocrx_word' id='word_1_58' title='bbox 1173 954 1290 1023; x_wconf 76' lang='grc'><strong>(83)</strong></span> <span class='ocrx_word' id='word_1_59' title='bbox 1344 953 1620 1016; x_wconf 79' lang='grc' dir='ltr'><strong>Ἰουδαίοις</strong></span> <span class='ocrx_word' id='word_1_60' title='bbox 1650 963 1740 1007; x_wconf 82' lang='grc' dir='ltr'>τοῦ</span> 
     </span>
    </p>
   </div>
   <div class='ocr_carea' id='block_1_11' title="bbox 81 1040 1742 1117">
    <p class='ocr_par' dir='ltr' id='par_1_11' title="bbox 81 1040 1742 1117">
     <span class='ocr_line' id='line_1_11' title="bbox 81 1040 1742 1117; baseline -0.001 -20"><span class='ocrx_word' id='word_1_61' title='bbox 81 1048 327 1117; x_wconf 71' lang='grc' dir='ltr'>Θυμοῦ,</span> <span class='ocrx_word' id='word_1_62' title='bbox 386 1045 540 1097; x_wconf 74' lang='grc' dir='ltr'>πάλιν</span> <span class='ocrx_word' id='word_1_63' title='bbox 603 1043 819 1116; x_wconf 77' lang='grc' dir='ltr'>ἀνεφάνη</span> <span class='ocrx_word' id='word_1_64' title='bbox 887 1048 977 1095; x_wconf 83' lang='grc' dir='ltr'>καὶ</span> <span class='ocrx_word' id='word_1_65' title='bbox 1042 1040 1313 1098; x_wconf 76' lang='grc' dir='ltr'>διδάσκει.</span> <span class='ocrx_word' id='word_1_66' title='bbox 1372 1044 1437 1096; x_wconf 82' lang='grc' dir='ltr'><strong>Ὀ</strong></span> <span class='ocrx_word' id='word_1_67' title='bbox 1494 1042 1552 1097; x_wconf 74' lang='grc' dir='ltr'>δὲ</span> <span class='ocrx_word' id='word_1_68' title='bbox 1606 1045 1742 1116; x_wconf 84' lang='grc' dir='ltr'>λέγει</span> 
     </span>
    </p>
   </div>
   <div class='ocr_carea' id='block_1_12' title="bbox 282 778 1167 852">
    <p class='ocr_par' dir='ltr' id='par_1_12' title="bbox 282 778 1167 852">
     <span class='ocr_line' id='line_1_12' title="bbox 282 778 1167 852; baseline -0.001 -22"><span class='ocrx_word' id='word_1_69' title='bbox 282 782 435 852; x_wconf 81' lang='grc' dir='ltr'>παρὰ</span> <span class='ocrx_word' id='word_1_70' title='bbox 503 778 730 837; x_wconf 77' lang='grc' dir='ltr'>ἀλλήλων</span> <span class='ocrx_word' id='word_1_71' title='bbox 799 778 1167 850; x_wconf 66' lang='grc' dir='ltr'>λαμϐάνοντες,</span> 
     </span>
    </p>
   </div>
   <div class='ocr_carea' id='block_1_13' title="bbox 44 1132 1741 1205">
    <p class='ocr_par' dir='ltr' id='par_1_13' title="bbox 44 1132 1741 1205">
     <span class='ocr_line' id='line_1_13' title="bbox 44 1132 1741 1205; baseline -0.001 -18"><span class='ocrx_word' id='word_1_72' title='bbox 44 1138 370 1201; x_wconf 11' lang='grc' dir='ltr'>,τοιοῦτόν</span> <span class='ocrx_word' id='word_1_73' title='bbox 481 1133 640 1185; x_wconf 88' lang='grc' dir='ltr'>ἐστιν·</span> <span class='ocrx_word' id='word_1_74' title='bbox 713 1134 771 1186; x_wconf 72' lang='grc' dir='ltr'>Ὀ</span> <span class='ocrx_word' id='word_1_75' title='bbox 841 1136 1100 1186; x_wconf 80' lang='grc' dir='ltr'><strong>πιστεύων</strong></span> <span class='ocrx_word' id='word_1_76' title='bbox 1180 1133 1249 1195; x_wconf 82' lang='grc' dir='ltr'><strong>εἰς</strong></span> <span class='ocrx_word' id='word_1_77' title='bbox 1344 1132 1430 1205; x_wconf 72' lang='grc' dir='ltr'><strong>ἔμε</strong></span> <span class='ocrx_word' id='word_1_78' title='bbox 1505 1138 1741 1187; x_wconf 78' lang='grc' dir='ltr'><strong>πιστεύει</strong></span> 
     </span>
    </p>
   </div>
   <div class='ocr_carea' id='block_1_14' title="bbox 88 1218 1743 1295">
    <p class='ocr_par' dir='ltr' id='par_1_14' title="bbox 88 1218 1743 1295">
     <span class='ocr_line' id='line_1_14' title="bbox 88 1218 1743 1295; baseline 0.001 -20"><span class='ocrx_word' id='word_1_79' title='bbox 88 1224 181 1285; x_wconf 82' lang='grc' dir='ltr'>εἰς</span> <span class='ocrx_word' id='word_1_80' title='bbox 248 1227 351 1275; x_wconf 86' lang='grc' dir='ltr'>τὸν</span> <span class='ocrx_word' id='word_1_81' title='bbox 395 1223 671 1293; x_wconf 74' lang='grc' dir='ltr'>πέμψαντά</span> <span class='ocrx_word' id='word_1_82' title='bbox 715 1240 796 1294; x_wconf 78' lang='grc' dir='ltr'>με·</span> <span class='ocrx_word' id='word_1_83' title='bbox 843 1224 902 1274; x_wconf 84' lang='grc' dir='ltr'><strong>ού</strong></span> <span class='ocrx_word' id='word_1_84' title='bbox 946 1227 1096 1294; x_wconf 78' lang='grc' dir='ltr'>μόνον</span> <span class='ocrx_word' id='word_1_85' title='bbox 1144 1218 1283 1274; x_wconf 90' lang='grc' dir='ltr'>διότι</span> <span class='ocrx_word' id='word_1_86' title='bbox 1336 1228 1432 1295; x_wconf 83' lang='grc' dir='ltr'><strong>μία</strong></span> <span class='ocrx_word' id='word_1_87' title='bbox 1462 1226 1617 1295; x_wconf 90' lang='grc' dir='ltr'>φύσις</span> <span class='ocrx_word' id='word_1_88' title='bbox 1655 1230 1743 1277; x_wconf 84' lang='grc' dir='ltr'>καὶ</span> 
     </span>
    </p>
   </div>
   <div class='ocr_carea' id='block_1_15' title="bbox 90 1308 1745 1385">
    <p class='ocr_par' dir='ltr' id='par_1_15' title="bbox 90 1308 1745 1385">
     <span class='ocr_line' id='line_1_15' title="bbox 90 1308 1745 1385; baseline 0.001 -21"><span class='ocrx_word' id='word_1_89' title='bbox 90 1315 320 1374; x_wconf 83' lang='grc' dir='ltr'>θεότης</span> <span class='ocrx_word' id='word_1_90' title='bbox 357 1314 567 1385; x_wconf 79' lang='grc' dir='ltr'>ἀμφοῖν,</span> <span class='ocrx_word' id='word_1_91' title='bbox 624 1311 750 1363; x_wconf 80' lang='grc' dir='ltr'>ἀλλὰ</span> <span class='ocrx_word' id='word_1_92' title='bbox 799 1317 888 1363; x_wconf 84' lang='grc' dir='ltr'>καὶ</span> <span class='ocrx_word' id='word_1_93' title='bbox 937 1308 1077 1363; x_wconf 90' lang='grc' dir='ltr'>διότι</span> <span class='ocrx_word' id='word_1_94' title='bbox 1113 1313 1143 1369; x_wconf 79' lang='grc' dir='ltr'>ἡ</span> <span class='ocrx_word' id='word_1_95' title='bbox 1180 1312 1245 1371; x_wconf 81' lang='grc' dir='ltr'>εἰς</span> <span class='ocrx_word' id='word_1_96' title='bbox 1285 1314 1370 1364; x_wconf 89' lang='grc' dir='ltr'><strong>τόν</strong></span> <span class='ocrx_word' id='word_1_97' title='bbox 1419 1311 1745 1385; x_wconf 79' lang='grc' dir='ltr'>ἀπεσταλμέ-</span> 
     </span>
    </p>
   </div>
   <div class='ocr_carea' id='block_1_16' title="bbox 83 1397 1741 1473">
    <p class='ocr_par' dir='ltr' id='par_1_16' title="bbox 83 1397 1741 1473">
     <span class='ocr_line' id='line_1_16' title="bbox 83 1397 1741 1473; baseline 0.001 -19"><span class='ocrx_word' id='word_1_98' title='bbox 83 1422 193 1454; x_wconf 85' lang='grc' dir='ltr'><strong>νον</strong></span> <span class='ocrx_word' id='word_1_99' title='bbox 264 1406 402 1473; x_wconf 80' lang='grc' dir='ltr'>τιμή</span> <span class='ocrx_word' id='word_1_100' title='bbox 454 1402 525 1463; x_wconf 85' lang='grc' dir='ltr'>εἰς</span> <span class='ocrx_word' id='word_1_101' title='bbox 576 1406 662 1454; x_wconf 91' lang='grc' dir='ltr'><strong>τόν</strong></span> <span class='ocrx_word' id='word_1_102' title='bbox 716 1400 1097 1453; x_wconf 84' lang='grc' dir='ltr'>ἀποστείλαντα</span> <span class='ocrx_word' id='word_1_103' title='bbox 1145 1397 1426 1458; x_wconf 79' lang='grc' dir='ltr'>διαϐαίνει.</span> <span class='ocrx_word' id='word_1_104' title='bbox 1470 1406 1539 1455; x_wconf 92' lang='lat' dir='ltr'><em>T6</em></span> <span class='ocrx_word' id='word_1_105' title='bbox 1594 1400 1653 1455; x_wconf 81' lang='grc' dir='ltr'>δὲ</span> <span class='ocrx_word' id='word_1_106' title='bbox 1683 1403 1741 1455; x_wconf 87' lang='grc' dir='ltr'><strong>ού</strong></span> 
     </span>
    </p>
   </div>
   <div class='ocr_carea' id='block_1_17' title="bbox 1505 1489 1743 1545">
    <p class='ocr_par' dir='ltr' id='par_1_17' title="bbox 1505 1489 1743 1545">
     <span class='ocr_line' id='line_1_17' title="bbox 1505 1489 1743 1545; baseline 0.008 -2"><span class='ocrx_word' id='word_1_107' title='bbox 1505 1494 1618 1543; x_wconf 82' lang='grc' dir='ltr'>ἔστι</span> <span class='ocrx_word' id='word_1_108' title='bbox 1685 1489 1743 1545; x_wconf 78' lang='grc' dir='ltr'>δὲ</span> 
     </span>
    </p>
   </div>
   <div class='ocr_carea' id='block_1_18' title="bbox 1388 1578 1743 1633">
    <p class='ocr_par' dir='ltr' id='par_1_18' title="bbox 1388 1578 1743 1633">
     <span class='ocr_line' id='line_1_18' title="bbox 1388 1578 1743 1633; baseline -0.003 0"><span class='ocrx_word' id='word_1_109' title='bbox 1388 1588 1629 1633; x_wconf 83' lang='grc' dir='ltr'>Τοιοῦτον</span> <span class='ocrx_word' id='word_1_110' title='bbox 1686 1578 1719 1633; x_wconf 85' lang='grc' dir='ltr'><strong>δ</strong></span> <span class='ocrx_word' id='word_1_111' title='bbox 1723 1584 1743 1632; x_wconf 77' lang='grc' dir='ltr'><strong>ὲ</strong></span> 
     </span>
    </p>
   </div>
   <div class='ocr_carea' id='block_1_19' title="bbox 95 1664 1739 1741">
    <p class='ocr_par' dir='ltr' id='par_1_19' title="bbox 95 1664 1739 1741">
     <span class='ocr_line' id='line_1_19' title="bbox 95 1664 1739 1741; baseline 0.001 -20"><span class='ocrx_word' id='word_1_112' title='bbox 95 1670 238 1721; x_wconf 86' lang='grc' dir='ltr'>ἐστι</span> <span class='ocrx_word' id='word_1_113' title='bbox 295 1673 389 1721; x_wconf 89' lang='grc' dir='ltr'>καὶ</span> <span class='ocrx_word' id='word_1_114' title='bbox 440 1673 517 1721; x_wconf 92' lang='grc' dir='ltr'>τό·</span> <span class='ocrx_word' id='word_1_115' title='bbox 574 1675 616 1720; x_wconf 93' lang='grc' dir='ltr'>Ο</span> <span class='ocrx_word' id='word_1_116' title='bbox 674 1667 760 1739; x_wconf 69' lang='grc' dir='ltr'><strong>ἐμὲ</strong></span> <span class='ocrx_word' id='word_1_117' title='bbox 817 1664 1105 1740; x_wconf 78' lang='grc' dir='ltr'>δεχόμενος</span> <span class='ocrx_word' id='word_1_118' title='bbox 1171 1668 1263 1721; x_wconf 86' lang='grc' dir='ltr'><strong>ούκ</strong></span> <span class='ocrx_word' id='word_1_119' title='bbox 1341 1667 1428 1740; x_wconf 75' lang='grc' dir='ltr'><strong>ἐμὲ</strong></span> <span class='ocrx_word' id='word_1_120' title='bbox 1503 1666 1739 1741; x_wconf 76' lang='grc' dir='ltr'>δέχεται,</span> 
     </span>
    </p>
   </div>
   <div class='ocr_carea' id='block_1_20' title="bbox 88 1488 1419 1562">
    <p class='ocr_par' dir='ltr' id='par_1_20' title="bbox 88 1488 1419 1562">
     <span class='ocr_line' id='line_1_20' title="bbox 88 1488 1419 1562; baseline -0.002 -18"><span class='ocrx_word' id='word_1_121' title='bbox 88 1494 375 1544; x_wconf 73' lang='grc' dir='ltr'><strong>πιστεύει</strong></span> <span class='ocrx_word' id='word_1_122' title='bbox 442 1491 513 1551; x_wconf 85' lang='grc' dir='ltr'><strong>εἰς</strong></span> <span class='ocrx_word' id='word_1_123' title='bbox 579 1493 665 1562; x_wconf 64' lang='grc' dir='ltr'><strong>ἐμὲ</strong></span> <span class='ocrx_word' id='word_1_124' title='bbox 745 1488 891 1543; x_wconf 85' lang='grc' dir='ltr'>δοκεῖ</span> <span class='ocrx_word' id='word_1_125' title='bbox 956 1493 1045 1561; x_wconf 73' lang='grc' dir='ltr'><strong>μὲν</strong></span> <span class='ocrx_word' id='word_1_126' title='bbox 1135 1488 1419 1562; x_wconf 73' lang='grc' dir='ltr'><strong>ἀρνήσεως,</strong></span> 
     </span>
    </p>
   </div>
   <div class='ocr_carea' id='block_1_21' title="bbox 44 1579 1312 1654">
    <p class='ocr_par' dir='ltr' id='par_1_21' title="bbox 44 1579 1312 1654">
     <span class='ocr_line' id='line_1_21' title="bbox 44 1579 1312 1654; baseline -0.001 -22"><span class='ocrx_word' id='word_1_127' title='bbox 44 1580 327 1654; x_wconf 79' lang='grc' dir='ltr'>,μᾶλλον</span> <span class='ocrx_word' id='word_1_128' title='bbox 398 1589 695 1654; x_wconf 78' lang='grc' dir='ltr'><strong>προτροπῆς</strong></span> <span class='ocrx_word' id='word_1_129' title='bbox 760 1579 834 1639; x_wconf 79' lang='grc' dir='ltr'><strong>εἰς</strong></span> <span class='ocrx_word' id='word_1_130' title='bbox 902 1582 961 1631; x_wconf 90' lang='grc' dir='ltr'><strong>τό</strong></span> <span class='ocrx_word' id='word_1_131' title='bbox 1029 1582 1312 1631; x_wconf 78' lang='grc' dir='ltr'><strong>πιστεύειν.</strong></span> 
     </span>
    </p>
   </div>
   <div class='ocr_carea' id='block_1_22' title="bbox 95 1758 451 1810">
    <p class='ocr_par' dir='ltr' id='par_1_22' title="bbox 95 1758 451 1810">
     <span class='ocr_line' id='line_1_22' title="bbox 95 1758 451 1810; baseline -0.006 0"><span class='ocrx_word' id='word_1_132' title='bbox 95 1758 258 1810; x_wconf 73' lang='grc' dir='ltr'>ἀλλὰ</span> <span class='ocrx_word' id='word_1_133' title='bbox 366 1761 451 1809; x_wconf 86' lang='grc' dir='ltr'>τὸν</span> 
     </span>
    </p>
   </div>
   <div class='ocr_carea' id='block_1_23' title="bbox 44 1846 752 1918">
    <p class='ocr_par' dir='ltr' id='par_1_23' title="bbox 44 1846 752 1918">
     <span class='ocr_line' id='line_1_23' title="bbox 44 1846 752 1918; baseline -0.004 -18"><span class='ocrx_word' id='word_1_134' title='bbox 44 1904 51 1909; x_wconf 36' lang='grc' dir='ltr'><strong><em>λ</em></strong></span> <span class='ocrx_word' id='word_1_135' title='bbox 100 1852 211 1899; x_wconf 85' lang='grc' dir='ltr'>καὶ</span> <span class='ocrx_word' id='word_1_136' title='bbox 258 1846 381 1918; x_wconf 79' lang='grc'>(84)</span> <span class='ocrx_word' id='word_1_137' title='bbox 417 1849 484 1898; x_wconf 82' lang='grc' dir='ltr'><strong>τὰ</strong></span> <span class='ocrx_word' id='word_1_138' title='bbox 509 1847 752 1903; x_wconf 80' lang='grc' dir='ltr'>τοιαῡτᾶ,</span> 
     </span>
    </p>
   </div>
   <div class='ocr_carea' id='block_1_24' title="bbox 543 1752 1742 1833">
    <p class='ocr_par' dir='ltr' id='par_1_24' title="bbox 543 1752 1742 1833">
     <span class='ocr_line' id='line_1_24' title="bbox 543 1752 1742 1833; baseline 0.003 -25"><span class='ocrx_word' id='word_1_139' title='bbox 543 1756 919 1809; x_wconf 79' lang='grc' dir='ltr'>ἀποστείλαντά</span> <span class='ocrx_word' id='word_1_140' title='bbox 1024 1776 1106 1829; x_wconf 85' lang='grc' dir='ltr'><strong>με.</strong></span> <span class='ocrx_word' id='word_1_141' title='bbox 1205 1752 1551 1829; x_wconf 79' lang='grc' dir='ltr'>Ἰδιωριατικὰ</span> <span class='ocrx_word' id='word_1_142' title='bbox 1642 1762 1742 1833; x_wconf 81' lang='grc' dir='ltr'><strong>γὰρ</strong></span> 
     </span>
    </p>
   </div>
   <div class='ocr_carea' id='block_1_25' title="bbox 194 1933 1743 2010">
    <p class='ocr_par' dir='ltr' id='par_1_25' title="bbox 194 1933 1743 2010">
     <span class='ocr_line' id='line_1_25' title="bbox 194 1933 1743 2010; baseline -0.001 -21"><span class='ocrx_word' id='word_1_143' title='bbox 194 1940 327 2010; x_wconf 81' lang='grc' dir='ltr'><strong>Χρή</strong></span> <span class='ocrx_word' id='word_1_144' title='bbox 392 1933 451 1989; x_wconf 77' lang='grc' dir='ltr'>δὲ</span> <span class='ocrx_word' id='word_1_145' title='bbox 517 1942 787 2006; x_wconf 79' lang='grc' dir='ltr'><strong>γινώσκειν</strong></span> <span class='ocrx_word' id='word_1_146' title='bbox 845 1937 925 1987; x_wconf 84' lang='grc' dir='ltr'>ὅτι</span> <span class='ocrx_word' id='word_1_147' title='bbox 978 1936 1145 2009; x_wconf 81' lang='grc' dir='ltr'>ἔτερόν</span> <span class='ocrx_word' id='word_1_148' title='bbox 1198 1934 1309 1987; x_wconf 85' lang='grc' dir='ltr'>ἐστι</span> <span class='ocrx_word' id='word_1_149' title='bbox 1366 1939 1425 1989; x_wconf 89' lang='grc' dir='ltr'><strong>τό</strong></span> <span class='ocrx_word' id='word_1_150' title='bbox 1480 1940 1743 1990; x_wconf 71' lang='grc' dir='ltr'><strong>πιστεύειν</strong></span> 
     </span>
    </p>
   </div>
   <div class='ocr_carea' id='block_1_26' title="bbox 44 2018 1742 2097">
    <p class='ocr_par' dir='ltr' id='par_1_26' title="bbox 44 2018 1742 2097">
     <span class='ocr_line' id='line_1_26' title="bbox 44 2018 1742 2097; baseline 0.001 -19"><span class='ocrx_word' id='word_1_151' title='bbox 44 2018 49 2025; x_wconf 49' lang='grc'><em>’</em></span> <span class='ocrx_word' id='word_1_152' title='bbox 111 2026 301 2097; x_wconf 78' lang='grc' dir='ltr'>αύτῷ,</span> <span class='ocrx_word' id='word_1_153' title='bbox 357 2029 447 2076; x_wconf 87' lang='grc' dir='ltr'><strong>καὶ</strong></span> <span class='ocrx_word' id='word_1_154' title='bbox 493 2026 660 2097; x_wconf 83' lang='grc' dir='ltr'>ἔτερόν</span> <span class='ocrx_word' id='word_1_155' title='bbox 714 2023 825 2076; x_wconf 89' lang='grc' dir='ltr'>ἐστι</span> <span class='ocrx_word' id='word_1_156' title='bbox 887 2027 944 2075; x_wconf 90' lang='grc' dir='ltr'><strong>τό</strong></span> <span class='ocrx_word' id='word_1_157' title='bbox 1002 2027 1264 2076; x_wconf 75' lang='grc' dir='ltr'>πιστεύειν</span> <span class='ocrx_word' id='word_1_158' title='bbox 1319 2025 1389 2087; x_wconf 86' lang='grc' dir='ltr'><strong>εἰς</strong></span> <span class='ocrx_word' id='word_1_159' title='bbox 1454 2026 1627 2078; x_wconf 84' lang='grc' dir='ltr'>αύτόν·</span> <span class='ocrx_word' id='word_1_160' title='bbox 1684 2032 1742 2079; x_wconf 89' lang='grc' dir='ltr'><strong>τό</strong></span> 
     </span>
    </p>
   </div>
   <div class='ocr_carea' id='block_1_27' title="bbox 117 2113 1745 2189">
    <p class='ocr_par' dir='ltr' id='par_1_27' title="bbox 117 2113 1745 2189">
     <span class='ocr_line' id='line_1_27' title="bbox 117 2113 1745 2189; baseline 0.001 -21"><span class='ocrx_word' id='word_1_161' title='bbox 117 2119 224 2189; x_wconf 72' lang='grc' dir='ltr'><strong>μὲν</strong></span> <span class='ocrx_word' id='word_1_162' title='bbox 256 2116 365 2187; x_wconf 71' lang='grc' dir='ltr'>γάρ</span> <span class='ocrx_word' id='word_1_163' title='bbox 396 2114 510 2166; x_wconf 88' lang='grc' dir='ltr'>ἐστι</span> <span class='ocrx_word' id='word_1_164' title='bbox 540 2117 599 2165; x_wconf 91' lang='grc' dir='ltr'><strong>τό</strong></span> <span class='ocrx_word' id='word_1_165' title='bbox 646 2116 907 2166; x_wconf 84' lang='grc' dir='ltr'>πιστεύειν</span> <span class='ocrx_word' id='word_1_166' title='bbox 938 2120 1043 2173; x_wconf 88' lang='grc' dir='ltr'>τοῖς</span> <span class='ocrx_word' id='word_1_167' title='bbox 1070 2113 1239 2184; x_wconf 88' lang='grc' dir='ltr'>λόγοις</span> <span class='ocrx_word' id='word_1_168' title='bbox 1278 2114 1458 2183; x_wconf 74' lang='grc' dir='ltr'>αὐτοῦ,</span> <span class='ocrx_word' id='word_1_169' title='bbox 1490 2117 1516 2166; x_wconf 86' lang='grc' dir='ltr'><strong>ό</strong></span> <span class='ocrx_word' id='word_1_170' title='bbox 1544 2120 1631 2168; x_wconf 81' lang='grc' dir='ltr'>καὶ</span> <span class='ocrx_word' id='word_1_171' title='bbox 1661 2116 1745 2169; x_wconf 87' lang='grc' dir='ltr'><strong>ἐπὶ</strong></span> 
     </span>
    </p>
   </div>
   <div class='ocr_carea' id='block_1_28' title="bbox 112 2199 1746 2275">
    <p class='ocr_par' dir='ltr' id='par_1_28' title="bbox 112 2199 1746 2275">
     <span class='ocr_line' id='line_1_28' title="bbox 112 2199 1746 2275; baseline 0 -18"><span class='ocrx_word' id='word_1_172' title='bbox 112 2214 228 2257; x_wconf 85' lang='grc' dir='ltr'>τῶν</span> <span class='ocrx_word' id='word_1_173' title='bbox 297 2202 463 2255; x_wconf 84' lang='grc' dir='ltr'>ἄλλων</span> <span class='ocrx_word' id='word_1_174' title='bbox 514 2201 794 2275; x_wconf 82' lang='grc' dir='ltr'>ἀνθρώπων</span> <span class='ocrx_word' id='word_1_175' title='bbox 841 2202 1063 2273; x_wconf 85' lang='grc' dir='ltr'>λέγεται·</span> <span class='ocrx_word' id='word_1_176' title='bbox 1117 2205 1174 2255; x_wconf 88' lang='grc' dir='ltr'><strong>τό</strong></span> <span class='ocrx_word' id='word_1_177' title='bbox 1226 2199 1285 2255; x_wconf 82' lang='grc' dir='ltr'>δέ</span> <span class='ocrx_word' id='word_1_178' title='bbox 1332 2201 1442 2255; x_wconf 77' lang='grc' dir='ltr'>ἐστι</span> <span class='ocrx_word' id='word_1_179' title='bbox 1484 2208 1746 2259; x_wconf 75' lang='grc' dir='ltr'>πιστεύειν</span> 
     </span>
    </p>
   </div>
   <div class='ocr_carea' id='block_1_29' title="bbox 52 2290 1746 2364">
    <p class='ocr_par' dir='ltr' id='par_1_29' title="bbox 52 2290 1746 2364">
     <span class='ocr_line' id='line_1_29' title="bbox 52 2290 1746 2364; baseline 0.001 -20"><span class='ocrx_word' id='word_1_180' title='bbox 52 2292 53 2295; x_wconf 39' lang='grc'><em>“</em></span> <span class='ocrx_word' id='word_1_181' title='bbox 116 2294 201 2355; x_wconf 86' lang='grc' dir='ltr'><strong>εἰς</strong></span> <span class='ocrx_word' id='word_1_182' title='bbox 275 2297 373 2351; x_wconf 82' lang='grc' dir='ltr'><strong>τὴν</strong></span> <span class='ocrx_word' id='word_1_183' title='bbox 435 2293 653 2348; x_wconf 72' lang='grc' dir='ltr'>θεότοτα</span> <span class='ocrx_word' id='word_1_184' title='bbox 720 2290 902 2357; x_wconf 73' lang='grc' dir='ltr'>αὐτοῦ,</span> <span class='ocrx_word' id='word_1_185' title='bbox 970 2293 1090 2363; x_wconf 84' lang='grc' dir='ltr'>ὅπερ</span> <span class='ocrx_word' id='word_1_186' title='bbox 1148 2291 1232 2344; x_wconf 79' lang='grc' dir='ltr'><strong>ἐπὶ</strong></span> <span class='ocrx_word' id='word_1_187' title='bbox 1289 2295 1415 2345; x_wconf 83' lang='grc' dir='ltr'>Θεοῦ</span> <span class='ocrx_word' id='word_1_188' title='bbox 1469 2297 1626 2364; x_wconf 84' lang='grc' dir='ltr'>μόνου</span> <span class='ocrx_word' id='word_1_189' title='bbox 1672 2294 1746 2346; x_wconf 86' lang='grc' dir='ltr'><strong>λέ-</strong></span> 
     </span>
    </p>
   </div>
   <div class='ocr_carea' id='block_1_30' title="bbox 114 2402 311 2454">
    <p class='ocr_par' dir='ltr' id='par_1_30' title="bbox 114 2402 311 2454">
     <span class='ocr_line' id='line_1_30' title="bbox 114 2402 311 2454; baseline 0 -19"><span class='ocrx_word' id='word_1_190' title='bbox 114 2402 311 2454; x_wconf 81' lang='grc' dir='ltr'>γεται.</span> 
     </span>
    </p>
   </div>
   <div class='ocr_carea' id='block_1_31' title="bbox 202 2465 1745 2541">
    <p class='ocr_par' dir='ltr' id='par_1_31' title="bbox 202 2465 1745 2541">
     <span class='ocr_line' id='line_1_31' title="bbox 202 2465 1745 2541; baseline -0.001 -17"><span class='ocrx_word' id='word_1_191' title='bbox 202 2475 316 2524; x_wconf 82' lang='grc' dir='ltr'><strong>Καὶ</strong></span> <span class='ocrx_word' id='word_1_192' title='bbox 367 2500 437 2512; x_wconf 85' lang='grc'><strong><em>-</em></strong></span> <span class='ocrx_word' id='word_1_193' title='bbox 481 2489 564 2541; x_wconf 86' lang='grc' dir='ltr'>με.</span> <span class='ocrx_word' id='word_1_194' title='bbox 620 2474 851 2541; x_wconf 82' lang='grc' dir='ltr'><strong>Θεωρίαν</strong></span> <span class='ocrx_word' id='word_1_195' title='bbox 908 2473 1000 2528; x_wconf 83' lang='grc' dir='ltr'><strong>τήν</strong></span> <span class='ocrx_word' id='word_1_196' title='bbox 1046 2465 1139 2521; x_wconf 80' lang='grc' dir='ltr'><strong>διὰ</strong></span> <span class='ocrx_word' id='word_1_197' title='bbox 1196 2477 1286 2521; x_wconf 82' lang='grc' dir='ltr'><strong>τού</strong></span> <span class='ocrx_word' id='word_1_198' title='bbox 1329 2477 1417 2522; x_wconf 82' lang='grc' dir='ltr'><strong>νοῦ</strong></span> <span class='ocrx_word' id='word_1_199' title='bbox 1465 2469 1626 2540; x_wconf 86' lang='grc' dir='ltr'>λέγει·</span> <span class='ocrx_word' id='word_1_200' title='bbox 1668 2473 1745 2522; x_wconf 86' lang='grc' dir='ltr'>ὅτι</span> 
     </span>
    </p>
   </div>
   <div class='ocr_carea' id='block_1_32' title="bbox 109 2558 1745 2633">
    <p class='ocr_par' dir='ltr' id='par_1_32' title="bbox 109 2558 1745 2633">
     <span class='ocr_line' id='line_1_32' title="bbox 109 2558 1745 2633; baseline -0.001 -21"><span class='ocrx_word' id='word_1_201' title='bbox 109 2561 177 2613; x_wconf 86' lang='grc' dir='ltr'><strong>Ὀ</strong></span> <span class='ocrx_word' id='word_1_202' title='bbox 248 2563 412 2631; x_wconf 84' lang='grc' dir='ltr'>γνούς</span> <span class='ocrx_word' id='word_1_203' title='bbox 474 2563 569 2616; x_wconf 82' lang='grc' dir='ltr'><strong>τήν</strong></span> <span class='ocrx_word' id='word_1_204' title='bbox 619 2558 746 2630; x_wconf 78' lang='grc' dir='ltr'><strong>ἐμὴν</strong></span> <span class='ocrx_word' id='word_1_205' title='bbox 812 2560 1032 2616; x_wconf 82' lang='grc' dir='ltr'>θεότητα</span> <span class='ocrx_word' id='word_1_206' title='bbox 1078 2560 1206 2628; x_wconf 82' lang='grc' dir='ltr'>ἔγνω</span> <span class='ocrx_word' id='word_1_207' title='bbox 1257 2563 1350 2615; x_wconf 75' lang='grc' dir='ltr'><strong>τήν</strong></span> <span class='ocrx_word' id='word_1_208' title='bbox 1401 2566 1492 2609; x_wconf 77' lang='grc' dir='ltr'>τοῦ</span> <span class='ocrx_word' id='word_1_209' title='bbox 1544 2564 1745 2633; x_wconf 81' lang='grc' dir='ltr'>Πατρός</span> 
     </span>
    </p>
   </div>
   <div class='ocr_carea' id='block_1_33' title="bbox 44 2646 1744 2723">
    <p class='ocr_par' dir='ltr' id='par_1_33' title="bbox 44 2646 1744 2723">
     <span class='ocr_line' id='line_1_33' title="bbox 44 2646 1744 2723; baseline -0.007 -19"><span class='ocrx_word' id='word_1_210' title='bbox 44 2656 47 2659; x_wconf 33' lang='grc' dir='ltr'><strong>λ</strong></span> <span class='ocrx_word' id='word_1_211' title='bbox 108 2670 248 2723; x_wconf 85' lang='grc' dir='ltr'>μου.</span> <span class='ocrx_word' id='word_1_212' title='bbox 310 2654 423 2702; x_wconf 85' lang='grc' dir='ltr'>Μία</span> <span class='ocrx_word' id='word_1_213' title='bbox 463 2651 564 2723; x_wconf 81' lang='grc' dir='ltr'><strong>γὰρ</strong></span> <span class='ocrx_word' id='word_1_214' title='bbox 628 2654 716 2700; x_wconf 81' lang='grc' dir='ltr'>καὶ</span> <span class='ocrx_word' id='word_1_215' title='bbox 768 2650 794 2705; x_wconf 72' lang='grc' dir='ltr'><strong>ὃ</strong></span> <span class='ocrx_word' id='word_1_216' title='bbox 847 2650 977 2705; x_wconf 78' lang='grc' dir='ltr'>αύτὴ</span> <span class='ocrx_word' id='word_1_217' title='bbox 1027 2649 1207 2707; x_wconf 84' lang='grc' dir='ltr'>θεότης</span> <span class='ocrx_word' id='word_1_218' title='bbox 1240 2646 1290 2698; x_wconf 74' lang='grc' dir='ltr'><strong>ἐν</strong></span> <span class='ocrx_word' id='word_1_219' title='bbox 1331 2649 1477 2719; x_wconf 78' lang='grc' dir='ltr'>ἡμῖν,</span> <span class='ocrx_word' id='word_1_220' title='bbox 1514 2653 1612 2701; x_wconf 79' lang='grc' dir='ltr'><strong>Καὶ</strong></span> <span class='ocrx_word' id='word_1_221' title='bbox 1643 2648 1744 2719; x_wconf 75' lang='grc' dir='ltr'><strong>ἐγὼ</strong></span> 
     </span>
    </p>
   </div>
   <div class='ocr_carea' id='block_1_34' title="bbox 116 2736 1244 2811">
    <p class='ocr_par' dir='ltr' id='par_1_34' title="bbox 116 2736 1244 2811">
     <span class='ocr_line' id='line_1_34' title="bbox 116 2736 1244 2811; baseline -0.007 -17"><span class='ocrx_word' id='word_1_222' title='bbox 116 2742 291 2794; x_wconf 84' lang='grc' dir='ltr'>εἰκών</span> <span class='ocrx_word' id='word_1_223' title='bbox 328 2738 435 2810; x_wconf 76' lang='grc' dir='ltr'>εἰμι</span> <span class='ocrx_word' id='word_1_224' title='bbox 464 2746 555 2790; x_wconf 83' lang='grc' dir='ltr'>τοῦ</span> <span class='ocrx_word' id='word_1_225' title='bbox 597 2741 800 2811; x_wconf 82' lang='grc' dir='ltr'>Πατρός</span> <span class='ocrx_word' id='word_1_226' title='bbox 832 2736 1244 2811; x_wconf 78' lang='grc' dir='ltr'>ἀπαράλλακτος.</span> 
     </span>
    </p>
   </div>
   <div class='ocr_carea' id='block_1_35' title="bbox 205 2912 1743 2987">
    <p class='ocr_par' dir='ltr' id='par_1_35' title="bbox 205 2912 1743 2987">
     <span class='ocr_line' id='line_1_35' title="bbox 205 2912 1743 2987; baseline 0 -20"><span class='ocrx_word' id='word_1_227' title='bbox 205 2922 411 2987; x_wconf 85' lang='grc' dir='ltr'>Θεωρεί</span> <span class='ocrx_word' id='word_1_228' title='bbox 458 2912 517 2967; x_wconf 88' lang='grc' dir='ltr'>δέ</span> <span class='ocrx_word' id='word_1_229' title='bbox 555 2934 633 2976; x_wconf 90' lang='grc' dir='ltr'><strong>τις</strong></span> <span class='ocrx_word' id='word_1_230' title='bbox 685 2919 777 2973; x_wconf 80' lang='grc' dir='ltr'><strong>τὴν</strong></span> <span class='ocrx_word' id='word_1_231' title='bbox 824 2921 915 2965; x_wconf 83' lang='grc' dir='ltr'>τοῦ</span> <span class='ocrx_word' id='word_1_232' title='bbox 970 2920 1205 2984; x_wconf 79' lang='grc' dir='ltr'>Χριστοῦ</span> <span class='ocrx_word' id='word_1_233' title='bbox 1248 2916 1467 2972; x_wconf 80' lang='grc' dir='ltr'>θεότητα</span> <span class='ocrx_word' id='word_1_234' title='bbox 1511 2915 1604 2967; x_wconf 83' lang='grc' dir='ltr'><strong>ούκ</strong></span> <span class='ocrx_word' id='word_1_235' title='bbox 1644 2914 1743 2967; x_wconf 81' lang='grc' dir='ltr'><strong>ἀπό</strong></span> 
     </span>
    </p>
   </div>
   <div class='ocr_carea' id='block_1_36' title="bbox 46 3000 1739 3077">
    <p class='ocr_par' dir='ltr' id='par_1_36' title="bbox 46 3000 1739 3077">
     <span class='ocr_line' id='line_1_36' title="bbox 46 3000 1739 3077; baseline -0.001 -19"><span class='ocrx_word' id='word_1_236' title='bbox 46 3002 57 3023; x_wconf 17' lang='grc' dir='ltr'><em>γ’</em></span> <span class='ocrx_word' id='word_1_237' title='bbox 126 3015 226 3065; x_wconf 86' lang='grc' dir='ltr'>τῆς</span> <span class='ocrx_word' id='word_1_238' title='bbox 290 3006 485 3074; x_wconf 88' lang='grc' dir='ltr'>φύσεως</span> <span class='ocrx_word' id='word_1_239' title='bbox 551 3003 733 3065; x_wconf 82' lang='grc' dir='ltr'>αύτῆς·</span> <span class='ocrx_word' id='word_1_240' title='bbox 792 3000 1085 3075; x_wconf 78' lang='grc' dir='ltr'>ἀθεώρητος</span> <span class='ocrx_word' id='word_1_241' title='bbox 1157 3005 1256 3077; x_wconf 79' lang='grc' dir='ltr'><strong>γὰρ</strong></span> <span class='ocrx_word' id='word_1_242' title='bbox 1308 3005 1337 3060; x_wconf 82' lang='grc' dir='ltr'>ἡ</span> <span class='ocrx_word' id='word_1_243' title='bbox 1399 3006 1510 3056; x_wconf 85' lang='grc' dir='ltr'>θεία</span> <span class='ocrx_word' id='word_1_244' title='bbox 1568 3008 1739 3077; x_wconf 80' lang='grc' dir='ltr'>φύσις,</span> 
     </span>
    </p>
   </div>
   <div class='ocr_carea' id='block_1_37' title="bbox 44 3089 1746 3168">
    <p class='ocr_par' dir='ltr' id='par_1_37' title="bbox 44 3089 1746 3168">
     <span class='ocr_line' id='line_1_37' title="bbox 44 3089 1746 3168; baseline -0.001 -20"><span class='ocrx_word' id='word_1_245' title='bbox 44 3092 49 3117; x_wconf 74' lang='grc'><strong><em>⁵</em></strong></span> <span class='ocrx_word' id='word_1_246' title='bbox 128 3100 229 3148; x_wconf 87' lang='grc' dir='ltr'>καὶ</span> <span class='ocrx_word' id='word_1_247' title='bbox 264 3092 520 3153; x_wconf 87' lang='grc' dir='ltr'>παντελῶς</span> <span class='ocrx_word' id='word_1_248' title='bbox 573 3091 867 3153; x_wconf 79' lang='grc' dir='ltr'>ἀνεννόητος</span> <span class='ocrx_word' id='word_1_249' title='bbox 908 3093 1043 3143; x_wconf 81' lang='grc' dir='ltr'>κατὰ</span> <span class='ocrx_word' id='word_1_250' title='bbox 1072 3096 1150 3143; x_wconf 90' lang='grc' dir='ltr'>τό·</span> <span class='ocrx_word' id='word_1_251' title='bbox 1185 3095 1313 3145; x_wconf 85' lang='grc' dir='ltr'>Θεὸν</span> <span class='ocrx_word' id='word_1_252' title='bbox 1352 3089 1525 3155; x_wconf 70' lang='grc' dir='ltr'>οὐδεὶς</span> <span class='ocrx_word' id='word_1_253' title='bbox 1555 3093 1746 3168; x_wconf 76' lang='grc' dir='ltr'>ἑώρακε</span> 
     </span>
    </p>
   </div>
   <div class='ocr_carea' id='block_1_38' title="bbox 130 3180 1744 3257">
    <p class='ocr_par' dir='ltr' id='par_1_38' title="bbox 130 3180 1744 3257">
     <span class='ocr_line' id='line_1_38' title="bbox 130 3180 1744 3257; baseline 0 -20"><span class='ocrx_word' id='word_1_254' title='bbox 130 3190 365 3238; x_wconf 80' lang='grc' dir='ltr'>πώποτε·</span> <span class='ocrx_word' id='word_1_255' title='bbox 426 3181 531 3233; x_wconf 80' lang='grc' dir='ltr'>ἀλλ’</span> <span class='ocrx_word' id='word_1_256' title='bbox 593 3180 692 3234; x_wconf 81' lang='grc' dir='ltr'>ἀπό</span> <span class='ocrx_word' id='word_1_257' title='bbox 744 3190 843 3233; x_wconf 85' lang='grc' dir='ltr'>τῶν</span> <span class='ocrx_word' id='word_1_258' title='bbox 905 3182 1192 3255; x_wconf 85' lang='grc' dir='ltr'>θεοπρεπῶν</span> <span class='ocrx_word' id='word_1_259' title='bbox 1234 3184 1390 3257; x_wconf 82' lang='grc' dir='ltr'><strong>ἔργων</strong></span> <span class='ocrx_word' id='word_1_260' title='bbox 1438 3188 1528 3235; x_wconf 84' lang='grc' dir='ltr'>καὶ</span> <span class='ocrx_word' id='word_1_261' title='bbox 1582 3184 1744 3256; x_wconf 89' lang='grc' dir='ltr'>λόγων</span> 
     </span>
    </p>
   </div>
   <div class='ocr_carea' id='block_1_39' title="bbox 52 3272 329 3327">
    <p class='ocr_par' dir='ltr' id='par_1_39' title="bbox 52 3272 329 3327">
     <span class='ocr_line' id='line_1_39' title="bbox 52 3272 329 3327; baseline -0.007 0"><span class='ocrx_word' id='word_1_262' title='bbox 52 3272 55 3295; x_wconf 59' lang='grc' dir='ltr'><strong>λ</strong></span> <span class='ocrx_word' id='word_1_263' title='bbox 138 3274 329 3327; x_wconf 73' lang='grc' dir='ltr'>αὑτοῦ.</span> 
     </span>
    </p>
   </div>
   <div class='ocr_carea' id='block_1_40' title="bbox 209 3358 1743 3432">
    <p class='ocr_par' dir='ltr' id='par_1_40' title="bbox 209 3358 1743 3432">
     <span class='ocr_line' id='line_1_40' title="bbox 209 3358 1743 3432; baseline 0.001 -21"><span class='ocrx_word' id='word_1_264' title='bbox 209 3362 342 3432; x_wconf 84' lang='grc' dir='ltr'><strong>Ἐγὼ</strong></span> <span class='ocrx_word' id='word_1_265' title='bbox 422 3391 489 3401; x_wconf 92' lang='lat'><strong>-—</strong></span> <span class='ocrx_word' id='word_1_266' title='bbox 551 3358 790 3417; x_wconf 75' lang='grc' dir='ltr'>ἐλήλυθα.</span> <span class='ocrx_word' id='word_1_267' title='bbox 857 3365 967 3419; x_wconf 80' lang='grc' dir='ltr'><strong>Φῶς</strong></span> <span class='ocrx_word' id='word_1_268' title='bbox 1029 3362 1212 3417; x_wconf 80' lang='grc' dir='ltr'>νοητόν</span> <span class='ocrx_word' id='word_1_269' title='bbox 1258 3359 1391 3412; x_wconf 89' lang='grc' dir='ltr'>λύων</span> <span class='ocrx_word' id='word_1_270' title='bbox 1449 3363 1506 3413; x_wconf 89' lang='grc' dir='ltr'>τὸ</span> <span class='ocrx_word' id='word_1_271' title='bbox 1561 3366 1743 3420; x_wconf 83' lang='grc' dir='ltr'>νοητόν</span> 
     </span>
    </p>
   </div>
   <div class='ocr_carea' id='block_1_41' title="bbox 46 3446 1743 3523">
    <p class='ocr_par' dir='ltr' id='par_1_41' title="bbox 46 3446 1743 3523">
     <span class='ocr_line' id='line_1_41' title="bbox 46 3446 1743 3523; baseline -0.002 -17"><span class='ocrx_word' id='word_1_272' title='bbox 46 3472 49 3477; x_wconf 72' lang='lat'><strong><em>&#39;</em></strong></span> <span class='ocrx_word' id='word_1_273' title='bbox 135 3457 344 3511; x_wconf 82' lang='grc' dir='ltr'>σκότος,</span> <span class='ocrx_word' id='word_1_274' title='bbox 404 3454 493 3502; x_wconf 83' lang='grc' dir='ltr'>καὶ</span> <span class='ocrx_word' id='word_1_275' title='bbox 545 3446 639 3501; x_wconf 79' lang='grc' dir='ltr'>διὰ</span> <span class='ocrx_word' id='word_1_276' title='bbox 692 3457 790 3501; x_wconf 86' lang='grc' dir='ltr'><strong>τῶν</strong></span> <span class='ocrx_word' id='word_1_277' title='bbox 868 3450 1156 3523; x_wconf 85' lang='grc' dir='ltr'>θεοπρεπών</span> <span class='ocrx_word' id='word_1_278' title='bbox 1210 3452 1367 3521; x_wconf 81' lang='grc' dir='ltr'>ἔργων</span> <span class='ocrx_word' id='word_1_279' title='bbox 1434 3458 1524 3503; x_wconf 82' lang='grc' dir='ltr'>καὶ</span> <span class='ocrx_word' id='word_1_280' title='bbox 1581 3451 1743 3523; x_wconf 86' lang='grc' dir='ltr'>λόγων</span> 
     </span>
    </p>
   </div>
   <div class='ocr_carea' id='block_1_42' title="bbox 136 3536 1744 3614">
    <p class='ocr_par' dir='ltr' id='par_1_42' title="bbox 136 3536 1744 3614">
     <span class='ocr_line' id='line_1_42' title="bbox 136 3536 1744 3614; baseline -0.001 -19"><span class='ocrx_word' id='word_1_281' title='bbox 136 3536 534 3614; x_wconf 79' lang='grc' dir='ltr'>παραδεικνύων</span> <span class='ocrx_word' id='word_1_282' title='bbox 587 3542 681 3601; x_wconf 80' lang='grc' dir='ltr'>τὰς</span> <span class='ocrx_word' id='word_1_283' title='bbox 729 3539 935 3598; x_wconf 75' lang='grc' dir='ltr'>ἀκτῖνας</span> <span class='ocrx_word' id='word_1_284' title='bbox 979 3547 1070 3598; x_wconf 87' lang='grc' dir='ltr'>τῆς</span> <span class='ocrx_word' id='word_1_285' title='bbox 1118 3540 1358 3601; x_wconf 82' lang='grc' dir='ltr'>θεότητος</span> <span class='ocrx_word' id='word_1_286' title='bbox 1401 3548 1506 3600; x_wconf 89' lang='grc' dir='ltr'>τοῖς</span> <span class='ocrx_word' id='word_1_287' title='bbox 1545 3542 1744 3612; x_wconf 85' lang='grc' dir='ltr'>ύγιέσιν</span> 
     </span>
    </p>
   </div>
   <div class='ocr_carea' id='block_1_43' title="bbox 141 3629 445 3703">
    <p class='ocr_par' dir='ltr' id='par_1_43' title="bbox 141 3629 445 3703">
     <span class='ocr_line' id='line_1_43' title="bbox 141 3629 445 3703; baseline -0.013 -20"><span class='ocrx_word' id='word_1_288' title='bbox 141 3629 445 3703; x_wconf 80' lang='grc' dir='ltr'>ὀφθαλμοῖς.</span> 
     </span>
    </p>
   </div>
   <div class='ocr_carea' id='block_1_44' title="bbox 209 3716 1741 3791">
    <p class='ocr_par' dir='ltr' id='par_1_44' title="bbox 209 3716 1741 3791">
     <span class='ocr_line' id='line_1_44' title="bbox 209 3716 1741 3791; baseline 0.001 -22"><span class='ocrx_word' id='word_1_289' title='bbox 209 3718 321 3770; x_wconf 87' lang='grc' dir='ltr'><strong>Ἰνα</strong></span> <span class='ocrx_word' id='word_1_290' title='bbox 350 3750 417 3758; x_wconf 95' lang='lat'><strong>—</strong></span> <span class='ocrx_word' id='word_1_291' title='bbox 465 3722 636 3790; x_wconf 79' lang='grc' dir='ltr'>μείνῃ.</span> <span class='ocrx_word' id='word_1_292' title='bbox 680 3724 753 3790; x_wconf 78' lang='grc' dir='ltr'><strong>Τῇ</strong></span> <span class='ocrx_word' id='word_1_293' title='bbox 805 3725 901 3778; x_wconf 86' lang='grc' dir='ltr'>τῆς</span> <span class='ocrx_word' id='word_1_294' title='bbox 938 3716 1153 3783; x_wconf 78' lang='grc' dir='ltr'>πλάνης,</span> <span class='ocrx_word' id='word_1_295' title='bbox 1208 3725 1269 3789; x_wconf 76' lang='grc' dir='ltr'>τῇ</span> <span class='ocrx_word' id='word_1_296' title='bbox 1321 3726 1416 3778; x_wconf 88' lang='grc' dir='ltr'>τῆς</span> <span class='ocrx_word' id='word_1_297' title='bbox 1464 3717 1741 3791; x_wconf 81' lang='grc' dir='ltr'>ἁμαρτίας,</span> 
     </span>
    </p>
   </div>
   <div class='ocr_carea' id='block_1_45' title="bbox 138 3803 1739 3881">
    <p class='ocr_par' dir='ltr' id='par_1_45' title="bbox 138 3803 1739 3881">
     <span class='ocr_line' id='line_1_45' title="bbox 138 3803 1739 3881; baseline 0 -21"><span class='ocrx_word' id='word_1_298' title='bbox 138 3812 401 3879; x_wconf 83' lang='grc' dir='ltr'>Διαφόρως</span> <span class='ocrx_word' id='word_1_299' title='bbox 470 3804 527 3859; x_wconf 78' lang='grc' dir='ltr'>δὲ</span> <span class='ocrx_word' id='word_1_300' title='bbox 581 3809 647 3858; x_wconf 71' lang='grc' dir='ltr'>τὰ</span> <span class='ocrx_word' id='word_1_301' title='bbox 699 3806 833 3858; x_wconf 84' lang='grc' dir='ltr'>αύτὰ</span> <span class='ocrx_word' id='word_1_302' title='bbox 874 3806 1009 3877; x_wconf 82' lang='grc' dir='ltr'>λέγει</span> <span class='ocrx_word' id='word_1_303' title='bbox 1078 3803 1579 3881; x_wconf 76' lang='grc' dir='ltr'>διαμαρτυρόμενος,</span> <span class='ocrx_word' id='word_1_304' title='bbox 1649 3814 1739 3860; x_wconf 80' lang='grc' dir='ltr'>καὶ</span> 
     </span>
    </p>
   </div>
   <div class='ocr_carea' id='block_1_46' title="bbox 138 3893 1741 3971">
    <p class='ocr_par' dir='ltr' id='par_1_46' title="bbox 138 3893 1741 3971">
     <span class='ocr_line' id='line_1_46' title="bbox 138 3893 1741 3971; baseline -0.001 -21"><span class='ocrx_word' id='word_1_305' title='bbox 138 3908 202 3971; x_wconf 73' lang='grc' dir='ltr'><strong>τῇ</strong></span> <span class='ocrx_word' id='word_1_306' title='bbox 242 3901 486 3968; x_wconf 78' lang='grc' dir='ltr'>συνεχείᾳ</span> <span class='ocrx_word' id='word_1_307' title='bbox 528 3895 755 3966; x_wconf 79' lang='grc' dir='ltr'>μαλάξαι</span> <span class='ocrx_word' id='word_1_308' title='bbox 801 3898 859 3946; x_wconf 87' lang='grc' dir='ltr'>τὸ</span> <span class='ocrx_word' id='word_1_309' title='bbox 918 3894 1143 3969; x_wconf 87' lang='grc' dir='ltr'>σκληρόν</span> <span class='ocrx_word' id='word_1_310' title='bbox 1190 3903 1284 3957; x_wconf 89' lang='grc' dir='ltr'>τῆς</span> <span class='ocrx_word' id='word_1_311' title='bbox 1315 3893 1543 3970; x_wconf 85' lang='grc' dir='ltr'>καρδίας</span> <span class='ocrx_word' id='word_1_312' title='bbox 1574 3896 1741 3948; x_wconf 81' lang='grc' dir='ltr'>αύτῶν</span> 
     </span>
    </p>
   </div>
   <div class='ocr_carea' id='block_1_47' title="bbox 147 3983 1744 4062">
    <p class='ocr_par' dir='ltr' id='par_1_47' title="bbox 147 3983 1744 4062">
     <span class='ocr_line' id='line_1_47' title="bbox 147 3983 1744 4062; baseline -0.001 -23"><span class='ocrx_word' id='word_1_313' title='bbox 147 3986 471 4062; x_wconf 76' lang='grc' dir='ltr'>βουλόμενος,</span> <span class='ocrx_word' id='word_1_314' title='bbox 518 3989 607 4036; x_wconf 87' lang='grc' dir='ltr'>καὶ</span> <span class='ocrx_word' id='word_1_315' title='bbox 654 3990 754 4036; x_wconf 80' lang='grc' dir='ltr'><strong>πᾶν</strong></span> <span class='ocrx_word' id='word_1_316' title='bbox 800 3984 1044 4055; x_wconf 72' lang='grc' dir='ltr'>εἰσφέρων</span> <span class='ocrx_word' id='word_1_317' title='bbox 1092 3988 1148 4035; x_wconf 88' lang='grc' dir='ltr'><strong>τό</strong></span> <span class='ocrx_word' id='word_1_318' title='bbox 1198 3984 1407 4051; x_wconf 65' lang='grc' dir='ltr'>ἑαυτοῦ·</span> <span class='ocrx_word' id='word_1_319' title='bbox 1465 3983 1556 4039; x_wconf 78' lang='grc' dir='ltr'><strong>διὰ</strong></span> <span class='ocrx_word' id='word_1_320' title='bbox 1594 3994 1744 4038; x_wconf 79' lang='grc' dir='ltr'>τοῦτο</span> 
     </span>
    </p>
   </div>
   <div class='ocr_carea' id='block_1_48' title="bbox 146 4073 585 4150">
    <p class='ocr_par' dir='ltr' id='par_1_48' title="bbox 146 4073 585 4150">
     <span class='ocr_line' id='line_1_48' title="bbox 146 4073 585 4150; baseline -0.005 -23"><span class='ocrx_word' id='word_1_321' title='bbox 146 4079 246 4150; x_wconf 73' lang='grc' dir='ltr'>γὰρ</span> <span class='ocrx_word' id='word_1_322' title='bbox 277 4079 363 4125; x_wconf 85' lang='grc' dir='ltr'>καὶ</span> <span class='ocrx_word' id='word_1_323' title='bbox 389 4073 585 4146; x_wconf 83' lang='grc' dir='ltr'>ἔκραξε.</span> 
     </span>
    </p>
   </div>
   <div class='ocr_carea' id='block_1_49' title="bbox 224 4160 1138 4231">
    <p class='ocr_par' dir='ltr' id='par_1_49' title="bbox 224 4160 1138 4231">
     <span class='ocr_line' id='line_1_49' title="bbox 224 4160 1138 4231; baseline -0.001 -15"><span class='ocrx_word' id='word_1_324' title='bbox 224 4168 321 4216; x_wconf 76' lang='grc' dir='ltr'><strong>Καὶ</strong></span> <span class='ocrx_word' id='word_1_325' title='bbox 345 4193 411 4201; x_wconf 91' lang='lat'><strong>—</strong></span> <span class='ocrx_word' id='word_1_326' title='bbox 434 4162 608 4217; x_wconf 79' lang='grc' dir='ltr'>αύτόν.</span> <span class='ocrx_word' id='word_1_327' title='bbox 639 4162 723 4214; x_wconf 88' lang='grc' dir='ltr'><strong>Ἐν</strong></span> <span class='ocrx_word' id='word_1_328' title='bbox 753 4168 824 4231; x_wconf 81' lang='grc' dir='ltr'>τῷ</span> <span class='ocrx_word' id='word_1_329' title='bbox 854 4168 941 4211; x_wconf 74' lang='grc' dir='ltr'><strong>νῦν</strong></span> <span class='ocrx_word' id='word_1_330' title='bbox 972 4160 1138 4215; x_wconf 76' lang='grc' dir='ltr'>αἰῶνι.</span> 
     </span>
    </p>
   </div>
   <div class='ocr_carea' id='block_1_50' title="bbox 224 4247 1747 4324">
    <p class='ocr_par' dir='ltr' id='par_1_50' title="bbox 224 4247 1747 4324">
     <span class='ocr_line' id='line_1_50' title="bbox 224 4247 1747 4324; baseline 0.001 -21"><span class='ocrx_word' id='word_1_331' title='bbox 224 4251 297 4303; x_wconf 85' lang='grc' dir='ltr'>Ού</span> <span class='ocrx_word' id='word_1_332' title='bbox 351 4283 419 4291; x_wconf 86' lang='grc'><strong><em>-</em></strong></span> <span class='ocrx_word' id='word_1_333' title='bbox 475 4255 691 4322; x_wconf 82' lang='grc' dir='ltr'>κόσμον,</span> <span class='ocrx_word' id='word_1_334' title='bbox 738 4247 861 4303; x_wconf 86' lang='grc' dir='ltr'>Εἶπε</span> <span class='ocrx_word' id='word_1_335' title='bbox 908 4254 993 4302; x_wconf 81' lang='grc' dir='ltr'>καὶ</span> <span class='ocrx_word' id='word_1_336' title='bbox 1048 4249 1096 4301; x_wconf 83' lang='grc' dir='ltr'><strong>ἐν</strong></span> <span class='ocrx_word' id='word_1_337' title='bbox 1145 4258 1216 4321; x_wconf 78' lang='grc' dir='ltr'>τῷ</span> <span class='ocrx_word' id='word_1_338' title='bbox 1277 4254 1433 4324; x_wconf 85' lang='grc' dir='ltr'>τρίτῳ</span> <span class='ocrx_word' id='word_1_339' title='bbox 1490 4251 1747 4324; x_wconf 83' lang='grc' dir='ltr'>κεφαλαίῳ</span> 
     </span>
    </p>
   </div>
   <div class='ocr_carea' id='block_1_51' title="bbox 153 4338 1749 4401">
    <p class='ocr_par' dir='ltr' id='par_1_51' title="bbox 153 4338 1749 4401">
     <span class='ocr_line' id='line_1_51' title="bbox 153 4338 1749 4401; baseline -0.003 -6"><span class='ocrx_word' id='word_1_340' title='bbox 153 4345 234 4396; x_wconf 84' lang='grc' dir='ltr'>ὅτι</span> <span class='ocrx_word' id='word_1_341' title='bbox 290 4339 395 4393; x_wconf 80' lang='grc' dir='ltr'>Ούκ</span> <span class='ocrx_word' id='word_1_342' title='bbox 450 4338 741 4392; x_wconf 80' lang='grc' dir='ltr'>ἀπέστειλεν</span> <span class='ocrx_word' id='word_1_343' title='bbox 811 4340 836 4390; x_wconf 89' lang='grc' dir='ltr'><strong>ό</strong></span> <span class='ocrx_word' id='word_1_344' title='bbox 892 4342 1017 4400; x_wconf 84' lang='grc' dir='ltr'>Θεὸς</span> <span class='ocrx_word' id='word_1_345' title='bbox 1094 4342 1180 4390; x_wconf 83' lang='grc' dir='ltr'><strong>τόν</strong></span> <span class='ocrx_word' id='word_1_346' title='bbox 1266 4342 1383 4391; x_wconf 81' lang='grc' dir='ltr'>Υἱόν</span> <span class='ocrx_word' id='word_1_347' title='bbox 1459 4340 1619 4391; x_wconf 79' lang='grc' dir='ltr'>αύτού</span> <span class='ocrx_word' id='word_1_348' title='bbox 1678 4340 1749 4401; x_wconf 83' lang='grc' dir='ltr'>εἰς</span> 
     </span>
    </p>
   </div>
   <div class='ocr_carea' id='block_1_52' title="bbox 155 4428 1749 4501">
    <p class='ocr_par' dir='ltr' id='par_1_52' title="bbox 155 4428 1749 4501">
     <span class='ocr_line' id='line_1_52' title="bbox 155 4428 1749 4501; baseline -0.003 -17"><span class='ocrx_word' id='word_1_349' title='bbox 155 4436 239 4484; x_wconf 86' lang='grc' dir='ltr'><strong>τόν</strong></span> <span class='ocrx_word' id='word_1_350' title='bbox 311 4432 525 4495; x_wconf 82' lang='grc' dir='ltr'>κόσμον,</span> <span class='ocrx_word' id='word_1_351' title='bbox 616 4430 697 4480; x_wconf 85' lang='grc' dir='ltr'><strong>ἱνα</strong></span> <span class='ocrx_word' id='word_1_352' title='bbox 772 4433 919 4501; x_wconf 75' lang='grc' dir='ltr'>κρίνῃ</span> <span class='ocrx_word' id='word_1_353' title='bbox 1004 4432 1091 4480; x_wconf 90' lang='grc' dir='ltr'><strong>τόν</strong></span> <span class='ocrx_word' id='word_1_354' title='bbox 1176 4432 1392 4500; x_wconf 79' lang='grc' dir='ltr'>κόσμον,</span> <span class='ocrx_word' id='word_1_355' title='bbox 1482 4428 1589 4479; x_wconf 81' lang='grc' dir='ltr'>ἀλλ’</span> <span class='ocrx_word' id='word_1_356' title='bbox 1666 4431 1749 4480; x_wconf 88' lang='grc' dir='ltr'>ῖνα</span> 
     </span>
    </p>
   </div>
   <div class='ocr_carea' id='block_1_53' title="bbox 159 4514 1746 4591">
    <p class='ocr_par' dir='ltr' id='par_1_53' title="bbox 159 4514 1746 4591">
     <span class='ocr_line' id='line_1_53' title="bbox 159 4514 1746 4591; baseline -0.002 -20"><span class='ocrx_word' id='word_1_357' title='bbox 159 4520 295 4591; x_wconf 76' lang='grc' dir='ltr'>σωθῇ</span> <span class='ocrx_word' id='word_1_358' title='bbox 323 4520 347 4569; x_wconf 89' lang='grc' dir='ltr'><strong><em>ὁ</em></strong></span> <span class='ocrx_word' id='word_1_359' title='bbox 378 4522 569 4588; x_wconf 84' lang='grc' dir='ltr'>κόσμος</span> <span class='ocrx_word' id='word_1_360' title='bbox 596 4514 673 4569; x_wconf 85' lang='grc' dir='ltr'>δι’</span> <span class='ocrx_word' id='word_1_361' title='bbox 702 4517 881 4571; x_wconf 74' lang='grc' dir='ltr'>αὐτοῦ.</span> <span class='ocrx_word' id='word_1_362' title='bbox 914 4522 1013 4570; x_wconf 82' lang='grc' dir='ltr'><strong>Καὶ</strong></span> <span class='ocrx_word' id='word_1_363' title='bbox 1061 4519 1319 4588; x_wconf 73' lang='grc' dir='ltr'>ἀνάγνωθι</span> <span class='ocrx_word' id='word_1_364' title='bbox 1342 4517 1493 4569; x_wconf 75' lang='grc' dir='ltr'>πάλιν</span> <span class='ocrx_word' id='word_1_365' title='bbox 1524 4516 1627 4569; x_wconf 76' lang='grc' dir='ltr'>ἐκεῖ</span> <span class='ocrx_word' id='word_1_366' title='bbox 1653 4522 1746 4576; x_wconf 82' lang='grc' dir='ltr'><strong>τὴν</strong></span> 
     </span>
    </p>
   </div>
   <div class='ocr_carea' id='block_1_54' title="bbox 157 4603 766 4677">
    <p class='ocr_par' dir='ltr' id='par_1_54' title="bbox 157 4603 766 4677">
     <span class='ocr_line' id='line_1_54' title="bbox 157 4603 766 4677; baseline -0.005 -17"><span class='ocrx_word' id='word_1_367' title='bbox 157 4608 398 4677; x_wconf 75' lang='grc' dir='ltr'>ἐξήγησιν</span> <span class='ocrx_word' id='word_1_368' title='bbox 430 4603 482 4658; x_wconf 77' lang='grc' dir='ltr'>εὖ</span> <span class='ocrx_word' id='word_1_369' title='bbox 513 4606 766 4677; x_wconf 66' lang='grc' dir='ltr'>ἔχουσαν.</span> 
     </span>
    </p>
   </div>
   <div class='ocr_carea' id='block_1_55' title="bbox 225 4691 1748 4766">
    <p class='ocr_par' dir='ltr' id='par_1_55' title="bbox 225 4691 1748 4766">
     <span class='ocr_line' id='line_1_55' title="bbox 225 4691 1748 4766; baseline -0.001 -18"><span class='ocrx_word' id='word_1_370' title='bbox 225 4695 279 4748; x_wconf 86' lang='grc' dir='ltr'><strong>Ὀ</strong></span> <span class='ocrx_word' id='word_1_371' title='bbox 326 4726 392 4735; x_wconf 92' lang='grc'><strong><em>-</em></strong></span> <span class='ocrx_word' id='word_1_372' title='bbox 444 4694 616 4751; x_wconf 86' lang='grc' dir='ltr'>αύτόν.</span> <span class='ocrx_word' id='word_1_373' title='bbox 648 4694 705 4747; x_wconf 77' lang='grc' dir='ltr'><strong>Ὀ</strong></span> <span class='ocrx_word' id='word_1_374' title='bbox 756 4693 975 4748; x_wconf 79' lang='grc' dir='ltr'>ἀπειθῶν</span> <span class='ocrx_word' id='word_1_375' title='bbox 1007 4693 1119 4766; x_wconf 75' lang='grc' dir='ltr'><strong>ἐμοὶ</strong></span> <span class='ocrx_word' id='word_1_376' title='bbox 1150 4699 1239 4746; x_wconf 85' lang='grc' dir='ltr'>καὶ</span> <span class='ocrx_word' id='word_1_377' title='bbox 1265 4699 1335 4766; x_wconf 80' lang='grc' dir='ltr'><strong>μὴ</strong></span> <span class='ocrx_word' id='word_1_378' title='bbox 1371 4691 1651 4766; x_wconf 76' lang='grc' dir='ltr'>δεχόμενος</span> <span class='ocrx_word' id='word_1_379' title='bbox 1682 4697 1748 4747; x_wconf 79' lang='grc' dir='ltr'><strong>τὰ</strong></span> 
     </span>
    </p>
   </div>
   <div class='ocr_carea' id='block_1_56' title="bbox 159 4783 1750 4860">
    <p class='ocr_par' dir='ltr' id='par_1_56' title="bbox 159 4783 1750 4860">
     <span class='ocr_line' id='line_1_56' title="bbox 159 4783 1750 4860; baseline 0 -24"><span class='ocrx_word' id='word_1_380' title='bbox 159 4786 359 4860; x_wconf 76' lang='grc' dir='ltr'><strong>ῥήματά</strong></span> <span class='ocrx_word' id='word_1_381' title='bbox 384 4803 482 4856; x_wconf 85' lang='grc' dir='ltr'><strong>μου</strong></span> <span class='ocrx_word' id='word_1_382' title='bbox 510 4783 619 4855; x_wconf 75' lang='grc' dir='ltr'>ἔχει</span> <span class='ocrx_word' id='word_1_383' title='bbox 661 4788 745 4835; x_wconf 91' lang='grc' dir='ltr'><strong>τόν</strong></span> <span class='ocrx_word' id='word_1_384' title='bbox 779 4785 890 4854; x_wconf 69' lang='grc'><strong>(85)</strong></span> <span class='ocrx_word' id='word_1_385' title='bbox 922 4788 1317 4857; x_wconf 86' lang='grc' dir='ltr'>κατακρίνοντα,</span> <span class='ocrx_word' id='word_1_386' title='bbox 1348 4788 1433 4836; x_wconf 90' lang='grc' dir='ltr'><strong>τόν</strong></span> <span class='ocrx_word' id='word_1_387' title='bbox 1466 4783 1750 4855; x_wconf 78' lang='grc' dir='ltr'>ἐλέγχοντα</span> 
     </span>
    </p>
   </div>
   <div class='ocr_carea' id='block_1_57' title="bbox 163 4869 1187 4941">
    <p class='ocr_par' dir='ltr' id='par_1_57' title="bbox 163 4869 1187 4941">
     <span class='ocr_line' id='line_1_57' title="bbox 163 4869 1187 4941; baseline -0.001 -14"><span class='ocrx_word' id='word_1_388' title='bbox 163 4875 331 4929; x_wconf 85' lang='grc' dir='ltr'>αύτόν.</span> <span class='ocrx_word' id='word_1_389' title='bbox 369 4879 456 4935; x_wconf 87' lang='grc' dir='ltr'>Τίς</span> <span class='ocrx_word' id='word_1_390' title='bbox 483 4869 543 4925; x_wconf 82' lang='grc' dir='ltr'><em>δέ</em></span> <span class='ocrx_word' id='word_1_391' title='bbox 565 4871 704 4925; x_wconf 77' lang='grc' dir='ltr'>ἐστιν</span> <span class='ocrx_word' id='word_1_392' title='bbox 740 4872 910 4941; x_wconf 81' lang='grc' dir='ltr'>οὗτος,</span> <span class='ocrx_word' id='word_1_393' title='bbox 941 4874 1187 4927; x_wconf 77' lang='grc' dir='ltr'>ἄκουσον.</span> 
     </span>
    </p>
   </div>
   <div class='ocr_carea' id='block_1_58' title="bbox 230 4958 1747 5034">
    <p class='ocr_par' dir='ltr' id='par_1_58' title="bbox 230 4958 1747 5034">
     <span class='ocr_line' id='line_1_58' title="bbox 230 4958 1747 5034; baseline 0.001 -22"><span class='ocrx_word' id='word_1_394' title='bbox 230 4966 283 5012; x_wconf 91' lang='grc' dir='ltr'>Ὀ</span> <span class='ocrx_word' id='word_1_395' title='bbox 323 4960 472 5032; x_wconf 85' lang='grc' dir='ltr'>λόγος</span> <span class='ocrx_word' id='word_1_396' title='bbox 518 4991 587 5003; x_wconf 93' lang='grc'><strong><em>-</em></strong></span> <span class='ocrx_word' id='word_1_397' title='bbox 634 4963 819 5034; x_wconf 68' lang='grc' dir='ltr'>ἡμέρᾳ.</span> <span class='ocrx_word' id='word_1_398' title='bbox 866 4966 956 5023; x_wconf 86' lang='grc' dir='ltr'>Τίς</span> <span class='ocrx_word' id='word_1_399' title='bbox 989 4958 1049 5014; x_wconf 73' lang='grc' dir='ltr'>δέ</span> <span class='ocrx_word' id='word_1_400' title='bbox 1094 4964 1120 5013; x_wconf 94' lang='grc' dir='ltr'><strong>ό</strong></span> <span class='ocrx_word' id='word_1_401' title='bbox 1166 4962 1317 5033; x_wconf 89' lang='grc' dir='ltr'>λόγος</span> <span class='ocrx_word' id='word_1_402' title='bbox 1361 4962 1528 5028; x_wconf 80' lang='grc' dir='ltr'>οὗτος,</span> <span class='ocrx_word' id='word_1_403' title='bbox 1572 4960 1747 5014; x_wconf 75' lang='grc' dir='ltr'>ἑνωτι-</span> 
     </span>
    </p>
   </div>
   <div class='ocr_carea' id='block_1_59' title="bbox 168 5051 333 5108">
    <p class='ocr_par' dir='ltr' id='par_1_59' title="bbox 168 5051 333 5108">
     <span class='ocr_line' id='line_1_59' title="bbox 168 5051 333 5108; baseline 0 -5"><span class='ocrx_word' id='word_1_404' title='bbox 168 5051 333 5108; x_wconf 59' lang='grc' dir='ltr'>σθητμ</span> 
     </span>
    </p>
   </div>
   <div class='ocr_carea' id='block_1_60' title="bbox 235 5227 671 5297">
    <p class='ocr_par' dir='ltr' id='par_1_60' title="bbox 235 5227 671 5297">
     <span class='ocr_line' id='line_1_60' title="bbox 235 5227 671 5297; baseline 0.002 -15"><span class='ocrx_word' id='word_1_405' title='bbox 235 5227 277 5261; x_wconf 80' lang='grc'><strong>⁵⁷</strong></span> <span class='ocrx_word' id='word_1_406' title='bbox 296 5228 457 5283; x_wconf 84' lang='lat' dir='ltr'><strong>Joan.</strong></span> <span class='ocrx_word' id='word_1_407' title='bbox 491 5241 546 5297; x_wconf 87' lang='lat' dir='ltr'><strong>v,</strong></span> <span class='ocrx_word' id='word_1_408' title='bbox 583 5229 671 5283; x_wconf 77' lang='grc'>44.</span> 
     </span>
    </p>
   </div>
   <div class='ocr_carea' id='block_1_61' title="bbox 784 5225 1760 5296">
    <p class='ocr_par' dir='ltr' id='par_1_61' title="bbox 784 5225 1760 5296">
     <span class='ocr_line' id='line_1_61' title="bbox 784 5225 1760 5296; baseline 0.006 -16"><span class='ocrx_word' id='word_1_409' title='bbox 784 5227 831 5261; x_wconf 78' lang='grc'><strong>⁵⁸</strong></span> <span class='ocrx_word' id='word_1_410' title='bbox 874 5225 1054 5284; x_wconf 88' lang='lat' dir='ltr'><strong>Marc.</strong></span> <span class='ocrx_word' id='word_1_411' title='bbox 1088 5243 1168 5293; x_wconf 80' lang='lat' dir='ltr'><strong>lx,</strong></span> <span class='ocrx_word' id='word_1_412' title='bbox 1198 5230 1287 5285; x_wconf 84' lang='lat'><strong>37.</strong></span> <span class='ocrx_word' id='word_1_413' title='bbox 1330 5229 1377 5264; x_wconf 70' lang='grc'><strong>⁸9</strong></span> <span class='ocrx_word' id='word_1_414' title='bbox 1404 5229 1569 5285; x_wconf 80' lang='lat' dir='ltr'><strong>Joan.</strong></span> <span class='ocrx_word' id='word_1_415' title='bbox 1603 5244 1643 5296; x_wconf 83' lang='lat'><strong>1,</strong></span> <span class='ocrx_word' id='word_1_416' title='bbox 1675 5230 1760 5286; x_wconf 83' lang='grc'><strong>18.</strong></span> 
     </span>
    </p>
   </div>
   <div class='ocr_carea' id='block_1_62' title="bbox 1844 599 3515 671">
    <p class='ocr_par' dir='ltr' id='par_1_62' title="bbox 1844 599 3515 671">
     <span class='ocr_line' id='line_1_62' title="bbox 1844 599 3515 671; baseline -0.001 -16"><span class='ocrx_word' id='word_1_417' title='bbox 1844 600 2129 671; x_wconf 87' lang='lat' dir='ltr'><strong>princeps</strong></span> <span class='ocrx_word' id='word_1_418' title='bbox 2161 615 2282 655; x_wconf 91' lang='lat' dir='ltr'><strong>non</strong></span> <span class='ocrx_word' id='word_1_419' title='bbox 2298 605 2485 664; x_wconf 89' lang='lat' dir='ltr'><strong>erant,</strong></span> <span class='ocrx_word' id='word_1_420' title='bbox 2515 600 2619 655; x_wconf 92' lang='lat' dir='ltr'><strong>sed</strong></span> <span class='ocrx_word' id='word_1_421' title='bbox 2643 600 2796 655; x_wconf 84' lang='lat' dir='ltr'><strong>servi</strong></span> <span class='ocrx_word' id='word_1_422' title='bbox 2823 599 3023 669; x_wconf 68' lang='lat' dir='ltr'><strong>glorise</strong></span> <span class='ocrx_word' id='word_1_423' title='bbox 3046 599 3353 654; x_wconf 66' lang='lat' dir='ltr'><strong>humanm.</strong></span> <span class='ocrx_word' id='word_1_424' title='bbox 3380 600 3515 653; x_wconf 80' lang='lat' dir='ltr'><strong>Pro-</strong></span> 
     </span>
    </p>
   </div>
   <div class='ocr_carea' id='block_1_63' title="bbox 1851 688 3513 760">
    <p class='ocr_par' dir='ltr' id='par_1_63' title="bbox 1851 688 3513 760">
     <span class='ocr_line' id='line_1_63' title="bbox 1851 688 3513 760; baseline 0 -15"><span class='ocrx_word' id='word_1_425' title='bbox 1851 688 2245 760; x_wconf 86' lang='lat' dir='ltr'><strong>ptereaetiam</strong></span> <span class='ocrx_word' id='word_1_426' title='bbox 2277 689 2562 745; x_wconf 85' lang='lat' dir='ltr'><strong>Dominus</strong></span> <span class='ocrx_word' id='word_1_427' title='bbox 2602 689 2712 744; x_wconf 89' lang='lat' dir='ltr'><strong>illis</strong></span> <span class='ocrx_word' id='word_1_428' title='bbox 2745 689 3000 745; x_wconf 88' lang='lat' dir='ltr'><strong>dicebat:</strong></span> <span class='ocrx_word' id='word_1_429' title='bbox 3031 688 3330 755; x_wconf 83' lang='lat' dir='ltr'><strong>Quomodo</strong></span> <span class='ocrx_word' id='word_1_430' title='bbox 3350 693 3513 756; x_wconf 78' lang='lat' dir='ltr'><strong>pote-</strong></span> 
     </span>
    </p>
   </div>
   <div class='ocr_carea' id='block_1_64' title="bbox 1848 778 3514 847">
    <p class='ocr_par' dir='ltr' id='par_1_64' title="bbox 1848 778 3514 847">
     <span class='ocr_line' id='line_1_64' title="bbox 1848 778 3514 847; baseline -0.001 -14"><span class='ocrx_word' id='word_1_431' title='bbox 1848 779 1952 833; x_wconf 82' lang='lat' dir='ltr'><strong>stis</strong></span> <span class='ocrx_word' id='word_1_432' title='bbox 1985 795 2081 835; x_wconf 86' lang='lat' dir='ltr'><strong>vos</strong></span> <span class='ocrx_word' id='word_1_433' title='bbox 2112 779 2365 841; x_wconf 83' lang='lat' dir='ltr'><strong>credere,</strong></span> <span class='ocrx_word' id='word_1_434' title='bbox 2393 796 2525 834; x_wconf 88' lang='lat' dir='ltr'><strong>cum</strong></span> <span class='ocrx_word' id='word_1_435' title='bbox 2560 781 2812 847; x_wconf 78' lang='lat' dir='ltr'><strong>gloriam</strong></span> <span class='ocrx_word' id='word_1_436' title='bbox 2843 796 2877 832; x_wconf 89' lang='lat' dir='ltr'><strong>a</strong></span> <span class='ocrx_word' id='word_1_437' title='bbox 2900 778 3058 834; x_wconf 84' lang='lat' dir='ltr'><strong><em>vobis</em></strong></span> <span class='ocrx_word' id='word_1_438' title='bbox 3080 784 3285 833; x_wconf 82' lang='lat' dir='ltr'><strong>mutuo</strong></span> <span class='ocrx_word' id='word_1_439' title='bbox 3312 792 3514 832; x_wconf 88' lang='lat' dir='ltr'><strong>suma-</strong></span> 
     </span>
    </p>
   </div>
   <div class='ocr_carea' id='block_1_65' title="bbox 1853 866 3515 938">
    <p class='ocr_par' dir='ltr' id='par_1_65' title="bbox 1853 866 3515 938">
     <span class='ocr_line' id='line_1_65' title="bbox 1853 866 3515 938; baseline -0.002 -15"><span class='ocrx_word' id='word_1_440' title='bbox 1853 870 1927 923; x_wconf 89' lang='lat' dir='ltr'><strong>tis</strong></span> <span class='ocrx_word' id='word_1_441' title='bbox 1961 875 2014 923; x_wconf 84' lang='lat' dir='ltr'><strong>et</strong></span> <span class='ocrx_word' id='word_1_442' title='bbox 2043 869 2296 937; x_wconf 81' lang='lat' dir='ltr'><strong>gloriam</strong></span> <span class='ocrx_word' id='word_1_443' title='bbox 2332 884 2450 938; x_wconf 69' lang='lat' dir='ltr'><strong>qua?</strong></span> <span class='ocrx_word' id='word_1_444' title='bbox 2482 883 2519 924; x_wconf 88' lang='lat' dir='ltr'><strong>a</strong></span> <span class='ocrx_word' id='word_1_445' title='bbox 2546 869 2672 923; x_wconf 82' lang='lat' dir='ltr'><strong>solo</strong></span> <span class='ocrx_word' id='word_1_446' title='bbox 2699 867 2815 923; x_wconf 93' lang='lat' dir='ltr'><strong>Deo</strong></span> <span class='ocrx_word' id='word_1_447' title='bbox 2840 875 2920 923; x_wconf 86' lang='lat' dir='ltr'><strong>est</strong></span> <span class='ocrx_word' id='word_1_448' title='bbox 2964 883 3079 922; x_wconf 85' lang='lat' dir='ltr'><strong>non</strong></span> <span class='ocrx_word' id='word_1_449' title='bbox 3107 866 3387 937; x_wconf 62' lang='lat' dir='ltr'><strong>quaeratis</strong></span> <span class='ocrx_word' id='word_1_450' title='bbox 3415 866 3461 901; x_wconf 79' lang='grc'><strong>⁵⁷</strong></span> <span class='ocrx_word' id='word_1_451' title='bbox 3486 866 3515 920; x_wconf 73' lang='lat'><strong>5’</strong></span> 
     </span>
    </p>
   </div>
   <div class='ocr_carea' id='block_1_66' title="bbox 1920 955 3514 1026">
    <p class='ocr_par' dir='ltr' id='par_1_66' title="bbox 1920 955 3514 1026">
     <span class='ocr_line' id='line_1_66' title="bbox 1920 955 3514 1026; baseline 0.001 -16"><span class='ocrx_word' id='word_1_452' title='bbox 1920 958 2077 1011; x_wconf 86' lang='lat' dir='ltr'><strong>Vers.</strong></span> <span class='ocrx_word' id='word_1_453' title='bbox 2111 957 2367 1012; x_wconf 57' lang='lat' dir='ltr'><strong>“Jesus</strong></span> <span class='ocrx_word' id='word_1_454' title='bbox 2385 987 2452 997; x_wconf 91' lang='lat'><strong>-—</strong></span> <span class='ocrx_word' id='word_1_455' title='bbox 2473 956 2850 1025; x_wconf 86' lang='lat' dir='ltr'><strong>me.Mitigata</strong></span> <span class='ocrx_word' id='word_1_456' title='bbox 2864 957 2889 1009; x_wconf 78' lang='grc' dir='ltr'>,Ι</span> <span class='ocrx_word' id='word_1_457' title='bbox 2901 956 3208 1011; x_wconf 73' lang='lat' dir='ltr'><strong>udzeorum</strong></span> <span class='ocrx_word' id='word_1_458' title='bbox 3223 955 3309 1009; x_wconf 90' lang='lat' dir='ltr'><strong>ira</strong></span> <span class='ocrx_word' id='word_1_459' title='bbox 3334 969 3514 1026; x_wconf 78' lang='lat' dir='ltr'><strong>appa~</strong></span> 
     </span>
    </p>
   </div>
   <div class='ocr_carea' id='block_1_67' title="bbox 1851 1044 3511 1112">
    <p class='ocr_par' dir='ltr' id='par_1_67' title="bbox 1851 1044 3511 1112">
     <span class='ocr_line' id='line_1_67' title="bbox 1851 1044 3511 1112; baseline -0.003 -10"><span class='ocrx_word' id='word_1_460' title='bbox 1851 1046 1969 1102; x_wconf 90' lang='lat' dir='ltr'><strong>ruit</strong></span> <span class='ocrx_word' id='word_1_461' title='bbox 1997 1046 2208 1101; x_wconf 84' lang='lat' dir='ltr'><strong>iterum</strong></span> <span class='ocrx_word' id='word_1_462' title='bbox 2232 1051 2288 1100; x_wconf 87' lang='lat' dir='ltr'><strong>et</strong></span> <span class='ocrx_word' id='word_1_463' title='bbox 2317 1045 2509 1101; x_wconf 81' lang='lat' dir='ltr'><strong>docet.</strong></span> <span class='ocrx_word' id='word_1_464' title='bbox 2535 1045 2702 1110; x_wconf 88' lang='lat' dir='ltr'><strong>Quod</strong></span> <span class='ocrx_word' id='word_1_465' title='bbox 2729 1051 2920 1100; x_wconf 85' lang='lat' dir='ltr'><strong>autem</strong></span> <span class='ocrx_word' id='word_1_466' title='bbox 2952 1045 3111 1112; x_wconf 89' lang='lat' dir='ltr'><strong>dicit,</strong></span> <span class='ocrx_word' id='word_1_467' title='bbox 3136 1044 3511 1100; x_wconf 81' lang='lat' dir='ltr'><strong>tantumdem</strong></span> 
     </span>
    </p>
   </div>
   <div class='ocr_carea' id='block_1_68' title="bbox 1851 1132 3510 1203">
    <p class='ocr_par' dir='ltr' id='par_1_68' title="bbox 1851 1132 3510 1203">
     <span class='ocr_line' id='line_1_68' title="bbox 1851 1132 3510 1203; baseline -0.002 -14"><span class='ocrx_word' id='word_1_468' title='bbox 1851 1140 1959 1201; x_wconf 90' lang='lat' dir='ltr'><strong>est,</strong></span> <span class='ocrx_word' id='word_1_469' title='bbox 1992 1150 2062 1189; x_wconf 89' lang='lat' dir='ltr'><strong>ac</strong></span> <span class='ocrx_word' id='word_1_470' title='bbox 2094 1135 2141 1189; x_wconf 87' lang='lat' dir='ltr'><strong>si</strong></span> <span class='ocrx_word' id='word_1_471' title='bbox 2170 1134 2330 1190; x_wconf 85' lang='lat' dir='ltr'><strong>dicat</strong></span> <span class='ocrx_word' id='word_1_472' title='bbox 2364 1135 2503 1203; x_wconf 84' lang='lat' dir='ltr'><strong>:Qui</strong></span> <span class='ocrx_word' id='word_1_473' title='bbox 2527 1135 2713 1190; x_wconf 78' lang='lat' dir='ltr'><strong>credit</strong></span> <span class='ocrx_word' id='word_1_474' title='bbox 2740 1134 2801 1189; x_wconf 86' lang='lat' dir='ltr'><strong>in</strong></span> <span class='ocrx_word' id='word_1_475' title='bbox 2824 1150 2924 1199; x_wconf 92' lang='lat' dir='ltr'><strong>me,</strong></span> <span class='ocrx_word' id='word_1_476' title='bbox 2952 1134 3139 1190; x_wconf 87' lang='lat' dir='ltr'><strong>credit</strong></span> <span class='ocrx_word' id='word_1_477' title='bbox 3158 1135 3220 1188; x_wconf 86' lang='lat' dir='ltr'><strong>in</strong></span> <span class='ocrx_word' id='word_1_478' title='bbox 3251 1132 3510 1202; x_wconf 84' lang='lat' dir='ltr'><strong>eum,qui</strong></span> 
     </span>
    </p>
   </div>
   <div class='ocr_carea' id='block_1_69' title="bbox 1846 1222 3502 1295">
    <p class='ocr_par' dir='ltr' id='par_1_69' title="bbox 1846 1222 3502 1295">
     <span class='ocr_line' id='line_1_69' title="bbox 1846 1222 3502 1295; baseline -0.003 -15"><span class='ocrx_word' id='word_1_479' title='bbox 1846 1241 1938 1285; x_wconf 83' lang='lat' dir='ltr'><strong>me</strong></span> <span class='ocrx_word' id='word_1_480' title='bbox 1967 1224 2141 1279; x_wconf 76' lang='lat' dir='ltr'><strong>misit:</strong></span> <span class='ocrx_word' id='word_1_481' title='bbox 2159 1240 2277 1279; x_wconf 92' lang='lat' dir='ltr'><strong>non</strong></span> <span class='ocrx_word' id='word_1_482' title='bbox 2294 1224 2487 1279; x_wconf 91' lang='lat' dir='ltr'><strong>solum</strong></span> <span class='ocrx_word' id='word_1_483' title='bbox 2505 1224 2647 1295; x_wconf 86' lang='lat' dir='ltr'><strong>quia</strong></span> <span class='ocrx_word' id='word_1_484' title='bbox 2673 1240 2791 1279; x_wconf 89' lang='lat' dir='ltr'><strong>una</strong></span> <span class='ocrx_word' id='word_1_485' title='bbox 2804 1228 2891 1279; x_wconf 85' lang='lat' dir='ltr'><strong>est</strong></span> <span class='ocrx_word' id='word_1_486' title='bbox 2913 1228 3196 1278; x_wconf 83' lang='lat' dir='ltr'><strong>naturaet</strong></span> <span class='ocrx_word' id='word_1_487' title='bbox 3219 1222 3502 1277; x_wconf 86' lang='lat' dir='ltr'><strong>divinitas</strong></span> 
     </span>
    </p>
   </div>
   <div class='ocr_carea' id='block_1_70' title="bbox 1853 1311 3507 1385">
    <p class='ocr_par' dir='ltr' id='par_1_70' title="bbox 1853 1311 3507 1385">
     <span class='ocr_line' id='line_1_70' title="bbox 1853 1311 3507 1385; baseline -0.003 -16"><span class='ocrx_word' id='word_1_488' title='bbox 1853 1313 2193 1377; x_wconf 90' lang='lat' dir='ltr'><strong>amborum,</strong></span> <span class='ocrx_word' id='word_1_489' title='bbox 2224 1328 2432 1368; x_wconf 91' lang='lat' dir='ltr'><strong>verum</strong></span> <span class='ocrx_word' id='word_1_490' title='bbox 2463 1314 2663 1378; x_wconf 91' lang='lat' dir='ltr'><strong>etiam,</strong></span> <span class='ocrx_word' id='word_1_491' title='bbox 2692 1313 2836 1385; x_wconf 87' lang='lat' dir='ltr'><strong>quia</strong></span> <span class='ocrx_word' id='word_1_492' title='bbox 2864 1312 3058 1368; x_wconf 90' lang='lat' dir='ltr'><strong><em>honor</em></strong></span> <span class='ocrx_word' id='word_1_493' title='bbox 3081 1312 3132 1367; x_wconf 91' lang='lat' dir='ltr'><strong>ei</strong></span> <span class='ocrx_word' id='word_1_494' title='bbox 3166 1311 3267 1383; x_wconf 88' lang='lat' dir='ltr'><strong>qui</strong></span> <span class='ocrx_word' id='word_1_495' title='bbox 3290 1311 3507 1366; x_wconf 87' lang='lat' dir='ltr'><strong>missus</strong></span> 
     </span>
    </p>
   </div>
   <div class='ocr_carea' id='block_1_71' title="bbox 1853 1397 3508 1472">
    <p class='ocr_par' dir='ltr' id='par_1_71' title="bbox 1853 1397 3508 1472">
     <span class='ocr_line' id='line_1_71' title="bbox 1853 1397 3508 1472; baseline -0.002 -15"><span class='ocrx_word' id='word_1_496' title='bbox 1853 1408 1959 1467; x_wconf 89' lang='lat' dir='ltr'><strong>est,</strong></span> <span class='ocrx_word' id='word_1_497' title='bbox 1984 1401 2300 1464; x_wconf 81' lang='lat' dir='ltr'><strong>exhibitus,</strong></span> <span class='ocrx_word' id='word_1_498' title='bbox 2329 1401 2626 1456; x_wconf 84' lang='lat' dir='ltr'><strong>redundat</strong></span> <span class='ocrx_word' id='word_1_499' title='bbox 2657 1402 2715 1455; x_wconf 91' lang='lat' dir='ltr'><strong>in</strong></span> <span class='ocrx_word' id='word_1_500' title='bbox 2746 1416 2881 1456; x_wconf 89' lang='lat' dir='ltr'><strong>eum</strong></span> <span class='ocrx_word' id='word_1_501' title='bbox 2915 1401 3019 1472; x_wconf 89' lang='lat' dir='ltr'><strong>qui</strong></span> <span class='ocrx_word' id='word_1_502' title='bbox 3051 1400 3226 1455; x_wconf 89' lang='lat' dir='ltr'><strong>misit.</strong></span> <span class='ocrx_word' id='word_1_503' title='bbox 3257 1402 3321 1455; x_wconf 89' lang='lat' dir='ltr'><strong>Et</strong></span> <span class='ocrx_word' id='word_1_504' title='bbox 3346 1397 3508 1470; x_wconf 89' lang='lat' dir='ltr'><strong>quod</strong></span> 
     </span>
    </p>
   </div>
   <div class='ocr_carea' id='block_1_72' title="bbox 1854 1488 3499 1560">
    <p class='ocr_par' dir='ltr' id='par_1_72' title="bbox 1854 1488 3499 1560">
     <span class='ocr_line' id='line_1_72' title="bbox 1854 1488 3499 1560; baseline -0.002 -15"><span class='ocrx_word' id='word_1_505' title='bbox 1854 1489 1954 1553; x_wconf 86' lang='lat' dir='ltr'><strong>ait,</strong></span> <span class='ocrx_word' id='word_1_506' title='bbox 1980 1490 2112 1545; x_wconf 87' lang='lat' dir='ltr'><strong>Non</strong></span> <span class='ocrx_word' id='word_1_507' title='bbox 2142 1490 2326 1545; x_wconf 81' lang='lat' dir='ltr'><strong>credit</strong></span> <span class='ocrx_word' id='word_1_508' title='bbox 2354 1492 2414 1544; x_wconf 85' lang='lat' dir='ltr'><strong>in</strong></span> <span class='ocrx_word' id='word_1_509' title='bbox 2446 1504 2546 1553; x_wconf 88' lang='lat' dir='ltr'><strong>me,</strong></span> <span class='ocrx_word' id='word_1_510' title='bbox 2591 1489 2821 1544; x_wconf 87' lang='lat' dir='ltr'><strong>videtur</strong></span> <span class='ocrx_word' id='word_1_511' title='bbox 2852 1489 3102 1560; x_wconf 88' lang='lat' dir='ltr'><strong>quidem</strong></span> <span class='ocrx_word' id='word_1_512' title='bbox 3144 1488 3499 1556; x_wconf 83' lang='lat' dir='ltr'><strong>negationis,</strong></span> 
     </span>
    </p>
   </div>
   <div class='ocr_carea' id='block_1_73' title="bbox 1853 1575 3508 1647">
    <p class='ocr_par' dir='ltr' id='par_1_73' title="bbox 1853 1575 3508 1647">
     <span class='ocr_line' id='line_1_73' title="bbox 1853 1575 3508 1647; baseline -0.001 -14"><span class='ocrx_word' id='word_1_513' title='bbox 1853 1578 1953 1633; x_wconf 91' lang='lat' dir='ltr'><strong>sed</strong></span> <span class='ocrx_word' id='word_1_514' title='bbox 1981 1578 2173 1647; x_wconf 88' lang='lat' dir='ltr'><strong>magis</strong></span> <span class='ocrx_word' id='word_1_515' title='bbox 2204 1584 2295 1632; x_wconf 87' lang='lat' dir='ltr'><strong>est</strong></span> <span class='ocrx_word' id='word_1_516' title='bbox 2320 1577 2745 1632; x_wconf 79' lang='lat' dir='ltr'><strong>exhortationis</strong></span> <span class='ocrx_word' id='word_1_517' title='bbox 2775 1577 2850 1633; x_wconf 87' lang='lat' dir='ltr'><strong>ad</strong></span> <span class='ocrx_word' id='word_1_518' title='bbox 2891 1577 3275 1632; x_wconf 88' lang='lat' dir='ltr'><strong>credendum.</strong></span> <span class='ocrx_word' id='word_1_519' title='bbox 3307 1575 3508 1632; x_wconf 85' lang='lat' dir='ltr'><strong>Simile</strong></span> 
     </span>
    </p>
   </div>
   <div class='ocr_carea' id='block_1_74' title="bbox 1853 1666 3515 1738">
    <p class='ocr_par' dir='ltr' id='par_1_74' title="bbox 1853 1666 3515 1738">
     <span class='ocr_line' id='line_1_74' title="bbox 1853 1666 3515 1738; baseline -0.001 -17"><span class='ocrx_word' id='word_1_520' title='bbox 1853 1683 2088 1738; x_wconf 90' lang='lat' dir='ltr'><strong>quoque</strong></span> <span class='ocrx_word' id='word_1_521' title='bbox 2122 1671 2210 1721; x_wconf 86' lang='lat' dir='ltr'><strong>est</strong></span> <span class='ocrx_word' id='word_1_522' title='bbox 2240 1674 2294 1720; x_wconf 90' lang='lat' dir='ltr'><strong>et</strong></span> <span class='ocrx_word' id='word_1_523' title='bbox 2321 1666 2463 1720; x_wconf 90' lang='lat' dir='ltr'><strong>illud</strong></span> <span class='ocrx_word' id='word_1_524' title='bbox 2489 1684 2500 1720; x_wconf 93' lang='lat'>:</span> <span class='ocrx_word' id='word_1_525' title='bbox 2530 1668 2642 1733; x_wconf 85' lang='lat' dir='ltr'><strong>Qui</strong></span> <span class='ocrx_word' id='word_1_526' title='bbox 2666 1668 2973 1735; x_wconf 78' lang='lat' dir='ltr'><strong>susceperit</strong></span> <span class='ocrx_word' id='word_1_527' title='bbox 3004 1680 3105 1729; x_wconf 90' lang='lat' dir='ltr'><strong>me,</strong></span> <span class='ocrx_word' id='word_1_528' title='bbox 3136 1681 3252 1720; x_wconf 72' lang='lat' dir='ltr'><strong>non</strong></span> <span class='ocrx_word' id='word_1_529' title='bbox 3280 1679 3366 1719; x_wconf 90' lang='lat' dir='ltr'><strong>me</strong></span> <span class='ocrx_word' id='word_1_530' title='bbox 3388 1680 3515 1720; x_wconf 87' lang='lat' dir='ltr'><strong>sus-</strong></span> 
     </span>
    </p>
   </div>
   <div class='ocr_carea' id='block_1_75' title="bbox 1854 1752 3511 1825">
    <p class='ocr_par' dir='ltr' id='par_1_75' title="bbox 1854 1752 3511 1825">
     <span class='ocr_line' id='line_1_75' title="bbox 1854 1752 3511 1825; baseline -0.002 -14"><span class='ocrx_word' id='word_1_531' title='bbox 1854 1756 1996 1823; x_wconf 80' lang='lat' dir='ltr'><strong>cipit</strong></span> <span class='ocrx_word' id='word_1_532' title='bbox 2018 1755 2107 1809; x_wconf 88' lang='lat' dir='ltr'><strong>sed</strong></span> <span class='ocrx_word' id='word_1_533' title='bbox 2136 1770 2267 1811; x_wconf 88' lang='lat' dir='ltr'><strong>eum</strong></span> <span class='ocrx_word' id='word_1_534' title='bbox 2288 1755 2391 1825; x_wconf 90' lang='lat' dir='ltr'><strong>qui</strong></span> <span class='ocrx_word' id='word_1_535' title='bbox 2411 1755 2569 1810; x_wconf 82' lang='lat' dir='ltr'><strong>misit</strong></span> <span class='ocrx_word' id='word_1_536' title='bbox 2594 1770 2683 1810; x_wconf 90' lang='lat' dir='ltr'><strong>me</strong></span> <span class='ocrx_word' id='word_1_537' title='bbox 2710 1755 2777 1808; x_wconf 68' lang='lat'><strong>5°.</strong></span> <span class='ocrx_word' id='word_1_538' title='bbox 2824 1757 2970 1810; x_wconf 84' lang='lat' dir='ltr'><strong>Nam</strong></span> <span class='ocrx_word' id='word_1_539' title='bbox 2996 1760 3053 1809; x_wconf 90' lang='lat' dir='ltr'><strong>et</strong></span> <span class='ocrx_word' id='word_1_540' title='bbox 3082 1754 3207 1809; x_wconf 73' lang='lat' dir='ltr'><strong>haec</strong></span> <span class='ocrx_word' id='word_1_541' title='bbox 3256 1752 3511 1809; x_wconf 85' lang='lat' dir='ltr'><strong>idioma-</strong></span> 
     </span>
    </p>
   </div>
   <div class='ocr_carea' id='block_1_76' title="bbox 1774 1843 2765 1917">
    <p class='ocr_par' dir='ltr' id='par_1_76' title="bbox 1774 1843 2765 1917">
     <span class='ocr_line' id='line_1_76' title="bbox 1774 1843 2765 1917; baseline -0.004 -18"><span class='ocrx_word' id='word_1_542' title='bbox 1774 1861 1817 1917; x_wconf 78' lang='grc' dir='ltr'>Β</span> <span class='ocrx_word' id='word_1_543' title='bbox 1857 1846 1927 1899; x_wconf 91' lang='lat' dir='ltr'><strong>tis</strong></span> <span class='ocrx_word' id='word_1_544' title='bbox 1965 1849 2103 1899; x_wconf 91' lang='lat' dir='ltr'><strong>sunt</strong></span> <span class='ocrx_word' id='word_1_545' title='bbox 2132 1844 2367 1913; x_wconf 85' lang='lat' dir='ltr'><strong>aliaque</strong></span> <span class='ocrx_word' id='word_1_546' title='bbox 2388 1843 2765 1914; x_wconf 46' lang='lat' dir='ltr'><strong>.hujusmodi.</strong></span> 
     </span>
    </p>
   </div>
   <div class='ocr_carea' id='block_1_77' title="bbox 1930 1930 3512 2003">
    <p class='ocr_par' dir='ltr' id='par_1_77' title="bbox 1930 1930 3512 2003">
     <span class='ocr_line' id='line_1_77' title="bbox 1930 1930 3512 2003; baseline -0.002 -13"><span class='ocrx_word' id='word_1_547' title='bbox 1930 1934 2085 1990; x_wconf 86' lang='lat' dir='ltr'><strong>Scire</strong></span> <span class='ocrx_word' id='word_1_548' title='bbox 2116 1938 2317 1988; x_wconf 90' lang='lat' dir='ltr'><strong>autem</strong></span> <span class='ocrx_word' id='word_1_549' title='bbox 2361 1936 2615 2003; x_wconf 88' lang='lat' dir='ltr'><strong>oportet,</strong></span> <span class='ocrx_word' id='word_1_550' title='bbox 2649 1932 2802 2003; x_wconf 89' lang='lat' dir='ltr'><strong>quod</strong></span> <span class='ocrx_word' id='word_1_551' title='bbox 2826 1931 2987 1986; x_wconf 89' lang='lat' dir='ltr'><strong>aliud</strong></span> <span class='ocrx_word' id='word_1_552' title='bbox 3029 1935 3113 1987; x_wconf 90' lang='lat' dir='ltr'><strong>est</strong></span> <span class='ocrx_word' id='word_1_553' title='bbox 3143 1931 3388 1987; x_wconf 89' lang='lat' dir='ltr'><strong>credere</strong></span> <span class='ocrx_word' id='word_1_554' title='bbox 3435 1930 3512 1994; x_wconf 90' lang='lat' dir='ltr'><strong>ei,</strong></span> 
     </span>
    </p>
   </div>
   <div class='ocr_carea' id='block_1_78' title="bbox 1855 2019 3508 2094">
    <p class='ocr_par' dir='ltr' id='par_1_78' title="bbox 1855 2019 3508 2094">
     <span class='ocr_line' id='line_1_78' title="bbox 1855 2019 3508 2094; baseline -0.001 -18"><span class='ocrx_word' id='word_1_555' title='bbox 1855 2038 2039 2094; x_wconf 89' lang='lat' dir='ltr'><strong>quam</strong></span> <span class='ocrx_word' id='word_1_556' title='bbox 2069 2022 2305 2077; x_wconf 88' lang='lat' dir='ltr'><strong>credere</strong></span> <span class='ocrx_word' id='word_1_557' title='bbox 2344 2021 2404 2076; x_wconf 92' lang='lat' dir='ltr'><strong>in</strong></span> <span class='ocrx_word' id='word_1_558' title='bbox 2435 2038 2593 2085; x_wconf 90' lang='lat' dir='ltr'><strong>eum;</strong></span> <span class='ocrx_word' id='word_1_559' title='bbox 2626 2022 2768 2076; x_wconf 91' lang='lat' dir='ltr'><strong>illud</strong></span> <span class='ocrx_word' id='word_1_560' title='bbox 2809 2020 3106 2091; x_wconf 81' lang='lat' dir='ltr'><strong>siquidem</strong></span> <span class='ocrx_word' id='word_1_561' title='bbox 3133 2026 3237 2084; x_wconf 91' lang='lat' dir='ltr'><strong>est,</strong></span> <span class='ocrx_word' id='word_1_562' title='bbox 3269 2019 3508 2075; x_wconf 88' lang='lat' dir='ltr'><strong>credere</strong></span> 
     </span>
    </p>
   </div>
   <div class='ocr_carea' id='block_1_79' title="bbox 1856 2110 3507 2182">
    <p class='ocr_par' dir='ltr' id='par_1_79' title="bbox 1856 2110 3507 2182">
     <span class='ocr_line' id='line_1_79' title="bbox 1856 2110 3507 2182; baseline -0.001 -17"><span class='ocrx_word' id='word_1_563' title='bbox 1856 2112 2235 2167; x_wconf 86' lang='lat' dir='ltr'><strong>sermonibus</strong></span> <span class='ocrx_word' id='word_1_564' title='bbox 2262 2112 2411 2181; x_wconf 90' lang='lat' dir='ltr'><strong>ejus,</strong></span> <span class='ocrx_word' id='word_1_565' title='bbox 2439 2110 2603 2182; x_wconf 89' lang='lat' dir='ltr'><strong>quod</strong></span> <span class='ocrx_word' id='word_1_566' title='bbox 2624 2111 2698 2166; x_wconf 91' lang='lat' dir='ltr'><strong>de</strong></span> <span class='ocrx_word' id='word_1_567' title='bbox 2721 2113 2941 2165; x_wconf 71' lang='lat' dir='ltr'><strong>caeteris</strong></span> <span class='ocrx_word' id='word_1_568' title='bbox 2964 2110 3143 2165; x_wconf 87' lang='lat' dir='ltr'><strong>etiam</strong></span> <span class='ocrx_word' id='word_1_569' title='bbox 3166 2110 3507 2165; x_wconf 89' lang='lat' dir='ltr'><strong>hominibus</strong></span> 
     </span>
    </p>
   </div>
   <div class='ocr_carea' id='block_1_80' title="bbox 1855 2198 3508 2269">
    <p class='ocr_par' dir='ltr' id='par_1_80' title="bbox 1855 2198 3508 2269">
     <span class='ocr_line' id='line_1_80' title="bbox 1855 2198 3508 2269; baseline -0.002 -15"><span class='ocrx_word' id='word_1_570' title='bbox 1855 2200 2063 2256; x_wconf 90' lang='lat' dir='ltr'><strong>dicitur</strong></span> <span class='ocrx_word' id='word_1_571' title='bbox 2087 2216 2101 2266; x_wconf 92' lang='lat'><strong>;</strong></span> <span class='ocrx_word' id='word_1_572' title='bbox 2128 2201 2241 2255; x_wconf 90' lang='lat' dir='ltr'><strong>hoc</strong></span> <span class='ocrx_word' id='word_1_573' title='bbox 2269 2204 2467 2255; x_wconf 87' lang='lat' dir='ltr'><strong>autem</strong></span> <span class='ocrx_word' id='word_1_574' title='bbox 2496 2204 2599 2261; x_wconf 88' lang='lat' dir='ltr'><strong>est,</strong></span> <span class='ocrx_word' id='word_1_575' title='bbox 2624 2200 2935 2255; x_wconf 90' lang='lat' dir='ltr'><strong>crederein</strong></span> <span class='ocrx_word' id='word_1_576' title='bbox 2970 2199 3337 2255; x_wconf 86' lang='lat' dir='ltr'><strong>divinitatem</strong></span> <span class='ocrx_word' id='word_1_577' title='bbox 3355 2198 3508 2269; x_wconf 90' lang='lat' dir='ltr'><strong>ejus,</strong></span> 
     </span>
    </p>
   </div>
   <div class='ocr_carea' id='block_1_81' title="bbox 1856 2288 2684 2361">
    <p class='ocr_par' dir='ltr' id='par_1_81' title="bbox 1856 2288 2684 2361">
     <span class='ocr_line' id='line_1_81' title="bbox 1856 2288 2684 2361; baseline -0.004 -15"><span class='ocrx_word' id='word_1_578' title='bbox 1856 2290 2021 2361; x_wconf 88' lang='lat' dir='ltr'><strong>quod</strong></span> <span class='ocrx_word' id='word_1_579' title='bbox 2043 2290 2119 2345; x_wconf 92' lang='lat' dir='ltr'><strong>de</strong></span> <span class='ocrx_word' id='word_1_580' title='bbox 2148 2291 2274 2347; x_wconf 90' lang='lat' dir='ltr'><strong>solo</strong></span> <span class='ocrx_word' id='word_1_581' title='bbox 2301 2292 2417 2346; x_wconf 90' lang='lat' dir='ltr'><strong>Deo</strong></span> <span class='ocrx_word' id='word_1_582' title='bbox 2449 2288 2684 2345; x_wconf 87' lang='lat' dir='ltr'><strong>dicitur.</strong></span> 
     </span>
    </p>
   </div>
   <div class='ocr_carea' id='block_1_82' title="bbox 1928 2465 3505 2536">
    <p class='ocr_par' dir='ltr' id='par_1_82' title="bbox 1928 2465 3505 2536">
     <span class='ocr_line' id='line_1_82' title="bbox 1928 2465 3505 2536; baseline -0.001 -16"><span class='ocrx_word' id='word_1_583' title='bbox 1928 2468 2092 2521; x_wconf 90' lang='lat' dir='ltr'><strong>Vers.</strong></span> <span class='ocrx_word' id='word_1_584' title='bbox 2110 2470 2197 2524; x_wconf 80' lang='grc'><strong>45,</strong></span> <span class='ocrx_word' id='word_1_585' title='bbox 2216 2468 2286 2522; x_wconf 86' lang='lat' dir='ltr'><strong>Et</strong></span> <span class='ocrx_word' id='word_1_586' title='bbox 2312 2499 2374 2506; x_wconf 96' lang='lat'><strong>—</strong></span> <span class='ocrx_word' id='word_1_587' title='bbox 2396 2482 2504 2522; x_wconf 88' lang='lat' dir='ltr'><strong>me.</strong></span> <span class='ocrx_word' id='word_1_588' title='bbox 2525 2466 2823 2521; x_wconf 86' lang='lat' dir='ltr'><strong>Visionem</strong></span> <span class='ocrx_word' id='word_1_589' title='bbox 2842 2482 2977 2521; x_wconf 90' lang='lat' dir='ltr'><strong>eam</strong></span> <span class='ocrx_word' id='word_1_590' title='bbox 3006 2465 3159 2531; x_wconf 81' lang='lat' dir='ltr'><strong>dicit,</strong></span> <span class='ocrx_word' id='word_1_591' title='bbox 3186 2480 3317 2536; x_wconf 76' lang='lat' dir='ltr'><strong>quae</strong></span> <span class='ocrx_word' id='word_1_592' title='bbox 3340 2479 3505 2520; x_wconf 90' lang='lat' dir='ltr'><strong>men-</strong></span> 
     </span>
    </p>
   </div>
   <div class='ocr_carea' id='block_1_83' title="bbox 1858 2553 3509 2623">
    <p class='ocr_par' dir='ltr' id='par_1_83' title="bbox 1858 2553 3509 2623">
     <span class='ocr_line' id='line_1_83' title="bbox 1858 2553 3509 2623; baseline -0.002 -12"><span class='ocrx_word' id='word_1_593' title='bbox 1858 2557 1929 2611; x_wconf 92' lang='lat' dir='ltr'><strong>tis</strong></span> <span class='ocrx_word' id='word_1_594' title='bbox 1961 2560 2067 2620; x_wconf 91' lang='lat' dir='ltr'><strong>est,</strong></span> <span class='ocrx_word' id='word_1_595' title='bbox 2102 2572 2171 2611; x_wconf 92' lang='lat' dir='ltr'><strong>ac</strong></span> <span class='ocrx_word' id='word_1_596' title='bbox 2200 2557 2247 2609; x_wconf 89' lang='lat' dir='ltr'><strong>si</strong></span> <span class='ocrx_word' id='word_1_597' title='bbox 2280 2557 2437 2610; x_wconf 89' lang='lat' dir='ltr'><strong>dicat</strong></span> <span class='ocrx_word' id='word_1_598' title='bbox 2467 2573 2478 2609; x_wconf 94' lang='lat'>:</span> <span class='ocrx_word' id='word_1_599' title='bbox 2523 2554 2631 2619; x_wconf 89' lang='lat' dir='ltr'><strong>Qui</strong></span> <span class='ocrx_word' id='word_1_600' title='bbox 2668 2570 2865 2610; x_wconf 88' lang='lat' dir='ltr'><strong>meam</strong></span> <span class='ocrx_word' id='word_1_601' title='bbox 2911 2555 3184 2623; x_wconf 84' lang='lat' dir='ltr'><strong>cognovit</strong></span> <span class='ocrx_word' id='word_1_602' title='bbox 3229 2553 3509 2608; x_wconf 89' lang='lat' dir='ltr'><strong>divinita-</strong></span> 
     </span>
    </p>
   </div>
   <div class='ocr_carea' id='block_1_84' title="bbox 1857 2643 3516 2715">
    <p class='ocr_par' dir='ltr' id='par_1_84' title="bbox 1857 2643 3516 2715">
     <span class='ocr_line' id='line_1_84' title="bbox 1857 2643 3516 2715; baseline -0.003 -14"><span class='ocrx_word' id='word_1_603' title='bbox 1857 2651 1972 2701; x_wconf 91' lang='lat' dir='ltr'><strong>tem</strong></span> <span class='ocrx_word' id='word_1_604' title='bbox 1994 2661 2125 2699; x_wconf 89' lang='lat' dir='ltr'><strong>eam</strong></span> <span class='ocrx_word' id='word_1_605' title='bbox 2146 2660 2390 2715; x_wconf 86' lang='lat' dir='ltr'><strong>quoque</strong></span> <span class='ocrx_word' id='word_1_606' title='bbox 2407 2646 2705 2711; x_wconf 77' lang='lat' dir='ltr'><strong>cognovit,</strong></span> <span class='ocrx_word' id='word_1_607' title='bbox 2731 2660 2866 2714; x_wconf 74' lang='lat' dir='ltr'><strong>quea</strong></span> <span class='ocrx_word' id='word_1_608' title='bbox 2884 2643 3062 2699; x_wconf 88' lang='lat' dir='ltr'><strong>Patris</strong></span> <span class='ocrx_word' id='word_1_609' title='bbox 3084 2648 3203 2712; x_wconf 83' lang='lat' dir='ltr'><strong>est;</strong></span> <span class='ocrx_word' id='word_1_610' title='bbox 3224 2658 3367 2698; x_wconf 90' lang='lat' dir='ltr'><strong>nam</strong></span> <span class='ocrx_word' id='word_1_611' title='bbox 3392 2657 3516 2697; x_wconf 91' lang='lat' dir='ltr'><strong>una</strong></span> 
     </span>
    </p>
   </div>
   <div class='ocr_carea' id='block_1_85' title="bbox 1857 2732 3508 2803">
    <p class='ocr_par' dir='ltr' id='par_1_85' title="bbox 1857 2732 3508 2803">
     <span class='ocr_line' id='line_1_85' title="bbox 1857 2732 3508 2803; baseline -0.001 -15"><span class='ocrx_word' id='word_1_612' title='bbox 1857 2738 1916 2789; x_wconf 91' lang='lat' dir='ltr'><strong>et</strong></span> <span class='ocrx_word' id='word_1_613' title='bbox 1944 2734 2153 2789; x_wconf 89' lang='lat' dir='ltr'><strong>eadem</strong></span> <span class='ocrx_word' id='word_1_614' title='bbox 2174 2735 2332 2789; x_wconf 89' lang='lat' dir='ltr'><strong>estin</strong></span> <span class='ocrx_word' id='word_1_615' title='bbox 2357 2733 2524 2788; x_wconf 89' lang='lat' dir='ltr'><strong>nobis</strong></span> <span class='ocrx_word' id='word_1_616' title='bbox 2548 2732 2841 2787; x_wconf 83' lang='lat' dir='ltr'><strong>divinitas:</strong></span> <span class='ocrx_word' id='word_1_617' title='bbox 2868 2739 2924 2788; x_wconf 89' lang='lat' dir='ltr'><strong>et</strong></span> <span class='ocrx_word' id='word_1_618' title='bbox 2947 2748 3059 2803; x_wconf 88' lang='lat' dir='ltr'><strong>ego</strong></span> <span class='ocrx_word' id='word_1_619' title='bbox 3087 2732 3273 2787; x_wconf 89' lang='lat' dir='ltr'><strong>Patris</strong></span> <span class='ocrx_word' id='word_1_620' title='bbox 3304 2732 3508 2801; x_wconf 84' lang='lat' dir='ltr'><strong>imago</strong></span> 
     </span>
    </p>
   </div>
   <div class='ocr_carea' id='block_1_86' title="bbox 1859 2822 2733 2893">
    <p class='ocr_par' dir='ltr' id='par_1_86' title="bbox 1859 2822 2733 2893">
     <span class='ocr_line' id='line_1_86' title="bbox 1859 2822 2733 2893; baseline -0.003 -15"><span class='ocrx_word' id='word_1_621' title='bbox 1859 2840 2014 2888; x_wconf 91' lang='lat' dir='ltr'><strong>sum,</strong></span> <span class='ocrx_word' id='word_1_622' title='bbox 2046 2838 2149 2893; x_wconf 85' lang='lat' dir='ltr'><strong>per</strong></span> <span class='ocrx_word' id='word_1_623' title='bbox 2178 2822 2477 2878; x_wconf 90' lang='lat' dir='ltr'><strong>omniailli</strong></span> <span class='ocrx_word' id='word_1_624' title='bbox 2507 2822 2733 2877; x_wconf 88' lang='lat' dir='ltr'><strong>similis.</strong></span> 
     </span>
    </p>
   </div>
   <div class='ocr_carea' id='block_1_87' title="bbox 1928 2911 3513 2983">
    <p class='ocr_par' dir='ltr' id='par_1_87' title="bbox 1928 2911 3513 2983">
     <span class='ocr_line' id='line_1_87' title="bbox 1928 2911 3513 2983; baseline -0.001 -17"><span class='ocrx_word' id='word_1_625' title='bbox 1928 2912 2097 2967; x_wconf 87' lang='lat' dir='ltr'><strong>Videt</strong></span> <span class='ocrx_word' id='word_1_626' title='bbox 2136 2917 2331 2967; x_wconf 87' lang='lat' dir='ltr'><strong>autem</strong></span> <span class='ocrx_word' id='word_1_627' title='bbox 2366 2912 2663 2983; x_wconf 88' lang='lat' dir='ltr'><strong>quispiam</strong></span> <span class='ocrx_word' id='word_1_628' title='bbox 2714 2911 2927 2966; x_wconf 87' lang='lat' dir='ltr'><strong>Christi</strong></span> <span class='ocrx_word' id='word_1_629' title='bbox 2975 2911 3355 2975; x_wconf 85' lang='lat' dir='ltr'><strong>divinitatem,</strong></span> <span class='ocrx_word' id='word_1_630' title='bbox 3390 2925 3513 2965; x_wconf 88' lang='lat' dir='ltr'><strong>non</strong></span> 
     </span>
    </p>
   </div>
   <div class='ocr_carea' id='block_1_88' title="bbox 1857 2998 3507 3072">
    <p class='ocr_par' dir='ltr' id='par_1_88' title="bbox 1857 2998 3507 3072">
     <span class='ocr_line' id='line_1_88' title="bbox 1857 2998 3507 3072; baseline -0.003 -14"><span class='ocrx_word' id='word_1_631' title='bbox 1857 3018 1926 3058; x_wconf 83' lang='lat' dir='ltr'><strong>ex</strong></span> <span class='ocrx_word' id='word_1_632' title='bbox 1958 3007 2169 3058; x_wconf 88' lang='lat' dir='ltr'><strong>natura</strong></span> <span class='ocrx_word' id='word_1_633' title='bbox 2199 3017 2308 3055; x_wconf 90' lang='lat' dir='ltr'><strong>sua</strong></span> <span class='ocrx_word' id='word_1_634' title='bbox 2342 3018 2355 3065; x_wconf 85' lang='lat'><strong>;</strong></span> <span class='ocrx_word' id='word_1_635' title='bbox 2383 3001 2586 3055; x_wconf 83' lang='lat' dir='ltr'><strong>divina</strong></span> <span class='ocrx_word' id='word_1_636' title='bbox 2619 3000 2917 3072; x_wconf 90' lang='lat' dir='ltr'><strong>siquidem</strong></span> <span class='ocrx_word' id='word_1_637' title='bbox 2950 3006 3164 3056; x_wconf 91' lang='lat' dir='ltr'><strong>natura</strong></span> <span class='ocrx_word' id='word_1_638' title='bbox 3194 2998 3507 3054; x_wconf 84' lang='lat' dir='ltr'><strong>invisibilis</strong></span> 
     </span>
    </p>
   </div>
   <div class='ocr_carea' id='block_1_89' title="bbox 1856 3089 3515 3162">
    <p class='ocr_par' dir='ltr' id='par_1_89' title="bbox 1856 3089 3515 3162">
     <span class='ocr_line' id='line_1_89' title="bbox 1856 3089 3515 3162; baseline -0.003 -15"><span class='ocrx_word' id='word_1_639' title='bbox 1856 3096 1964 3159; x_wconf 89' lang='lat' dir='ltr'><strong>est,</strong></span> <span class='ocrx_word' id='word_1_640' title='bbox 1993 3108 2062 3147; x_wconf 89' lang='lat' dir='ltr'><strong>ac</strong></span> <span class='ocrx_word' id='word_1_641' title='bbox 2081 3089 2731 3162; x_wconf 83' lang='lat' dir='ltr'><strong>penitusintelligibilis,</strong></span> <span class='ocrx_word' id='word_1_642' title='bbox 2758 3090 2930 3161; x_wconf 83' lang='lat' dir='ltr'><strong>juxta</strong></span> <span class='ocrx_word' id='word_1_643' title='bbox 2952 3090 3116 3147; x_wconf 90' lang='lat' dir='ltr'><strong>illud:</strong></span> <span class='ocrx_word' id='word_1_644' title='bbox 3146 3090 3321 3147; x_wconf 81' lang='lat' dir='ltr'><strong>Deum</strong></span> <span class='ocrx_word' id='word_1_645' title='bbox 3344 3103 3515 3145; x_wconf 81' lang='lat' dir='ltr'><strong>nemo</strong></span> 
     </span>
    </p>
   </div>
   <div class='ocr_carea' id='block_1_90' title="bbox 1806 3179 3519 3252">
    <p class='ocr_par' dir='ltr' id='par_1_90' title="bbox 1806 3179 3519 3252">
     <span class='ocr_line' id='line_1_90' title="bbox 1806 3179 3519 3252; baseline -0.004 -14"><span class='ocrx_word' id='word_1_646' title='bbox 1806 3217 1821 3252; x_wconf 54' lang='grc' dir='ltr'>γ</span> <span class='ocrx_word' id='word_1_647' title='bbox 1857 3182 1997 3238; x_wconf 85' lang='lat' dir='ltr'><strong>vidit</strong></span> <span class='ocrx_word' id='word_1_648' title='bbox 2026 3180 2472 3252; x_wconf 49' lang='lat' dir='ltr'><strong>unquam-“ﬁed</strong></span> <span class='ocrx_word' id='word_1_649' title='bbox 2499 3196 2571 3235; x_wconf 85' lang='lat' dir='ltr'><strong>ex</strong></span> <span class='ocrx_word' id='word_1_650' title='bbox 2592 3180 2873 3250; x_wconf 87' lang='lat' dir='ltr'><strong>operibus</strong></span> <span class='ocrx_word' id='word_1_651' title='bbox 2895 3179 3110 3235; x_wconf 87' lang='lat' dir='ltr'><strong>divinis</strong></span> <span class='ocrx_word' id='word_1_652' title='bbox 3134 3179 3377 3251; x_wconf 87' lang='lat' dir='ltr'><strong>ejusque</strong></span> <span class='ocrx_word' id='word_1_653' title='bbox 3400 3192 3519 3232; x_wconf 86' lang='lat' dir='ltr'><strong>ser-</strong></span> 
     </span>
    </p>
   </div>
   <div class='ocr_carea' id='block_1_91' title="bbox 1860 3271 2157 3327">
    <p class='ocr_par' dir='ltr' id='par_1_91' title="bbox 1860 3271 2157 3327">
     <span class='ocr_line' id='line_1_91' title="bbox 1860 3271 2157 3327; baseline -0.013 0"><span class='ocrx_word' id='word_1_654' title='bbox 1860 3271 2157 3327; x_wconf 90' lang='lat' dir='ltr'><strong>monibus.</strong></span> 
     </span>
    </p>
   </div>
   <div class='ocr_carea' id='block_1_92' title="bbox 1928 3443 3511 3517">
    <p class='ocr_par' dir='ltr' id='par_1_92' title="bbox 1928 3443 3511 3517">
     <span class='ocr_line' id='line_1_92' title="bbox 1928 3443 3511 3517; baseline -0.002 -18"><span class='ocrx_word' id='word_1_655' title='bbox 1928 3450 2092 3504; x_wconf 86' lang='lat' dir='ltr'><strong>Vers.</strong></span> <span class='ocrx_word' id='word_1_656' title='bbox 2125 3450 2213 3502; x_wconf 88' lang='grc'><strong>46.</strong></span> <span class='ocrx_word' id='word_1_657' title='bbox 2246 3448 2372 3517; x_wconf 80' lang='lat' dir='ltr'><strong>Ego</strong></span> <span class='ocrx_word' id='word_1_658' title='bbox 2396 3478 2463 3487; x_wconf 91' lang='lat'>—</span> <span class='ocrx_word' id='word_1_659' title='bbox 2488 3446 2634 3503; x_wconf 87' lang='lat' dir='ltr'><strong>veni.</strong></span> <span class='ocrx_word' id='word_1_660' title='bbox 2672 3448 2791 3501; x_wconf 80' lang='lat' dir='ltr'><strong>Lux</strong></span> <span class='ocrx_word' id='word_1_661' title='bbox 2817 3444 3234 3503; x_wconf 85' lang='lat' dir='ltr'><strong>intellectualis</strong></span> <span class='ocrx_word' id='word_1_662' title='bbox 3270 3443 3511 3499; x_wconf 89' lang='lat' dir='ltr'><strong>solvens</strong></span> 
     </span>
    </p>
   </div>
   <div class='ocr_carea' id='block_1_93' title="bbox 1858 3532 3518 3608">
    <p class='ocr_par' dir='ltr' id='par_1_93' title="bbox 1858 3532 3518 3608">
     <span class='ocr_line' id='line_1_93' title="bbox 1858 3532 3518 3608; baseline -0.004 -15"><span class='ocrx_word' id='word_1_663' title='bbox 1858 3537 2128 3593; x_wconf 88' lang='lat' dir='ltr'><strong>tenebras</strong></span> <span class='ocrx_word' id='word_1_664' title='bbox 2153 3537 2500 3595; x_wconf 88' lang='lat' dir='ltr'><strong>intellectus.</strong></span> <span class='ocrx_word' id='word_1_665' title='bbox 2534 3553 2636 3608; x_wconf 89' lang='lat' dir='ltr'><strong>per</strong></span> <span class='ocrx_word' id='word_1_666' title='bbox 2654 3536 2862 3591; x_wconf 86' lang='lat' dir='ltr'><strong>divina</strong></span> <span class='ocrx_word' id='word_1_667' title='bbox 2890 3552 3073 3607; x_wconf 89' lang='lat' dir='ltr'><strong>opera</strong></span> <span class='ocrx_word' id='word_1_668' title='bbox 3105 3550 3174 3589; x_wconf 90' lang='lat' dir='ltr'><strong>ac</strong></span> <span class='ocrx_word' id='word_1_669' title='bbox 3196 3532 3399 3597; x_wconf 88' lang='lat' dir='ltr'><strong>verba,</strong></span> <span class='ocrx_word' id='word_1_670' title='bbox 3430 3532 3518 3587; x_wconf 92' lang='lat' dir='ltr'><strong>di-</strong></span> 
     </span>
    </p>
   </div>
   <div class='ocr_carea' id='block_1_94' title="bbox 1854 3624 3114 3682">
    <p class='ocr_par' dir='ltr' id='par_1_94' title="bbox 1854 3624 3114 3682">
     <span class='ocr_line' id='line_1_94' title="bbox 1854 3624 3114 3682; baseline 0 -1"><span class='ocrx_word' id='word_1_671' title='bbox 1854 3626 2115 3681; x_wconf 89' lang='lat' dir='ltr'><strong>vinitatis</strong></span> <span class='ocrx_word' id='word_1_672' title='bbox 2137 3625 2336 3681; x_wconf 89' lang='lat' dir='ltr'><strong>radios</strong></span> <span class='ocrx_word' id='word_1_673' title='bbox 2364 3626 2525 3681; x_wconf 90' lang='lat' dir='ltr'><strong>sanis</strong></span> <span class='ocrx_word' id='word_1_674' title='bbox 2556 3625 2873 3682; x_wconf 88' lang='lat' dir='ltr'><strong>ostendens</strong></span> <span class='ocrx_word' id='word_1_675' title='bbox 2908 3624 3114 3681; x_wconf 90' lang='lat' dir='ltr'><strong>oculis.</strong></span> 
     </span>
    </p>
   </div>
   <div class='ocr_carea' id='block_1_95' title="bbox 1928 3713 3513 3782">
    <p class='ocr_par' dir='ltr' id='par_1_95' title="bbox 1928 3713 3513 3782">
     <span class='ocr_line' id='line_1_95' title="bbox 1928 3713 3513 3782; baseline -0.002 -13"><span class='ocrx_word' id='word_1_676' title='bbox 1928 3718 2084 3771; x_wconf 89' lang='lat' dir='ltr'><strong>Vers.</strong></span> <span class='ocrx_word' id='word_1_677' title='bbox 2111 3718 2195 3771; x_wconf 81' lang='grc'>46.</span> <span class='ocrx_word' id='word_1_678' title='bbox 2238 3716 2310 3770; x_wconf 86' lang='lat' dir='ltr'><strong>Ut</strong></span> <span class='ocrx_word' id='word_1_679' title='bbox 2330 3745 2391 3755; x_wconf 88' lang='lat'><strong>-</strong></span> <span class='ocrx_word' id='word_1_680' title='bbox 2411 3722 2667 3771; x_wconf 86' lang='lat' dir='ltr'><strong>maneat.</strong></span> <span class='ocrx_word' id='word_1_681' title='bbox 2701 3716 2841 3780; x_wconf 70' lang='lat' dir='ltr'><strong>Quae</strong></span> <span class='ocrx_word' id='word_1_682' title='bbox 2866 3719 3007 3769; x_wconf 89' lang='lat' dir='ltr'><strong>sunt</strong></span> <span class='ocrx_word' id='word_1_683' title='bbox 3035 3713 3095 3767; x_wconf 91' lang='lat' dir='ltr'><strong>in</strong></span> <span class='ocrx_word' id='word_1_684' title='bbox 3118 3726 3315 3768; x_wconf 90' lang='lat' dir='ltr'><strong>errore</strong></span> <span class='ocrx_word' id='word_1_685' title='bbox 3368 3724 3513 3782; x_wconf 89' lang='lat' dir='ltr'><strong>pec-</strong></span> 
     </span>
    </p>
   </div>
   <div class='ocr_carea' id='block_1_96' title="bbox 1854 3799 3495 3875">
    <p class='ocr_par' dir='ltr' id='par_1_96' title="bbox 1854 3799 3495 3875">
     <span class='ocr_line' id='line_1_96' title="bbox 1854 3799 3495 3875; baseline -0.004 -15"><span class='ocrx_word' id='word_1_686' title='bbox 1854 3805 1988 3860; x_wconf 87' lang='lat' dir='ltr'><strong>cati.</strong></span> <span class='ocrx_word' id='word_1_687' title='bbox 2024 3804 2383 3875; x_wconf 89' lang='lat' dir='ltr'><strong>Frequenter</strong></span> <span class='ocrx_word' id='word_1_688' title='bbox 2420 3805 2589 3858; x_wconf 89' lang='lat' dir='ltr'><strong>etiam</strong></span> <span class='ocrx_word' id='word_1_689' title='bbox 2638 3804 2848 3859; x_wconf 87' lang='lat' dir='ltr'><strong>eadem</strong></span> <span class='ocrx_word' id='word_1_690' title='bbox 2882 3800 3271 3858; x_wconf 89' lang='lat' dir='ltr'><strong>contestando</strong></span> <span class='ocrx_word' id='word_1_691' title='bbox 3333 3799 3495 3865; x_wconf 90' lang='lat' dir='ltr'><strong>dicit,</strong></span> 
     </span>
    </p>
   </div>
   <div class='ocr_carea' id='block_1_97' title="bbox 1855 3889 3515 3954">
    <p class='ocr_par' dir='ltr' id='par_1_97' title="bbox 1855 3889 3515 3954">
     <span class='ocr_line' id='line_1_97' title="bbox 1855 3889 3515 3954; baseline -0.003 -7"><span class='ocrx_word' id='word_1_692' title='bbox 1855 3894 2200 3948; x_wconf 83' lang='lat' dir='ltr'><strong>assiduitate</strong></span> <span class='ocrx_word' id='word_1_693' title='bbox 2223 3893 2424 3947; x_wconf 88' lang='lat' dir='ltr'><strong>volens</strong></span> <span class='ocrx_word' id='word_1_694' title='bbox 2451 3893 2670 3947; x_wconf 87' lang='lat' dir='ltr'><strong>durum</strong></span> <span class='ocrx_word' id='word_1_695' title='bbox 2710 3892 2945 3947; x_wconf 89' lang='lat' dir='ltr'><strong>illorum</strong></span> <span class='ocrx_word' id='word_1_696' title='bbox 2977 3907 3078 3947; x_wconf 91' lang='lat' dir='ltr'><strong>cor</strong></span> <span class='ocrx_word' id='word_1_697' title='bbox 3123 3889 3409 3954; x_wconf 87' lang='lat' dir='ltr'><strong>emollire,</strong></span> <span class='ocrx_word' id='word_1_698' title='bbox 3460 3890 3515 3943; x_wconf 88' lang='lat' dir='ltr'><strong>et</strong></span> 
     </span>
    </p>
   </div>
   <div class='ocr_carea' id='block_1_98' title="bbox 1854 3980 3514 4053">
    <p class='ocr_par' dir='ltr' id='par_1_98' title="bbox 1854 3980 3514 4053">
     <span class='ocr_line' id='line_1_98' title="bbox 1854 3980 3514 4053; baseline -0.002 -17"><span class='ocrx_word' id='word_1_699' title='bbox 1854 3982 2143 4053; x_wconf 84' lang='lat' dir='ltr'><strong>quidquid</strong></span> <span class='ocrx_word' id='word_1_700' title='bbox 2168 3981 2243 4036; x_wconf 91' lang='lat' dir='ltr'><strong>ad</strong></span> <span class='ocrx_word' id='word_1_701' title='bbox 2277 3998 2340 4036; x_wconf 90' lang='lat' dir='ltr'><strong>se</strong></span> <span class='ocrx_word' id='word_1_702' title='bbox 2362 3982 2584 4046; x_wconf 88' lang='lat' dir='ltr'><strong>attinet,</strong></span> <span class='ocrx_word' id='word_1_703' title='bbox 2618 3982 2677 4035; x_wconf 92' lang='lat' dir='ltr'><strong>in</strong></span> <span class='ocrx_word' id='word_1_704' title='bbox 2712 3981 2975 4037; x_wconf 92' lang='lat' dir='ltr'><strong>medium</strong></span> <span class='ocrx_word' id='word_1_705' title='bbox 2998 3980 3302 4035; x_wconf 84' lang='lat' dir='ltr'><strong>adducens</strong></span> <span class='ocrx_word' id='word_1_706' title='bbox 3332 3995 3343 4032; x_wconf 95' lang='lat'><strong>:</strong></span> <span class='ocrx_word' id='word_1_707' title='bbox 3377 3992 3514 4049; x_wconf 86' lang='lat' dir='ltr'><strong>pro-</strong></span> 
     </span>
    </p>
   </div>
   <div class='ocr_carea' id='block_1_99' title="bbox 1855 4070 2944 4143">
    <p class='ocr_par' dir='ltr' id='par_1_99' title="bbox 1855 4070 2944 4143">
     <span class='ocr_line' id='line_1_99' title="bbox 1855 4070 2944 4143; baseline -0.004 -17"><span class='ocrx_word' id='word_1_708' title='bbox 1855 4077 2058 4142; x_wconf 88' lang='lat' dir='ltr'><strong>pterea</strong></span> <span class='ocrx_word' id='word_1_709' title='bbox 2088 4070 2381 4143; x_wconf 90' lang='lat' dir='ltr'><strong>siquidem</strong></span> <span class='ocrx_word' id='word_1_710' title='bbox 2412 4071 2592 4126; x_wconf 87' lang='lat' dir='ltr'><strong>etiam</strong></span> <span class='ocrx_word' id='word_1_711' title='bbox 2623 4070 2944 4126; x_wconf 87' lang='lat' dir='ltr'><strong>clamabat.</strong></span> 
     </span>
    </p>
   </div>
   <div class='ocr_carea' id='block_1_100' title="bbox 1928 4156 3263 4229">
    <p class='ocr_par' dir='ltr' id='par_1_100' title="bbox 1928 4156 3263 4229">
     <span class='ocr_line' id='line_1_100' title="bbox 1928 4156 3263 4229; baseline -0.001 -16"><span class='ocrx_word' id='word_1_712' title='bbox 1928 4161 2083 4216; x_wconf 86' lang='lat' dir='ltr'><strong>Vers.</strong></span> <span class='ocrx_word' id='word_1_713' title='bbox 2113 4164 2198 4215; x_wconf 75' lang='grc'><strong>47.</strong></span> <span class='ocrx_word' id='word_1_714' title='bbox 2228 4161 2305 4215; x_wconf 87' lang='lat' dir='ltr'><strong>Et</strong></span> <span class='ocrx_word' id='word_1_715' title='bbox 2350 4191 2416 4200; x_wconf 91' lang='lat'><strong><em>—</em></strong></span> <span class='ocrx_word' id='word_1_716' title='bbox 2442 4175 2593 4215; x_wconf 88' lang='lat' dir='ltr'><strong>eum.</strong></span> <span class='ocrx_word' id='word_1_717' title='bbox 2624 4161 2691 4217; x_wconf 93' lang='lat' dir='ltr'><strong>In</strong></span> <span class='ocrx_word' id='word_1_718' title='bbox 2722 4158 2994 4229; x_wconf 72' lang='lat' dir='ltr'><strong>praesenti</strong></span> <span class='ocrx_word' id='word_1_719' title='bbox 3026 4156 3263 4213; x_wconf 70' lang='lat' dir='ltr'><strong>saeculo.</strong></span> 
     </span>
    </p>
   </div>
   <div class='ocr_carea' id='block_1_101' title="bbox 1928 4244 3513 4319">
    <p class='ocr_par' dir='ltr' id='par_1_101' title="bbox 1928 4244 3513 4319">
     <span class='ocr_line' id='line_1_101' title="bbox 1928 4244 3513 4319; baseline -0.001 -17"><span class='ocrx_word' id='word_1_720' title='bbox 1928 4248 2091 4303; x_wconf 85' lang='lat' dir='ltr'><strong>Vers.</strong></span> <span class='ocrx_word' id='word_1_721' title='bbox 2126 4253 2219 4304; x_wconf 84' lang='grc'>47.</span> <span class='ocrx_word' id='word_1_722' title='bbox 2258 4250 2549 4319; x_wconf 84' lang='lat' dir='ltr'><strong>Neque—</strong></span> <span class='ocrx_word' id='word_1_723' title='bbox 2586 4248 2889 4304; x_wconf 84' lang='lat' dir='ltr'><strong>mundum.</strong></span> <span class='ocrx_word' id='word_1_724' title='bbox 2925 4247 3081 4302; x_wconf 79' lang='lat' dir='ltr'><strong>Dixit</strong></span> <span class='ocrx_word' id='word_1_725' title='bbox 3108 4247 3291 4302; x_wconf 89' lang='lat' dir='ltr'><strong>etiam</strong></span> <span class='ocrx_word' id='word_1_726' title='bbox 3344 4244 3513 4301; x_wconf 88' lang='lat' dir='ltr'><strong>tertio</strong></span> 
     </span>
    </p>
   </div>
   <div class='ocr_carea' id='block_1_102' title="bbox 1857 4335 3510 4410">
    <p class='ocr_par' dir='ltr' id='par_1_102' title="bbox 1857 4335 3510 4410">
     <span class='ocr_line' id='line_1_102' title="bbox 1857 4335 3510 4410; baseline -0.004 -16"><span class='ocrx_word' id='word_1_727' title='bbox 1857 4339 2067 4410; x_wconf 86' lang='lat' dir='ltr'><strong>capite:</strong></span> <span class='ocrx_word' id='word_1_728' title='bbox 2102 4340 2235 4395; x_wconf 90' lang='lat' dir='ltr'><strong>Non</strong></span> <span class='ocrx_word' id='word_1_729' title='bbox 2268 4339 2414 4393; x_wconf 88' lang='lat' dir='ltr'><strong>misit</strong></span> <span class='ocrx_word' id='word_1_730' title='bbox 2444 4340 2595 4393; x_wconf 79' lang='lat' dir='ltr'><strong>Deus</strong></span> <span class='ocrx_word' id='word_1_731' title='bbox 2618 4338 2829 4393; x_wconf 80' lang='lat' dir='ltr'><strong>Filium</strong></span> <span class='ocrx_word' id='word_1_732' title='bbox 2854 4353 3021 4392; x_wconf 79' lang='lat' dir='ltr'><strong>suum</strong></span> <span class='ocrx_word' id='word_1_733' title='bbox 3048 4337 3111 4391; x_wconf 85' lang='lat' dir='ltr'><strong>in</strong></span> <span class='ocrx_word' id='word_1_734' title='bbox 3133 4335 3510 4401; x_wconf 85' lang='lat' dir='ltr'><strong>mundum,ut</strong></span> 
     </span>
    </p>
   </div>
   <div class='ocr_carea' id='block_1_103' title="bbox 1858 4424 3518 4495">
    <p class='ocr_par' dir='ltr' id='par_1_103' title="bbox 1858 4424 3518 4495">
     <span class='ocr_line' id='line_1_103' title="bbox 1858 4424 3518 4495; baseline -0.004 -12"><span class='ocrx_word' id='word_1_735' title='bbox 1858 4429 2202 4484; x_wconf 85' lang='lat' dir='ltr'><strong>condemnet</strong></span> <span class='ocrx_word' id='word_1_736' title='bbox 2249 4428 2550 4495; x_wconf 87' lang='lat' dir='ltr'><strong>mundum,</strong></span> <span class='ocrx_word' id='word_1_737' title='bbox 2576 4427 2679 4482; x_wconf 86' lang='lat' dir='ltr'><strong>sed</strong></span> <span class='ocrx_word' id='word_1_738' title='bbox 2724 4432 2785 4481; x_wconf 86' lang='lat' dir='ltr'><strong>ut</strong></span> <span class='ocrx_word' id='word_1_739' title='bbox 2821 4426 3083 4482; x_wconf 84' lang='lat' dir='ltr'><strong>salvetur</strong></span> <span class='ocrx_word' id='word_1_740' title='bbox 3121 4424 3378 4479; x_wconf 83' lang='lat' dir='ltr'><strong>mundus</strong></span> <span class='ocrx_word' id='word_1_741' title='bbox 3407 4438 3518 4491; x_wconf 83' lang='lat' dir='ltr'><strong>per</strong></span> 
     </span>
    </p>
   </div>
   <div class='ocr_carea' id='block_1_104' title="bbox 1858 4514 3518 4589">
    <p class='ocr_par' dir='ltr' id='par_1_104' title="bbox 1858 4514 3518 4589">
     <span class='ocr_line' id='line_1_104' title="bbox 1858 4514 3518 4589; baseline -0.004 -16"><span class='ocrx_word' id='word_1_742' title='bbox 1858 4532 1986 4573; x_wconf 90' lang='lat' dir='ltr'><strong>eum</strong></span> <span class='ocrx_word' id='word_1_743' title='bbox 2019 4519 2064 4552; x_wconf 70' lang='lat'><strong>59</strong></span> <span class='ocrx_word' id='word_1_744' title='bbox 2098 4534 2108 4570; x_wconf 95' lang='lat'><em>:</em></span> <span class='ocrx_word' id='word_1_745' title='bbox 2138 4522 2195 4571; x_wconf 90' lang='lat' dir='ltr'><strong>et</strong></span> <span class='ocrx_word' id='word_1_746' title='bbox 2222 4517 2299 4572; x_wconf 91' lang='lat' dir='ltr'><strong>ibi</strong></span> <span class='ocrx_word' id='word_1_747' title='bbox 2332 4532 2573 4589; x_wconf 89' lang='lat' dir='ltr'><strong>quoque</strong></span> <span class='ocrx_word' id='word_1_748' title='bbox 2608 4516 2735 4585; x_wconf 84' lang='lat' dir='ltr'><strong>lege</strong></span> <span class='ocrx_word' id='word_1_749' title='bbox 2774 4514 3213 4571; x_wconf 83' lang='lat' dir='ltr'><strong>enarrationem</strong></span> <span class='ocrx_word' id='word_1_750' title='bbox 3245 4528 3382 4584; x_wconf 68' lang='lat' dir='ltr'><strong>quae</strong></span> <span class='ocrx_word' id='word_1_751' title='bbox 3418 4527 3518 4584; x_wconf 90' lang='lat' dir='ltr'><strong>0p-</strong></span> 
     </span>
    </p>
   </div>
   <div class='ocr_carea' id='block_1_105' title="bbox 1860 4606 2127 4661">
    <p class='ocr_par' dir='ltr' id='par_1_105' title="bbox 1860 4606 2127 4661">
     <span class='ocr_line' id='line_1_105' title="bbox 1860 4606 2127 4661; baseline -0.007 -1"><span class='ocrx_word' id='word_1_752' title='bbox 1860 4606 1995 4661; x_wconf 90' lang='lat' dir='ltr'><strong>tima</strong></span> <span class='ocrx_word' id='word_1_753' title='bbox 2020 4613 2127 4661; x_wconf 91' lang='lat' dir='ltr'><strong>est.</strong></span> 
     </span>
    </p>
   </div>
   <div class='ocr_carea' id='block_1_106' title="bbox 1930 4689 3514 4761">
    <p class='ocr_par' dir='ltr' id='par_1_106' title="bbox 1930 4689 3514 4761">
     <span class='ocr_line' id='line_1_106' title="bbox 1930 4689 3514 4761; baseline -0.004 -12"><span class='ocrx_word' id='word_1_754' title='bbox 1930 4695 2089 4749; x_wconf 90' lang='lat' dir='ltr'><strong>Vcrs.</strong></span> <span class='ocrx_word' id='word_1_755' title='bbox 2140 4699 2227 4750; x_wconf 81' lang='grc'>48.</span> <span class='ocrx_word' id='word_1_756' title='bbox 2264 4694 2378 4761; x_wconf 85' lang='lat' dir='ltr'><strong>Qui</strong></span> <span class='ocrx_word' id='word_1_757' title='bbox 2414 4723 2481 4734; x_wconf 98' lang='lat'><strong>—</strong></span> <span class='ocrx_word' id='word_1_758' title='bbox 2534 4692 2747 4759; x_wconf 87' lang='lat' dir='ltr'><strong>ipsum.</strong></span> <span class='ocrx_word' id='word_1_759' title='bbox 2810 4690 2915 4757; x_wconf 86' lang='lat' dir='ltr'><strong>Qui</strong></span> <span class='ocrx_word' id='word_1_760' title='bbox 2967 4689 3106 4744; x_wconf 91' lang='lat' dir='ltr'><strong>mihi</strong></span> <span class='ocrx_word' id='word_1_761' title='bbox 3139 4704 3260 4744; x_wconf 90' lang='lat' dir='ltr'><strong>non</strong></span> <span class='ocrx_word' id='word_1_762' title='bbox 3320 4692 3514 4759; x_wconf 87' lang='lat' dir='ltr'><strong>paret,</strong></span> 
     </span>
    </p>
   </div>
   <div class='ocr_carea' id='block_1_107' title="bbox 1858 4777 3519 4855">
    <p class='ocr_par' dir='ltr' id='par_1_107' title="bbox 1858 4777 3519 4855">
     <span class='ocr_line' id='line_1_107' title="bbox 1858 4777 3519 4855; baseline -0.005 -17"><span class='ocrx_word' id='word_1_763' title='bbox 1858 4798 1968 4839; x_wconf 90' lang='lat' dir='ltr'><strong>nec</strong></span> <span class='ocrx_word' id='word_1_764' title='bbox 2013 4781 2463 4855; x_wconf 60' lang='lat' dir='ltr'><strong>suspicit,verba</strong></span> <span class='ocrx_word' id='word_1_765' title='bbox 2490 4797 2643 4845; x_wconf 88' lang='lat' dir='ltr'><strong>mea,</strong></span> <span class='ocrx_word' id='word_1_766' title='bbox 2676 4779 2853 4835; x_wconf 88' lang='lat' dir='ltr'><strong>habet</strong></span> <span class='ocrx_word' id='word_1_767' title='bbox 2882 4779 2981 4851; x_wconf 88' lang='lat' dir='ltr'><strong>qui</strong></span> <span class='ocrx_word' id='word_1_768' title='bbox 3012 4794 3073 4833; x_wconf 92' lang='lat' dir='ltr'><strong>se</strong></span> <span class='ocrx_word' id='word_1_769' title='bbox 3103 4777 3417 4834; x_wconf 86' lang='lat' dir='ltr'><strong>convincat</strong></span> <span class='ocrx_word' id='word_1_770' title='bbox 3447 4791 3519 4831; x_wconf 91' lang='lat' dir='ltr'><strong>ac</strong></span> 
     </span>
    </p>
   </div>
   <div class='ocr_carea' id='block_1_108' title="bbox 1859 4868 3123 4942">
    <p class='ocr_par' dir='ltr' id='par_1_108' title="bbox 1859 4868 3123 4942">
     <span class='ocr_line' id='line_1_108' title="bbox 1859 4868 3123 4942; baseline -0.005 -14"><span class='ocrx_word' id='word_1_771' title='bbox 1859 4872 2219 4929; x_wconf 88' lang='lat' dir='ltr'><strong>condemnet</strong></span> <span class='ocrx_word' id='word_1_772' title='bbox 2252 4889 2264 4938; x_wconf 90' lang='lat'><strong>;</strong></span> <span class='ocrx_word' id='word_1_773' title='bbox 2297 4871 2431 4942; x_wconf 89' lang='lat' dir='ltr'><strong>quis</strong></span> <span class='ocrx_word' id='word_1_774' title='bbox 2462 4870 2533 4925; x_wconf 89' lang='lat' dir='ltr'><strong>sit</strong></span> <span class='ocrx_word' id='word_1_775' title='bbox 2556 4874 2756 4925; x_wconf 88' lang='lat' dir='ltr'><strong>autem</strong></span> <span class='ocrx_word' id='word_1_776' title='bbox 2786 4868 2861 4933; x_wconf 88' lang='lat' dir='ltr'><strong>is,</strong></span> <span class='ocrx_word' id='word_1_777' title='bbox 2896 4868 3123 4924; x_wconf 90' lang='lat' dir='ltr'><strong>audito.</strong></span> 
     </span>
    </p>
   </div>
   <div class='ocr_carea' id='block_1_109' title="bbox 1934 4954 3512 5023">
    <p class='ocr_par' dir='ltr' id='par_1_109' title="bbox 1934 4954 3512 5023">
     <span class='ocr_line' id='line_1_109' title="bbox 1934 4954 3512 5023; baseline -0.003 -9"><span class='ocrx_word' id='word_1_778' title='bbox 1934 4961 2093 5015; x_wconf 85' lang='lat' dir='ltr'><strong>Vers.</strong></span> <span class='ocrx_word' id='word_1_779' title='bbox 2127 4963 2215 5016; x_wconf 82' lang='grc'><strong>48.</strong></span> <span class='ocrx_word' id='word_1_780' title='bbox 2257 4960 2463 5016; x_wconf 89' lang='lat' dir='ltr'><strong>Sermo</strong></span> <span class='ocrx_word' id='word_1_781' title='bbox 2503 4988 2571 4999; x_wconf 90' lang='lat'>—</span> <span class='ocrx_word' id='word_1_782' title='bbox 2599 4957 2705 5013; x_wconf 85' lang='lat' dir='ltr'><strong>die.</strong></span> <span class='ocrx_word' id='word_1_783' title='bbox 2742 4958 2886 5023; x_wconf 84' lang='lat' dir='ltr'><strong>Quis</strong></span> <span class='ocrx_word' id='word_1_784' title='bbox 2921 4960 3114 5013; x_wconf 87' lang='lat' dir='ltr'><strong>autem</strong></span> <span class='ocrx_word' id='word_1_785' title='bbox 3145 4954 3219 5011; x_wconf 89' lang='lat' dir='ltr'><strong>sit</strong></span> <span class='ocrx_word' id='word_1_786' title='bbox 3246 4954 3343 5011; x_wconf 86' lang='lat' dir='ltr'><strong>hic</strong></span> <span class='ocrx_word' id='word_1_787' title='bbox 3392 4968 3512 5010; x_wconf 87' lang='lat' dir='ltr'><strong>ser-</strong></span> 
     </span>
    </p>
   </div>
   <div class='ocr_carea' id='block_1_110' title="bbox 1863 5049 2272 5119">
    <p class='ocr_par' dir='ltr' id='par_1_110' title="bbox 1863 5049 2272 5119">
     <span class='ocr_line' id='line_1_110' title="bbox 1863 5049 2272 5119; baseline -0.002 -15"><span class='ocrx_word' id='word_1_788' title='bbox 1863 5066 1972 5119; x_wconf 91' lang='lat' dir='ltr'><strong>m0,</strong></span> <span class='ocrx_word' id='word_1_789' title='bbox 2009 5049 2272 5105; x_wconf 84' lang='lat' dir='ltr'><strong>adverte.</strong></span> 
     </span>
    </p>
   </div>
   <div class='ocr_carea' id='block_1_111' title="bbox 1875 5228 2365 5293">
    <p class='ocr_par' dir='ltr' id='par_1_111' title="bbox 1875 5228 2365 5293">
     <span class='ocr_line' id='line_1_111' title="bbox 1875 5228 2365 5293; baseline 0.002 -10"><span class='ocrx_word' id='word_1_790' title='bbox 1875 5230 1921 5264; x_wconf 74' lang='lat'><strong>‘9</strong></span> <span class='ocrx_word' id='word_1_791' title='bbox 1944 5228 2117 5285; x_wconf 89' lang='lat' dir='ltr'><strong>Joan.</strong></span> <span class='ocrx_word' id='word_1_792' title='bbox 2151 5244 2232 5293; x_wconf 87' lang='grc' dir='ltr'>ιιι,</span> <span class='ocrx_word' id='word_1_793' title='bbox 2277 5228 2365 5293; x_wconf 76' lang='lat' dir='ltr'><strong>i7,</strong></span> 
     </span>
    </p>
   </div>
   <div class='ocr_carea' id='block_1_112' title="bbox 1381 5407 2307 5475">
    <p class='ocr_par' dir='ltr' id='par_1_112' title="bbox 1381 5407 2307 5475">
     <span class='ocr_line' id='line_1_112' title="bbox 1381 5407 2307 5475; baseline -0.004 0"><span class='ocrx_word' id='word_1_794' title='bbox 1381 5407 1603 5475; x_wconf 78' lang='lat' dir='ltr'><strong>Variae</strong></span> <span class='ocrx_word' id='word_1_795' title='bbox 1634 5407 1960 5475; x_wconf 87' lang='lat' dir='ltr'><strong>lectiones</strong></span> <span class='ocrx_word' id='word_1_796' title='bbox 2009 5417 2075 5474; x_wconf 91' lang='lat' dir='ltr'><strong>et</strong></span> <span class='ocrx_word' id='word_1_797' title='bbox 2104 5415 2307 5474; x_wconf 69' lang='lat' dir='ltr'><strong>notae.</strong></span> 
     </span>
    </p>
   </div>
   <div class='ocr_carea' id='block_1_113' title="bbox 212 5598 1747 5680">
    <p class='ocr_par' dir='ltr' id='par_1_113' title="bbox 212 5598 1747 5680">
     <span class='ocr_line' id='line_1_113' title="bbox 212 5598 1747 5680; baseline 0.005 -27"><span class='ocrx_word' id='word_1_798' title='bbox 212 5598 339 5680; x_wconf 37' lang='lat'><strong>.(83)</strong></span> <span class='ocrx_word' id='word_1_799' title='bbox 377 5599 700 5680; x_wconf 67' lang='lat' dir='ltr'><strong>Genitivum</strong></span> <span class='ocrx_word' id='word_1_800' title='bbox 737 5601 920 5680; x_wconf 80' lang='lat' dir='ltr'><strong>habet</strong></span> <span class='ocrx_word' id='word_1_801' title='bbox 949 5604 1314 5680; x_wconf 72' lang='lat' dir='ltr'><strong>Hentenius._</strong></span> <span class='ocrx_word' id='word_1_802' title='bbox 1335 5603 1446 5661; x_wconf 92' lang='lat' dir='ltr'><strong>Sed</strong></span> <span class='ocrx_word' id='word_1_803' title='bbox 1477 5604 1747 5680; x_wconf 81' lang='lat' dir='ltr'><strong>dativum</strong></span> 
     </span>
    </p>
   </div>
   <div class='ocr_carea' id='block_1_114' title="bbox 175 5673 1748 5802">
    <p class='ocr_par' dir='ltr' id='par_1_114' title="bbox 175 5673 1748 5802">
     <span class='ocr_line' id='line_1_114' title="bbox 175 5673 1748 5749; baseline 0.004 -24"><span class='ocrx_word' id='word_1_804' title='bbox 175 5673 385 5727; x_wconf 89' lang='lat' dir='ltr'><strong>videtur</strong></span> <span class='ocrx_word' id='word_1_805' title='bbox 428 5673 773 5745; x_wconf 87' lang='lat' dir='ltr'><strong>Euthymius</strong></span> <span class='ocrx_word' id='word_1_806' title='bbox 831 5674 1096 5745; x_wconf 88' lang='lat' dir='ltr'><strong>elegisse,</strong></span> <span class='ocrx_word' id='word_1_807' title='bbox 1152 5691 1227 5732; x_wconf 92' lang='lat' dir='ltr'><strong>ne</strong></span> <span class='ocrx_word' id='word_1_808' title='bbox 1260 5676 1458 5749; x_wconf 90' lang='lat' dir='ltr'><strong>plures</strong></span> <span class='ocrx_word' id='word_1_809' title='bbox 1506 5676 1748 5748; x_wconf 88' lang='lat' dir='ltr'><strong>genitivi</strong></span> 
     </span>
     <span class='ocr_line' id='line_1_115' title="bbox 177 5752 587 5802; baseline 0.012 -5"><span class='ocrx_word' id='word_1_810' title='bbox 177 5752 587 5802; x_wconf 88' lang='lat' dir='ltr'><strong>concurrerent.</strong></span> 
     </span>
    </p>
   </div>
   <div class='ocr_carea' id='block_1_115' title="bbox 1931 5604 2449 5675">
    <p class='ocr_par' dir='ltr' id='par_1_115' title="bbox 1931 5604 2449 5675">
     <span class='ocr_line' id='line_1_116' title="bbox 1931 5604 2449 5675; baseline -0.01 -16"><span class='ocrx_word' id='word_1_811' title='bbox 1931 5604 2150 5675; x_wconf 73' lang='lat' dir='ltr'><strong>(84-)Kai</strong></span> <span class='ocrx_word' id='word_1_812' title='bbox 2190 5609 2357 5655; x_wconf 84' lang='grc' dir='ltr'>ταῦτα</span> <span class='ocrx_word' id='word_1_813' title='bbox 2391 5608 2425 5655; x_wconf 82' lang='grc' dir='ltr'><strong>Α</strong></span> <span class='ocrx_word' id='word_1_814' title='bbox 2437 5642 2449 5654; x_wconf 94' lang='grc'><strong>.</strong></span> 
     </span>
    </p>
   </div>
   <div class='ocr_carea' id='block_1_116' title="bbox 1937 5676 2509 5748">
    <p class='ocr_par' dir='ltr' id='par_1_116' title="bbox 1937 5676 2509 5748">
     <span class='ocr_line' id='line_1_117' title="bbox 1937 5676 2509 5748; baseline -0.012 -17"><span class='ocrx_word' id='word_1_815' title='bbox 1937 5676 2049 5748; x_wconf 78' lang='grc'><strong>(86)</strong></span> <span class='ocrx_word' id='word_1_816' title='bbox 2071 5680 2169 5729; x_wconf 81' lang='grc' dir='ltr'><strong>Τόν</strong></span> <span class='ocrx_word' id='word_1_817' title='bbox 2183 5693 2424 5748; x_wconf 84' lang='grc' dir='ltr'>κρινοντα</span> <span class='ocrx_word' id='word_1_818' title='bbox 2442 5678 2509 5729; x_wconf 76' lang='grc' dir='ltr'>Α.</span> 
     </span>
    </p>
   </div>
  </div>
