4130 6320
631 357 771 416 1375
1957 353 2262 413 EUTHYMI

2422 352 2663 411 3ABENI
3929 351 3955 404 1
3966 351 4053 404 3ῗὲ

700 487 861 542 νοτε.
889 485 976 542 49.
1015 483 1166 552 Quia
1209 516 1275 528 —
1324 485 1556 558 loquar.
1611 485 1756 552 Quia
1813 482 2092 540 dicebant
2164 497 2331 537 DODJ

2463 480 2581 535 Ὀτι
2633 511 2702 523 -
2753 479 2984 539 λαλήσω.
3039 479 3179 534 Ἑπεὶ
3233 479 3400 552 ἔλεγον
3450 479 3530 532 ὅτι
3601 476 3711 530 οῦκ
3785 478 3960 530 ἔστιν
4013 479 4056 527 ει

632 589 764 630 esse
792 589 929 630 eum
961 589 996 630 a
1028 576 1164 639 Deo,
1207 579 1262 631 et
1311 581 1625 648 propterea
1654 589 1776 630 non
1823 571 2186 629 obediebant
2209 570 2260 627 ei

2465 579 2482 623 3
2537 579 2692 640 Θεοῦ,
2741 575 2830 622 καὶ
2872 566 2964 622 διὰ
3014 577 3166 623 τοῦτο
3214 569 3308 622 οῦκ
3354 569 3624 622 ἐπείθοντο
3655 567 3861 636 αὐτῷ,
3899 571 4056 637 φησὶν

632 663 841 720 aitzln
866 664 1196 720 novissimo
1233 665 1330 720 die
1383 681 1602 729 sermo,
1632 679 1808 737 quem
1855 662 2088 718 locutus
2149 677 2263 716 sun

2465 681 2474 711 ι
2505 660 2586 712 Ἐν
2614 667 2676 732 τῇ
2709 658 2914 732 ἐσχάτῃ
2966 660 3136 731 ἡμέρᾳ
3161 660 3186 710 ὁ
3215 659 3362 730 λόγος
3393 659 3446 710 ὃν
3471 656 3722 714 ἐλάλησα
3758 655 3959 726 λέγων
3991 656 4058 705 ἐτι

628 752 856 818 dicens,
905 753 1064 826 quod
1099 769 1170 809 ex
1226 753 1453 826 meipso
1530 769 1644 808 non
1693 769 1828 808 sum
1879 751 2134 815 locutus,
2179 765 2259 803 set

2423 748 2448 811 ξ
2492 747 2716 821 ἐμαυτοῦ
2769 748 2862 799 οῦκ
2917 747 3161 813 ἐλάλησα,
3212 746 3317 798 ἀλλ’
3366 749 3391 798 ό
3431 746 3648 818 πέμψας
3697 764 3781 817 με
3831 749 4054 816 Πατήρ.

626 841 925 914 Pater,qui
941 843 1351 914 misitme,ipse
1375 842 1518 898 mihi
1544 846 1902 914 praeceptum
1923 839 2106 904 dedit,
2138 837 2257 910 quit

2422 838 2545 899 ιῦτός
2591 858 2682 910 μοι
2731 836 3008 890 ἐνετείλατο
3069 841 3122 888 τί
3176 840 3300 889 εἴπω
3337 841 3427 888 καὶ
3455 840 3505 886 τί
3533 834 3804 898 λαλήσω,
3857 833 4053 888 ἐκεῖνος

623 929 819 986 dicam
835 936 890 986 et
914 931 1051 1003 quid
1071 931 1402 1002 loquar,ille
1419 930 1846 987 condemnabit
1861 945 2019 991 eum,
2049 927 2178 983 loco
2190 942 2254 982 ac

2416 934 2555 1000 ιρινεί
2609 927 2780 994 αὐτὸν,
2852 927 2902 979 ἐν
2972 927 3115 989 τάξει
3185 929 3478 997 κατηγόρου
3560 926 3889 996 ἱστάμενος
3967 943 4047 972 xz:

621 1020 912 1074 cusaloris
926 1020 1295 1085 constitutus,
1313 1021 1693 1084 convincens,
1709 1033 2057 1090 omnemque
2081 1032 2252 1087 ampu

2394 1013 2699 1089 διελέγχων,
2781 1021 2871 1068 καὶ
2944 1022 3118 1068 πᾶσαν
3199 1013 3475 1085 ἀπολογίαν
3545 1021 3904 1086 περιστερῶν,
4001 1014 4024 1062 ὅ

621 1113 751 1164 tans
764 1108 1161 1172 occasionem,
1177 1125 1356 1180 quem
1375 1109 1653 1181 operibus
1667 1108 2044 1171 confirmavi,
2069 1122 2139 1161 ex
2156 1121 2252 1160 om

2410 1105 2650 1159 ῖϐεϐαίουν
2713 1112 2816 1166 τοῖς
2866 1105 3056 1179 ἔργοις,
3104 1105 3428 1176 πανταχόθεν
3478 1098 3746 1155 δεικνύων
3811 1103 3913 1152 ὅτι
3961 1101 4041 1151 ei:

619 1196 678 1250 ni
714 1203 871 1264 parte
901 1197 1243 1262 ostendens,
1277 1199 1440 1269 quod
1475 1200 1592 1253 Deo
1622 1213 1744 1252 non
1767 1197 1879 1252 sim
1923 1195 2250 1252 contrarius

1143 1213 1243 1262 :ns,
1277 1199 1440 1269 quod
1475 1200 1592 1253 Deo
1622 1213 1744 1252 non
1767 1197 1879 1252 sim
1923 1195 2276 1254 contrarius.
2390 1196 2495 1268 εἰμὶ
2525 1194 2774 1258 ἀντίθεος.

694 1287 855 1340 Vers.
889 1289 974 1340 50.
1019 1287 1096 1342 Et
1125 1316 1194 1328 —
1237 1295 1338 1342 est.
1383 1289 1591 1357 Utpote
1621 1287 1802 1342 vitam
1853 1285 2179 1341 concilians
2207 1299 2281 1338 ee-

2464 1290 2564 1339 Καὶ
2620 1314 2689 1326 -
2745 1284 2906 1338 ἐστιν.
2946 1283 3035 1345 Ὠς
3093 1283 3231 1343 ζωήν
3281 1281 3483 1333 αἰώνιον
3526 1280 3924 1353 προξενοῦσα,
3983 1282 4040 1337 ὡς

620 1378 874 1437 ternam,
922 1379 1214 1446 tanquam
1259 1378 1337 1431 ad
1384 1375 1570 1431 vitam
1617 1375 1926 1431 adducens
1971 1380 2251 1429 aeternam

2406 1375 2462 1436 εἰς
2514 1378 2644 1438 ζωὴν
2693 1374 2898 1426 αἰώνιον
2953 1374 3178 1444 ἄγουσα.
3236 1369 3645 1440 Ἀναπολόγητοι
3695 1364 3809 1420 οὖν
3869 1369 3928 1418 οἱ
3973 1387 4037 1437 με

622 1464 770 1518 Sunt
813 1478 954 1533 ergo
1009 1463 1463 1528 inexcusabiles,
1506 1465 1608 1535 qui
1654 1479 1724 1519 ea
1772 1479 1892 1519 non
1925 1462 2253 1535 suspiciunt

2412 1462 2667 1536 isxoytvm
2735 1465 2802 1516 τὰ
2872 1461 3166 1514 ἔνταλθένεα
3237 1479 3326 1533 μοι
3379 1458 3692 1522 λαληθῆναι,
3775 1457 3916 1514 ἦτοι
3981 1459 4043 1505 τα

623 1567 759 1624 quae
779 1551 924 1608 mihi
954 1556 1246 1624 praecepta
1273 1558 1428 1622 sunt,
1456 1558 1519 1607 ut
1540 1552 1772 1625 loquar,
1803 1552 2078 1608 videlicet
2097 1552 2254 1607 verba

2410 1556 2592 1626 νήματα
2648 1573 2769 1625 μου,
2820 1557 2909 1609 τὴν
2987 1547 3341 1603 διδασκαλίαν
3393 1564 3513 1620 μου·
3570 1551 3664 1598 καὶ
3734 1544 4041 1598 ἓπίϐουλοί

625 1656 779 1706 mea,
820 1641 1146 1698 doctrinam
1177 1658 1365 1697 meam
1400 1658 1412 1696 :
1446 1646 1502 1697 et
1531 1642 1644 1698 sibi
1675 1643 1821 1714 ipsis
1854 1648 1993 1697 sunt
2031 1641 2251 1697 inimici

2203 1641 2275 1706 ci,
2389 1645 2518 1697 εἰσιν
2551 1643 2742 1696 ἑαυτῶν
2767 1644 2835 1703 ὡς
2875 1646 2944 1714 μη
2981 1637 3258 1713 δεχόμενοι
3292 1643 3386 1696 τὴν
3413 1636 3616 1689 αἰώνιον
3650 1635 3833 1696 ζωήν.

623 1733 824 1800 utpote
847 1731 1026 1786 vitam
1050 1745 1169 1786 non
1204 1731 1594 1803 suscipientes
1609 1735 1919 1787 aeternam.

698 1820 834 1874 Haac
871 1835 1014 1875 vero
1047 1837 1060 1874 :
1111 1819 1261 1886 Quid
1301 1819 1503 1876 dicam
1543 1825 1600 1875 et
1641 1821 1786 1893 quid
1836 1820 2066 1892 loquar,
2118 1819 2278 1874 idem
2313 1841 2329 1894 ι

2458 1826 2527 1875 Τό
2584 1818 2660 1874 δέ·
2713 1826 2776 1874 Τί
2832 1823 2958 1872 εἴπω
3010 1824 3099 1871 καὶ
3146 1822 3198 1870 τί
3233 1815 3439 1874 λαλήσω
3468 1818 3525 1867 τό
3573 1813 3702 1866 αῦτό
3752 1809 4034 1871 δηλοῦσι·

625 1908 977 1977 signiﬁcant.
1045 1910 1220 1966 Multa
1276 1914 1471 1965 autem
1533 1915 1672 1966 sunt
1723 1910 2073 1980 hujusmodi
2117 1925 2256 1982 aput

1751 1910 2073 1980 mjusmodi
2117 1910 2279 1982 apud
2391 1911 2560 1965 [Ιολλά
2589 1909 2648 1965 δε
2667 1917 2885 1963 τοιαῦτα
2913 1911 3056 1983 παρά
3085 1915 3146 1979 τῇ
3186 1913 3382 1978 Γραφῇ.

629 2013 864 2054 sacram
898 1999 1284 2070 Scripturam.

696 2087 858 2141 Vers.
903 2090 989 2142 56.
1024 2087 1158 2154 Qum
1199 2118 1268 2127 —
1315 2088 1536 2158 loquor.
1585 2087 1655 2144 Et
1702 2103 1810 2158 per
1849 2087 2194 2160 praedictam
2226 2095 2282 2142 et

2458 2090 2520 2143 Ἀ
2569 2122 2634 2131 -
2681 2089 2839 2145 λαλῶ.
2893 2093 2993 2141 Καὶ
3047 2083 3143 2139 διὰ
3189 2092 3277 2137 τοῦ
3325 2081 3728 2158 προρῥηθέντος,
3785 2085 3892 2133 καὶ
3943 2077 4032 2132 διὰ

624 2189 730 2247 per
758 2179 1119 2246 praesentem
1143 2177 1522 2243 sententiam,
1555 2177 2035 2232 rursuminducit
2073 2192 2174 2231 eos
2205 2193 2255 2231 at

2398 2189 2480 2233 τοῦ
2526 2184 2778 2254 παρόντος
2834 2179 3014 2252 ῥητοῦ,
3075 2174 3228 2228 πάλιν
3296 2172 3463 2243 ἐνάγει
3510 2173 3731 2231 τούτους
3801 2171 3886 2233 εἰς
3953 2177 4029 2221 ’.τί-

623 2262 828 2327 ﬁdem,
870 2279 1122 2334 parcens
1161 2263 1359 2319 adhuc
1398 2263 1515 2320 illis
1549 2281 1672 2336 prae
1704 2265 1994 2321 immensa
2019 2265 2254 2335 benigni

2394 2290 2522 2335 στιν,
2576 2268 2651 2320 ἔτι
2701 2264 2999 2340 φειδόμενος
3050 2264 3217 2316 αὐτῶν
3271 2265 3372 2314 ὑπὸ
3419 2270 3510 2322 τῆς
3555 2258 3788 2333 ἀπείρου
3846 2259 4025 2330 φιλαν-

626 2357 760 2408 tate.
799 2355 874 2408 De
916 2352 1265 2422 hujusmodi
1324 2359 1524 2410 autem
1585 2353 1912 2410 humilitate
1959 2355 2257 2410 verborun

2395 2361 2642 2434 θρωπίας.
2701 2361 2818 2430 Περὶ
2891 2361 3064 2427 μέντοι
3135 2362 3226 2413 τῆς
3287 2354 3652 2408 ταπεινότητος
3731 2357 3850 2399 τῶν
3917 2367 4026 2400 τοι·

625 2439 1056 2512 dispensatorie
1095 2442 1412 2508 dictorum,
1460 2443 1640 2498 variis
1695 2445 1753 2498 in
1815 2443 1957 2499 locis
2000 2443 2256 2499 diximus

2392 2451 2553 2501 οῦτων
2621 2447 2955 2517 οἰκονομικῶν
3029 2444 3275 2518 ῥημάτων
3363 2436 3623 2510 διαφόρως
3697 2437 4023 2509 εἰρήκαμεν.

627 2530 729 2586 Illa
755 2546 1020 2602 namque
1054 2547 1067 2586 :
1096 2533 1143 2587 Α
1173 2534 1381 2603 meipso
1403 2548 1520 2588 non
1545 2534 1682 2589 veni
1709 2535 1750 2569 ⁶¹
1782 2550 1795 2599 ;
1825 2539 1878 2589 et
1904 2550 1916 2588 :
1948 2535 2048 2590 Ea:
2067 2535 2258 2602 meipsc

2391 2541 2459 2591 Τὸ
2505 2539 2605 2611 γὰρ
2671 2533 2785 2587 Ἀπ’
2843 2534 3067 2605 ἐμαυτοῦ
3129 2531 3222 2583 οὐκ
3275 2528 3512 2592 ἐλήλυθα,
3568 2531 3657 2577 καὶ
3699 2526 3797 2589 Ἐξ
3847 2525 4022 2598 ἐμαυ-

625 2635 747 2675 ηοη
775 2635 905 2675 sum
939 2621 1166 2675 locutu:
1189 2622 1238 2656 ⁶²
1262 2639 1277 2689 ;
1302 2628 1376 2676 et:
1410 2622 1700 2689 Ipsemihi
1713 2629 2074 2691 praeceptum
2097 2622 2256 2677 dedit

2391 2633 2482 2678 τοῦ
2546 2625 2640 2678 οῦκ
2698 2622 2944 2687 ἐλάλησα,
3030 2625 3119 2672 καὶ
3188 2619 3349 2680 Αὐτός
3398 2636 3488 2689 μοι
3538 2613 3747 2672 inv-ralia
3821 2611 4017 2677 ἔδωκε,

629 2708 768 2781 quid
793 2709 987 2765 dicam
1010 2716 1063 2766 et
1093 2710 1241 2780 quid
1266 2711 1474 2782 loquar
1534 2713 1604 2779 ⁸³,
1637 2726 1708 2767 ac
1733 2712 1972 2776 similia,
2009 2711 2259 2767 manifes

2393 2720 2441 2766 τί
2497 2714 2621 2766 εἲπω
2672 2718 2760 2765 καὶ
2816 2717 2867 2764 τί
2929 2710 3160 2778 λαλήσω,
3220 2713 3309 2760 καὶ
3366 2709 3430 2759 τὰ
3479 2711 3717 2768 τοιαῦτα,
3778 2711 4017 2776 φανερω-

629 2797 746 2852 tius
775 2797 1022 2868 quidem
1047 2798 1424 2862 conﬁrmant,
1457 2799 1623 2871 quod
1654 2800 1770 2854 Deo
1799 2815 1919 2855 non
1957 2800 2030 2855 sit
2059 2804 2260 2855 contra

2390 2823 2532 2878 τερον
2593 2806 2679 2874 μεν
2751 2804 2806 2852 τό
2864 2804 2935 2872 μὴ
2992 2795 3119 2850 εἶναι
3177 2797 3330 2848 αὑτὸν
3401 2793 3628 2847 ἀντίθεον
3696 2789 4009 2864 βεϐαιοῦσι,

630 2885 788 2940 rius:
823 2886 1099 2941 secretius
1124 2902 1265 2941 vero
1296 2887 1554 2942 innuunt
1593 2888 1759 2960 quod
1803 2888 1954 2944 Patri
1986 2888 2057 2943 sit
2085 2904 2255 2960 aequa

2392 2897 2732 2966 κρυφιώτερον
2782 2887 2840 2942 δε
2870 2891 2928 2942 τό
2973 2885 3098 2941 εἶναι
3143 2885 3297 2937 αὐτόν
3351 2888 3461 2937 ’ίσον
3514 2890 3588 2953 τῷ
3638 2885 3817 2955 Πατρί
3870 2882 4001 2932 ὑπο-

631 2973 719 3035 lis.
2395 2985 2662 3053 φαίνουσι.

704 3062 865 3119 CAP.
899 3064 1033 3120 XIII.
1074 3064 1237 3120 Vers.
1267 3066 1318 3120 t.
1361 3066 1518 3122 Ante
1565 3097 1631 3108 -—
1661 3067 1915 3123 Patrem.
1951 3071 2098 3124 Nam
2129 3071 2286 3140 post-

2468 3072 2574 3143 Πρὸ
2630 3098 2699 3110 —
2754 3071 2976 3141 Πατέρα.
3039 3063 3335 3116 Ἀποθανων
3403 3063 3506 3134 γὰρ
3581 3064 3674 3111 καὶ
3749 3057 3978 3121 ἀναστὰς,

630 3167 809 3224 quam
832 3157 1104 3208 mortuus
1137 3158 1223 3209 est
1261 3170 1331 3210 ac
1361 3155 1702 3220 resurrexit,
1738 3172 1772 3212 a
1796 3161 1950 3212 terra
1975 3157 2034 3212 in
2065 3156 2261 3212 coelun

1820 3172 1950 3212 erra
1975 3157 2034 3212 in
2065 3156 2283 3212 caelum
2319 3184 2358 3238 ρ
2395 3157 2580 3231 μετέϐη
2615 3156 2714 3209 ἀπὸ
2746 3164 2839 3218 τῆς
2877 3163 2972 3227 γῆς
3003 3153 3073 3214 εἰς
3103 3157 3187 3205 τόν
3217 3152 3451 3225 οὐρανόν.

631 3241 928 3311 migravit.

699 3331 867 3388 Vers.
906 3335 950 3386 1.
983 3331 1123 3387 Cum
1153 3331 1445 3389 dilexisset
1478 3364 1543 3373 —
1570 3349 1682 3390 eos.
1718 3335 1889 3400 Suos,
1915 3339 2088 3390 vocat
2112 3335 2284 3390 disci-

2468 3337 2773 3407 Ἀγαπησας
2829 3363 2890 3373 --
2947 3332 3154 3391 αὐτούς.
3234 3326 3425 3388 ’ἰδίους
3473 3328 3608 3399 λέγει
3660 3329 3786 3384 τοὺς
3836 3326 4006 3396 μαθη-

630 3417 826 3490 pulos,
851 3423 1055 3491 utpote
1076 3419 1438 3477 domesticos
1469 3428 1710 3494 propter
1729 3423 2152 3478 obedientiam.
2185 3427 2260 3480 Su

2392 3430 2481 3486 τὰς
2532 3428 2599 3486 ὡς
2630 3424 2854 3484 οἰκείους
2884 3419 2977 3473 διὰ
3029 3425 3122 3478 τὴν
3172 3419 3478 3472 εὐπείθειαν.
3521 3413 3679 3469 Ἰδιοι
3732 3410 3794 3465 δε
3842 3414 4006 3465 αὐτοῦ

631 3511 832 3562 autem
860 3507 1141 3580 appellati
1189 3525 1432 3582 quoque
1479 3516 1618 3566 sunt
1657 3527 1869 3568 omnes
1910 3512 2114 3578 Judaei,
2162 3517 2258 3568 tan

2394 3515 2893 3588 προσηγορεύθησαν
2951 3516 3040 3562 καὶ
3089 3512 3136 3560 οἱ
3195 3510 3376 3566 πάντες
3432 3502 3686 3559 Ἰουδαῖοι
3737 3505 3812 3564 ὡς
3877 3522 4007 3572 συγ-

627 3613 812 3670 quam
839 3598 1078 3669 cognati
1112 3618 1124 3657 :
1160 3600 1282 3654 imo
1311 3601 1490 3656 etiam
1532 3616 1744 3657 omnes
1776 3603 1955 3658 simul
1985 3603 2258 3658 homines

2389 3612 2565 3675 γενείς·
2610 3607 2700 3654 καὶ
2749 3601 2798 3652 οἰ
2869 3602 3154 3670 σύμπαντες
3225 3598 3486 3670 ἄνθρωποι
3539 3597 3607 3654 ὡς
3659 3589 4005 3663 δημιουργὲ-

631 3691 917 3758 tanquam
940 3692 1222 3743 creaturae
1239 3689 1442 3761 ipsius.
1467 3690 1709 3745 Addidit
1730 3697 1950 3756 autem,
1979 3692 2092 3759 Qui
2110 3707 2256 3747 eran

2392 3711 2533 3765 ματα
2579 3688 2758 3743 αὐτοῦ.
2813 3691 2939 3747 Τοὺς
2997 3686 3044 3738 ἐν
3091 3694 3162 3756 τῷ
3213 3691 3396 3757 κόσμῳ
3451 3680 3510 3735 δὲ
3554 3679 3679 3745 εἶπε,
3733 3676 3883 3732 διότι
3915 3687 4003 3730 καὶ

629 3774 695 3829 ίη
725 3774 960 3831 mundo.
999 3775 1146 3832 Nam
1178 3778 1282 3849 qui
1309 3778 1434 3846 jam
1490 3779 1550 3833 in
1604 3779 1812 3835 virtute
1855 3779 2067 3836 mortui
2093 3786 2259 3835 erant

2391 3783 2439 3832 οἱ
2523 3779 2931 3837 τετελευτηκότες
3016 3775 3062 3826 ἐν
3132 3773 3284 3848 ἀρετῇ
3376 3768 3508 3825 ἴδιοι
3579 3771 3735 3821 αὑτοῦ
3841 3766 4001 3833 ἦσαν,

633 3865 763 3933 ejus
794 3863 975 3918 etiam
1007 3864 1230 3936 proprii
1278 3865 1648 3930 dicebantur.
1669 3867 1972 3922 Abraham
2021 3867 2264 3922 videlice‘

2394 3868 2630 3941 Ἀϐρααμ
2686 3872 2775 3919 καὶ
2831 3866 3014 3918 Ἰσαὰκ
3066 3863 3156 3914 καί
3203 3861 3414 3929 Ἰακὼϐ,
3469 3865 3557 3912 καὶ
3613 3860 3660 3910 οἱ
3716 3857 3837 3910 κατ’
3867 3856 3998 3909 ἑκεί-

634 3951 805 4006 Isaac
835 3956 888 4007 et
909 3952 1113 4017 Jacob,
1135 3954 1358 4026 quique
1386 3959 1652 4026 tempore
1679 3955 1914 4011 illorum
1935 3957 2078 4028 justi
2101 3963 2259 4012 erant

2391 3978 2503 4019 νους
2570 3954 2790 4009 δίκαιοι.
2847 3955 3152 4026 Ἀγαπὸσας
3219 3951 3328 4018 οὖν,
3383 3955 3532 4021 φησι,
3585 3951 3704 4008 τοὺς
3751 3949 3999 4017 μαθητὰς

632 4039 769 4094 Cum
801 4039 1104 4096 dilexisset
1129 4057 1271 4111 ergo
1313 4042 1641 4114 discipulos
1677 4044 1752 4099 ad
1783 4045 1841 4099 id
1891 4061 2083 4116 usque
2143 4050 2259 4100 tem

2393 4049 2528 4122 ἄχρι
2572 4053 2661 4098 τοῦ
2708 4049 2818 4097 τότε
2869 4050 3073 4114 καιροῦ,
3134 4046 3248 4093 τότε
3305 4037 3493 4113 μᾶλλον
3555 4038 3828 4107 ἠγάπησεν
3897 4036 3999 4085 αῦ-

634 4128 816 4199 poris,
850 4135 990 4183 tunc
1021 4130 1214 4201 magis
1235 4130 1437 4186 dilexit
1461 4147 1583 4186 eos.
1613 4135 1782 4200 Nam,
1809 4133 1870 4187 in
1891 4134 2091 4201 finem,
2128 4135 2265 4188 idea

2392 4139 2528 4196 τοῦς·
2576 4139 2632 4187 τό
2675 4137 2773 4206 γὰρ
2827 4134 2906 4193 Εἰς
2944 4131 3086 4193 τέλος
3135 4135 3191 4182 τό
3225 4126 3433 4202 σφόδρα
3477 4124 3654 4184 δηλοῖ.
3711 4124 3858 4176 Ἐπεὶ
3895 4127 3993 4195 γὰρ

633 4214 824 4284 signiﬁ
841 4221 925 4271 :at
953 4217 1116 4288 quod
1149 4218 1543 4274 vehementer.
1579 4220 1729 4285 Quia
1755 4223 1911 4276 enim
1940 4222 2066 4292 jam
2109 4223 2258 4278 mori

2393 4224 2589 4297 ἔμελλεν
2642 4219 2748 4281 ἤδη
2810 4222 3082 4273 ἀποθανεῖν
3146 4224 3234 4270 καὶ
3301 4216 3567 4269 ἀπολιπεῖν
3617 4213 3833 4276 αὐτοὺς,
3882 4211 3993 4264 ἐπι-

630 4309 798 4359 turus
862 4309 1004 4369 erat,
1039 4321 1262 4378 eosque
1304 4306 2041 4371 relicturus,dilectionem
2097 4312 2258 4367 inten

2392 4318 2541 4366 τείνει
2591 4317 2685 4370 τὴν
2759 4310 2964 4381 ἀγάπην
3035 4308 3102 4368 εἰς
3172 4306 3476 4379 ἔμπῦρευμα
3547 4307 3755 4375 μνὰμης
3833 4301 3988 4351 αὐτοῦ

630 4391 718 4447 dit
737 4393 815 4449 ad
843 4394 1261 4451 accensionem
1278 4395 1738 4452 vehementioris
1757 4401 2060 4455 memoriae
2076 4401 2259 4472 ipsius

2395 4398 2766 4476 σφοδροτέρας.
2815 4405 3026 4470 Σημεῖόν
3101 4393 3159 4449 δι
3239 4403 3334 4455 τῆς
3388 4394 3673 4451 ἐπιτάσεως
3723 4394 3781 4441 τό
3839 4389 3987 4457 νίψα-

632 4481 881 4553 Signum
910 4498 1051 4539 vero
1080 4483 1422 4540 intentionis
1446 4484 1574 4555 fuit,
1605 4486 1751 4543 lotio
1779 4489 1999 4560 pedum
2024 4490 2257 4546 illorum

2350 4542 2359 4584 ,
2393 4496 2508 4552 τοὺς
2559 4487 2724 4550 πόδας
2755 4489 2944 4545 αὐτῶν.
2991 4486 3049 4538 Ὀ
3091 4488 3192 4560 γὰρ
3243 4485 3456 4555 ἀγαπῶν
3499 4500 3614 4534 τινα
3643 4483 3837 4552 θερμῶς
3866 4474 3981 4529 οὐδὲ

631 4585 774 4625 nam
824 4572 929 4644 qui
969 4572 1223 4644 aliquem
1273 4574 1567 4630 ferventer
1611 4582 1794 4644 amat,
1851 4593 1924 4633 ne
1950 4583 2262 4634 extremun

1997 4583 2283 4635 [tremum
2318 4572 2358 4590 ν
2393 4587 2486 4641 τὴν
2514 4579 2748 4653 ἐσχάτην
2779 4580 3066 4652 ὑπηρεσίαν
3094 4575 3253 4627 αὐτοῦ
3279 4579 3628 4648 παραιτεῖται.

630 4659 873 4732 quidem
898 4662 949 4734 ej
963 4678 1028 4716 us
1053 4662 1444 4719 ministerium
1462 4664 1698 4722 devitat.

702 4749 865 4805 Vers.
899 4754 950 4805 2.
981 4751 1440 4821 Etcaenafacta.
1468 4755 1532 4808 ln
1559 4754 1912 4822 diversorio,
1946 4757 2005 4813 in
2033 4758 2284 4814 instrato

2469 4765 2567 4814 Καὶ
2676 4755 2887 4811 δείπνου
2969 4756 3260 4826 γενομένου.
3334 4752 3417 4804 Ἐν
3488 4757 3560 4819 τῷ
3640 4744 3958 4812 κατιύύματι,

635 4837 946 4894 caenaculo
971 4859 981 4898 :
1007 4841 1149 4912 quia
1166 4839 1320 4896 facta
1341 4857 1604 4912 vespera,
1629 4843 1780 4900 sicut
1803 4844 1952 4900 dixit
1977 4847 2266 4903 Mattheus

2395 4853 2523 4904 ὅπου
2578 4852 2634 4901 τό
2693 4846 3007 4920 ἐστρωμένον
3065 4842 3316 4914 ἀνώγεων,
3370 4842 3454 4892 ὅτε
3498 4838 3656 4910 ὀψίας
3692 4836 3969 4904 γενομένης,

637 4927 918 4984 accubuit
944 4944 1080 4984 eum
1111 4928 1424 4986 duodecim
1450 4932 1516 4985 “.
1552 4932 1760 4998 Quaere
1790 4949 1928 5004 ergo
1958 4934 2116 4991 hanc
2156 4952 2260 4992 sen

2395 4944 2463 5001 ὡς
2502 4935 2608 4993 εἶπε
2658 4937 2945 5001 Ματθαίος,
2999 4932 3222 4985 ἀνέκειτο
3275 4932 3407 5002 μετά
3452 4937 3552 4982 τῶν
3602 4920 3832 4979 δώδεκα.
3879 4923 3976 4979 Ζή-

637 5015 883 5073 tentiam
936 5017 1309 5088 sexagesimo
1371 5019 1541 5076 tertio
1589 5021 1717 5090 ejus
1769 5023 1982 5096 capite,
2031 5040 2102 5081 ac
2158 5025 2268 5096 lege

2395 5048 2555 5087 τησον
2603 5027 2689 5079 οὖν
2746 5030 2892 5077 τουτὶ
2943 5027 3002 5075 τὸ
3055 5021 3213 5097 ῥητὸν
3277 5021 3325 5072 ἓν
3373 5026 3442 5088 τῷ
3504 5017 3766 5085 ἑξηκοστῷ
3831 5016 3979 5087 τρίτῳ

638 5121 892 5173 omnem,
926 5122 1062 5180 qua
1093 5106 1174 5163 ibi
1199 5106 1340 5166 data
1368 5113 1477 5177 est,
1509 5111 1963 5183 expositionem.

2395 5117 2653 5190 κεφαλαίῳ
2703 5114 2884 5178 αὐτοῦ,
2938 5116 3026 5164 καὶ
3079 5109 3337 5180 ἀνάγνωθι
3392 5113 3566 5160 πᾶσαν
3625 5109 3718 5163 τὴν
3758 5102 3859 5155 ἐκεῖ
3895 5103 3984 5177 p1:-

2399 5208 2574 5259 θεῖσαν
2604 5203 2764 5275 εξὴγη
2775 5222 2875 5256 σιν.

707 5284 873 5342 Vers.
897 5288 951 5341 2.
981 5285 1131 5343 Cum
1147 5286 1416 5344 diabolus
1436 5317 1503 5331 -
1525 5290 1809 5348 traderet.
1835 5291 1978 5348 Cum
1996 5293 2118 5362 jam
2147 5298 2288 5348 tunc

2468 5300 2569 5346 Τοῦ
2629 5289 2876 5346 διαϐόλου
2939 5321 3003 5332 --
3050 5283 3291 5360 παραδῷ.
3346 5282 3490 5344 Ἤδη
3553 5282 3864 5358 βεϐληκότος
3911 5281 3991 5334 λο-

634 5373 1054 5445 cogitationem
1077 5374 1443 5442 immisisset,
1466 5378 1714 5450 quando
1754 5386 2117 5453 unguentum
2146 5382 2265 5439 eﬂ‘u

2397 5386 2590 5456 γισμόν
2619 5386 2753 5444 τότε,
2805 5383 2888 5433 ὅτε
2937 5383 2996 5433 τὸ
3048 5381 3210 5452 μῦρον
3257 5377 3502 5448 κατέχεεν
3532 5373 3615 5427 ἐπὶ
3651 5377 3744 5431 τήν
3775 5372 3990 5444 κεφαλήν

634 5462 715 5517 dit
741 5477 914 5534 super
951 5469 1132 5534 caput
1153 5466 1288 5518 Jesu
1320 5465 1550 5530 mulier,
1585 5470 1657 5523 de
1699 5484 1823 5541 qua
1876 5470 2106 5541 scripsit
2154 5474 2265 5528 Mat

2397 5480 2487 5525 τοῦ
2532 5478 2765 5545 Χριστοῦ
2823 5472 2852 5528 ἡ
2908 5473 3058 5541 γυνὴ,
3112 5470 3231 5541 περὶ
3283 5465 3346 5526 ἧς
3403 5465 3671 5524 Ματθαῖος
3729 5464 3984 5536 ἱστόρησε.

637 5550 844 5607 ὼωυε.
877 5549 1085 5620 Quaere
1107 5567 1249 5624 ergo
1265 5553 1440 5626 juxta
1457 5556 1638 5611 tinem
1667 5559 2023 5628 sexagesimi
2045 5561 2268 5617 secund

2404 5567 2643 5620 Ζήτησον
2690 5556 2777 5613 οὖν
2817 5562 2943 5632 πρὸς
2995 5565 3068 5628 τῷ
3120 5555 3249 5608 τέλει
3304 5561 3394 5607 τοῦ
3438 5552 3724 5617 ἑξηκοστοῦ
3757 5548 3986 5626 δευτέρου

713 5753 755 5789 ⁶¹
787 5752 955 5811 Joan.
984 5769 1080 5822 vn,
1113 5759 1200 5814 28.
1315 5759 1361 5793 δ’
1391 5757 1563 5815 Joan.
1605 5770 1832 5832 XIV,10.
1947 5767 1991 5801 ⁸³
2015 5765 2204 5835 Joan;
2237 5782 2340 5834 xu,

1531 5774 1563 5814 ι.
1605 5770 1832 5832 xiv,10.
1947 5767 1991 5801 ⁸³
2015 5765 2204 5835 Joan;
2237 5782 2340 5834 xu,
2369 5768 2458 5824 49.
2572 5767 2618 5803 ⁸⁸
2651 5765 2851 5824 Matth.
2883 5776 3047 5830 xxVI,
3076 5761 3162 5817 20.
