  <div class='ocr_page' id='page_1' title='image "/cluster/home/n/w/nwhite01/storage/ocr_20150623/129/mdp.39015061528470/728.png"; bbox 0 0 4130 6320; ppageno 0'>
   <div class='ocr_carea' id='block_1_1' title="bbox 210 358 354 424">
    <p class='ocr_par' dir='ltr' id='par_1_1' title="bbox 210 358 354 424">
     <span class='ocr_line' id='line_1_1' title="bbox 210 358 354 424; baseline -0.007 0"><span class='ocrx_word' id='word_1_1' title='bbox 210 358 354 424; x_wconf 75' lang='grc' dir='ltr'><strong>ι3ιτ</strong></span> 
     </span>
    </p>
   </div>
   <div class='ocr_carea' id='block_1_2' title="bbox 204 489 1180 567">
    <p class='ocr_par' dir='ltr' id='par_1_2' title="bbox 204 489 1180 567">
     <span class='ocr_line' id='line_1_2' title="bbox 204 489 1180 567; baseline -0.01 -20"><span class='ocrx_word' id='word_1_2' title='bbox 204 494 497 567; x_wconf 74' lang='grc' dir='ltr'><strong>κεφαλαίου</strong></span> <span class='ocrx_word' id='word_1_3' title='bbox 582 489 742 542; x_wconf 79' lang='grc' dir='ltr'>αὐτοῦ</span> <span class='ocrx_word' id='word_1_4' title='bbox 822 490 899 539; x_wconf 85' lang='grc' dir='ltr'>τό·</span> <span class='ocrx_word' id='word_1_5' title='bbox 993 489 1180 558; x_wconf 79' lang='grc' dir='ltr'>Ἀμὴν,</span> 
     </span>
    </p>
   </div>
   <div class='ocr_carea' id='block_1_3' title="bbox 209 571 1813 653">
    <p class='ocr_par' dir='ltr' id='par_1_3' title="bbox 209 571 1813 653">
     <span class='ocr_line' id='line_1_3' title="bbox 209 571 1813 653; baseline -0.008 -16"><span class='ocrx_word' id='word_1_6' title='bbox 209 587 349 638; x_wconf 87' lang='grc' dir='ltr'>ὃπου</span> <span class='ocrx_word' id='word_1_7' title='bbox 369 582 453 634; x_wconf 78' lang='grc' dir='ltr'><strong>ἐὰν</strong></span> <span class='ocrx_word' id='word_1_8' title='bbox 475 582 720 653; x_wconf 74' lang='grc' dir='ltr'><strong>κηρυχθῇ</strong></span> <span class='ocrx_word' id='word_1_9' title='bbox 743 580 800 629; x_wconf 86' lang='grc' dir='ltr'>τό</span> <span class='ocrx_word' id='word_1_10' title='bbox 830 576 1138 648; x_wconf 73' lang='grc' dir='ltr'><strong>Εὐαγγέλιον</strong></span> <span class='ocrx_word' id='word_1_11' title='bbox 1160 582 1313 627; x_wconf 78' lang='grc' dir='ltr'>τοῦτο</span> <span class='ocrx_word' id='word_1_12' title='bbox 1335 572 1385 624; x_wconf 81' lang='grc' dir='ltr'><strong>ἐν</strong></span> <span class='ocrx_word' id='word_1_13' title='bbox 1406 571 1503 644; x_wconf 84' lang='grc' dir='ltr'><strong>ὅλῳ</strong></span> <span class='ocrx_word' id='word_1_14' title='bbox 1525 580 1595 643; x_wconf 85' lang='grc' dir='ltr'>τῷ</span> <span class='ocrx_word' id='word_1_15' title='bbox 1614 578 1813 646; x_wconf 78' lang='grc' dir='ltr'>κόσμῳ,</span> 
     </span>
    </p>
   </div>
   <div class='ocr_carea' id='block_1_4' title="bbox 210 661 1821 737">
    <p class='ocr_par' dir='ltr' id='par_1_4' title="bbox 210 661 1821 737">
     <span class='ocr_line' id='line_1_4' title="bbox 210 661 1821 737; baseline -0.007 -11"><span class='ocrx_word' id='word_1_16' title='bbox 210 679 310 726; x_wconf 84' lang='grc' dir='ltr'>καὶ</span> <span class='ocrx_word' id='word_1_17' title='bbox 364 674 431 724; x_wconf 81' lang='grc' dir='ltr'>τὰ</span> <span class='ocrx_word' id='word_1_18' title='bbox 469 670 601 732; x_wconf 75' lang='grc' dir='ltr'>ἑξῆς.</span> <span class='ocrx_word' id='word_1_19' title='bbox 648 672 746 721; x_wconf 79' lang='grc' dir='ltr'><strong>Καὶ</strong></span> <span class='ocrx_word' id='word_1_20' title='bbox 777 666 1034 737; x_wconf 77' lang='grc' dir='ltr'><strong>ἀνάγνωθι</strong></span> <span class='ocrx_word' id='word_1_21' title='bbox 1063 668 1120 718; x_wconf 86' lang='grc' dir='ltr'><strong>τὸ</strong></span> <span class='ocrx_word' id='word_1_22' title='bbox 1151 663 1293 723; x_wconf 83' lang='grc' dir='ltr'>τέλος</span> <span class='ocrx_word' id='word_1_23' title='bbox 1317 670 1407 722; x_wconf 83' lang='grc' dir='ltr'>τῆς</span> <span class='ocrx_word' id='word_1_24' title='bbox 1437 661 1541 714; x_wconf 82' lang='grc' dir='ltr'>ἐκεῖ</span> <span class='ocrx_word' id='word_1_25' title='bbox 1566 663 1821 735; x_wconf 83' lang='grc' dir='ltr'>ῥηθείσης</span> 
     </span>
    </p>
   </div>
   <div class='ocr_carea' id='block_1_5' title="bbox 213 763 529 833">
    <p class='ocr_par' dir='ltr' id='par_1_5' title="bbox 213 763 529 833">
     <span class='ocr_line' id='line_1_5' title="bbox 213 763 529 833; baseline -0.016 -18"><span class='ocrx_word' id='word_1_26' title='bbox 213 763 378 833; x_wconf 74' lang='grc' dir='ltr'><strong>ἐξηγὴ</strong></span> <span class='ocrx_word' id='word_1_27' title='bbox 390 778 529 819; x_wconf 87' lang='grc' dir='ltr'>σεως.</span> 
     </span>
    </p>
   </div>
   <div class='ocr_carea' id='block_1_6' title="bbox 291 839 1824 919">
    <p class='ocr_par' dir='ltr' id='par_1_6' title="bbox 291 839 1824 919">
     <span class='ocr_line' id='line_1_6' title="bbox 291 839 1824 919; baseline -0.007 -17"><span class='ocrx_word' id='word_1_28' title='bbox 291 856 458 903; x_wconf 80' lang='grc' dir='ltr'>Τοῦτο</span> <span class='ocrx_word' id='word_1_29' title='bbox 521 843 579 899; x_wconf 75' lang='grc' dir='ltr'>δὲ</span> <span class='ocrx_word' id='word_1_30' title='bbox 647 842 981 919; x_wconf 73' lang='grc' dir='ltr'>παρενέϐαλεν</span> <span class='ocrx_word' id='word_1_31' title='bbox 1042 845 1068 894; x_wconf 84' lang='grc' dir='ltr'><em>ὁ</em></span> <span class='ocrx_word' id='word_1_32' title='bbox 1137 840 1529 913; x_wconf 67' lang='grc' dir='ltr'>εὐαγγελιστὴς,</span> <span class='ocrx_word' id='word_1_33' title='bbox 1606 839 1824 897; x_wconf 84' lang='grc' dir='ltr'>ἐκπλητ-</span> 
     </span>
    </p>
   </div>
   <div class='ocr_carea' id='block_1_7' title="bbox 216 928 1826 1012">
    <p class='ocr_par' dir='ltr' id='par_1_7' title="bbox 216 928 1826 1012">
     <span class='ocr_line' id='line_1_7' title="bbox 216 928 1826 1012; baseline -0.007 -21"><span class='ocrx_word' id='word_1_34' title='bbox 216 944 430 1012; x_wconf 78' lang='grc' dir='ltr'>τόμενος</span> <span class='ocrx_word' id='word_1_35' title='bbox 477 940 570 994; x_wconf 74' lang='grc' dir='ltr'>τὴν</span> <span class='ocrx_word' id='word_1_36' title='bbox 649 932 1072 1007; x_wconf 71' lang='grc' dir='ltr'>ὑπερϐάλλουσαν</span> <span class='ocrx_word' id='word_1_37' title='bbox 1126 939 1218 983; x_wconf 83' lang='grc' dir='ltr'><strong>τοῦ</strong></span> <span class='ocrx_word' id='word_1_38' title='bbox 1304 938 1536 1003; x_wconf 80' lang='grc' dir='ltr'><strong>Σωτῆρος</strong></span> <span class='ocrx_word' id='word_1_39' title='bbox 1594 928 1826 991; x_wconf 80' lang='grc' dir='ltr'>ἀνεξικα-</span> 
     </span>
    </p>
   </div>
   <div class='ocr_carea' id='block_1_8' title="bbox 217 1013 1823 1093">
    <p class='ocr_par' dir='ltr' id='par_1_8' title="bbox 217 1013 1823 1093">
     <span class='ocr_line' id='line_1_8' title="bbox 217 1013 1823 1093; baseline -0.007 -13"><span class='ocrx_word' id='word_1_40' title='bbox 217 1033 361 1093; x_wconf 89' lang='grc' dir='ltr'>κίαν,</span> <span class='ocrx_word' id='word_1_41' title='bbox 396 1028 477 1078; x_wconf 79' lang='grc' dir='ltr'><strong>ὅτι</strong></span> <span class='ocrx_word' id='word_1_42' title='bbox 507 1028 596 1076; x_wconf 83' lang='grc' dir='ltr'>καὶ</span> <span class='ocrx_word' id='word_1_43' title='bbox 622 1025 808 1074; x_wconf 78' lang='grc' dir='ltr'>τούτου</span> <span class='ocrx_word' id='word_1_44' title='bbox 848 1026 965 1081; x_wconf 74' lang='grc' dir='ltr'>τοὺς</span> <span class='ocrx_word' id='word_1_45' title='bbox 993 1017 1165 1082; x_wconf 83' lang='grc' dir='ltr'>πόδας</span> <span class='ocrx_word' id='word_1_46' title='bbox 1194 1018 1353 1090; x_wconf 76' lang='grc' dir='ltr'>ἔνιψε,</span> <span class='ocrx_word' id='word_1_47' title='bbox 1386 1018 1686 1091; x_wconf 81' lang='grc' dir='ltr'><strong>μελετῶντος</strong></span> <span class='ocrx_word' id='word_1_48' title='bbox 1716 1013 1823 1075; x_wconf 79' lang='grc' dir='ltr'><strong>ἤδη</strong></span> 
     </span>
    </p>
   </div>
   <div class='ocr_carea' id='block_1_9' title="bbox 218 1112 720 1190">
    <p class='ocr_par' dir='ltr' id='par_1_9' title="bbox 218 1112 720 1190">
     <span class='ocr_line' id='line_1_9' title="bbox 218 1112 720 1190; baseline -0.01 -20"><span class='ocrx_word' id='word_1_49' title='bbox 218 1114 515 1190; x_wconf 78' lang='grc' dir='ltr'>προδοῦναι</span> <span class='ocrx_word' id='word_1_50' title='bbox 546 1112 720 1165; x_wconf 67' lang='grc' dir='ltr'>αὐτόν.</span> 
     </span>
    </p>
   </div>
   <div class='ocr_carea' id='block_1_10' title="bbox 612 1197 1458 1271">
    <p class='ocr_par' dir='ltr' id='par_1_10' title="bbox 612 1197 1458 1271">
     <span class='ocr_line' id='line_1_10' title="bbox 612 1197 1458 1271; baseline -0.006 -17"><span class='ocrx_word' id='word_1_51' title='bbox 612 1206 757 1254; x_wconf 78' lang='grc' dir='ltr'><strong>ΚΕΦ.</strong></span> <span class='ocrx_word' id='word_1_52' title='bbox 794 1197 891 1262; x_wconf 84' lang='grc' dir='ltr'><strong>Ις’.</strong></span> <span class='ocrx_word' id='word_1_53' title='bbox 929 1204 1052 1271; x_wconf 84' lang='grc' dir='ltr'>Περὶ</span> <span class='ocrx_word' id='word_1_54' title='bbox 1081 1206 1169 1251; x_wconf 79' lang='grc' dir='ltr'><strong>τοῦ</strong></span> <span class='ocrx_word' id='word_1_55' title='bbox 1190 1216 1458 1270; x_wconf 83' lang='grc' dir='ltr'>νιπτηρος.</span> 
     </span>
    </p>
   </div>
   <div class='ocr_carea' id='block_1_11' title="bbox 298 1288 1827 1363">
    <p class='ocr_par' dir='ltr' id='par_1_11' title="bbox 298 1288 1827 1363">
     <span class='ocr_line' id='line_1_11' title="bbox 298 1288 1827 1363; baseline -0.007 -17"><span class='ocrx_word' id='word_1_56' title='bbox 298 1291 465 1353; x_wconf 85' lang='grc' dir='ltr'>Εἰδὼς</span> <span class='ocrx_word' id='word_1_57' title='bbox 508 1322 575 1331; x_wconf 93' lang='grc'><strong><em>-</em></strong></span> <span class='ocrx_word' id='word_1_58' title='bbox 633 1297 833 1363; x_wconf 85' lang='grc' dir='ltr'>χεῖρας.</span> <span class='ocrx_word' id='word_1_59' title='bbox 893 1288 981 1349; x_wconf 80' lang='grc' dir='ltr'>Ὠς</span> <span class='ocrx_word' id='word_1_60' title='bbox 1020 1290 1121 1357; x_wconf 81' lang='grc' dir='ltr'><strong>Υἱῴ</strong></span> <span class='ocrx_word' id='word_1_61' title='bbox 1160 1291 1363 1359; x_wconf 73' lang='grc' dir='ltr'>’γνησίῳ</span> <span class='ocrx_word' id='word_1_62' title='bbox 1403 1291 1492 1337; x_wconf 87' lang='grc' dir='ltr'>καὶ</span> <span class='ocrx_word' id='word_1_63' title='bbox 1550 1289 1827 1355; x_wconf 73' lang='grc' dir='ltr'><strong>μονογενεί.</strong></span> 
     </span>
    </p>
   </div>
   <div class='ocr_carea' id='block_1_12' title="bbox 225 1371 1831 1456">
    <p class='ocr_par' dir='ltr' id='par_1_12' title="bbox 225 1371 1831 1456">
     <span class='ocr_line' id='line_1_12' title="bbox 225 1371 1831 1456; baseline -0.009 -18"><span class='ocrx_word' id='word_1_64' title='bbox 225 1386 706 1456; x_wconf 82' lang='grc' dir='ltr'>Ἀνθρωποπρεπώς</span> <span class='ocrx_word' id='word_1_65' title='bbox 762 1375 822 1430; x_wconf 75' lang='grc' dir='ltr'><strong>δε</strong></span> <span class='ocrx_word' id='word_1_66' title='bbox 885 1374 1017 1429; x_wconf 79' lang='grc' dir='ltr'>εἶπεν</span> <span class='ocrx_word' id='word_1_67' title='bbox 1072 1379 1150 1428; x_wconf 81' lang='grc' dir='ltr'><strong>ὅτι</strong></span> <span class='ocrx_word' id='word_1_68' title='bbox 1199 1378 1370 1427; x_wconf 77' lang='grc' dir='ltr'>πάντα</span> <span class='ocrx_word' id='word_1_69' title='bbox 1420 1371 1646 1426; x_wconf 82' lang='grc' dir='ltr'>δέδωκεν</span> <span class='ocrx_word' id='word_1_70' title='bbox 1691 1373 1831 1442; x_wconf 70' lang='grc' dir='ltr'><strong>αὐτῷ</strong></span> 
     </span>
    </p>
   </div>
   <div class='ocr_carea' id='block_1_13' title="bbox 229 1466 1833 1545">
    <p class='ocr_par' dir='ltr' id='par_1_13' title="bbox 229 1466 1833 1545">
     <span class='ocr_line' id='line_1_13' title="bbox 229 1466 1833 1545; baseline -0.008 -20"><span class='ocrx_word' id='word_1_71' title='bbox 229 1475 256 1525; x_wconf 85' lang='grc' dir='ltr'>ὁ</span> <span class='ocrx_word' id='word_1_72' title='bbox 321 1476 493 1545; x_wconf 73' lang='grc' dir='ltr'>Πατὴρ</span> <span class='ocrx_word' id='word_1_73' title='bbox 542 1470 614 1528; x_wconf 90' lang='grc' dir='ltr'>εἰς</span> <span class='ocrx_word' id='word_1_74' title='bbox 689 1470 776 1527; x_wconf 80' lang='grc' dir='ltr'>τὰς</span> <span class='ocrx_word' id='word_1_75' title='bbox 824 1474 1030 1539; x_wconf 75' lang='grc' dir='ltr'>χεῖρας,</span> <span class='ocrx_word' id='word_1_76' title='bbox 1098 1468 1414 1537; x_wconf 80' lang='grc' dir='ltr'>μιμούμενος</span> <span class='ocrx_word' id='word_1_77' title='bbox 1471 1466 1554 1515; x_wconf 86' lang='grc' dir='ltr'><strong>τὸν</strong></span> <span class='ocrx_word' id='word_1_78' title='bbox 1605 1466 1833 1535; x_wconf 80' lang='grc' dir='ltr'>Χριστὸν</span> 
     </span>
    </p>
   </div>
   <div class='ocr_carea' id='block_1_14' title="bbox 232 1551 1834 1630">
    <p class='ocr_par' dir='ltr' id='par_1_14' title="bbox 232 1551 1834 1630">
     <span class='ocr_line' id='line_1_14' title="bbox 232 1551 1834 1630; baseline -0.008 -16"><span class='ocrx_word' id='word_1_79' title='bbox 232 1568 448 1615; x_wconf 81' lang='grc' dir='ltr'>τοιοῦτα</span> <span class='ocrx_word' id='word_1_80' title='bbox 504 1559 718 1630; x_wconf 75' lang='grc' dir='ltr'><strong>λέγοντα</strong></span> <span class='ocrx_word' id='word_1_81' title='bbox 767 1562 886 1627; x_wconf 80' lang='grc' dir='ltr'>περὶ</span> <span class='ocrx_word' id='word_1_82' title='bbox 930 1558 1114 1607; x_wconf 72' lang='grc' dir='ltr'>ἑαυτοῦ</span> <span class='ocrx_word' id='word_1_83' title='bbox 1194 1553 1440 1614; x_wconf 74' lang='grc' dir='ltr'><strong>πολλάκις</strong></span> <span class='ocrx_word' id='word_1_84' title='bbox 1515 1553 1630 1603; x_wconf 86' lang='grc' dir='ltr'>κατ’</span> <span class='ocrx_word' id='word_1_85' title='bbox 1702 1551 1834 1603; x_wconf 82' lang='grc' dir='ltr'>οἰκο-</span> 
     </span>
    </p>
   </div>
   <div class='ocr_carea' id='block_1_15' title="bbox 233 1638 1833 1723">
    <p class='ocr_par' dir='ltr' id='par_1_15' title="bbox 233 1638 1833 1723">
     <span class='ocr_line' id='line_1_15' title="bbox 233 1638 1833 1723; baseline -0.006 -21"><span class='ocrx_word' id='word_1_86' title='bbox 233 1655 437 1723; x_wconf 85' lang='grc' dir='ltr'>νομίαν,</span> <span class='ocrx_word' id='word_1_87' title='bbox 481 1651 548 1710; x_wconf 84' lang='grc' dir='ltr'>ὡς</span> <span class='ocrx_word' id='word_1_88' title='bbox 602 1644 866 1719; x_wconf 75' lang='grc' dir='ltr'><strong>διαφόρως</strong></span> <span class='ocrx_word' id='word_1_89' title='bbox 913 1644 1207 1718; x_wconf 79' lang='grc' dir='ltr'>εἰρήκαμεν.</span> <span class='ocrx_word' id='word_1_90' title='bbox 1248 1641 1447 1714; x_wconf 82' lang='grc' dir='ltr'>Ὠσπερ</span> <span class='ocrx_word' id='word_1_91' title='bbox 1498 1638 1557 1693; x_wconf 78' lang='grc' dir='ltr'>δέ</span> <span class='ocrx_word' id='word_1_92' title='bbox 1598 1642 1833 1712; x_wconf 78' lang='grc' dir='ltr'>ὀίιατὴρ</span> 
     </span>
    </p>
   </div>
   <div class='ocr_carea' id='block_1_16' title="bbox 235 1732 1828 1812">
    <p class='ocr_par' dir='ltr' id='par_1_16' title="bbox 235 1732 1828 1812">
     <span class='ocr_line' id='line_1_16' title="bbox 235 1732 1828 1812; baseline -0.007 -21"><span class='ocrx_word' id='word_1_93' title='bbox 235 1734 588 1812; x_wconf 82' lang='grc' dir='ltr'>παραδίδωσι</span> <span class='ocrx_word' id='word_1_94' title='bbox 635 1743 707 1805; x_wconf 83' lang='grc' dir='ltr'><strong>τῷ</strong></span> <span class='ocrx_word' id='word_1_95' title='bbox 757 1737 879 1804; x_wconf 77' lang='grc' dir='ltr'>Υἱῷ,</span> <span class='ocrx_word' id='word_1_96' title='bbox 941 1732 1074 1785; x_wconf 73' lang='grc' dir='ltr'>οὕτω</span> <span class='ocrx_word' id='word_1_97' title='bbox 1133 1736 1221 1783; x_wconf 87' lang='grc' dir='ltr'>καὶ</span> <span class='ocrx_word' id='word_1_98' title='bbox 1274 1733 1300 1782; x_wconf 90' lang='grc' dir='ltr'><strong>ό</strong></span> <span class='ocrx_word' id='word_1_99' title='bbox 1348 1732 1466 1792; x_wconf 82' lang='grc' dir='ltr'>Υἱός</span> <span class='ocrx_word' id='word_1_100' title='bbox 1518 1738 1589 1801; x_wconf 82' lang='grc' dir='ltr'>τῷ</span> <span class='ocrx_word' id='word_1_101' title='bbox 1635 1734 1828 1802; x_wconf 87' lang='grc' dir='ltr'>Πατρί.</span> 
     </span>
    </p>
   </div>
   <div class='ocr_carea' id='block_1_17' title="bbox 1258 344 2593 415">
    <p class='ocr_par' dir='ltr' id='par_1_17' title="bbox 1258 344 2593 415">
     <span class='ocr_line' id='line_1_17' title="bbox 1258 344 2593 415; baseline 0.001 -6"><span class='ocrx_word' id='word_1_102' title='bbox 1258 348 1629 415; x_wconf 76' lang='lat' dir='ltr'><strong>COMMENT.</strong></span> <span class='ocrx_word' id='word_1_103' title='bbox 1681 356 1749 412; x_wconf 88' lang='lat' dir='ltr'><strong>IN</strong></span> <span class='ocrx_word' id='word_1_104' title='bbox 1789 344 2138 413; x_wconf 75' lang='lat' dir='ltr'><strong>JOANNEM.</strong></span> <span class='ocrx_word' id='word_1_105' title='bbox 2168 388 2235 397; x_wconf 91' lang='grc'><strong>--</strong></span> <span class='ocrx_word' id='word_1_106' title='bbox 2264 354 2415 413; x_wconf 85' lang='lat' dir='ltr'><strong>CAP.</strong></span> <span class='ocrx_word' id='word_1_107' title='bbox 2451 346 2593 412; x_wconf 85' lang='lat' dir='ltr'><strong>xm.</strong></span> 
     </span>
    </p>
   </div>
   <div class='ocr_carea' id='block_1_18' title="bbox 1266 481 1844 557">
    <p class='ocr_par' dir='ltr' id='par_1_18' title="bbox 1266 482 1815 557">
     <span class='ocr_line' id='line_1_18' title="bbox 1266 482 1815 557; baseline 0 -22"><span class='ocrx_word' id='word_1_108' title='bbox 1266 483 1402 556; x_wconf 80' lang='grc' dir='ltr'>ἁμήν</span> <span class='ocrx_word' id='word_1_109' title='bbox 1480 482 1609 555; x_wconf 77' lang='grc' dir='ltr'><strong>λέγω</strong></span> <span class='ocrx_word' id='word_1_110' title='bbox 1694 486 1815 557; x_wconf 77' lang='grc' dir='ltr'>ὑμῖν</span> 
     </span>
    </p>
   </div>
   <div class='ocr_carea' id='block_1_19' title="bbox 1974 481 3582 557">
    <p class='ocr_par' dir='ltr' id='par_1_19' title="bbox 1974 481 3582 555">
     <span class='ocr_line' id='line_1_19' title="bbox 1974 481 3582 555; baseline 0.004 -17"><span class='ocrx_word' id='word_1_111' title='bbox 1974 482 2133 555; x_wconf 73' lang='grc' dir='ltr'><strong>ιρίιίε</strong></span> <span class='ocrx_word' id='word_1_112' title='bbox 2153 481 2361 553; x_wconf 86' lang='lat' dir='ltr'><strong>ipsius,</strong></span> <span class='ocrx_word' id='word_1_113' title='bbox 2389 481 2716 540; x_wconf 87' lang='lat' dir='ltr'><strong>ubidicitnr</strong></span> <span class='ocrx_word' id='word_1_114' title='bbox 2738 502 2752 541; x_wconf 88' lang='lat'>:</span> <span class='ocrx_word' id='word_1_115' title='bbox 2771 486 2961 543; x_wconf 80' lang='lat' dir='ltr'><strong>Amen</strong></span> <span class='ocrx_word' id='word_1_116' title='bbox 2980 486 3112 544; x_wconf 87' lang='lat' dir='ltr'><strong>dico</strong></span> <span class='ocrx_word' id='word_1_117' title='bbox 3132 487 3308 554; x_wconf 85' lang='lat' dir='ltr'><strong>vobis,</strong></span> <span class='ocrx_word' id='word_1_118' title='bbox 3336 487 3582 545; x_wconf 77' lang='lat' dir='ltr'><strong>ubicun-</strong></span> 
     </span>
    </p>
   </div>
   <div class='ocr_carea' id='block_1_20' title="bbox 3440 358 3578 419">
    <p class='ocr_par' dir='ltr' id='par_1_20' title="bbox 3440 358 3578 419">
     <span class='ocr_line' id='line_1_20' title="bbox 3440 358 3578 419; baseline 0.007 -1"><span class='ocrx_word' id='word_1_119' title='bbox 3440 358 3578 419; x_wconf 69' lang='grc'><strong>4378</strong></span> 
     </span>
    </p>
   </div>
   <div class='ocr_carea' id='block_1_21' title="bbox 1929 572 3581 647">
    <p class='ocr_par' dir='ltr' id='par_1_21' title="bbox 1929 572 3581 647">
     <span class='ocr_line' id='line_1_21' title="bbox 1929 572 3581 647; baseline 0.003 -18"><span class='ocrx_word' id='word_1_120' title='bbox 1929 589 2039 645; x_wconf 88' lang='lat' dir='ltr'><strong>que</strong></span> <span class='ocrx_word' id='word_1_121' title='bbox 2062 572 2452 643; x_wconf 70' lang='lat' dir='ltr'><strong>praedicatum</strong></span> <span class='ocrx_word' id='word_1_122' title='bbox 2470 574 2657 641; x_wconf 83' lang='lat' dir='ltr'><strong>fuerit</strong></span> <span class='ocrx_word' id='word_1_123' title='bbox 2671 574 2779 631; x_wconf 84' lang='lat' dir='ltr'><strong>hoc</strong></span> <span class='ocrx_word' id='word_1_124' title='bbox 2791 576 3188 647; x_wconf 82' lang='lat' dir='ltr'><strong>Evangelium</strong></span> <span class='ocrx_word' id='word_1_125' title='bbox 3213 577 3277 633; x_wconf 86' lang='lat' dir='ltr'><strong>in</strong></span> <span class='ocrx_word' id='word_1_126' title='bbox 3303 578 3581 634; x_wconf 84' lang='lat' dir='ltr'><strong>universo</strong></span> 
     </span>
    </p>
   </div>
   <div class='ocr_carea' id='block_1_22' title="bbox 1931 663 3584 738">
    <p class='ocr_par' dir='ltr' id='par_1_22' title="bbox 1931 663 3584 738">
     <span class='ocr_line' id='line_1_22' title="bbox 1931 663 3584 738; baseline 0.002 -19"><span class='ocrx_word' id='word_1_127' title='bbox 1931 663 2151 719; x_wconf 85' lang='lat' dir='ltr'><strong>mundo</strong></span> <span class='ocrx_word' id='word_1_128' title='bbox 2168 663 2238 729; x_wconf 74' lang='grc'>⁸⁸,</span> <span class='ocrx_word' id='word_1_129' title='bbox 2265 665 2324 717; x_wconf 89' lang='lat' dir='ltr'><strong>et</strong></span> <span class='ocrx_word' id='word_1_130' title='bbox 2346 666 2578 727; x_wconf 64' lang='lat' dir='ltr'><strong>caetera,</strong></span> <span class='ocrx_word' id='word_1_131' title='bbox 2614 669 2670 719; x_wconf 91' lang='lat' dir='ltr'><strong>et</strong></span> <span class='ocrx_word' id='word_1_132' title='bbox 2686 663 2817 734; x_wconf 91' lang='lat' dir='ltr'><strong>lege</strong></span> <span class='ocrx_word' id='word_1_133' title='bbox 2843 664 3027 722; x_wconf 90' lang='lat' dir='ltr'><strong>ﬁnem</strong></span> <span class='ocrx_word' id='word_1_134' title='bbox 3063 666 3215 723; x_wconf 81' lang='lat' dir='ltr'><strong>datae</strong></span> <span class='ocrx_word' id='word_1_135' title='bbox 3239 666 3318 722; x_wconf 89' lang='lat' dir='ltr'><strong>ibi</strong></span> <span class='ocrx_word' id='word_1_136' title='bbox 3348 668 3584 738; x_wconf 89' lang='lat' dir='ltr'><strong>exposi-</strong></span> 
     </span>
    </p>
   </div>
   <div class='ocr_carea' id='block_1_23' title="bbox 1932 752 2130 808">
    <p class='ocr_par' dir='ltr' id='par_1_23' title="bbox 1932 752 2130 808">
     <span class='ocr_line' id='line_1_23' title="bbox 1932 752 2130 808; baseline 0 0"><span class='ocrx_word' id='word_1_137' title='bbox 1932 752 2130 808; x_wconf 85' lang='lat' dir='ltr'><strong>tionis.</strong></span> 
     </span>
    </p>
   </div>
   <div class='ocr_carea' id='block_1_24' title="bbox 2006 842 3591 917">
    <p class='ocr_par' dir='ltr' id='par_1_24' title="bbox 2006 842 3591 917">
     <span class='ocr_line' id='line_1_24' title="bbox 2006 842 3591 917; baseline 0.003 -21"><span class='ocrx_word' id='word_1_138' title='bbox 2006 844 2124 896; x_wconf 87' lang='lat' dir='ltr'><strong>Hoc</strong></span> <span class='ocrx_word' id='word_1_139' title='bbox 2161 847 2361 897; x_wconf 91' lang='lat' dir='ltr'><strong>autem</strong></span> <span class='ocrx_word' id='word_1_140' title='bbox 2392 842 2746 914; x_wconf 90' lang='lat' dir='ltr'><strong>interposuit</strong></span> <span class='ocrx_word' id='word_1_141' title='bbox 2770 844 3131 914; x_wconf 81' lang='lat' dir='ltr'><strong>evangelista</strong></span> <span class='ocrx_word' id='word_1_142' title='bbox 3177 860 3316 901; x_wconf 91' lang='lat' dir='ltr'><strong>cum</strong></span> <span class='ocrx_word' id='word_1_143' title='bbox 3349 849 3591 917; x_wconf 85' lang='lat' dir='ltr'><strong>stupore</strong></span> 
     </span>
    </p>
   </div>
   <div class='ocr_carea' id='block_1_25' title="bbox 1934 929 3595 1005">
    <p class='ocr_par' dir='ltr' id='par_1_25' title="bbox 1934 929 3595 1005">
     <span class='ocr_line' id='line_1_25' title="bbox 1934 929 3595 1005; baseline 0.002 -20"><span class='ocrx_word' id='word_1_144' title='bbox 1934 929 2242 986; x_wconf 85' lang='lat' dir='ltr'><strong>admirans</strong></span> <span class='ocrx_word' id='word_1_145' title='bbox 2290 930 2677 987; x_wconf 84' lang='lat' dir='ltr'><strong>excellentem</strong></span> <span class='ocrx_word' id='word_1_146' title='bbox 2730 930 2944 988; x_wconf 87' lang='lat' dir='ltr'><strong>Christi</strong></span> <span class='ocrx_word' id='word_1_147' title='bbox 2990 933 3388 1000; x_wconf 87' lang='lat' dir='ltr'><strong>clementiam,</strong></span> <span class='ocrx_word' id='word_1_148' title='bbox 3444 934 3595 1005; x_wconf 88' lang='lat' dir='ltr'><strong>quia</strong></span> 
     </span>
    </p>
   </div>
   <div class='ocr_carea' id='block_1_26' title="bbox 1934 1019 3592 1094">
    <p class='ocr_par' dir='ltr' id='par_1_26' title="bbox 1934 1019 3592 1094">
     <span class='ocr_line' id='line_1_26' title="bbox 1934 1019 3592 1094; baseline 0.002 -19"><span class='ocrx_word' id='word_1_149' title='bbox 1934 1020 2115 1089; x_wconf 87' lang='lat' dir='ltr'><strong>hujus</strong></span> <span class='ocrx_word' id='word_1_150' title='bbox 2136 1020 2315 1074; x_wconf 87' lang='lat' dir='ltr'><strong>etiam</strong></span> <span class='ocrx_word' id='word_1_151' title='bbox 2347 1020 2532 1090; x_wconf 87' lang='lat' dir='ltr'><strong>pedes</strong></span> <span class='ocrx_word' id='word_1_152' title='bbox 2558 1019 2716 1088; x_wconf 80' lang='lat' dir='ltr'><strong>lavit,</strong></span> <span class='ocrx_word' id='word_1_153' title='bbox 2740 1021 2847 1094; x_wconf 89' lang='lat' dir='ltr'><strong>qui</strong></span> <span class='ocrx_word' id='word_1_154' title='bbox 2903 1021 2963 1078; x_wconf 91' lang='lat' dir='ltr'><strong>in</strong></span> <span class='ocrx_word' id='word_1_155' title='bbox 3014 1024 3277 1094; x_wconf 86' lang='lat' dir='ltr'><strong>proximo</strong></span> <span class='ocrx_word' id='word_1_156' title='bbox 3306 1029 3431 1078; x_wconf 88' lang='lat' dir='ltr'><strong>erat</strong></span> <span class='ocrx_word' id='word_1_157' title='bbox 3455 1037 3592 1079; x_wconf 89' lang='lat' dir='ltr'><strong>eum</strong></span> 
     </span>
    </p>
   </div>
   <div class='ocr_carea' id='block_1_27' title="bbox 1939 1108 2284 1164">
    <p class='ocr_par' dir='ltr' id='par_1_27' title="bbox 1939 1108 2284 1164">
     <span class='ocr_line' id='line_1_27' title="bbox 1939 1108 2284 1164; baseline -0.003 -1"><span class='ocrx_word' id='word_1_158' title='bbox 1939 1108 2284 1164; x_wconf 85' lang='lat' dir='ltr'><strong>traditurus.</strong></span> 
     </span>
    </p>
   </div>
   <div class='ocr_carea' id='block_1_28' title="bbox 2294 1196 3225 1270">
    <p class='ocr_par' dir='ltr' id='par_1_28' title="bbox 2294 1196 3225 1270">
     <span class='ocr_line' id='line_1_28' title="bbox 2294 1196 3225 1270; baseline 0.001 -18"><span class='ocrx_word' id='word_1_159' title='bbox 2294 1196 2451 1253; x_wconf 88' lang='lat' dir='ltr'><strong>CAP.</strong></span> <span class='ocrx_word' id='word_1_160' title='bbox 2491 1199 2623 1254; x_wconf 83' lang='lat' dir='ltr'><strong>XVI.</strong></span> <span class='ocrx_word' id='word_1_161' title='bbox 2660 1201 2743 1256; x_wconf 88' lang='lat' dir='ltr'><strong>De</strong></span> <span class='ocrx_word' id='word_1_162' title='bbox 2765 1199 2979 1257; x_wconf 83' lang='lat' dir='ltr'><strong>lotione</strong></span> <span class='ocrx_word' id='word_1_163' title='bbox 2990 1201 3225 1270; x_wconf 81' lang='lat' dir='ltr'><strong>pedum.</strong></span> 
     </span>
    </p>
   </div>
   <div class='ocr_carea' id='block_1_29' title="bbox 2014 1284 3603 1363">
    <p class='ocr_par' dir='ltr' id='par_1_29' title="bbox 2014 1284 3603 1363">
     <span class='ocr_line' id='line_1_29' title="bbox 2014 1284 3603 1363; baseline 0.006 -25"><span class='ocrx_word' id='word_1_164' title='bbox 2014 1284 2173 1341; x_wconf 90' lang='lat' dir='ltr'><strong>Vers.</strong></span> <span class='ocrx_word' id='word_1_165' title='bbox 2189 1290 2240 1341; x_wconf 90' lang='lat'><strong>3.</strong></span> <span class='ocrx_word' id='word_1_166' title='bbox 2265 1286 2460 1344; x_wconf 82' lang='lat' dir='ltr'><strong>Sciens</strong></span> <span class='ocrx_word' id='word_1_167' title='bbox 2498 1304 2807 1346; x_wconf 87' lang='lat' dir='ltr'><strong>—manus.</strong></span> <span class='ocrx_word' id='word_1_168' title='bbox 2837 1291 3160 1363; x_wconf 89' lang='lat' dir='ltr'><strong>Tanquam</strong></span> <span class='ocrx_word' id='word_1_169' title='bbox 3182 1290 3326 1348; x_wconf 86' lang='lat' dir='ltr'><strong>Filio</strong></span> <span class='ocrx_word' id='word_1_170' title='bbox 3340 1290 3603 1363; x_wconf 88' lang='lat' dir='ltr'><strong>legitimo</strong></span> 
     </span>
    </p>
   </div>
   <div class='ocr_carea' id='block_1_30' title="bbox 1941 1376 3606 1445">
    <p class='ocr_par' dir='ltr' id='par_1_30' title="bbox 1941 1376 3606 1445">
     <span class='ocr_line' id='line_1_30' title="bbox 1941 1376 3606 1445; baseline 0.004 -15"><span class='ocrx_word' id='word_1_171' title='bbox 1941 1378 1997 1430; x_wconf 91' lang='lat' dir='ltr'><strong>et</strong></span> <span class='ocrx_word' id='word_1_172' title='bbox 2038 1376 2357 1445; x_wconf 88' lang='lat' dir='ltr'><strong>unigenito.</strong></span> <span class='ocrx_word' id='word_1_173' title='bbox 2415 1381 2689 1435; x_wconf 84' lang='lat' dir='ltr'><strong>Humano</strong></span> <span class='ocrx_word' id='word_1_174' title='bbox 2730 1387 2931 1435; x_wconf 90' lang='lat' dir='ltr'><strong>autem</strong></span> <span class='ocrx_word' id='word_1_175' title='bbox 2963 1396 3129 1437; x_wconf 92' lang='lat' dir='ltr'><strong>more</strong></span> <span class='ocrx_word' id='word_1_176' title='bbox 3176 1381 3361 1437; x_wconf 85' lang='lat' dir='ltr'><strong>dixit:</strong></span> <span class='ocrx_word' id='word_1_177' title='bbox 3393 1383 3606 1439; x_wconf 83' lang='lat' dir='ltr'><strong>Omnia</strong></span> 
     </span>
    </p>
   </div>
   <div class='ocr_carea' id='block_1_31' title="bbox 1942 1464 3601 1541">
    <p class='ocr_par' dir='ltr' id='par_1_31' title="bbox 1942 1464 3601 1541">
     <span class='ocr_line' id='line_1_31' title="bbox 1942 1464 3601 1541; baseline 0.005 -24"><span class='ocrx_word' id='word_1_178' title='bbox 1942 1464 2101 1518; x_wconf 85' lang='lat' dir='ltr'><strong>dedit</strong></span> <span class='ocrx_word' id='word_1_179' title='bbox 2130 1466 2243 1533; x_wconf 83' lang='lat' dir='ltr'><strong>ipsi</strong></span> <span class='ocrx_word' id='word_1_180' title='bbox 2270 1468 2453 1522; x_wconf 89' lang='lat' dir='ltr'><strong>Pater</strong></span> <span class='ocrx_word' id='word_1_181' title='bbox 2481 1468 2541 1522; x_wconf 90' lang='lat' dir='ltr'><strong>in</strong></span> <span class='ocrx_word' id='word_1_182' title='bbox 2563 1482 2798 1533; x_wconf 83' lang='lat' dir='ltr'><strong>manus,</strong></span> <span class='ocrx_word' id='word_1_183' title='bbox 2819 1468 3324 1541; x_wconf 84' lang='lat' dir='ltr'><strong>Christumipsum</strong></span> <span class='ocrx_word' id='word_1_184' title='bbox 3339 1471 3601 1540; x_wconf 87' lang='lat' dir='ltr'><strong>imitans,</strong></span> 
     </span>
    </p>
   </div>
   <div class='ocr_carea' id='block_1_32' title="bbox 1943 1551 3604 1630">
    <p class='ocr_par' dir='ltr' id='par_1_32' title="bbox 1943 1551 3604 1630">
     <span class='ocr_line' id='line_1_32' title="bbox 1943 1551 3604 1630; baseline 0.005 -24"><span class='ocrx_word' id='word_1_185' title='bbox 1943 1553 2048 1623; x_wconf 89' lang='lat' dir='ltr'><strong>qui</strong></span> <span class='ocrx_word' id='word_1_186' title='bbox 2069 1551 2405 1625; x_wconf 82' lang='lat' dir='ltr'><strong>frequenter</strong></span> <span class='ocrx_word' id='word_1_187' title='bbox 2433 1555 2772 1627; x_wconf 77' lang='lat' dir='ltr'><strong>huiusmodi</strong></span> <span class='ocrx_word' id='word_1_188' title='bbox 2804 1556 2879 1612; x_wconf 89' lang='lat' dir='ltr'><strong>de</strong></span> <span class='ocrx_word' id='word_1_189' title='bbox 2914 1572 2975 1612; x_wconf 92' lang='lat' dir='ltr'><strong>se</strong></span> <span class='ocrx_word' id='word_1_190' title='bbox 3000 1558 3426 1630; x_wconf 86' lang='lat' dir='ltr'><strong>dispensatorie</strong></span> <span class='ocrx_word' id='word_1_191' title='bbox 3455 1559 3604 1615; x_wconf 89' lang='lat' dir='ltr'><strong>solet</strong></span> 
     </span>
    </p>
   </div>
   <div class='ocr_carea' id='block_1_33' title="bbox 1946 1642 3602 1707">
    <p class='ocr_par' dir='ltr' id='par_1_33' title="bbox 1946 1642 3602 1707">
     <span class='ocr_line' id='line_1_33' title="bbox 1946 1642 3602 1707; baseline 0.005 -10"><span class='ocrx_word' id='word_1_192' title='bbox 1946 1642 2155 1707; x_wconf 84' lang='lat' dir='ltr'><strong>dicere,</strong></span> <span class='ocrx_word' id='word_1_193' title='bbox 2191 1644 2342 1699; x_wconf 87' lang='lat' dir='ltr'><strong>sicut</strong></span> <span class='ocrx_word' id='word_1_194' title='bbox 2368 1646 2549 1700; x_wconf 86' lang='lat' dir='ltr'><strong>variis</strong></span> <span class='ocrx_word' id='word_1_195' title='bbox 2580 1646 2636 1700; x_wconf 91' lang='lat' dir='ltr'><strong>in</strong></span> <span class='ocrx_word' id='word_1_196' title='bbox 2664 1646 2807 1701; x_wconf 90' lang='lat' dir='ltr'><strong>locis</strong></span> <span class='ocrx_word' id='word_1_197' title='bbox 2859 1646 3140 1701; x_wconf 80' lang='lat' dir='ltr'><strong>diximus.</strong></span> <span class='ocrx_word' id='word_1_198' title='bbox 3189 1648 3349 1704; x_wconf 84' lang='lat' dir='ltr'><strong>Sicut</strong></span> <span class='ocrx_word' id='word_1_199' title='bbox 3399 1654 3602 1705; x_wconf 88' lang='lat' dir='ltr'><strong>autem</strong></span> 
     </span>
    </p>
   </div>
   <div class='ocr_carea' id='block_1_34' title="bbox 1950 1732 3601 1799">
    <p class='ocr_par' dir='ltr' id='par_1_34' title="bbox 1950 1732 3601 1799">
     <span class='ocr_line' id='line_1_34' title="bbox 1950 1732 3601 1799; baseline 0.004 -13"><span class='ocrx_word' id='word_1_200' title='bbox 1950 1733 2108 1787; x_wconf 88' lang='lat' dir='ltr'><strong>Pater</strong></span> <span class='ocrx_word' id='word_1_201' title='bbox 2138 1732 2317 1788; x_wconf 85' lang='lat' dir='ltr'><strong>tradit</strong></span> <span class='ocrx_word' id='word_1_202' title='bbox 2357 1734 2516 1799; x_wconf 87' lang='lat' dir='ltr'><strong>Filio,</strong></span> <span class='ocrx_word' id='word_1_203' title='bbox 2575 1736 2660 1789; x_wconf 90' lang='lat' dir='ltr'><strong>sic</strong></span> <span class='ocrx_word' id='word_1_204' title='bbox 2710 1740 2769 1790; x_wconf 89' lang='lat' dir='ltr'><strong>et</strong></span> <span class='ocrx_word' id='word_1_205' title='bbox 2811 1735 2984 1790; x_wconf 86' lang='lat' dir='ltr'><strong>Filius</strong></span> <span class='ocrx_word' id='word_1_206' title='bbox 3042 1736 3221 1791; x_wconf 80' lang='lat' dir='ltr'><strong>Patri.</strong></span> <span class='ocrx_word' id='word_1_207' title='bbox 3293 1737 3383 1793; x_wconf 87' lang='lat' dir='ltr'><strong>Ait</strong></span> <span class='ocrx_word' id='word_1_208' title='bbox 3439 1737 3601 1793; x_wconf 92' lang='lat' dir='ltr'><strong>enim</strong></span> 
     </span>
    </p>
   </div>
   <div class='ocr_carea' id='block_1_35' title="bbox 238 1817 1844 1898">
    <p class='ocr_par' dir='ltr' id='par_1_35' title="bbox 238 1817 1839 1898">
     <span class='ocr_line' id='line_1_35' title="bbox 238 1817 1839 1898; baseline -0.006 -18"><span class='ocrx_word' id='word_1_209' title='bbox 238 1832 376 1885; x_wconf 82' lang='grc' dir='ltr'><strong>Φησὶ</strong></span> <span class='ocrx_word' id='word_1_210' title='bbox 400 1829 501 1898; x_wconf 76' lang='grc' dir='ltr'><strong>’γὰρ</strong></span> <span class='ocrx_word' id='word_1_211' title='bbox 536 1824 755 1885; x_wconf 64' lang='grc' dir='ltr'>Παῦλος</span> <span class='ocrx_word' id='word_1_212' title='bbox 779 1822 936 1875; x_wconf 80' lang='grc' dir='ltr'>’Ὸταν</span> <span class='ocrx_word' id='word_1_213' title='bbox 970 1817 1192 1893; x_wconf 85' lang='grc' dir='ltr'>παραδῷ</span> <span class='ocrx_word' id='word_1_214' title='bbox 1212 1824 1306 1878; x_wconf 78' lang='grc' dir='ltr'><strong>τὴν</strong></span> <span class='ocrx_word' id='word_1_215' title='bbox 1339 1818 1610 1891; x_wconf 82' lang='grc' dir='ltr'>βασιλείαν</span> <span class='ocrx_word' id='word_1_216' title='bbox 1631 1827 1702 1889; x_wconf 85' lang='grc' dir='ltr'>τῷ</span> <span class='ocrx_word' id='word_1_217' title='bbox 1732 1822 1839 1888; x_wconf 85' lang='grc' dir='ltr'><strong>Θεῷ</strong></span> 
     </span>
    </p>
   </div>
   <div class='ocr_carea' id='block_1_36' title="bbox 1974 1817 3601 1898">
    <p class='ocr_par' dir='ltr' id='par_1_36' title="bbox 1974 1820 3601 1895">
     <span class='ocr_line' id='line_1_36' title="bbox 1974 1820 3601 1895; baseline 0.003 -19"><span class='ocrx_word' id='word_1_218' title='bbox 1974 1820 2200 1877; x_wconf 76' lang='lat' dir='ltr'><strong>’aulus:</strong></span> <span class='ocrx_word' id='word_1_219' title='bbox 2241 1823 2387 1877; x_wconf 82' lang='lat' dir='ltr'><strong>Cum</strong></span> <span class='ocrx_word' id='word_1_220' title='bbox 2429 1823 2746 1880; x_wconf 73' lang='lat' dir='ltr'><strong>tradiderit</strong></span> <span class='ocrx_word' id='word_1_221' title='bbox 2802 1838 3053 1895; x_wconf 82' lang='lat' dir='ltr'><strong>regnum</strong></span> <span class='ocrx_word' id='word_1_222' title='bbox 3084 1827 3198 1881; x_wconf 87' lang='lat' dir='ltr'><strong>Deo</strong></span> <span class='ocrx_word' id='word_1_223' title='bbox 3228 1831 3283 1881; x_wconf 87' lang='lat' dir='ltr'><strong>et</strong></span> <span class='ocrx_word' id='word_1_224' title='bbox 3320 1827 3497 1883; x_wconf 85' lang='lat' dir='ltr'><strong>Patri</strong></span> <span class='ocrx_word' id='word_1_225' title='bbox 3532 1828 3601 1881; x_wconf 72' lang='grc'><strong>⁵⁸.</strong></span> 
     </span>
    </p>
   </div>
   <div class='ocr_carea' id='block_1_37' title="bbox 237 1920 550 1988">
    <p class='ocr_par' dir='ltr' id='par_1_37' title="bbox 237 1920 550 1988">
     <span class='ocr_line' id='line_1_37' title="bbox 237 1920 550 1988; baseline -0.01 -19"><span class='ocrx_word' id='word_1_226' title='bbox 237 1921 329 1969; x_wconf 81' lang='grc' dir='ltr'><strong>καὶ</strong></span> <span class='ocrx_word' id='word_1_227' title='bbox 362 1920 550 1988; x_wconf 83' lang='grc' dir='ltr'>Πατρί.</span> 
     </span>
    </p>
   </div>
   <div class='ocr_carea' id='block_1_38' title="bbox 316 1999 1841 2072">
    <p class='ocr_par' dir='ltr' id='par_1_38' title="bbox 316 1999 1841 2072">
     <span class='ocr_line' id='line_1_38' title="bbox 316 1999 1841 2072; baseline -0.007 -15"><span class='ocrx_word' id='word_1_228' title='bbox 316 2009 417 2057; x_wconf 79' lang='grc' dir='ltr'><strong>Καὶ</strong></span> <span class='ocrx_word' id='word_1_229' title='bbox 460 2035 528 2043; x_wconf 90' lang='grc'><strong>-</strong></span> <span class='ocrx_word' id='word_1_230' title='bbox 574 2003 781 2072; x_wconf 76' lang='grc' dir='ltr'><strong>ὑπάγει.</strong></span> <span class='ocrx_word' id='word_1_231' title='bbox 836 1999 924 2060; x_wconf 73' lang='grc' dir='ltr'>Ὠς</span> <span class='ocrx_word' id='word_1_232' title='bbox 970 2002 1091 2060; x_wconf 76' lang='grc' dir='ltr'>Υἱὸς</span> <span class='ocrx_word' id='word_1_233' title='bbox 1141 2006 1272 2052; x_wconf 86' lang='grc' dir='ltr'><strong>Θεοῦ</strong></span> <span class='ocrx_word' id='word_1_234' title='bbox 1328 2003 1419 2050; x_wconf 82' lang='grc' dir='ltr'>καὶ</span> <span class='ocrx_word' id='word_1_235' title='bbox 1473 2001 1613 2058; x_wconf 87' lang='grc' dir='ltr'>Θεός.</span> <span class='ocrx_word' id='word_1_236' title='bbox 1675 2000 1841 2053; x_wconf 78' lang='grc' dir='ltr'>Φησὶν</span> 
     </span>
    </p>
   </div>
   <div class='ocr_carea' id='block_1_39' title="bbox 241 2088 1841 2161">
    <p class='ocr_par' dir='ltr' id='par_1_39' title="bbox 241 2088 1841 2161">
     <span class='ocr_line' id='line_1_39' title="bbox 241 2088 1841 2161; baseline -0.008 -14"><span class='ocrx_word' id='word_1_237' title='bbox 241 2092 330 2147; x_wconf 67' lang='grc' dir='ltr'><strong>οὖν</strong></span> <span class='ocrx_word' id='word_1_238' title='bbox 375 2095 454 2145; x_wconf 83' lang='grc' dir='ltr'><strong>ὅτι</strong></span> <span class='ocrx_word' id='word_1_239' title='bbox 498 2088 645 2151; x_wconf 82' lang='grc' dir='ltr'>εἰδὼς</span> <span class='ocrx_word' id='word_1_240' title='bbox 690 2090 868 2142; x_wconf 82' lang='grc' dir='ltr'><strong>ἑαυτὸν</strong></span> <span class='ocrx_word' id='word_1_241' title='bbox 916 2089 1326 2161; x_wconf 83' lang='grc' dir='ltr'>παντοκράτορα,</span> <span class='ocrx_word' id='word_1_242' title='bbox 1376 2091 1466 2138; x_wconf 87' lang='grc' dir='ltr'>καὶ</span> <span class='ocrx_word' id='word_1_243' title='bbox 1522 2088 1639 2137; x_wconf 81' lang='grc' dir='ltr'>Υὶόν</span> <span class='ocrx_word' id='word_1_244' title='bbox 1687 2091 1841 2147; x_wconf 82' lang='grc' dir='ltr'>Θεοῦ,</span> 
     </span>
    </p>
   </div>
   <div class='ocr_carea' id='block_1_40' title="bbox 240 2173 1841 2251">
    <p class='ocr_par' dir='ltr' id='par_1_40' title="bbox 240 2173 1841 2251">
     <span class='ocr_line' id='line_1_40' title="bbox 240 2173 1841 2251; baseline -0.007 -16"><span class='ocrx_word' id='word_1_245' title='bbox 240 2188 332 2235; x_wconf 86' lang='grc' dir='ltr'>καὶ</span> <span class='ocrx_word' id='word_1_246' title='bbox 395 2183 657 2240; x_wconf 76' lang='grc' dir='ltr'>τοσαύτης</span> <span class='ocrx_word' id='word_1_247' title='bbox 715 2181 804 2251; x_wconf 72' lang='grc' dir='ltr'><strong>μεν</strong></span> <span class='ocrx_word' id='word_1_248' title='bbox 873 2176 1131 2243; x_wconf 81' lang='grc' dir='ltr'>ἐξουσίας,</span> <span class='ocrx_word' id='word_1_249' title='bbox 1181 2176 1498 2236; x_wconf 76' lang='grc' dir='ltr'><strong>τηλικαύτης</strong></span> <span class='ocrx_word' id='word_1_250' title='bbox 1555 2175 1613 2227; x_wconf 70' lang='grc' dir='ltr'><strong>ὸὲ</strong></span> <span class='ocrx_word' id='word_1_251' title='bbox 1674 2173 1841 2239; x_wconf 70' lang='grc' dir='ltr'>ἀξίας,</span> 
     </span>
    </p>
   </div>
   <div class='ocr_carea' id='block_1_41' title="bbox 244 2264 1845 2343">
    <p class='ocr_par' dir='ltr' id='par_1_41' title="bbox 244 2264 1845 2343">
     <span class='ocr_line' id='line_1_41' title="bbox 244 2264 1845 2343; baseline -0.007 -20"><span class='ocrx_word' id='word_1_252' title='bbox 244 2274 380 2343; x_wconf 86' lang='grc' dir='ltr'>ὅμως</span> <span class='ocrx_word' id='word_1_253' title='bbox 432 2270 499 2330; x_wconf 85' lang='grc' dir='ltr'>εἰς</span> <span class='ocrx_word' id='word_1_254' title='bbox 542 2270 705 2341; x_wconf 80' lang='grc' dir='ltr'>ἄκραν</span> <span class='ocrx_word' id='word_1_255' title='bbox 750 2264 1045 2337; x_wconf 78' lang='grc' dir='ltr'>συγκατέϐη</span> <span class='ocrx_word' id='word_1_256' title='bbox 1099 2270 1430 2317; x_wconf 63' lang='grc' dir='ltr'>ταπείνωσιν</span> <span class='ocrx_word' id='word_1_257' title='bbox 1466 2264 1575 2335; x_wconf 79' lang='grc' dir='ltr'>οἶμα</span> <span class='ocrx_word' id='word_1_258' title='bbox 1623 2266 1712 2336; x_wconf 68' lang='grc' dir='ltr'><strong>μὲν</strong></span> <span class='ocrx_word' id='word_1_259' title='bbox 1751 2267 1845 2320; x_wconf 83' lang='grc' dir='ltr'>τὴν</span> 
     </span>
    </p>
   </div>
   <div class='ocr_carea' id='block_1_42' title="bbox 244 2348 1845 2431">
    <p class='ocr_par' dir='ltr' id='par_1_42' title="bbox 244 2348 1845 2431">
     <span class='ocr_line' id='line_1_42' title="bbox 244 2348 1845 2431; baseline -0.007 -19"><span class='ocrx_word' id='word_1_260' title='bbox 244 2362 318 2422; x_wconf 80' lang='grc' dir='ltr'>εἰς</span> <span class='ocrx_word' id='word_1_261' title='bbox 334 2364 456 2420; x_wconf 77' lang='grc' dir='ltr'>τοὺς</span> <span class='ocrx_word' id='word_1_262' title='bbox 479 2360 711 2431; x_wconf 80' lang='grc' dir='ltr'>μαθητὰς</span> <span class='ocrx_word' id='word_1_263' title='bbox 730 2355 936 2426; x_wconf 72' lang='grc' dir='ltr'><strong>ἀγάπην</strong></span> <span class='ocrx_word' id='word_1_264' title='bbox 957 2351 1358 2425; x_wconf 79' lang='grc' dir='ltr'>ἐνδείκνύμενος,</span> <span class='ocrx_word' id='word_1_265' title='bbox 1378 2353 1488 2424; x_wconf 82' lang='grc' dir='ltr'>οἶμα</span> <span class='ocrx_word' id='word_1_266' title='bbox 1510 2350 1568 2405; x_wconf 69' lang='grc' dir='ltr'>δὲ</span> <span class='ocrx_word' id='word_1_267' title='bbox 1584 2348 1845 2404; x_wconf 78' lang='grc' dir='ltr'><strong>παιδεύων</strong></span> 
     </span>
    </p>
   </div>
   <div class='ocr_carea' id='block_1_43' title="bbox 245 2449 892 2517">
    <p class='ocr_par' dir='ltr' id='par_1_43' title="bbox 245 2449 892 2517">
     <span class='ocr_line' id='line_1_43' title="bbox 245 2449 892 2517; baseline -0.006 -16"><span class='ocrx_word' id='word_1_268' title='bbox 245 2449 433 2508; x_wconf 77' lang='grc' dir='ltr'>αὐτοὺς</span> <span class='ocrx_word' id='word_1_269' title='bbox 463 2452 892 2517; x_wconf 79' lang='grc' dir='ltr'>ταπεινοφρονεῐν.</span> 
     </span>
    </p>
   </div>
   <div class='ocr_carea' id='block_1_44' title="bbox 320 2529 1846 2609">
    <p class='ocr_par' dir='ltr' id='par_1_44' title="bbox 320 2529 1846 2609">
     <span class='ocr_line' id='line_1_44' title="bbox 320 2529 1846 2609; baseline -0.007 -20"><span class='ocrx_word' id='word_1_270' title='bbox 320 2540 602 2609; x_wconf 65' lang='grc' dir='ltr'>Ἐγείρεται</span> <span class='ocrx_word' id='word_1_271' title='bbox 649 2566 718 2574; x_wconf 91' lang='lat'><strong>—</strong></span> <span class='ocrx_word' id='word_1_272' title='bbox 779 2536 981 2605; x_wconf 76' lang='grc' dir='ltr'>ἱμάτια.</span> <span class='ocrx_word' id='word_1_273' title='bbox 1043 2532 1119 2583; x_wconf 70' lang='grc' dir='ltr'><strong>Οὐ</strong></span> <span class='ocrx_word' id='word_1_274' title='bbox 1174 2533 1361 2595; x_wconf 79' lang='grc' dir='ltr'>πάντα,</span> <span class='ocrx_word' id='word_1_275' title='bbox 1396 2529 1521 2582; x_wconf 82' lang='grc' dir='ltr'><strong>ἀλλά</strong></span> <span class='ocrx_word' id='word_1_276' title='bbox 1568 2532 1626 2581; x_wconf 84' lang='grc' dir='ltr'>τὸ</span> <span class='ocrx_word' id='word_1_277' title='bbox 1665 2529 1846 2591; x_wconf 81' lang='grc' dir='ltr'>ἔξωθεν</span> 
     </span>
    </p>
   </div>
   <div class='ocr_carea' id='block_1_45' title="bbox 244 2618 1850 2700">
    <p class='ocr_par' dir='ltr' id='par_1_45' title="bbox 244 2618 1850 2700">
     <span class='ocr_line' id='line_1_45' title="bbox 244 2618 1850 2700; baseline -0.007 -21"><span class='ocrx_word' id='word_1_278' title='bbox 244 2626 592 2700; x_wconf 76' lang='grc' dir='ltr'>περιϐόλαιον,</span> <span class='ocrx_word' id='word_1_279' title='bbox 618 2624 646 2683; x_wconf 72' lang='grc' dir='ltr'><em>ἦ</em></span> <span class='ocrx_word' id='word_1_280' title='bbox 676 2628 764 2676; x_wconf 86' lang='grc' dir='ltr'><strong>καὶ</strong></span> <span class='ocrx_word' id='word_1_281' title='bbox 805 2626 862 2675; x_wconf 87' lang='grc' dir='ltr'>τό</span> <span class='ocrx_word' id='word_1_282' title='bbox 892 2622 1000 2695; x_wconf 80' lang='grc' dir='ltr'>μετ’</span> <span class='ocrx_word' id='word_1_283' title='bbox 1039 2620 1219 2685; x_wconf 84' lang='grc' dir='ltr'>ἐκεῖνο,</span> <span class='ocrx_word' id='word_1_284' title='bbox 1246 2624 1373 2693; x_wconf 89' lang='grc' dir='ltr'>πρὸς</span> <span class='ocrx_word' id='word_1_285' title='bbox 1416 2624 1473 2671; x_wconf 89' lang='grc' dir='ltr'><strong>τὸ</strong></span> <span class='ocrx_word' id='word_1_286' title='bbox 1514 2620 1627 2690; x_wconf 87' lang='grc'><strong>(86)</strong></span> <span class='ocrx_word' id='word_1_287' title='bbox 1660 2618 1850 2669; x_wconf 73' lang='grc' dir='ltr'>εὐστα-</span> 
     </span>
    </p>
   </div>
   <div class='ocr_carea' id='block_1_46' title="bbox 244 2713 517 2776">
    <p class='ocr_par' dir='ltr' id='par_1_46' title="bbox 244 2713 517 2776">
     <span class='ocr_line' id='line_1_46' title="bbox 244 2713 517 2776; baseline 0 -7"><span class='ocrx_word' id='word_1_288' title='bbox 244 2718 336 2776; x_wconf 80' lang='grc' dir='ltr'><strong>λὴς</strong></span> <span class='ocrx_word' id='word_1_289' title='bbox 372 2713 517 2769; x_wconf 87' lang='grc' dir='ltr'>εἶναι.</span> 
     </span>
    </p>
   </div>
   <div class='ocr_carea' id='block_1_47' title="bbox 324 2879 1851 2955">
    <p class='ocr_par' dir='ltr' id='par_1_47' title="bbox 324 2879 1851 2955">
     <span class='ocr_line' id='line_1_47' title="bbox 324 2879 1851 2955; baseline -0.007 -11"><span class='ocrx_word' id='word_1_290' title='bbox 324 2897 423 2944; x_wconf 82' lang='grc' dir='ltr'><strong>Καὶ</strong></span> <span class='ocrx_word' id='word_1_291' title='bbox 470 2888 638 2942; x_wconf 80' lang='grc' dir='ltr'>λαϐὼν</span> <span class='ocrx_word' id='word_1_292' title='bbox 690 2919 760 2929; x_wconf 90' lang='grc'><strong>-</strong></span> <span class='ocrx_word' id='word_1_293' title='bbox 812 2886 1010 2939; x_wconf 81' lang='grc' dir='ltr'><strong>ἑαυτὸν.</strong></span> <span class='ocrx_word' id='word_1_294' title='bbox 1056 2891 1139 2955; x_wconf 84' lang='grc' dir='ltr'><strong>Τῷ</strong></span> <span class='ocrx_word' id='word_1_295' title='bbox 1194 2883 1371 2955; x_wconf 66' lang='grc' dir='ltr'>λεντίῳ</span> <span class='ocrx_word' id='word_1_296' title='bbox 1432 2879 1679 2945; x_wconf 79' lang='grc' dir='ltr'><strong>διέζωσεν</strong></span> <span class='ocrx_word' id='word_1_297' title='bbox 1737 2882 1851 2935; x_wconf 81' lang='grc' dir='ltr'><strong>ἑαυ-</strong></span> 
     </span>
    </p>
   </div>
   <div class='ocr_carea' id='block_1_48' title="bbox 249 2967 1851 3052">
    <p class='ocr_par' dir='ltr' id='par_1_48' title="bbox 249 2967 1851 3052">
     <span class='ocr_line' id='line_1_48' title="bbox 249 2967 1851 3052; baseline -0.006 -20"><span class='ocrx_word' id='word_1_298' title='bbox 249 2982 336 3032; x_wconf 85' lang='grc' dir='ltr'>τὸν</span> <span class='ocrx_word' id='word_1_299' title='bbox 388 2982 519 3052; x_wconf 88' lang='grc' dir='ltr'>πρὸς</span> <span class='ocrx_word' id='word_1_300' title='bbox 574 2981 633 3029; x_wconf 87' lang='grc' dir='ltr'>τὸ</span> <span class='ocrx_word' id='word_1_301' title='bbox 691 2974 972 3048; x_wconf 78' lang='grc' dir='ltr'><strong>ἐκμάσσειν</strong></span> <span class='ocrx_word' id='word_1_302' title='bbox 1031 2970 1102 3025; x_wconf 87' lang='grc' dir='ltr'><strong>δι’</strong></span> <span class='ocrx_word' id='word_1_303' title='bbox 1159 2972 1319 3025; x_wconf 78' lang='grc' dir='ltr'>αὐτοῦ</span> <span class='ocrx_word' id='word_1_304' title='bbox 1366 2976 1483 3032; x_wconf 85' lang='grc' dir='ltr'>τοὺς</span> <span class='ocrx_word' id='word_1_305' title='bbox 1528 2967 1699 3033; x_wconf 80' lang='grc' dir='ltr'>πόδας</span> <span class='ocrx_word' id='word_1_306' title='bbox 1750 2980 1851 3023; x_wconf 86' lang='grc' dir='ltr'><strong>τῶν</strong></span> 
     </span>
    </p>
   </div>
   <div class='ocr_carea' id='block_1_49' title="bbox 249 3070 587 3139">
    <p class='ocr_par' dir='ltr' id='par_1_49' title="bbox 249 3070 587 3139">
     <span class='ocr_line' id='line_1_49' title="bbox 249 3070 587 3139; baseline 0 -19"><span class='ocrx_word' id='word_1_307' title='bbox 249 3070 587 3139; x_wconf 82' lang='grc' dir='ltr'>νιπτομένων.</span> 
     </span>
    </p>
   </div>
   <div class='ocr_carea' id='block_1_50' title="bbox 2025 1997 3607 2074">
    <p class='ocr_par' dir='ltr' id='par_1_50' title="bbox 2025 1997 3607 2074">
     <span class='ocr_line' id='line_1_50' title="bbox 2025 1997 3607 2074; baseline 0.006 -25"><span class='ocrx_word' id='word_1_308' title='bbox 2025 1997 2191 2053; x_wconf 88' lang='lat' dir='ltr'><strong>Vers.</strong></span> <span class='ocrx_word' id='word_1_309' title='bbox 2218 2002 2267 2055; x_wconf 84' lang='lat'><strong>3.</strong></span> <span class='ocrx_word' id='word_1_310' title='bbox 2296 2000 2374 2055; x_wconf 89' lang='lat' dir='ltr'><strong>Et</strong></span> <span class='ocrx_word' id='word_1_311' title='bbox 2405 2031 2474 2041; x_wconf 97' lang='lat'><strong>—</strong></span> <span class='ocrx_word' id='word_1_312' title='bbox 2494 2002 2625 2057; x_wconf 85' lang='lat' dir='ltr'><strong>iret.</strong></span> <span class='ocrx_word' id='word_1_313' title='bbox 2654 2003 2955 2074; x_wconf 88' lang='lat' dir='ltr'><strong>Tanquam</strong></span> <span class='ocrx_word' id='word_1_314' title='bbox 2982 2002 3161 2058; x_wconf 90' lang='lat' dir='ltr'><strong>Filius</strong></span> <span class='ocrx_word' id='word_1_315' title='bbox 3206 2002 3301 2058; x_wconf 92' lang='lat' dir='ltr'><strong>Dei</strong></span> <span class='ocrx_word' id='word_1_316' title='bbox 3336 2019 3402 2059; x_wconf 81' lang='lat' dir='ltr'><strong>ac</strong></span> <span class='ocrx_word' id='word_1_317' title='bbox 3430 2004 3607 2059; x_wconf 89' lang='lat' dir='ltr'><strong>Deus.</strong></span> 
     </span>
    </p>
   </div>
   <div class='ocr_carea' id='block_1_51' title="bbox 1955 2088 3615 2163">
    <p class='ocr_par' dir='ltr' id='par_1_51' title="bbox 1955 2088 3615 2163">
     <span class='ocr_line' id='line_1_51' title="bbox 1955 2088 3615 2163; baseline 0.004 -21"><span class='ocrx_word' id='word_1_318' title='bbox 1955 2088 2043 2142; x_wconf 90' lang='lat' dir='ltr'><strong>Ait</strong></span> <span class='ocrx_word' id='word_1_319' title='bbox 2069 2103 2211 2157; x_wconf 90' lang='lat' dir='ltr'><strong>ergo</strong></span> <span class='ocrx_word' id='word_1_320' title='bbox 2273 2110 2285 2143; x_wconf 92' lang='lat'><strong>:</strong></span> <span class='ocrx_word' id='word_1_321' title='bbox 2338 2090 2540 2146; x_wconf 85' lang='lat' dir='ltr'><strong>Sciens</strong></span> <span class='ocrx_word' id='word_1_322' title='bbox 2600 2091 2869 2162; x_wconf 89' lang='lat' dir='ltr'><strong>seipsum</strong></span> <span class='ocrx_word' id='word_1_323' title='bbox 2916 2091 3385 2163; x_wconf 90' lang='lat' dir='ltr'><strong>omnipotentem</strong></span> <span class='ocrx_word' id='word_1_324' title='bbox 3419 2108 3491 2148; x_wconf 91' lang='lat' dir='ltr'><strong>ac</strong></span> <span class='ocrx_word' id='word_1_325' title='bbox 3515 2092 3615 2149; x_wconf 88' lang='lat' dir='ltr'><strong>Dei</strong></span> 
     </span>
    </p>
   </div>
   <div class='ocr_carea' id='block_1_52' title="bbox 1958 2176 3617 2254">
    <p class='ocr_par' dir='ltr' id='par_1_52' title="bbox 1958 2176 3617 2254">
     <span class='ocr_line' id='line_1_52' title="bbox 1958 2176 3617 2254; baseline 0.003 -22"><span class='ocrx_word' id='word_1_326' title='bbox 1958 2176 2198 2233; x_wconf 87' lang='lat' dir='ltr'><strong>Filium:</strong></span> <span class='ocrx_word' id='word_1_327' title='bbox 2227 2177 2363 2233; x_wconf 90' lang='lat' dir='ltr'><strong>licet</strong></span> <span class='ocrx_word' id='word_1_328' title='bbox 2394 2183 2573 2234; x_wconf 66' lang='lat' dir='ltr'><strong>tanta:</strong></span> <span class='ocrx_word' id='word_1_329' title='bbox 2604 2185 2761 2235; x_wconf 89' lang='lat' dir='ltr'><strong>esset</strong></span> <span class='ocrx_word' id='word_1_330' title='bbox 2804 2180 2936 2251; x_wconf 84' lang='lat' dir='ltr'><strong>(hh)</strong></span> <span class='ocrx_word' id='word_1_331' title='bbox 2975 2182 3308 2251; x_wconf 86' lang='lat' dir='ltr'><strong>potestatis,</strong></span> <span class='ocrx_word' id='word_1_332' title='bbox 3363 2181 3617 2254; x_wconf 86' lang='lat' dir='ltr'><strong>talisque</strong></span> 
     </span>
    </p>
   </div>
   <div class='ocr_carea' id='block_1_53' title="bbox 1956 2265 3619 2337">
    <p class='ocr_par' dir='ltr' id='par_1_53' title="bbox 1956 2265 3619 2337">
     <span class='ocr_line' id='line_1_53' title="bbox 1956 2265 3619 2337; baseline 0.004 -19"><span class='ocrx_word' id='word_1_333' title='bbox 1956 2265 2274 2337; x_wconf 84' lang='lat' dir='ltr'><strong>dignitatis,</strong></span> <span class='ocrx_word' id='word_1_334' title='bbox 2304 2267 2381 2321; x_wconf 91' lang='lat' dir='ltr'><strong>ad</strong></span> <span class='ocrx_word' id='word_1_335' title='bbox 2406 2272 2731 2323; x_wconf 84' lang='lat' dir='ltr'><strong>extremam</strong></span> <span class='ocrx_word' id='word_1_336' title='bbox 2766 2274 2961 2323; x_wconf 89' lang='lat' dir='ltr'><strong>tamen</strong></span> <span class='ocrx_word' id='word_1_337' title='bbox 2992 2268 3297 2325; x_wconf 86' lang='lat' dir='ltr'><strong>descendit</strong></span> <span class='ocrx_word' id='word_1_338' title='bbox 3320 2270 3619 2325; x_wconf 87' lang='lat' dir='ltr'><strong>humilita-</strong></span> 
     </span>
    </p>
   </div>
   <div class='ocr_carea' id='block_1_54' title="bbox 1957 2355 3611 2428">
    <p class='ocr_par' dir='ltr' id='par_1_54' title="bbox 1957 2355 3611 2428">
     <span class='ocr_line' id='line_1_54' title="bbox 1957 2355 3611 2428; baseline 0.002 -20"><span class='ocrx_word' id='word_1_339' title='bbox 1957 2360 2093 2419; x_wconf 87' lang='lat' dir='ltr'><strong>tem,</strong></span> <span class='ocrx_word' id='word_1_340' title='bbox 2128 2360 2253 2409; x_wconf 89' lang='lat' dir='ltr'><strong>tum</strong></span> <span class='ocrx_word' id='word_1_341' title='bbox 2275 2355 2654 2411; x_wconf 87' lang='lat' dir='ltr'><strong>dilectionem</strong></span> <span class='ocrx_word' id='word_1_342' title='bbox 2701 2372 2845 2426; x_wconf 83' lang='lat' dir='ltr'><strong>erga</strong></span> <span class='ocrx_word' id='word_1_343' title='bbox 2903 2357 3230 2428; x_wconf 88' lang='lat' dir='ltr'><strong>discipulos</strong></span> <span class='ocrx_word' id='word_1_344' title='bbox 3263 2358 3611 2423; x_wconf 86' lang='lat' dir='ltr'><strong>ostendens,</strong></span> 
     </span>
    </p>
   </div>
   <div class='ocr_carea' id='block_1_55' title="bbox 1958 2442 3115 2500">
    <p class='ocr_par' dir='ltr' id='par_1_55' title="bbox 1958 2442 3115 2500">
     <span class='ocr_line' id='line_1_55' title="bbox 1958 2442 3115 2500; baseline 0.002 -3"><span class='ocrx_word' id='word_1_345' title='bbox 1958 2447 2082 2497; x_wconf 87' lang='lat' dir='ltr'><strong>tum</strong></span> <span class='ocrx_word' id='word_1_346' title='bbox 2111 2458 2213 2497; x_wconf 91' lang='lat' dir='ltr'><strong>eos</strong></span> <span class='ocrx_word' id='word_1_347' title='bbox 2247 2442 2427 2497; x_wconf 90' lang='lat' dir='ltr'><strong>animi</strong></span> <span class='ocrx_word' id='word_1_348' title='bbox 2456 2443 2814 2499; x_wconf 88' lang='lat' dir='ltr'><strong>modestiam</strong></span> <span class='ocrx_word' id='word_1_349' title='bbox 2839 2444 3115 2500; x_wconf 89' lang='lat' dir='ltr'><strong>edocens.</strong></span> 
     </span>
    </p>
   </div>
   <div class='ocr_carea' id='block_1_56' title="bbox 2030 2530 3614 2601">
    <p class='ocr_par' dir='ltr' id='par_1_56' title="bbox 2030 2530 3614 2601">
     <span class='ocr_line' id='line_1_56' title="bbox 2030 2530 3614 2601; baseline 0.005 -18"><span class='ocrx_word' id='word_1_350' title='bbox 2030 2531 2189 2586; x_wconf 88' lang='lat' dir='ltr'><strong>Vers.</strong></span> <span class='ocrx_word' id='word_1_351' title='bbox 2219 2532 2267 2584; x_wconf 73' lang='grc'><strong>4.</strong></span> <span class='ocrx_word' id='word_1_352' title='bbox 2293 2530 2499 2601; x_wconf 81' lang='lat' dir='ltr'><strong>Surgit</strong></span> <span class='ocrx_word' id='word_1_353' title='bbox 2541 2562 2609 2573; x_wconf 95' lang='lat'>—</span> <span class='ocrx_word' id='word_1_354' title='bbox 2647 2535 3009 2590; x_wconf 82' lang='lat' dir='ltr'><strong>vestimenta.</strong></span> <span class='ocrx_word' id='word_1_355' title='bbox 3040 2536 3168 2589; x_wconf 87' lang='lat' dir='ltr'><strong>Non</strong></span> <span class='ocrx_word' id='word_1_356' title='bbox 3222 2534 3451 2601; x_wconf 88' lang='lat' dir='ltr'><strong>omnia,</strong></span> <span class='ocrx_word' id='word_1_357' title='bbox 3508 2536 3614 2591; x_wconf 88' lang='lat' dir='ltr'><strong>sed</strong></span> 
     </span>
    </p>
   </div>
   <div class='ocr_carea' id='block_1_57' title="bbox 1958 2618 3611 2690">
    <p class='ocr_par' dir='ltr' id='par_1_57' title="bbox 1958 2618 3611 2690">
     <span class='ocr_line' id='line_1_57' title="bbox 1958 2618 3611 2690; baseline 0.003 -16"><span class='ocrx_word' id='word_1_358' title='bbox 1958 2618 2306 2674; x_wconf 79' lang='lat' dir='ltr'><strong>exteriorem</strong></span> <span class='ocrx_word' id='word_1_359' title='bbox 2381 2619 2689 2687; x_wconf 89' lang='lat' dir='ltr'><strong>amictum,</strong></span> <span class='ocrx_word' id='word_1_360' title='bbox 2763 2627 2866 2677; x_wconf 88' lang='lat' dir='ltr'><strong>aut</strong></span> <span class='ocrx_word' id='word_1_361' title='bbox 2946 2622 3122 2677; x_wconf 85' lang='lat' dir='ltr'><strong>etiam</strong></span> <span class='ocrx_word' id='word_1_362' title='bbox 3175 2622 3611 2690; x_wconf 89' lang='lat' dir='ltr'><strong>indumentum,</strong></span> 
     </span>
    </p>
   </div>
   <div class='ocr_carea' id='block_1_58' title="bbox 1958 2706 3616 2783">
    <p class='ocr_par' dir='ltr' id='par_1_58' title="bbox 1958 2706 3616 2783">
     <span class='ocr_line' id='line_1_58' title="bbox 1958 2706 3616 2783; baseline 0.005 -22"><span class='ocrx_word' id='word_1_363' title='bbox 1958 2706 2122 2780; x_wconf 89' lang='lat' dir='ltr'><strong>quod</strong></span> <span class='ocrx_word' id='word_1_364' title='bbox 2144 2708 2286 2762; x_wconf 89' lang='lat' dir='ltr'><strong>vesti</strong></span> <span class='ocrx_word' id='word_1_365' title='bbox 2316 2707 2394 2763; x_wconf 90' lang='lat' dir='ltr'><strong>illi</strong></span> <span class='ocrx_word' id='word_1_366' title='bbox 2424 2710 2692 2765; x_wconf 84' lang='lat' dir='ltr'><strong>exteriori</strong></span> <span class='ocrx_word' id='word_1_367' title='bbox 2724 2709 3085 2776; x_wconf 66' lang='lat' dir='ltr'><strong>adhaerebat,</strong></span> <span class='ocrx_word' id='word_1_368' title='bbox 3112 2727 3234 2783; x_wconf 91' lang='lat' dir='ltr'><strong>quo</strong></span> <span class='ocrx_word' id='word_1_369' title='bbox 3260 2711 3616 2770; x_wconf 87' lang='lat' dir='ltr'><strong>succinctior</strong></span> 
     </span>
    </p>
   </div>
   <div class='ocr_carea' id='block_1_59' title="bbox 1959 2795 3027 2869">
    <p class='ocr_par' dir='ltr' id='par_1_59' title="bbox 1959 2795 3027 2869">
     <span class='ocr_line' id='line_1_59' title="bbox 1959 2795 3027 2869; baseline 0.002 -19"><span class='ocrx_word' id='word_1_370' title='bbox 1959 2800 2117 2851; x_wconf 90' lang='lat' dir='ltr'><strong>esset</strong></span> <span class='ocrx_word' id='word_1_371' title='bbox 2137 2795 2217 2851; x_wconf 89' lang='lat' dir='ltr'><strong>ad</strong></span> <span class='ocrx_word' id='word_1_372' title='bbox 2245 2795 2307 2851; x_wconf 92' lang='lat' dir='ltr'><strong>id</strong></span> <span class='ocrx_word' id='word_1_373' title='bbox 2343 2797 2507 2868; x_wconf 92' lang='lat' dir='ltr'><strong>quod</strong></span> <span class='ocrx_word' id='word_1_374' title='bbox 2532 2797 2725 2854; x_wconf 85' lang='lat' dir='ltr'><strong>facere</strong></span> <span class='ocrx_word' id='word_1_375' title='bbox 2755 2800 3027 2869; x_wconf 88' lang='lat' dir='ltr'><strong>parabat.</strong></span> 
     </span>
    </p>
   </div>
   <div class='ocr_carea' id='block_1_60' title="bbox 2034 2885 3618 2958">
    <p class='ocr_par' dir='ltr' id='par_1_60' title="bbox 2034 2885 3618 2958">
     <span class='ocr_line' id='line_1_60' title="bbox 2034 2885 3618 2958; baseline 0.005 -20"><span class='ocrx_word' id='word_1_376' title='bbox 2034 2886 2193 2940; x_wconf 88' lang='lat' dir='ltr'><strong>Vers.</strong></span> <span class='ocrx_word' id='word_1_377' title='bbox 2223 2887 2277 2939; x_wconf 80' lang='grc'><strong>4.</strong></span> <span class='ocrx_word' id='word_1_378' title='bbox 2326 2885 2587 2956; x_wconf 85' lang='lat' dir='ltr'><strong>Cumque</strong></span> <span class='ocrx_word' id='word_1_379' title='bbox 2631 2887 2941 2958; x_wconf 78' lang='lat' dir='ltr'><strong>accepisset</strong></span> <span class='ocrx_word' id='word_1_380' title='bbox 2997 2918 3066 2927; x_wconf 95' lang='lat'><strong>—</strong></span> <span class='ocrx_word' id='word_1_381' title='bbox 3117 2903 3192 2944; x_wconf 91' lang='lat' dir='ltr'><strong>se.</strong></span> <span class='ocrx_word' id='word_1_382' title='bbox 3240 2887 3438 2946; x_wconf 87' lang='lat' dir='ltr'><strong>Linteo</strong></span> <span class='ocrx_word' id='word_1_383' title='bbox 3487 2904 3618 2946; x_wconf 83' lang='lat' dir='ltr'><strong>sese</strong></span> 
     </span>
    </p>
   </div>
   <div class='ocr_carea' id='block_1_61' title="bbox 1962 2973 3449 3050">
    <p class='ocr_par' dir='ltr' id='par_1_61' title="bbox 1962 2973 3449 3050">
     <span class='ocr_line' id='line_1_61' title="bbox 1962 2973 3449 3050; baseline 0 -20"><span class='ocrx_word' id='word_1_384' title='bbox 1962 2973 2275 3045; x_wconf 56' lang='lat' dir='ltr'><strong>praecinxit</strong></span> <span class='ocrx_word' id='word_1_385' title='bbox 2299 2974 2376 3030; x_wconf 88' lang='lat' dir='ltr'><strong>ad</strong></span> <span class='ocrx_word' id='word_1_386' title='bbox 2397 2974 2793 3044; x_wconf 89' lang='lat' dir='ltr'><strong>extergendos</strong></span> <span class='ocrx_word' id='word_1_387' title='bbox 2821 2976 3211 3033; x_wconf 85' lang='lat' dir='ltr'><strong>lavandorum</strong></span> <span class='ocrx_word' id='word_1_388' title='bbox 3239 2978 3449 3050; x_wconf 89' lang='lat' dir='ltr'><strong>pedes.</strong></span> 
     </span>
    </p>
   </div>
   <div class='ocr_carea' id='block_1_62' title="bbox 325 3147 1844 3239">
    <p class='ocr_par' dir='ltr' id='par_1_62' title="bbox 325 3147 1844 3225">
     <span class='ocr_line' id='line_1_62' title="bbox 325 3147 1844 3225; baseline -0.005 -17"><span class='ocrx_word' id='word_1_389' title='bbox 325 3154 449 3210; x_wconf 88' lang='grc' dir='ltr'><strong>Εἶτα</strong></span> <span class='ocrx_word' id='word_1_390' title='bbox 484 3185 546 3197; x_wconf 86' lang='grc'><strong>--</strong></span> <span class='ocrx_word' id='word_1_391' title='bbox 584 3161 832 3225; x_wconf 80' lang='grc' dir='ltr'><strong>νιπτῆρα.</strong></span> <span class='ocrx_word' id='word_1_392' title='bbox 876 3152 1042 3214; x_wconf 74' lang='grc' dir='ltr'>Αὐτὸς</span> <span class='ocrx_word' id='word_1_393' title='bbox 1091 3155 1181 3203; x_wconf 79' lang='grc' dir='ltr'>καὶ</span> <span class='ocrx_word' id='word_1_394' title='bbox 1223 3154 1279 3203; x_wconf 87' lang='grc' dir='ltr'><strong>τό</strong></span> <span class='ocrx_word' id='word_1_395' title='bbox 1311 3147 1455 3225; x_wconf 77' lang='grc' dir='ltr'>ὕδωρ</span> <span class='ocrx_word' id='word_1_396' title='bbox 1484 3154 1731 3222; x_wconf 82' lang='grc' dir='ltr'><strong>κομίσας,</strong></span> <span class='ocrx_word' id='word_1_397' title='bbox 1764 3154 1844 3202; x_wconf 71' lang='grc' dir='ltr'>καὶ</span> 
     </span>
    </p>
   </div>
   <div class='ocr_carea' id='block_1_63' title="bbox 1974 3147 3623 3239">
    <p class='ocr_par' dir='ltr' id='par_1_63' title="bbox 2036 3152 3623 3227">
     <span class='ocr_line' id='line_1_63' title="bbox 2036 3152 3623 3227; baseline 0.004 -22"><span class='ocrx_word' id='word_1_398' title='bbox 2036 3152 2205 3209; x_wconf 89' lang='lat' dir='ltr'><strong>Vers.</strong></span> <span class='ocrx_word' id='word_1_399' title='bbox 2248 3157 2297 3207; x_wconf 83' lang='lat'><strong>5.</strong></span> <span class='ocrx_word' id='word_1_400' title='bbox 2323 3152 2536 3209; x_wconf 74' lang='lat' dir='ltr'><strong>Deinde</strong></span> <span class='ocrx_word' id='word_1_401' title='bbox 2580 3185 2648 3194; x_wconf 89' lang='lat'>—</span> <span class='ocrx_word' id='word_1_402' title='bbox 2688 3156 2927 3224; x_wconf 81' lang='lat' dir='ltr'><strong>pelvim.</strong></span> <span class='ocrx_word' id='word_1_403' title='bbox 2983 3156 3113 3226; x_wconf 91' lang='lat' dir='ltr'><strong>Ipse</strong></span> <span class='ocrx_word' id='word_1_404' title='bbox 3169 3156 3346 3211; x_wconf 89' lang='lat' dir='ltr'><strong>etiam</strong></span> <span class='ocrx_word' id='word_1_405' title='bbox 3402 3170 3623 3227; x_wconf 88' lang='lat' dir='ltr'><strong>aquam</strong></span> 
     </span>
    </p>
   </div>
   <div class='ocr_carea' id='block_1_64' title="bbox 252 3239 1855 3316">
    <p class='ocr_par' dir='ltr' id='par_1_64' title="bbox 252 3239 1855 3316">
     <span class='ocr_line' id='line_1_64' title="bbox 252 3239 1855 3316; baseline -0.006 -17"><span class='ocrx_word' id='word_1_406' title='bbox 252 3248 422 3300; x_wconf 83' lang='grc' dir='ltr'>πάντα</span> <span class='ocrx_word' id='word_1_407' title='bbox 490 3246 619 3316; x_wconf 84' lang='grc' dir='ltr'><strong>μετὰ</strong></span> <span class='ocrx_word' id='word_1_408' title='bbox 691 3244 869 3302; x_wconf 80' lang='grc' dir='ltr'>πάσης</span> <span class='ocrx_word' id='word_1_409' title='bbox 941 3242 1237 3312; x_wconf 84' lang='grc' dir='ltr'>προθυμίας</span> <span class='ocrx_word' id='word_1_410' title='bbox 1318 3239 1709 3313; x_wconf 72' lang='grc' dir='ltr'>αὐτουργῆσας,</span> <span class='ocrx_word' id='word_1_411' title='bbox 1773 3240 1855 3290; x_wconf 84' lang='grc' dir='ltr'><strong>ἵνα</strong></span> 
     </span>
    </p>
   </div>
   <div class='ocr_carea' id='block_1_65' title="bbox 254 3327 1855 3404">
    <p class='ocr_par' dir='ltr' id='par_1_65' title="bbox 254 3327 1855 3404">
     <span class='ocr_line' id='line_1_65' title="bbox 254 3327 1855 3404; baseline -0.005 -16"><span class='ocrx_word' id='word_1_412' title='bbox 254 3340 344 3388; x_wconf 85' lang='grc' dir='ltr'>καὶ</span> <span class='ocrx_word' id='word_1_413' title='bbox 409 3338 553 3404; x_wconf 66' lang='grc' dir='ltr'>ἡμεῖς</span> <span class='ocrx_word' id='word_1_414' title='bbox 612 3329 964 3390; x_wconf 77' lang='grc' dir='ltr'>διακονοῦντες</span> <span class='ocrx_word' id='word_1_415' title='bbox 1018 3331 1188 3382; x_wconf 82' lang='grc' dir='ltr'>πάντα</span> <span class='ocrx_word' id='word_1_416' title='bbox 1255 3332 1386 3401; x_wconf 82' lang='grc' dir='ltr'>μετὰ</span> <span class='ocrx_word' id='word_1_417' title='bbox 1439 3327 1612 3389; x_wconf 82' lang='grc' dir='ltr'>πάσης</span> <span class='ocrx_word' id='word_1_418' title='bbox 1663 3330 1855 3403; x_wconf 87' lang='grc' dir='ltr'>προθυ-</span> 
     </span>
    </p>
   </div>
   <div class='ocr_carea' id='block_1_66' title="bbox 256 3416 1852 3499">
    <p class='ocr_par' dir='ltr' id='par_1_66' title="bbox 256 3416 1852 3499">
     <span class='ocr_line' id='line_1_66' title="bbox 256 3416 1852 3499; baseline -0.003 -24"><span class='ocrx_word' id='word_1_419' title='bbox 256 3429 380 3499; x_wconf 84' lang='grc' dir='ltr'>μίας</span> <span class='ocrx_word' id='word_1_420' title='bbox 456 3425 567 3494; x_wconf 72' lang='lat'><strong>(87)</strong></span> <span class='ocrx_word' id='word_1_421' title='bbox 637 3421 1023 3493; x_wconf 70' lang='grc' dir='ltr'>αὐτουργὼμεν,</span> <span class='ocrx_word' id='word_1_422' title='bbox 1081 3419 1151 3480; x_wconf 86' lang='grc' dir='ltr'>εἰς</span> <span class='ocrx_word' id='word_1_423' title='bbox 1231 3417 1417 3470; x_wconf 81' lang='grc' dir='ltr'>ἐκεῖνον</span> <span class='ocrx_word' id='word_1_424' title='bbox 1471 3416 1852 3484; x_wconf 80' lang='grc' dir='ltr'>ἀποϐλέποντες,</span> 
     </span>
    </p>
   </div>
   <div class='ocr_carea' id='block_1_67' title="bbox 257 3509 1853 3584">
    <p class='ocr_par' dir='ltr' id='par_1_67' title="bbox 257 3509 1853 3584">
     <span class='ocr_line' id='line_1_67' title="bbox 257 3509 1853 3584; baseline -0.004 -20"><span class='ocrx_word' id='word_1_425' title='bbox 257 3518 346 3564; x_wconf 86' lang='grc' dir='ltr'>καὶ</span> <span class='ocrx_word' id='word_1_426' title='bbox 400 3516 469 3584; x_wconf 75' lang='grc' dir='ltr'>μή</span> <span class='ocrx_word' id='word_1_427' title='bbox 514 3510 847 3581; x_wconf 77' lang='grc' dir='ltr'>ἐπαιρὼμεθα</span> <span class='ocrx_word' id='word_1_428' title='bbox 879 3528 891 3540; x_wconf 83' lang='lat'><strong>&#39;</strong></span> <span class='ocrx_word' id='word_1_429' title='bbox 946 3512 997 3560; x_wconf 88' lang='grc' dir='ltr'><strong>τί</strong></span> <span class='ocrx_word' id='word_1_430' title='bbox 1035 3509 1136 3580; x_wconf 75' lang='grc' dir='ltr'><strong>γὰρ</strong></span> <span class='ocrx_word' id='word_1_431' title='bbox 1195 3509 1341 3579; x_wconf 82' lang='grc' dir='ltr'>ἡμεῖς</span> <span class='ocrx_word' id='word_1_432' title='bbox 1397 3510 1520 3582; x_wconf 85' lang='grc' dir='ltr'>πρὸς</span> <span class='ocrx_word' id='word_1_433' title='bbox 1558 3510 1643 3559; x_wconf 88' lang='grc' dir='ltr'><strong>τόν</strong></span> <span class='ocrx_word' id='word_1_434' title='bbox 1685 3511 1853 3573; x_wconf 88' lang='grc' dir='ltr'>Θεόν;</span> 
     </span>
    </p>
   </div>
   <div class='ocr_carea' id='block_1_68' title="bbox 259 3592 1853 3671">
    <p class='ocr_par' dir='ltr' id='par_1_68' title="bbox 259 3592 1853 3671">
     <span class='ocr_line' id='line_1_68' title="bbox 259 3592 1853 3671; baseline -0.004 -18"><span class='ocrx_word' id='word_1_435' title='bbox 259 3605 328 3653; x_wconf 88' lang='grc' dir='ltr'><strong>Τὸ</strong></span> <span class='ocrx_word' id='word_1_436' title='bbox 377 3604 553 3671; x_wconf 73' lang='grc' dir='ltr'>μέντοι</span> <span class='ocrx_word' id='word_1_437' title='bbox 596 3599 807 3660; x_wconf 75' lang='grc' dir='ltr'><strong>λέντιον,</strong></span> <span class='ocrx_word' id='word_1_438' title='bbox 836 3601 925 3648; x_wconf 85' lang='grc' dir='ltr'><strong>καὶ</strong></span> <span class='ocrx_word' id='word_1_439' title='bbox 974 3600 1058 3648; x_wconf 87' lang='grc' dir='ltr'><strong>τὸν</strong></span> <span class='ocrx_word' id='word_1_440' title='bbox 1096 3604 1343 3668; x_wconf 80' lang='grc' dir='ltr'><strong>νιπτῆρα,</strong></span> <span class='ocrx_word' id='word_1_441' title='bbox 1379 3600 1471 3647; x_wconf 83' lang='grc' dir='ltr'>καὶ</span> <span class='ocrx_word' id='word_1_442' title='bbox 1514 3599 1606 3654; x_wconf 83' lang='grc' dir='ltr'>τὴν</span> <span class='ocrx_word' id='word_1_443' title='bbox 1645 3592 1853 3670; x_wconf 78' lang='grc' dir='ltr'><strong>ὑδρίαν,</strong></span> 
     </span>
    </p>
   </div>
   <div class='ocr_carea' id='block_1_69' title="bbox 261 3682 1861 3747">
    <p class='ocr_par' dir='ltr' id='par_1_69' title="bbox 261 3682 1861 3747">
     <span class='ocr_line' id='line_1_69' title="bbox 261 3682 1861 3747; baseline -0.001 -8"><span class='ocrx_word' id='word_1_444' title='bbox 261 3686 359 3739; x_wconf 80' lang='grc' dir='ltr'><strong>ἀπὸ</strong></span> <span class='ocrx_word' id='word_1_445' title='bbox 412 3695 502 3739; x_wconf 73' lang='grc' dir='ltr'><strong>τοῦ</strong></span> <span class='ocrx_word' id='word_1_446' title='bbox 561 3682 935 3739; x_wconf 78' lang='grc' dir='ltr'><strong>οἰκοδεσπότου</strong></span> <span class='ocrx_word' id='word_1_447' title='bbox 998 3686 1203 3746; x_wconf 82' lang='grc' dir='ltr'>πάντως</span> <span class='ocrx_word' id='word_1_448' title='bbox 1258 3684 1430 3737; x_wconf 78' lang='grc' dir='ltr'>ἔλαϐεν</span> <span class='ocrx_word' id='word_1_449' title='bbox 1484 3685 1553 3747; x_wconf 80' lang='grc' dir='ltr'>εἰς</span> <span class='ocrx_word' id='word_1_450' title='bbox 1606 3690 1699 3743; x_wconf 78' lang='grc' dir='ltr'><strong>τὴν</strong></span> <span class='ocrx_word' id='word_1_451' title='bbox 1743 3688 1861 3737; x_wconf 83' lang='grc' dir='ltr'>τότε</span> 
     </span>
    </p>
   </div>
   <div class='ocr_carea' id='block_1_70' title="bbox 259 3783 478 3850">
    <p class='ocr_par' dir='ltr' id='par_1_70' title="bbox 259 3783 478 3850">
     <span class='ocr_line' id='line_1_70' title="bbox 259 3783 478 3850; baseline 0.009 -22"><span class='ocrx_word' id='word_1_452' title='bbox 259 3783 365 3850; x_wconf 80' lang='grc' dir='ltr'><strong>χρῆ</strong></span> <span class='ocrx_word' id='word_1_453' title='bbox 378 3795 478 3830; x_wconf 87' lang='grc' dir='ltr'>σιν.</span> 
     </span>
    </p>
   </div>
   <div class='ocr_carea' id='block_1_71' title="bbox 336 3947 1862 4026">
    <p class='ocr_par' dir='ltr' id='par_1_71' title="bbox 336 3947 1862 4026">
     <span class='ocr_line' id='line_1_71' title="bbox 336 3947 1862 4026; baseline -0.001 -21"><span class='ocrx_word' id='word_1_454' title='bbox 336 3958 434 4006; x_wconf 84' lang='grc' dir='ltr'><strong>Καὶ</strong></span> <span class='ocrx_word' id='word_1_455' title='bbox 484 3983 546 3992; x_wconf 94' lang='grc'><strong><em>-</em></strong></span> <span class='ocrx_word' id='word_1_456' title='bbox 602 3955 808 4024; x_wconf 85' lang='grc' dir='ltr'><strong>Πέτρον.</strong></span> <span class='ocrx_word' id='word_1_457' title='bbox 866 3950 1006 4004; x_wconf 83' lang='grc' dir='ltr'>Ἐπεὶ</span> <span class='ocrx_word' id='word_1_458' title='bbox 1058 3951 1249 4026; x_wconf 78' lang='grc' dir='ltr'>ἤρξατο</span> <span class='ocrx_word' id='word_1_459' title='bbox 1302 3956 1519 4017; x_wconf 85' lang='grc' dir='ltr'>νίπτειν,</span> <span class='ocrx_word' id='word_1_460' title='bbox 1577 3948 1689 4004; x_wconf 81' lang='grc' dir='ltr'>εἶτα</span> <span class='ocrx_word' id='word_1_461' title='bbox 1747 3947 1862 4009; x_wconf 73' lang='grc' dir='ltr'>ἦλθε</span> 
     </span>
    </p>
   </div>
   <div class='ocr_carea' id='block_1_72' title="bbox 260 4039 1863 4118">
    <p class='ocr_par' dir='ltr' id='par_1_72' title="bbox 260 4039 1863 4118">
     <span class='ocr_line' id='line_1_72' title="bbox 260 4039 1863 4118; baseline -0.002 -22"><span class='ocrx_word' id='word_1_462' title='bbox 260 4045 388 4118; x_wconf 86' lang='grc' dir='ltr'>πρὸς</span> <span class='ocrx_word' id='word_1_463' title='bbox 445 4046 530 4094; x_wconf 79' lang='grc' dir='ltr'><strong>τὸν</strong></span> <span class='ocrx_word' id='word_1_464' title='bbox 583 4044 794 4115; x_wconf 83' lang='grc' dir='ltr'><strong>Πέτρον,</strong></span> <span class='ocrx_word' id='word_1_465' title='bbox 850 4045 1083 4112; x_wconf 74' lang='grc' dir='ltr'>φαίνεται</span> <span class='ocrx_word' id='word_1_466' title='bbox 1151 4043 1231 4093; x_wconf 87' lang='grc' dir='ltr'>ὅτι</span> <span class='ocrx_word' id='word_1_467' title='bbox 1287 4041 1401 4112; x_wconf 88' lang='grc'>(88)</span> <span class='ocrx_word' id='word_1_468' title='bbox 1449 4049 1652 4113; x_wconf 86' lang='grc' dir='ltr'>πρῶτον</span> <span class='ocrx_word' id='word_1_469' title='bbox 1723 4039 1863 4111; x_wconf 70' lang='grc' dir='ltr'>ἔνιψα</span> 
     </span>
    </p>
   </div>
   <div class='ocr_carea' id='block_1_73' title="bbox 262 4126 1864 4204">
    <p class='ocr_par' dir='ltr' id='par_1_73' title="bbox 262 4126 1864 4204">
     <span class='ocr_line' id='line_1_73' title="bbox 262 4126 1864 4204; baseline -0.002 -21"><span class='ocrx_word' id='word_1_470' title='bbox 262 4134 382 4191; x_wconf 75' lang='grc' dir='ltr'>τοὺς</span> <span class='ocrx_word' id='word_1_471' title='bbox 456 4126 626 4191; x_wconf 81' lang='grc' dir='ltr'>πόδας</span> <span class='ocrx_word' id='word_1_472' title='bbox 681 4137 771 4180; x_wconf 84' lang='grc' dir='ltr'><strong>τοῦ</strong></span> <span class='ocrx_word' id='word_1_473' title='bbox 848 4128 1207 4204; x_wconf 83' lang='grc' dir='ltr'>Ἰσκαριώτου,</span> <span class='ocrx_word' id='word_1_474' title='bbox 1261 4130 1373 4201; x_wconf 84' lang='grc' dir='ltr'>ἄμα</span> <span class='ocrx_word' id='word_1_475' title='bbox 1594 4128 1864 4201; x_wconf 74' lang='grc' dir='ltr'>εὐεργετῶν</span> 
     </span>
    </p>
   </div>
   <div class='ocr_carea' id='block_1_74' title="bbox 261 4215 1861 4293">
    <p class='ocr_par' dir='ltr' id='par_1_74' title="bbox 261 4215 1861 4293">
     <span class='ocr_line' id='line_1_74' title="bbox 261 4215 1861 4293; baseline -0.003 -21"><span class='ocrx_word' id='word_1_476' title='bbox 261 4222 394 4292; x_wconf 77' lang='grc' dir='ltr'><strong>ἄχρι</strong></span> <span class='ocrx_word' id='word_1_477' title='bbox 428 4221 648 4272; x_wconf 79' lang='grc' dir='ltr'>θανάτου</span> <span class='ocrx_word' id='word_1_478' title='bbox 676 4222 763 4269; x_wconf 88' lang='grc' dir='ltr'>καὶ</span> <span class='ocrx_word' id='word_1_479' title='bbox 811 4226 971 4290; x_wconf 85' lang='grc' dir='ltr'>τιμῶν</span> <span class='ocrx_word' id='word_1_480' title='bbox 1018 4222 1104 4270; x_wconf 83' lang='grc' dir='ltr'>τόν</span> <span class='ocrx_word' id='word_1_481' title='bbox 1157 4215 1422 4293; x_wconf 76' lang='grc' dir='ltr'>προδότην</span> <span class='ocrx_word' id='word_1_482' title='bbox 1453 4218 1634 4283; x_wconf 75' lang='grc' dir='ltr'>αὐτοῦ,</span> <span class='ocrx_word' id='word_1_483' title='bbox 1668 4219 1751 4269; x_wconf 80' lang='grc' dir='ltr'><strong>ἶνα</strong></span> <span class='ocrx_word' id='word_1_484' title='bbox 1778 4221 1861 4269; x_wconf 83' lang='lat' dir='ltr'><strong>xui</strong></span> 
     </span>
    </p>
   </div>
   <div class='ocr_carea' id='block_1_75' title="bbox 264 4303 1865 4380">
    <p class='ocr_par' dir='ltr' id='par_1_75' title="bbox 264 4303 1865 4380">
     <span class='ocr_line' id='line_1_75' title="bbox 264 4303 1865 4380; baseline -0.002 -21"><span class='ocrx_word' id='word_1_485' title='bbox 264 4311 412 4380; x_wconf 71' lang='grc' dir='ltr'>ἡμεῖς</span> <span class='ocrx_word' id='word_1_486' title='bbox 465 4309 655 4379; x_wconf 83' lang='grc' dir='ltr'>ὁμοίως</span> <span class='ocrx_word' id='word_1_487' title='bbox 702 4315 948 4378; x_wconf 79' lang='grc' dir='ltr'>ποιῶμεν,</span> <span class='ocrx_word' id='word_1_488' title='bbox 978 4308 1088 4379; x_wconf 81' lang='grc' dir='ltr'>οἶμα</span> <span class='ocrx_word' id='word_1_489' title='bbox 1134 4303 1191 4359; x_wconf 70' lang='grc' dir='ltr'>δὲ</span> <span class='ocrx_word' id='word_1_490' title='bbox 1222 4312 1310 4360; x_wconf 80' lang='grc' dir='ltr'>καὶ</span> <span class='ocrx_word' id='word_1_491' title='bbox 1360 4305 1671 4379; x_wconf 76' lang='grc' dir='ltr'>βουλόμενος</span> <span class='ocrx_word' id='word_1_492' title='bbox 1710 4305 1865 4357; x_wconf 76' lang='grc' dir='ltr'>αὑτὸν</span> 
     </span>
    </p>
   </div>
   <div class='ocr_carea' id='block_1_76' title="bbox 264 4390 1867 4467">
    <p class='ocr_par' dir='ltr' id='par_1_76' title="bbox 264 4390 1867 4467">
     <span class='ocr_line' id='line_1_76' title="bbox 264 4390 1867 4467; baseline -0.002 -17"><span class='ocrx_word' id='word_1_493' title='bbox 264 4404 639 4466; x_wconf 72' lang='grc' dir='ltr'>κατανυγῆναι,</span> <span class='ocrx_word' id='word_1_494' title='bbox 675 4403 891 4447; x_wconf 80' lang='grc' dir='ltr'>τοιαῦτα</span> <span class='ocrx_word' id='word_1_495' title='bbox 953 4398 1090 4448; x_wconf 85' lang='grc' dir='ltr'><strong>κατὰ</strong></span> <span class='ocrx_word' id='word_1_496' title='bbox 1136 4402 1226 4448; x_wconf 81' lang='grc' dir='ltr'><strong>τοῦ</strong></span> <span class='ocrx_word' id='word_1_497' title='bbox 1282 4399 1529 4448; x_wconf 76' lang='grc' dir='ltr'>ποιούτου</span> <span class='ocrx_word' id='word_1_498' title='bbox 1581 4390 1867 4467; x_wconf 79' lang='grc' dir='ltr'>κηδεμόνος</span> 
     </span>
    </p>
   </div>
   <div class='ocr_carea' id='block_1_77' title="bbox 267 4481 647 4556">
    <p class='ocr_par' dir='ltr' id='par_1_77' title="bbox 267 4481 647 4556">
     <span class='ocr_line' id='line_1_77' title="bbox 267 4481 647 4556; baseline 0 -19"><span class='ocrx_word' id='word_1_499' title='bbox 267 4481 647 4556; x_wconf 81' lang='grc' dir='ltr'>διανοουμενον.</span> 
     </span>
    </p>
   </div>
   <div class='ocr_carea' id='block_1_78' title="bbox 338 4568 1867 4646">
    <p class='ocr_par' dir='ltr' id='par_1_78' title="bbox 338 4568 1867 4646">
     <span class='ocr_line' id='line_1_78' title="bbox 338 4568 1867 4646; baseline 0 -22"><span class='ocrx_word' id='word_1_500' title='bbox 338 4578 438 4624; x_wconf 82' lang='grc' dir='ltr'><strong>Καὶ</strong></span> <span class='ocrx_word' id='word_1_501' title='bbox 467 4604 532 4614; x_wconf 90' lang='lat'><strong>--</strong></span> <span class='ocrx_word' id='word_1_502' title='bbox 561 4568 769 4643; x_wconf 80' lang='grc' dir='ltr'>πόδας;</span> <span class='ocrx_word' id='word_1_503' title='bbox 803 4576 867 4625; x_wconf 79' lang='grc' dir='ltr'><strong>Σὺ</strong></span> <span class='ocrx_word' id='word_1_504' title='bbox 895 4574 919 4624; x_wconf 86' lang='grc' dir='ltr'><strong>ὁ</strong></span> <span class='ocrx_word' id='word_1_505' title='bbox 946 4575 1063 4633; x_wconf 83' lang='grc' dir='ltr'>Υἱὸς</span> <span class='ocrx_word' id='word_1_506' title='bbox 1086 4580 1179 4626; x_wconf 84' lang='grc' dir='ltr'><strong>τοῦ</strong></span> <span class='ocrx_word' id='word_1_507' title='bbox 1212 4574 1361 4626; x_wconf 82' lang='grc' dir='ltr'><strong>’Θεοῦ</strong></span> <span class='ocrx_word' id='word_1_508' title='bbox 1388 4592 1406 4645; x_wconf 74' lang='grc'><strong>;</strong></span> <span class='ocrx_word' id='word_1_509' title='bbox 1444 4573 1734 4646; x_wconf 81' lang='grc' dir='ltr'>Εκπλαγεὶς</span> <span class='ocrx_word' id='word_1_510' title='bbox 1765 4574 1867 4646; x_wconf 73' lang='grc' dir='ltr'><strong>γὰρ</strong></span> 
     </span>
    </p>
   </div>
   <div class='ocr_carea' id='block_1_79' title="bbox 269 4658 1271 4734">
    <p class='ocr_par' dir='ltr' id='par_1_79' title="bbox 269 4658 1271 4734">
     <span class='ocr_line' id='line_1_79' title="bbox 269 4658 1271 4734; baseline -0.001 -20"><span class='ocrx_word' id='word_1_511' title='bbox 269 4658 375 4715; x_wconf 84' lang='grc' dir='ltr'>εἷπε</span> <span class='ocrx_word' id='word_1_512' title='bbox 404 4670 579 4728; x_wconf 78' lang='grc' dir='ltr'>τοῦτο,</span> <span class='ocrx_word' id='word_1_513' title='bbox 612 4666 701 4713; x_wconf 85' lang='grc' dir='ltr'>καὶ</span> <span class='ocrx_word' id='word_1_514' title='bbox 726 4659 934 4734; x_wconf 74' lang='grc' dir='ltr'>σφόδρα</span> <span class='ocrx_word' id='word_1_515' title='bbox 949 4661 1271 4724; x_wconf 69' lang='grc' dir='ltr'>εὐλαϐηθείς.</span> 
     </span>
    </p>
   </div>
   <div class='ocr_carea' id='block_1_80' title="bbox 340 4834 1869 4914">
    <p class='ocr_par' dir='ltr' id='par_1_80' title="bbox 340 4834 1869 4914">
     <span class='ocr_line' id='line_1_80' title="bbox 340 4834 1869 4914; baseline 0.001 -23"><span class='ocrx_word' id='word_1_516' title='bbox 340 4838 621 4913; x_wconf 81' lang='grc' dir='ltr'>Ἀπεκρίθη</span> <span class='ocrx_word' id='word_1_517' title='bbox 654 4870 721 4880; x_wconf 90' lang='lat'><strong>-—</strong></span> <span class='ocrx_word' id='word_1_518' title='bbox 747 4841 885 4914; x_wconf 79' lang='grc' dir='ltr'>ἄρτι.</span> <span class='ocrx_word' id='word_1_519' title='bbox 912 4838 977 4892; x_wconf 73' lang='grc'>⁸0</span> <span class='ocrx_word' id='word_1_520' title='bbox 1025 4840 1124 4911; x_wconf 75' lang='grc' dir='ltr'><strong>ἑγὼ</strong></span> <span class='ocrx_word' id='word_1_521' title='bbox 1165 4834 1411 4893; x_wconf 74' lang='grc' dir='ltr'>διδάσκω</span> <span class='ocrx_word' id='word_1_522' title='bbox 1442 4836 1538 4893; x_wconf 81' lang='grc' dir='ltr'><strong>διὰ</strong></span> <span class='ocrx_word' id='word_1_523' title='bbox 1563 4841 1748 4893; x_wconf 85' lang='grc' dir='ltr'>τούτου</span> <span class='ocrx_word' id='word_1_524' title='bbox 1777 4847 1869 4893; x_wconf 80' lang='grc' dir='ltr'><strong>τοῦ</strong></span> 
     </span>
    </p>
   </div>
   <div class='ocr_carea' id='block_1_81' title="bbox 268 4929 596 5004">
    <p class='ocr_par' dir='ltr' id='par_1_81' title="bbox 268 4929 596 5004">
     <span class='ocr_line' id='line_1_81' title="bbox 268 4929 596 5004; baseline 0.006 -23"><span class='ocrx_word' id='word_1_525' title='bbox 268 4929 596 5004; x_wconf 76' lang='grc' dir='ltr'>πράγματος.</span> 
     </span>
    </p>
   </div>
   <div class='ocr_carea' id='block_1_82' title="bbox 341 5132 1521 5206">
    <p class='ocr_par' dir='ltr' id='par_1_82' title="bbox 341 5132 1521 5206">
     <span class='ocr_line' id='line_1_82' title="bbox 341 5132 1521 5206; baseline 0.016 -20"><span class='ocrx_word' id='word_1_526' title='bbox 341 5134 387 5170; x_wconf 71' lang='grc'><strong>⁸⁵</strong></span> <span class='ocrx_word' id='word_1_527' title='bbox 418 5132 600 5193; x_wconf 88' lang='lat' dir='ltr'><strong>Matth</strong></span> <span class='ocrx_word' id='word_1_528' title='bbox 620 5148 781 5204; x_wconf 79' lang='lat' dir='ltr'><strong>xxvi,</strong></span> <span class='ocrx_word' id='word_1_529' title='bbox 818 5135 906 5193; x_wconf 87' lang='grc'><strong>13.</strong></span> <span class='ocrx_word' id='word_1_530' title='bbox 1020 5134 1112 5190; x_wconf 78' lang='grc'><strong>⁸⁸1</strong></span> <span class='ocrx_word' id='word_1_531' title='bbox 1145 5136 1272 5194; x_wconf 67' lang='lat' dir='ltr'><strong>Coro</strong></span> <span class='ocrx_word' id='word_1_532' title='bbox 1304 5150 1400 5206; x_wconf 73' lang='lat' dir='ltr'><strong>XV,</strong></span> <span class='ocrx_word' id='word_1_533' title='bbox 1430 5135 1521 5192; x_wconf 68' lang='lat'><strong>34-</strong></span> 
     </span>
    </p>
   </div>
   <div class='ocr_carea' id='block_1_83' title="bbox 1964 3240 3625 3316">
    <p class='ocr_par' dir='ltr' id='par_1_83' title="bbox 1964 3240 3625 3316">
     <span class='ocr_line' id='line_1_83' title="bbox 1964 3240 3625 3316; baseline 0.002 -20"><span class='ocrx_word' id='word_1_534' title='bbox 1964 3240 2205 3307; x_wconf 83' lang='lat' dir='ltr'><strong>ferebat,</strong></span> <span class='ocrx_word' id='word_1_535' title='bbox 2261 3246 2316 3296; x_wconf 92' lang='lat' dir='ltr'><strong>et</strong></span> <span class='ocrx_word' id='word_1_536' title='bbox 2369 3243 2648 3299; x_wconf 90' lang='lat' dir='ltr'><strong>universa</strong></span> <span class='ocrx_word' id='word_1_537' title='bbox 2694 3260 2833 3298; x_wconf 90' lang='lat' dir='ltr'><strong>cum</strong></span> <span class='ocrx_word' id='word_1_538' title='bbox 2913 3244 3080 3299; x_wconf 89' lang='lat' dir='ltr'><strong>omni</strong></span> <span class='ocrx_word' id='word_1_539' title='bbox 3156 3244 3625 3316; x_wconf 82' lang='lat' dir='ltr'><strong>promptitudine</strong></span> 
     </span>
    </p>
   </div>
   <div class='ocr_carea' id='block_1_84' title="bbox 1965 3330 3623 3402">
    <p class='ocr_par' dir='ltr' id='par_1_84' title="bbox 1965 3330 3623 3402">
     <span class='ocr_line' id='line_1_84' title="bbox 1965 3330 3623 3402; baseline 0.001 -18"><span class='ocrx_word' id='word_1_540' title='bbox 1965 3330 2220 3402; x_wconf 88' lang='lat' dir='ltr'><strong>propriis</strong></span> <span class='ocrx_word' id='word_1_541' title='bbox 2248 3330 2530 3385; x_wconf 88' lang='lat' dir='ltr'><strong>manibus</strong></span> <span class='ocrx_word' id='word_1_542' title='bbox 2561 3331 2809 3386; x_wconf 87' lang='lat' dir='ltr'><strong>faciebat</strong></span> <span class='ocrx_word' id='word_1_543' title='bbox 2859 3337 2919 3386; x_wconf 93' lang='lat' dir='ltr'><strong>ut</strong></span> <span class='ocrx_word' id='word_1_544' title='bbox 2949 3337 3005 3386; x_wconf 91' lang='lat' dir='ltr'><strong>et</strong></span> <span class='ocrx_word' id='word_1_545' title='bbox 3044 3347 3155 3386; x_wconf 90' lang='lat' dir='ltr'><strong>nos</strong></span> <span class='ocrx_word' id='word_1_546' title='bbox 3196 3331 3623 3399; x_wconf 88' lang='lat' dir='ltr'><strong>ministrantes,</strong></span> 
     </span>
    </p>
   </div>
   <div class='ocr_carea' id='block_1_85' title="bbox 1967 3418 3627 3491">
    <p class='ocr_par' dir='ltr' id='par_1_85' title="bbox 1967 3418 3627 3491">
     <span class='ocr_line' id='line_1_85' title="bbox 1967 3418 3627 3491; baseline 0.001 -17"><span class='ocrx_word' id='word_1_547' title='bbox 1967 3423 2183 3474; x_wconf 86' lang='lat' dir='ltr'><strong>cuncta</strong></span> <span class='ocrx_word' id='word_1_548' title='bbox 2212 3435 2348 3473; x_wconf 90' lang='lat' dir='ltr'><strong>cum</strong></span> <span class='ocrx_word' id='word_1_549' title='bbox 2377 3418 2543 3473; x_wconf 92' lang='lat' dir='ltr'><strong>omni</strong></span> <span class='ocrx_word' id='word_1_550' title='bbox 2574 3420 3048 3490; x_wconf 84' lang='lat' dir='ltr'><strong>promptitudine</strong></span> <span class='ocrx_word' id='word_1_551' title='bbox 3072 3435 3179 3490; x_wconf 92' lang='lat' dir='ltr'><strong>per</strong></span> <span class='ocrx_word' id='word_1_552' title='bbox 3208 3435 3318 3475; x_wconf 90' lang='lat' dir='ltr'><strong>nos</strong></span> <span class='ocrx_word' id='word_1_553' title='bbox 3343 3420 3506 3491; x_wconf 90' lang='lat' dir='ltr'><strong>ipsos</strong></span> <span class='ocrx_word' id='word_1_554' title='bbox 3542 3420 3627 3477; x_wconf 79' lang='lat' dir='ltr'><strong>fa-</strong></span> 
     </span>
    </p>
   </div>
   <div class='ocr_carea' id='block_1_86' title="bbox 1967 3507 3626 3581">
    <p class='ocr_par' dir='ltr' id='par_1_86' title="bbox 1967 3507 3626 3581">
     <span class='ocr_line' id='line_1_86' title="bbox 1967 3507 3626 3581; baseline 0.001 -18"><span class='ocrx_word' id='word_1_555' title='bbox 1967 3508 2219 3573; x_wconf 90' lang='lat' dir='ltr'><strong>ciamus,</strong></span> <span class='ocrx_word' id='word_1_556' title='bbox 2306 3507 2367 3561; x_wconf 89' lang='lat' dir='ltr'><strong>in</strong></span> <span class='ocrx_word' id='word_1_557' title='bbox 2442 3507 2611 3562; x_wconf 88' lang='lat' dir='ltr'><strong>illum</strong></span> <span class='ocrx_word' id='word_1_558' title='bbox 2686 3508 3130 3579; x_wconf 88' lang='lat' dir='ltr'><strong>respicientes:</strong></span> <span class='ocrx_word' id='word_1_559' title='bbox 3192 3524 3388 3581; x_wconf 90' lang='lat' dir='ltr'><strong>neque</strong></span> <span class='ocrx_word' id='word_1_560' title='bbox 3446 3509 3626 3564; x_wconf 85' lang='lat' dir='ltr'><strong>extol-</strong></span> 
     </span>
    </p>
   </div>
   <div class='ocr_carea' id='block_1_87' title="bbox 1968 3594 3625 3667">
    <p class='ocr_par' dir='ltr' id='par_1_87' title="bbox 1968 3594 3625 3667">
     <span class='ocr_line' id='line_1_87' title="bbox 1968 3594 3625 3667; baseline 0.001 -18"><span class='ocrx_word' id='word_1_561' title='bbox 1968 3596 2163 3651; x_wconf 88' lang='lat' dir='ltr'><strong>lamus</strong></span> <span class='ocrx_word' id='word_1_562' title='bbox 2215 3596 2405 3667; x_wconf 89' lang='lat' dir='ltr'><strong>:quid</strong></span> <span class='ocrx_word' id='word_1_563' title='bbox 2449 3594 2608 3649; x_wconf 91' lang='lat' dir='ltr'><strong>enim</strong></span> <span class='ocrx_word' id='word_1_564' title='bbox 2690 3611 2903 3650; x_wconf 89' lang='lat' dir='ltr'><strong>sumus</strong></span> <span class='ocrx_word' id='word_1_565' title='bbox 2967 3611 3101 3660; x_wconf 92' lang='lat' dir='ltr'><strong>nos,</strong></span> <span class='ocrx_word' id='word_1_566' title='bbox 3176 3596 3225 3651; x_wconf 89' lang='lat' dir='ltr'><strong>si</strong></span> <span class='ocrx_word' id='word_1_567' title='bbox 3290 3596 3370 3653; x_wconf 91' lang='lat' dir='ltr'><strong>ad</strong></span> <span class='ocrx_word' id='word_1_568' title='bbox 3445 3598 3625 3652; x_wconf 90' lang='lat' dir='ltr'><strong>Deum</strong></span> 
     </span>
    </p>
   </div>
   <div class='ocr_carea' id='block_1_88' title="bbox 1969 3683 3623 3756">
    <p class='ocr_par' dir='ltr' id='par_1_88' title="bbox 1969 3683 3623 3756">
     <span class='ocr_line' id='line_1_88' title="bbox 1969 3683 3623 3756; baseline 0.001 -16"><span class='ocrx_word' id='word_1_569' title='bbox 1969 3686 2351 3740; x_wconf 87' lang='lat' dir='ltr'><strong>conferamur</strong></span> <span class='ocrx_word' id='word_1_570' title='bbox 2376 3683 2403 3737; x_wconf 80' lang='lat' dir='ltr'><strong>‘I</strong></span> <span class='ocrx_word' id='word_1_571' title='bbox 2438 3684 2702 3739; x_wconf 83' lang='lat' dir='ltr'><strong>Linteum</strong></span> <span class='ocrx_word' id='word_1_572' title='bbox 2736 3683 2956 3755; x_wconf 87' lang='lat' dir='ltr'><strong>itaque,</strong></span> <span class='ocrx_word' id='word_1_573' title='bbox 2991 3684 3210 3756; x_wconf 90' lang='lat' dir='ltr'><strong>pelvim</strong></span> <span class='ocrx_word' id='word_1_574' title='bbox 3243 3700 3313 3740; x_wconf 91' lang='lat' dir='ltr'><strong>ac</strong></span> <span class='ocrx_word' id='word_1_575' title='bbox 3342 3684 3623 3756; x_wconf 88' lang='lat' dir='ltr'><strong>hydriam</strong></span> 
     </span>
    </p>
   </div>
   <div class='ocr_carea' id='block_1_89' title="bbox 1971 3772 3623 3845">
    <p class='ocr_par' dir='ltr' id='par_1_89' title="bbox 1971 3772 3623 3845">
     <span class='ocr_line' id='line_1_89' title="bbox 1971 3772 3623 3845; baseline 0.002 -18"><span class='ocrx_word' id='word_1_576' title='bbox 1971 3790 2003 3828; x_wconf 90' lang='lat' dir='ltr'><strong>a</strong></span> <span class='ocrx_word' id='word_1_577' title='bbox 2030 3772 2456 3844; x_wconf 83' lang='lat' dir='ltr'><strong>patrefamilias</strong></span> <span class='ocrx_word' id='word_1_578' title='bbox 2484 3772 2691 3845; x_wconf 88' lang='lat' dir='ltr'><strong>procul</strong></span> <span class='ocrx_word' id='word_1_579' title='bbox 2737 3772 2925 3828; x_wconf 89' lang='lat' dir='ltr'><strong>dubio</strong></span> <span class='ocrx_word' id='word_1_580' title='bbox 2975 3774 3037 3828; x_wconf 91' lang='lat' dir='ltr'><strong>in</strong></span> <span class='ocrx_word' id='word_1_581' title='bbox 3067 3788 3207 3829; x_wconf 89' lang='lat' dir='ltr'><strong>eum</strong></span> <span class='ocrx_word' id='word_1_582' title='bbox 3262 3780 3403 3830; x_wconf 89' lang='lat' dir='ltr'><strong>tunc</strong></span> <span class='ocrx_word' id='word_1_583' title='bbox 3442 3790 3623 3832; x_wconf 89' lang='lat' dir='ltr'><strong>usum</strong></span> 
     </span>
    </p>
   </div>
   <div class='ocr_carea' id='block_1_90' title="bbox 1970 3863 2217 3935">
    <p class='ocr_par' dir='ltr' id='par_1_90' title="bbox 1970 3863 2217 3935">
     <span class='ocr_line' id='line_1_90' title="bbox 1970 3863 2217 3935; baseline -0.004 -16"><span class='ocrx_word' id='word_1_584' title='bbox 1970 3863 2217 3935; x_wconf 86' lang='lat' dir='ltr'><strong>accepit.</strong></span> 
     </span>
    </p>
   </div>
   <div class='ocr_carea' id='block_1_91' title="bbox 2044 3950 3628 4017">
    <p class='ocr_par' dir='ltr' id='par_1_91' title="bbox 2044 3950 3628 4017">
     <span class='ocr_line' id='line_1_91' title="bbox 2044 3950 3628 4017; baseline 0.002 -11"><span class='ocrx_word' id='word_1_585' title='bbox 2044 3952 2207 4008; x_wconf 90' lang='lat' dir='ltr'><strong>Vers.</strong></span> <span class='ocrx_word' id='word_1_586' title='bbox 2242 3956 2291 4006; x_wconf 88' lang='lat'><strong>5.</strong></span> <span class='ocrx_word' id='word_1_587' title='bbox 2321 3951 2399 4007; x_wconf 85' lang='lat' dir='ltr'><strong>Et</strong></span> <span class='ocrx_word' id='word_1_588' title='bbox 2447 3981 2516 3992; x_wconf 94' lang='lat'><strong><em>—</em></strong></span> <span class='ocrx_word' id='word_1_589' title='bbox 2573 3950 2734 4007; x_wconf 87' lang='lat' dir='ltr'><strong>Vers.</strong></span> <span class='ocrx_word' id='word_1_590' title='bbox 2794 3952 2850 4008; x_wconf 92' lang='lat'><strong>6.</strong></span> <span class='ocrx_word' id='word_1_591' title='bbox 2900 3952 3161 4008; x_wconf 86' lang='lat' dir='ltr'><strong>Petrum.</strong></span> <span class='ocrx_word' id='word_1_592' title='bbox 3224 3951 3375 4017; x_wconf 85' lang='lat' dir='ltr'><strong>Quia</strong></span> <span class='ocrx_word' id='word_1_593' title='bbox 3423 3950 3628 4009; x_wconf 89' lang='lat' dir='ltr'><strong>lavare</strong></span> 
     </span>
    </p>
   </div>
   <div class='ocr_carea' id='block_1_92' title="bbox 1974 4039 3627 4117">
    <p class='ocr_par' dir='ltr' id='par_1_92' title="bbox 1974 4039 3627 4117">
     <span class='ocr_line' id='line_1_92' title="bbox 1974 4039 3627 4117; baseline 0 -20"><span class='ocrx_word' id='word_1_594' title='bbox 1974 4042 2149 4112; x_wconf 73' lang='lat' dir='ltr'><strong>cmpit</strong></span> <span class='ocrx_word' id='word_1_595' title='bbox 2180 4056 2251 4095; x_wconf 90' lang='lat' dir='ltr'><strong>ac</strong></span> <span class='ocrx_word' id='word_1_596' title='bbox 2308 4039 2684 4111; x_wconf 90' lang='lat' dir='ltr'><strong>postmodum</strong></span> <span class='ocrx_word' id='word_1_597' title='bbox 2742 4039 2901 4095; x_wconf 89' lang='lat' dir='ltr'><strong>venit</strong></span> <span class='ocrx_word' id='word_1_598' title='bbox 2938 4040 3015 4095; x_wconf 91' lang='lat' dir='ltr'><strong>ad</strong></span> <span class='ocrx_word' id='word_1_599' title='bbox 3059 4042 3310 4107; x_wconf 87' lang='lat' dir='ltr'><strong>Petrum,</strong></span> <span class='ocrx_word' id='word_1_600' title='bbox 3355 4046 3627 4117; x_wconf 80' lang='lat' dir='ltr'><strong>apparet,</strong></span> 
     </span>
    </p>
   </div>
   <div class='ocr_carea' id='block_1_93' title="bbox 1972 4127 3633 4202">
    <p class='ocr_par' dir='ltr' id='par_1_93' title="bbox 1972 4127 3633 4202">
     <span class='ocr_line' id='line_1_93' title="bbox 1972 4127 3633 4202; baseline 0.002 -19"><span class='ocrx_word' id='word_1_601' title='bbox 1972 4128 2139 4202; x_wconf 91' lang='lat' dir='ltr'><strong>quod</strong></span> <span class='ocrx_word' id='word_1_602' title='bbox 2168 4128 2429 4201; x_wconf 91' lang='lat' dir='ltr'><strong>primum</strong></span> <span class='ocrx_word' id='word_1_603' title='bbox 2462 4128 2665 4183; x_wconf 89' lang='lat' dir='ltr'><strong>laverit</strong></span> <span class='ocrx_word' id='word_1_604' title='bbox 2713 4127 2891 4200; x_wconf 88' lang='lat' dir='ltr'><strong>pedes</strong></span> <span class='ocrx_word' id='word_1_605' title='bbox 2944 4128 3263 4195; x_wconf 68' lang='lat' dir='ltr'><strong>Iscariotas,</strong></span> <span class='ocrx_word' id='word_1_606' title='bbox 3297 4129 3473 4184; x_wconf 90' lang='lat' dir='ltr'><strong>simul</strong></span> <span class='ocrx_word' id='word_1_607' title='bbox 3501 4130 3633 4202; x_wconf 84' lang='lat' dir='ltr'><strong>qui-</strong></span> 
     </span>
    </p>
   </div>
   <div class='ocr_carea' id='block_1_94' title="bbox 1974 4216 3633 4289">
    <p class='ocr_par' dir='ltr' id='par_1_94' title="bbox 1974 4216 3633 4289">
     <span class='ocr_line' id='line_1_94' title="bbox 1974 4216 3633 4289; baseline 0.001 -16"><span class='ocrx_word' id='word_1_608' title='bbox 1974 4218 2115 4273; x_wconf 93' lang='lat' dir='ltr'><strong>dem</strong></span> <span class='ocrx_word' id='word_1_609' title='bbox 2156 4216 2445 4272; x_wconf 82' lang='lat' dir='ltr'><strong>beneﬁcio</strong></span> <span class='ocrx_word' id='word_1_610' title='bbox 2481 4216 2748 4272; x_wconf 79' lang='lat' dir='ltr'><strong>afﬁciens</strong></span> <span class='ocrx_word' id='word_1_611' title='bbox 2793 4232 2863 4273; x_wconf 91' lang='lat' dir='ltr'><strong>ac</strong></span> <span class='ocrx_word' id='word_1_612' title='bbox 2908 4217 3218 4273; x_wconf 88' lang='lat' dir='ltr'><strong>honorans</strong></span> <span class='ocrx_word' id='word_1_613' title='bbox 3266 4218 3633 4289; x_wconf 90' lang='lat' dir='ltr'><strong>proditorem</strong></span> 
     </span>
    </p>
   </div>
   <div class='ocr_carea' id='block_1_95' title="bbox 1978 4305 3637 4378">
    <p class='ocr_par' dir='ltr' id='par_1_95' title="bbox 1978 4305 3637 4378">
     <span class='ocr_line' id='line_1_95' title="bbox 1978 4305 3637 4378; baseline 0.002 -17"><span class='ocrx_word' id='word_1_614' title='bbox 1978 4323 2151 4361; x_wconf 91' lang='lat' dir='ltr'><strong>suum</strong></span> <span class='ocrx_word' id='word_1_615' title='bbox 2180 4322 2372 4378; x_wconf 90' lang='lat' dir='ltr'><strong>usque</strong></span> <span class='ocrx_word' id='word_1_616' title='bbox 2400 4305 2475 4361; x_wconf 90' lang='lat' dir='ltr'><strong>ad</strong></span> <span class='ocrx_word' id='word_1_617' title='bbox 2511 4310 2786 4371; x_wconf 89' lang='lat' dir='ltr'><strong>mortem,</strong></span> <span class='ocrx_word' id='word_1_618' title='bbox 2822 4312 2887 4361; x_wconf 92' lang='lat' dir='ltr'><strong>ut</strong></span> <span class='ocrx_word' id='word_1_619' title='bbox 2923 4310 2982 4361; x_wconf 88' lang='lat' dir='ltr'><strong>et</strong></span> <span class='ocrx_word' id='word_1_620' title='bbox 3010 4322 3120 4362; x_wconf 89' lang='lat' dir='ltr'><strong>nos</strong></span> <span class='ocrx_word' id='word_1_621' title='bbox 3161 4306 3429 4363; x_wconf 88' lang='lat' dir='ltr'><strong>similiter</strong></span> <span class='ocrx_word' id='word_1_622' title='bbox 3456 4306 3637 4365; x_wconf 85' lang='lat' dir='ltr'><strong>facia-</strong></span> 
     </span>
    </p>
   </div>
   <div class='ocr_carea' id='block_1_96' title="bbox 1977 4393 3635 4467">
    <p class='ocr_par' dir='ltr' id='par_1_96' title="bbox 1977 4393 3635 4467">
     <span class='ocr_line' id='line_1_96' title="bbox 1977 4393 3635 4467; baseline 0.001 -18"><span class='ocrx_word' id='word_1_623' title='bbox 1977 4411 2133 4449; x_wconf 91' lang='lat' dir='ltr'><strong>mus.</strong></span> <span class='ocrx_word' id='word_1_624' title='bbox 2196 4393 2382 4450; x_wconf 90' lang='lat' dir='ltr'><strong>Simul</strong></span> <span class='ocrx_word' id='word_1_625' title='bbox 2426 4393 2606 4449; x_wconf 90' lang='lat' dir='ltr'><strong>etiam</strong></span> <span class='ocrx_word' id='word_1_626' title='bbox 2662 4395 2990 4466; x_wconf 89' lang='lat' dir='ltr'><strong>compungi</strong></span> <span class='ocrx_word' id='word_1_627' title='bbox 3043 4394 3246 4450; x_wconf 89' lang='lat' dir='ltr'><strong>volens</strong></span> <span class='ocrx_word' id='word_1_628' title='bbox 3291 4395 3480 4460; x_wconf 90' lang='lat' dir='ltr'><strong>illum,</strong></span> <span class='ocrx_word' id='word_1_629' title='bbox 3528 4394 3635 4467; x_wconf 90' lang='lat' dir='ltr'><strong>qui</strong></span> 
     </span>
    </p>
   </div>
   <div class='ocr_carea' id='block_1_97' title="bbox 1979 4482 3487 4555">
    <p class='ocr_par' dir='ltr' id='par_1_97' title="bbox 1979 4482 3487 4555">
     <span class='ocr_line' id='line_1_97' title="bbox 1979 4482 3487 4555; baseline -0.003 -15"><span class='ocrx_word' id='word_1_630' title='bbox 1979 4482 2117 4540; x_wconf 85' lang='lat' dir='ltr'><strong>talia</strong></span> <span class='ocrx_word' id='word_1_631' title='bbox 2156 4482 2443 4538; x_wconf 89' lang='lat' dir='ltr'><strong>adversus</strong></span> <span class='ocrx_word' id='word_1_632' title='bbox 2475 4482 2653 4539; x_wconf 91' lang='lat' dir='ltr'><strong>talem</strong></span> <span class='ocrx_word' id='word_1_633' title='bbox 2690 4483 3147 4555; x_wconf 80' lang='lat' dir='ltr'><strong>gubernatorem</strong></span> <span class='ocrx_word' id='word_1_634' title='bbox 3181 4483 3487 4553; x_wconf 78' lang='lat' dir='ltr'><strong>cogitaret.</strong></span> 
     </span>
    </p>
   </div>
   <div class='ocr_carea' id='block_1_98' title="bbox 2048 4571 3632 4645">
    <p class='ocr_par' dir='ltr' id='par_1_98' title="bbox 2048 4571 3632 4645">
     <span class='ocr_line' id='line_1_98' title="bbox 2048 4571 3632 4645; baseline 0.001 -18"><span class='ocrx_word' id='word_1_635' title='bbox 2048 4573 2215 4629; x_wconf 86' lang='lat' dir='ltr'><strong>Vers.</strong></span> <span class='ocrx_word' id='word_1_636' title='bbox 2257 4576 2308 4627; x_wconf 88' lang='lat'><strong>6.</strong></span> <span class='ocrx_word' id='word_1_637' title='bbox 2339 4572 2419 4627; x_wconf 85' lang='lat' dir='ltr'><strong>Et</strong></span> <span class='ocrx_word' id='word_1_638' title='bbox 2456 4602 2525 4613; x_wconf 91' lang='lat'>—</span> <span class='ocrx_word' id='word_1_639' title='bbox 2550 4573 2725 4641; x_wconf 83' lang='lat' dir='ltr'><strong>pedes</strong></span> <span class='ocrx_word' id='word_1_640' title='bbox 2759 4575 2787 4626; x_wconf 88' lang='lat'><strong><em>?</em></strong></span> <span class='ocrx_word' id='word_1_641' title='bbox 2822 4574 2904 4627; x_wconf 88' lang='lat' dir='ltr'><strong>Tu</strong></span> <span class='ocrx_word' id='word_1_642' title='bbox 2950 4572 3049 4645; x_wconf 90' lang='lat' dir='ltr'><strong>qui</strong></span> <span class='ocrx_word' id='word_1_643' title='bbox 3082 4571 3256 4628; x_wconf 86' lang='lat' dir='ltr'><strong>Filius</strong></span> <span class='ocrx_word' id='word_1_644' title='bbox 3288 4571 3393 4633; x_wconf 84' lang='lat' dir='ltr'><strong>Dei</strong></span> <span class='ocrx_word' id='word_1_645' title='bbox 3425 4587 3489 4629; x_wconf 85' lang='lat' dir='ltr'><strong>es</strong></span> <span class='ocrx_word' id='word_1_646' title='bbox 3511 4575 3541 4628; x_wconf 82' lang='lat'><strong><em>?</em></strong></span> <span class='ocrx_word' id='word_1_647' title='bbox 3569 4575 3632 4628; x_wconf 92' lang='lat' dir='ltr'><strong>ln</strong></span> 
     </span>
    </p>
   </div>
   <div class='ocr_carea' id='block_1_99' title="bbox 1980 4659 3633 4732">
    <p class='ocr_par' dir='ltr' id='par_1_99' title="bbox 1980 4659 3633 4732">
     <span class='ocr_line' id='line_1_99' title="bbox 1980 4659 3633 4732; baseline 0.001 -16"><span class='ocrx_word' id='word_1_648' title='bbox 1980 4665 2281 4732; x_wconf 85' lang='lat' dir='ltr'><strong>stuporem</strong></span> <span class='ocrx_word' id='word_1_649' title='bbox 2320 4676 2527 4715; x_wconf 86' lang='lat' dir='ltr'><strong>versus</strong></span> <span class='ocrx_word' id='word_1_650' title='bbox 2582 4659 2697 4717; x_wconf 90' lang='lat' dir='ltr'><strong>hoc</strong></span> <span class='ocrx_word' id='word_1_651' title='bbox 2744 4659 2905 4726; x_wconf 86' lang='lat' dir='ltr'><strong>dixit,</strong></span> <span class='ocrx_word' id='word_1_652' title='bbox 2952 4675 3024 4717; x_wconf 89' lang='lat' dir='ltr'><strong>ac</strong></span> <span class='ocrx_word' id='word_1_653' title='bbox 3067 4660 3444 4717; x_wconf 90' lang='lat' dir='ltr'><strong>vehementer</strong></span> <span class='ocrx_word' id='word_1_654' title='bbox 3489 4675 3633 4717; x_wconf 91' lang='lat' dir='ltr'><strong>cum</strong></span> 
     </span>
    </p>
   </div>
   <div class='ocr_carea' id='block_1_100' title="bbox 1978 4749 2571 4805">
    <p class='ocr_par' dir='ltr' id='par_1_100' title="bbox 1978 4749 2571 4805">
     <span class='ocr_line' id='line_1_100' title="bbox 1978 4749 2571 4805; baseline 0 0"><span class='ocrx_word' id='word_1_655' title='bbox 1978 4749 2310 4805; x_wconf 85' lang='lat' dir='ltr'><strong>reverentia</strong></span> <span class='ocrx_word' id='word_1_656' title='bbox 2330 4749 2571 4805; x_wconf 87' lang='lat' dir='ltr'><strong>veritus.</strong></span> 
     </span>
    </p>
   </div>
   <div class='ocr_carea' id='block_1_101' title="bbox 2054 4837 3633 4910">
    <p class='ocr_par' dir='ltr' id='par_1_101' title="bbox 2054 4837 3633 4910">
     <span class='ocr_line' id='line_1_101' title="bbox 2054 4837 3633 4910; baseline 0.002 -16"><span class='ocrx_word' id='word_1_657' title='bbox 2054 4840 2213 4894; x_wconf 89' lang='lat' dir='ltr'><strong>Vers.</strong></span> <span class='ocrx_word' id='word_1_658' title='bbox 2264 4843 2320 4894; x_wconf 89' lang='grc'><strong>7.</strong></span> <span class='ocrx_word' id='word_1_659' title='bbox 2359 4838 2679 4908; x_wconf 82' lang='lat' dir='ltr'><strong>Respondit</strong></span> <span class='ocrx_word' id='word_1_660' title='bbox 2726 4869 2791 4882; x_wconf 92' lang='lat'><strong>—-</strong></span> <span class='ocrx_word' id='word_1_661' title='bbox 2828 4837 3018 4895; x_wconf 92' lang='lat' dir='ltr'><strong>modo.</strong></span> <span class='ocrx_word' id='word_1_662' title='bbox 3062 4837 3232 4905; x_wconf 86' lang='lat' dir='ltr'><strong>Quod</strong></span> <span class='ocrx_word' id='word_1_663' title='bbox 3260 4853 3373 4910; x_wconf 90' lang='lat' dir='ltr'><strong>ego</strong></span> <span class='ocrx_word' id='word_1_664' title='bbox 3424 4838 3540 4897; x_wconf 89' lang='lat' dir='ltr'><strong>hac</strong></span> <span class='ocrx_word' id='word_1_665' title='bbox 3568 4854 3633 4897; x_wconf 85' lang='lat' dir='ltr'><strong>re</strong></span> 
     </span>
    </p>
   </div>
   <div class='ocr_carea' id='block_1_102' title="bbox 1978 4928 2189 4985">
    <p class='ocr_par' dir='ltr' id='par_1_102' title="bbox 1978 4928 2189 4985">
     <span class='ocr_line' id='line_1_102' title="bbox 1978 4928 2189 4985; baseline 0.005 -1"><span class='ocrx_word' id='word_1_666' title='bbox 1978 4928 2189 4985; x_wconf 90' lang='lat' dir='ltr'><strong>doceo.</strong></span> 
     </span>
    </p>
   </div>
   <div class='ocr_carea' id='block_1_103' title="bbox 1473 5308 2407 5397">
    <p class='ocr_par' dir='ltr' id='par_1_103' title="bbox 1473 5308 2407 5397">
     <span class='ocr_line' id='line_1_103' title="bbox 1473 5308 2407 5397; baseline 0.001 -15"><span class='ocrx_word' id='word_1_667' title='bbox 1473 5312 1726 5397; x_wconf 26' lang='lat' dir='ltr'><strong>.Varia</strong></span> <span class='ocrx_word' id='word_1_668' title='bbox 1746 5308 2078 5383; x_wconf 87' lang='lat' dir='ltr'><strong>lectiones</strong></span> <span class='ocrx_word' id='word_1_669' title='bbox 2108 5320 2174 5383; x_wconf 89' lang='lat' dir='ltr'><strong>et</strong></span> <span class='ocrx_word' id='word_1_670' title='bbox 2206 5322 2407 5383; x_wconf 82' lang='lat' dir='ltr'><strong>notae.</strong></span> 
     </span>
    </p>
   </div>
   <div class='ocr_carea' id='block_1_104' title="bbox 342 5504 823 5652">
    <p class='ocr_par' dir='ltr' id='par_1_104' title="bbox 342 5504 823 5652">
     <span class='ocr_line' id='line_1_104' title="bbox 342 5504 823 5652; baseline 0.006 -89"><span class='ocrx_word' id='word_1_671' title='bbox 342 5504 733 5652; x_wconf 52' lang='grc' dir='ltr'><strong>ξ86)Εὗσταλές</strong></span> <span class='ocrx_word' id='word_1_672' title='bbox 762 5515 823 5565; x_wconf 82' lang='grc' dir='ltr'><strong>Α.</strong></span> 
     </span>
     <span class='ocr_line' id='line_1_105' title="bbox 369 5580 823 5652; baseline 0 -17"><span class='ocrx_word' id='word_1_673' title='bbox 369 5580 789 5652; x_wconf 72' lang='grc' dir='ltr'><strong>87)Αὑτουργίας</strong></span> <span class='ocrx_word' id='word_1_674' title='bbox 819 5628 823 5635; x_wconf 35' lang='grc' dir='ltr'>έ</span> 
     </span>
    </p>
   </div>
   <div class='ocr_carea' id='block_1_105' title="bbox 369 5580 885 5653">
    <p class='ocr_par' dir='ltr' id='par_1_105' title="bbox 369 5580 885 5653">
     <span class='ocr_line' id='line_1_106' title="bbox 369 5580 885 5653; baseline 0 -18"><span class='ocrx_word' id='word_1_675' title='bbox 369 5580 789 5653; x_wconf 73' lang='grc' dir='ltr'><strong>87)Αὑτουργίας</strong></span> <span class='ocrx_word' id='word_1_676' title='bbox 819 5588 885 5635; x_wconf 68' lang='grc' dir='ltr'><strong>Λα</strong></span> 
     </span>
    </p>
   </div>
   <div class='ocr_carea' id='block_1_106' title="bbox 1983 5505 3644 5637">
    <p class='ocr_par' dir='ltr' id='par_1_106' title="bbox 1983 5505 3644 5637">
     <span class='ocr_line' id='line_1_107' title="bbox 1983 5505 3644 5637; baseline -0.009 -59"><span class='ocrx_word' id='word_1_677' title='bbox 1983 5510 2170 5637; x_wconf 45' lang='grc' dir='ltr'><strong>4ιὲΒῖ</strong></span> <span class='ocrx_word' id='word_1_678' title='bbox 2197 5510 2294 5568; x_wconf 87' lang='lat' dir='ltr'><strong>Est</strong></span> <span class='ocrx_word' id='word_1_679' title='bbox 2330 5511 2457 5569; x_wconf 74' lang='lat' dir='ltr'><strong>haec</strong></span> <span class='ocrx_word' id='word_1_680' title='bbox 2515 5505 2927 5585; x_wconf 85' lang='lat' dir='ltr'><strong>Chrysostomi</strong></span> <span class='ocrx_word' id='word_1_681' title='bbox 2963 5506 3185 5586; x_wconf 81' lang='lat' dir='ltr'><strong>opinio,</strong></span> <span class='ocrx_word' id='word_1_682' title='bbox 3221 5514 3364 5571; x_wconf 90' lang='lat' dir='ltr'><strong>tom.</strong></span> <span class='ocrx_word' id='word_1_683' title='bbox 3406 5509 3546 5586; x_wconf 81' lang='lat' dir='ltr'><strong>VIII,</strong></span> <span class='ocrx_word' id='word_1_684' title='bbox 3579 5529 3644 5589; x_wconf 87' lang='lat' dir='ltr'><strong>p.</strong></span> 
     </span>
    </p>
   </div>
   <div class='ocr_carea' id='block_1_107' title="bbox 347 5756 2277 5836">
    <p class='ocr_par' dir='ltr' id='par_1_107' title="bbox 347 5756 2277 5836">
     <span class='ocr_line' id='line_1_108' title="bbox 347 5756 2277 5836; baseline 0.003 -19"><span class='ocrx_word' id='word_1_685' title='bbox 347 5758 475 5834; x_wconf 82' lang='lat' dir='ltr'><strong>(hh)</strong></span> <span class='ocrx_word' id='word_1_686' title='bbox 513 5757 675 5818; x_wconf 84' lang='lat' dir='ltr'><strong>Licet</strong></span> <span class='ocrx_word' id='word_1_687' title='bbox 692 5792 758 5805; x_wconf 90' lang='lat'><em>—</em></span> <span class='ocrx_word' id='word_1_688' title='bbox 783 5768 945 5820; x_wconf 87' lang='lat' dir='ltr'><strong>esset.</strong></span> <span class='ocrx_word' id='word_1_689' title='bbox 970 5756 1037 5819; x_wconf 88' lang='lat' dir='ltr'><strong>In</strong></span> <span class='ocrx_word' id='word_1_690' title='bbox 1067 5764 1268 5821; x_wconf 63' lang='lat' dir='ltr'><strong>Graeco</strong></span> <span class='ocrx_word' id='word_1_691' title='bbox 1290 5766 1522 5821; x_wconf 89' lang='lat' dir='ltr'><strong>tantum</strong></span> <span class='ocrx_word' id='word_1_692' title='bbox 1546 5765 1656 5829; x_wconf 83' lang='lat' dir='ltr'><strong>est,</strong></span> <span class='ocrx_word' id='word_1_693' title='bbox 1678 5777 1751 5823; x_wconf 87' lang='lat' dir='ltr'><strong>ac</strong></span> <span class='ocrx_word' id='word_1_694' title='bbox 1771 5765 1951 5820; x_wconf 57' lang='lat' dir='ltr'><strong>tanta;</strong></span> <span class='ocrx_word' id='word_1_695' title='bbox 1966 5763 2277 5836; x_wconf 74' lang='lat' dir='ltr'><strong>potestatis.</strong></span> 
     </span>
    </p>
   </div>
  </div>
