4130 6320
204 320 337 386 1381

282 455 339 508 Εἰ
365 485 433 496 -
458 450 651 517 πόδας.
688 454 796 506 Οὑκ
834 471 968 505 ειπεν
1000 452 1080 504 ὅτι
1114 452 1227 503 Ἐὰν
1257 450 1357 521 ἐγὼ
1384 452 1409 501 ό
1436 452 1588 522 φύσει
1622 452 1806 522 Κύριος
1838 452 1879 503 Α

204 544 361 615 ἔνιψα
389 546 530 616 ὑμῶν
570 552 668 595 τῶν
700 546 851 615 φύσει
882 539 1078 594 δούλων
1099 542 1219 601 τούς
1258 536 1443 605 πόδας,
1477 538 1646 609 πολλῷ
1676 538 1804 611 μάλ-

204 632 293 684 λον
315 635 464 705 ὑμεῖς
489 635 537 684 οἰ
563 628 842 704 ὁμόδουλοι
868 630 1084 702 ὀφείλετε
1106 628 1332 685 ἀλλήλων
1356 632 1550 679 νίπτειν
1576 632 1801 688 τούςπό-

206 718 308 783 δας
338 739 349 751 ·
374 718 490 773 οὐδ’
520 723 599 773 ὅτι
638 721 755 773 Ἐὰν
782 720 879 791 ἐγὼ
897 718 1048 789 ἔνιψα
1064 721 1183 779 τοὺς
1213 724 1303 769 τοῦ
1322 714 1601 788 προδότόυ,
1636 716 1805 786 πολλῷ

205 810 397 883 μᾶλλον
424 813 566 882 ὑμεῖς
595 814 716 870 τοὺς
738 818 835 861 τῶν
868 808 1144 860 ἐπιϐούλων
1180 824 1191 837 ·
1234 805 1362 858 ἀλλὰ
1401 803 1435 858 δ
1442 810 1496 857 ιά
1520 815 1618 857 τῶν
1647 809 1805 879 ἔργων

204 907 372 952 ταῦτα
404 896 667 963 δηλώσας,
716 898 879 970 ἀφῆκε
915 902 1006 955 τὴν
1035 894 1305 968 διάκρισιν
1344 896 1511 947 αὐτῶν
1542 903 1603 967 τῇ
1640 914 1808 947 συνει-

208 986 277 1047 δή
288 1008 365 1041 σει
390 997 486 1041 τῶν
514 988 867 1063 ἀκροωμένων.

278 1075 600 1150 Ὑπόδειγμα
651 1109 718 1117 -
769 1078 910 1148 ὑμῖν.
967 1071 1289 1147 ’Υπόδειγμα
1361 1082 1454 1134 τῆς
1529 1073 1578 1125 ἐν
1622 1074 1800 1147 ἀγάπη

203 1172 556 1227 ταπεινώσεως
628 1163 800 1218 ἔδωκα
859 1168 980 1237 ὑμῖν
1056 1161 1149 1216 διά
1211 1171 1305 1225 τῆς
1372 1166 1615 1222 τοιαύτης
1666 1165 1805 1235 πρά-

207 1258 347 1319 ξεως.

275 1344 387 1398 Ἵνα
449 1376 517 1385 -
568 1353 770 1403 ποιῆτε.
825 1343 914 1406 Ἐξ
979 1341 1188 1413 ἀγάπης
1243 1343 1650 1413 ταπεινούμενοι,
1716 1346 1805 1394 καὶ

208 1431 570 1494 διακονοῦντες
618 1440 727 1495 τοῖς
778 1431 1151 1489 ὑποϐεϐηκόσι.
1190 1435 1373 1482 Καίτοι
1420 1449 1477 1500 γε
1506 1430 1664 1491 αὑτός
1715 1434 1804 1501 μὲν

208 1521 270 1582 ἦν
325 1526 448 1599 ὑπὲρ
508 1526 698 1574 ἔννοιαν
748 1528 836 1574 καὶ
887 1521 1033 1591 λόγον
1069 1540 1079 1551 ·
1113 1522 1259 1591 ἡμεῖς
1317 1516 1375 1571 δέ
1412 1518 1562 1590 ἐσμεν
1607 1528 1671 1589 ’γῆ
1718 1525 1806 1572 καὶ

209 1610 424 1678 σποδός,
466 1617 555 1663 καὶ
596 1616 773 1686 τέφρα,
816 1616 904 1662 καὶ
943 1616 1104 1677 κόνις,
1144 1614 1233 1660 καὶ
1284 1611 1328 1660 εἰ
1378 1628 1431 1659 τι
1480 1611 1675 1659 τούτων
1724 1610 1805 1661 εύ-

207 1702 518 1772 τελέστερον.
568 1699 723 1752 Ὀταν
758 1696 815 1751 δε
857 1699 915 1751 ού
955 1703 1106 1770 μόνον
1155 1697 1213 1748 οὑ
1268 1699 1643 1768 ταπεινούμεθα
1680 1701 1805 1772 πρός

205 1794 328 1850 τοὺς
384 1789 667 1859 ἐλάττονας,
710 1788 813 1839 ἀλλ’
873 1784 995 1839 οὐδὲ
1051 1789 1180 1859 πρός
1229 1790 1349 1846 τούς
1383 1786 1621 1856 μείζονας

206 1879 266 1931 ού
315 1884 466 1950 μόνον
519 1878 576 1929 ού
615 1882 857 1949 νίπτομεν
904 1881 1024 1937 τοὺς
1078 1872 1246 1935 πόδας
1296 1883 1394 1925 τῶν
1442 1871 1661 1941 δούλων,
1696 1873 1800 1925 ἀλλ’

206 1965 333 2020 οὐδὲ
384 1976 481 2019 τῶν
535 1966 707 2039 φίλων,
766 1968 813 2017 οἱ
856 1970 943 2017 καὶ
1002 1969 1117 2024 τούς
1168 1971 1268 2014 τῶν
1307 1962 1588 2014 ἐπιϐούλων
1610 1968 1805 2015 νίπτειν

205 2056 488 2128 ὀφείλοντες
542 2077 554 2090 ο
606 2061 759 2116 ποίας
811 2055 903 2106 ούκ
958 2053 1016 2105 ἀν
1068 2058 1238 2125 εἴημεν
1298 2052 1436 2113 ἄξιοι
1484 2048 1801 2113 καταδίκης.

207 2146 267 2198 ού
307 2152 459 2217 μόνον
514 2145 571 2197 οὐ
622 2147 929 2217 μιμούμενοι
978 2148 1035 2195 τό
1087 2140 1236 2195 δοθὲν
1294 2139 1608 2213 ὑπόδειγμα,
1681 2141 1806 2193 ἀλλά

205 2240 296 2287 καὶ
362 2235 416 2297 ἐξ
491 2234 718 2294 ἐναντίας
799 2236 1086 2305 ἱστάμενοι,
1149 2238 1239 2283 καὶ
1316 2235 1450 2283 κατά
1525 2229 1805 2303 διάμετρον

206 2324 554 2397 ἐπαιρόμενοι,
586 2329 675 2375 καὶ
730 2328 825 2381 τὴν
877 2323 1080 2394 ὀφειλὴν
1127 2322 1219 2373 οὐκ
1287 2318 1650 2382 ἀποδιδόντες.
1707 2327 1807 2373 Καὶ

206 2415 356 2486 ὑμεῖς
419 2416 542 2486 γὰρ,
602 2418 781 2486 φησὶν,
846 2411 1067 2483 ὀφείλετε
1124 2410 1351 2469 ἀλλήλων
1426 2416 1613 2461 νίπτειν
1688 2414 1806 2470 τοὺς

208 2500 396 2563 πόδας.
976 2492 979 2493 ν

282 2592 444 2664 Ἀμὴν
474 2623 533 2632 —-
564 2592 738 2644 αὑτόν.
768 2594 962 2644 Λοιπὸν
986 2586 1091 2661 οὑν,
1120 2589 1162 2641 εἰ
1188 2588 1285 2660 ἐγὼ
1307 2590 1681 2660 όάσυγκρίτως
1697 2593 1806 2659 μεί-

209 2683 312 2742 ζων
343 2682 501 2740 οὑτως
533 2680 896 2747 ἐταπεινώθην,
921 2679 1088 2749 πολλῷ
1119 2678 1307 2749 μᾶλλον
1337 2678 1501 2749 ὑμεῖς.
1538 2682 1637 2729 Καὶ
1653 2684 1805 2728 τοῦτο

208 2768 268 2823 δὲ
294 2778 387 2829 τῆς
436 2769 632 2841 ἀφάτου
684 2775 1042 2827 ταπεινώσεως
1087 2766 1267 2832 αὑτοῦ,
1313 2770 1371 2817 τὸ
1412 2763 1597 2817 δοῦναι
1626 2766 1805 2817 ἑαυτὸν

202 2855 565 2930 παράδειγμα,
599 2861 683 2908 τόν
717 2859 960 2912 Πλάστην
996 2863 1103 2915 τοῖς
1134 2854 1453 2927 ’πλάσμασι,
1498 2860 1588 2907 καὶ
1618 2860 1804 2928 τρόπον

203 2949 322 2999 τινὰ
350 2948 721 3017 συγκρίνεσθαι
738 2949 824 2996 τόν
847 2943 1179 3016 ἀσύγκριτον.

280 3031 400 3087 Εἷπε
433 3031 491 3086 δε
528 3038 586 3085 τὸ
640 3038 811 3105 νόημα
850 3041 1003 3085 τοῦτο
1032 3038 1121 3085 καὶ
1174 3032 1225 3083 ἐν
1263 3040 1334 3102 τῷ
1371 3030 1805 3105 ἐννεακαιδεκάτῳ

204 3123 461 3195 κεφαλαίῳ
489 3130 581 3175 τού
624 3125 759 3174 κατά
803 3124 1064 3175 Μαι-θαίον

206 3214 316 3267 Ούκ
342 3216 453 3265 ἔστι
483 3215 723 3285 μαθητὴς
752 3213 876 3285 ὑπὲρ
904 3215 990 3263 τὸν
1016 3207 1341 3263 διδάσκαλον
1370 3211 1481 3283 (91)
1512 3212 1690 3281 αὐτοῦ,
1715 3220 1804 3267 καὶ

204 3306 269 3357 τὰ
300 3301 431 3364 ἑξῆς.

276 3391 417 3463 [(92)
469 3390 579 3443 Ούκ
632 3392 741 3442 ἔστι
796 3385 1000 3450 δοῦλος.
1031 3387 1162 3451 Ἕως
1192 3388 1250 3440 ἀν
1284 3391 1308 3440 ό
1358 3394 1447 3462 μέν
1478 3388 1587 3443 ἐστι
1619 3387 1805 3452 δοῦλος

202 3484 411 3545 τούτου,
441 3482 464 3531 ό
498 3476 555 3532 δὲ
594 3478 875 3538 ἀπόστολος
905 3477 1116 3532 ἐκείνου.
1147 3478 1456 3539 Ἐλάττωσις
1480 3481 1580 3553 γὰρ
1621 3498 1707 3530 και
1743 3482 1800 3530 τό

205 3568 483 3635 δουλεύειν,
512 3574 600 3619 καὶ
632 3573 686 3620 τό
722 3566 1176 3639 ἀποστέλλεσθαι.]

275 3658 334 3709 Εἰ
361 3690 422 3696 -
453 3658 603 3721 αὑτά,
648 3657 705 3709 Εἰ
730 3665 895 3708 ταῦτα
924 3653 1122 3723 οἴδατε,
1154 3660 1219 3707 τὰ
1243 3657 1460 3729 ῥηθέντα
1490 3674 1500 3685 ·
1532 3654 1710 3710 οἰδατε
1742 3655 1800 3711 δε

203 3746 358 3809 αὐτὰ,
390 3746 512 3819 παρ’
549 3745 672 3818 ἐμοῦ
700 3748 945 3817 μαθόντες
975 3763 986 3774 ·
1018 3748 1283 3819 Μακάριοί
1315 3743 1449 3809 ἐστε,
1489 3744 1572 3797 ἐὰν
1617 3754 1800 3804 ποιῆτε

204 3832 353 3887 αύτά.
405 3835 515 3886 Ούκ
556 3832 705 3909 ἀρκεῖ
764 3837 865 3907 ’γὰρ
912 3830 1105 3885 εἰδέναι
1162 3838 1336 3906 μόνον,
1377 3832 1503 3885 ἀλλά
1546 3839 1654 3909 χρὴ
1711 3842 1799 3888 καὶ

202 3943 269 3977 πο
278 3930 386 3977 ιεῖν.

277 4012 351 4063 Ού
387 4044 455 4051 -
483 4012 631 4083 λέγω,
664 4018 732 4064 Τό
762 4032 773 4044 ⁸
806 4012 923 4064 Ἐὰν
951 4020 1132 4071 ποιῆτε
1162 4013 1314 4068 αὑτά.
1354 4018 1476 4086 Περὶ
1501 4022 1597 4065 τοῦ
1624 4010 1802 4067 Ἰούδα

201 4104 302 4175 γάρ
334 4110 487 4153 τοῦτο
512 4100 697 4172 ἔλεγεν,
726 4101 780 4162 ὃς
806 4102 863 4153 ού
884 4107 1037 4173 μόνον
1070 4102 1163 4153 ούιι
1188 4102 1356 4174 ἔμελλε
1381 4108 1619 4161 ποιήσειν
1647 4104 1797 4170 αύτὰ,

203 4187 445 4242 ἀλλὀύδ”
484 4190 600 4241 πῖλλο
621 4209 672 4240 τι
698 4199 796 4241 τῶν
829 4189 1213 4263 ἐντεταλμένων,
1240 4188 1347 4249 ἤδη
1393 4196 1485 4249 τὴν
1508 4188 1798 4263 προδοσίαν

201 4278 442 4354 μελετῶν.

277 4368 403 4437 Ἐγὼ
460 4399 519 4409 -
580 4365 902 4439 ἐξελεξάμην.
958 4366 1119 4434 Οἶδα,
1179 4372 1244 4428 ὡς
1296 4372 1433 4431 Θεὸς,
1515 4372 1645 4430 τίνες
1710 4372 1798 4440 μὲν

200 4465 301 4509 τῶν
355 4458 475 4527 παρ’
525 4455 650 4526 ἐμοῦ
695 4456 993 4528 ἐκλεγέντων
1035 4463 1350 4515 ποιήσουσιν
1404 4457 1556 4522 αὐτὰ,
1607 4462 1686 4519 τίς
1739 4454 1798 4510 δὲ

200 4548 261 4598 ού
311 4550 536 4602 ποιήσει.
583 4551 684 4597 Καὶ
736 4545 965 4618 ἀνωτέρω
1025 4543 1084 4598 δι
1150 4546 1302 4598 εἰπὼν
1362 4548 1442 4597 ὅτι
1486 4551 1586 4597 Καὶ
1656 4546 1799 4617 ὑμεῖς

198 4636 423 4708 καθαροί
476 4634 611 4702 ἐστε,
677 4633 782 4685 ἀλλ’
842 4636 967 4705 οὐχὶ
1015 4637 1197 4696 πάντες
1243 4651 1256 4666 ’
1301 4640 1389 4687 καὶ
1421 4634 1468 4686 ἐν
1532 4631 1799 4706 διαφόροις

201 4721 263 4776 δὲ
329 4732 527 4797 καιροῖς
589 4724 750 4775 πολλά
820 4732 1040 4775 τοιαῦτα
1119 4724 1481 4796 φθεγξάμενος,
1552 4726 1801 4776 νύττοντα

197 4815 354 4886 μόνον
384 4816 439 4863 τό
470 4820 561 4863 τοῦ
601 4808 863 4884 προδότου
914 4809 1172 4879 συνειδὸς,
1232 4818 1320 4865 καὶ
1369 4812 1479 4883 ἅμα
1526 4814 1615 4883 μὲν
1644 4808 1800 4863 διδά-

199 4919 395 4955 σκοντα
450 4904 525 4951 ὅτι
592 4901 649 4951 ού
710 4900 945 4952 λανθάνει
1012 4900 1367 4965 ἐπιϐουλεύων,
1420 4901 1530 4973 ἅμα
1587 4897 1645 4952 δὲ
1710 4905 1800 4953 καὶ

198 4990 269 5048 εἰς
330 4988 663 5060 μεταμέλειαν
743 4993 831 5040 καὶ
904 4985 1191 5065 διόρθωσιν
1273 4989 1636 5062 ἐκκαλούμενα,
1705 4990 1799 5042 οὐκ

198 5081 393 5132 ἔπεισε.

272 5308 319 5345 σε
349 5306 542 5364 Matth.
570 5322 627 5376 x,
656 5308 745 5363 24.
876 5307 1085 5366 "Joan.
1117 5324 1239 5377 nu,
1272 5308 1358 5367 10.

1271 312 1641 381 COMMENT.
1684 312 1751 379 lN
1790 314 2145 380 JOANNEM.
2178 358 2241 365 —
2271 316 2423 381 CAP.
2458 317 2603 382 xm.

3436 326 3571 385 1382

1986 448 2146 505 Vers.
2172 453 2255 507 14.
2274 450 2342 507 Si
2361 483 2430 493 --
2444 451 2642 520 pedes.
2672 455 2795 508 Non
2813 451 2981 517 dixit,
3001 446 3057 509 Si
3081 467 3212 525 ego,
3232 453 3335 524 qui
3354 457 3568 511 natura

1916 539 2205 595 Dominus
2236 556 2391 604 sum,
2416 540 2535 596 lavi
2568 547 2796 597 vestros
2825 542 3030 612 pedes,
3053 543 3155 615 qui
3183 548 3398 599 natura
3417 543 3571 599 servi

1916 627 2075 693 estis,
2113 629 2299 684 multo
2339 629 2535 699 magis
2565 646 2672 686 vos
2710 630 2967 687 invicem
2998 632 3293 702 conservi,
3342 632 3569 688 debetis

1916 716 2012 772 alii
2027 716 2492 775 aliorumlavare
2531 719 2737 789 pedes.
2762 723 2961 792 Neque
2987 720 3127 776 dixit
3160 737 3173 775 :
3205 720 3261 777 Si
3293 736 3402 790 ego
3433 738 3569 794 pro-

1915 804 2120 860 ditoris
2141 804 2260 860 lavi
2288 806 2492 877 pedes,
2521 806 2706 862 multo
2734 808 2927 878 magis
2958 824 3065 864 vos
3102 808 3521 866 insidiatorum
3552 826 3565 866 :

1917 894 2019 949 sed
2049 894 2175 949 haec
2198 910 2304 967 per
2342 912 2527 967 opera
2565 896 2926 966 signiﬁcans,
2968 898 3185 954 horum
3214 898 3567 970 disputatio-

1914 998 2053 1038 nem
2085 982 2319 1056 reliquit
2348 984 2694 1042 auditorum
2734 986 3138 1043 conscientiae.

1986 1073 2241 1128 νει-δήὸ,
2294 1074 2647 1143 Exemplum
2683 1076 2936 1132 —vobis.
2978 1077 3329 1149 Exemplum
3369 1077 3569 1149 dejec-

1918 1160 2088 1217 tionis
2115 1161 2175 1218 in
2205 1162 2534 1234 dilectione,
2564 1164 2680 1222 hoc
2710 1181 2886 1238 opere
2918 1165 3137 1223 tradidi
3168 1166 3359 1223 vobis.

1987 1340 2147 1395 Vers.
2211 1342 2294 1398 15.
2359 1343 2430 1398 Ut
2470 1343 2800 1412 —faciatis.
2851 1346 2931 1400 Ex
2962 1344 3273 1401 dilectione
3328 1345 3562 1416 dejecti,

1915 1445 1984 1485 ac
2010 1430 2262 1486 subditis
2294 1431 2716 1489 ministrantes.
2740 1438 2809 1489 At
2836 1449 2973 1490 vero
3000 1434 3124 1505 ipse
3164 1434 3409 1506 quidem
3440 1441 3567 1492 erat

1914 1522 2126 1589 major,
2167 1535 2352 1590 quam
2392 1519 2634 1591 intelligi
2662 1537 2733 1577 ac
2759 1522 2875 1577 dici
2912 1531 3116 1593 posset
3158 1539 3168 1577 :
3214 1539 3320 1579 nos
3365 1530 3565 1581 autem

1915 1624 2128 1663 sumus
2156 1614 2309 1664 terra
2336 1613 2393 1664 et
2416 1610 2579 1674 cinis,
2610 1609 2807 1682 pulvis
2834 1616 2889 1667 et
2916 1627 3171 1677 ccenum,
3206 1617 3311 1668 ant
3339 1613 3387 1667 si
3417 1614 3566 1685 quid

1914 1696 2006 1752 his
2038 1697 2209 1752 vilius
2250 1703 2353 1752 est.
2384 1700 2633 1763 Quando
2676 1715 2813 1755 vero
2844 1715 2966 1755 non
2994 1704 3226 1756 tantum
3267 1702 3344 1757 ad
3377 1704 3565 1760 mino-

1664 1803 1676 1815 ο
1715 1792 1805 1839 καὶ
1838 1804 1880 1854 Β
1915 1802 2007 1841 res
2074 1802 2194 1842 non
2247 1786 2562 1857 dejicimus
2646 1804 2775 1853 nos,
2835 1788 2943 1844 sed
2999 1805 3193 1861 neque
3237 1791 3310 1847 ad
3375 1795 3564 1864 majo-

1911 1887 2003 1926 res
2036 1888 2048 1925 :
2080 1887 2182 1926 nec
2205 1871 2399 1926 solum
2431 1872 2613 1943 pedes
2644 1889 2954 1929 servorum
2981 1890 3103 1929 non
3129 1874 3425 1944 lavamus,
3459 1878 3563 1932 sed

1911 1976 2105 2032 neque
2158 1960 2507 2026 amicorum,
2548 1978 2682 2017 cum
2709 1963 2887 2018 etiam
2917 1963 3331 2020 insidiatorum
3359 1965 3565 2023 lavare

1911 2050 2270 2105 debeamus:
2292 2066 2434 2121 qua,
2454 2051 2723 2116 obsecro,
2743 2052 3245 2109 condemnatione
3263 2054 3428 2122 digni
3448 2072 3564 2111 non

1912 2139 2134 2193 erimus
2180 2138 2207 2192 ?
2242 2139 2344 2211 qui
2386 2154 2506 2194 non
2567 2140 2757 2194 solum
2811 2141 3025 2197 Christi
3085 2158 3201 2197 non
3258 2142 3565 2200 imitamur

1913 2234 1966 2283 et
1988 2244 2058 2283 ex
2080 2228 2376 2283 diametro
2417 2229 2770 2295 extollimur,
2799 2246 2907 2286 nec
2933 2231 3097 2302 quod
3147 2232 3413 2288 debitum
3476 2238 3566 2289 est

1913 2316 2299 2374 exsolvimus.
2323 2319 2399 2372 Et
2423 2333 2541 2388 vos,
2560 2319 2773 2390 inquit,
2796 2320 3015 2376 debetis
3038 2321 3401 2378 invicemalii
3420 2322 3563 2379 alio-

1912 2421 2045 2460 rum
2078 2407 2287 2462 lavare
2315 2407 2499 2476 pedes.

1983 2495 2143 2550 Vers.
2182 2501 2264 2551 16.
2305 2497 2491 2552 Amen
2543 2527 2612 2537 —
2652 2497 2842 2553 illum.
2886 2497 3092 2570 Itaque
3149 2499 3197 2553 si
3258 2514 3388 2569 ego,
3453 2499 3560 2571 qui

1912 2584 2456 2655 incomparabiliter
2487 2586 2682 2656 major
2711 2603 2868 2657 sum,
2913 2587 3216 2658 meipsum
3248 2588 3400 2643 adeo
3457 2590 3563 2645 de-

1908 2673 2041 2743 jeci,
2087 2672 2274 2728 multo
2305 2674 2499 2743 magis
2552 2690 2680 2729 vos.
2720 2676 2789 2731 Et
2833 2676 2948 2731 hoc
2988 2682 3189 2732 autem
3240 2676 3558 2733 ineﬂabilis

1913 2761 2258 2817 humilitatis
2282 2763 2470 2834 ipsius
2491 2769 2595 2830 est,
2625 2764 2786 2835 quod
2817 2781 2944 2822 sese
2970 2766 3197 2821 dederit
3219 2767 3562 2838 exemplum

1914 2853 2249 2907 Creatorem
2299 2852 2572 2909 videlicet
2613 2853 2897 2909 creaturis
2941 2871 2955 2909 :
3004 2860 3061 2910 et
3107 2855 3561 2927 quodammodo

1914 2956 1975 2995 se
2014 2941 2473 3011 comparaverit,
2504 2943 2607 3014 qui
2639 2943 3129 3015 incomparabilis
3168 2950 3272 2999 est.

1985 3029 2139 3084 Dixit
2172 3036 2373 3086 autem
2412 3036 2468 3086 et
2524 3032 2681 3087 hanc
2729 3033 3086 3088 sententiam
3144 3032 3378 3088 decimo
3407 3049 3561 3089 nono

1114 3137 1126 3149 °
1173 3125 1261 3173 καὶ
1305 3122 1536 3181 ζήτησον
1568 3122 1672 3175 ἐκεῖ
1697 3128 1754 3175 τό
1790 3142 1802 3153 ·

1926 3120 2101 3189 3apite
2127 3118 2295 3189 juxta
2329 3121 2660 3176 Matthaeum
2692 3136 2704 3176 :
2741 3121 2822 3177 ibi
2852 3136 2993 3190 ergo
3036 3137 3237 3193 quaere
3279 3122 3440 3192 quod
3474 3121 3563 3176 di-

1914 3209 2065 3265 citur
2090 3228 2101 3266 :
2135 3210 2269 3265 Non
2298 3215 2380 3265 est
2409 3210 2727 3281 discipulus
2756 3226 2935 3282 supra
2964 3210 3315 3281 magistrum
3368 3226 3556 3276 suum,

1912 3302 1969 3353 et
1994 3304 2209 3355 caetera
2237 3300 2308 3355 “.

1981 3388 2219 3457 -Η-Νοη
2249 3394 2332 3444 εει
2361 3403 2585 3445 servus.
2626 3387 2898 3449 Quandiu
2930 3386 3023 3443 ille
3054 3388 3296 3459 quidem
3326 3392 3417 3444 est
3446 3405 3562 3445 ser-

1911 3492 2019 3531 vus
2047 3477 2248 3547 hujus,
2281 3477 2377 3531 hic
2407 3476 2713 3549 apostolus
2754 3476 2900 3547 ejus.
2933 3477 3228 3532 Inferioris
3272 3476 3433 3533 enim
3474 3482 3563 3535 est

1909 3564 2291 3630 conditionis,
2325 3564 2429 3620 sed
2453 3571 2509 3620 et
2536 3565 2837 3629 servire,et
2864 3566 3142 3620 nuntium
3170 3565 3342 3621 mitti.

1981 3654 2143 3710 Vers.
2178 3660 2259 3707 t7.
2296 3653 2360 3708 Si
2402 3684 2468 3693 --
2515 3669 2601 3710 ea.
2638 3653 2693 3708 Si
2724 3654 2852 3709 haec
2904 3654 3169 3718 novistis,
3218 3670 3355 3727 qua:
3400 3654 3563 3712 dicta

1910 3752 2068 3811 sunt,
2097 3743 2345 3798 novistis
2376 3749 2576 3798 autem
2601 3760 2694 3809 ea,
2743 3759 2881 3798 cum
2929 3759 2965 3799 a
3012 3760 3111 3799 me
3158 3743 3487 3800 didiceritis
3540 3760 3559 3801 :

1910 3832 2083 3887 Beati
2134 3833 2298 3888 eritis
2340 3832 2391 3886 si
2439 3831 2712 3901 feceretis
2760 3848 2843 3899 ea,
2914 3848 3108 3905 neque
3161 3832 3322 3889 enim
3378 3848 3558 3889 nosse

1911 3920 2146 3985 sufﬁcit,
2181 3920 2285 3975 sed
2313 3925 2370 3974 et
2394 3920 2587 3976 facere
2624 3926 2875 3991 oportet.
3466 3907 3474 3915 ’

1981 4011 2137 4063 Vers.
2177 4012 2258 4063 18.
2300 4008 2436 4064 Non
2480 4038 2546 4047 —
2596 4008 2745 4064 dico.
2810 4009 2978 4073 Puta,
3032 4008 3097 4064 Si
3142 4010 3406 4076 feceritis
3461 4024 3552 4067 ea.

1909 4100 2054 4153 Nam
2087 4098 2155 4152 de
2184 4098 2337 4153 Juda
2362 4098 2476 4153 hoc
2509 4097 2762 4161 dicebat,
2789 4098 2892 4169 qui
2916 4113 3033 4153 non
3057 4097 3250 4153 solum
3274 4113 3345 4154 ea
3372 4098 3556 4155 factu-

1907 4203 2009 4242 rus
2038 4202 2161 4241 non
2185 4193 2331 4252 erat,
2362 4189 2465 4242 sed
2494 4202 2601 4243 nec
2628 4187 2790 4242 aliud
2814 4187 3144 4258 quidquam
3176 4203 3384 4243 eorum
3413 4204 3552 4260 quae

1907 4282 2198 4349 praecepta
2231 4281 2419 4344 erant,
2451 4277 2525 4333 de
2556 4275 2889 4349 proditione
2905 4277 3034 4347 jam
3060 4292 3265 4331 curam
3295 4276 3549 4349 habens.

1978 4366 2138 4420 Vers.
2177 4370 2264 4421 18.
2299 4367 2426 4435 Ego
2454 4395 2524 4405 -—-
2553 4366 2843 4435 elegerim.
2872 4366 3032 4431 Novi,
3061 4370 3345 4437 tanquam
3370 4367 3548 4434 Deus,

1906 4455 2155 4527 quinam
2174 4471 2245 4509 ex
2262 4455 2459 4510 electis
2482 4454 2632 4509 meis
2657 4453 2862 4510 facturi
2903 4458 3146 4518 suntea,
3162 4458 3236 4519 et,
3262 4453 3469 4526 etquis
3482 4454 3555 4510 sit

1906 4544 2010 4616 qui
2032 4559 2152 4599 non
2171 4544 2359 4600 faciet.
2381 4544 2656 4614 Superius
2677 4558 2913 4614 quoque
2931 4542 3107 4600 dixit:
3128 4543 3206 4597 Et
3230 4558 3328 4598 vos
3346 4544 3559 4599 mundi

1907 4634 2065 4697 estis,
2090 4632 2189 4687 sed
2208 4648 2325 4687 non
2348 4634 2593 4688 omnes‘59
2620 4648 2633 4696 ;
2659 4630 2955 4701 variisque
2979 4632 3344 4701 temporibus
3365 4632 3557 4689 multa

1908 4721 2258 4792 hujusmodi
2278 4721 2510 4776 locutus
2531 4725 2637 4785 est,
2661 4736 2793 4790 quae
2824 4719 3007 4775 solius
3047 4719 3367 4791 proditoris
3406 4735 3555 4791 pun-

1907 4816 2109 4881 gerent
2130 4809 2570 4875 conscientiam,
2595 4808 2893 4880 simulque
2906 4810 3208 4877 docerent,
3225 4810 3394 4881 quod
3415 4825 3555 4866 eum

1907 4915 2030 4956 non
2069 4898 2273 4955 lateret
2302 4898 2591 4972 proditor,
2630 4902 2687 4955 et
2706 4898 2873 4954 illum
2914 4897 2993 4954 ad
3031 4897 3442 4970 paenitentiam
3483 4915 3555 4956 ac

1909 4988 2338 5046 correctionem
2380 4992 2697 5046 evocarent
2750 5004 2763 5044 :
2813 5003 3023 5045 verum
3074 5002 3198 5044 non
3246 5002 3557 5061 persuase-

1908 5084 2062 5135 runt.

1412 5510 1636 5582 Variae
1674 5513 2000 5583 lectiones
2041 5524 2106 5583 et
2149 5524 2348 5586 notae.

269 5653 352 5729 (91
416 5651 582 5708 Αὑτοῦ
613 5652 783 5711 abest
808 5654 871 5712 A.

268 5656 380 5802 (923
411 5728 545 5784 Haec
584 5729 871 5802 uterquei

411 5728 545 5784 Hiec
584 5733 833 5803 uterque
857 5729 918 5785 in
950 5728 1219 5801 margine
1256 5727 1459 5787 habet.
1492 5730 1659 5787 Caret
1686 5727 1759 5786 iis
1798 5729 2131 5790 Hentenius.
