4130 6320
627 283 763 342 1383

697 414 808 466 Cur
828 413 1026 466 autem
1063 409 1240 464 etiam
1294 408 1657 480 proditorem
1689 406 1952 477 elegerit,
2007 406 2270 462 diximus
2305 409 2351 462 A

623 499 1017 569 octavojuxta
1043 497 1306 553 Marcum
1358 499 1574 569 capite,
1615 503 1671 552 et
1722 497 1801 552 ibi
1853 511 2052 568 quaere
2108 496 2266 567 quod

619 589 835 644 dicitur
867 603 879 640 :
912 586 990 641 Et
1035 586 1297 641 ascendit
1346 585 1409 641 in
1466 589 1738 651 montem,
1781 590 1835 641 et
1873 584 2098 640 vocavit
2127 599 2267 655 quos

616 674 736 747 ipse
757 676 941 732 voluit
970 676 1039 741 το,
1070 679 1125 729 et
1156 680 1388 740 caetera,
1417 679 1724 746 totamque
1771 673 2008 729 illorum
2056 673 2266 730 verbo-

611 781 747 822 rum
767 764 898 835 lege
927 768 1386 819 enarrationem.

683 857 843 910 Vers.
876 853 958 909 t8.
987 852 1102 908 Sed
1129 883 1197 892 —
1225 867 1420 908 suum.
1456 853 1642 907 Etiam
1673 851 1732 907 in
1771 851 1887 906 hoc
1918 849 2048 906 loco
2087 850 2262 906 dictio

609 949 696 1009 ut,
725 942 1158 998 manifestativa
1185 947 1273 996 est
1296 941 1346 1012 ej
1359 956 1426 996 us
1453 940 1616 1012 quod
1646 939 1913 995 futurum
1951 943 2095 995 erat.
2143 941 2262 994 Hoc

607 1047 844 1106 quoque
904 1031 1058 1087 sicut
1108 1037 1164 1086 et
1215 1029 1335 1086 alia
1389 1035 1631 1102 propter
1680 1028 2048 1101 proditorem
2099 1027 2258 1084 dicit.

605 1123 755 1177 Nam
786 1121 1051 1176 futurum
1099 1125 1245 1185 erat,
1281 1125 1344 1175 ut
1392 1118 1784 1190 compleretur
1817 1117 2119 1189 Scriptura
2151 1118 2261 1172 Da-

606 1209 820 1273 vidica,
847 1223 985 1280 quae
1009 1209 1089 1263 ait
1113 1224 1124 1261 :
1154 1209 1266 1272 Qui
1289 1208 1538 1263 comedit
1558 1222 1731 1277 panes
1753 1221 1906 1262 meos
1946 1205 2258 1275 ampliavit

609 1297 924 1355 adversum
956 1312 1046 1352 me
1071 1298 1621 1366 supplantationem
1649 1297 1717 1348 τί.

685 1387 1074 1458 Septuaginta
1120 1400 1263 1454 ergo
1321 1401 1392 1441 ex
1442 1384 1726 1440 Hebraico
1773 1399 1955 1440 sensu
1992 1384 2148 1440 hanc
2178 1384 2260 1440 ita

612 1474 970 1547 interpretati
1000 1479 1137 1529 sunt
1165 1489 1177 1526 :
1229 1475 1491 1530 Christus
1518 1489 1654 1529 vero
1699 1473 1975 1528 eamdem
2007 1489 2163 1528 nunc
2187 1488 2259 1528 ex

611 1563 824 1620 eodem
845 1564 1280 1636 interpretatus,
1302 1563 1433 1619 aliis
1460 1563 1814 1617 dictionibus
1830 1561 2108 1617 eamdem
2138 1561 2258 1616 vim

609 1651 1014 1708 obtinentibus
1058 1651 1265 1706 eadem
1292 1659 1348 1705 et
1394 1651 1520 1722 ipse
1558 1650 1717 1705 dicit.
1760 1649 2062 1721 Siquidem
2095 1649 2256 1704 idem

610 1741 723 1796 sibi
777 1740 1002 1804 volunt,
1063 1741 1175 1807 Qui
1225 1739 1359 1806 edit,
1409 1755 1545 1793 cum
1612 1739 1996 1807 evangelista,
2049 1737 2258 1793 Christi

607 1829 792 1886 verba
829 1829 1108 1893 referens,
1145 1829 1366 1884 habeat
1409 1828 1468 1879 Ὀ
1499 1833 1740 1900 τρώγων;
1770 1833 1844 1892 et,
1877 1826 1986 1892 Qui
2009 1827 2257 1883 comedit

609 1935 749 1974 cum
780 1917 1169 1990 Septuaginta
1199 1917 1398 1973 dicant
1452 1917 1478 1967 6
1527 1918 1712 1968 ἐσθίων
1763 1921 1867 1972 :et
1908 1915 2256 1985 Ampliavit,

605 2023 750 2080 qua.

673 2095 768 2151 Ait
791 2111 932 2167 ergo
956 2094 1030 2149 de
1062 2094 1237 2161 Juda,
1270 2095 1379 2159 Qui
1403 2095 1568 2162 apud
1595 2109 1685 2150 me
1703 2094 1985 2161 pascitur,
2027 2093 2135 2164 qui
2181 2092 2256 2148 de

603 2184 818 2240 eadem
852 2199 1058 2239 mensa
1089 2199 1324 2238 mecum
1349 2185 1766 2246 communicat,
1802 2197 1998 2253 neque
2035 2181 2114 2236 ob
2141 2181 2256 2236 hoc

603 2273 802 2344 ipsum
844 2288 939 2327 me
990 2278 1310 2337 reveretur,
1359 2271 1682 2340 Ampliavit
1711 2286 1780 2326 ac
1830 2269 2086 2334 sustulit,
2144 2269 2257 2324 hoc

608 2369 722 2428 est,
737 2362 1127 2430 Conﬁrmavit
1147 2363 1268 2417 sive
1279 2366 1457 2416 movit
1475 2368 1788 2416 adversum
1807 2375 1897 2414 me
1912 2359 2257 2415 catcaneum

603 2451 1236 2521 etsupptantationem,
1262 2452 1382 2504 sive
1401 2449 1608 2504 dolum
1629 2466 1697 2504 ac
1716 2448 1983 2512 insidias,
2003 2464 2074 2503 eo
2091 2449 2251 2520 quod

606 2557 744 2598 cum
767 2539 1022 2597 inimicis
1051 2539 1401 2595 sitlocutus.
1434 2538 1635 2594 Solent
1665 2554 1946 2610 namque,
1993 2538 2097 2608 qui
2127 2553 2258 2592 cur-

605 2636 800 2688 rentes
824 2629 1075 2699 dejicere
1126 2629 1412 2694 nituntur,
1444 2626 1726 2683 calcaneo
1768 2625 2057 2681 insidiari.
2116 2625 2256 2682 Ideo

605 2719 921 2776 calcaneus
941 2732 1011 2773 ac
1043 2715 1451 2788 supplantatio
1480 2715 1684 2772 dolum
1713 2731 1782 2770 ac
1804 2715 2054 2770 insidias
2073 2715 2257 2770 deno-

603 2813 706 2864 tat.

673 2896 837 2950 Vers.
875 2899 956 2950 l9.
985 2893 1165 2948 Nunc
1196 2922 1263 2933 —
1295 2909 1444 2949 sum.
1479 2893 1544 2948 Ut
1577 2909 1716 2948 cum
1744 2891 1918 2948 fuerit
1961 2891 2256 2963 completa

596 2983 946 3057 hujusmodi
970 2983 1291 3054 Scriptura,
1317 2981 1592 3048 credatis,
1621 2981 1785 3054 quod
1827 2997 1939 3052 ego
1979 2997 2133 3048 sum,
2178 2981 2256 3037 de

593 3088 716 3146 quo
755 3071 856 3130 illa
877 3071 1336 3127 vaticinabatur.
1476 3077 1483 3110 ἱ

665 3162 830 3217 Vers.
859 3165 946 3217 20.
979 3161 1170 3216 Amen
1194 3191 1260 3200 -—
1287 3175 1394 3215 me.
1425 3161 1598 3215 Juxta
1620 3159 1800 3215 ﬁnem
1823 3174 2065 3231 quoque
2098 3158 2248 3214 deci-
2287 3158 2327 3215 C

592 3250 676 3308 mi
691 3251 834 3306 noni
859 3249 1066 3322 capitis
1091 3248 1389 3317 Evangelii
1415 3249 1747 3303 secundum
1779 3247 2119 3303 Matthwum
2163 3247 2249 3302 di-

591 3340 718 3396 xit:
753 3340 860 3408 Qui
891 3340 1098 3408 recipit
1121 3354 1234 3403 vos,
1270 3353 1362 3393 me
1381 3337 1592 3405 recipit
1628 3356 1639 3394 :
1675 3343 1728 3392 et
1762 3338 1867 3408 qui
1896 3351 1984 3392 me
2014 3336 2245 3404 recipit,

593 3430 801 3500 recipit
831 3443 984 3498 eum,
1021 3429 1126 3498 qui
1165 3441 1256 3482 me
1293 3426 1458 3481 misit
1495 3427 1562 3480 ⁷³.
1592 3427 1755 3480 Nune
1807 3429 2009 3480 autem
2066 3425 2247 3480 etiam

594 3517 756 3574 idem
786 3517 947 3583 dicit,
992 3516 1200 3572 volens
1231 3514 1496 3587 amplius
1547 3514 1682 3570 illos
1721 3513 2036 3579 consolari,
2082 3513 2249 3585 quod

597 3607 864 3663 futurum
890 3611 1044 3662 esset
1066 3610 1128 3660 ut
1157 3604 1339 3676 paulo
1371 3608 1504 3676 post
1554 3608 1956 3674 pet-currerent
1981 3601 2210 3658 orbem.

612 3688 626 3726 ⁵
669 3696 831 3750 Vers.
854 3697 942 3749 2t.
975 3694 1112 3750 Haec
1137 3723 1196 3735 -
1230 3695 1471 3762 spiritu.
1500 3692 1784 3763 Spiritum
1804 3692 1946 3747 dicit
1965 3689 2247 3746 affectum

597 3783 872 3841 maeroris
904 3800 974 3840 ac
1005 3782 1383 3847 turbationis,
1416 3796 1539 3854 quo
1569 3781 1926 3836 movebatur
1948 3779 2027 3836 ob
2049 3779 2243 3853 prodi-

592 3874 737 3931 toris
768 3872 1158 3945 perditionem
1198 3889 1212 3938 ;
1255 3887 1396 3927 nam
1446 3886 1563 3942 pra:
1592 3871 1779 3925 nimia
1828 3868 2247 3940 compassione

591 3962 967 4021 turbabatur.
1009 3961 1403 4016 Vehementer
1449 3961 1608 4014 enim
1663 3975 1835 4030 super
1883 3973 1952 4014 eo
1983 3957 2245 4013 dolebat.

593 4054 673 4108 De
715 4054 928 4106 Lazaro
953 4051 1134 4105 etiam
1165 4051 1393 4104 dictum
1424 4047 1575 4103 illud
1610 4046 2004 4112 declarantes,
2057 4047 2248 4117 Infre-

591 4138 738 4195 muit
768 4139 986 4208 spiritu
1008 4138 1080 4208 ⁷³,
1113 4138 1385 4210 spiritum
1427 4135 1692 4192 diximus
1725 4136 2078 4192 turbationis
2108 4135 2248 4192 aﬁ‘e-

591 4232 776 4285 ctum.

613 4339 616 4342 ~
668 4316 924 4372 Vers.2t.
983 4316 1061 4371 Et
1101 4329 1307 4371 -me.
1363 4313 1722 4370 Testiﬁcatus
1770 4319 1874 4379 est,
1931 4313 2054 4369 sive
2107 4328 2247 4386 pro-

595 4410 847 4462 testatus
876 4405 952 4460 de
984 4403 1343 4477 proditione.

668 4495 834 4550 Vers.
869 4497 958 4548 22.
999 4493 1379 4562 Aspiciebant
1411 4522 1478 4534 -—
1506 4492 1746 4549 diceret.
1791 4491 2102 4564 Siquidem
2142 4492 2250 4548 mi-
2283 4510 2324 4565 ι)

597 4598 798 4640 serum
827 4582 1101 4638 nondum
1141 4581 1449 4654 publicare
1478 4580 1732 4648 volebat,
1764 4585 2118 4653 exspectans
2157 4581 2254 4637 ad-

597 4673 716 4729 huc
753 4671 881 4742 ejus
919 4670 1396 4728 conversionem.

667 4761 830 4816 Vers.
871 4759 959 4815 23.
992 4759 1382 4816 Recumbebat
1408 4765 1604 4815 autem
1647 4789 1710 4799 —
1739 4758 1927 4814 Iesus.
1968 4760 2099 4830 Ipse
2129 4762 2255 4816 erat

595 4849 700 4924 qui
734 4854 860 4906 haec
891 4847 1208 4912 scribebat,
1240 4847 1401 4903 velut
1431 4846 1788 4917 signiﬁcavit
1823 4847 1983 4902 idem
2041 4848 2103 4903 in
2132 4847 2252 4904 ﬁne

593 4936 909 5011 Evangelii.
941 4937 1108 4993 Hunc
1137 4939 1339 4994 autem
1363 4934 1644 5007 diligebat
1673 4934 1701 4990 ,Ι
1710 4951 1864 4999 esus,
1903 4934 2036 5008 plus
2086 4935 2253 4993 vide-

662 5171 714 5210 ⁷ο
744 5169 927 5229 Marc.
959 5185 1040 5239 ut,
1073 5167 1161 5229 13.
1301 5168 1346 5207 τί
1381 5165 1534 5226 Psal.
1569 5183 1657 5236 ιι,
1694 5171 1779 5226 10.

1944 266 2287 337 EUTHYMII
2329 270 2658 338 ZIGABENI

1901 5170 1949 5206 ⁷²
1979 5169 2177 5227 Matth.
2209 5186 2272 5240 ι,
2299 5172 2388 5229 40.

2453 412 2604 460 Διατί
2635 403 2694 459 δε
2723 405 2978 468 ἐξελέξατο
3022 411 3110 460 καὶ
3145 409 3232 459 τὸν
3283 404 3568 482 προδότην,
3629 408 3942 484 εἰρήκαμεν
3972 409 4009 460 ἐν

2379 504 2450 568 τῷ
2495 493 2670 568 ὀγδόῳ
2698 495 2954 568 κεφαλαίῳ
3011 503 3104 548 τοῦ
3133 499 3269 548 κατὰ
3298 499 3508 572 Μάρκον
3544 517 3556 529 ·
3615 503 3712 550 καὶ
3761 500 4010 558 ζήτησον

2378 584 2479 638 ἐκεῖ
2529 590 2587 637 τό
2613 603 2625 615 ·
2661 590 2759 638 Καὶ
2791 583 3053 637 ἀναϐαίνει
3083 585 3153 647 εἰς
3195 590 3251 638 τὸ
3282 589 3414 659 ὅρος,
3466 592 3557 640 καὶ
3601 587 4009 662 προσκαλεῖται

2375 675 2462 737 οὓς
2493 674 2666 734 ἤθελεν
2704 677 2879 739 αὐτὸς,
2909 678 2998 726 καὶ
3024 677 3088 727 τὰ
3113 674 3230 738 ἑξῆς
3279 694 3290 707 ·
3323 680 3414 727 καὶ
3446 673 3714 747 ἀνάγνωθι
3745 682 3851 734 τὴν
3887 677 4007 734 ὧ.ζν

2374 763 2623 836 ἐξήγησιν
2653 772 2752 815 τῶν
2783 765 3029 816 τοιούτων
3056 764 3249 836 ῥητῶν.

2447 853 2580 905 Ἀλλ’
2610 883 2676 894 -
2698 854 3164 906 αύτοῦ.Κάνταῡθα
3192 857 3248 905 τὸ
3274 851 3382 906 Ἵνα
3413 849 3714 912 δηλωτικόν
3760 855 3896 908 ἐστι
3917 865 4003 907 τοῦ

2371 941 2640 1014 μέλλοντος
2669 961 2681 974 ·
2716 942 2840 1006 οἷον,
2882 940 2996 1012 (93)
3049 940 3201 994 Ἀλλὰ
3232 939 3326 994 διὰ
3373 946 3459 994 τὸν
3503 939 3786 1017 προδότην
3848 953 4000 996 τοῦτο

2371 1030 2519 1102 λέγω.
2549 1030 2731 1084 Μέλλέι
2761 1033 2861 1104 γαρ
2894 1032 2924 1088 ἡ
2955 1035 3130 1103 Γραφὴ
3183 1029 3523 1104 πληρωθῆναι
3560 1037 3590 1090 ἡ
3628 1039 3940 1100 Δαυῐτικὴ,
3972 1038 3994 1091 ἑ

2368 1119 2612 1191 λέγουσα’
2639 1118 2699 1172 '0
2716 1118 2900 1172 ἐσθίων
2923 1119 3113 1195 ἄρτους
3138 1139 3239 1193 μου
3278 1118 3574 1194 ἐμεγάλυνεν
3606 1121 3686 1174 ἐπ’
3713 1121 3814 1196 ἐμὲ
3851 1143 4000 1196 πτερ-

2369 1213 2572 1281 νισμόν.

2441 1388 2507 1438 Οἱ
2654 1381 2742 1437 οὖν
2794 1381 3182 1458 Ἑϐδομήκοντα
3210 1385 3370 1448 οὕτως
3423 1385 3522 1440 ἀπὸ
3570 1396 3662 1440 τοῦ
3695 1387 3994 1463 Ἐϐραῑκοῡ

2374 1478 2427 1527 τὸ
2464 1475 2622 1549 ῥητὸν
2655 1476 2986 1547 ἡρμήνευσαν
3030 1493 3042 1506 ⁶
3079 1477 3104 1526 6
3137 1473 3196 1527 δὲ
3232 1479 3479 1549 Χριστὸς,
3527 1476 3628 1529 ἀπὸ
3688 1488 3788 1530 τοῦ
3825 1485 3991 1532 αὐτοῦ

2367 1567 2424 1615 τὸ
2455 1567 2581 1615 αὖτό
2603 1571 2690 1615 νῦν
2710 1566 3121 1636 μεθερμηνεύων,
3143 1567 3210 1616 τὰ
3247 1569 3382 1618 αὐτὰ
3411 1571 3500 1618 καὶ
3525 1569 3684 1627 αὐτὸς
3734 1567 3888 1639 λέγει
3921 1566 3994 1621 δι’

2369 1652 2549 1724 ἐτέρων
2603 1648 2934 1724 ίσοδυνάμων
2962 1651 3161 1715 λέξεων.
3193 1659 3335 1706 Ἴσον
3365 1657 3465 1730 γὰρ
3497 1658 3553 1707 τὸ
3603 1657 3628 1706 6
3659 1655 3871 1708 ἐσθίων
3904 1663 3996 1709 καὶ

2289 1769 2338 1828 Β
2369 1742 2427 1791 τὸ
2458 1741 2484 1791 6
2506 1745 2736 1812 τρώγων,
2786 1745 2876 1794 καὶ
2918 1745 2976 1793 τὸ
3007 1740 3280 1815 ἐμεγάλυνε
3322 1748 3412 1796 καὶ
3449 1747 3506 1796 τὸ
3539 1742 3699 1819 ἐπῆρε
3738 1763 3751 1774 ·
3794 1747 3901 1799 tali.
3935 1751 4001 1799 τὰ

2368 1828 2526 1881 λοιπὰ
2553 1826 2612 1881 δι
2638 1831 2829 1902 ὁμοίως
2861 1833 3072 1901 ἔχουσι.

2293 1915 2447 1972 sicut
2478 1918 2745 1983 Sustulit,
2783 1919 3117 1992 eodemque
3159 1921 3343 1977 modo
3382 1937 3446 1977 se
3475 1921 3708 1978 habent
3749 1929 3813 1980 et
3856 1927 3995 1983 reli~

2436 2098 2574 2152 Φησὶ
2601 2091 2659 2148 δὲ
2687 2101 2803 2170 περὶ
2829 2103 2918 2150 τοῦ
2948 2093 3128 2150 Ἰούδα
3160 2099 3238 2150 ὅτι
3259 2097 3317 2151 Ὀ
3347 2103 3646 2172 τρεφόμενος
3678 2101 3821 2175 παρ’
3855 2102 3993 2176 ἐμοὶ,

2365 2183 2390 2234 ό
2421 2193 2673 2235 κοινωνῶν
2725 2204 2817 2256 μοι
2863 2187 3144 2255 τραπέζης,
3179 2184 3293 2239 οὐδ’
3348 2191 3473 2239 αὐτὸ
3502 2195 3651 2240 τοῦτο
3705 2187 3997 2253 αἰδεσθεὶς

2365 2269 2639 2342 ἕμεγάλυνε
2688 2279 2780 2324 καὶ
2830 2271 3032 2346 ἐπῆρεν,
3061 2279 3221 2346 ἤγουν
3274 2275 3594 2349 ἐκραταίωσε
3623 2282 3722 2330 καὶ
3773 2278 3998 2338 ἐκίνησε

2364 2360 2477 2410 κατ’
2510 2361 2637 2432 ἐμοῦ
2685 2365 2904 2436 πτέρναν
2947 2369 3037 2415 καὶ
3098 2369 3432 2438 πτερνισμὸν,
3490 2368 3655 2418 εἰτουν
3698 2365 3997 2428 ἐπιϐουλὴν

2364 2452 2453 2499 καὶ
2486 2444 2656 2515 δόλον,
2674 2445 2768 2502 διὰ
2792 2455 2849 2503 τὸ
2881 2450 3207 2511 συλλαλῆσαι
3223 2459 3333 2515 τοῖς
3353 2451 3585 2526 ἐχθροῖς.
3618 2455 3992 2533 Εἰώθασιγάρ

2365 2538 2413 2587 οἱ
2459 2541 2580 2598 τούς
2623 2543 2909 2610 τρέχοντας
2952 2541 3310 2604 ὑποσκελίζειν
3369 2549 3673 2615 πειρώμενοι
3729 2541 3835 2598 διὰ
3897 2557 3992 2610 τῆς

2364 2629 2583 2698 πτέρνης
2614 2625 2979 2687 επιϐουλεύειν,
2996 2633 3083 2682 Διὸ
3114 2635 3308 2702 πτέρνα
3331 2637 3420 2684 καὶ
3441 2637 3770 2706 πτερνισμὸς
3797 2637 3829 2692 ἡ
3868 2635 3990 2688 ἐπι-

2363 2711 2520 2773 ϐουλὴ
2549 2719 2639 2766 καὶ
2661 2717 2686 2767 6
2719 2711 2890 2777 δόλος.

2435 2893 2657 2968 ’Λπάρτι
2687 2925 2754 2934 -
2804 2894 2928 2967 εἰμι.
2978 2893 3109 2963 Ἵνα,
3178 2897 3298 2948 ὅταν
3347 2896 3596 2971 πληρωθῇ
3667 2901 3696 2957 ὃ
3757 2905 3970 2959 tetris:

2363 2987 2562 3054 Γραφὴ,
2595 2986 2913 3042 πιστεύσητε
2943 2986 3020 3037 ὅτι
3045 2983 3145 3056 ἐγὼ
3179 2986 3284 3059 εἰμι
3314 2993 3428 3060 περὶ
3455 2987 3515 3040 οὗ
3545 2986 3721 3049 ἐκείνη
3750 2998 3964 3065 προερέ-

2362 3089 2558 3126 τευσεν,

2429 3159 2601 3231 Ἀμὴν
2632 3191 2701 3200 -
2729 3180 2811 3232 με.
2846 3166 2946 3214 Καὶ
2974 3165 3100 3237 πρὸς
3126 3170 3198 3233 τῷ
3229 3163 3358 3216 τέλει
3387 3173 3477 3217 τοῦ
3509 3163 3960 3221 ἐννεακαιδέκατον

2357 3247 2634 3319 κεφαλαίου
2660 3257 2751 3301 τοῦ
2781 3253 2916 3302 κατὰ
2937 3253 3205 3304 Ματθαίον
3237 3249 3370 3305 εἶπεν
3401 3273 3411 3285 ·
3437 3253 3495 3306 Ὀ
3524 3251 3819 3328 δεχόμενος
3845 3259 3973 3329 ὑμᾶς

2359 3336 2444 3408 ἐμὲ
2470 3333 2688 3409 δέχεται
2709 3355 2720 3367 ·
2756 3343 2844 3391 καὶ
2873 3341 2898 3390 6
2929 3338 3016 3412 ἐμὲ
3043 3337 3323 3412 δεχόμενος
3351 3339 3569 3414 δέχεται
3599 3348 3689 3395 τὸν
3723 3345 3976 3400 ἀποστεί-

2356 3424 2514 3477 λαντά
2543 3446 2624 3498 με.
2664 3433 2760 3480 Καὶ
2790 3435 2876 3478 νῦν
2909 3424 2967 3480 δὲ
2996 3432 3055 3480 τό
3085 3433 3212 3482 αὑτὸ
3259 3430 3412 3502 λέγει,
3447 3442 3772 3508 παρηγορῶν
3793 3440 3982 3496 αὐτοὺς

2359 3512 2442 3566 ἐπὶ
2479 3514 2645 3582 πλέον,
2678 3515 2948 3588 μέλλοντας
2978 3519 3098 3571 ὅσον
3131 3523 3274 3571 οὔπω
3305 3516 3604 3595 ὃιατρέχειν
3645 3527 3743 3581 τὴν
3795 3525 3983 3578 οἰκου-

2357 3606 2533 3675 μένην.

2428 3699 2606 3745 Ταῦτα
2647 3723 2705 3734 -
2727 3696 3003 3767 πνεύματι.
3038 3702 3245 3770 Πνεῦμα
3277 3701 3380 3750 νόει
3408 3701 3462 3750 τὸ
3491 3699 3659 3760 πάθος
3687 3708 3785 3762 τῆς
3809 3701 3983 3765 λύπης

2359 3786 2448 3833 καὶ
2489 3784 2818 3853 συγχύσεως,
2876 3792 2972 3844 τῆς
3031 3783 3113 3837 ἐπὶ
3166 3794 3227 3858 τῇ
3285 3784 3511 3859 ἀπωλείᾳ
3551 3795 3642 3839 τοῦ
3673 3787 3980 3863 προδότου,

2357 3869 2479 3923 ’Υπό
2509 3873 2611 3943 γὰρ
2637 3878 2732 3933 τῆς
2762 3873 2894 3944 ἄγαν
2927 3875 3256 3945 συμπαθείας
3281 3873 3574 3949 ἐταράχθη,
3594 3877 3878 3952 ύπεραλγγξ
3892 3901 3984 3941 σας

2362 3963 2548 4014 αὑτοῦ.
2592 3964 2690 4012 Καὶ
2721 3959 2806 4012 ἐπὶ
2840 3968 2930 4014 τοῦ
2962 3962 3210 4036 Λαζάρου
3245 3959 3302 4016 δε
3334 3967 3392 4016 τὸ
3426 3963 3695 4039 Ἐνεϐριμὴ
3711 3986 3852 4021 σατο
3910 3979 3983 4040 τῷ

2359 4047 3002 4121 πνεύματι,ἑρμηνεύοντες
3018 4059 3220 4124 πνεῦμα
3247 4054 3304 4104 τὸ
3331 4054 3493 4115 πάθος
3523 4059 3617 4115 τῆς
3649 4061 3984 4128 συγχύσεως

2365 4137 2660 4211 εἰρήκαμεν.

2433 4320 2533 4368 Καὶ
2565 4346 2631 4400 έ-
2661 4334 2743 4388 με.
2796 4317 3206 4392 Ἐμαρτύρησεν,
3235 4321 3397 4391 ἤγουν
3430 4315 3822 4396 διεμαρτύρατο
3859 4333 3976 4400 περὶ

2361 4410 2419 4462 τῆ
2432 4422 2453 4463 ς
2474 4399 2782 4476 προδοσίας.

2427 4490 2674 4545 Ἔϐλεπον
2705 4525 2774 4533 —
2801 4493 2957 4567 λέγει.
2991 4499 3150 4549 Οὔπω
3174 4499 3276 4570 γὰρ
3308 4497 3455 4557 ἤθελε
3481 4494 3849 4571 δημοσιεῦσαι
3885 4510 3968 4556 τόν

2362 4581 2560 4652 ἄθλιον,
2593 4580 2851 4655 ἀναμένων
2881 4585 2957 4636 ἔτι
2981 4589 3072 4643 τὴν
3103 4583 3422 4660 ἐπιστροφὴν
3453 4591 3639 4645 αὑτοῦ.

2431 4757 2530 4811 Ἦν
2564 4755 2622 4812 δε
2653 4760 2980 4834 ἀνακείμενος
3040 4791 3101 4802 -—
3141 4761 3360 4824 Ἰησοῦς.
3403 4762 3578 4825 Αὐτός
3622 4761 3675 4823 ἦν
3707 4765 3732 4814 ὁ
3784 4770 3955 4815 ταῦτα

2359 4849 2590 4922 γράφων,
2644 4851 2714 4910 ὡς
2777 4853 2933 4911 αὐτὸς
2989 4849 3072 4903 ἐπὶ
3102 4850 3274 4912 τέλους
3327 4859 3417 4904 τοῦ
3449 4853 3769 4925 Εύαγγελίου
3803 4849 3963 4914 δεδή-

2359 4936 2506 4992 λωκε.
2538 4944 2732 4992 Τοῦτον
2756 4935 2815 4992 δι
2841 4939 3022 5011 ἠγάπα
3051 4941 3076 4992 ὁ
3105 4940 3341 5008 Ἰησοῦς,
3393 4941 3542 4994 πλέον
3588 4938 3864 5011 δηλονότι,
3905 4948 3974 5008 ὡς

2508 5172 2556 5207 ⁷³
2582 5172 2748 5229 toan.
2790 5187 2868 5230 x1.
2894 5176 2991 5230 33.

1801 5372 2025 5441 Variae
2064 5373 2392 5444 lectiones
2425 5386 2491 5443 et
2518 5383 2720 5445 notat.

600 5670 764 5730 dico.

672 5600 786 5672 (93)
825 5595 1020 5656 Redde
1049 5612 1064 5655 :
1092 5595 1296 5657 veluti.
1353 5595 1468 5656 Sed
1487 5595 1590 5655 hoc
1611 5604 1861 5669 propter
1887 5598 2253 5668 proditorem

2438 5599 2552 5675 (94)
2580 5606 2684 5653 Τοῦ
2706 5600 2765 5656 Β.
