4130 6320
563 340 700 408 1387

556 566 731 639 juxta
763 562 1107 619 Matthasum
1154 562 1368 633 capite,
1403 561 1504 618 ubi
1552 561 1809 617 dicitur:
1852 561 1987 616 Dico
2026 567 2218 616 autem

561 654 732 722 vobis,
759 651 913 725 quod
950 666 1065 707 non
1098 650 1291 708 bibam
1314 666 1390 708 ex
1414 651 1519 707 hoc
1548 651 1756 719 [ructu
1787 650 1925 707 vitis
1950 665 2132 721 usque
2155 650 2220 704 in

562 745 715 801 diem
739 741 978 798 illum"
999 745 1055 795 et
1074 744 1308 806 caetera,
1332 746 1384 795 et
1399 739 1525 811 lege
1543 744 1727 796 totam
1747 739 2215 795 enarrationem:

564 845 708 890 nam
738 831 799 888 in
828 845 899 886 ea
930 829 1107 885 dehis
1138 833 1195 885 et
1214 829 1284 884 iis
1314 844 1450 902 qua;
1481 834 1827 902 sequuntur,
1855 828 1933 885 ad
1968 828 2218 884 verbum

564 922 790 978 dictum
813 924 920 975 est.

637 1011 797 1067 Vers.
823 1010 887 1064 2‘1
903 1054 915 1065 .
955 1008 1031 1063 Et
1061 1038 1129 1049 —
1157 1006 1440 1064 Satanas.
1470 1008 1535 1063 In
1567 1006 1684 1064 ﬁne
1706 1006 1861 1063 illius
1896 1006 2219 1063 enarratio-

564 1101 659 1158 nls
688 1098 764 1155 de
799 1097 915 1153 hoc
946 1097 1122 1169 plane
1153 1095 1437 1151 invenies.
1470 1098 1777 1167 Ingressus
1807 1101 1899 1152 est
1926 1101 2125 1152 autem
2158 1097 2220 1152 in

565 1188 754 1253 illum,
778 1199 897 1241 non
917 1184 1081 1256 quod
1097 1188 1159 1239 ut
1182 1183 1619 1241 daamoniacum
1643 1184 1912 1254 agitaret,
1927 1184 2031 1239 sed
2054 1187 2219 1257 quod

565 1277 971 1334 dominaretur
986 1290 1056 1329 ac
1078 1272 1335 1328 servituti
1358 1289 1495 1329 eum
1520 1273 1854 1345 subjiceret,
1887 1272 2063 1329 veluti
2095 1290 2223 1347 sep-

564 1363 905 1434 tuagesimo
925 1368 1092 1417 sexto
1112 1362 1301 1433 capite
1321 1361 1620 1435 Evangelii
1636 1363 1974 1419 secundum
1998 1362 2220 1419 Lucam

566 1453 848 1510 diximus.
868 1450 970 1507 Vel
986 1451 1163 1507 etiam
1182 1465 1289 1523 per
1308 1451 1698 1523 cogitationes
1719 1452 1779 1507 in
1804 1451 1970 1507 illum
2001 1451 2223 1522 ingres-

570 1559 672 1600 sus
702 1546 807 1598 est.

638 1633 798 1688 Vers.
830 1631 920 1684 27.
980 1630 1085 1685 Ait
1137 1660 1205 1669 —
1261 1629 1425 1686 Vers.
1471 1632 1558 1685 29.
1610 1631 1813 1687 Daret.
1868 1633 1929 1686 ln
1961 1644 2223 1686 caenar-

565 1722 796 1779 ratione
826 1720 1004 1775 etiam
1043 1719 1172 1775 haec
1200 1720 1407 1775 omnia
1450 1718 1693 1790 pulchre
1729 1718 2025 1776 declarata
2060 1724 2218 1776 sunt.

637 1812 797 1867 Vers.
840 1813 933 1865 30.
968 1809 1222 1878 Accepta
1248 1840 1314 1849 —
1344 1809 1547 1866 exivit.
1585 1808 1861 1866 Similiter
1885 1813 1941 1864 et
1965 1809 2099 1865 hoc.

635 1900 798 1955 Versl
826 1902 916 1955 30.
946 1898 1097 1952 Erat
1133 1927 1204 1938 —
1252 1899 1415 1955 Vers.
1456 1902 1549 1954 3t.
1595 1898 1823 1955 Exivit.
1865 1896 2225 1968 Signiﬁcavit

566 1993 804 2061 tempus
842 1984 1235 2056 evangelista,
1294 1985 1634 2054 ostendens,
1688 1985 1854 2059 quod
1884 2001 2075 2057 neque
2104 2001 2221 2041 nox

566 2091 704 2133 eum
733 2074 991 2130 retinuit.

638 2164 796 2219 Vers.
826 2163 914 2219 31.
947 2162 1050 2217 Ait
1096 2193 1165 2203 —
1207 2162 1483 2230 hominis,
1513 2162 1802 2234 Superius
1845 2162 1995 2219 dixit
2030 2163 2223 2234 capite

566 2252 801 2310 decimo
821 2252 1032 2324 quinto
1063 2268 1077 2306 :
1102 2252 1269 2308 Venit
1288 2255 1513 2321 tempus
1544 2258 1610 2307 ut
1638 2252 2012 2324 gloriﬁcatur
2028 2254 2224 2309 Filius

568 2342 821 2400 hominis
851 2342 919 2396 ⁷⁵.
954 2340 1056 2396 Hic
1069 2346 1265 2396 autem
1285 2356 1297 2396 :
1321 2341 1502 2398 Nunc
1529 2343 1896 2412 gloriﬁcatus
1922 2346 2006 2399 est
2031 2342 2223 2398 Filius

567 2431 843 2489 hominis.
886 2432 949 2484 Et
981 2429 1114 2497 hoc,
1157 2429 1369 2503 inquit,
1415 2435 1685 2501 tempore
1725 2430 2091 2501 gloriﬁcatus
2138 2437 2224 2487 est

567 2518 992 2576 afﬂictionibus
1010 2533 1118 2591 pro
1137 2519 1365 2575 mundo
1394 2519 1651 2576 toleratis
1675 2537 1688 2575 :
1709 2535 1850 2577 nam
1879 2520 2070 2591 gloria
2087 2526 2225 2577 sunt

571 2608 822 2665 domino
842 2605 1218 2675 aﬂlictiones,
1267 2623 1421 2682 quas
1458 2624 1569 2682 pro
1602 2609 1789 2666 servis
1828 2610 2050 2667 tolerat.
2078 2612 2224 2666 Tan-

570 2712 758 2771 quam
804 2696 1027 2753 factum
1069 2702 1273 2753 autem
1315 2697 1456 2754 dicit
1500 2697 1561 2754 id
1594 2701 1758 2771 quod
1784 2698 2052 2755 futurum
2091 2704 2221 2769 est;

565 2788 708 2859 quia
724 2785 906 2858 paulo
920 2790 1051 2858 post
1066 2787 1669 2859 comprehendendus
1694 2793 1752 2845 et
1772 2804 2058 2861 passurus
2076 2794 2219 2845 erat.

565 2874 729 2941 Quod
748 2874 799 2928 si
829 2874 1080 2929 domino
1097 2874 1285 2945 gloria
1302 2885 1439 2931 sunt
1457 2875 1808 2933 aﬂlictiones
1833 2877 2090 2934 toleratae
2112 2894 2222 2950 pro

567 2963 779 3029 servis,
812 2962 1000 3018 multo
1038 2963 1232 3034 magis
1275 2966 1462 3021 servis
1503 2966 1692 3037 gloria
1744 2972 1900 3032 sunt,
1941 2984 2078 3040 quas
2114 2982 2223 3040 pro

562 3052 814 3110 domino
843 3052 1154 3108 sustinent.

637 3142 799 3196 Vers.
837 3139 926 3195 3t.
967 3140 1041 3196 Et
1079 3171 1148 3183 --
1186 3155 1338 3198 eum.
1382 3141 1555 3199 Pater
1606 3142 1970 3215 gloriﬁcatus
1991 3151 2081 3202 est
2119 3162 2226 3219 per

565 3230 795 3296 Filium,
864 3244 971 3302 per
1019 3231 1549 3297 conversationem.
1600 3249 1723 3306 qua
1775 3238 2063 3307 tanquam
2120 3235 2227 3291 ho-

563 3335 668 3379 mo
705 3334 815 3392 pro
867 3319 1057 3377 salute
1104 3320 1420 3378 hominum
1472 3329 1860 3380 conversatus
1913 3329 2018 3381 est.
2077 3327 2227 3381 Nam

564 3410 720 3466 sicut
747 3410 888 3467 Filio
914 3409 1109 3483 gloria
1127 3414 1215 3467 est
1236 3409 1456 3467 habere
1485 3411 1663 3468 talem
1684 3413 1946 3478 Patrem,
1971 3414 2051 3469 ita
2078 3429 2225 3470 sane

564 3502 621 3554 et
651 3500 802 3555 Patri
833 3498 1022 3569 gloria
1061 3502 1152 3554 est
1179 3498 1401 3555 habere
1432 3500 1609 3557 talem
1668 3500 1899 3557 Filium.
1935 3502 2227 3559 Praeterea

564 3588 1095 3661 quoquehomines
1111 3588 1382 3645 videntes
1408 3589 1766 3648 admiranda
1794 3607 1930 3664 quae
1947 3590 2223 3659 faciebat,

564 3675 981 3747 gloriﬁcabant
1012 3679 1221 3744 Deum,
1262 3678 1779 3750 quemadmodum
1810 3680 2018 3737 dicunt
2046 3696 2227 3737 evan-

562 3764 807 3838 gelistm.

636 3854 806 3912 Vers.
838 3856 930 3914 32.
964 3855 1135 3924 Quod
1155 3855 1207 3913 si
1238 3888 1296 3899 -—
1328 3858 1602 3927 seipsum.
1625 3856 1991 3916 Gloriﬁcabit
2017 3859 2225 3916 Filium

564 3960 672 4019 per
720 3946 1004 4019 seipsum,
1058 3945 1244 4001 edens
1312 3946 1579 4019 prodigia
1611 3951 1873 4019 tempore
1909 3949 2223 4021 passionis,

563 4035 876 4091 tremenda
897 4050 963 4089 ac
984 4034 1283 4106 stupenda
1301 4034 1505 4104 signa:
1526 4036 1705 4092 etiam
1722 4036 1861 4092 hinc
1875 4038 2221 4105 ostendens,

563 4122 731 4194 quod
756 4121 1056 4194 legitimus
1088 4127 1241 4178 esset
1264 4123 1389 4193 ejus
1424 4123 1613 4179 Filius.
1649 4127 1797 4180 Nam
1824 4132 1879 4181 et
1911 4133 2226 4199 propterea

562 4210 626 4266 in
677 4209 1081 4281 superioribus
1132 4211 1321 4266 dixit:
1354 4211 1502 4268 Cum
1548 4214 1956 4272 exaltaverizis
2005 4217 2223 4274 Filium

566 4297 837 4362 hominis,
929 4302 1073 4355 tunc
1136 4301 1482 4369 cognoscetis
1557 4302 1718 4372 quod
1794 4319 1896 4375 ego
1965 4305 2075 4361 sim
2151 4308 2219 4374 ⁷⁸,

564 4386 668 4443 ubi
692 4386 964 4444 latiorem
1003 4402 1075 4445 ac
1105 4387 1572 4447 manifestiorem
1602 4390 1869 4450 dedimus
1895 4396 2225 4453 enarratio-

564 4491 726 4533 nem.

582 4594 583 4597 η
635 4564 797 4621 Vers.
845 4569 934 4623 32.
975 4566 1043 4621 Et
1088 4596 1141 4609 —
1192 4580 1346 4624 eum.
1403 4568 1695 4627 Continuo
1739 4570 1800 4627 in
1845 4571 1980 4644 ipsa
2026 4589 2219 4631 cruce.

564 4653 689 4710 Hoc
730 4658 932 4711 autem
972 4652 1138 4724 dixit,
1178 4671 1254 4711 ne
1301 4655 1376 4712 de
1418 4655 1604 4728 gloria
1660 4659 1760 4715 illa
1804 4662 2215 4732 epinarentur,

561 4757 746 4815 quam
790 4742 1037 4800 habebit
1081 4743 1139 4799 in
1187 4745 1452 4802 secundo
1501 4763 1614 4804 suo
1650 4748 1934 4817 adventu,
1976 4751 2051 4807 de
2095 4768 2219 4825 qua

562 4831 901 4903 frequenter
940 4847 1046 4887 eos
1089 4832 1308 4889 docuit.
1363 4834 1500 4891 Haec
1543 4851 1687 4893 vero
1734 4836 1962 4908 dicens,
2011 4847 2217 4898 monet

564 4925 867 4978 stertentes
888 4935 1095 4977 eorum
1117 4922 1524 4993 cogitationes,
1549 4927 1848 4994 etsuadet,
1869 4944 1989 4984 non
2018 4929 2214 4987 solum

561 5026 638 5068 ne
687 5010 934 5067 moleste
982 5010 1195 5078 ferant,
1232 5012 1337 5069 sed
1373 5018 1431 5070 et
1459 5015 1761 5085 gaudeant
1804 5024 2047 5091 propter
2092 5019 2217 5091 glo-

562 5100 713 5159 riam
744 5101 900 5174 ejus,
931 5115 1061 5173 qua:
1082 5101 1264 5173 paulo
1292 5108 1429 5175 post
1458 5103 1657 5163 futura
1679 5109 1787 5163 est.

666 5296 717 5333 ἠ
745 5294 947 5354 Matth.
967 5312 1089 5364 xvi,
1127 5302 1180 5365 9,
1294 5300 1342 5337 ἠ
1372 5300 1544 5359 Joan.
1574 5317 1677 5373 xu,
1717 5304 1806 5362 23.

1907 330 2261 402 EU‘I‘HYMII'
2288 330 2611 401 ZlGABENI

632 477 792 532 Vers.
821 474 912 529 26.
929 472 1259 542 Respondet
1280 472 1685 529 —Iscariotas.
1718 472 1921 537 Quaere
1936 470 2218 543 praedicto
2251 470 2290 523 A

3838 344 3985 399 i388

2403 469 2762 544 Ἀποκρίνεται
2792 500 2861 510 -
2909 469 3239 544 Ἱσκαριώτῃ.
3277 475 3521 529 Ζήτησον
3561 470 3616 523 ἓν
3650 477 3734 541 τῷ
3798 465 3839 522 δ
3844 471 3982 528 1:12.:-

2332 560 2467 611 θέντι
2495 558 2753 631 κεφαλαίῳ
2783 565 2875 611 τοῦ
2913 561 3050 610 κατὰ
3087 562 3353 613 Ματθαῐον
3385 561 3500 632 (96)
3551 565 3614 613 τό
3652 580 3665 592 ο
3709 564 3887 627 Λέγω
3922 556 3981 611 δε

2329 649 2449 720 ύμῖν
2476 650 2556 701 ὅτι
2579 647 2637 700 ού
2668 652 2737 720 μὴ
2776 652 2878 699 πίω
2932 647 3125 722 ἄπαρτι
3156 647 3210 701 ἐκ
3248 652 3435 701 τούτου
3469 657 3563 701 τοῦ
3619 655 3981 721 γεννήματος

2328 744 2423 800 τῆς
2453 736 2701 810 ἀμπέλου,
2725 737 2820 797 ἕως
2851 743 2941 797 τῆς
2963 739 3162 811 ἡμέρας
3189 736 3351 797 ἐκείνη
3366 760 3402 807 ς,
3436 743 3525 791 καὶ
3552 737 3847 809 ἀνάγνωθι
3876 743 3976 795 τὴν

2329 825 2452 886 ὅλην
2482 826 2729 899 ἐξήγησιν
2763 844 2776 856 ·
2818 826 2867 879 ἔν
2898 828 3028 901 αὐτῇ
3083 831 3185 899 γὰρ
3224 832 3342 902 περὶ
3365 831 3557 881 τούτων
3599 847 3656 881 τε
3711 833 3818 879 καὶ
3865 838 3972 879 τῶν

2331 916 2505 990 ἐφεξῆς
2536 915 2725 991 ἐριόήοη
2757 919 2892 969 κατὰ
2921 917 3089 989 λόγον.

2405 1010 2504 1059 Καὶ
2571 1036 2631 1045 -
2699 1011 2943 1068 Σατανᾶς.
3018 1007 3097 1059 Ἐν
3151 1015 3222 1077 τῷ
3288 1006 3417 1059 τέλει
3486 1014 3580 1067 τῆς
3638 1003 3966 1076 ἐξηγήσεως

2330 1094 2523 1157 ἐκείνης
2577 1095 2813 1167 εὑρήσεις
2843 1099 2958 1169 περὶ
3019 1098 3206 1148 τούτου
3245 1103 3439 1167 σαφῶς.
3502 1094 3740 1153 Εἰσῆλθε
3793 1092 3865 1147 δὲ
3894 1096 3962 1156 εἰς

2330 1184 2536 1251 ἐκεῖνον,
2569 1183 2674 1256 οὐχ
2721 1186 2854 1236 ὥστε
2902 1180 3155 1257 δαιμονᾷν
3196 1185 3372 1250 αὐτόν,
3429 1182 3537 1236 ἀλλ’
3592 1185 3741 1237 ὥστε
3787 1204 3964 1236 κατα-

2331 1276 2582 1347 κυριεύειν
2639 1278 2728 1326 καὶ
2793 1269 3141 1346 δουλαγωγεῖν
3203 1274 3378 1343 αὐτόν,
3458 1277 3527 1336 ὡς
3596 1278 3687 1325 καὶ
3769 1273 3827 1326 ἐν
3892 1284 3963 1344 τῷ

2332 1361 2706 1436 ἑϐδομηκοστῷ
2761 1362 2890 1434 ἕκτῳ
2943 1362 3200 1435 κεφαλαίῳ
3248 1368 3358 1416 τοῦ
3409 1364 3543 1414 κατὰ
3600 1368 3834 1415 Λουκᾶν
3898 1364 3963 1415 εὶ-

2332 1457 2581 1525 ρήκαμεν.
2627 1450 2690 1505 Ἦ
2739 1456 2828 1504 καὶ
2882 1448 2917 1504 δ
2923 1454 2976 1504 ιὰ
3005 1460 3102 1504 τῶν
3130 1452 3395 1525 λογισμῶν
3437 1451 3671 1511 εἰσῆλθει
3701 1453 3780 1513 εἰς
3814 1453 3963 1506 ἐκεί-

2333 1561 2415 1594 νον
2448 1541 2581 1613 (97).

2406 1634 2559 1701 Λέγει
2590 1661 2649 1670 --
2682 1626 2782 1701 δῷ.
2811 1630 2893 1684 Ἐν
2923 1628 3087 1703 ἐκείνῃ
3108 1638 3170 1703 τῇ
3191 1630 3439 1703 εξηγήσει
3468 1636 3557 1683 καὶ
3578 1638 3755 1683 ταῦτα
3774 1634 3965 1683 πάντα

2335 1716 2657 1793 διρμηνεύθη
2667 1739 2761 1771 σαν
2787 1719 3000 1793 ἄριστα.

2263 1823 2302 1878 Β
2407 1807 2594 1862 Λαϐὼν
2624 1840 2685 1847 —-—
2719 1807 2938 1871 ἐξῆλθεν.
2988 1808 3208 1881 Ὀμοὶως
3238 1813 3327 1861 καὶ
3358 1816 3532 1864 τοῦτο.

2403 1897 2500 1950 Ἦν
2530 1928 2597 1938 -—
2627 1895 2850 1959 ἐξῆλθεν.
2915 1898 3310 1970 Ἐπεσημήνατο
3339 1901 3426 1949 τόν
3454 1901 3635 1972 καιρόν
3668 1899 3697 1949 ὁ
3724 1898 3968 1973 εὐαγγε-

2332 1985 2532 2051 λιστὴς,
2559 1982 2805 2039 δεικνύων
2830 1988 2910 2039 ὅτι
2931 1984 3055 2039 οὐδὲ
3086 1989 3114 2045 ἠ
3148 1986 3241 2049 νὺξ
3271 1985 3489 2059 ἐπέσχεν
3518 1986 3697 2042 αὐτόν,

2405 2169 2558 2236 Λέγει
2622 2196 2691 2206 -
2746 2163 3041 2239 ἀνθρώπου.
3097 2164 3359 2240 Ἀνωτέρω
3410 2167 3498 2237 μὲν
3555 2162 3695 2218 εἶπεν
3764 2169 3819 2220 ἰν
3890 2177 3968 2240 τῷ

2333 2252 2777 2324 πεντεκαιδεκάτῷ
2840 2254 3096 2326 κεφαλαίῳ
3143 2274 3155 2286 ·
3216 2253 3483 2312 Ἐλήλυθεν
3548 2255 3579 2312 ἡ
3648 2257 3794 2329 ὧροι,
3880 2261 3972 2310 ἶνα

2336 2342 2570 2416 δοξασθῇ
2631 2344 2656 2394 ὀ
2711 2346 2830 2405 Υἱός
2879 2350 2969 2395 τοῦ
3022 2342 3294 2417 ἀνθρώπου
3328 2360 3341 2374 ⁸
3375 2341 3593 2395 ἐνταῦθα
3647 2339 3716 2396 δέ
3790 2363 3804 2375 ·
3845 2353 3971 2399 Νῦν

2334 2429 2596 2495 ἐδοξάσθη
2645 2434 2671 2484 ό
2722 2435 2838 2493 Υἱός
2884 2440 2974 2485 τοῦ
3015 2431 3309 2507 ἀνθρώπου.
3373 2430 3500 2485 ’Λπο
3552 2440 3644 2484 τοῦ
3694 2442 3793 2485 νῦν
3841 2432 3971 2488 ἐδο-

2336 2521 2503 2584 ξάσθη
2539 2522 2675 2592 (98),
2703 2527 2853 2594 φησὶ,
2892 2528 2995 2581 τοῖς
3023 2522 3149 2595 ὑπὲρ
3196 2529 3287 2574 τοῦ
3313 2526 3512 2593 κόσμου
3542 2523 3765 2576 πάθεσι.
3814 2526 3967 2587 Δόξα

2332 2614 2434 2686 γὰρ
2456 2619 2527 2682 τῷ
2559 2607 2812 2684 δεσπότῃ,
2845 2613 2909 2662 τὰ
2938 2612 3064 2685 ὑπὲρ
3095 2619 3195 2662 τῶν
3227 2606 3424 2663 δούλων
3454 2612 3617 2668 πάθη.
3666 2610 3765 2673 Ὠς
3796 2633 3961 2685 γεγο-

2332 2704 2418 2763 νὸς
2444 2696 2503 2753 δὲ
2539 2699 2675 2772 λέγει
2700 2703 2756 2752 τὸ
2786 2704 3149 2771 γενησόμενον,
3184 2696 3278 2751 διὰ
3313 2702 3372 2751 τό
3411 2700 3531 2752 ὅσον
3561 2706 3710 2752 ούπω
3742 2702 3959 2773 μέλλειν

2337 2789 2693 2862 συλληφθῆναι
2731 2793 2819 2840 καὶ
2874 2790 3124 2861 πάσχειν.
3160 2788 3221 2840 Εἰ
3251 2784 3310 2840 δε
3339 2796 3410 2859 τῷ
3441 2784 3672 2861 δεσπότῃ
3714 2786 3857 2853 δόξα
3888 2798 3955 2843 τά

2333 2880 2460 2954 ὑπερ
2491 2886 2591 2931 τῶν
2631 2874 2827 2930 δούλων
2844 2879 3006 2943 πάθη,
3027 2876 3195 2949 πολλῳ
3225 2876 3414 2950 μᾶλλον
3432 2884 3538 2939 τοῖς
3564 2876 3786 2942 δούλοις
3813 2876 3855 2932 δ
3856 2882 3952 2943 όξα

2332 2971 2400 3021 τὰ
2417 2969 2543 3040 ὑπὲρ
2569 2973 2663 3020 τοῦ
2688 2963 2970 3023 δεσπότου.

2409 3144 2785 3215 Καὶ-αύτῷ.
2842 3143 2903 3199 Ὀ
2958 3148 3139 3219 Πατὴρ
3172 3141 3432 3207 ἕδοξάσθη
3480 3141 3529 3195 ἰν
3587 3151 3661 3214 τῷ
3718 3147 3820 3215 τις,
3845 3138 3936 3197 διὰ

2334 3241 2427 3295 τῆς
2452 3233 2713 3295 πολιτείας
2736 3235 2799 3293 ἣν
2829 3236 2895 3294 ὡς
2923 3234 3195 3307 ἄνθρωπος
3222 3231 3306 3286 ἐπὶ
3338 3236 3574 3307 σωτηρίᾳ
3618 3241 3721 3285 τῶν
3746 3232 3948 3307 ἀνθρὼ-

2336 3344 2445 3377 πων
2476 3321 2863 3375 ἓπολιτεύσατο.
2893 3321 3095 3397 Ὠσπερ
3122 3325 3221 3395 γὰρ
3263 3329 3333 3393 τῷ
3382 3324 3487 3392 Υἱῷ
3520 3318 3652 3384 δόξα
3680 3325 3745 3374 τό
3799 3325 3951 3393 ἔχειν

2337 3419 2568 3465 τοιοῦτον
2619 3416 2845 3484 Πατέρα,
2907 3410 3071 3473 οὕτως
3110 3412 3213 3484 ἄρα
3265 3415 3456 3480 καὶτῷ
3508 3415 3673 3485 Πατρὶ
3708 3406 3857 3472 δόξα
3894 3416 3955 3465 τὸ

2337 3503 2477 3573 ἔχειν
2504 3508 2734 3554 τοιοῦτον
2788 3502 2925 3554 Υἰόν.
2958 3498 3158 3561 Ἀλλως
3197 3518 3268 3564 τε,
3300 3504 3387 3551 καὶ
3418 3500 3466 3551 οἱ
3516 3500 3789 3573 ἅνθρωποι
3819 3499 3959 3573 βλέ-

2334 3609 2516 3650 ποντες
2570 3588 2606 3642 ἃ
2639 3587 2996 3664 ἓτερατούργει
3041 3594 3130 3641 καὶ
3188 3584 3489 3657 ἐδίδασκεν,
3549 3585 3808 3650 ἐδόξαζον
3866 3593 3961 3643 τὸν

2338 3682 2487 3745 Θεὸν,
2522 3681 2592 3741 ὡς
2620 3680 2669 3731 οί
2695 3676 3062 3751 εύαγγελισταί
3082 3696 3231 3751 φασι.

2408 3856 2559 3910 Εἰ-
2610 3855 2796 3927 ἑαυτῷ.
2841 3855 3057 3918 Δοξάσει
3112 3857 3199 3907 τόν
3246 3855 3364 3907 Υὶὸν
3410 3849 3484 3906 δι’
3535 3852 3742 3920 ἑαυτοῦ,
3801 3875 3962 3931 τερα-

2337 3954 2571 4020 τουργῶν
2591 3948 2640 3997 ἐν
2664 3952 2735 4016 τῷ
2761 3952 2928 4018 καιρῷ
2960 3952 3050 3996 τού
3070 3952 3299 4019 σταυροῦ
3317 3946 3381 3996 τὰ
3397 3941 3586 4016 φοϐερὰ
3609 3949 3700 3996 καὶ
3734 3944 3961 4007 ἐξαίσια

2339 4042 2554 4107 σημεῖα,
2593 4039 2683 4086 καὶ
2713 4030 2961 4087 δεικνύων
2992 4032 3218 4086 ἐντεῦθεν
3258 4034 3337 4086 ὅτι
3381 4037 3597 4104 γνήσιος
3627 4034 3753 4096 Υἱός
3784 4035 3959 4089 αὐτοῦ

2336 4125 2471 4178 ἔστι.
2509 4126 2604 4176 Διὰ
2632 4131 2785 4176 τοῦτο
2813 4125 2914 4199 γὰρ
2946 4127 3035 4174 καὶ
3056 4122 3326 4196 προλαϐὼν
3350 4119 3502 4175 εἶπεν·
3526 4120 3691 4174 "Orio
3723 4123 3960 4193 ὑψώσῃ-

2334 4233 2390 4267 τε
2425 4216 2511 4266 τὸν
2548 4215 2666 4266 Υίόν
2694 4220 2783 4265 τοῦ
2813 4212 3109 4286 ἀνθρώπου,
3136 4217 3252 4264 τότε
3279 4212 3541 4283 γνώσεσθε
3565 4212 3645 4262 ὅτι
3684 4211 3792 4283 ἐγώ
3814 4213 3952 4286 εἰμι·

2335 4305 2456 4356 ἔνθα
2518 4301 2838 4377 πλατύτερον
2913 4303 3043 4375 ὁμοῦ
3096 4306 3187 4353 καὶ
3277 4304 3590 4374 σαφέστερον
3668 4298 3953 4372 ἐξηγησα-

2334 4395 2485 4466 μεθα.

2418 4577 2520 4626 Καὶ
2550 4603 2617 4614 -—
2666 4570 2838 4623 αὐτόν.
2873 4569 3060 4637 Εύθύς,
3105 4568 3156 4621 ἒν
3198 4567 3340 4639 αύτῷ
3382 4576 3455 4639 τῷ
3512 4576 3749 4643 σταυρῷ.
3786 4571 3944 4626 Τοῦτο

2339 4660 2399 4717 δε
2423 4661 2560 4716 εἶπεν
2585 4663 2667 4714 ἶνα
2695 4665 2766 4734 μὴ
2796 4658 3128 4713 ὑπολάϐωσιν
3171 4661 3248 4711 ὅτι
3289 4661 3408 4731 περὶ
3434 4666 3529 4720 τῆς
3553 4654 3720 4721 δόξης
3752 4658 3935 4718 ἰκτῖνες

2337 4753 2494 4824 λέγει,
2551 4759 2642 4813 τῆς
2682 4748 2730 4802 ἓν
2787 4757 2849 4822 τῇ
2912 4744 3127 4824 δευτέρᾳ
3158 4750 3427 4823 παρουσίᾳ
3485 4746 3673 4812 αὐτοῦ,
3729 4752 3833 4819 περί
3868 4746 3927 4805 ἧς

2330 4839 2572 4915 διαφόρω
2591 4860 2612 4902 ς
2645 4834 2886 4902 ἐδίδαξεν
2938 4838 3146 4899 αύτούς.
3176 4844 3357 4890 Ταῦτα
3384 4832 3445 4889 δὶ
3498 4835 3659 4908 λέγων
3688 4837 3941 4894 ἀνίστησι

2325 4933 2807 4990 καταπεπτωκότας
2846 4931 2966 4989 τούς
2996 4927 3284 5000 λογισμούς
3334 4924 3523 4993 αὐτῶν,
3550 4930 3641 4978 καὶ
3671 4928 3847 4979 πείθει
3874 4930 3945 4999 μὴ

2323 5026 2479 5094 μόνον
2501 5023 2574 5094 μὴ
2609 5015 2910 5092 δυσφορεῖν,
2949 5015 3078 5070 ἀλλὰ
3105 5015 3296 5090 μᾶλλον
3324 5019 3533 5092 χαίρειν
3565 5010 3660 5067 διὰ
3687 5020 3793 5074 τὴν
3819 5019 3954 5089 μετὰ

2328 5110 2521 5186 βραχὺ
2546 5105 2704 5171 δόξαν
2734 5110 2825 5161 αύτ
2835 5114 2913 5163 οὗ.

1919 5306 1969 5344 ⁷⁸
2000 5307 2167 5366 Joan.
2193 5324 2310 5375 vin,
2352 5308 2444 5365 28.

1670 5480 1897 5551 Variae
1950 5483 2279 5554 lectiones
2327 5491 2394 5553 et
2452 5493 2651 5552 notae.

651 5668 740 5743 96)
771 5673 873 5743 Τού
899 5670 1035 5743 κατὰ
1063 5671 1330 5725 Ματθαῖον
1355 5669 1568 5732 omittit
1597 5679 1661 5733 Α.

651 5672 740 5743 96)
771 5673 873 5722 Τού
899 5672 1035 5723 κατὰ
1063 5679 1065 5723 ἶ

630 5672 750 5830 (97)
778 5740 867 5803 Εἰς
890 5741 1065 5796 αὐτὸν.

2401 5680 2513 5754 (98)
2547 5676 2873 5743 Ἐδοξοίσθην
2917 5682 2970 5732 Β.

4088 344 4093 387 1
