4130 6320
203 314 334 376 1389

1197 309 1575 373 (IOMMENT.
1624 314 1693 370 IN
1734 309 2086 376 JOANNEM.
2132 353 2188 362 -
2239 322 2399 378 CAP.
2451 310 2600 380 xm.

3422 319 3563 378 1390

265 448 452 498 Τεκνία
499 475 566 485 —
619 443 742 516 εἰμι.
804 441 964 495 Πάλιν
1033 442 1267 518 προλέγει
1326 443 1499 503 αὐτοῖς
1548 444 1612 494 τὰ
1673 441 1835 515 μέλ-λ

1981 448 2136 502 Vers.
2185 452 2272 504 33.
2325 448 2529 503 Filioli
2585 481 2652 488 ——
2708 465 2858 504 sum.
2913 449 3134 504 Futura
3181 449 3392 506 iterum
3448 449 3563 506 illis

196 534 368 600 λοντα,
421 536 504 585 ἵνα
555 552 608 585 τε
669 534 798 604 μετὰ
854 540 1021 583 ταῦτα
1082 534 1598 605 ὑπομιμνησκόμενοι
1646 537 1795 602 γινωσ

201 643 370 676 σκοιεν
417 625 493 674 ὅτι
535 629 746 695 προεῖπε
791 623 960 673 πάντα
1011 630 1186 694 σαφῶς
1242 618 1415 688 εἰδὼς,
1457 627 1546 673 καὶ
1596 623 1678 672 ἵνα
1725 625 1793 691 μη

200 712 387 788 ἀθρόον
444 710 721 763 ἐπελθόντα
770 706 1156 783 διαταράξωσιν
1213 710 1396 770 αύτούς
1454 709 1510 761 ού
1565 705 1802 784 προσδο-

200 811 411 862 κῶντας.
443 804 629 852 Τεκνία
659 796 717 851 δὲ
747 798 957 850 ἐκάλεσε
981 802 1195 861 τούτους
1222 799 1280 851 ού
1307 803 1458 871 μόνον
1486 801 1553 860 ὡς
1578 802 1803 858 ποιητὴς

205 891 393 956 αύτῶν,
421 889 548 940 ἀλλὰ
572 893 661 940 καὶ
687 892 750 948 ὡς
783 884 1128 949 διδάσκαλος.
1164 888 1329 941 Εἰπὼν
1373 884 1450 952 δὲ,
1492 893 1695 951 Τεκνία,
1731 889 1804 937 ἔτι

205 983 391 1052 μικρὸν
429 983 619 1053 χρόνον
677 978 787 1050 μεθ’
830 978 971 1048 ὑμῶν
1042 977 1168 1049 εἰμι,
1234 974 1577 1050 σφοδρότερον
1631 975 1807 1034 αὐτοῖς

207 1068 410 1132 ἐξάπτει
431 1072 516 1120 τὸν
546 1069 724 1120 πόθον.

281 1250 540 1305 Ζητήσε··έ
571 1265 650 1318 με.
684 1247 830 1298 Μετὰ
859 1247 916 1297 τὸ
962 1243 1230 1297 ἀποθανεῖν
1275 1264 1361 1317 με,
1401 1251 1520 1305 Τοῖς
1563 1242 1652 1316 μὲν
1679 1243 1808 1296 Ἰουο

213 1334 386 1396 δαίοις
448 1336 643 1388 εἰπών’
697 1338 961 1392 Ζητήσετέ
1017 1353 1116 1403 με·
1160 1335 1478 1406 προσέθηκεν
1557 1335 1638 1385 ὅτι
1712 1338 1812 1385 Καὶ

213 1426 317 1498 οὐχ
367 1427 609 1498 εύρησετε
643 1442 654 1452 ·
701 1423 782 1474 ἐπὶ
840 1420 898 1475 δὲ
952 1431 1050 1474 τῶν
1113 1425 1356 1495 μαθητῶν
1413 1423 1470 1474 ού
1524 1424 1814 1497 προσέθηκε

215 1524 384 1583 τούτο,
452 1511 592 1565 διότι
644 1512 843 1584 ἔμελλον
899 1513 1060 1585 εύρεῖν
1121 1512 1274 1564 αὐτὸν
1328 1512 1472 1564 οὗτοι
1541 1514 1672 1584 μετὰ
1721 1515 1814 1569 τὴν

216 1604 542 1656 ὰνοὶστασιν’
591 1605 688 1654 Καὶ
742 1600 949 1662 ἐκείνοις
1006 1604 1115 1672 μὲν,
1189 1603 1654 1672 παραμυθούμενος
1729 1605 1816 1657 τὴν

215 1697 422 1766 μανίαν,
452 1693 585 1743 εἶπεν
615 1693 695 1742 ὅτι
726 1696 864 1748 Ζητή
877 1693 989 1742 σετέ
1017 1709 1101 1762 με,
1135 1693 1339 1751 τούτοις
1366 1685 1424 1742 δὲ
1452 1692 1607 1743 πόθον
1636 1688 1818 1762 ἐμϐάλ-

221 1783 317 1834 λων
343 1781 569 1833 πλείονα.

1189 1603 1654 1674 παραμυθούμενος

294 1875 394 1923 Καὶ
449 1899 517 1912 —-
561 1871 700 1944 ἄρτι.
759 1867 895 1919 Ἀλλ’
950 1871 1155 1928 ἐκείνοις
1211 1871 1299 1939 μὲν
1355 1869 1460 1920 εἶπε
1534 1876 1685 1920 τοῦτο
1754 1870 1822 1929 ὡς

223 1959 448 2022 ἀναξίοις
474 1967 565 2011 τοῦ
592 1963 752 2011 τόπου
798 1958 1012 2027 ἐκείνου,
1042 1960 1243 2018 τούτοις
1278 1953 1336 2009 δὲ
1367 1960 1430 2018 ὡς
1458 1960 1599 2009 οὔπω
1629 1957 1824 2010 ἀποθα-

221 2054 503 2120 νουμένοις.

295 2137 529 2195 Ἐντολην
563 2168 628 2177 -
681 2135 950 2198 ἀλλήλους.
997 2140 1096 2188 Καὶ
1127 2139 1228 2208 μὴν
1268 2134 1465 2187 παλαιά
1496 2134 1670 2194 ἐντολὴ
1716 2132 1775 2194 ἧν
1809 2157 1822 2169 -

227 2229 542 2298 Ἀγαπήσεις
571 2229 656 2277 τὸν
687 2225 912 2282 πλησίον
963 2244 1057 2276 σου
1104 2227 1170 2286 ὡς
1221 2229 1437 2276 σεαυτόν
1468 2247 1478 2258 ·
1518 2223 1623 2276 ἀλλ’
1678 2227 1707 2282 ἡ
1741 2234 1827 2277 νύν

229 2313 480 2388 διδομένη
515 2315 707 2388 μείζων
739 2313 929 2374 ἐκείνης
964 2335 976 2346 ·
1010 2313 1190 2384 ἐπάγει
1213 2316 1314 2386 γάρ
1351 2335 1363 2346 ·

304 2497 486 2556 Καθὼς
521 2525 586 2534 —
630 2492 898 2554 ἀλλήλους.
930 2499 1092 2544 Τοῦτο
1124 2494 1152 2550 ἡ
1189 2495 1450 2553 καινότης.
1501 2492 1694 2548 Ἐκείνη
1741 2495 1830 2564 μὲν

229 2589 330 2659 γὰρ
383 2583 601 2636 ἐκέλευεν
651 2581 856 2653 ἀγαπᾷν
914 2585 1000 2633 τὸν
1043 2580 1264 2637 πλησίον
1319 2583 1386 2641 ὡς
1441 2580 1641 2645 ἑαυτὸν,
1699 2581 1828 2638 αὕτη

235 2674 292 2728 δὲ
323 2680 408 2726 καὶ
452 2675 577 2747 ὑπὲρ
628 2672 828 2726 ἑαυτὸν,
876 2670 934 2721 Ὀ
960 2672 1060 2744 γὰρ
1095 2673 1322 2741 Χριστὸς
1355 2669 1516 2729 οὕτως
1561 2670 1832 2741 ἠγάπησεν

234 2768 394 2836 ἡμᾶς,
423 2766 491 2823 ὡς
532 2757 671 2834 μηδὲ
703 2760 884 2812 ἑαυτοῦ
917 2761 1216 2831 φείσασθαι,
1265 2757 1370 2810 ἀλλ’
1404 2757 1675 2811 ἀποθανεῖν
1707 2761 1832 2831 ὑπὲρ

235 2855 401 2925 ἡμῶν.

306 2942 447 3000 Τινὲς
507 2934 564 2989 δὲ
630 2936 811 3011 ἑτέρως
869 2935 1236 3009 ἑρμηνεύουσιν
1305 2937 1403 3002 ὅτι,
1472 2933 1654 2996 ἐπειῖὴ
1742 2958 1838 2990 πα-

237 3030 359 3081 λαια
433 3026 604 3084 ἐντολὴ
692 3022 795 3082 ἦν·
853 3025 1172 3095 Ἀγαπήσεις
1246 3028 1332 3076 τὸν
1416 3025 1636 3083 πλησίον
1721 3047 1837 3097 σου,

238 3123 327 3171 καὶ
370 3120 612 3189 μισήσεις
659 3117 744 3165 τὸν
797 3111 986 3186 ἐχθρὸν
1048 3133 1140 3165 σου
1176 3135 1188 3146 ·

245 3231 326 3263 σιν
381 3207 584 3279 ἀγαπᾷν
641 3207 853 3272 πάντας,
905 3208 1066 3276 ἤγουν
1118 3211 1203 3258 καὶ
1266 3210 1385 3268 τούς
1440 3206 1678 3281 ἐχθρούς.
1743 3214 1843 3261 Καὶ

242 3299 397 3359 αύτὸς
435 3300 535 3371 γὰρ
580 3296 826 3366 ἠγάπησε
869 3298 989 3356 τοὺς
1036 3297 1276 3367 μαθητὰς
1327 3299 1538 3363 πάντας,
1593 3300 1661 3358 ὡς
1705 3295 1842 3369 μηδὲ

243 3393 329 3442 τὸν
385 3383 592 3439 Ἰούδαν
642 3391 875 3456 μισῆσαι
923 3381 1315 3437 ἐπιϐουλεύοντα
1371 3385 1529 3456 αύτῷ,
1586 3385 1712 3438 ἀλλὰ
1757 3392 1845 3439 καὶ

245 3476 434 3552 μᾶλλον
488 3475 825 3547 ταραχθῆναι
877 3481 948 3543 τῷ
999 3476 1270 3545 πνεύματι,
1320 3480 1558 3527 τουτέστι
1622 3485 1691 3546 τῴ
1750 3478 1844 3527 ποί-

249 3570 323 3619 θει
373 3573 467 3623 τῆς
517 3562 680 3621 λύπης
731 3567 819 3614 καὶ
870 3565 1177 3632 συγχύσεως
1227 3572 1316 3624 τῆς
1369 3563 1451 3616 ἐπὶ
1504 3573 1564 3637 τῇ
1622 3563 1848 3637 ἀπωλείᾳ

248 3654 425 3706 αύτού.

320 3743 402 3793 Ἐν
452 3771 518 3781 ——
569 3738 828 3800 ἀλλήλοις,
891 3741 1073 3801 Καθὼς
1105 3745 1193 3791 καὶ
1225 3739 1322 3811 ἐγὼ
1356 3745 1484 3816 πρὸς
1532 3744 1663 3815 ὑμᾶς
1697 3765 1708 3776 ·
1744 3742 1850 3795 ἐπεὶ

251 3837 341 3884 καὶ
401 3832 641 3903 μαθητὴς
684 3827 879 3890 ἀληθὴς
926 3829 950 3879 ὁ
1000 3831 1311 3902 μιμούμενος
1367 3834 1453 3883 τὸν
1504 3828 1848 3887 διδάσκαλον.

251 3928 415 3974 Τοῦτο
444 3923 613 3990 σαφὴς
638 3921 911 3990 χαρακτὴρ
945 3925 1034 3969 τοῦ
1073 3922 1416 3988 Χριστιανού,
1463 3929 1608 3973 τοῦτο
1641 3925 1853 3994 φανερὸν

253 4016 530 4083 γνώρισμα
565 4027 577 4040 ο
616 4009 644 4064 ἡ
682 4005 879 4066 ἀληθὴς
907 4008 1008 4080 γὰρ
1057 4004 1233 4078 ἂγάπη
1268 4011 1438 4070 πάσης
1489 4009 1629 4063 ἐστὶν
1669 4013 1854 4087 αρετῆς

255 4097 550 4170 κεφάλαιον.

328 4192 389 4239 Τί
429 4182 516 4237 οὖν
546 4203 562 4256 ς
597 4184 654 4236 ού
700 4183 870 4254 πολλῷ
919 4183 1109 4255 μᾶλλον
1148 4188 1212 4237 τὰ
1263 4187 1504 4260 θαύματα
1559 4185 1859 4242 δεικνύουσι

255 4280 339 4330 τὸν
391 4281 482 4327 τού
536 4280 766 4348 Χριστοῦ
823 4275 1110 4345 μαθητήν;
1175 4271 1434 4348 Οὐδαμῶς
1465 4299 1476 4310 ·
1538 4282 1708 4350 εἴρηκε
1759 4283 1859 4353 γὰρ

257 4369 382 4438 πρὸς
419 4370 490 4435 τῷ
533 4362 664 4415 τέλει
712 4369 803 4414 τοῦ
856 4363 1003 4414 ἕκτου
1059 4362 1336 4435 κεφαλαίου
1390 4374 1480 4418 τοῦ
1539 4371 1673 4419 κατα
1720 4376 1862 4421 Ματ-

1907 535 2191 606 Ργωιίἱοίῐ,
2217 543 2278 592 ut
2299 543 2509 610 postea
2530 537 2821 594 recordati
2845 542 3233 609 cognoscant,
3255 537 3417 610 quod
3438 555 3564 594 om-

1908 625 2008 679 nia
2031 625 2345 682 manifeste
2369 630 2559 682 sciens
2588 627 2925 698 praedixerit
2957 645 2968 680 :
3007 631 3063 683 et
3091 643 3165 682 ne
3197 632 3437 699 repente
3469 643 3564 682 su-

1910 714 2308 784 pervenientia
2333 715 2569 772 turbent
2587 715 2715 771 illos
2739 733 2856 771 non
2880 722 3309 788 exspectantes.
3333 716 3563 772 Filiolos

1911 818 2051 858 vero
2106 805 2339 859 vocavit
2389 821 2515 872 eos,
2571 821 2692 860 non
2743 805 2934 860 solum
2995 812 3286 877 tanquam
3339 810 3568 861 creator

1915 908 2142 958 eorum,
2177 910 2378 948 verum
2420 894 2593 949 etiam
2631 899 2918 966 tanquam
2959 894 3240 963 magister
3269 895 3564 966 ipsorum.

1915 980 2128 1036 Dicens
2147 989 2348 1037 autem
2375 1003 2385 1041 :
2408 984 2632 1048 Fitioti,
2653 983 2842 1038 adhuc
2859 984 3083 1038 modico
3106 989 3358 1054 tempore
3385 982 3568 1039 vobis-

1917 1085 2050 1124 cum
2121 1086 2271 1137 sum,
2333 1072 2734 1128 vehementius
2810 1071 3123 1144 suspendit
3208 1071 3572 1127 desiderium

1919 1174 2141 1214 eorum.

1993 1251 2152 1303 Vers.
2177 1253 2262 1306 33.
2300 1250 2583 1317 Quwretis
2605 1267 2714 1308 me.
2739 1252 3062 1323 Postquam
3087 1255 3357 1307 mortuus
3382 1249 3573 1306 fuero.

1919 1338 2136 1392 Judaais
2171 1355 2308 1394 vero
2338 1356 2476 1395 cum
2517 1340 2754 1395 diXirstIt
2788 1356 2799 1392 :
2831 1339 3112 1404 Quaeretis
3141 1355 3250 1404 me,
3287 1337 3520 1395 addidit
3561 1355 3575 1393 :

1921 1427 1998 1481 Et
2049 1443 2168 1482 non
2201 1429 2507 1484 invenietis
2534 1430 2620 1495 1";
2679 1429 2984 1500 discipulis
3037 1433 3238 1484 autem
3289 1428 3404 1483 hoc
3458 1442 3581 1482 non

1925 1516 2158 1572 addidit
2186 1535 2198 1572 :
2226 1533 2364 1573 nam
2395 1517 2454 1572 hi
2479 1519 2773 1573 inventuri
2794 1535 2928 1572 eum
2962 1523 3131 1572 erant
3156 1522 3292 1588 post
3315 1530 3580 1571 resurre-

1927 1606 2209 1661 ctionem.
2241 1608 2302 1661 Et
2328 1606 2439 1660 illis
2462 1607 2708 1678 quidem
2735 1605 3036 1662 insaniam
3061 1605 3360 1674 mitigans,
3395 1604 3541 1660 dixit
3568 1621 3580 1658 :

1933 1695 2203 1761 Quaeretis
2234 1711 2325 1751 me
2349 1712 2361 1750 :
2389 1695 2483 1750 his
2515 1701 2714 1751 autem
2747 1696 3052 1751 ardentius
3081 1693 3406 1750 immittens
3438 1693 3588 1749 desi-

1857 1787 1896 1852 B
1933 1785 2187 1839 derium.

2003 1875 2163 1928 Vers.
2208 1878 2293 1929 33.
2352 1873 2427 1930 Et
2477 1905 2546 1912 —
2597 1888 2778 1928 nunc.
2835 1872 2948 1928 Sed
3003 1871 3114 1927 illis
3163 1870 3406 1944 quidem
3462 1877 3593 1926 tan-

1933 1979 2108 2034 quam
2139 1961 2398 2032 indiguis
2427 1961 2543 2018 hoc
2581 1961 2729 2017 dixit
2759 1979 2772 2017 :
2815 1962 2907 2018 his
2946 1977 3084 2018 vero
3115 1965 3406 2033 tanquam
3435 1975 3594 2016 non-

1935 2055 2075 2107 dum
2107 2053 2426 2108 morituris.

2006 2145 2169 2197 Vers.
2199 2142 2284 2197 34.
2310 2142 2683 2209 Praeceptum
2703 2173 2769 2182 —
2798 2140 3063 2197 invicem.
3087 2141 3252 2214 Atqui
3274 2143 3442 2196 vetus
3472 2143 3598 2195 erat

1935 2237 2303 2305 praaceptum
2339 2247 2351 2286 :
2393 2232 2618 2300 Diliges
2653 2231 2997 2300 proximum
3029 2235 3216 2295 tuum,
3259 2230 3413 2286 sicut
3459 2229 3600 2298 teip-

1937 2335 2101 2384 sum;
2136 2334 2364 2384 verum,
2407 2317 2571 2390 quod
2624 2333 2785 2373 nunc
2842 2317 3036 2383 datur,
3094 2317 3291 2387 majus
3324 2315 3422 2372 illo
3460 2322 3596 2381 est;

1940 2408 2145 2464 subdit
2171 2407 2353 2463 enim.

2012 2500 2168 2552 Vers.
2203 2498 2291 2550 34.
2315 2495 2482 2550 Sicut
2508 2525 2576 2534 ——
2600 2495 2870 2550 invicem.
2897 2495 3030 2550 Haec
3057 2499 3144 2550 est
3167 2492 3420 2549 novitas.
3448 2491 3602 2550 Illud

1941 2584 2236 2657 siquidem
2256 2583 2632 2655 praecipiebat
2650 2583 2994 2655 proximum
3023 2582 3286 2652 diligere,
3315 2587 3603 2653 tanquam

1944 2673 2384 2745 seipsum;hoc
2426 2677 2646 2737 autem,
2709 2673 2885 2728 etiam
2920 2673 3053 2744 plus
3082 2686 3271 2744 quam
3313 2671 3600 2742 seipsum.

1945 2768 2092 2820 Nam
2119 2763 2198 2818 ita
2220 2762 2413 2818 dilexit
2443 2777 2552 2817 nos
2583 2760 2866 2827 Christus,
2899 2766 2959 2817 ut
2978 2776 3088 2817 nec
3115 2760 3226 2816 sibi
3261 2759 3370 2832 ipsi
3403 2773 3606 2830 parce-

1944 2860 2052 2922 ret,
2082 2851 2183 2907 sed
2215 2867 2321 2922 pro
2355 2850 2528 2906 nobis
2553 2855 2897 2905 moreretur.

2019 2940 2274 3006 Quidam
2308 2956 2448 2995 vero
2475 2939 2646 2994 aliter
2679 2939 3157 3010 interpretantur.
3188 2936 3360 3004 Quod
3391 2935 3610 2992 scilicet

1947 3036 2114 3086 vetus
2140 3035 2502 3101 praeceptum
2525 3035 2650 3084 erat
2674 3042 2684 3080 :
2719 3029 2945 3098 Diliges
2969 3029 3308 3096 proximum
3333 3032 3522 3090 tuum,
3553 3032 3606 3080 et

1237 3119 1325 3166 καὶ
1373 3122 1460 3166 νύν
1514 3116 1628 3187 (99)
1674 3112 1835 3168 δίδω-

1958 3121 2075 3175 Ἠίίο
2107 3119 2343 3175 habebis
2373 3117 2676 3174 inimicum
2711 3124 2871 3172 tuum
2902 3117 2972 3182 ⁷⁸,
3006 3132 3167 3171 nunc
3199 3121 3400 3170 autem
3433 3114 3610 3170 tradit

1951 3226 2160 3264 omnes
2193 3225 2324 3264 esse
2375 3207 2734 3278 diligendos,
2769 3206 3041 3261 videlicet
3087 3205 3266 3260 etiam
3297 3203 3606 3267 inimicos;

1953 3297 2247 3370 siquidem
2282 3297 2406 3367 ipse
2455 3311 2665 3350 omnes
2695 3294 2891 3349 dilexit
2921 3292 3267 3364 discipulos,
3326 3296 3387 3347 ut
3416 3307 3612 3362 neque

1951 3389 2166 3443 ludam
2190 3385 2302 3440 sibi
2322 3390 2632 3455 parantem
2661 3383 2906 3438 insidias
2929 3381 3067 3437 odio
3084 3381 3348 3446 haberet,
3370 3379 3472 3434 sed
3507 3394 3614 3450 po-

1955 3477 2068 3531 tius
2102 3474 2434 3530 turbaretur
2465 3473 2691 3544 spiritu,
2721 3472 2834 3527 hoc
2860 3476 2966 3536 est,
2999 3469 3216 3526 affectu
3247 3467 3520 3525 maeroris
3549 3482 3615 3523 ac

1957 3564 2222 3631 tristitiae,
2251 3569 2486 3634 propter
2520 3561 2673 3617 illius
2707 3560 3121 3632 perditionem.

2031 3745 2188 3797 Vers.
2222 3741 2311 3797 35.
2346 3741 2416 3796 In
2444 3772 2506 3780 ——
2541 3745 2832 3818 mutuam.
2877 3739 3037 3794 Sicut
3067 3741 3123 3794 et
3153 3752 3264 3808 ego
3290 3751 3432 3804 erga
3461 3751 3569 3790 vos
3605 3753 3618 3792 :

1959 3832 2103 3904 quia
2132 3847 2304 3885 verus
2351 3828 2681 3901 discipulus
2720 3831 3146 3900 praeceptorem
3201 3825 3482 3880 imitatur.
3521 3825 3622 3879 Hic

1964 3920 2314 3976 manifestus
2386 3924 2468 3973 est
2524 3917 2834 3973 Christiani
2905 3917 3230 3980 character,
3289 3913 3400 3968 hoc
3447 3913 3624 3984 plane

1963 4009 2193 4078 insigne
2229 4025 2241 4062 :
2271 4025 2412 4064 nam
2445 4024 2582 4062 vera
2621 4005 2851 4062 dilectio
2883 4006 3152 4061 omnium
3185 4008 3364 4074 caput
3392 4008 3484 4057 est
3511 4002 3627 4056 vir-

1965 4104 2179 4153 tutum.

2039 4182 2187 4247 Quid
2213 4196 2376 4250 ergo,
2408 4196 2484 4236 an
2512 4195 2633 4236 non
2664 4179 2852 4235 multo
2876 4177 3068 4247 magis
3097 4176 3502 4232 demonstrant
3522 4172 3630 4228 mi-

1970 4272 2173 4326 racula
2251 4271 2458 4325 Christi
2521 4267 2941 4340 discipulum?
3019 4269 3425 4336 Nequaquam.
3485 4260 3632 4316 Dixit

1970 4361 2128 4415 enim
2157 4358 2327 4429 juxta
2366 4357 2547 4412 ﬁnem
2580 4356 2762 4429 quinti
2806 4355 3013 4427 capitis
3067 4351 3367 4421 Evangelii
3415 4367 3631 4404 secun-

260 4458 403 4508 θαῖον
462 4454 542 4505 ὅτι
605 4451 786 4504 Πολλοὶ
843 4453 1024 4524 ἑρούσί
1089 4473 1177 4524 μοι
1239 4451 1286 4504 ἐν
1336 4456 1498 4528 ἐκείνη
1553 4465 1614 4529 τῇ
1671 4460 1835 4533 ἡμέρᾳ

1973 4450 2117 4504 dum
2150 4449 2482 4503 Mattbzeum
2511 4463 2522 4502 :
2554 4448 2734 4502 Multi
2755 4445 2948 4500 dicent
2973 4442 3122 4498 mihi
3143 4443 3203 4496 in
3232 4441 3336 4495 illo
3361 4440 3490 4533 die:
3519 4439 3633 4533 Do-

263 4545 440 4618 Κύριε,
525 4543 701 4614 Κύριε,
769 4539 826 4591 ού
891 4547 962 4610 τῷ
1050 4549 1124 4611 σῷ
1199 4540 1412 4615 ὀνόματι
1487 4550 1862 4619 προεγητεύσαο

264 4651 393 4706 ne»;
450 4635 540 4683 καὶ
593 4637 667 4699 τῷ
750 4636 825 4699 σῷ
905 4627 1120 4701 ὀνόματι
1205 4626 1454 4703 δαιμόνια
1525 4633 1864 4707 ἐξεϐάλομεν;

265 4725 355 4774 καὶ
424 4726 496 4791 τῷ
581 4725 655 4788 σῷ
743 4717 956 4789 ὀνόματι
1033 4714 1281 4790 δυνάμεις
1350 4721 1540 4784 πολλὰς
1613 4723 1870 4783 ἐποιήσα-

267 4828 409 4884 μεν;
472 4813 561 4860 καὶ
616 4811 730 4859 τότε
810 4806 1120 4879 ὁμολογήσω
1199 4808 1377 4872 αὐτοῖς
1451 4814 1530 4864 ὅτι
1609 4811 1872 4867 Οὐδέποτε

267 4904 422 4970 ἔγνων
453 4900 588 4970 ὑμᾶς
623 4901 746 4948 ’καὶ
797 4895 1056 4968 ἀνάγνωθι
1106 4902 1199 4956 τὴν
1249 4898 1352 4952 ἐκεῖ
1395 4901 1644 4976 ῥηθεῖσαν
1700 4910 1871 4956 πᾶσαν

269 4989 540 5059 ἐξήγησιν.

343 5081 445 5130 Καὶ
522 5079 625 5149 μὴν
695 5077 762 5128 τὰ
820 5077 1063 5148 Θαύματα
1133 5077 1364 5148 μάλιστα
1424 5084 1512 5140 τὴν
1575 5082 1876 5156 οἰκουμένην

271 5167 566 5237 ἐπηγάγετο
604 5185 616 5198 ·
648 5163 776 5217 ἀλλὰ
816 5161 953 5218 διότι
979 5173 1220 5242 προύπῆν
1251 5175 1361 5232 τοῖς
1392 5171 1879 5245 θαυματουργοῦσιν

272 5259 303 5318 ἠ
341 5255 544 5329 ἀγάπη.

349 5432 392 5473 ττ
427 5433 598 5492 Joan.
630 5448 729 5501 vn,
759 5434 844 5490 34.
887 5433 935 5472 ⁷⁸
967 5436 1167 5496 Matth.
1200 5453 1260 5508 ν,
1288 5439 1383 5497 43.

1977 4555 2152 4603 mine,
2181 4538 2443 4602 Domine,
2479 4551 2676 4591 nonne
2702 4549 2811 4603 per
2831 4548 3040 4588 nomen
3074 4537 3235 4585 tuum
3265 4527 3638 4600 prophetavi-

1975 4644 2126 4698 mus,
2169 4633 2222 4683 et
2252 4642 2359 4696 per
2384 4641 2595 4680 nomen
2625 4630 2785 4678 tuum
2820 4621 3110 4676 dwmonia
3141 4618 3428 4689 ejecimus,
3455 4621 3505 4670 et
3530 4629 3638 4684 per

1978 4731 2192 4772 nomen
2225 4723 2388 4770 tuum
2415 4714 2661 4769 virtutes
2680 4713 2900 4767 multus
2917 4710 3169 4780 fecimus
3184 4708 3210 4763 ?
3227 4714 3277 4764 et
3297 4713 3440 4761 tunc
3460 4704 3640 4772 conﬁ-

1985 4805 2283 4862 teborillis
2309 4804 2665 4874 :Nunquam
2688 4801 2941 4856 novivos
2973 4800 3020 4834 7’
3051 4803 3140 4852 :et
3159 4796 3484 4867 legetotam
3503 4807 3641 4865 quae

1985 4897 2064 4952 ibi
2099 4896 2293 4968 posita
2319 4899 2426 4959 est,
2457 4888 2916 4947 enarrationem.

2062 5073 2232 5147 Atqui
2255 5069 2543 5127 miracula
2562 5067 2824 5124 maxime
2840 5065 3048 5122 orbem
3065 5062 3413 5120 allexerunt.
3439 5063 3649 5117 Verum

1990 5166 2049 5222 id
2083 5170 2228 5230 erat,
2279 5162 2422 5235 quia
2460 5157 2696 5216 dilectio
2749 5171 2852 5213 eos
2895 5154 2997 5228 qui
3041 5152 3302 5209 edebant
3343 5149 3650 5224 miracula,

1990 5253 2380 5330 prtecedcbat.

1501 5437 1550 5477 ⁷³
1586 5438 1802 5499 Matth.
1827 5455 1927 5509 vn,
1955 5438 2046 5496 22.
2069 5438 2136 5494 23

1507 5591 1724 5662 Variae
1761 5591 2091 5661 lectiones
2133 5599 2198 5658 et
2228 5594 2411 5654 notae

371 5729 490 5817 (99)
523 5733 736 5804 Καινήν,
765 5747 874 5810 pro
901 5735 990 5788 καὶ
1010 5743 1118 5811 νῦν,
1151 5735 1216 5790 Α.
1247 5735 1414 5793 Forte
1442 5737 1623 5798 καινὴν
1650 5741 1761 5796 νῦν.
