4130 6320
520 317 651 384 1391

589 455 749 508 Vers.
784 454 868 507 36.
904 447 1067 505 Dixit
1095 480 1162 490 -—
1191 463 1297 504 me.
1333 436 1536 503 Petrus
1575 445 1821 519 qmdem
1848 443 2169 512 interroga-
2202 441 2248 494 A

519 541 619 606 vit,
661 556 780 596 non
811 543 1038 594 tantum
1083 538 1228 594 scire
1258 537 1487 603 volens,
1521 543 1814 608 quantum
1847 533 2017 604 sequi
2067 549 2173 587 cu-

517 629 707 702 piens.
742 627 1010 684 Christus
1043 639 1239 682 autem
1268 626 1565 694 cognitam
1594 625 1826 680 habens
1852 623 1980 692 ejus
2011 636 2175 676 men-

518 725 658 782 tem,
679 718 751 773 ad
772 733 910 772 eum
937 715 1271 786 respondit;
1293 729 1414 769 non
1437 713 1582 768 dixit
1607 713 1789 780 enim,
1815 726 1936 784 quo
1964 709 2170 774 abiret,

519 806 622 862 sed
657 823 670 860 :
704 807 834 861 Non
871 811 1033 874 potes
1059 820 1144 858 me
1177 818 1337 859 nunc
1363 803 1521 874 sequi
1552 799 1935 871 ;insinuabat
1972 805 2172 855 autem

517 895 589 950 de
620 899 828 949 morte.

588 984 750 1038 Vers.
784 983 874 1038 37.
914 980 1072 1036 Dicit
1104 1011 1172 1021 —
1199 994 1432 1051 ponam.
1493 978 1642 1044 Quid
1699 977 1847 1048 agis,
1882 993 1918 1032 o
1949 977 2114 1032 Petre
2143 975 2170 1030 ?

516 1072 662 1128 Cum
693 1071 787 1126 ille
825 1070 1024 1125 dicat:
1086 1069 1217 1124 Non
1251 1074 1428 1135 potes,
1463 1072 1526 1122 tu
1583 1066 1730 1122 dicis
1772 1083 1785 1122 :
1821 1068 2006 1134 Quare
2053 1081 2172 1121 non

515 1175 753 1230 possum
790 1160 818 1214 ‘I
848 1157 1094 1214 Proinde
1136 1156 1500 1229 experientia
1530 1161 1582 1211 te
1630 1155 1882 1219 docebit,
1921 1171 1993 1211 ne
2036 1170 2170 1210 con-

517 1249 794 1306 tradicas.

587 1340 747 1394 Vers.
783 1340 870 1394 38.
913 1337 1325 1406 Respondit—
1374 1343 1481 1392 ter.
1539 1337 1745 1400 Quaere
1799 1335 2173 1404 sexagesimo

515 1428 730 1496 quarto
765 1423 935 1494 juxta
981 1421 1314 1479 Mattheeum
1355 1421 1567 1493 capite,
1611 1420 1711 1475 ubi
1751 1419 2007 1475 dicitur:
2043 1421 2175 1476 Res-

513 1513 778 1581 pondens
835 1516 1029 1568 autem
1083 1511 1283 1566 Petrus
1341 1511 1500 1566 dixit
1554 1510 1693 1568 illi:
1749 1510 1826 1563 Et
1878 1511 1930 1564 si
1976 1525 2174 1565 omnes

513 1602 907 1671 offenduntur
942 1615 1050 1670 per
1107 1607 1175 1671 te,
1232 1615 1335 1670 ego
1387 1606 1586 1655 tamen
1635 1614 1936 1669 nunquam
1987 1600 2173 1668 offen-

514 1692 626 1747 dar
655 1691 724 1755 ⁸ο,
757 1697 812 1745 et
839 1690 968 1758 lege
999 1689 1080 1744 ibi
1110 1689 1331 1744 dictam
1371 1689 1832 1752 enarrationem,
1887 1695 2171 1759 praeterea

515 1785 572 1836 et
595 1795 720 1845 eas,
754 1795 888 1852 qua:
919 1785 1252 1849 sequuntur
1297 1793 1475 1848 usque
1528 1777 1604 1832 ad
1651 1793 1787 1831 eum
1840 1777 2035 1831 locum
2069 1777 2163 1832 ubi

2279 1778 2528 1850 ῥηθεῖσαν
2578 1776 2826 1847 ἐξήγησιν
2858 1797 2869 1808 ·

511 1867 768 1923 habetur
806 1884 818 1922 :
864 1866 1143 1922 Similiter
1182 1872 1380 1922 autem
1419 1869 1474 1922 et
1522 1881 1712 1922 omnes
1757 1866 2037 1934 discipuli
2083 1867 2168 1921 di-

509 1960 732 2009 xerunt
759 1952 828 2004 ⁸³.

582 2038 751 2105 Quod
773 2040 820 2094 si
841 2039 1235 2094 variationem
1266 2037 1531 2109 aliquam
1562 2037 1758 2093 ferunt
1788 2039 1986 2105 verba,
2023 2039 2169 2094 nihil

511 2130 748 2185 mirum.
794 2131 924 2183 Haec
962 2127 1256 2200 siquidem
1297 2127 1456 2182 dicta
1486 2132 1622 2182 sunt
1660 2127 2012 2198 priusquam
2053 2130 2170 2184 exi-

509 2223 641 2274 rent
669 2219 728 2273 in
760 2222 1024 2272 montem
1063 2215 1389 2281 Olivarum,
1438 2215 1539 2271 illa
1579 2232 1720 2271 vero
1750 2226 2072 2289 postquam
2104 2219 2170 2274 il-

511 2308 608 2363 luc
663 2309 964 2362 exiverant
1003 2321 1016 2360 :
1061 2320 1204 2360 nam
1253 2321 1393 2361 cum
1453 2305 1538 2359 bis
1595 2305 1916 2362 obstitisset
1945 2307 2164 2375 Petrus,

509 2397 594 2452 bis
642 2396 716 2451 de
766 2394 1082 2465 negatione
1134 2399 1490 2466 protestatus
1564 2400 1650 2450 est
1718 2395 1797 2450 illi
1858 2396 2164 2464 Christus;

506 2491 561 2541 et
583 2485 658 2541 de
689 2484 878 2556 prima
917 2483 1161 2556 quidem
1192 2483 1622 2556 repugnatione
1651 2500 1721 2540 ac
1747 2487 2166 2556 protestatione

506 2574 868 2646 scripserunt
914 2572 1214 2629 Matthaeus
1239 2579 1297 2627 et
1344 2572 1574 2628 Marcus
1619 2574 1660 2609 ⁸⁸
1718 2590 1730 2639 ;
1787 2574 1860 2629 de
1902 2575 2167 2632 secunda

504 2679 640 2718 vero
675 2666 858 2719 Lucas
884 2663 932 2697 ⁸³
962 2667 1017 2717 et
1036 2662 1316 2717 Joannes.

578 2756 720 2824 Cap.
781 2753 910 2806 XIV.
947 2752 1110 2806 Vers.
1169 2756 1219 2806 l.
1267 2751 1356 2808 Ne
1413 2782 1480 2791 —
1535 2767 1653 2807 cor.
1722 2756 1866 2808 Cum
1921 2754 2165 2810 dixisset

501 2843 784 2897 Dominus
812 2839 890 2895 ad
919 2841 1150 2894 Petrum
1185 2855 1196 2893 :
1238 2840 1607 2896 Postmodum
1648 2858 1738 2897 me
1775 2843 2031 2913 sequeris
2061 2845 2108 2879 ει
2147 2862 2159 2912 ;

501 2937 557 2986 et
599 2947 611 2984 ε
658 2931 764 2984 Ter
792 2943 883 2984 me
919 2927 1152 2998 negabis
1183 2928 1251 2994 ³⁵,
1293 2934 1531 2999 propter
1586 2933 1903 3002 utrumque
1945 2933 2161 2988 turbati

502 3025 661 3084 sunt,
699 3017 968 3072 timentes
997 3031 1072 3071 ne
1110 3018 1354 3088 quando
1386 3016 1490 3088 ipsi
1519 3017 1590 3073 ab
1644 3034 1714 3074 eo
1781 3026 2163 3091 amputaren-

1840 296 2181 376 EUTHYMII
2232 293 2559 372 ZIGABENl

3750 313 3779 375 1
3789 314 3901 376 392

2353 446 2508 512 Λέγει
2564 474 2632 482 —
2707 460 2822 513 μοι,
2878 441 2936 492 '0
3006 444 3095 512 μὲν
3160 445 3350 517 Πέτρος
3421 441 3710 516 ἠρώτησεν,
3789 443 3902 514 οὐχ

2283 531 2416 582 οὕτω
2460 530 2768 603 βουλομενος
2811 532 3011 602 μαθεῖν,
3067 533 3131 592 ὡς
3184 531 3446 603 ἐπιθυμῶν
3501 531 3896 591 ἀκολουθῆσαι.

2279 620 2337 672 ⁸0
2370 617 2428 672 δὲ
2475 624 2722 692 Χριστός,
2771 623 2864 678 τήν
2910 617 3144 672 διάνοιαν
3190 621 3351 672 αὑτοῦ
3393 625 3562 693 γνούς,
3616 627 3747 696 πρὸς
3809 622 3904 674 αὖ·

2283 713 2377 767 τήν
2405 708 2687 781 ἀπεκρίθη.
2738 712 2847 760 Οὐκ
2878 705 2985 760 εἷπε
3022 711 3124 783 γὰρ
3154 718 3253 761 που
3285 712 3492 782 ὑπάγει,
3541 710 3648 762 ἀλλ’
3689 714 3777 763 ότι
3821 711 3900 763 Οὐ

2283 796 2507 850 δύνασαί
2537 816 2626 869 μοι
2653 805 2740 848 νυν
2785 795 3164 854 ἁκαλουθῆσαι.
3214 795 3494 858 Ὑπεδήλου
3543 796 3601 852 δὲ
3642 805 3764 874 περὶ
3801 809 3902 860 τῆς

2283 893 2504 958 σφαγῆς.

2350 980 2500 1046 Λέγει
2551 1005 2614 1016 -
2667 977 2832 1032 θήσω.
2889 979 2951 1027 Τί
2998 983 3182 1044 ποιεῖς,
3239 974 3277 1027 ὦ
3333 975 3758 1049 Πέτρεῑέκείνου
3829 978 3896 1028 εἰ·

2279 1070 2482 1129 πόντος,
2539 1066 2618 1116 ὅτι
2675 1064 2749 1116 Οὐ
2817 1061 3066 1129 δύνασαι,
3127 1069 3190 1116 σὺ
3243 1065 3406 1136 λέγεις
3473 1068 3551 1117 ότι
3609 1071 3759 1117 Aturi
3837 1067 3894 1118 οὗ

2282 1150 2551 1225 δύναμαι;
2595 1154 2795 1204 Οὕκοῦν
2840 1155 2867 1211 ή
2939 1161 3092 1226 πεῖρα
3139 1150 3346 1216 διδάξει
3405 1174 3461 1206 σε
3537 1159 3607 1227 μή
3686 1153 3897 1206 ἀντιλέ-

2279 1262 2384 1314 γειν
2394 1285 2405 1296 .

2354 1331 2634 1404 Ἀπεκρίθη
2726 1362 2781 1370 —
2843 1335 2972 1403 τρίς.
3057 1337 3293 1389 Ζήτήσον
3353 1330 3399 1383 ἐν
3472 1340 3543 1401 τῷ
3618 1332 3895 1402 ἑξηκοστῷ

2281 1423 2507 1492 τετάρτῳ
2563 1420 2820 1492 κεφαλαίῳ
2891 1427 2980 1471 τοῦ
3048 1425 3179 1472 κατὰ
3255 1423 3521 1473 Ματθαῖον
3571 1425 3666 1473 τόο
3728 1423 3896 1474 Ἀπο-

2281 1513 2476 1582 κριθεὶς
2561 1507 2619 1561 δὲ
2702 1511 2726 1560 6
2805 1513 2990 1582 Πέτρος
3069 1506 3203 1561 εἶπεν
3286 1512 3473 1581 αὐτῷ·
3551 1511 3608 1563 Εἰ
3698 1515 3899 1573 πάντες

2935 1597 2946 1614 ⁸)

2285 1596 2833 1656 σκανδαλισθήσονται
2927 1597 2974 1650 ἐν
3089 1605 3191 1664 σοὶ,
3277 1598 3376 1669 ἐγὼ
3476 1596 3534 1652 δὲ
3633 1596 3899 1652 οὐδέποτε

2285 1685 2858 1759 σκανδαλισθήσομαι·
2944 1693 3034 1739 καὶ
3103 1686 3361 1760 ἀνάγνωθι
3441 1695 3529 1740 καὶ
3603 1694 3694 1746 τήν
3789 1689 3900 1742 ἐκεῖ

2927 1779 3001 1828 ἔτι
3046 1773 3104 1828 δὲ
3142 1783 3226 1828 καὶ
3271 1779 3363 1837 τὰς
3414 1787 3511 1829 τῶν
3559 1777 3740 1849 ἐφεξῆς
3785 1780 3897 1852 ῥη-

2279 1873 2376 1916 τῶν
2409 1867 2538 1939 ἄχρι
2579 1873 2671 1916 τοῦ
2703 1887 2714 1898 ·
2742 1865 2964 1936 Ὁμοίως
2996 1861 3054 1917 δὲ
3083 1871 3170 1918 καὶ
3202 1867 3278 1936 (1)
3316 1869 3502 1928 πάντες
3545 1869 3593 1918 οἱ
3643 1869 3895 1938 μαθηται.

2279 1950 2436 2007 εἷπον.

2348 2043 2409 2094 Εἰ
2462 2039 2521 2095 δὲ
2576 2048 2665 2095 καὶ
2739 2043 3075 2117 παραλλαγήν
3138 2063 3256 2095 τινα
3312 2047 3524 2115 φέρουσι
3579 2047 3647 2096 τὰ
3718 2045 3890 2118 ῥητὰ,

2277 2137 2450 2183 καινόν
2504 2129 2673 2188 οὐδέν,
2733 2139 2910 2184 Ταυτα
2969 2136 3057 2204 μὲν
3113 2135 3210 2206 γὰρ
3269 2132 3556 2207 ἐρρήθησαν
3616 2137 3717 2207 πρὸ
3799 2144 3893 2186 τοῦ

2278 2220 2490 2284 ἐξελθεῖν
2545 2221 2733 2282 αὐτοὺς
2774 2224 2849 2292 (2)
2901 2222 2970 2283 εἰς
3015 2225 3071 2273 τό
3117 2226 3232 2296 ὅρος
3271 2231 3369 2272 τῶν
3412 2221 3622 2274 Ἐλαιῶν
3653 2243 3666 2256 ⁸
3713 2221 3895 2275 ἐκεῖνα

2279 2309 2336 2363 δὲ
2380 2315 2507 2382 μετὰ
2551 2315 2607 2363 τό
2656 2311 2865 2373 ἐξελθεῖν
2919 2310 3039 2364 ἐκεῖ.
3099 2317 3184 2372 Δὶς
3227 2314 3328 2384 γὰρ
3375 2310 3611 2363 ἐνστάντι
3665 2319 3738 2382 τῷ
3788 2318 3894 2366 Πέ-

2275 2420 2379 2474 τρῳ
2413 2398 2494 2461 δὶς
2540 2405 2652 2473 περὶ
2697 2409 2790 2462 τῆς
2846 2401 3109 2473 ἀρνήσεως
3150 2397 3533 2474 διεμαρτύρατο
3565 2403 3589 2451 6
3623 2408 3888 2475 Χριστός.

2279 2495 2377 2542 Καὶ
2406 2495 2522 2564 περὶ
2548 2494 2636 2562 μὲν
2663 2499 2752 2550 τῆς
2775 2490 3063 2552 ἐνστάσεως
3085 2494 3175 2541 καὶ
3196 2487 3582 2562 διαμαρτυρίας
3610 2493 3888 2553 Ματθαῐος

2273 2583 2362 2629 καὶ
2392 2582 2598 2650 Μάρκος
2634 2579 2883 2653 ἔγραψαν,
2915 2584 3030 2651 περὶ
3062 2575 3119 2631 δὲ
3140 2586 3230 2638 τῆς
3262 2574 3508 2652 δευτέρας
3550 2585 3758 2642 Λουκᾶς
3786 2587 3882 2632 καὶ

2272 2667 2531 2729 Ἰωάννης.

2342 2762 2426 2815 Μὴ
2483 2787 2552 2797 -
2615 2753 2830 2828 καρδία.
2894 2756 3138 2818 Εἰπόντος
3207 2764 3298 2808 τοῦ
3359 2762 3550 2831 Κυρίου
3605 2761 3731 2832 πρός
3787 2762 3874 2809 τόν

2273 2849 2462 2917 Πέτρον
2560 2847 2640 2896 ότι
2729 2853 2971 2918 Ὕστερον
3075 2845 3446 2908 ἀκολουθήσεις
3533 2866 3623 2918 μοι
3679 2867 3691 2880 ο
3783 2852 3870 2899 καὶ

2270 2936 2350 2985 ὅτι
2395 2936 2698 3009 Ἀπαρνήσή
2745 2953 2808 3006 με
2855 2939 2963 3007 τρίς
2999 2955 3009 2966 ·
3057 2933 3431 3006 ἐταράχθησαν
3473 2931 3545 2987 δι’
3588 2934 3859 3008 ἀμφότερα,

2729 2853 2971 2920 Ὕστερον

2271 3019 2569 3084 δεδοικότες
2633 3029 2833 3094 μήποτε
2886 3023 3035 3074 αὐτοὶ
3087 3021 3425 3080 ἀπεκόπησαν
3481 3024 3663 3091 αὐτοῦ,
3708 3030 3851 3095 μόνον

502 3113 595 3163 tur
641 3105 734 3161 vel
789 3105 1146 3173 exciderent,
1181 3103 1307 3161 solo
1359 3105 1532 3161 Petro
1578 3114 1882 3178 sequente,
1937 3115 2040 3164 aut
2087 3126 2159 3164 ne

2273 3119 2360 3163 τοῦ
2421 3117 2612 3185 Πέτρου
2666 3111 3128 3176 ἀκολουθήσοντος,
3179 3117 3268 3164 καὶ
3329 3118 3534 3184 μήποτε
3581 3118 3669 3165 καὶ
3723 3113 3860 3164 αὐτοὶ

497 3195 746 3269 quando
786 3194 900 3266 ipsi
941 3210 1180 3266 quoque
1211 3210 1350 3249 eum
1415 3201 1713 3266 negarent,
1770 3199 2160 3268 quemadmo-

496 3285 645 3340 dum
690 3289 746 3340 et
806 3298 1014 3338 eorum
1056 3282 1391 3354 praefectus.
1447 3283 1799 3356 Reprimens
1850 3303 1991 3357 ergo
2039 3289 2164 3347 illo-

495 3390 630 3430 rum
664 3373 1043 3437 anxietatem,
1087 3372 1350 3444 primum
1381 3372 1628 3444 quidem
1662 3374 1935 3432 timorem
1979 3396 2162 3450 nega-

500 3462 672 3518 tionis
706 3460 1066 3526 consolatur,
1109 3460 1324 3516 deinde
1363 3464 1539 3517 etiam
1571 3461 1643 3518 de
1685 3464 1897 3522 timore
1943 3485 2020 3525 an
2052 3486 2160 3542 pu-

498 3551 740 3608 tationis
779 3549 902 3606 sive
932 3550 1268 3605 excisionis.

568 3642 728 3695 Vers.
759 3645 804 3694 t.
864 3639 1098 3695 Credite
1131 3669 1183 3680 -—
1216 3639 1452 3696 credite.
1501 3639 1734 3699 Credite
1787 3643 2033 3702 ﬁrmiter
2094 3649 2157 3704 iu

493 3730 681 3784 Deum
709 3729 952 3786 Patrem
981 3733 1038 3783 et
1062 3727 1120 3782 in
1151 3744 1264 3793 me,
1299 3744 1368 3784 ac
1403 3729 1571 3797 ﬁdes,
1614 3747 1750 3802 quae
1791 3735 1851 3788 in
1878 3750 1988 3789 nos
2027 3736 2151 3802 erit,

497 3817 760 3874 servabit
781 3834 886 3874 vos
913 3816 1358 3889 insuperabiles.

567 3908 728 3962 Vers.
777 3911 829 3962 2.
884 3907 956 3961 In
1001 3937 1056 3947 —
1115 3913 1272 3961 sunt.
1313 3905 1457 3974 Quae
1505 3907 1803 3965 sufﬁciant
1851 3912 1929 3968 ad
1969 3914 2155 3970 susci-

493 3997 780 4069 piendum
814 4011 936 4060 vos,
970 4001 1033 4050 ut
1057 4011 1292 4066 semper
1323 3997 1447 4051 sitis
1485 3998 1825 4055 nobiscum.

567 4085 728 4139 Vers.
796 4085 849 4138 2.
921 4085 1088 4150 Quod
1132 4084 1182 4138 si
1214 4100 1467 4141 secus—
1519 4087 1697 4142 vobis.
1742 4090 1912 4154 Quod
1953 4091 2152 4148 sinon

495 4178 691 4230 essent
749 4173 950 4228 multas
1014 4174 1363 4230 mansiones
1417 4192 1486 4231 ac
1544 4177 1926 4248 splendidum
1981 4181 2154 4238 habi-

493 4262 780 4329 taculum,
813 4263 1092 4318 dixissem
1137 4263 1329 4332 vobis,
1383 4266 1546 4336 quod
1604 4268 1759 4322 vado
1812 4270 1890 4324 ad
1933 4287 2148 4342 paran-

495 4355 641 4408 dum
701 4352 1030 4409 mansionis
1081 4351 1282 4407 locum
1338 4354 1530 4423 vobis,
1581 4357 1678 4426 qui
1735 4360 1848 4413 mei
1898 4360 2039 4416 estis
2095 4367 2151 4418 et

495 4442 778 4498 omnibus
816 4441 1116 4511 digniores
1166 4459 1179 4496 :
1223 4441 1339 4498 hoc
1389 4445 1638 4500 omnino
1681 4463 1819 4503 sane
1878 4449 2024 4505 mihi
2050 4468 2144 4506 cu-
2180 4487 2226 4542 Β

493 4547 576 4588 rae
644 4537 748 4597 est,
798 4535 864 4585 ut
918 4529 1020 4586 ubi
1077 4547 1210 4585 sum
1265 4547 1376 4601 ego
1421 4539 1476 4588 et
1525 4549 1634 4590 vos
1681 4535 1824 4592 sitis.
1877 4537 2151 4596 Praedixit

495 4621 654 4677 enim
704 4619 789 4675 eis
836 4619 1082 4676 dicens:
1132 4620 1240 4678 Ubi
1270 4635 1394 4676 sum
1436 4639 1558 4693 ego,
1601 4624 1731 4681 illic
1777 4633 1834 4682 et
1883 4627 2153 4686 minister

493 4724 654 4766 meus
684 4708 813 4765 erit.

571 4798 730 4854 Vers.
793 4801 844 4853 3.
893 4798 971 4852 Et
1022 4828 1090 4837 —
1142 4797 1291 4854 sitis.
1353 4801 1471 4856 Hoc
1519 4801 1702 4858 etiam
1728 4803 2014 4862 dixissem
2053 4824 2153 4863 vo-

493 4887 587 4943 bis
645 4902 662 4942 :
714 4885 878 4950 Quod
943 4887 997 4942 si
1041 4888 1262 4952 abiero,
1331 4895 1397 4943 ut
1461 4906 1787 4962 praeparem
1852 4894 2010 4950 vobis
2066 4897 2147 4952 l0-

495 4992 630 5034 cum
663 4975 733 5046 3‘,
793 4979 850 5032 et
887 4978 1100 5032 caetera
1144 4991 1156 5032 :
1210 4977 1411 5049 itaque
1462 4993 1572 5035 nec
1634 4981 1718 5037 sic
1769 4983 2032 5054 oportuit
2085 5000 2144 5041 a-

565 5153 612 5190 εο
689 5151 888 5209 Matth.
921 5167 1036 5224 xw,
1068 5156 1156 5210 33.

492 5225 586 5281 38.
695 5224 743 5261 ⁸⁸
771 5225 944 5282 Joan.
975 5240 1074 5290 xu,
1117 5228 1208 5284 26.

1269 5155 1314 5193 ⁸¹
1348 5155 1491 5214 lbid.
1525 5157 1613 5214 55.

1726 5159 1773 5196 ⁸³
1800 5161 1972 5217 Marc.
2004 5177 2125 5232 xxv,
2160 5162 2246 5219 29.

2272 3208 2449 3253 τοῦτον
2517 3199 2938 3275 ἀπαρνήσωνται,
3001 3204 3064 3261 ὡς
3129 3203 3154 3252 6
3212 3209 3510 3274 κορυφαῖος.
3575 3203 3867 3254 Καταστξλ-

2269 3290 2366 3342 λων
2397 3287 2482 3341 οὖν
2521 3295 2614 3348 τήν
2645 3289 2871 3342 ἐντεῦθεν
2905 3289 3130 3360 ἀγωνίαν
3193 3291 3382 3355 αὐτῶν,
3434 3300 3612 3364 πρῶτα
3637 3295 3726 3363 μὲν
3754 3297 3874 3364 περὶ

2269 3387 2359 3431 τοῦ
2392 3379 2547 3451 φόϐου
2576 3388 2670 3441 τῆς
2701 3378 2899 3450 ἁπαρνή
2912 3398 3039 3440 σεως
3077 3382 3484 3453 παραμυθεῖται,
3519 3377 3624 3433 εἶτα
3645 3385 3879 3457 καὶπερὶ

2266 3477 2356 3520 τοῦ
2388 3468 2544 3540 φόϐου
2575 3477 2670 3529 τῆς
2700 3467 2990 3529 ἀποκοπῆς.

2337 3650 2608 3700 Πιστεύετε
2659 3679 2728 3687 —
2799 3649 3088 3701 πιστεύετε.
3157 3650 3433 3700 Πιστεύετε
3507 3646 3739 3719 βεϐαίως
3811 3650 3881 3711 εἰς

2264 3741 2348 3790 τόν
2377 3741 2582 3810 Πατέρα
2610 3741 2700 3788 καὶ
2730 3735 2800 3796 εἰς
2839 3738 2924 3808 ἐμέ
2947 3757 2960 3769 ο
2994 3741 3084 3788 καὶ
3119 3735 3295 3789 λοιπόν
3329 3738 3358 3794 ή
3407 3735 3477 3798 εἰς
3506 3737 3649 3807 ἡμᾶς
3685 3742 3879 3798 πίστις

2267 3830 2583 3900 συντηρήσει
2613 3829 2746 3898 ὑμᾶς
2779 3825 3086 3886 ἀηττήτους.

2330 3915 2409 3968 Ἐν
2457 3947 2524 3955 -
2569 3916 2718 3967 εἰσιν.
2748 3914 2941 3967 Ἰκαναὶ
2973 3911 3224 3977 δέξασθαι
3256 3919 3344 3966 καὶ
3389 3916 3537 3987 ὑμᾶς,
3589 3920 3876 3988 συνεσομέ-

2260 4024 2378 4065 νους
2407 4006 2530 4076 ἡμῖν
2563 4004 2660 4057 ἀεί.

2331 4095 2392 4147 Εἰ
2419 4090 2477 4146 δέ
2502 4099 2572 4165 μὴ
2602 4125 2668 4136 -
2707 4095 2848 4166 ὑμῖν.
2902 4093 2961 4145 Εἰ
3000 4090 3058 4146 δὲ
3092 4098 3163 4166 μή
3198 4090 3332 4152 ἦσαν
3379 4093 3485 4146 ἐκεῖ
3531 4091 3716 4145 πολλαὶ
3765 4114 3871 4166 μο-

2260 4189 2362 4253 ναὶ,
2419 4188 2508 4234 καὶ
2573 4180 2821 4253 δαψίλεια
2872 4188 3232 4254 καταγωγίων,
3291 4180 3431 4235 εἶπον
3491 4180 3549 4234 ἂν
3603 4184 3724 4253 ὑμῖν
3788 4185 3872 4236 ὅτι

2259 4276 2546 4347 πορεύομαι
2603 4272 2877 4344 ἑτοιμάσαι
2939 4277 3092 4324 τόπον
3160 4281 3323 4345 μονῆς
3367 4275 3485 4344 ὑμῖν
3539 4280 3650 4332 τοῖς
3703 4269 3866 4343 ἐμοῖς,

2259 4366 2349 4414 καὶ
2401 4366 2502 4433 πρὸ
2554 4363 2757 4412 πάντων
2829 4365 3012 4414 τούτου
3062 4364 3268 4424 πάντως
3311 4360 3370 4413 ἂν
3427 4360 3720 4435 ἐφρόντισα,
3788 4363 3869 4413 ἵνα

2259 4452 2386 4503 ὅπου
2439 4449 2544 4522 εἰμὶ
2574 4449 2671 4520 ἐγὼ
2699 4454 2785 4501 καὶ
2818 4452 2962 4522 ὑμεῖς
2994 4446 3103 4508 ήτε.
3134 4454 3419 4522 Προείρήκε
3448 4453 3547 4524 ’γὰρ
3580 4448 3757 4511 αὐτοῖς
3788 4453 3865 4501 ὅτι

2257 4539 2424 4592 Ὀπου
2499 4539 2602 4612 εἰμὶ
2668 4537 2765 4610 ἐγὼ
2823 4538 2927 4591 ἐκεῖ
2982 4539 3063 4611 (3)
3118 4544 3207 4591 καὶ
3263 4540 3288 4590 6
3338 4535 3582 4600 διάκονος
3639 4540 3664 4589 ό
3742 4541 3860 4609 ἐμὸς

2259 4632 2428 4682 ἔσται.

2337 4810 2436 4858 Καὶ
2493 4837 2561 4846 -
2626 4801 2736 4864 ἦτε.
2785 4810 2885 4858 Καὶ
2944 4801 3081 4858 εἷπον
3131 4803 3190 4856 ἃν
3248 4803 3369 4877 ύμῖν
3419 4809 3508 4858 καὶ
3552 4811 3716 4872 τοῦτο,
3772 4803 3853 4855 ὅτι

2258 4896 2374 4948 Ἐὰν
2477 4895 2710 4968 πορευθῶ
2809 4894 3083 4967 ἑτοιμάσαι
3188 4895 3308 4965 ὑμῖν
3416 4899 3573 4948 τόπον
3677 4902 3854 4966 μονῆς,

2253 4984 2404 5036 πάλιν
2507 4987 2734 5058 ἔρχομαι
2817 4988 2908 5036 καὶ
3007 4981 3390 5056 παραλήψομαι
3488 4985 3624 5056 ὑμᾶς
3724 4986 3858 5057 πρὸς

2361 5163 2407 5198 ⁸³
2442 5161 2586 5218 Luc.
2630 5176 2774 5230 xxu,
2811 5164 2898 5219 33.
3014 5161 3250 5220 "Joan.
3275 5177 3390 5229 xm,
3422 5165 3509 5219 36.
3645 5161 3861 5218 “Ibid.

1721 5374 1946 5443 Variae
1978 5376 2309 5447 lectiones
2345 5385 2411 5446 et
2445 5386 2644 5446 notae.

564 5511 642 5584 (l)
684 5513 785 5584 καί
811 5510 984 5566 abest
1010 5514 1075 5566 A.

564 5582 641 5652 (2)
682 5582 846 5634 Αὐτόν
876 5585 942 5638 Α.

563 5652 641 5727 (3)
679 5654 768 5708 Ab
799 5653 902 5706 ἐκεῖ
925 5655 1000 5710 ad
1032 5654 1199 5720 ἔσται,
1233 5652 1293 5710 in
1317 5670 1521 5727 marg.
1557 5671 1591 5711 a
1623 5670 1784 5713 man.
1817 5661 2049 5727 recent._
2080 5655 2141 5716 in

492 5723 629 5783 cod.
672 5727 734 5782 Β.
766 5727 903 5781 Nam
933 5741 970 5783 a
1007 5739 1194 5782 manu
1239 5726 1433 5798 prima
1471 5723 1610 5785 'erat
1642 5742 1656 5785 :
1711 5729 1810 5781 Καὶ
1853 5730 1998 5804 ὑμεῖς
2029 5725 2138 5804 ἦτε,

2251 5517 2417 5590 quod
2446 5533 2542 5589 per
2560 5533 2820 5573 errorem
2853 5534 2922 5574 ex
2943 5518 3349 5590 superioribus
3371 5522 3498 5574 erat
3515 5518 3865 5589 repetitum.

2253 5589 2422 5653 Quod
2455 5605 2563 5643 nos
2594 5590 2892 5660 dedimus,
2923 5589 3105 5648 habet
3142 5592 3274 5647 cod.
3318 5593 3365 5645 A
3402 5591 3465 5646 in
3494 5597 3778 5647 contextu
3809 5600 3868 5647 et

2253 5661 2596 5740 Hentenius.
3736 5695 3760 5771 ἓ
