4130 6320
276 376 417 435 1393

1341 372 1685 430 COMMENT
1725 370 1794 427 ΙΝ
1831 368 2181 426 ΙΟΑΝΝΕΜ.
2219 399 2290 412 -
2325 371 2482 427 CAP.
2525 367 2670 426 XIV.

3505 371 3643 431 1394

278 504 517 577 ἐμαυτόν,
568 510 657 558 καὶ
684 507 750 557 τὰ
780 504 915 568 ἑξῆς.
946 503 1107 558 Ὥστε
1137 499 1259 556 οὑδὲ
1288 503 1452 563 οὑτως
1482 497 1588 553 ἔδει
1637 497 1871 570 ἀθυμεῖν.

1999 495 2156 551 nimo
2213 495 2473 565 dejectos
2526 511 2655 551 esse
2689 509 2703 562 ;
2733 493 2879 568 quia
2925 508 3066 551 vero
3092 491 3222 566 jam
3279 493 3422 552 olim
3485 511 3641 569 pras-

279 594 421 648 Ἐπεὶ
448 593 507 649 δὲ
544 595 704 648 πάλαι
751 597 1172 668 παρεσκεύασται
1216 597 1271 646 τὸ
1319 592 1510 651 πλῆθος
1540 599 1637 642 τῶν
1685 595 1873 660 μονῶν,

277 689 369 736 καὶ
399 684 850 759 ἀποκεκληρωνται
893 692 1000 746 τοῖς
1032 684 1212 752 ἀξίοις,
1245 687 1352 758 χρὴ
1403 679 1626 756 θαρῥείν,
1671 682 1760 729 καὶ
1799 680 1871 748 μὴ

280 773 676 846 ἀπογινώσκειν.

352 863 506 916 Ἔστι
546 863 606 917 δὲ
645 869 733 916 καὶ
774 863 954 936 ἑτέρως
1003 863 1177 930 εἰπεῖν,
1211 863 1292 912 ὅτι
1351 864 1450 913 Καὶ
1509 857 1591 910 ἐὰν
1640 856 1875 928 πορευθῶ

279 953 555 1026 ἑτοιμάσαι
608 956 728 1025 ὑμῖν
780 958 956 1021 τόπον,
1011 956 1172 1024 ἤγουν
1227 951 1522 1022 ἐγκαινίσαι
1573 949 1693 1020 ὑμῖν
1755 945 1874 995 ἄνο-

281 1039 373 1095 δον
406 1047 534 1116 πρὸς
563 1046 649 1095 τόν
692 1042 927 1116 οὐρανὸν,
971 1041 1030 1099 ἢν
1063 1038 1236 1101 οὐδεὶς
1283 1037 1488 1091 ούδέπω
1532 1045 1630 1088 τῶν
1679 1034 1874 1106 ἀνθρὼ-

278 1151 388 1183 πων
432 1129 634 1191 ἀνῆλθε,
689 1130 841 1182 πάλιν
891 1132 1118 1203 ἔρχομαι
1171 1130 1303 1179 κατὰ
1342 1131 1434 1184 τὴν
1488 1121 1730 1196 δευτέραν
1775 1141 1874 1193 μου

278 1224 594 1295 παρουσίαν,
664 1224 753 1270 καὶ
821 1217 1196 1292 παραλήψομαι
1267 1218 1400 1286 ὑμᾶς
1477 1217 1600 1288 πρὸς
1658 1211 1874 1284 ἐμαυτὸν

280 1307 596 1369 ἀναστάντας
650 1307 703 1360 ἐκ
759 1317 966 1379 νεκρῶν,
1031 1306 1539 1380 συμϐασιλεύσοντάς
1596 1323 1685 1375 μοι
1748 1300 1873 1353 αἰω-

277 1403 413 1458 νίως.
457 1398 515 1450 Εἰ
560 1401 662 1470 γὰρ
713 1403 799 1450 καὶ
855 1399 1195 1458 ἀποθανόντες
1249 1400 1375 1470 πρὸς
1423 1395 1576 1446 αὑτὸν
1635 1391 1869 1455 ἀνῆλθον,

279 1486 387 1538 ἀλλ’
438 1487 494 1539 ού
522 1490 650 1559 μετά
700 1495 798 1538 τῶν
863 1489 1136 1558 σωμάτων,
1195 1491 1284 1537 καὶ
1340 1484 1383 1536 εἰ
1433 1487 1658 1535 σύνεισιν
1711 1481 1870 1551 αύτῷ,

278 1575 387 1628 ἀλλ’
449 1576 506 1628 ού
567 1575 1052 1648 συμϐασιλεύοντες.
1110 1575 1250 1628 Ἐπεὶ
1305 1570 1363 1627 δε
1418 1569 1564 1633 εἰδὼς
1616 1575 1681 1624 τὰ
1728 1575 1877 1628 κινὴ-

277 1685 420 1738 ματα
480 1674 577 1717 τῶν
630 1662 862 1738 καρδιῶν
918 1665 1106 1730 αὐτῶν,
1159 1666 1282 1733 ἔγνω
1350 1661 1725 1734 ἐπιθυμοῦντας
1778 1677 1873 1730 μα-

280 1757 384 1807 θεῖν
431 1763 530 1806 ποῦ
584 1756 792 1825 ὑπάγει,
852 1759 941 1806 καὶ
993 1759 1086 1812 τήν
1143 1749 1264 1805 όδὸν
1312 1756 1406 1810 τὴν
1456 1753 1686 1822 ἄγουσαν
1745 1750 1873 1801 ὅπου

277 1845 486 1916 ὑπάγει,
529 1848 658 1915 φησί
682 1860 695 1873 ·

352 1939 454 1986 Καὶ
494 1965 560 1972 -
592 1930 770 1985 οἴδατε
796 1951 808 1996 ;

280 2020 406 2075 δατε
463 2026 553 2074 καὶ
620 2020 902 2094 ἀμφότερα,
967 2020 1009 2073 εἰ
1074 2018 1457 2091 ἀναμνητθῆτε.
1527 2024 1718 2086 ’Υπῆγε
1784 2019 1872 2087 μὲν

1909 1887 1954 1941 Β

859 1933 945 1994 Ἐξ
997 1932 1062 1983 ὧν
1111 1929 1372 2004 διαφόρως
1426 1927 1564 1982 εἷπον
1620 1930 1762 2000 ὑμῖν,
1796 1930 1871 1979 οἳ·

278 2109 365 2164 οὖν
405 2114 528 2183 πρὸς
580 2116 666 2163 τόν
720 2115 924 2185 Πατέρα
978 2109 1061 2182 ἀφ’
1110 2109 1168 2160 οὗ
1199 2114 1287 2160 καὶ
1345 2107 1568 2170 ἐξῆλθεν.
1607 2103 1763 2166 Ὀδός
1816 2102 1875 2157 δέ

279 2198 418 2251 ἐστιν
465 2200 639 2266 αύτὸς,
673 2197 746 2252 δι’
789 2200 848 2251 οὗ
895 2199 1159 2272 ἐρχόμεθα
1203 2201 1330 2270 πρὸς
1389 2200 1474 2249 τὸν
1528 2200 1750 2269 Πατέρα,
1807 2197 1876 2257 ὡς

279 2294 472 2360 προῖὼν
505 2289 626 2362 ἐρεῖ.

352 2382 504 2449 Λέγει
546 2409 612 2418 -
643 2375 870 2443 εἰδέναι;
930 2376 1081 2449 "gero
1131 2379 1231 2449 γὰρ
1287 2375 1538 2434 αἰσθητόν
1597 2371 1726 2426 εἷναί
1762 2393 1876 2425 τινα

279 2471 433 2518 τόπον
464 2469 592 2519 ὅπου
624 2468 829 2539 ὑπάγει,
856 2471 941 2517 καὶ
969 2462 1092 2518 όδὸν
1124 2467 1309 2536 ὁμοίως
1335 2467 1601 2522 τοιαύτην.

355 2650 506 2716 Λέγει
555 2676 617 2685 —-
651 2645 780 2705 ζωή.
833 2641 992 2706 Ὁδὸς
1043 2647 1131 2716 μὲν
1186 2645 1264 2694 ὅτι
1324 2638 1396 2694 δι’
1455 2640 1578 2713 ἐμοῦ
1617 2641 1870 2712 ἔρχεσθε’

281 2733 496 2790 ἀλήθεια
547 2730 623 2802 δὲ,
667 2737 746 2785 ὅτι
793 2732 1044 2800 ἀληθεύω,
1097 2737 1185 2784 καὶ
1231 2734 1430 2792 πάντως
1474 2733 1622 2782 ἔσται
1669 2736 1870 2780 ταῦτα·

282 2824 388 2883 ζωὴ
443 2820 522 2888 δὲ,
569 2825 649 2874 ὅτι
701 2827 790 2874 καὶ
842 2829 932 2872 τοῦ
993 2823 1211 2873 θανάτου
1262 2823 1504 2894 κυριεύω.
1544 2819 1602 2871 Εἰ
1632 2815 1718 2870 οὖν
1778 2816 1876 2888 ἐγὼ

282 2911 384 2980 εἰμι
416 2913 444 2968 ἡ
481 2908 624 2979 ὁδὸς,
679 2907 934 2980 ὁδηγήσω
980 2911 1150 2981 ὑμᾶς’
1203 2909 1244 2961 εἰ
1277 2906 1335 2961 δὲ
1392 2913 1480 2960 καὶ
1535 2905 1770 2972 ἀλήθεια,
1816 2905 1873 2958 ού

279 2995 546 3070 ψεύδομαι
571 3017 582 3028 ’
619 2999 661 3050 εἰ
707 2995 877 3050 δὲκαὶ
907 2998 1035 3066 ζωὴ,
1097 2995 1218 3050 οὑδὲ
1254 2999 1278 3049 ό
1327 2999 1540 3057 θάνατος
1593 2993 1876 3054 διαστήσει

280 3089 415 3159 ὑμᾶς
441 3087 582 3158 ἐμοῦ.

353 3174 541 3237 Οὐδεὶς
598 3209 666 3216 -
705 3176 849 3248 ἐμοῦ.
919 3178 998 3230 Ἐν
1055 3183 1124 3247 τῷ
1184 3175 1341 3248 ἐνάτῳ
1387 3173 1445 3228 δε
1489 3175 1745 3248 κεφαλαίῳ
1805 3171 1876 3227 εἷ-

283 3285 371 3318 πεν
397 3287 408 3298 ·
445 3264 632 3328 Οὐδεὶς
673 3263 894 3319 δύναται
924 3266 1080 3319 ἐλθεῖν
1103 3270 1230 3339 πρὸς
1259 3267 1364 3338 ἐμὲ,
1402 3265 1484 3318 ἐὰν
1516 3270 1585 3337 μὴ
1637 3267 1661 3316 ό
1695 3269 1874 3338 Πατὴρ
1916 3235 1956 3290 C

285 3357 310 3407 6
341 3356 548 3427 πέμψας
589 3376 649 3428 με
680 3356 867 3429 ἑλκύσῃ
920 3357 1070 3409 αὐτόν
1095 3376 1108 3388 ’
1146 3358 1170 3408 ό
1219 3360 1307 3428 μὲν
1338 3358 1437 3430 γὰρ
1498 3355 1679 3424 ﬁxum,
1737 3356 1763 3405 6
1819 3350 1877 3406 δε

285 3442 498 3517 ὁδηγεῖ·
539 3451 628 3498 καὶ
668 3445 946 3518 ἀμφότεροι
988 3453 1324 3520 συνεργοῦσιν
1373 3445 1444 3505 εἰς
1485 3448 1578 3502 τὴν
1616 3447 1878 3517 σωτηρίαν

284 3544 382 3586 τῶν
409 3534 688 3607 ἀνθρώπων
699 3575 709 3586 .

357 3624 417 3675 Εἰ
476 3656 544 3663 -
604 3623 868 3695 ἐγνώκειτε
950 3626 1030 3676 ἄν.
1091 3624 1355 3698 Ἀνωτέρω
1421 3626 1509 3696 μὲν
1592 3622 1745 3674 εἰπὼν
1801 3622 1880 3672 ὅτι

286 3712 361 3783 (4)
415 3719 513 3765 Καὶ
556 3715 683 3765 ὅπου
744 3715 928 3785 ὑπάγω
983 3710 1182 3776 οἴδατε,
1216 3719 1305 3766 καὶ
1334 3717 1426 3771 τὴν
1485 3708 1608 3764 ὁδόν
1661 3707 1877 3762 οἴδατε·

285 3797 544 3858 ἐδήλωσεν
584 3804 662 3854 ὃτι
696 3808 785 3854 καὶ
831 3807 915 3854 τὸν
964 3807 1170 3875 Πατέρα
1217 3799 1398 3854 οἴδασι
1441 3807 1530 3854 καὶ
1575 3800 1765 3852 αὐτόν’
1810 3797 1880 3850 ἐν·

285 3892 453 3942 ταῦθα
503 3887 561 3942 δὲ
618 3891 912 3962 ἐπαγαγὼν,
969 3894 1050 3943 ὅτι
1110 3891 1168 3943 Εἰ
1220 3890 1482 3961 ἐγνώκειτέ
1534 3909 1617 3962 με²
1667 3891 1881 3940 καὶτὸν

287 3985 490 4052 Πατέρα
579 4000 679 4051 μου
784 3980 1046 4051 ἐγνώκειτε
1146 3983 1227 4046 οἷν,
1293 3981 1521 4052 ἐνέφηνεν
1619 3980 1698 4030 ὃτι
1795 3982 1882 4028 καὶ

287 4069 441 4120 αὑτὸν
498 4068 747 4140 ἀγνοοῦσι
801 4076 885 4121 καὶ
940 4074 1026 4122 τόν
1077 4075 1299 4141 Πατέρα.
1352 4075 1450 4121 Καὶ
1494 4067 1765 4138 πολλαχοῦ
1824 4063 1882 4118 δὲ

285 4166 435 4209 τοῦτο
483 4166 640 4212 ποιεῖ.
693 4160 838 4211 Ἐπεὶ
893 4163 994 4232 γὰρ
1046 4158 1322 4230 ἐγίνωσκον
1376 4162 1464 4231 μὲν
1518 4163 1607 4210 καὶ
1665 4157 1883 4229 ἀμφοτέ-

285 4266 423 4319 ρους,
473 4248 576 4319 οὐχ
623 4251 686 4307 ὡς
719 4256 985 4320 προσῆκον
1041 4245 1131 4301 δέ’
1194 4249 1406 4322 ὕστερον
1454 4250 1556 4320 γὰρ
1615 4245 1885 4316 ἐπιφοιτῆ-

288 4355 381 4387 σαν
442 4340 499 4388 τὸ
551 4339 802 4408 πανάγιον
865 4345 1071 4408 Πνεῦμα
1136 4341 1516 4390 κατεσκεύασεν
1579 4335 1757 4396 αὑτοῖς
1809 4353 1882 4386 τε·

282 4423 418 4475 λείαν
469 4430 564 4483 τὴν
607 4434 836 4496 γνῶσινο
902 4431 1024 4478 ποτε
1076 4429 1166 4498 μεν
1225 4429 1304 4478 ὅτι
1355 4433 1680 4497 γινώσκουσι
1726 4423 1883 4495 λέγει,

287 4509 425 4564 διότι
461 4511 811 4572 ὁπωσδήποτε
838 4522 1162 4586 γινώσκουσι
1188 4532 1200 4545 ο
1235 4519 1356 4568 ποτε
1388 4514 1446 4568 δε
1495 4516 1576 4566 ὅτι
1629 4513 1686 4565 ού
1734 4517 1887 4584 γίνω-

289 4623 498 4666 σκουσι,
529 4601 666 4655 διότι
698 4608 765 4665 ὡς
800 4604 962 4678 ἐχρῆν
996 4605 1052 4656 ού
1083 4611 1425 4676 γινώσκουσι.
1461 4611 1564 4656 Νῦν
1597 4599 1656 4655 δὲ
1687 4621 1843 4673 φησιν
1869 4617 1882 4630 ·
1915 4571 1960 4626 D

292 4694 349 4746 Εἰ
401 4691 666 4763 ἐγνώκειτέ
721 4713 804 4764 με,
865 4696 933 4754 ως
985 4698 1116 4766 χρὴ,
1175 4699 1254 4754 τίς
1312 4694 1415 4766 εἰμι
1483 4697 1540 4744 τὸ
1594 4696 1883 4765 νοούμενον,

286 4788 374 4835 καὶ
438 4786 524 4834 τὸν
610 4786 812 4855 Πατέρα
897 4803 997 4855 μου
1088 4781 1352 4853 ἐγνώκειτε
1419 4784 1516 4834 οἶν·
1611 4781 1718 4834 ἐπεὶ
1782 4785 1883 4855 γὰρ

289 4869 400 4932 ἶσος
459 4871 572 4942 ἐμοὶ
611 4876 700 4922 καὶ
759 4870 1150 4945 ἀπαράλλακτός
1209 4871 1368 4936 ἐστιν,
1424 4873 1448 4923 6
1506 4877 1756 4934 νενοηκὼς
1801 4871 1886 4944 ἔμε

287 4964 490 5018 νενόηκε
522 4961 599 5031 (5)
625 4963 710 5012 τὸν
740 4964 962 5035 Πατέρα.

362 5142 462 5190 Καὶ
493 5168 558 5178 -—
599 5137 772 5192 αὐτόν.
816 5138 957 5191 Ἐπεὶ
1005 5140 1089 5211 ἐμὲ
1140 5143 1438 5210 γινώσκετε,
1473 5139 1515 5191 εἰ
1567 5145 1655 5192 καὶ
1705 5145 1775 5213 μὴ
1815 5142 1882 5202 ὡς

287 5230 423 5300 χρὴ,
454 5225 632 5279 λοιπὸν
663 5231 944 5298 γινώσκετε
977 5233 1067 5280 καὶ
1097 5227 1252 5280 αὑτὸν
1283 5230 1550 5289 ὡσαύτως.

361 5496 403 5530 ³⁷
435 5497 604 5552 Joan.
642 5512 716 5559 vn,
761 5495 852 5552 44.
972 5495 1018 5530 ⁸⁸
1056 5495 1229 5552 Joan.
1263 5511 1380 5559 xlv,
1421 5499 1474 5552 4.

1987 589 2198 656 parata
2219 590 2306 639 est
2325 584 2702 640 multitudine
2723 583 3132 651 mansionum,
3158 583 3456 656 acjdignis
3484 589 3641 642 sorte

1985 675 2312 732 distributas
2341 679 2499 742 sunt,
2548 675 2833 730 ﬁduciam
2889 674 3112 731 habere
3144 679 3398 748 oportet,
3431 679 3488 732 et
3515 692 3638 732 non

1984 763 2322 836 desperare.

2058 853 2260 910 Potest
2317 857 2374 909 et
2441 852 2611 908 aliter
2667 853 2784 908 dici
2839 871 2852 913 :
2910 853 3078 921 Quod
3142 853 3374 910 etiamsi
3440 854 3637 911 abiero

1986 949 2050 998 ut
2087 958 2419 1012 prwparem
2450 943 2602 998 vobis
2641 944 2854 1007 locum,
2908 943 3196 1008 videlicet,
3253 947 3316 999 ut
3353 943 3637 999 innovem

1983 1031 2156 1086 vobis
2189 1048 2511 1087 ascensum
2544 1033 2602 1088 in
2657 1033 2898 1100 caelum,
2929 1049 3052 1106 quo
3112 1032 3310 1088 nullus
3363 1048 3635 1105 unquam

1983 1121 2297 1177 hominum
2341 1122 2622 1187 ascendit,
2667 1137 2899 1178 rursum
2949 1122 3188 1178 veniam
3243 1123 3497 1178 secundo
3537 1121 3640 1176 ad-

1984 1218 2185 1281 ventu,
2240 1218 2297 1268 et
2352 1229 2660 1270 assumam
2718 1229 2821 1269 vos
2872 1214 2949 1270 ad
3004 1214 3323 1286 meipsum,
3379 1212 3643 1268 resusci-

1986 1305 2138 1358 tatos
2194 1319 2260 1358 ex
2310 1302 2581 1366 mortuis,
2637 1306 2700 1357 ut
2752 1304 3126 1374 conregnetis
3182 1303 3328 1358 mihi
3380 1301 3440 1357 in
3473 1307 3642 1358 aeter-

1984 1408 2152 1448 num.
2187 1392 2545 1464 Quanquam
2571 1391 2755 1447 enim
2797 1392 3018 1447 mortui
3059 1398 3195 1448 ante
3247 1408 3387 1448 eum
3436 1407 3641 1449 ascen-

1984 1482 2223 1550 derunt,
2262 1481 2366 1536 sed
2392 1497 2512 1536 non
2545 1497 2682 1536 cum
2700 1481 3054 1550 corporibus
3084 1499 3098 1547 ;
3132 1487 3186 1537 et
3210 1481 3260 1535 si
3287 1481 3463 1538 simul
3494 1498 3636 1538 cum

1984 1587 2055 1627 eo
2088 1575 2244 1636 sunt,
2279 1574 2338 1626 at
2367 1586 2487 1624 non
2549 1569 2725 1625 simul
2775 1574 3048 1638 regnant.
3091 1570 3237 1636 Quia
3267 1586 3404 1626 vero
3444 1572 3637 1626 sciens

1985 1667 2184 1716 motus
2244 1659 2513 1714 cordium
2569 1660 2850 1729 ipsorum,
2907 1659 3185 1728 cognovit
3236 1674 3452 1731 cupere
3501 1659 3634 1714 illos

1985 1749 2132 1804 scire
2161 1765 2284 1821 quo
2337 1749 2463 1813 iret,
2517 1752 2572 1803 et
2612 1747 2774 1803 viam
2813 1764 2940 1816 quae
2967 1763 3037 1804 eo
3063 1747 3307 1804 duceret
3350 1764 3472 1820 quo
3502 1749 3632 1814 iret,

1985 1839 2068 1893 ait
2095 1853 2108 1892 :

2054 1927 2215 1982 Vers.
2249 1930 2299 1982 4.
2363 1927 2436 1981 Et
2467 1926 2740 1982 —-scitis.
2801 1925 2885 1980 Ex
2945 1925 3054 1991 his,
3105 1941 3241 1998 quas
3294 1925 3636 1998 frequenter

1982 2015 2104 2070 dixi
2134 2015 2323 2080 vobis,
2352 2021 2407 2071 et
2435 2015 2547 2071 hoc
2572 2021 2628 2072 et
2673 2014 2820 2070 illud
2868 2015 3076 2080 nostis,
3109 2015 3157 2070 si
3207 2014 3634 2072 recordamini.

1983 2104 2070 2159 Ad
2101 2105 2330 2159 Patrem
2364 2120 2625 2176 namque
2677 2103 2804 2160 ibat
2832 2120 2868 2160 a
2914 2119 3037 2176 quo
3095 2104 3276 2160 etiam
3324 2103 3633 2161 exiverat:

1983 2195 2080 2249 via
2134 2199 2334 2248 autem
2390 2193 2518 2265 ipse
2573 2197 2684 2260 est,
2717 2209 2822 2265 per
2853 2209 3032 2266 quem
3080 2193 3238 2249 imus
3267 2192 3347 2248 ad
3374 2192 3633 2260 Patrem,

1984 2281 2158 2338 veluti
2188 2282 2248 2338 in
2280 2282 2668 2354 sequentibus
2701 2282 2960 2338 dicturus
2991 2285 3100 2338 est.

2054 2373 2216 2426 Vers.
2247 2377 2296 2428 5.
2336 2373 2486 2428 Dicit
2516 2404 2583 2412 —
2612 2373 2764 2428 scire
2789 2373 2817 2428 ?
2842 2371 3097 2428 Putabat
3149 2387 3410 2443 namque
3451 2370 3636 2427 sensi-

1982 2458 2164 2514 bilem
2207 2460 2468 2531 aliquem
2526 2460 2727 2515 locum
2781 2476 2936 2524 esse,
2977 2476 3093 2532 quo
3121 2461 3248 2524 iret,
3303 2465 3360 2516 et
3419 2459 3630 2517 eodem

1984 2548 2168 2603 modo
2195 2549 2350 2604 viam
2383 2565 2512 2604 esse
2552 2549 2826 2606 similem.

2061 2639 2276 2692 Vers.6.
2309 2638 2415 2692 Ait
2437 2669 2502 2678 -—
2520 2638 2660 2694 vita.
2688 2639 2794 2694 Via
2819 2637 3082 2710 quidem,
3110 2639 3249 2712 quia
3268 2653 3374 2711 per
3391 2655 3487 2695 me
3506 2653 3638 2709 gra-

1984 2725 2215 2791 dimini;
2272 2727 2488 2782 veritas
2541 2731 2764 2790 autem,
2818 2727 2963 2799 quia
3009 2743 3146 2784 vera
3201 2727 3436 2800 loquor,
3481 2733 3537 2784 et
3565 2743 3638 2784 ea

1983 2813 2368 2869 infallibiliter
2399 2826 2592 2881 erunt;
2626 2816 2746 2872 vita
2775 2833 2935 2883 vero,
2973 2818 3114 2889 quia
3164 2818 3339 2874 morti
3392 2833 3638 2890 quoque

1985 2903 2273 2958 dominor.
2331 2904 2389 2960 Si
2439 2920 2582 2974 ergo
2630 2920 2742 2975 ego
2793 2905 2890 2962 via
2957 2923 3111 2972 sum,
3168 2907 3387 2963 ducam
3436 2907 3638 2978 utique

1986 3008 2106 3058 vos;
2141 2993 2187 3047 si
2231 2994 2406 3049 etiam
2466 2993 2708 3060 veritas,
2759 3009 2883 3050 non
2937 2996 3237 3064 mentior;
3271 2995 3436 3069 quod
3487 2995 3536 3051 si
3583 3000 3640 3051 et

1984 3082 2126 3147 vita,
2159 3098 2354 3155 neque
2385 3099 2546 3139 mors
2573 3100 2680 3140 vos
2710 3099 2745 3140 a
2776 3100 2872 3140 me
2904 3085 3219 3156 separabit.

2059 3172 2216 3226 Vers.
2257 3178 2308 3227 6.
2353 3174 2535 3229 Nemo
2572 3204 2640 3213 —
2669 3188 2778 3230 me.
2829 3175 2992 3230 Nono
3045 3189 3181 3230 vero
3229 3175 3421 3248 capite
3451 3175 3634 3233 dixit:

1987 3260 2170 3316 Nemo
2196 3266 2387 3330 potest
2418 3262 2613 3318 venire
2675 3262 2756 3317 ad
2797 3277 2906 3328 nae,
2956 3262 3071 3318 nisi
3098 3263 3296 3330 Pater,
3329 3264 3430 3335 qui
3487 3264 3639 3318 misit

1989 3366 2098 3414 me,
2149 3351 2409 3407 traxerit
2466 3367 2597 3407 eum
2648 3351 2738 3405 δτι
2787 3350 2881 3406 ille
2936 3351 3236 3423 siquidem
3293 3351 3490 3418 trahit,
3541 3352 3636 3409 hic

1989 3445 2189 3495 autem
2245 3441 2406 3496 ducit
2461 3445 2518 3497 et
2547 3440 2729 3496 ambo
2779 3448 3177 3512 cooperantur
3216 3440 3293 3497 ad
3325 3442 3639 3498 hominum

1991 3529 2270 3584 salutem.

2061 3619 2220 3673 Vers.
2278 3620 2330 3672 7.
2388 3619 2549 3674 Si—
2603 3620 2809 3690 utique
2864 3617 3290 3690 cognovissetis.
3352 3619 3640 3692 Superius

1991 3708 2238 3780 quidem
2287 3707 2492 3764 dicens
2526 3708 2783 3779 :thuo
2830 3723 2934 3778 ego
2967 3709 3118 3764 vado
3176 3708 3356 3777 scitis,
3386 3715 3441 3764 et
3481 3710 3640 3766 viam

1991 3799 2152 3854 scitis
2210 3797 2277 3864 ⁸⁸,
2331 3797 2706 3865 signiﬁcavit,
2736 3797 2900 3869 quod
2959 3802 3011 3853 et
3042 3797 3274 3853 Patrem
3333 3801 3392 3854 et
3435 3813 3496 3853 se
3547 3815 3642 3854 co-

1991 3891 2368 3960 gnoscerent.
2419 3888 2519 3942 Hic
2545 3891 2746 3942 autem
2797 3886 3082 3956 adjiciens
3117 3904 3130 3942 :
3160 3888 3231 3943 Si
3269 3889 3642 3958 cognovisse-

1993 3977 2068 4031 tis
2098 3991 2206 4039 me,
2256 3978 2310 4031 et
2337 3975 2563 4030 Patrem
2597 3991 2788 4030 meum
2841 3976 3044 4047 utique
3082 3976 3507 4045 cognovissetis,
3549 3991 3643 4033 os-

1992 4065 2194 4128 tendit,
2235 4064 2400 4135 quod
2433 4068 2488 4119 et
2526 4080 2587 4118 se
2639 4069 2694 4119 et
2747 4067 2975 4120 Patrem
3016 4064 3380 4133 ignorarent.
3431 4065 3495 4119 Id
3540 4081 3644 4121 au-

1992 4158 2112 4208 tem
2140 4152 2339 4208 multis
2385 4152 2442 4207 in
2495 4152 2639 4208 locis
2691 4153 2880 4208 facit:
2933 4169 3073 4208 nam
3131 4153 3276 4226 quia
3319 4159 3643 4228 utrumque

1993 4241 2456 4312 cognoscebant,
2511 4247 2570 4297 at
2618 4257 2760 4307 non,
2813 4247 2872 4296 ut
2912 4241 3309 4299 conveniebat
3357 4243 3644 4314 (postmo-

1993 4330 2140 4385 dum
2197 4333 2358 4385 enim
2409 4329 2782 4386 descendens
2834 4330 3082 4401 Spiritus
3140 4334 3405 4397 sanctus,
3457 4330 3642 4402 perfe-

1993 4425 2149 4475 ctam
2179 4419 2262 4474 eis
2293 4419 2545 4490 praebuit
2575 4418 3027 4489 cognitionem),
3071 4418 3370 4474 interdum
3401 4419 3642 4489 quidem

1995 4509 2156 4576 dicit,
2207 4507 2372 4581 quod
2430 4513 2819 4577 cognoscunt,
2880 4508 3024 4579 quia
3078 4513 3383 4579 utcunque
3424 4522 3645 4576 cogno-

1998 4603 2169 4656 scunt
2200 4616 2212 4652 :
2242 4596 2604 4670 quandoque
2644 4613 2803 4664 vero,
2871 4596 3032 4668 quod
3075 4611 3196 4652 non
3248 4598 3641 4664 cognoscunt,

1996 4693 2138 4762 quia
2167 4707 2308 4756 non,
2343 4698 2404 4745 ut
2429 4691 2675 4762 oportet,
2717 4691 3106 4755 cognoscunt.
3139 4688 3303 4742 Nunc
3338 4701 3478 4741 vero
3517 4684 3597 4741 ait
3629 4702 3643 4741 :

1998 4784 2066 4838 Si
2095 4778 2491 4851 cognovissetis
2519 4791 2625 4842 me,
2654 4781 2718 4830 ut
2775 4779 3021 4845 Oportet,
3055 4773 3190 4847 quis
3246 4773 3382 4838 sim,
3444 4789 3644 4846 quan-

2000 4879 2118 4928 tum
2157 4869 2234 4924 ad
2286 4866 2665 4930 intellectum,
2717 4869 2768 4921 et
2795 4865 3029 4920 Patrem
3072 4878 3262 4918 meum
3319 4861 3515 4933 utique
3553 4878 3646 4918 co-

1993 4958 2317 5032 gnovissetis
2350 4975 2363 5024 ;
2394 4971 2530 5011 nam
2559 4970 2695 5009 cum
2753 4952 2893 5008 mihi
2925 4951 3002 5007 sit
3051 4950 3320 5023 aequalis,
3387 4954 3446 5006 et
3475 4965 3513 5006 a
3549 4966 3645 5006 me

1994 5045 2428 5120 inseparabilis,
2451 5043 2552 5116 qui
2581 5059 2675 5099 me
2698 5040 2993 5112 cognovit,
3017 5041 3319 5096 etPatrem
3346 5038 3642 5109 cognovit.

2065 5138 2226 5192 Vers.
2284 5142 2337 5191 7.
2396 5134 2474 5190 Et
2533 5164 2602 5174 —
2675 5147 2822 5189 eum.
2888 5131 3033 5186 Cum
3099 5145 3196 5185 me
3251 5127 3641 5200 cognoscatis,

1995 5241 2349 5301 quanquam
2408 5238 2524 5279 non
2576 5226 2641 5278 ut
2690 5223 2943 5292 oportet,
3000 5233 3380 5291 consequens
3431 5223 3522 5274 est
3582 5221 3648 5275 ut

1996 5321 2052 5373 et
2080 5317 2268 5388 ipsum
2300 5313 2564 5371 similiter
2593 5309 2992 5383 cognoscatis.

1509 5631 1731 5700 Variae
1765 5629 2091 5699 lectiones
2133 5637 2199 5696 et
2229 5634 2430 5696 notae.

364 5772 439 5843 (-i)
479 5772 598 5826 Ὀτι
629 5773 798 5831 abest
827 5775 886 5829 Β.

2065 5773 2144 5846 (5)
2174 5774 2274 5826 Καὶ
2307 5771 2540 5832 videtur
2565 5770 2879 5830 excidisse.
