4130 6320
547 357 688 418 1395
1869 348 2216 410 EUTHYMI]

2346 349 2603 408 GABENI

621 484 1082 559 Chrysostomus
1140 495 1299 549 vero,
1350 477 1705 553 Cognoscetis
1768 476 2196 549 interpretatur,
2229 475 2276 528 Δ

549 580 715 650 puta,
782 590 903 630 non
957 577 1088 646 post
1169 571 1427 628 multum
1486 574 1741 643 tempus,
1828 566 2202 640 cognoscetis

3820 362 3991 421 1396

2383 476 2444 532 Ὀ
2536 475 2595 533 δε
2668 484 3048 557 Χρυσὸστομος
3121 484 3199 559 (6)
3266 489 3537 541 Γνὼσεσθε
3645 488 3991 563 ἑρμηνεῖ-ὑεῖ

2317 570 2478 640 ἤγουν
2547 571 2666 622 ὅσον
2714 574 2856 623 οὔπω
2911 577 3171 645 γνώσεσθε
3240 577 3412 644 αὐτὸν,
3490 580 3563 640 ὡς
3630 598 3990 654 προσηκον,

550 680 690 722 eum
754 668 816 720 ut
852 665 1099 734 oportet,
1132 661 1237 716 ubi
1266 675 1442 732 super
1492 674 1601 715 vos
1653 657 1895 729 Spiritus
1957 659 2202 712 sanctus

551 751 944 812 descenderit.

624 842 790 897 Vers.
850 841 908 898 7.
968 840 1045 895 Et
1115 837 1338 895 vidistis
1398 854 1549 894 eum.
1613 835 1800 892 Etiam
1872 833 2202 907 potentiam

554 932 683 999 ejus
735 930 958 986 vidistis
1016 944 1123 1000 per
1184 943 1377 983 meam
1429 926 1782 999 potentiam,
1844 940 1946 995 per
2002 923 2207 978 divina

555 1022 749 1094 signa,
782 1037 917 1095 quae
963 1019 1120 1075 dedi.
1177 1020 1324 1074 Nam
1384 1034 1518 1088 quae
1578 1032 1690 1088 ego
1745 1031 2018 1088 possum,
2076 1014 2207 1069 haec

557 1117 615 1168 et
642 1111 757 1167 ille.

629 1202 785 1256 Vers.
817 1202 870 1256 8.
902 1198 1054 1255 Dicit
1082 1228 1146 1238 —
1175 1196 1355 1253 nobis.
1398 1227 1451 1236 —
1498 1196 1576 1252 Et
1641 1194 1866 1265 sufﬁcit
1915 1192 2093 1257 vobis,
2147 1195 2210 1247 ut

560 1290 666 1362 qui
691 1289 893 1361 tejam
923 1292 1099 1343 antea
1128 1285 1541 1356 cognovimus.
1601 1284 1751 1351 Quia
1796 1298 1936 1353 ergo
1992 1280 2212 1355 quaesi-

561 1378 646 1434 vit
686 1392 862 1434 nosse
924 1376 1176 1441 Patrem,
1230 1374 1495 1431 ostendit
1537 1372 1801 1430 Christus
1854 1371 2010 1444 quod
2071 1385 2209 1426 eum

560 1466 688 1539 jam
720 1471 940 1522 nosset.

636 1556 799 1611 Vers.
830 1556 885 1611 9.
912 1556 1012 1611 Ait
1040 1586 1107 1595 —
1135 1554 1417 1624 Philippe
1438 1551 1465 1607 7
1498 1551 1982 1624 lnterrogationis
2013 1564 2211 1606 sermo

565 1649 655 1701 est
686 1667 696 1698 :
733 1646 920 1702 Tanto
951 1650 1211 1714 tempore
1258 1643 1553 1700 vobiscum
1604 1658 1752 1705 sum,
1809 1641 2014 1697 divina
2043 1640 2216 1711 signa

567 1748 849 1806 operans,
882 1739 935 1789 et
964 1732 1039 1789 ab
1101 1732 1195 1789 his
1252 1748 1371 1788 non
1414 1731 1742 1802 cognovisti
1772 1746 1887 1796 me,
1929 1730 2064 1802 quis
2101 1727 2214 1783 sim

2317 656 2747 730 ἐπιφοιτήσαντος
2776 662 2898 733 ὑμῖν
2922 670 3013 714 τοῦ
3045 663 3197 737 ἁγίου
3238 669 3559 739 Πνεὺματος.

2391 841 2492 890 Καὶ
2556 837 2812 913 ἑωράκατε
2868 841 3044 909 αὐτόν,
3100 846 3201 895 Καὶ
3262 842 3522 918 ἑωράκατε
3596 849 3702 903 τὴν
3786 844 3983 898 δῦναι

2319 946 2405 998 μιν
2436 926 2595 979 αὐτοῦ
2626 924 2720 980 διὰ
2744 936 2839 991 τῆς
2869 928 2992 1002 ἐμῆς
3038 927 3323 1004 δυνάμεως,
3356 930 3450 985 διὰ
3478 942 3578 985 τῶν
3627 936 3975 1008 Georgii-:5»

2321 1020 2548 1088 σημείων
2597 1017 2664 1068 ὧν
2713 1017 2959 1077 ἐποίησα.
3022 1026 3081 1072 Ἀ
3130 1022 3233 1095 γὰρ
3286 1020 3385 1093 ἐγὼ
3444 1019 3706 1096 δύναμαι,
3770 1033 3977 1076 ταῦτα

2320 1103 2573 1167 κάκεῖνος.

2399 1199 2545 1267 Λέγει
2590 1226 2659 1235 -
2689 1197 2832 1267 ἡμῖν.
2883 1228 2953 1236 -
3014 1204 3113 1252 Καὶ
3156 1196 3306 1272 ἀρκεῖ
3355 1202 3499 1272 ἡμῖν,
3555 1203 3627 1262 ὡς
3687 1205 3752 1255 σὲ
3832 1207 3971 1263 τέως

2324 1282 2623 1355 ἐγνωκόσιν.
2692 1284 2834 1339 Ἐπεὶ
2884 1283 2971 1338 οὖν
3024 1285 3249 1351 ἐζήτησε
3300 1298 3491 1360 γνῶναι
3541 1293 3629 1342 τὸν
3698 1296 3967 1365 Πατέρα,

2327 1370 2586 1427 δείκνυσιν
2617 1375 2642 1426 ὁ
2667 1379 2898 1448 Χριστὸς
2923 1378 3003 1429 ὃτι
3032 1372 3170 1430 οἶδεν
3200 1377 3370 1432 αὐτόν.

2399 1557 2551 1625 Λέγει
2602 1586 2671 1595 —
2718 1554 2968 1625 Φίλητπῆ
3026 1556 3151 1610 Κατ’
3205 1557 3458 1633 ἐρώτησιν
3511 1559 3538 1611 ὁ
3599 1558 3783 1631 λόγος.
3860 1569 3977 1615 Το-

2330 1651 2515 1696 σοῦτον
2573 1649 2765 1718 χρόνον
2833 1647 2948 1718 μεθ’
3033 1648 3174 1720 ὑμῶν
3237 1648 3365 1715 εἶμι,
3461 1650 3786 1723 amnium;
3874 1653 3976 1727 ἐρ’

2326 1736 2632 1806 γαζόμενος,
2682 1740 2770 1788 καὶ
2810 1735 2902 1787 οὐκ
2933 1738 3159 1807 ἔγνωκάς
3199 1756 3263 1810 με
3293 1736 3394 1789 ἀπὸ
3432 1741 3649 1803 τούτων,
3700 1745 3793 1802 τίς
3851 1742 3978 1814 εἰμι

566 1823 854 1894 dignitate
885 1830 941 1878 et
978 1823 1242 1895 potentia
1269 1823 1296 1878 ?
1353 1821 1514 1894 quod
1574 1824 1725 1877 Deus
1780 1820 2163 1891 omnipotens
2189 1816 2216 1870 ?

2340 1827 2422 1880 τὴν
2460 1822 2607 1886 ἀξίαν
2650 1828 2737 1876 καὶ
2765 1828 2858 1882 τὴν
2909 1821 3168 1898 dmi-mgis;
3218 1829 3299 1879 ὅτι
3329 1831 3454 1889 Θεὸς
3500 1826 3971 1903 παντοδύνοιξιος.

570 1915 725 1969 Sane
762 1913 1012 1969 omnino
1043 1910 1372 1981 cognovisti
1406 1927 1521 1975 me,
1553 1915 1610 1966 et
1661 1923 2040 1981 consequens
2071 1921 2214 1977 ergo

567 2005 674 2068 est,
716 2004 781 2057 ut
828 2007 883 2057 et
934 2000 1169 2056 Patrem
1221 1999 1621 2072 cognoveris;
1678 2013 1821 2054 nam
1874 1997 2076 2067 imago
2107 2010 2214 2069 per

568 2089 772 2146 omnia
793 2089 998 2146 similis
1029 2105 1163 2145 sum
1189 2104 1300 2158 ego
1330 2088 1541 2144 Patris.

637 2181 799 2235 Vers.
834 2179 887 2236 9.
916 2179 1027 2245 Qui
1062 2210 1131 2218 —
1157 2180 1422 2234 Patrem.
1497 2176 1607 2244 Qui
1652 2190 1851 2231 meam
1935 2172 2214 2245 cognovit

566 2268 921 2339 dignitatem
996 2271 1054 2324 et
1138 2266 1487 2340 potentiam,
1573 2264 1851 2335 cognovit
1914 2270 1970 2320 et
2029 2262 2214 2319 Patris

566 2358 911 2429 dignitatem
969 2373 1038 2413 ac
1087 2357 1417 2430 potentiam
1489 2375 1501 2415 :
1546 2370 1755 2411 sumus
1805 2368 2071 2425 namque
2115 2368 2217 2424 per

566 2448 772 2504 omnia
801 2447 1044 2513 similes,
1073 2451 1130 2503 et
1176 2462 1332 2502 unus
1386 2460 1492 2519 per
1548 2444 1799 2502 alterum
1833 2447 2041 2499 mutuo
2075 2457 2212 2512 cog-

564 2536 795 2592 noscim
806 2551 873 2590 ur
885 2580 898 2592 .

634 2626 798 2682 Vers.
827 2629 879 2681 9.
914 2624 995 2680 Et
1040 2655 1109 2665 --
1138 2626 1376 2680 Patrem
1426 2622 1457 2678 ?
1480 2622 1797 2689 Quomodo
1852 2635 2216 2692 cognoscere

563 2716 753 2788 cupis,
784 2728 964 2789 quem
1003 2714 1121 2785 jam
1154 2712 1487 2784 cognovisti
1534 2711 1563 2768 ‘I
1620 2709 1928 2785 quomodo
1971 2710 2215 2784 quasris,

563 2804 729 2879 quod
757 2804 965 2860 habes.
996 2804 1025 2859 ?

635 2893 1017 2965 Alioquoque
1045 2891 1225 2947 modo
1246 2889 1655 2960 intelliguntur
1679 2888 1808 2944 haec
1830 2887 2033 2954 verba,
2056 2887 2214 2960 quod

561 2982 867 3055 quaerebat
888 2979 1189 3052 Philippus
1206 2980 1406 3035 videre
1426 2979 1658 3034 Patrem
1674 2975 2056 3033 sensibilibus
2075 2992 2216 3032 ocu-

560 3070 651 3141 lis,
687 3070 937 3127 audiens
979 3068 1244 3125 fortassis
1283 3083 1318 3123 a
1370 3066 1573 3123 multis
1626 3066 1968 3139 frequenter
2016 3065 2212 3120 visum

2327 1918 2431 1965 Ναὶ
2461 1914 2658 1974 πάντως
2705 1915 2923 1985 ἔγνωκάς
2974 1934 3069 1987 με·
3129 1920 3220 1968 καὶ
3270 1915 3315 1968 εἰ
3345 1919 3573 1988 ἔγνωκάς
3621 1937 3712 1991 με,
3754 1919 3971 1973 λοιπὸν

2327 2003 2553 2073 ἔγνωκας
2586 2005 2667 2054 τὸν
2698 2007 2903 2076 Πατέρα
2928 2021 2938 2033 ·
2972 2003 3117 2056 εἰκὼν
3147 2006 3248 2080 γὰρ
3278 2005 3681 2078 ἀπαράλλακτος
3709 2006 3824 2079 ἐγὼ
3864 2019 3968 2061 τοῦ

2329 2094 2550 2165 Πατρός.

2396 2179 2455 2232 Ὀ
2470 2211 2539 2219 -
2562 2184 2785 2253 Πατέρα.
2807 2180 2866 2233 Ὀ
2888 2179 3121 2253 ἐγνωκὼς
3139 2187 3226 2241 τὴν
3250 2181 3375 2255 ἐμὴν
3399 2181 3547 2246 ἀξίαν
3568 2190 3661 2238 καὶ
3686 2180 3964 2260 δύναμιν,

2328 2271 2514 2340 ἔγνωκε
2534 2274 2627 2328 τὴν
2656 2278 2747 2322 τοῦ
2780 2275 2978 2345 Πατρός
3003 2288 3016 2301 ⁸
3063 2270 3453 2347 ἀπαράλλακτοι
3480 2275 3582 2349 γὰρ
3625 2276 3818 2346 ἡμεῖς,
3868 2282 3964 2328 καὶ

2330 2355 2401 2412 δι’
2430 2357 2659 2418 ἀλλήλων
2689 2361 3081 2433 γνωριζόμενοι.

2403 2613 2501 2662 Καὶ
2542 2640 2611 2649 --
2642 2613 2884 2683 Πατέρα;
2945 2615 3060 2671 Πῶς
3115 2607 3273 2670 θέλεις
3318 2617 3513 2682 γνῶναι
3555 2610 3611 2663 ὃν
3660 2614 3955 2684 ἔγνωκας

2328 2706 2435 2759 πῶς
2460 2698 2631 2761 ζητεῖς
2656 2699 2683 2752 ὃ
2712 2700 2856 2771 ἔχεις
2879 2715 2892 2766 ;

2397 2882 2653 2929 Νοοῦνται
2715 2873 2774 2930 δὲ
2838 2881 2921 2929 καὶ
2989 2877 3166 2950 ἑτέρως
3232 2879 3298 2929 τὰ
3351 2878 3508 2952 ῥητὰ,
3576 2879 3659 2929 ὅτι
3716 2877 3943 2939 ὶζέτησε

2328 2968 2417 3038 μὶν
2479 2967 2505 3017 ὁ
2563 2965 2816 3028 Φίλιππος
2861 2963 2991 3019 ἰδεῖν
3048 2969 3134 3018 τὸν
3204 2970 3411 3039 Πατέρα
3480 2973 3587 3028 τοῖς
3656 2966 3934 3026 αἰσθητοῖς

2329 3053 2630 3127 ὀφθαλμοῖς,
2685 3058 2815 3116 ἴσως
2868 3052 3066 3107 ἀκούων
3123 3056 3377 3128 ὁραθῆναι
3428 3054 3636 3118 πολλοῖς
3695 3056 3926 3115 milhi;

560 3175 690 3217 esse
730 3158 1053 3232 prophetis,
1092 3157 1286 3230 specie
1335 3172 1405 3213 ac
1448 3156 1643 3225 ﬁgura
1684 3155 1968 3220 humana,
2023 3152 2215 3210 addit-

2340 3153 2426 3196 τῶν
2490 3153 2763 3220 προφητῶν
2834 3143 2881 3196 ἐν
2945 3143 3243 3218 ἀνθρωπίνῳ
3307 3141 3434 3198 εἴδει
3500 3149 3593 3197 καὶ
3660 3152 3935 3219 σχήματι.

560 3265 673 3323 que
705 3266 718 3304 :
752 3249 829 3305 Et
859 3248 1084 3318 sufﬁcit
1114 3246 1301 3314 nobis,
1334 3250 1395 3302 ut
1434 3244 1527 3318 qui
1578 3244 1776 3317 ipsum
1831 3243 2038 3299 Filium
2082 3243 2212 3314 jam

556 3338 781 3395 videret
804 3353 874 3392 ac
902 3339 1122 3392 nosset.
1182 3334 1440 3391 Christus
1483 3338 1685 3390 autem
1728 3333 2001 3399 ostendit,
2047 3332 2209 3404 quod

558 3443 753 3500 neque
775 3442 838 3482 se
856 3426 1090 3483 vidisset
1106 3440 1298 3498 neque
1317 3428 1517 3479 nosset
1535 3423 1867 3479 secundum
1890 3421 2209 3477 divinitatis

558 3521 858 3573 naturam.
898 3514 1045 3571 Dicit
1068 3529 1211 3583 ergo
1242 3513 1294 3569 ei
1321 3513 1554 3586 prolata
1573 3512 1843 3582 negative
1870 3511 2162 3567 sententia
2194 3525 2205 3563 :

567 3606 755 3661 Tanto
782 3610 1043 3673 tempore
1066 3603 1361 3659 vobiscum
1387 3618 1512 3658 sum
1539 3606 1594 3658 et
1616 3616 1733 3657 non
1761 3600 2076 3672 cognovisti
2098 3614 2208 3666 me,

560 3693 842 3762 Philippe
873 3708 887 3758 ;
917 3707 1056 3746 nam
1086 3689 1291 3746 divina
1337 3695 1553 3747 natura
1599 3689 1782 3745 videri
1830 3705 1942 3744 non
1994 3692 2207 3760 potest,

560 3799 671 3841 nec
713 3781 1013 3853 cognosci.
1063 3782 1174 3848 Qui
1201 3780 1344 3839 vidit
1371 3795 1482 3848 me,
1523 3779 1672 3836 vidit
1700 3786 1755 3835 et
1799 3780 2031 3835 Patrem
2063 3796 2081 3843 ;
2109 3777 2212 3849 qui

559 3886 700 3928 vero
731 3886 827 3926 me
853 3870 1051 3925 videre
1078 3885 1200 3925 non
1228 3873 1441 3942 potest,
1494 3883 1690 3940 neque
1738 3867 1970 3923 Patrem
2011 3865 2211 3921 videre

560 3964 775 4033 potest.
811 3963 873 4015 Et
901 3958 1209 4031 quomodo
1252 3964 1309 4013 tu
1336 3958 1487 4012 dlClS
1524 3977 1535 4016 :
1583 3957 1830 4013 Ostende
1878 3956 2043 4012 nobis
2107 3956 2217 4011 Pa-

564 4056 734 4115 trem,
767 4065 902 4104 cum
936 4063 1044 4102 nec
1071 4062 1165 4102 me
1192 4046 1430 4105 videris.
1460 4061 1569 4101 nec
1609 4047 1980 4115 cognoveris,
2023 4059 2214 4117 quan—

563 4152 750 4210 quam
777 4140 830 4192 te
865 4135 1129 4205 Opinaris
1155 4139 1209 4190 et
1236 4134 1457 4189 vidisse
1489 4140 1542 4189 et
1571 4133 1925 4204 cognovisse
1956 4149 2048 4188 me
2083 4132 2111 4187 ?

639 4225 800 4278 Vers.
829 4223 914 4277 10.
960 4223 1095 4278 Νοη
1147 4253 1212 4262 -
1245 4221 1385 4278 est?
1434 4221 1600 4287 Quod
1657 4227 1864 4277 mutuo
1916 4237 2070 4277 unus
2114 4237 2220 4293 per

569 4312 819 4370 alterum
859 4309 1286 4381 cognoscimur
1323 4315 1613 4383 tanquam
1670 4310 1921 4365 omnino
1970 4311 2216 4367 similes.

571 4404 780 4469 Quaere
834 4405 1035 4458 autem
1095 4399 1250 4456 circa
1310 4398 1490 4454 ﬁnem
1554 4398 1769 4454 decimi
1839 4400 2051 4472 capitis
2122 4401 2224 4457 ubi

572 4491 789 4548 dicitur
838 4507 851 4548 :
920 4490 993 4547 Ut
1049 4489 1412 4560 cognoscatis
1464 4497 1516 4544 et
1573 4488 1848 4557 credatis,
1905 4490 2060 4561 quod
2113 4491 2220 4545 Pa-

576 4587 661 4638 ter
684 4582 748 4637 in
777 4596 863 4638 me
899 4586 1003 4646 est,
1030 4584 1083 4636 et
1115 4594 1219 4651 ego
1268 4579 1332 4635 in
1389 4593 1452 4636 eo
1484 4579 1552 4643 ⁸ο,
1603 4582 1662 4634 et
1710 4578 1839 4651 lege
1889 4580 2016 4651 ejus
2049 4595 2222 4635 enar-

575 4669 888 4728 rationem.

651 4759 809 4813 Vers.
848 4760 928 4812 to.
984 4755 1173 4813 Verba
1206 4788 1263 4799 —
1302 4757 1532 4828 loquor.
1587 4756 1699 4813 Sed
1726 4773 1762 4812 a
1802 4757 1973 4813 Patre
2019 4775 2032 4813 :
2066 4757 2226 4829 quod

580 4848 627 4902 si
670 4862 705 4901 ο.
738 4846 925 4915 Patre,
967 4845 1224 4917 utiquea
1266 4845 1495 4917 meipso
1524 4861 1536 4911 ;
1576 4861 1720 4902 nam
1742 4861 1879 4918 quae
1916 4862 2047 4902 mea
2068 4851 2226 4914 sunt,

582 4935 759 4991 etiam
792 4933 949 4990 illius
985 4938 1125 4989 sunt
1158 4950 1172 5000 ;
1213 4940 1269 4989 et
1306 4949 1443 5004 quae
1483 4933 1659 4999 illius,
1707 4935 1882 4990 etiam
1922 4951 2046 4990 mea
2069 4939 2226 4991 sunt.

585 5023 799 5081 Omnia
838 5021 1129 5095 siquidem
1174 5022 1523 5079 communia.
1565 5033 1623 5078 et
1656 5022 1913 5096 aequalia
1968 5024 2229 5095 posside-

586 5129 742 5168 mus.
812 5111 1024 5169 Dicens
1063 5116 1262 5168 autem
1300 5109 1373 5167 de
1420 5113 1818 5184 sermonibus,
1873 5112 2015 5170 dicit
2052 5113 2233 5172 etiam

586 5201 662 5258 de
710 5198 1007 5275 operibus.

660 5323 708 5360 "
737 5322 906 5381 Joan.
954 5338 1013 5390 ι.
1048 5324 1136 5378 38.

2256 4542 2304 4599 D

2332 3238 2426 3288 Καὶ
2490 3236 2809 3306 προσέθηκεν
2869 3236 2948 3286 ὃτι
3017 3239 3117 3287 Καὶ
3196 3232 3344 3308 ἀρκεῖ
3410 3236 3555 3307 ἡμῖν,
3635 3236 3711 3296 ὡς
3784 3236 3943 3287 αὐτὸν

2328 3326 2454 3385 τέως
2493 3325 2622 3397 ὁρῶν
2651 3328 2741 3375 καὶ
2772 3320 2944 3384 εἰδώς.
2991 3328 3229 3376 Δείκνυσι
3259 3320 3319 3376 δὲ
3361 3325 3387 3374 ὁ
3420 3327 3651 3396 Χριστὸς
3697 3326 3782 3376 ὅτι
3821 3329 3944 3378 οὔτε
4034 3356 4041 3359 -

2327 3413 2481 3465 αὐτὸν
2512 3407 2644 3465 εἶδεν
2692 3408 2817 3464 add":
2864 3408 2976 3465 οἶδε
3021 3415 3158 3464 κατά
3212 3416 3305 3471 τὴν
3337 3414 3492 3484 φύσιν
3522 3421 3619 3473 τῆς
3666 3414 3942 3476 θεότητος.

2326 3506 2478 3571 Λέγει
2535 3498 2622 3554 οὖν
2671 3501 2812 3571 αὐτῷ
2869 3503 3005 3553 κατὰ
3062 3498 3359 3574 ἀπόφασιν⁸
3423 3508 3683 3553 Τοσοῦτον
3739 3510 3945 3577 χρόνον

2322 3592 2434 3665 μεθ’
2502 3592 2644 3663 ὑμῶν
2728 3591 2853 3664 εἰμι,
2917 3596 3008 3643 καὶ
3068 3590 3163 3643 οὐκ
3231 3593 3457 3660 ἔγνωκάς
3528 3609 3611 3662 με,
3685 3592 3946 3648 thiam-1.

2343 3683 2567 3741 Αθέατος
2607 3682 2708 3754 γὰρ
2750 3682 2780 3738 ἡ
2840 3682 2954 3732 θεία
3014 3682 3171 3752 φύσις
3235 3685 3325 3732 καὶ
3384 3680 3810 3752 ᾶγνωστος.[“0
3867 3683 3949 3754 (7)

2323 3770 2561 3842 ἑωρακὼς
2615 3768 2701 3841 ἐμὲ
2761 3769 2953 3842 ἑώρακε
3008 3771 3095 3821 τὸν
3166 3773 3408 3842 Πατέρα·
3471 3769 3497 3820 ὁ
3551 3764 3610 3821 δὲ
3685 3769 3779 3841 ἐμὲ
3843 3779 3922 3842 μὴ

2325 3854 2605 3930 δυνάμενος
2673 3855 2800 3911 ἰδεῖν
2874 3853 2997 3910 οὐδε
3054 3861 3142 3909 τὸν
3205 3861 3416 3933 Πατέρα
3480 3853 3707 3909 δύναται
3782 3855 3943 3913 ἰδεῖν.

2326 3950 2428 3999 Καὶ
2475 3954 2580 4008 πῶς
2625 3950 2690 3999 σὺ
2743 3946 2927 4018 λέγεις,
2998 3946 3167 4009 Δεῖξον
3225 3947 3351 4019 ἡμῖν
3414 3950 3501 3998 τὸν
3558 3951 3793 4019 Πατέρα,
3855 3948 3945 4021 ἐμὲ

2326 4039 2397 4109 μὴ
2435 4032 2581 4102 ἰδὼν,
2613 4041 2745 4109 μήτε
2784 4039 2954 4106 γνοὺς,
3010 4036 3053 4088 εἰ
3096 4041 3185 4088 καὶ
3240 4033 3620 4108 ὑπολαμϐάνεις
3653 4031 3786 4089 ἰδεῖν
3847 4045 3941 4091 καὶ

2326 4128 2516 4198 ⁴γνῶναί
2541 4142 2604 4196 με
2628 4141 2640 4190 ;
2662 4124 2679 4195 ]

2401 4213 2476 4265 Οὐ
2509 4244 2574 4253 -
2614 4212 2791 4281 ἐστινς
2838 4212 2956 4266 Ὀτι
3006 4210 3080 4266 δι’
3131 4212 3363 4273 ἀλλήλων
3417 4213 3805 4286 γνωριζόμεθα,
3868 4218 3939 4277 ὡς

2331 4302 2739 4378 ἁπαροὲλλακτοι.
2782 4307 3022 4361 Ζήτησον
3060 4299 3119 4356 δε
3147 4306 3279 4378 πρὸς
3312 4310 3384 4374 τῷ
3438 4301 3567 4355 τέλει
3624 4310 3720 4355 τοῦ
3781 4301 3936 4358 δεκά-

2331 4411 2422 4444 του
2461 4391 2737 4464 κεφαλαίου
2768 4396 2825 4445 τό
2850 4412 2862 4424 ·
2914 4391 3024 4445 Ἱνα
3059 4400 3222 4463 γνῶτε
3259 4397 3350 4445 καὶ
3397 4394 3716 4450 πιστεύσητε
3761 4394 3845 4446 ὅτι
3889 4394 3934 4447 ἐν

2335 4480 2445 4554 ἐμοὶ
2501 4483 2527 4533 ὁ
2593 4486 2792 4554 Πατὴρ,
2853 4478 2999 4553 κάγὼ
3051 4479 3099 4532 ἄν
3150 4481 3324 4553 αὐτῷ·
3377 4486 3467 4533 καὶ
3528 4479 3793 4554 ἀνάγνωθι
3842 4491 3928 4543 τήν

2337 4571 2588 4643 ἐξήγησιν
2621 4570 2798 4625 αὐτοῦ.

2408 4752 2483 4801 Τὰ
2524 4747 2738 4823 ῥήματα
2766 4778 2833 4788 -—
2868 4747 3018 4801 λαλῶ.
3082 4746 3219 4801 Ἀλλ’
3269 4747 3369 4800 ἀπὸ
3425 4755 3516 4801 τοῦ
3557 4753 3783 4823 Πατρός.
3822 4753 3919 4799 Ral

2340 4838 2382 4892 εἰ
2413 4837 2512 4890 ἀπὸ
2551 4845 2643 4891 τοῦ
2680 4842 2902 4911 Πατρός,
2961 4839 3063 4910 ἄρα
3121 4835 3208 4889 ἀπ’
3269 4835 3630 4908 ἔμαυτοῡοτὰ
3683 4836 3787 4909 ἔρια
3834 4840 3926 4912 γὰρ

2340 4927 2551 4993 ἐκείνου,
2582 4933 2671 4980 καὶ
2710 4930 2774 4979 τὰ
2804 4926 2994 4979 ἐκείνου
3027 4926 3125 4999 ἐμοί
3149 4945 3160 4957 ·
3197 4927 3365 4977 πάντα
3391 4928 3493 4999 γὰρ
3537 4929 3689 4978 κοινὰ
3719 4933 3807 4979 καὶ
3846 4926 3933 4980 ἶσα

2339 5018 2646 5089 κεκτήμεθα.
2675 5016 2840 5070 Εἰπὼν
2863 5011 2921 5068 δὲ
2938 5019 3056 5090 περὶ
3080 5023 3181 5068 τῶν
3204 5013 3388 5087 λόγων,
3416 5013 3553 5087 λέγει
3577 5018 3668 5067 καὶ
3690 5020 3811 5089 περὶ
3844 5024 3937 5069 τῶν

2344 5110 2526 5183 ἔργὼν,

1819 5505 2036 5575 Variae
2065 5506 2392 5577 lectiones
2424 5513 2491 5574 et
2530 5513 2731 5573 notae.

667 5698 948 5782 (6).1:om.
994 5699 1135 5782 vui,
1177 5716 1235 5782 ρ.
1270 5701 1469 5782 esse.
1502 5702 1678 5782 necte
1724 5707 1925 5782 autem
1946 5666 2088 5759 dixit
2113 5703 2244 5782 Διλορ

593 5771 725 5829 loco
736 5771 1438 5844 interpretatur.Facilius
1450 5776 1606 5830 enim
1620 5775 2240 5848 eratitainterpretari.

2353 5704 2503 5772 Ergo
2545 5706 2767 5772 textum
2795 5698 3045 5772 mutavit
3074 5697 3557 5770 Chrysostomus.

2425 5771 2505 5846 (7)
2532 5771 2768 5828 inclusa
2788 5771 3008 5828 desunt
3035 5774 3102 5826 Α.
