4130 6320
312 344 339 400 1
349 343 452 400 397

1296 338 1668 396 COMMENT.
1711 338 1785 394 IN
1825 336 2177 395 ΙΙΟΑΝΝΕΜ.
2219 371 2290 382 -
2327 342 2476 398 CAP.
2521 343 2657 398 XIV.

3494 387 3496 390 ι
3542 346 3681 404 1398

378 468 436 522 Ὁ
469 465 526 522 δὲ
567 473 744 544 Πατὴρ
777 499 842 510 -
875 471 1019 544 ἔργα.
1074 470 1208 543 Πρός
1239 475 1310 539 τῷ
1337 466 1467 520 τέλει
1497 470 1586 540 μὲν
1627 473 1718 518 τοῦ
1756 465 1894 538 εἰρη-

2092 472 2252 526 Vers.
2320 474 2400 526 10.
2449 470 2629 526 Pater
2693 474 2892 526 autem
2958 500 3026 510 —
3100 484 3302 539 opera.
3345 469 3430 526 Ad
3486 469 3670 528 ﬁnem

307 563 459 632 μένου
501 559 777 630 κεφαλαίου
810 556 963 611 εἶπεν·
996 559 1054 612 Εἰ
1093 559 1150 611 οὐ
1179 567 1309 611 ποιῶ
1340 561 1404 610 τὰ
1435 561 1560 630 ἔργα
1585 563 1676 607 τοῦ
1706 556 1906 626 Πατρός

306 669 428 722 μου,
476 653 545 720 μὴ
583 652 850 701 πιστεύετέ
885 665 993 720 μοι·
1029 647 1245 700 ἐνταῦθα
1277 645 1335 699 δὲ
1365 647 1500 718 λέγει
1531 647 1610 698 ὅτι
1631 644 1690 697 Ὀ
1724 647 1902 713 Πατήρ

306 746 444 791 ποιεῖ
482 741 546 790 τα
583 741 730 813 ἔργα,
773 738 806 789 ἀ
832 737 1124 812 ἐργάζομαι
1165 734 1426 795 δηλονότι.
1465 740 1563 788 Καὶ
1591 739 1706 785 τότε
1731 729 1788 785 δὲ
1815 736 1904 782 καὶ

305 836 392 878 νῦν
421 831 479 879 τό
512 827 637 879 αύτό
691 827 938 899 ἐνέφηνεν,
1003 829 1083 878 ὅτι
1126 829 1190 878 τὰ
1241 829 1376 877 αὐτὰ
1413 828 1500 876 καὶ
1536 820 1785 876 δύνανται
1814 825 1903 872 καὶ

309 915 561 970 θελουσιν.
614 915 673 970 Ὀ
714 921 882 968 τοίνυν
943 921 1121 988 Πατὴρ
1173 914 1316 966 λαλεῖ
1355 918 1444 986 μὲν
1495 910 1589 965 διὰ
1621 919 1710 963 τοῦ
1756 911 1898 975 Υἰοῦ,

306 1008 369 1066 ὡς
397 1002 489 1058 διὰ
534 1001 701 1078 [ἰδίου
748 1006 823 1076 (8)
856 1004 1032 1076 λόγου·
1079 1003 1353 1077 ἐργάζεται
1395 999 1452 1055 δὲ
1483 998 1574 1054 διὰ
1605 1007 1694 1052 τοῦ
1753 1001 1897 1062 Υἰοῦ,

305 1096 375 1156 ὡς
425 1091 542 1166 δια]
593 1091 732 1155 ἰὸίας
770 1091 1057 1164 δυνάμεως.
1111 1097 1180 1146 T6
1229 1091 1287 1144 δὲ
1337 1091 1396 1144 Ὀ
1454 1090 1502 1142 ἐν
1562 1093 1675 1163 ἐμοὶ
1715 1093 1895 1161 μένων,

306 1181 416 1236 ἀντὶ
447 1192 556 1249 τοῦ,
597 1183 653 1235 Ὀ
695 1188 765 1256 μὴ
799 1187 1185 1256 κεχωρισμένος
1224 1186 1253 1240 ἦ
1299 1183 1324 1233 ό
1357 1177 1431 1234 δι’
1462 1179 1585 1252 ἐμοῦ
1624 1197 1897 1254 χαρακτη-

301 1273 584 1346 ριζόμενος.

374 1454 646 1504 Πιστεύετε
727 1483 796 1490 —
866 1450 1000 1524 ἐμοὶ.
1074 1452 1349 1503 Πιστεύετέ
1403 1468 1493 1521 μοι
1549 1447 1748 1519 λέγοντι
1815 1449 1895 1500 ὅτι

298 1538 396 1610 ἐγὼ
449 1538 496 1591 ἐν
543 1548 614 1610 τῷ
670 1545 856 1614 Πατρὶ,
912 1544 1000 1590 καὶ
1058 1541 1082 1590 ό
1148 1543 1327 1611 Πατὴρ
1393 1540 1442 1590 ἐν
1499 1536 1614 1609 ἐμοὶ
1677 1538 1893 1608 θεωρού-

293 1630 447 1700 μεθα.

366 1716 428 1768 Εἰ
485 1713 543 1769 δὲ
589 1723 659 1789 μὴ
726 1749 790 1757 -
848 1737 956 1790 μοι.
1010 1720 1069 1770 Εἰ
1125 1713 1182 1769 δὲ
1229 1721 1299 1789 μὴ
1361 1718 1628 1768 πιστεύετέ
1669 1733 1758 1786 μοι
1799 1709 1892 1765 διὰ

295 1808 416 1866 τοὺς
470 1805 654 1877 λόγους
699 1827 820 1879 μου,
872 1809 965 1858 κοίν
1017 1803 1110 1859 διὰ
1160 1808 1225 1858 τὰ
1274 1809 1400 1877 ἔργα
1443 1804 1575 1856 αὐτὰ
1622 1806 1890 1854 πιστεύετέ
1925 1818 1969 1870 Β

295 1913 404 1965 μοι,
469 1897 700 1969 ὑπερφυῆ
757 1901 845 1947 καὶ
915 1899 1167 1969 θεοπρεπῆ
1228 1900 1364 1948 ὄντα.
1431 1893 1556 1966 [Καὶ
1611 1897 1737 1964 πρὸς
1813 1891 1890 1962 (9)

296 1992 368 2052 τῲ
411 1984 538 2036 τέλει
593 1981 650 2036 δὲ
697 1987 887 2057 ὁμοίως
940 1992 1031 2037 τοῦ
1085 1980 1396 2044 δηλωθέντος
1427 1981 1703 2054 κεφαλαίου
1746 1983 1888 2053 εἴρη-

296 2090 396 2124 κεν·
475 2075 553 2124 ὅτι
625 2076 727 2127 Κοῖν
813 2073 924 2146 ἐμοὶ
998 2079 1068 2146 μὴ
1148 2076 1448 2141 πιστεύητε,
1535 2091 1644 2131 τοις
1724 2073 1890 2142 ἔργοις

295 2165 623 2218 πιστεύσατε.
664 2165 680 2235 ]

368 2251 531 2323 Ἀμὴν
591 2285 655 2292 -
734 2258 959 2312 ποιήσει.
1011 2251 1122 2304 Ούκ
1194 2250 1326 2304 εἶπεν
1385 2251 1461 2303 ὅτι
1514 2255 1613 2304 Καὶ
1677 2250 1891 2323 μείζονα

295 2341 361 2390 ὧν
411 2341 735 2414 εἰργασάμην
801 2338 1030 2413 δύναμαι
1087 2340 1433 2414 ἐργάσασθαι·
1489 2339 1598 2390 ἀλλ’
1653 2340 1678 2390 ὃ
1723 2337 1890 2409 πολλῷ

297 2431 736 2506 θαυμασιώτερον,
819 2433 898 2482 ὅτι
986 2436 1075 2484 καὶ
1152 2433 1336 2504 ἕτεροις
1426 2425 1582 2480 δώσω
1674 2437 1892 2479 τοιαῦτα

293 2517 627 2590 ἐργαζεσθαι·
700 2517 820 2574 Εἶτα
899 2522 1222 2594 προστίθησι
1288 2523 1376 2571 καὶ
1443 2521 1499 2569 τό
1557 2519 1632 2569 ἔτι
1689 2516 1887 2588 μεῖξον,

291 2607 449 2678 λέγων
461 2626 470 2637 '

369 2704 467 2750 Καὶ
525 2730 588 2739 -
635 2705 864 2757 ποιήσει.
924 2706 1086 2750 Τοῦτο
1137 2693 1195 2749 δὲ
1232 2705 1328 2757 τῆς
1373 2693 1640 2766 δυνάμεως
1679 2702 1770 2745 τοῦ
1810 2690 1892 2745 δε-

294 2783 524 2849 δωκότος
579 2787 717 2840 ἐστὶν
777 2784 1058 2848 ἀπόδειξις.
1120 2787 1177 2837 ού
1235 2793 1325 2846 τῆς
1372 2792 1461 2836 τοῦ
1502 2791 1789 2844 ποιοῦντος.
1849 2789 1890 2833 Ο

291 2877 392 2946 γαρ
443 2875 490 2926 ἐν
552 2885 622 2946 τῷ
677 2876 890 2947 ὀνόματι
941 2884 1032 2927 τοῦ
1091 2883 1326 2946 Χριστοῦ
1380 2877 1592 2946 μείζονα
1642 2881 1741 2924 τῶν
1799 2880 1889 2924 τοῦ

293 2969 526 3035 Χριστοῦ
579 2968 704 3037 ἔργα
747 2973 924 3030 ποιῶν,
976 2970 1068 3022 τήν
1115 2973 1206 3016 τού
1246 2971 1478 3036 Χριστοῦ
1521 2961 1741 3036 δύναμιν
1775 2960 1893 3013 ἀνα-

291 3059 558 3130 κηρύττει.

2018 560 2286 631 praedicti
2353 559 2556 631 capitis
2609 559 2889 629 dixit;Si
2939 574 3057 614 non
3103 559 3269 628 facio
3333 576 3510 632 Opera
3560 561 3672 618 Pa-

2017 652 2125 704 tris
2169 651 2301 713 mei,
2357 649 2539 706 nolite
2595 648 2827 705 credere
2879 648 3029 705 mihi
3089 651 3173 717 9°;
3220 649 3312 704 hic
3351 665 3487 706 vero
3537 651 3666 706 ait:

2016 742 2186 794 Pater
2213 738 2352 795 facit
2385 755 2591 811 opera,
2648 754 2786 810 quae
2833 737 3104 793 videlicet
3139 753 3250 806 ego
3302 754 3537 810 operor.
3602 742 3669 795 Et

2017 833 2154 884 tunc
2193 835 2413 894 autem,
2468 834 2522 882 et
2566 843 2725 882 nunc
2789 825 2950 882 idem
3008 827 3383 896 signiﬁcavit,
3447 843 3666 901 nempe

2011 919 2175 989 quod
2236 917 2447 973 eadem
2488 923 2544 972 et
2600 916 2824 988 possint
2894 921 2950 972 et
3019 916 3219 972 velint.
3284 916 3456 972 Pater
3519 933 3663 986 ergo

2011 1005 2272 1078 loquitur
2323 1022 2428 1078 per
2498 1005 2725 1069 Filium,
2809 1009 3097 1076 tanquam
3153 1021 3256 1077 per
3308 1021 3486 1061 suum
3544 1023 3664 1061 ser-

2010 1112 2302 1160 monem;
2360 1100 2634 1166 operatur
2691 1109 2828 1149 vero
2890 1109 2996 1166 per
3061 1094 3292 1160 Filium,
3366 1099 3657 1168 tanquam

2009 1200 2114 1256 per
2163 1201 2332 1240 suam
2382 1183 2737 1257 potentiam.
2792 1183 3081 1239 Praeterea
3128 1184 3191 1239 in
3253 1199 3344 1240 me
3389 1199 3655 1253 manens,

2005 1273 2120 1329 hoc
2174 1278 2279 1341 est,
2331 1290 2367 1330 a
2408 1289 2504 1329 me
2549 1289 2674 1329 non
2721 1277 3061 1344 separatus,
3095 1273 3184 1329 vel
3216 1288 3321 1346 per
3371 1289 3468 1329 me
3499 1272 3657 1329 desi-

2005 1367 2241 1432 gnatus.
3057 1423 3061 1427 .

2074 1453 2235 1506 Vers.
2274 1457 2356 1508 tl.
2412 1451 2642 1508 Credite
2683 1466 2890 1508 —me.
2942 1450 3171 1507 Credite
3219 1451 3365 1508 mihi
3440 1451 3655 1508 dicen-

2004 1540 2064 1608 ti,
2113 1543 2266 1614 quod
2311 1557 2422 1614 ego
2475 1541 2535 1596 in
2585 1541 2771 1604 Patre,
2861 1544 2917 1595 et
2991 1543 3158 1597 Pater
3223 1541 3278 1596 in
3347 1556 3442 1596 me
3510 1556 3650 1597 con-

2003 1629 2266 1700 spicitur.

2074 1720 2232 1774 Vers.
2290 1720 2370 1774 H.
2417 1718 2659 1790 Alioqui
2719 1749 2782 1758 -—
2816 1717 2983 1774 mihi.
3036 1717 3096 1773 Si
3153 1734 3296 1774 vero
3345 1733 3466 1774 non
3525 1733 3646 1774 cre-

2000 1807 2136 1862 ditis
2181 1809 2325 1864 mihi
2371 1812 2612 1879 propter
2663 1823 2971 1862 sermones
3022 1823 3210 1874 meos,
3270 1807 3363 1864 vel
3411 1812 3648 1880 pr0pter

1999 1912 2180 1968 Opera
2223 1897 2354 1967 ipsa
2396 1897 2616 1952 credite
2658 1896 2822 1960 mihi,
2868 1913 3004 1951 cum
3032 1895 3505 1967 supernaturalia
3530 1895 3648 1951 sint

1998 2001 2068 2041 ac
2113 1986 2331 2042 divina.
2392 1986 2670 2041 Similiter
2728 2000 2971 2058 quoque
3015 1985 3093 2040 ad
3153 1984 3334 2041 ﬁnem
3380 1984 3646 2058 praedicti

1999 2075 2204 2146 capitis
2235 2075 2381 2130 dixit
2434 2091 2445 2129 :
2508 2075 2672 2139 Quod
2718 2075 2766 2128 si
2816 2075 2966 2130 mihi
2995 2090 3113 2131 non
3145 2074 3406 2141 creditis,
3452 2073 3649 2145 operi-

2001 2163 2102 2218 bus
2132 2165 2346 2221 credite
2366 2167 2434 2216 θί.

2069 2255 2236 2310 Vers.
2320 2261 2399 2309 t2.
2465 2257 2654 2311 Amen
2721 2284 2789 2294 —
2847 2253 3047 2324 faciet.
3098 2254 3228 2309 Non
3281 2253 3429 2309 dixit
3479 2269 3491 2308 :
3533 2253 3647 2310 Ma-

1993 2345 2128 2416 jora
2181 2344 2372 2400 facere
2434 2360 2684 2416 possum
2747 2343 2840 2398 his
2907 2359 3042 2414 quae
3107 2342 3240 2405 feci,
3307 2341 3411 2398 sed
3479 2341 3646 2414 quod

1999 2433 2330 2489 mirabilius
2377 2438 2485 2498 est,
2557 2436 2737 2486 etiam
2804 2430 2933 2486 aliis
3010 2431 3293 2500 tribuam,
3372 2436 3434 2486 ut
3513 2430 3648 2486 talia

1999 2529 2334 2594 operentur.
2378 2521 2596 2576 Deinde
2636 2521 2822 2586 addit,
2864 2519 3030 2592 quod
3069 2519 3262 2576 adhuc
3312 2519 3510 2590 majus
3562 2524 3652 2574 est

1999 2611 2202 2666 dicens
2257 2626 2269 2664 :

2073 2701 2231 2754 Vers.
2297 2700 2380 2754 12.
2444 2699 2520 2753 Et
2585 2729 2652 2739 —
2703 2697 2902 2767 faciet.
2958 2698 3089 2756 Hoc
3137 2701 3336 2752 autem
3401 2696 3649 2752 demon-

2003 2788 2202 2844 stratio
2242 2793 2329 2843 est
2356 2788 2636 2860 potentiae
2689 2803 2840 2856 ejus,
2897 2786 3000 2858 qui
3076 2786 3258 2850 dedit,
3338 2801 3458 2841 non
3525 2785 3650 2855 ejus

2001 2878 2105 2950 qui
2155 2879 2327 2947 signa
2379 2875 2499 2932 edit
2553 2893 2566 2944 ;
2618 2891 2762 2931 nam
2815 2876 2918 2948 qui
2995 2890 3102 2947 per
3167 2875 3373 2932 Christi
3423 2889 3646 2930 nomen

2001 2968 2232 3038 majora
2265 2967 2406 3023 facit
2430 2982 2626 3038 opera,
2661 2981 2848 3036 quam
2880 2965 3146 3020 Christus
3186 2963 3458 3032 ediderit,
3486 2963 3646 3018 Chri-

2003 3057 2075 3112 sti
2109 3057 2429 3128 potentiam
2456 3056 2758 3128 praedicat.

361 3145 481 3198 ”Οτι
548 3179 613 3186 —
661 3149 963 3221 πορεύομαι.
1009 3145 1193 3216 ’Υμῶζ
1247 3149 1424 3216 φησὶν,
1477 3146 1588 3195 ἐστι
1641 3150 1730 3194 τοῦ
1788 3141 1889 3194 λοι-

2076 3150 2230 3201 Vers.
2293 3145 2373 3200 12.
2429 3145 2570 3211 Quia
2630 3176 2695 3186 --
2747 3144 2921 3213 vado,
2984 3145 3256 3199 Vestrum
3301 3141 3512 3214 inquit,
3561 3145 3652 3196 est

292 3243 391 3286 ποῦ
466 3240 523 3287 τό
585 3241 672 3288 καὶ
743 3238 1174 3309 θαυματουργείν,
1253 3232 1390 3285 dum
1459 3231 1555 3303 ἐγὼ
1611 3235 1737 3303 πρὸς
1803 3235 1888 3283 τὸν

296 3331 499 3399 Πατέρα
549 3344 647 3395 μου
703 3329 1006 3399 πορεύομαι,
1075 3329 1164 3375 καὶ
1213 3323 1278 3383 εἰς
1332 3327 1425 3380 τὴν
1483 3322 1672 3373 οἰκείαν
1730 3318 1887 3382 δόξαν

811 3420 986 3465 Ταῦτα
1069 3409 1126 3465 δὲ

790 3502 1266 3574 σκυθρωπάζοντας
1319 3505 1407 3552 και
1474 3497 1882 3572 δυσφοροῦντας,

292 3413 737 3485 ἀποκαθίσταμαι.
811 3420 986 3465 Ταῦτα
1069 3411 1126 3465 δε
1203 3413 1371 3463 πάντα
1428 3411 1887 3483 παραμυθούμενος

291 3503 478 3564 αὐτούς
555 3503 710 3573 ἔλεγε,

290 3589 383 3644 διὰ
429 3596 485 3643 τὸ
533 3597 691 3664 μήπω
741 3598 1010 3663 γινώσκειν
1065 3595 1185 3651 τοὺς
1249 3595 1360 3662 περὶ
1416 3598 1506 3650 τῆς
1559 3587 1886 3648 ἀναστάσεως

289 3682 446 3733 αὑτοῦ
472 3682 675 3753 λόγους.

363 3776 460 3823 Καὶ
520 3802 587 3810 —--
642 3776 870 3828 ποιήσω.
930 3769 996 3821 ’Ὁ
1050 3771 1110 3821 ἄν
1176 3769 1429 3826 αἰτήσητε
1495 3767 1885 3838 ἐπικαλούμενοι

287 3863 344 3912 τό
385 3863 542 3932 ὄνομα
573 3880 691 3930 μου.
730 3863 942 3917 Ποιὴσω
992 3855 1071 3924 δὲ,
1117 3859 1240 3923 εἶπε,
1286 3855 1490 3919 δεικνύς
1522 3861 1613 3915 τὴν
1647 3856 1882 3918 ἐξουσίαν

288 3949 468 4003 αὐτοῦ.

357 4039 466 4092 Ἰνα
510 4071 573 4078 -
615 4040 737 4108 Υἰῴ.
775 4038 905 4100 Δόξα
929 4039 1029 4110 γὰρ
1071 4045 1138 4107 τῷ
1183 4041 1366 4110 ῐῐατρί,
1401 4039 1457 4087 τό
1488 4031 1882 4106 παντοδύναμον

289 4138 378 4181 τοῦ
410 4132 551 4182 Υἱοῦ.

362 4219 476 4272 Ἐὰν
521 4251 553 4257 -
607 4223 831 4274 ποιήσω.
876 4217 1008 4287 Ἐγὼ
1039 4219 1108 4278 ὡς
1155 4211 1552 4286 παντοδύναμος
1583 4213 1763 4274 ἐπίσης
1811 4221 1882 4282 τῷ

292 4313 472 4379 Πατρί.
507 4311 575 4359 T6
618 4307 742 4358 αὐτὸ
777 4302 834 4358 δὲ
861 4305 1014 4376 λέγει,
1052 4304 1275 4376 βεϐαιῶν
1307 4303 1535 4375 μάλιστα
1583 4308 1666 4354 τόν
1711 4302 1878 4372 λόγον.

289 4397 426 4448 Ἐπεὶ
461 4393 518 4448 δὲ
550 4395 770 4456 ἐκείνους
816 4399 925 4466 χρὴ
969 4395 1145 4460 αἰτεῖν,
1199 4396 1316 4453 τούς
1356 4394 1661 4462 ἀγαπῶντας
1706 4391 1879 4455 ait-62,

288 4483 560 4550 διδάσκει,
611 4494 719 4546 πῶς
749 4489 857 4556 χρὴ
903 4483 1104 4555 ἀγαπᾷν
1135 4481 1307 4542 αὐτόν,
1340 4484 1420 4534 ότι
1454 4481 1512 4533 ού
1541 4481 1677 4552 λόγῳ
1707 4485 1878 4552 μόνον,

287 4574 412 4626 αλλὰ
439 4581 527 4627 καὶ
558 4577 707 4647 ἔργῳ.
1917 4554 1964 4608 D

358 4665 472 4717 Ἐὰν
526 4693 592 4703 -
641 4668 924 4735 τηρήσατε.
979 4667 1081 4714 Τοῦ
1136 4660 1340 4730 ἀγαπᾷν
1385 4679 1446 4730 με
1493 4663 1593 4731 γὰρ
1646 4667 1880 4730 σημεῖον,

289 4755 317 4810 ἡ
364 4758 583 4827 τήρησις
623 4760 719 4803 τῶν
777 4750 986 4802 ἐντολῶν
1043 4758 1140 4801 τῶν
1191 4748 1340 4820 ἐμῶν.
1389 4757 1621 4821 Τηρησις
1679 4745 1737 4800 δὲ
1787 4748 1883 4799 αῦ-

288 4852 404 4909 τὼν,
457 4845 485 4900 ἡ
553 4841 820 4915 πλήρωσις
868 4841 897 4897 ἡ
951 4839 1172 4912 ἐργασία
1226 4838 1412 4893 αὐτῶν.
1458 4839 1598 4890 Ἐπεὶ
1649 4835 1707 4890 δὲ
1747 4837 1881 4897 εἰκὸς

289 4933 470 4990 αὐτούς
509 4929 770 4989 ἐπιζητεῖν
834 4933 925 4986 τὴν
995 4932 1296 4994 σωματικὴν
1363 4927 1523 4980 αὑτοῦ
1601 4932 1881 4979 συνουσίαν

286 5024 371 5070 καὶ
406 5021 492 5078 τὰς
526 5020 766 5078 συνήθεις
791 5017 1015 5089 ὁμιλίας,
1048 5019 1122 5069 ἔτι
1148 5019 1612 5091 παραμυθούμενος
1638 5020 1694 5067 τὸ
1726 5015 1881 5086 οῦγος

287 5107 453 5162 αὐτῶν
485 5111 631 5180 φησί·

361 5200 456 5250 Καὶ
507 5227 576 5240 --
629 5197 768 5269 ύμῖν.
832 5195 1086 5250 Ἐντεῦθεν
1161 5199 1385 5269 ἄρχεται
1449 5201 1718 5273 γνωρίζειν
1778 5203 1885 5258 τοῖς

359 5377 408 5411 ⁸ο
435 5377 608 5432 Joan.
643 5383 704 5442 A,
737 5377 826 5432 2‘7.
959 5377 1004 5412 ⁹¹
1037 5374 1191 5434 ibid.
1231 5378 1318 5432 38.

2000 3237 2275 3306 deinceps
2308 3234 2595 3289 miracula
2631 3234 2881 3306 operari,
2931 3232 3076 3304 quia
3126 3247 3237 3301 ego
3289 3232 3368 3287 ad
3417 3231 3652 3286 Patrem

2002 3342 2202 3380 meum
2238 3325 2413 3393 vado,
2461 3329 2521 3378 ut
2572 3322 2633 3377 in
2682 3321 2986 3393 propriam
3043 3321 3320 3376 restituar
3375 3320 3646 3387 gloriam.

2000 3415 2131 3470 Haec
2158 3419 2354 3468 autem
2388 3412 2591 3468 omnia
2634 3411 2709 3466 ad
2753 3409 3191 3466 consolandum
3240 3423 3344 3464 eos
3388 3407 3650 3474 dicebat,

1995 3503 2157 3574 quod
2243 3503 2436 3557 tristes
2506 3505 2725 3564 essent,
2790 3516 2856 3554 ac
2904 3497 3163 3568 graviter
3221 3495 3460 3559 ferrent,
3514 3497 3652 3567 quia

1997 3608 2302 3648 sermones
2358 3590 2433 3645 de
2503 3588 2932 3645 resurrectione
3009 3587 3138 3658 ejus
3195 3600 3314 3641 non
3367 3584 3652 3658 intellige-

1996 3681 2164 3736 bant

2071 3771 2234 3826 Vers.
2273 3769 2353 3824 13.
2386 3770 2463 3824 Et
2489 3797 2556 3807 —
2592 3767 2844 3837 faciam.
2893 3796 2962 3805 —
3012 3762 3312 3835 Quidquid
3365 3761 3652 3835 petieritis

1995 3858 2270 3914 invocato
2301 3857 2543 3914 nomine
2574 3870 2728 3911 meo.
2760 3853 2910 3910 Dixit
2938 3858 3136 3909 autem
3177 3851 3438 3917 Faciam,
3477 3867 3650 3907 suam

1995 3946 2318 4003 ostendens
2373 3943 2725 4017 potentiam.

2068 4036 2229 4090 Vers.
2291 4039 2370 4090 13.
2435 4034 2507 4090 Ut
2537 4063 2605 4072 —
2629 4033 2868 4088 Filiam.
2907 4029 3098 4086 Patris
3134 4028 3431 4097 siquidem
3463 4027 3653 4099 gloria

1995 4129 2082 4181 est
2114 4125 2232 4181 Filii
2262 4122 2716 4194 omnipotentia.

2065 4216 2234 4271 Vers.
2269 4216 2351 4269 14.
2383 4213 2526 4268 Si—
2549 4211 2802 4282 faciam.
2838 4213 2959 4280 Ego
2988 4213 3283 4282 tanquam
3310 4223 3450 4264 cum
3480 4205 3651 4264 Patre

1995 4303 2712 4377 aequaliteromnipotens.
2736 4301 2891 4354 Idem
2909 4303 3108 4354 autem
3129 4298 3294 4363 dixit,
3311 4312 3650 4353 sermonem

1997 4393 2256 4449 maxime
2278 4391 2666 4447 conﬁrmans.
2686 4387 2837 4457 Quia
2859 4403 2994 4443 vero
3021 4387 3153 4442 illos
3180 4393 3376 4458 petere
3399 4389 3646 4458 Oportet,

1994 4484 2096 4555 qui
2124 4499 2260 4538 eum
2292 4480 2565 4550 diligunt,
2607 4478 2781 4533 docet
2822 4475 3130 4548 quomodo
3189 4475 3352 4530 illum
3405 4475 3650 4544 diligere

1994 4576 2282 4643 oporteat,
2313 4569 2452 4642 quia
2485 4585 2603 4623 non
2634 4566 2760 4622 solo
2794 4565 2994 4633 verbo,
3027 4563 3129 4618 sed
3163 4568 3220 4619 et
3257 4579 3462 4635 opere.

2065 4660 2227 4716 Vers.
2279 4665 2368 4715 15.
2415 4657 2475 4712 Si
2527 4664 2836 4711 —servate.
2894 4656 3042 4708 Nam
3096 4652 3430 4708 dilectionis
3503 4667 3648 4708 meae

1991 4751 2229 4818 signum
2296 4752 2388 4802 est
2437 4743 2776 4801 observatio
2831 4746 3258 4812 prieceptorum
3315 4756 3584 4796 meorum
3632 4755 3646 4792 :

1990 4855 2198 4894 eorum
2231 4853 2370 4891 vero
2400 4833 2738 4890 observatio
2758 4837 2844 4886 est
2881 4829 3199 4902 completio
3233 4834 3336 4884 aut
3374 4829 3647 4902 operatio

1991 4928 2253 4983 illorum.
2277 4927 2319 4991 Ο
2331 4924 2425 4979 uia
2437 4927 2637 4978 autem
2652 4918 2966 4976 verisimile
2981 4922 3108 4974 erat
3124 4915 3494 4991 corporalem
3514 4917 3648 4987 ejus

1992 5015 2516 5076 conversationem,
2537 5011 2897 5080 assuetaque
2913 5005 3213 5080 colloquia
3233 5022 3336 5063 eos
3355 5008 3632 5078 expetere

1991 5106 2187 5163 adhuc
2215 5100 2556 5160 consolatur
2583 5099 2812 5154 illorum
2841 5095 3129 5167 dolorem,
3149 5096 3355 5153 dicens
3387 5114 3400 5152 :

2065 5196 2231 5250 Vers.
2301 5193 2390 5247 16.
2445 5191 2519 5246 Et
2563 5217 2635 5231 —
2678 5185 2856 5244 vobis.
2909 5183 3055 5242 Hinc
3113 5185 3319 5260 incipit
3359 5184 3656 5258 discipuli

1517 5555 1736 5624 Variae
1760 5554 2090 5625 lectiones
2132 5561 2199 5619 et
2223 5559 2422 5618 notae.

361 5753 437 5824 (8)
472 5752 702 5810 Inclusa
731 5753 1079 5811 exciderunt
1112 5760 1173 5807 A.

2070 5750 2149 5822 (9)
2179 5749 2416 5807 Inclusa
2446 5747 2681 5806 omittit.
