  <div class='ocr_page' id='page_1' title='image "/cluster/home/n/w/nwhite01/storage/ocr_20150623/129/mdp.39015061528470/739.png"; bbox 0 0 4130 6320; ppageno 0'>
   <div class='ocr_carea' id='block_1_1' title="bbox 570 345 706 405">
    <p class='ocr_par' dir='ltr' id='par_1_1' title="bbox 570 345 706 405">
     <span class='ocr_line' id='line_1_1' title="bbox 570 345 706 405; baseline 0 0"><span class='ocrx_word' id='word_1_1' title='bbox 570 350 590 405; x_wconf 81' lang='lat' dir='ltr'><strong>l</strong></span> <span class='ocrx_word' id='word_1_2' title='bbox 602 345 706 405; x_wconf 86' lang='lat'><strong>399</strong></span> 
     </span>
    </p>
   </div>
   <div class='ocr_carea' id='block_1_2' title="bbox 1892 336 2615 399">
    <p class='ocr_par' dir='ltr' id='par_1_2' title="bbox 1892 336 2615 399">
     <span class='ocr_line' id='line_1_2' title="bbox 1892 336 2615 399; baseline 0.004 -4"><span class='ocrx_word' id='word_1_3' title='bbox 1892 337 2181 396; x_wconf 82' lang='lat' dir='ltr'><strong>EUTHYM</strong></span> <span class='ocrx_word' id='word_1_4' title='bbox 2192 337 2240 395; x_wconf 94' lang='grc' dir='ltr'>ΙΙ</span> <span class='ocrx_word' id='word_1_5' title='bbox 2281 336 2615 399; x_wconf 86' lang='lat' dir='ltr'><strong>ZIGABENI</strong></span> 
     </span>
    </p>
   </div>
   <div class='ocr_carea' id='block_1_3' title="bbox 3845 350 3985 408">
    <p class='ocr_par' dir='ltr' id='par_1_3' title="bbox 3845 350 3985 408">
     <span class='ocr_line' id='line_1_3' title="bbox 3845 350 3985 408; baseline -0.014 -2"><span class='ocrx_word' id='word_1_6' title='bbox 3845 350 3985 408; x_wconf 70' lang='grc'><strong>140⁵]</strong></span> 
     </span>
    </p>
   </div>
   <div class='ocr_carea' id='block_1_4' title="bbox 566 463 2229 548">
    <p class='ocr_par' dir='ltr' id='par_1_4' title="bbox 566 468 2222 546">
     <span class='ocr_line' id='line_1_4' title="bbox 566 468 2222 546; baseline -0.005 -15"><span class='ocrx_word' id='word_1_7' title='bbox 566 475 842 532; x_wconf 80' lang='lat' dir='ltr'><strong>notitiam</strong></span> <span class='ocrx_word' id='word_1_8' title='bbox 869 473 1011 532; x_wconf 86' lang='lat' dir='ltr'><strong>dare</strong></span> <span class='ocrx_word' id='word_1_9' title='bbox 1033 472 1102 529; x_wconf 88' lang='lat' dir='ltr'><strong>de</strong></span> <span class='ocrx_word' id='word_1_10' title='bbox 1133 471 1352 546; x_wconf 85' lang='lat' dir='ltr'><strong>Spiritu</strong></span> <span class='ocrx_word' id='word_1_11' title='bbox 1382 475 1616 530; x_wconf 86' lang='lat' dir='ltr'><strong>sancto:</strong></span> <span class='ocrx_word' id='word_1_12' title='bbox 1647 468 1864 532; x_wconf 82' lang='lat' dir='ltr'><strong>Alium,</strong></span> <span class='ocrx_word' id='word_1_13' title='bbox 1897 469 2222 542; x_wconf 86' lang='lat' dir='ltr'><strong>inquit,Pa-</strong></span> 
     </span>
    </p>
   </div>
   <div class='ocr_carea' id='block_1_5' title="bbox 2347 463 3990 548">
    <p class='ocr_par' dir='ltr' id='par_1_5' title="bbox 2347 468 3990 548">
     <span class='ocr_line' id='line_1_5' title="bbox 2347 468 3990 548; baseline 0.009 -31"><span class='ocrx_word' id='word_1_14' title='bbox 2347 468 2591 529; x_wconf 69' lang='grc' dir='ltr'>ιαθητοιίς</span> <span class='ocrx_word' id='word_1_15' title='bbox 2641 471 2703 522; x_wconf 84' lang='grc' dir='ltr'><strong>τὰ</strong></span> <span class='ocrx_word' id='word_1_16' title='bbox 2752 474 2868 545; x_wconf 86' lang='grc' dir='ltr'>περὶ</span> <span class='ocrx_word' id='word_1_17' title='bbox 2926 478 3016 525; x_wconf 80' lang='grc' dir='ltr'>τοῦ</span> <span class='ocrx_word' id='word_1_18' title='bbox 3066 471 3214 546; x_wconf 78' lang='grc' dir='ltr'>ἁγίου</span> <span class='ocrx_word' id='word_1_19' title='bbox 3277 477 3597 548; x_wconf 82' lang='grc' dir='ltr'>Πνεύματος.</span> <span class='ocrx_word' id='word_1_20' title='bbox 3662 474 3888 532; x_wconf 73' lang='grc' dir='ltr'>Ἀλλον</span> <span class='ocrx_word' id='word_1_21' title='bbox 3935 475 3990 532; x_wconf 66' lang='grc' dir='ltr'><em>δε</em></span> 
     </span>
    </p>
   </div>
   <div class='ocr_carea' id='block_1_6' title="bbox 567 559 2223 636">
    <p class='ocr_par' dir='ltr' id='par_1_6' title="bbox 567 559 2223 636">
     <span class='ocr_line' id='line_1_6' title="bbox 567 559 2223 636; baseline -0.007 -14"><span class='ocrx_word' id='word_1_22' title='bbox 567 566 1186 636; x_wconf 89' lang='lat' dir='ltr'><strong>racletum,tanquam</strong></span> <span class='ocrx_word' id='word_1_23' title='bbox 1215 579 1328 632; x_wconf 87' lang='lat' dir='ltr'><strong>me,</strong></span> <span class='ocrx_word' id='word_1_24' title='bbox 1360 562 1481 616; x_wconf 87' lang='lat' dir='ltr'><strong>sive</strong></span> <span class='ocrx_word' id='word_1_25' title='bbox 1509 559 1946 616; x_wconf 90' lang='lat' dir='ltr'><strong>admonitorem</strong></span> <span class='ocrx_word' id='word_1_26' title='bbox 1979 575 2045 615; x_wconf 88' lang='lat' dir='ltr'><strong>ac</strong></span> <span class='ocrx_word' id='word_1_27' title='bbox 2077 573 2223 629; x_wconf 76' lang='lat' dir='ltr'><strong>prae-</strong></span> 
     </span>
    </p>
   </div>
   <div class='ocr_carea' id='block_1_7' title="bbox 572 649 2224 725">
    <p class='ocr_par' dir='ltr' id='par_1_7' title="bbox 572 649 2224 725">
     <span class='ocr_line' id='line_1_7' title="bbox 572 649 2224 725; baseline -0.005 -14"><span class='ocrx_word' id='word_1_28' title='bbox 572 661 871 725; x_wconf 90' lang='lat' dir='ltr'><strong>ceptorem</strong></span> <span class='ocrx_word' id='word_1_29' title='bbox 931 655 988 709; x_wconf 90' lang='lat' dir='ltr'><strong>in</strong></span> <span class='ocrx_word' id='word_1_30' title='bbox 1021 651 1450 708; x_wconf 83' lang='lat' dir='ltr'><strong>certaminibus</strong></span> <span class='ocrx_word' id='word_1_31' title='bbox 1505 649 1781 704; x_wconf 88' lang='lat' dir='ltr'><strong>virtutis:</strong></span> <span class='ocrx_word' id='word_1_32' title='bbox 1835 649 2108 704; x_wconf 86' lang='lat' dir='ltr'><strong>solatium</strong></span> <span class='ocrx_word' id='word_1_33' title='bbox 2155 662 2224 703; x_wconf 91' lang='lat' dir='ltr'><strong>ac</strong></span> 
     </span>
    </p>
   </div>
   <div class='ocr_carea' id='block_1_8' title="bbox 571 737 2218 809">
    <p class='ocr_par' dir='ltr' id='par_1_8' title="bbox 571 737 2218 809">
     <span class='ocr_line' id='line_1_8' title="bbox 571 737 2218 809; baseline -0.005 -10"><span class='ocrx_word' id='word_1_34' title='bbox 571 743 908 800; x_wconf 81' lang='lat' dir='ltr'><strong>subsidium</strong></span> <span class='ocrx_word' id='word_1_35' title='bbox 938 743 998 798; x_wconf 92' lang='lat' dir='ltr'><strong>in</strong></span> <span class='ocrx_word' id='word_1_36' title='bbox 1029 740 1470 797; x_wconf 78' lang='lat' dir='ltr'><strong>afﬂictionibus.</strong></span> <span class='ocrx_word' id='word_1_37' title='bbox 1514 740 1726 794; x_wconf 88' lang='lat' dir='ltr'><strong>Dicens</strong></span> <span class='ocrx_word' id='word_1_38' title='bbox 1770 737 1971 809; x_wconf 82' lang='lat' dir='ltr'><strong>itaque</strong></span> <span class='ocrx_word' id='word_1_39' title='bbox 2021 737 2218 799; x_wconf 76' lang='lat' dir='ltr'><strong>alium,</strong></span> 
     </span>
    </p>
   </div>
   <div class='ocr_carea' id='block_1_9' title="bbox 573 827 2223 904">
    <p class='ocr_par' dir='ltr' id='par_1_9' title="bbox 573 827 2223 904">
     <span class='ocr_line' id='line_1_9' title="bbox 573 827 2223 904; baseline -0.005 -15"><span class='ocrx_word' id='word_1_40' title='bbox 573 832 834 889; x_wconf 86' lang='lat' dir='ltr'><strong>ostendit</strong></span> <span class='ocrx_word' id='word_1_41' title='bbox 860 847 1253 904; x_wconf 90' lang='lat' dir='ltr'><strong>personarum</strong></span> <span class='ocrx_word' id='word_1_42' title='bbox 1283 828 1698 884; x_wconf 75' lang='lat' dir='ltr'><strong>differentiam.</strong></span> <span class='ocrx_word' id='word_1_43' title='bbox 1739 827 1996 882; x_wconf 87' lang='lat' dir='ltr'><strong>Dicendo</strong></span> <span class='ocrx_word' id='word_1_44' title='bbox 2023 831 2223 881; x_wconf 90' lang='lat' dir='ltr'><strong>autem</strong></span> 
     </span>
    </p>
   </div>
   <div class='ocr_carea' id='block_1_10' title="bbox 580 916 2227 988">
    <p class='ocr_par' dir='ltr' id='par_1_10' title="bbox 580 916 2227 988">
     <span class='ocr_line' id='line_1_10' title="bbox 580 916 2227 988; baseline -0.004 -12"><span class='ocrx_word' id='word_1_45' title='bbox 580 923 978 988; x_wconf 83' lang='lat' dir='ltr'><strong>Paracletum,</strong></span> <span class='ocrx_word' id='word_1_46' title='bbox 995 922 1117 976; x_wconf 87' lang='lat' dir='ltr'><strong>sive</strong></span> <span class='ocrx_word' id='word_1_47' title='bbox 1133 917 1810 982; x_wconf 85' lang='lat' dir='ltr'><strong>Consolatorem,docuit</strong></span> <span class='ocrx_word' id='word_1_48' title='bbox 1826 921 2048 971; x_wconf 79' lang='lat' dir='ltr'><strong>naturae</strong></span> <span class='ocrx_word' id='word_1_49' title='bbox 2064 916 2227 970; x_wconf 88' lang='lat' dir='ltr'><strong>iden-</strong></span> 
     </span>
    </p>
   </div>
   <div class='ocr_carea' id='block_1_11' title="bbox 532 1005 2226 1084">
    <p class='ocr_par' dir='ltr' id='par_1_11' title="bbox 532 1005 2226 1084">
     <span class='ocr_line' id='line_1_11' title="bbox 532 1005 2226 1084; baseline -0.005 -16"><span class='ocrx_word' id='word_1_50' title='bbox 532 1010 540 1014; x_wconf 83' lang='grc'><em>’</em></span> <span class='ocrx_word' id='word_1_51' title='bbox 576 1013 800 1068; x_wconf 87' lang='lat' dir='ltr'><strong>titatem</strong></span> <span class='ocrx_word' id='word_1_52' title='bbox 833 1031 845 1066; x_wconf 88' lang='lat'><strong>:</strong></span> <span class='ocrx_word' id='word_1_53' title='bbox 901 1011 1193 1084; x_wconf 78' lang='lat' dir='ltr'><strong>siquidem</strong></span> <span class='ocrx_word' id='word_1_54' title='bbox 1242 1008 1647 1065; x_wconf 84' lang='lat' dir='ltr'><strong>consolatores</strong></span> <span class='ocrx_word' id='word_1_55' title='bbox 1680 1010 1822 1062; x_wconf 89' lang='lat' dir='ltr'><strong>sunt</strong></span> <span class='ocrx_word' id='word_1_56' title='bbox 1878 1010 1934 1062; x_wconf 91' lang='lat' dir='ltr'><strong>et</strong></span> <span class='ocrx_word' id='word_1_57' title='bbox 1964 1005 2142 1060; x_wconf 85' lang='lat' dir='ltr'><strong>Filius</strong></span> <span class='ocrx_word' id='word_1_58' title='bbox 2173 1010 2226 1060; x_wconf 91' lang='lat' dir='ltr'><strong>et</strong></span> 
     </span>
    </p>
   </div>
   <div class='ocr_carea' id='block_1_12' title="bbox 579 1101 1122 1173">
    <p class='ocr_par' dir='ltr' id='par_1_12' title="bbox 579 1101 1122 1173">
     <span class='ocr_line' id='line_1_12' title="bbox 579 1101 1122 1173; baseline -0.009 -16"><span class='ocrx_word' id='word_1_59' title='bbox 579 1101 831 1173; x_wconf 87' lang='lat' dir='ltr'><strong>Spiritus</strong></span> <span class='ocrx_word' id='word_1_60' title='bbox 865 1105 1122 1156; x_wconf 88' lang='lat' dir='ltr'><strong>sanctus.</strong></span> 
     </span>
    </p>
   </div>
   <div class='ocr_carea' id='block_1_13' title="bbox 649 1185 2230 1256">
    <p class='ocr_par' dir='ltr' id='par_1_13' title="bbox 649 1185 2230 1256">
     <span class='ocr_line' id='line_1_13' title="bbox 649 1185 2230 1256; baseline -0.003 -11"><span class='ocrx_word' id='word_1_61' title='bbox 649 1191 776 1246; x_wconf 91' lang='lat' dir='ltr'><strong>Non</strong></span> <span class='ocrx_word' id='word_1_62' title='bbox 805 1197 1006 1246; x_wconf 88' lang='lat' dir='ltr'><strong>tamen</strong></span> <span class='ocrx_word' id='word_1_63' title='bbox 1033 1190 1184 1244; x_wconf 84' lang='lat' dir='ltr'><strong>dixit</strong></span> <span class='ocrx_word' id='word_1_64' title='bbox 1235 1187 1522 1256; x_wconf 87' lang='lat' dir='ltr'><strong>:Mittam,</strong></span> <span class='ocrx_word' id='word_1_65' title='bbox 1571 1200 1644 1241; x_wconf 89' lang='lat' dir='ltr'><strong>ne</strong></span> <span class='ocrx_word' id='word_1_66' title='bbox 1696 1185 1793 1241; x_wconf 89' lang='lat' dir='ltr'><strong>Dei</strong></span> <span class='ocrx_word' id='word_1_67' title='bbox 1852 1185 2230 1242; x_wconf 88' lang='lat' dir='ltr'><strong>adversarius</strong></span> 
     </span>
    </p>
   </div>
   <div class='ocr_carea' id='block_1_14' title="bbox 579 1275 2230 1348">
    <p class='ocr_par' dir='ltr' id='par_1_14' title="bbox 579 1275 2230 1348">
     <span class='ocr_line' id='line_1_14' title="bbox 579 1275 2230 1348; baseline -0.004 -12"><span class='ocrx_word' id='word_1_68' title='bbox 579 1297 708 1337; x_wconf 89' lang='lat' dir='ltr'><strong>esse</strong></span> <span class='ocrx_word' id='word_1_69' title='bbox 751 1279 1064 1342; x_wconf 79' lang='lat' dir='ltr'><strong>videretur,</strong></span> <span class='ocrx_word' id='word_1_70' title='bbox 1115 1282 1172 1334; x_wconf 88' lang='lat' dir='ltr'><strong>et</strong></span> <span class='ocrx_word' id='word_1_71' title='bbox 1217 1277 1392 1348; x_wconf 88' lang='lat' dir='ltr'><strong>quasi</strong></span> <span class='ocrx_word' id='word_1_72' title='bbox 1447 1275 1696 1345; x_wconf 86' lang='lat' dir='ltr'><strong>alicujus</strong></span> <span class='ocrx_word' id='word_1_73' title='bbox 1747 1275 1985 1330; x_wconf 86' lang='lat' dir='ltr'><strong>alterius</strong></span> <span class='ocrx_word' id='word_1_74' title='bbox 2018 1276 2230 1331; x_wconf 88' lang='lat' dir='ltr'><strong>virtute</strong></span> 
     </span>
    </p>
   </div>
   <div class='ocr_carea' id='block_1_15' title="bbox 578 1363 2230 1437">
    <p class='ocr_par' dir='ltr' id='par_1_15' title="bbox 578 1363 2230 1437">
     <span class='ocr_line' id='line_1_15' title="bbox 578 1363 2230 1437; baseline -0.002 -13"><span class='ocrx_word' id='word_1_75' title='bbox 578 1369 773 1426; x_wconf 85' lang='lat' dir='ltr'><strong>facere</strong></span> <span class='ocrx_word' id='word_1_76' title='bbox 804 1384 1110 1424; x_wconf 86' lang='lat' dir='ltr'><strong>sermones</strong></span> <span class='ocrx_word' id='word_1_77' title='bbox 1143 1383 1155 1421; x_wconf 91' lang='lat'><em>:</em></span> <span class='ocrx_word' id='word_1_78' title='bbox 1189 1367 1292 1422; x_wconf 89' lang='lat' dir='ltr'><strong>sed</strong></span> <span class='ocrx_word' id='word_1_79' title='bbox 1324 1381 1482 1421; x_wconf 90' lang='lat' dir='ltr'><strong>nunc</strong></span> <span class='ocrx_word' id='word_1_80' title='bbox 1508 1363 1749 1437; x_wconf 88' lang='lat' dir='ltr'><strong>quidem</strong></span> <span class='ocrx_word' id='word_1_81' title='bbox 1783 1371 2127 1434; x_wconf 80' lang='lat' dir='ltr'><strong>rogaturum</strong></span> <span class='ocrx_word' id='word_1_82' title='bbox 2167 1380 2230 1420; x_wconf 88' lang='lat' dir='ltr'><strong>se</strong></span> 
     </span>
    </p>
   </div>
   <div class='ocr_carea' id='block_1_16' title="bbox 582 1454 2234 1530">
    <p class='ocr_par' dir='ltr' id='par_1_16' title="bbox 582 1454 2234 1530">
     <span class='ocr_line' id='line_1_16' title="bbox 582 1454 2234 1530; baseline -0.002 -16"><span class='ocrx_word' id='word_1_83' title='bbox 582 1460 811 1515; x_wconf 87' lang='lat' dir='ltr'><strong>Patrem</strong></span> <span class='ocrx_word' id='word_1_84' title='bbox 843 1457 1130 1530; x_wconf 87' lang='lat' dir='ltr'><strong>promisit,</strong></span> <span class='ocrx_word' id='word_1_85' title='bbox 1163 1461 1218 1512; x_wconf 90' lang='lat' dir='ltr'><strong>et</strong></span> <span class='ocrx_word' id='word_1_86' title='bbox 1249 1460 1487 1528; x_wconf 89' lang='lat' dir='ltr'><strong>propter</strong></span> <span class='ocrx_word' id='word_1_87' title='bbox 1531 1454 1751 1510; x_wconf 85' lang='lat' dir='ltr'><strong>dictam</strong></span> <span class='ocrx_word' id='word_1_88' title='bbox 1781 1470 2049 1518; x_wconf 88' lang='lat' dir='ltr'><strong>causam,</strong></span> <span class='ocrx_word' id='word_1_89' title='bbox 2083 1459 2138 1509; x_wconf 88' lang='lat' dir='ltr'><strong>et</strong></span> <span class='ocrx_word' id='word_1_90' title='bbox 2170 1457 2234 1510; x_wconf 90' lang='lat' dir='ltr'><strong>ut</strong></span> 
     </span>
    </p>
   </div>
   <div class='ocr_carea' id='block_1_17' title="bbox 579 1543 2235 1617">
    <p class='ocr_par' dir='ltr' id='par_1_17' title="bbox 579 1543 2235 1617">
     <span class='ocr_line' id='line_1_17' title="bbox 579 1543 2235 1617; baseline -0.002 -14"><span class='ocrx_word' id='word_1_91' title='bbox 579 1547 698 1604; x_wconf 89' lang='lat' dir='ltr'><strong>ﬁde</strong></span> <span class='ocrx_word' id='word_1_92' title='bbox 729 1549 944 1617; x_wconf 90' lang='lat' dir='ltr'><strong>dignus</strong></span> <span class='ocrx_word' id='word_1_93' title='bbox 973 1546 1312 1602; x_wconf 90' lang='lat' dir='ltr'><strong>haberetur.</strong></span> <span class='ocrx_word' id='word_1_94' title='bbox 1347 1548 1409 1599; x_wconf 92' lang='lat' dir='ltr'><strong>ln</strong></span> <span class='ocrx_word' id='word_1_95' title='bbox 1441 1543 1826 1616; x_wconf 88' lang='lat' dir='ltr'><strong>sequentibus</strong></span> <span class='ocrx_word' id='word_1_96' title='bbox 1858 1548 2059 1598; x_wconf 90' lang='lat' dir='ltr'><strong>autem</strong></span> <span class='ocrx_word' id='word_1_97' title='bbox 2100 1559 2235 1614; x_wconf 91' lang='lat' dir='ltr'><strong>pro-</strong></span> 
     </span>
    </p>
   </div>
   <div class='ocr_carea' id='block_1_18' title="bbox 581 1633 2232 1710">
    <p class='ocr_par' dir='ltr' id='par_1_18' title="bbox 581 1633 2232 1710">
     <span class='ocr_line' id='line_1_18' title="bbox 581 1633 2232 1710; baseline -0.004 -17"><span class='ocrx_word' id='word_1_98' title='bbox 581 1639 774 1710; x_wconf 90' lang='lat' dir='ltr'><strong>priam</strong></span> <span class='ocrx_word' id='word_1_99' title='bbox 798 1637 1054 1694; x_wconf 86' lang='lat' dir='ltr'><strong>ostendit</strong></span> <span class='ocrx_word' id='word_1_100' title='bbox 1066 1636 1416 1705; x_wconf 84' lang='lat' dir='ltr'><strong>dignitatem</strong></span> <span class='ocrx_word' id='word_1_101' title='bbox 1430 1634 1635 1689; x_wconf 92' lang='lat' dir='ltr'><strong>dicens</strong></span> <span class='ocrx_word' id='word_1_102' title='bbox 1653 1650 1665 1687; x_wconf 91' lang='lat'>:</span> <span class='ocrx_word' id='word_1_103' title='bbox 1685 1633 1751 1689; x_wconf 87' lang='lat' dir='ltr'><strong>Si</strong></span> <span class='ocrx_word' id='word_1_104' title='bbox 1767 1649 1864 1704; x_wconf 88' lang='lat' dir='ltr'><strong>ego</strong></span> <span class='ocrx_word' id='word_1_105' title='bbox 1878 1649 1996 1688; x_wconf 87' lang='lat' dir='ltr'><strong>non</strong></span> <span class='ocrx_word' id='word_1_106' title='bbox 2013 1633 2232 1699; x_wconf 82' lang='lat' dir='ltr'><strong>abiero,</strong></span> 
     </span>
    </p>
   </div>
   <div class='ocr_carea' id='block_1_19' title="bbox 581 1723 2238 1791">
    <p class='ocr_par' dir='ltr' id='par_1_19' title="bbox 581 1723 2238 1791">
     <span class='ocr_line' id='line_1_19' title="bbox 581 1723 2238 1791; baseline -0.003 -8"><span class='ocrx_word' id='word_1_107' title='bbox 581 1729 929 1783; x_wconf 83' lang='lat' dir='ltr'><strong>Paracletus</strong></span> <span class='ocrx_word' id='word_1_108' title='bbox 949 1743 1068 1782; x_wconf 87' lang='lat' dir='ltr'><strong>non</strong></span> <span class='ocrx_word' id='word_1_109' title='bbox 1100 1727 1288 1782; x_wconf 80' lang='lat' dir='ltr'><strong>veniet</strong></span> <span class='ocrx_word' id='word_1_110' title='bbox 1309 1725 1382 1780; x_wconf 87' lang='lat' dir='ltr'><strong>ad</strong></span> <span class='ocrx_word' id='word_1_111' title='bbox 1408 1740 1502 1781; x_wconf 87' lang='lat' dir='ltr'><strong>vos</strong></span> <span class='ocrx_word' id='word_1_112' title='bbox 1526 1741 1539 1791; x_wconf 90' lang='lat'>;</span> <span class='ocrx_word' id='word_1_113' title='bbox 1572 1724 1622 1778; x_wconf 80' lang='lat' dir='ltr'><strong>si</strong></span> <span class='ocrx_word' id='word_1_114' title='bbox 1645 1729 1836 1780; x_wconf 85' lang='lat' dir='ltr'><strong>autem</strong></span> <span class='ocrx_word' id='word_1_115' title='bbox 1862 1723 2082 1788; x_wconf 85' lang='lat' dir='ltr'><strong>abiero,</strong></span> <span class='ocrx_word' id='word_1_116' title='bbox 2105 1724 2238 1779; x_wconf 88' lang='lat' dir='ltr'><strong>mit-</strong></span> 
     </span>
    </p>
   </div>
   <div class='ocr_carea' id='block_1_20' title="bbox 586 1809 2229 1885">
    <p class='ocr_par' dir='ltr' id='par_1_20' title="bbox 586 1813 2229 1882">
     <span class='ocr_line' id='line_1_20' title="bbox 586 1813 2229 1882; baseline -0.002 -10"><span class='ocrx_word' id='word_1_117' title='bbox 586 1825 702 1873; x_wconf 85' lang='lat' dir='ltr'><strong>tam</strong></span> <span class='ocrx_word' id='word_1_118' title='bbox 740 1817 901 1873; x_wconf 84' lang='lat' dir='ltr'><strong>vobis</strong></span> <span class='ocrx_word' id='word_1_119' title='bbox 931 1832 1060 1872; x_wconf 88' lang='lat' dir='ltr'><strong>eum</strong></span> <span class='ocrx_word' id='word_1_120' title='bbox 1097 1818 1165 1868; x_wconf 73' lang='lat'><strong>9’.</strong></span> <span class='ocrx_word' id='word_1_121' title='bbox 1208 1815 1275 1869; x_wconf 90' lang='lat' dir='ltr'><strong>Et</strong></span> <span class='ocrx_word' id='word_1_122' title='bbox 1301 1830 1540 1870; x_wconf 88' lang='lat' dir='ltr'><strong>rursum</strong></span> <span class='ocrx_word' id='word_1_123' title='bbox 1585 1829 1596 1868; x_wconf 94' lang='lat'>:</span> <span class='ocrx_word' id='word_1_124' title='bbox 1639 1814 1900 1882; x_wconf 79' lang='lat' dir='ltr'><strong>Accipite</strong></span> <span class='ocrx_word' id='word_1_125' title='bbox 1939 1813 2229 1882; x_wconf 71' lang='lat' dir='ltr'><strong>Spiritum</strong></span> 
     </span>
    </p>
   </div>
   <div class='ocr_carea' id='block_1_21' title="bbox 2347 1809 2928 1885">
    <p class='ocr_par' dir='ltr' id='par_1_21' title="bbox 2348 1809 2928 1885">
     <span class='ocr_line' id='line_1_21' title="bbox 2348 1809 2928 1885; baseline 0.01 -25"><span class='ocrx_word' id='word_1_126' title='bbox 2348 1809 2497 1861; x_wconf 70' lang='grc' dir='ltr'>αὐτὸν</span> <span class='ocrx_word' id='word_1_127' title='bbox 2563 1815 2692 1885; x_wconf 85' lang='grc' dir='ltr'>πρὸς</span> <span class='ocrx_word' id='word_1_128' title='bbox 2774 1814 2928 1885; x_wconf 79' lang='grc' dir='ltr'><strong>ὑμᾶς.</strong></span> 
     </span>
    </p>
   </div>
   <div class='ocr_carea' id='block_1_22' title="bbox 579 1906 955 1962">
    <p class='ocr_par' dir='ltr' id='par_1_22' title="bbox 579 1906 955 1962">
     <span class='ocr_line' id='line_1_22' title="bbox 579 1906 955 1962; baseline -0.005 0"><span class='ocrx_word' id='word_1_129' title='bbox 579 1912 845 1962; x_wconf 85' lang='lat' dir='ltr'><strong>sanctum</strong></span> <span class='ocrx_word' id='word_1_130' title='bbox 885 1906 955 1960; x_wconf 70' lang='grc'><strong>9³.</strong></span> 
     </span>
    </p>
   </div>
   <div class='ocr_carea' id='block_1_23' title="bbox 655 1989 2238 2067">
    <p class='ocr_par' dir='ltr' id='par_1_23' title="bbox 655 1989 2238 2067">
     <span class='ocr_line' id='line_1_23' title="bbox 655 1989 2238 2067; baseline -0.004 -15"><span class='ocrx_word' id='word_1_131' title='bbox 655 1996 768 2052; x_wconf 90' lang='lat' dir='ltr'><strong>Sed</strong></span> <span class='ocrx_word' id='word_1_132' title='bbox 799 1995 1108 2067; x_wconf 89' lang='lat' dir='ltr'><strong>quomodo</strong></span> <span class='ocrx_word' id='word_1_133' title='bbox 1139 1993 1215 2048; x_wconf 90' lang='lat' dir='ltr'><strong>ab</strong></span> <span class='ocrx_word' id='word_1_134' title='bbox 1241 1993 1356 2048; x_wconf 89' lang='lat' dir='ltr'><strong>alio</strong></span> <span class='ocrx_word' id='word_1_135' title='bbox 1388 1992 1562 2048; x_wconf 91' lang='lat' dir='ltr'><strong>datur</strong></span> <span class='ocrx_word' id='word_1_136' title='bbox 1592 2008 1659 2048; x_wconf 88' lang='lat' dir='ltr'><strong>ac</strong></span> <span class='ocrx_word' id='word_1_137' title='bbox 1680 1991 1946 2057; x_wconf 91' lang='lat' dir='ltr'><strong>mittitur,</strong></span> <span class='ocrx_word' id='word_1_138' title='bbox 1973 1991 2075 2063; x_wconf 91' lang='lat' dir='ltr'><strong>qui</strong></span> <span class='ocrx_word' id='word_1_139' title='bbox 2106 1989 2238 2046; x_wconf 89' lang='lat' dir='ltr'><strong>ubi-</strong></span> 
     </span>
    </p>
   </div>
   <div class='ocr_carea' id='block_1_24' title="bbox 582 2080 2238 2157">
    <p class='ocr_par' dir='ltr' id='par_1_24' title="bbox 582 2080 2238 2157">
     <span class='ocr_line' id='line_1_24' title="bbox 582 2080 2238 2157; baseline -0.002 -17"><span class='ocrx_word' id='word_1_140' title='bbox 582 2101 702 2157; x_wconf 90' lang='lat' dir='ltr'><strong>que</strong></span> <span class='ocrx_word' id='word_1_141' title='bbox 740 2100 1009 2157; x_wconf 69' lang='lat' dir='ltr'><strong>prtesens</strong></span> <span class='ocrx_word' id='word_1_142' title='bbox 1060 2090 1167 2148; x_wconf 90' lang='lat' dir='ltr'><strong>est,</strong></span> <span class='ocrx_word' id='word_1_143' title='bbox 1199 2098 1425 2153; x_wconf 88' lang='lat' dir='ltr'><strong>suaque</strong></span> <span class='ocrx_word' id='word_1_144' title='bbox 1479 2081 1687 2136; x_wconf 90' lang='lat' dir='ltr'><strong>dividit</strong></span> <span class='ocrx_word' id='word_1_145' title='bbox 1736 2080 2005 2148; x_wconf 81' lang='lat' dir='ltr'><strong>singulis,</strong></span> <span class='ocrx_word' id='word_1_146' title='bbox 2060 2085 2238 2152; x_wconf 91' lang='lat' dir='ltr'><strong>prout</strong></span> 
     </span>
    </p>
   </div>
   <div class='ocr_carea' id='block_1_25' title="bbox 582 2170 2238 2242">
    <p class='ocr_par' dir='ltr' id='par_1_25' title="bbox 582 2170 2238 2242">
     <span class='ocr_line' id='line_1_25' title="bbox 582 2170 2238 2242; baseline -0.003 -13"><span class='ocrx_word' id='word_1_147' title='bbox 582 2173 712 2229; x_wconf 91' lang='lat' dir='ltr'><strong>vult</strong></span> <span class='ocrx_word' id='word_1_148' title='bbox 735 2174 1098 2229; x_wconf 89' lang='lat' dir='ltr'><strong>charismata</strong></span> <span class='ocrx_word' id='word_1_149' title='bbox 1136 2173 1184 2206; x_wconf 72' lang='grc'><strong>⁸⁸</strong></span> <span class='ocrx_word' id='word_1_150' title='bbox 1213 2173 1240 2226; x_wconf 88' lang='lat'><strong>?</strong></span> <span class='ocrx_word' id='word_1_151' title='bbox 1272 2174 1396 2226; x_wconf 87' lang='lat' dir='ltr'><strong>Non</strong></span> <span class='ocrx_word' id='word_1_152' title='bbox 1424 2175 1713 2242; x_wconf 89' lang='lat' dir='ltr'><strong>tanquam</strong></span> <span class='ocrx_word' id='word_1_153' title='bbox 1738 2186 1943 2224; x_wconf 91' lang='lat' dir='ltr'><strong>servus</strong></span> <span class='ocrx_word' id='word_1_154' title='bbox 1964 2170 2138 2224; x_wconf 88' lang='lat' dir='ltr'><strong>datur</strong></span> <span class='ocrx_word' id='word_1_155' title='bbox 2168 2185 2238 2224; x_wconf 88' lang='lat' dir='ltr'><strong>ac</strong></span> 
     </span>
    </p>
   </div>
   <div class='ocr_carea' id='block_1_26' title="bbox 583 2258 2236 2332">
    <p class='ocr_par' dir='ltr' id='par_1_26' title="bbox 583 2258 2236 2332">
     <span class='ocr_line' id='line_1_26' title="bbox 583 2258 2236 2332; baseline -0.003 -14"><span class='ocrx_word' id='word_1_156' title='bbox 583 2261 850 2328; x_wconf 87' lang='lat' dir='ltr'><strong>mittitur,</strong></span> <span class='ocrx_word' id='word_1_157' title='bbox 886 2261 988 2318; x_wconf 91' lang='lat' dir='ltr'><strong>sed</strong></span> <span class='ocrx_word' id='word_1_158' title='bbox 1023 2267 1310 2332; x_wconf 89' lang='lat' dir='ltr'><strong>tanquam</strong></span> <span class='ocrx_word' id='word_1_159' title='bbox 1343 2258 1616 2329; x_wconf 87' lang='lat' dir='ltr'><strong>ejusdem</strong></span> <span class='ocrx_word' id='word_1_160' title='bbox 1647 2263 1894 2323; x_wconf 72' lang='lat' dir='ltr'><strong>naturae,</strong></span> <span class='ocrx_word' id='word_1_161' title='bbox 1927 2263 1984 2314; x_wconf 88' lang='lat' dir='ltr'><strong>et</strong></span> <span class='ocrx_word' id='word_1_162' title='bbox 2022 2258 2236 2313; x_wconf 90' lang='lat' dir='ltr'><strong>eadem</strong></span> 
     </span>
    </p>
   </div>
   <div class='ocr_carea' id='block_1_27' title="bbox 583 2347 2236 2407">
    <p class='ocr_par' dir='ltr' id='par_1_27' title="bbox 583 2347 2236 2407">
     <span class='ocr_line' id='line_1_27' title="bbox 583 2347 2236 2407; baseline -0.001 -3"><span class='ocrx_word' id='word_1_163' title='bbox 583 2351 790 2407; x_wconf 90' lang='lat' dir='ltr'><strong>volens</strong></span> <span class='ocrx_word' id='word_1_164' title='bbox 820 2367 954 2406; x_wconf 93' lang='lat' dir='ltr'><strong>cum</strong></span> <span class='ocrx_word' id='word_1_165' title='bbox 988 2351 1158 2405; x_wconf 86' lang='lat' dir='ltr'><strong>Patre</strong></span> <span class='ocrx_word' id='word_1_166' title='bbox 1186 2365 1253 2405; x_wconf 91' lang='lat' dir='ltr'><strong>ac</strong></span> <span class='ocrx_word' id='word_1_167' title='bbox 1284 2347 1444 2405; x_wconf 85' lang='lat' dir='ltr'><strong>Filio.</strong></span> <span class='ocrx_word' id='word_1_168' title='bbox 1477 2349 1602 2402; x_wconf 88' lang='lat' dir='ltr'><strong>Non</strong></span> <span class='ocrx_word' id='word_1_169' title='bbox 1635 2347 1792 2402; x_wconf 91' lang='lat' dir='ltr'><strong>enim</strong></span> <span class='ocrx_word' id='word_1_170' title='bbox 1827 2347 1980 2402; x_wconf 88' lang='lat' dir='ltr'><strong>sicut</strong></span> <span class='ocrx_word' id='word_1_171' title='bbox 2017 2348 2144 2402; x_wconf 74' lang='lat' dir='ltr'><strong>haec</strong></span> <span class='ocrx_word' id='word_1_172' title='bbox 2177 2347 2236 2402; x_wconf 90' lang='lat' dir='ltr'><strong>in</strong></span> 
     </span>
    </p>
   </div>
   <div class='ocr_carea' id='block_1_28' title="bbox 584 2437 2236 2510">
    <p class='ocr_par' dir='ltr' id='par_1_28' title="bbox 584 2437 2236 2510">
     <span class='ocr_line' id='line_1_28' title="bbox 584 2437 2236 2510; baseline -0.004 -14"><span class='ocrx_word' id='word_1_173' title='bbox 584 2441 868 2496; x_wconf 88' lang='lat' dir='ltr'><strong>creaturis</strong></span> <span class='ocrx_word' id='word_1_174' title='bbox 908 2439 1261 2510; x_wconf 82' lang='lat' dir='ltr'><strong>signiﬁcant,</strong></span> <span class='ocrx_word' id='word_1_175' title='bbox 1303 2439 1384 2494; x_wconf 90' lang='lat' dir='ltr'><strong>ita</strong></span> <span class='ocrx_word' id='word_1_176' title='bbox 1440 2443 1496 2493; x_wconf 91' lang='lat' dir='ltr'><strong>et</strong></span> <span class='ocrx_word' id='word_1_177' title='bbox 1526 2437 1585 2492; x_wconf 92' lang='lat' dir='ltr'><strong>in</strong></span> <span class='ocrx_word' id='word_1_178' title='bbox 1623 2437 1900 2492; x_wconf 89' lang='lat' dir='ltr'><strong>Trinitate</strong></span> <span class='ocrx_word' id='word_1_179' title='bbox 1952 2437 2236 2492; x_wconf 89' lang='lat' dir='ltr'><strong>increata.</strong></span> 
     </span>
    </p>
   </div>
   <div class='ocr_carea' id='block_1_29' title="bbox 583 2526 2232 2602">
    <p class='ocr_par' dir='ltr' id='par_1_29' title="bbox 583 2526 2232 2602">
     <span class='ocr_line' id='line_1_29' title="bbox 583 2526 2232 2602; baseline -0.003 -17"><span class='ocrx_word' id='word_1_180' title='bbox 583 2533 648 2585; x_wconf 86' lang='lat' dir='ltr'><strong>Et</strong></span> <span class='ocrx_word' id='word_1_181' title='bbox 664 2530 840 2586; x_wconf 91' lang='lat' dir='ltr'><strong>datur</strong></span> <span class='ocrx_word' id='word_1_182' title='bbox 867 2530 1111 2602; x_wconf 88' lang='lat' dir='ltr'><strong>quidem</strong></span> <span class='ocrx_word' id='word_1_183' title='bbox 1147 2545 1182 2584; x_wconf 90' lang='lat' dir='ltr'><strong>a</strong></span> <span class='ocrx_word' id='word_1_184' title='bbox 1220 2530 1408 2592; x_wconf 88' lang='lat' dir='ltr'><strong>Patre,</strong></span> <span class='ocrx_word' id='word_1_185' title='bbox 1437 2533 1633 2598; x_wconf 88' lang='lat' dir='ltr'><strong>utpote</strong></span> <span class='ocrx_word' id='word_1_186' title='bbox 1656 2526 1849 2582; x_wconf 88' lang='lat' dir='ltr'><strong>abillo</strong></span> <span class='ocrx_word' id='word_1_187' title='bbox 1883 2527 2232 2599; x_wconf 87' lang='lat' dir='ltr'><strong>procedens,</strong></span> 
     </span>
    </p>
   </div>
   <div class='ocr_carea' id='block_1_30' title="bbox 584 2615 2234 2688">
    <p class='ocr_par' dir='ltr' id='par_1_30' title="bbox 584 2615 2234 2688">
     <span class='ocr_line' id='line_1_30' title="bbox 584 2615 2234 2688; baseline -0.002 -14"><span class='ocrx_word' id='word_1_188' title='bbox 584 2619 830 2674; x_wconf 89' lang='lat' dir='ltr'><strong>mittitur</strong></span> <span class='ocrx_word' id='word_1_189' title='bbox 867 2634 1008 2674; x_wconf 89' lang='lat' dir='ltr'><strong>vero</strong></span> <span class='ocrx_word' id='word_1_190' title='bbox 1039 2634 1075 2673; x_wconf 90' lang='lat' dir='ltr'><strong>a</strong></span> <span class='ocrx_word' id='word_1_191' title='bbox 1104 2617 1251 2673; x_wconf 93' lang='lat' dir='ltr'><strong>Filio</strong></span> <span class='ocrx_word' id='word_1_192' title='bbox 1282 2615 1453 2688; x_wconf 89' lang='lat' dir='ltr'><strong>quasi</strong></span> <span class='ocrx_word' id='word_1_193' title='bbox 1481 2631 1811 2686; x_wconf 90' lang='lat' dir='ltr'><strong>cooperans</strong></span> <span class='ocrx_word' id='word_1_194' title='bbox 1854 2622 1910 2670; x_wconf 89' lang='lat' dir='ltr'><strong>et</strong></span> <span class='ocrx_word' id='word_1_195' title='bbox 1949 2631 2067 2671; x_wconf 91' lang='lat' dir='ltr'><strong>non</strong></span> <span class='ocrx_word' id='word_1_196' title='bbox 2097 2632 2234 2671; x_wconf 91' lang='lat' dir='ltr'><strong>con-</strong></span> 
     </span>
    </p>
   </div>
   <div class='ocr_carea' id='block_1_31' title="bbox 584 2704 2234 2777">
    <p class='ocr_par' dir='ltr' id='par_1_31' title="bbox 584 2704 2234 2777">
     <span class='ocr_line' id='line_1_31' title="bbox 584 2704 2234 2777; baseline -0.002 -14"><span class='ocrx_word' id='word_1_197' title='bbox 584 2709 822 2763; x_wconf 89' lang='lat' dir='ltr'><strong>trarius.</strong></span> <span class='ocrx_word' id='word_1_198' title='bbox 855 2711 1017 2764; x_wconf 88' lang='lat' dir='ltr'><strong>Nunc</strong></span> <span class='ocrx_word' id='word_1_199' title='bbox 1037 2707 1232 2777; x_wconf 89' lang='lat' dir='ltr'><strong>itaque</strong></span> <span class='ocrx_word' id='word_1_200' title='bbox 1259 2706 1384 2760; x_wconf 89' lang='lat' dir='ltr'><strong>dari</strong></span> <span class='ocrx_word' id='word_1_201' title='bbox 1409 2721 1478 2760; x_wconf 92' lang='lat' dir='ltr'><strong>ac</strong></span> <span class='ocrx_word' id='word_1_202' title='bbox 1507 2705 1654 2760; x_wconf 89' lang='lat' dir='ltr'><strong>mitti</strong></span> <span class='ocrx_word' id='word_1_203' title='bbox 1683 2704 1766 2759; x_wconf 94' lang='lat' dir='ltr'><strong>ait</strong></span> <span class='ocrx_word' id='word_1_204' title='bbox 1789 2705 2066 2776; x_wconf 90' lang='lat' dir='ltr'><strong>Spiritum</strong></span> <span class='ocrx_word' id='word_1_205' title='bbox 2101 2721 2234 2760; x_wconf 86' lang='lat' dir='ltr'><strong>san-</strong></span> 
     </span>
    </p>
   </div>
   <div class='ocr_carea' id='block_1_32' title="bbox 583 2793 2238 2866">
    <p class='ocr_par' dir='ltr' id='par_1_32' title="bbox 583 2793 2238 2866">
     <span class='ocr_line' id='line_1_32' title="bbox 583 2793 2238 2866; baseline -0.001 -15"><span class='ocrx_word' id='word_1_206' title='bbox 583 2802 741 2852; x_wconf 93' lang='lat' dir='ltr'><strong>ctum</strong></span> <span class='ocrx_word' id='word_1_207' title='bbox 779 2796 877 2852; x_wconf 90' lang='lat' dir='ltr'><strong>:in</strong></span> <span class='ocrx_word' id='word_1_208' title='bbox 912 2794 1294 2866; x_wconf 84' lang='lat' dir='ltr'><strong>sequentibus</strong></span> <span class='ocrx_word' id='word_1_209' title='bbox 1321 2799 1518 2849; x_wconf 90' lang='lat' dir='ltr'><strong>autem</strong></span> <span class='ocrx_word' id='word_1_210' title='bbox 1553 2794 1730 2848; x_wconf 90' lang='lat' dir='ltr'><strong>etiam</strong></span> <span class='ocrx_word' id='word_1_211' title='bbox 1756 2793 1939 2864; x_wconf 88' lang='lat' dir='ltr'><strong>hujus</strong></span> <span class='ocrx_word' id='word_1_212' title='bbox 1981 2794 2238 2850; x_wconf 87' lang='lat' dir='ltr'><strong>ostendit</strong></span> 
     </span>
    </p>
   </div>
   <div class='ocr_carea' id='block_1_33' title="bbox 581 2883 2237 2957">
    <p class='ocr_par' dir='ltr' id='par_1_33' title="bbox 581 2883 2237 2957">
     <span class='ocr_line' id='line_1_33' title="bbox 581 2883 2237 2957; baseline 0 -17"><span class='ocrx_word' id='word_1_213' title='bbox 581 2890 932 2957; x_wconf 89' lang='lat' dir='ltr'><strong>potestatem</strong></span> <span class='ocrx_word' id='word_1_214' title='bbox 973 2883 1179 2939; x_wconf 88' lang='lat' dir='ltr'><strong>dicens</strong></span> <span class='ocrx_word' id='word_1_215' title='bbox 1213 2899 1226 2937; x_wconf 92' lang='lat'><strong>:</strong></span> <span class='ocrx_word' id='word_1_216' title='bbox 1262 2885 1405 2938; x_wconf 84' lang='lat' dir='ltr'><strong>Cum</strong></span> <span class='ocrx_word' id='word_1_217' title='bbox 1434 2888 1629 2938; x_wconf 85' lang='lat' dir='ltr'><strong>autem</strong></span> <span class='ocrx_word' id='word_1_218' title='bbox 1662 2884 1887 2937; x_wconf 81' lang='lat' dir='ltr'><strong>venerit</strong></span> <span class='ocrx_word' id='word_1_219' title='bbox 1916 2883 2017 2938; x_wconf 87' lang='lat' dir='ltr'><strong>ille</strong></span> <span class='ocrx_word' id='word_1_220' title='bbox 2074 2885 2144 2949; x_wconf 70' lang='lat'><strong>9‘,</strong></span> <span class='ocrx_word' id='word_1_221' title='bbox 2180 2888 2237 2940; x_wconf 89' lang='lat' dir='ltr'><strong>et</strong></span> 
     </span>
    </p>
   </div>
   <div class='ocr_carea' id='block_1_34' title="bbox 579 2978 811 3029">
    <p class='ocr_par' dir='ltr' id='par_1_34' title="bbox 579 2978 811 3029">
     <span class='ocr_line' id='line_1_34' title="bbox 579 2978 811 3029; baseline 0 0"><span class='ocrx_word' id='word_1_222' title='bbox 579 2978 811 3029; x_wconf 64' lang='lat' dir='ltr'><strong>caetera.</strong></span> 
     </span>
    </p>
   </div>
   <div class='ocr_carea' id='block_1_35' title="bbox 649 3059 2233 3130">
    <p class='ocr_par' dir='ltr' id='par_1_35' title="bbox 649 3059 2233 3130">
     <span class='ocr_line' id='line_1_35' title="bbox 649 3059 2233 3130; baseline 0 -14"><span class='ocrx_word' id='word_1_223' title='bbox 649 3064 813 3118; x_wconf 86' lang='lat' dir='ltr'><strong>Vers.</strong></span> <span class='ocrx_word' id='word_1_224' title='bbox 843 3065 925 3116; x_wconf 81' lang='grc'><strong>16.</strong></span> <span class='ocrx_word' id='word_1_225' title='bbox 951 3061 1019 3117; x_wconf 87' lang='lat' dir='ltr'><strong>Ut</strong></span> <span class='ocrx_word' id='word_1_226' title='bbox 1048 3091 1113 3101; x_wconf 94' lang='lat'>—</span> <span class='ocrx_word' id='word_1_227' title='bbox 1136 3066 1430 3117; x_wconf 72' lang='lat' dir='ltr'><strong>aeternum.</strong></span> <span class='ocrx_word' id='word_1_228' title='bbox 1457 3059 1567 3124; x_wconf 87' lang='lat' dir='ltr'><strong>Qui</strong></span> <span class='ocrx_word' id='word_1_229' title='bbox 1589 3075 1696 3114; x_wconf 91' lang='lat' dir='ltr'><strong>nec</strong></span> <span class='ocrx_word' id='word_1_230' title='bbox 1712 3063 1847 3130; x_wconf 92' lang='lat' dir='ltr'><strong>post</strong></span> <span class='ocrx_word' id='word_1_231' title='bbox 1872 3064 2122 3116; x_wconf 92' lang='lat' dir='ltr'><strong>mortem</strong></span> <span class='ocrx_word' id='word_1_232' title='bbox 2141 3076 2233 3116; x_wconf 89' lang='lat' dir='ltr'><strong>ve-</strong></span> 
     </span>
    </p>
   </div>
   <div class='ocr_carea' id='block_1_36' title="bbox 579 3147 2231 3222">
    <p class='ocr_par' dir='ltr' id='par_1_36' title="bbox 579 3147 2231 3222">
     <span class='ocr_line' id='line_1_36' title="bbox 579 3147 2231 3222; baseline 0 -17"><span class='ocrx_word' id='word_1_233' title='bbox 579 3155 763 3206; x_wconf 89' lang='lat' dir='ltr'><strong>stram</strong></span> <span class='ocrx_word' id='word_1_234' title='bbox 791 3154 1116 3222; x_wconf 88' lang='lat' dir='ltr'><strong>separetur.</strong></span> <span class='ocrx_word' id='word_1_235' title='bbox 1145 3147 1366 3204; x_wconf 91' lang='lat' dir='ltr'><strong>Deinde</strong></span> <span class='ocrx_word' id='word_1_236' title='bbox 1385 3148 1562 3204; x_wconf 88' lang='lat' dir='ltr'><strong>etiam</strong></span> <span class='ocrx_word' id='word_1_237' title='bbox 1585 3148 1776 3216; x_wconf 92' lang='lat' dir='ltr'><strong>docet,</strong></span> <span class='ocrx_word' id='word_1_238' title='bbox 1805 3147 1936 3220; x_wconf 90' lang='lat' dir='ltr'><strong>quis</strong></span> <span class='ocrx_word' id='word_1_239' title='bbox 1968 3151 2044 3204; x_wconf 91' lang='lat' dir='ltr'><strong>sit</strong></span> <span class='ocrx_word' id='word_1_240' title='bbox 2076 3149 2231 3205; x_wconf 90' lang='lat' dir='ltr'><strong>alius</strong></span> 
     </span>
    </p>
   </div>
   <div class='ocr_carea' id='block_1_37' title="bbox 578 3239 932 3296">
    <p class='ocr_par' dir='ltr' id='par_1_37' title="bbox 578 3239 932 3296">
     <span class='ocr_line' id='line_1_37' title="bbox 578 3239 932 3296; baseline -0.003 1"><span class='ocrx_word' id='word_1_241' title='bbox 578 3239 932 3296; x_wconf 90' lang='lat' dir='ltr'><strong>Paracletus.</strong></span> 
     </span>
    </p>
   </div>
   <div class='ocr_carea' id='block_1_38' title="bbox 649 3327 2226 3392">
    <p class='ocr_par' dir='ltr' id='par_1_38' title="bbox 649 3327 2226 3392">
     <span class='ocr_line' id='line_1_38' title="bbox 649 3327 2226 3392; baseline 0.001 -8"><span class='ocrx_word' id='word_1_242' title='bbox 649 3331 809 3386; x_wconf 89' lang='lat' dir='ltr'><strong>Vers.</strong></span> <span class='ocrx_word' id='word_1_243' title='bbox 849 3335 931 3384; x_wconf 78' lang='lat' dir='ltr'><strong>t7.</strong></span> <span class='ocrx_word' id='word_1_244' title='bbox 964 3328 1246 3388; x_wconf 77' lang='lat' dir='ltr'><strong>Spiritum</strong></span> <span class='ocrx_word' id='word_1_245' title='bbox 1271 3327 1548 3384; x_wconf 79' lang='lat' dir='ltr'><strong>veritatis.</strong></span> <span class='ocrx_word' id='word_1_246' title='bbox 1581 3330 1699 3383; x_wconf 83' lang='lat' dir='ltr'><strong>Hoc</strong></span> <span class='ocrx_word' id='word_1_247' title='bbox 1725 3331 1831 3392; x_wconf 92' lang='lat' dir='ltr'><strong>est,</strong></span> <span class='ocrx_word' id='word_1_248' title='bbox 1865 3343 2072 3384; x_wconf 90' lang='lat' dir='ltr'><strong>verum</strong></span> <span class='ocrx_word' id='word_1_249' title='bbox 2105 3329 2226 3385; x_wconf 88' lang='lat' dir='ltr'><strong>sive</strong></span> 
     </span>
    </p>
   </div>
   <div class='ocr_carea' id='block_1_39' title="bbox 577 3415 2230 3492">
    <p class='ocr_par' dir='ltr' id='par_1_39' title="bbox 577 3415 2230 3492">
     <span class='ocr_line' id='line_1_39' title="bbox 577 3415 2230 3492; baseline -0.001 -18"><span class='ocrx_word' id='word_1_250' title='bbox 577 3419 972 3492; x_wconf 68' lang='lat' dir='ltr'><strong>praecipuum,</strong></span> <span class='ocrx_word' id='word_1_251' title='bbox 1001 3422 1295 3489; x_wconf 90' lang='lat' dir='ltr'><strong>quantum</strong></span> <span class='ocrx_word' id='word_1_252' title='bbox 1314 3417 1390 3472; x_wconf 91' lang='lat' dir='ltr'><strong>ad</strong></span> <span class='ocrx_word' id='word_1_253' title='bbox 1409 3417 1560 3472; x_wconf 89' lang='lat' dir='ltr'><strong>alios</strong></span> <span class='ocrx_word' id='word_1_254' title='bbox 1589 3415 1848 3487; x_wconf 90' lang='lat' dir='ltr'><strong>spiritus.</strong></span> <span class='ocrx_word' id='word_1_255' title='bbox 1869 3419 2016 3472; x_wconf 89' lang='lat' dir='ltr'><strong>Nam</strong></span> <span class='ocrx_word' id='word_1_256' title='bbox 2047 3422 2103 3472; x_wconf 92' lang='lat' dir='ltr'><strong>et</strong></span> <span class='ocrx_word' id='word_1_257' title='bbox 2128 3433 2230 3472; x_wconf 90' lang='lat' dir='ltr'><strong>an-</strong></span> 
     </span>
    </p>
   </div>
   <div class='ocr_carea' id='block_1_40' title="bbox 576 3505 2226 3578">
    <p class='ocr_par' dir='ltr' id='par_1_40' title="bbox 576 3505 2226 3578">
     <span class='ocr_line' id='line_1_40' title="bbox 576 3505 2226 3578; baseline -0.001 -15"><span class='ocrx_word' id='word_1_258' title='bbox 576 3508 740 3578; x_wconf 90' lang='lat' dir='ltr'><strong>gelus</strong></span> <span class='ocrx_word' id='word_1_259' title='bbox 771 3507 985 3563; x_wconf 90' lang='lat' dir='ltr'><strong>dicitur</strong></span> <span class='ocrx_word' id='word_1_260' title='bbox 1011 3507 1241 3578; x_wconf 89' lang='lat' dir='ltr'><strong>spiritus</strong></span> <span class='ocrx_word' id='word_1_261' title='bbox 1268 3510 1324 3562; x_wconf 92' lang='lat' dir='ltr'><strong>et</strong></span> <span class='ocrx_word' id='word_1_262' title='bbox 1358 3505 1565 3561; x_wconf 90' lang='lat' dir='ltr'><strong>anima</strong></span> <span class='ocrx_word' id='word_1_263' title='bbox 1595 3510 1652 3560; x_wconf 90' lang='lat' dir='ltr'><strong>et</strong></span> <span class='ocrx_word' id='word_1_264' title='bbox 1682 3510 1894 3560; x_wconf 89' lang='lat' dir='ltr'><strong>ventus</strong></span> <span class='ocrx_word' id='word_1_265' title='bbox 1938 3522 2008 3561; x_wconf 89' lang='lat' dir='ltr'><strong>ac</strong></span> <span class='ocrx_word' id='word_1_266' title='bbox 2033 3506 2226 3577; x_wconf 90' lang='lat' dir='ltr'><strong>plera-</strong></span> 
     </span>
    </p>
   </div>
   <div class='ocr_carea' id='block_1_41' title="bbox 577 3594 2225 3669">
    <p class='ocr_par' dir='ltr' id='par_1_41' title="bbox 577 3594 2225 3669">
     <span class='ocr_line' id='line_1_41' title="bbox 577 3594 2225 3669; baseline -0.002 -17"><span class='ocrx_word' id='word_1_267' title='bbox 577 3613 696 3669; x_wconf 89' lang='lat' dir='ltr'><strong>que</strong></span> <span class='ocrx_word' id='word_1_268' title='bbox 727 3596 862 3652; x_wconf 90' lang='lat' dir='ltr'><strong>alia.</strong></span> <span class='ocrx_word' id='word_1_269' title='bbox 888 3600 966 3652; x_wconf 87' lang='lat' dir='ltr'><strong>Ne</strong></span> <span class='ocrx_word' id='word_1_270' title='bbox 993 3602 1195 3650; x_wconf 91' lang='lat' dir='ltr'><strong>autem</strong></span> <span class='ocrx_word' id='word_1_271' title='bbox 1218 3595 1403 3650; x_wconf 88' lang='lat' dir='ltr'><strong>alium</strong></span> <span class='ocrx_word' id='word_1_272' title='bbox 1429 3594 1704 3666; x_wconf 91' lang='lat' dir='ltr'><strong>spiritum</strong></span> <span class='ocrx_word' id='word_1_273' title='bbox 1735 3595 2066 3661; x_wconf 88' lang='lat' dir='ltr'><strong>audientes,</strong></span> <span class='ocrx_word' id='word_1_274' title='bbox 2093 3612 2225 3650; x_wconf 84' lang='lat' dir='ltr'><strong>sus-</strong></span> 
     </span>
    </p>
   </div>
   <div class='ocr_carea' id='block_1_42' title="bbox 578 3684 2226 3758">
    <p class='ocr_par' dir='ltr' id='par_1_42' title="bbox 578 3684 2226 3758">
     <span class='ocr_line' id='line_1_42' title="bbox 578 3684 2226 3758; baseline -0.001 -17"><span class='ocrx_word' id='word_1_275' title='bbox 578 3686 851 3758; x_wconf 91' lang='lat' dir='ltr'><strong>picentur</strong></span> <span class='ocrx_word' id='word_1_276' title='bbox 871 3687 1049 3742; x_wconf 88' lang='lat' dir='ltr'><strong>etiam</strong></span> <span class='ocrx_word' id='word_1_277' title='bbox 1072 3685 1238 3740; x_wconf 92' lang='lat' dir='ltr'><strong>illum</strong></span> <span class='ocrx_word' id='word_1_278' title='bbox 1275 3699 1406 3740; x_wconf 89' lang='lat' dir='ltr'><strong>esse</strong></span> <span class='ocrx_word' id='word_1_279' title='bbox 1438 3684 1498 3739; x_wconf 86' lang='lat' dir='ltr'><strong>in</strong></span> <span class='ocrx_word' id='word_1_280' title='bbox 1525 3698 1725 3752; x_wconf 88' lang='lat' dir='ltr'><strong>carne,</strong></span> <span class='ocrx_word' id='word_1_281' title='bbox 1749 3699 1818 3740; x_wconf 90' lang='lat' dir='ltr'><strong>ac</strong></span> <span class='ocrx_word' id='word_1_282' title='bbox 1845 3684 2226 3742; x_wconf 91' lang='lat' dir='ltr'><strong>sensibilibus</strong></span> 
     </span>
    </p>
   </div>
   <div class='ocr_carea' id='block_1_43' title="bbox 577 3773 1286 3844">
    <p class='ocr_par' dir='ltr' id='par_1_43' title="bbox 577 3773 1286 3844">
     <span class='ocr_line' id='line_1_43' title="bbox 577 3773 1286 3844; baseline 0 -15"><span class='ocrx_word' id='word_1_283' title='bbox 577 3775 866 3830; x_wconf 88' lang='lat' dir='ltr'><strong>visibilem</strong></span> <span class='ocrx_word' id='word_1_284' title='bbox 899 3773 1108 3844; x_wconf 87' lang='lat' dir='ltr'><strong>oculis,</strong></span> <span class='ocrx_word' id='word_1_285' title='bbox 1150 3774 1230 3830; x_wconf 89' lang='lat' dir='ltr'><strong>ait</strong></span> <span class='ocrx_word' id='word_1_286' title='bbox 1273 3789 1286 3829; x_wconf 88' lang='lat'>:</span> 
     </span>
    </p>
   </div>
   <div class='ocr_carea' id='block_1_44' title="bbox 649 3862 2227 3937">
    <p class='ocr_par' dir='ltr' id='par_1_44' title="bbox 649 3862 2227 3937">
     <span class='ocr_line' id='line_1_44' title="bbox 649 3862 2227 3937; baseline 0.001 -18"><span class='ocrx_word' id='word_1_287' title='bbox 649 3865 806 3919; x_wconf 85' lang='lat' dir='ltr'><strong>Vers.</strong></span> <span class='ocrx_word' id='word_1_288' title='bbox 843 3866 927 3919; x_wconf 80' lang='grc'><strong>17.</strong></span> <span class='ocrx_word' id='word_1_289' title='bbox 965 3864 1140 3929; x_wconf 83' lang='lat' dir='ltr'><strong>Quem</strong></span> <span class='ocrx_word' id='word_1_290' title='bbox 1167 3895 1234 3904; x_wconf 94' lang='lat'>—</span> <span class='ocrx_word' id='word_1_291' title='bbox 1261 3862 1546 3931; x_wconf 85' lang='lat' dir='ltr'><strong>accipere.</strong></span> <span class='ocrx_word' id='word_1_292' title='bbox 1577 3865 1703 3919; x_wconf 88' lang='lat' dir='ltr'><strong>Non</strong></span> <span class='ocrx_word' id='word_1_293' title='bbox 1743 3865 1934 3935; x_wconf 88' lang='lat' dir='ltr'><strong>potest</strong></span> <span class='ocrx_word' id='word_1_294' title='bbox 1961 3864 2227 3937; x_wconf 90' lang='lat' dir='ltr'><strong>accipere</strong></span> 
     </span>
    </p>
   </div>
   <div class='ocr_carea' id='block_1_45' title="bbox 581 3953 958 4010">
    <p class='ocr_par' dir='ltr' id='par_1_45' title="bbox 581 3953 958 4010">
     <span class='ocr_line' id='line_1_45' title="bbox 581 3953 958 4010; baseline -0.005 0"><span class='ocrx_word' id='word_1_295' title='bbox 581 3953 958 4010; x_wconf 89' lang='lat' dir='ltr'><strong>sensibiliter.</strong></span> 
     </span>
    </p>
   </div>
   <div class='ocr_carea' id='block_1_46' title="bbox 651 4041 2229 4113">
    <p class='ocr_par' dir='ltr' id='par_1_46' title="bbox 651 4041 2229 4113">
     <span class='ocr_line' id='line_1_46' title="bbox 651 4041 2229 4113; baseline -0.001 -14"><span class='ocrx_word' id='word_1_296' title='bbox 651 4044 812 4099; x_wconf 88' lang='lat' dir='ltr'><strong>Vers.</strong></span> <span class='ocrx_word' id='word_1_297' title='bbox 855 4043 936 4098; x_wconf 80' lang='grc'><strong>17.</strong></span> <span class='ocrx_word' id='word_1_298' title='bbox 981 4041 1126 4108; x_wconf 86' lang='lat' dir='ltr'><strong>Quia</strong></span> <span class='ocrx_word' id='word_1_299' title='bbox 1157 4073 1225 4082; x_wconf 96' lang='lat'><strong>—</strong></span> <span class='ocrx_word' id='word_1_300' title='bbox 1253 4057 1402 4098; x_wconf 77' lang='lat' dir='ltr'><strong>eum.</strong></span> <span class='ocrx_word' id='word_1_301' title='bbox 1433 4041 1843 4113; x_wconf 89' lang='lat' dir='ltr'><strong>Corporaliter,</strong></span> <span class='ocrx_word' id='word_1_302' title='bbox 1873 4057 2010 4098; x_wconf 93' lang='lat' dir='ltr'><strong>cum</strong></span> <span class='ocrx_word' id='word_1_303' title='bbox 2042 4042 2116 4098; x_wconf 89' lang='lat' dir='ltr'><strong>sit</strong></span> <span class='ocrx_word' id='word_1_304' title='bbox 2143 4043 2229 4098; x_wconf 91' lang='lat' dir='ltr'><strong>in-</strong></span> 
     </span>
    </p>
   </div>
   <div class='ocr_carea' id='block_1_47' title="bbox 577 4131 926 4203">
    <p class='ocr_par' dir='ltr' id='par_1_47' title="bbox 577 4131 926 4203">
     <span class='ocr_line' id='line_1_47' title="bbox 577 4131 926 4203; baseline -0.003 -15"><span class='ocrx_word' id='word_1_305' title='bbox 577 4131 926 4203; x_wconf 89' lang='lat' dir='ltr'><strong>corporalis.</strong></span> 
     </span>
    </p>
   </div>
   <div class='ocr_carea' id='block_1_48' title="bbox 649 4219 2228 4290">
    <p class='ocr_par' dir='ltr' id='par_1_48' title="bbox 649 4219 2228 4290">
     <span class='ocr_line' id='line_1_48' title="bbox 649 4219 2228 4290; baseline 0.002 -16"><span class='ocrx_word' id='word_1_306' title='bbox 649 4223 809 4274; x_wconf 87' lang='lat' dir='ltr'><strong>Vers.</strong></span> <span class='ocrx_word' id='word_1_307' title='bbox 865 4224 946 4274; x_wconf 80' lang='lat' dir='ltr'><strong>l7.</strong></span> <span class='ocrx_word' id='word_1_308' title='bbox 997 4220 1119 4275; x_wconf 90' lang='lat' dir='ltr'><strong>Nec</strong></span> <span class='ocrx_word' id='word_1_309' title='bbox 1178 4220 1466 4290; x_wconf 80' lang='lat' dir='ltr'><strong>cognoscit</strong></span> <span class='ocrx_word' id='word_1_310' title='bbox 1495 4233 1641 4274; x_wconf 91' lang='lat' dir='ltr'><strong>eum.</strong></span> <span class='ocrx_word' id='word_1_311' title='bbox 1684 4220 1830 4274; x_wconf 86' lang='lat' dir='ltr'><strong>Cum</strong></span> <span class='ocrx_word' id='word_1_312' title='bbox 1889 4219 2056 4275; x_wconf 92' lang='lat' dir='ltr'><strong>illum</strong></span> <span class='ocrx_word' id='word_1_313' title='bbox 2105 4236 2228 4277; x_wconf 89' lang='lat' dir='ltr'><strong>non</strong></span> 
     </span>
    </p>
   </div>
   <div class='ocr_carea' id='block_1_49' title="bbox 577 4308 791 4364">
    <p class='ocr_par' dir='ltr' id='par_1_49' title="bbox 577 4308 791 4364">
     <span class='ocr_line' id='line_1_49' title="bbox 577 4308 791 4364; baseline -0.009 0"><span class='ocrx_word' id='word_1_314' title='bbox 577 4308 791 4364; x_wconf 83' lang='lat' dir='ltr'><strong>videat.</strong></span> 
     </span>
    </p>
   </div>
   <div class='ocr_carea' id='block_1_50' title="bbox 651 4395 2229 4469">
    <p class='ocr_par' dir='ltr' id='par_1_50' title="bbox 651 4395 2229 4469">
     <span class='ocr_line' id='line_1_50' title="bbox 651 4395 2229 4469; baseline 0.002 -16"><span class='ocrx_word' id='word_1_315' title='bbox 651 4395 993 4469; x_wconf 82' lang='lat' dir='ltr'><strong>Intelligitur</strong></span> <span class='ocrx_word' id='word_1_316' title='bbox 1015 4399 1213 4452; x_wconf 89' lang='lat' dir='ltr'><strong>autem</strong></span> <span class='ocrx_word' id='word_1_317' title='bbox 1237 4400 1291 4451; x_wconf 91' lang='lat' dir='ltr'><strong>et</strong></span> <span class='ocrx_word' id='word_1_318' title='bbox 1308 4395 1502 4452; x_wconf 89' lang='lat' dir='ltr'><strong>aliter:</strong></span> <span class='ocrx_word' id='word_1_319' title='bbox 1523 4397 1686 4468; x_wconf 92' lang='lat' dir='ltr'><strong>quod</strong></span> <span class='ocrx_word' id='word_1_320' title='bbox 1709 4397 1758 4451; x_wconf 93' lang='lat' dir='ltr'><strong>is</strong></span> <span class='ocrx_word' id='word_1_321' title='bbox 1799 4397 1893 4453; x_wconf 92' lang='lat' dir='ltr'><strong>cui</strong></span> <span class='ocrx_word' id='word_1_322' title='bbox 1919 4399 2229 4456; x_wconf 89' lang='lat' dir='ltr'><strong>mundana</strong></span> 
     </span>
    </p>
   </div>
   <div class='ocr_carea' id='block_1_51' title="bbox 577 4485 2228 4560">
    <p class='ocr_par' dir='ltr' id='par_1_51' title="bbox 577 4485 2228 4560">
     <span class='ocr_line' id='line_1_51' title="bbox 577 4485 2228 4560; baseline 0.001 -17"><span class='ocrx_word' id='word_1_323' title='bbox 577 4503 731 4543; x_wconf 64' lang='lat' dir='ltr'><strong>curae</strong></span> <span class='ocrx_word' id='word_1_324' title='bbox 763 4492 923 4550; x_wconf 90' lang='lat' dir='ltr'><strong>sunt,</strong></span> <span class='ocrx_word' id='word_1_325' title='bbox 950 4501 1069 4542; x_wconf 90' lang='lat' dir='ltr'><strong>non</strong></span> <span class='ocrx_word' id='word_1_326' title='bbox 1121 4490 1313 4558; x_wconf 91' lang='lat' dir='ltr'><strong>potest</strong></span> <span class='ocrx_word' id='word_1_327' title='bbox 1337 4485 1504 4541; x_wconf 92' lang='lat' dir='ltr'><strong>illum</strong></span> <span class='ocrx_word' id='word_1_328' title='bbox 1554 4486 1872 4557; x_wconf 90' lang='lat' dir='ltr'><strong>suscipere,</strong></span> <span class='ocrx_word' id='word_1_329' title='bbox 1916 4489 2058 4560; x_wconf 90' lang='lat' dir='ltr'><strong>quia</strong></span> <span class='ocrx_word' id='word_1_330' title='bbox 2105 4505 2228 4544; x_wconf 91' lang='lat' dir='ltr'><strong>non</strong></span> 
     </span>
    </p>
   </div>
   <div class='ocr_carea' id='block_1_52' title="bbox 2336 557 3987 638">
    <p class='ocr_par' dir='ltr' id='par_1_52' title="bbox 2336 557 3987 638">
     <span class='ocr_line' id='line_1_52' title="bbox 2336 557 3987 638; baseline 0.007 -31"><span class='ocrx_word' id='word_1_331' title='bbox 2336 557 2689 630; x_wconf 75' lang='grc' dir='ltr'>Παρακλητον,</span> <span class='ocrx_word' id='word_1_332' title='bbox 2734 562 2803 622; x_wconf 83' lang='grc' dir='ltr'>ὡς</span> <span class='ocrx_word' id='word_1_333' title='bbox 2849 560 2953 634; x_wconf 72' lang='grc' dir='ltr'><em>ἐμὲ,</em></span> <span class='ocrx_word' id='word_1_334' title='bbox 3007 567 3144 628; x_wconf 81' lang='grc' dir='ltr'>ἤτοι,</span> <span class='ocrx_word' id='word_1_335' title='bbox 3195 571 3508 638; x_wconf 79' lang='grc' dir='ltr'>παραινέτην</span> <span class='ocrx_word' id='word_1_336' title='bbox 3552 573 3648 620; x_wconf 89' lang='grc' dir='ltr'>καὶ</span> <span class='ocrx_word' id='word_1_337' title='bbox 3706 567 3987 624; x_wconf 58' lang='grc' dir='ltr'>ἀλείπτην</span> 
     </span>
    </p>
   </div>
   <div class='ocr_carea' id='block_1_53' title="bbox 2335 648 3986 729">
    <p class='ocr_par' dir='ltr' id='par_1_53' title="bbox 2335 648 3986 729">
     <span class='ocr_line' id='line_1_53' title="bbox 2335 648 3986 729; baseline 0.008 -32"><span class='ocrx_word' id='word_1_338' title='bbox 2335 648 2381 698; x_wconf 78' lang='grc' dir='ltr'>ἐν</span> <span class='ocrx_word' id='word_1_339' title='bbox 2429 655 2538 708; x_wconf 84' lang='grc' dir='ltr'>τοῖς</span> <span class='ocrx_word' id='word_1_340' title='bbox 2593 650 2771 710; x_wconf 84' lang='grc' dir='ltr'>ἄθλοις</span> <span class='ocrx_word' id='word_1_341' title='bbox 2824 659 2916 714; x_wconf 76' lang='grc' dir='ltr'>τῆς</span> <span class='ocrx_word' id='word_1_342' title='bbox 2993 651 3198 726; x_wconf 80' lang='grc' dir='ltr'>ἀρετῆς,</span> <span class='ocrx_word' id='word_1_343' title='bbox 3269 663 3359 708; x_wconf 83' lang='grc' dir='ltr'>καὶ</span> <span class='ocrx_word' id='word_1_344' title='bbox 3411 657 3525 729; x_wconf 79' lang='grc'><strong>(10)</strong></span> <span class='ocrx_word' id='word_1_345' title='bbox 3580 657 3986 729; x_wconf 64' lang='grc' dir='ltr'><strong>ψυχαγωγίαν</strong></span> 
     </span>
    </p>
   </div>
   <div class='ocr_carea' id='block_1_54' title="bbox 2335 734 3986 818">
    <p class='ocr_par' dir='ltr' id='par_1_54' title="bbox 2335 734 3986 818">
     <span class='ocr_line' id='line_1_54' title="bbox 2335 734 3986 818; baseline 0.008 -32"><span class='ocrx_word' id='word_1_346' title='bbox 2335 734 2382 786; x_wconf 85' lang='grc' dir='ltr'>ἐν</span> <span class='ocrx_word' id='word_1_347' title='bbox 2439 745 2549 797; x_wconf 86' lang='grc' dir='ltr'>ταῖς</span> <span class='ocrx_word' id='word_1_348' title='bbox 2611 738 2818 810; x_wconf 64' lang='grc' dir='ltr'>θλίψεσι</span> <span class='ocrx_word' id='word_1_349' title='bbox 2867 746 2956 794; x_wconf 84' lang='grc' dir='ltr'><strong>καὶ</strong></span> <span class='ocrx_word' id='word_1_350' title='bbox 3004 741 3294 814; x_wconf 61' lang='grc' dir='ltr'>ἀντίληψιν.</span> <span class='ocrx_word' id='word_1_351' title='bbox 3354 746 3523 798; x_wconf 83' lang='grc' dir='ltr'>Εἰπὼν</span> <span class='ocrx_word' id='word_1_352' title='bbox 3567 751 3663 818; x_wconf 67' lang='grc' dir='ltr'><strong>μὲν</strong></span> <span class='ocrx_word' id='word_1_353' title='bbox 3706 745 3840 812; x_wconf 72' lang='grc' dir='ltr'>οὖν,</span> <span class='ocrx_word' id='word_1_354' title='bbox 3905 751 3986 799; x_wconf 70' lang='grc' dir='ltr'>ὅτι</span> 
     </span>
    </p>
   </div>
   <div class='ocr_carea' id='block_1_55' title="bbox 2335 824 3982 910">
    <p class='ocr_par' dir='ltr' id='par_1_55' title="bbox 2335 824 3982 910">
     <span class='ocr_line' id='line_1_55' title="bbox 2335 824 3982 910; baseline 0.007 -32"><span class='ocrx_word' id='word_1_355' title='bbox 2335 824 2502 896; x_wconf 77' lang='grc' dir='ltr'>ἄλλον,</span> <span class='ocrx_word' id='word_1_356' title='bbox 2563 825 2727 891; x_wconf 85' lang='grc' dir='ltr'><strong>ἔδειξε</strong></span> <span class='ocrx_word' id='word_1_357' title='bbox 2776 839 2874 882; x_wconf 85' lang='grc' dir='ltr'>τῶν</span> <span class='ocrx_word' id='word_1_358' title='bbox 2937 833 3273 886; x_wconf 77' lang='grc' dir='ltr'>ὑποστάσεων</span> <span class='ocrx_word' id='word_1_359' title='bbox 3327 840 3384 887; x_wconf 85' lang='grc' dir='ltr'>τό</span> <span class='ocrx_word' id='word_1_360' title='bbox 3431 833 3706 910; x_wconf 72' lang='grc' dir='ltr'>διαφορονο</span> <span class='ocrx_word' id='word_1_361' title='bbox 3795 845 3982 909; x_wconf 60' lang='grc' dir='ltr'>φήσας</span> 
     </span>
    </p>
   </div>
   <div class='ocr_carea' id='block_1_56' title="bbox 2337 911 3976 996">
    <p class='ocr_par' dir='ltr' id='par_1_56' title="bbox 2337 911 3976 996">
     <span class='ocr_line' id='line_1_56' title="bbox 2337 911 3976 996; baseline 0.007 -30"><span class='ocrx_word' id='word_1_362' title='bbox 2337 911 2415 983; x_wconf 73' lang='grc' dir='ltr'><strong>δὲ,</strong></span> <span class='ocrx_word' id='word_1_363' title='bbox 2475 918 2555 968; x_wconf 81' lang='grc' dir='ltr'>ὅτι</span> <span class='ocrx_word' id='word_1_364' title='bbox 2617 920 2973 992; x_wconf 83' lang='grc' dir='ltr'>Παροξκλητον,</span> <span class='ocrx_word' id='word_1_365' title='bbox 3033 918 3244 985; x_wconf 77' lang='grc' dir='ltr'><strong>ἐδίδαξε</strong></span> <span class='ocrx_word' id='word_1_366' title='bbox 3295 932 3389 986; x_wconf 83' lang='grc' dir='ltr'>τῆς</span> <span class='ocrx_word' id='word_1_367' title='bbox 3438 928 3644 996; x_wconf 71' lang='grc' dir='ltr'>φύσεως</span> <span class='ocrx_word' id='word_1_368' title='bbox 3700 931 3770 978; x_wconf 81' lang='grc' dir='ltr'>τὸ</span> <span class='ocrx_word' id='word_1_369' title='bbox 3850 947 3976 978; x_wconf 70' lang='grc' dir='ltr'>ταν-</span> 
     </span>
    </p>
   </div>
   <div class='ocr_carea' id='block_1_57' title="bbox 2335 1008 3970 1089">
    <p class='ocr_par' dir='ltr' id='par_1_57' title="bbox 2335 1008 3970 1089">
     <span class='ocr_line' id='line_1_57' title="bbox 2335 1008 3970 1089; baseline 0.008 -33"><span class='ocrx_word' id='word_1_370' title='bbox 2335 1010 2440 1058; x_wconf 87' lang='grc' dir='ltr'><strong>τὸν.</strong></span> <span class='ocrx_word' id='word_1_371' title='bbox 2493 1008 2824 1079; x_wconf 81' lang='grc' dir='ltr'>Παροίκλητοι</span> <span class='ocrx_word' id='word_1_372' title='bbox 2865 1013 2965 1082; x_wconf 75' lang='grc' dir='ltr'><strong>γὰρ</strong></span> <span class='ocrx_word' id='word_1_373' title='bbox 3025 1016 3112 1064; x_wconf 84' lang='grc' dir='ltr'>καὶ</span> <span class='ocrx_word' id='word_1_374' title='bbox 3161 1014 3184 1064; x_wconf 85' lang='grc' dir='ltr'><strong><em>ὁ</em></strong></span> <span class='ocrx_word' id='word_1_375' title='bbox 3237 1016 3356 1076; x_wconf 82' lang='grc' dir='ltr'><strong>Υἱὸς</strong></span> <span class='ocrx_word' id='word_1_376' title='bbox 3393 1019 3481 1067; x_wconf 85' lang='grc' dir='ltr'>καὶ</span> <span class='ocrx_word' id='word_1_377' title='bbox 3529 1020 3584 1067; x_wconf 84' lang='grc' dir='ltr'>τό</span> <span class='ocrx_word' id='word_1_378' title='bbox 3636 1023 3879 1089; x_wconf 72' lang='grc' dir='ltr'>Πνεῦμα</span> <span class='ocrx_word' id='word_1_379' title='bbox 3921 1025 3970 1069; x_wconf 63' lang='grc' dir='ltr'>τό</span> 
     </span>
    </p>
   </div>
   <div class='ocr_carea' id='block_1_58' title="bbox 2338 1094 2504 1165">
    <p class='ocr_par' dir='ltr' id='par_1_58' title="bbox 2338 1094 2504 1165">
     <span class='ocr_line' id='line_1_58' title="bbox 2338 1094 2504 1165; baseline 0.018 -21"><span class='ocrx_word' id='word_1_380' title='bbox 2338 1094 2504 1165; x_wconf 74' lang='grc' dir='ltr'>ἅγιον.</span> 
     </span>
    </p>
   </div>
   <div class='ocr_carea' id='block_1_59' title="bbox 2412 1183 3971 1264">
    <p class='ocr_par' dir='ltr' id='par_1_59' title="bbox 2412 1183 3971 1264">
     <span class='ocr_line' id='line_1_59' title="bbox 2412 1183 3971 1264; baseline 0.005 -28"><span class='ocrx_word' id='word_1_381' title='bbox 2412 1185 2520 1236; x_wconf 71' lang='grc' dir='ltr'><strong>Οὐκ</strong></span> <span class='ocrx_word' id='word_1_382' title='bbox 2573 1183 2680 1238; x_wconf 81' lang='grc' dir='ltr'>εἷπε</span> <span class='ocrx_word' id='word_1_383' title='bbox 2729 1183 2806 1252; x_wconf 76' lang='grc' dir='ltr'><strong>δὲ,</strong></span> <span class='ocrx_word' id='word_1_384' title='bbox 2863 1189 2943 1241; x_wconf 85' lang='grc' dir='ltr'>ὅτι</span> <span class='ocrx_word' id='word_1_385' title='bbox 2995 1190 3211 1263; x_wconf 68' lang='grc' dir='ltr'><strong>Πέμψω,</strong></span> <span class='ocrx_word' id='word_1_386' title='bbox 3266 1193 3347 1244; x_wconf 81' lang='grc' dir='ltr'>ἵνα</span> <span class='ocrx_word' id='word_1_387' title='bbox 3385 1197 3456 1264; x_wconf 77' lang='grc' dir='ltr'><strong>μὴ</strong></span> <span class='ocrx_word' id='word_1_388' title='bbox 3526 1192 3780 1254; x_wconf 84' lang='grc' dir='ltr'>ἁντιθεος</span> <span class='ocrx_word' id='word_1_389' title='bbox 3842 1193 3971 1246; x_wconf 67' lang='grc' dir='ltr'>εἶναι</span> 
     </span>
    </p>
   </div>
   <div class='ocr_carea' id='block_1_60' title="bbox 2341 1268 3972 1345">
    <p class='ocr_par' dir='ltr' id='par_1_60' title="bbox 2341 1268 3972 1345">
     <span class='ocr_line' id='line_1_60' title="bbox 2341 1268 3972 1345; baseline 0.007 -23"><span class='ocrx_word' id='word_1_390' title='bbox 2341 1268 2468 1345; x_wconf 79' lang='grc' dir='ltr'><strong>δόξῃ</strong></span> <span class='ocrx_word' id='word_1_391' title='bbox 2515 1295 2610 1340; x_wconf 76' lang='grc' dir='ltr'>τις,</span> <span class='ocrx_word' id='word_1_392' title='bbox 2645 1282 2733 1328; x_wconf 86' lang='grc' dir='ltr'>καὶ</span> <span class='ocrx_word' id='word_1_393' title='bbox 2772 1280 2842 1338; x_wconf 85' lang='grc' dir='ltr'>ὡς</span> <span class='ocrx_word' id='word_1_394' title='bbox 2881 1277 2980 1331; x_wconf 83' lang='grc' dir='ltr'>ἀπὸ</span> <span class='ocrx_word' id='word_1_395' title='bbox 3027 1280 3188 1342; x_wconf 83' lang='grc' dir='ltr'>οῖλλης</span> <span class='ocrx_word' id='word_1_396' title='bbox 3231 1285 3367 1342; x_wconf 77' lang='grc' dir='ltr'>τινὸς</span> <span class='ocrx_word' id='word_1_397' title='bbox 3412 1281 3650 1344; x_wconf 82' lang='grc' dir='ltr'>ἐξουσίας</span> <span class='ocrx_word' id='word_1_398' title='bbox 3681 1287 3972 1336; x_wconf 66' lang='grc' dir='ltr'>ποιεῖσθαι</span> 
     </span>
    </p>
   </div>
   <div class='ocr_carea' id='block_1_61' title="bbox 2341 1362 3980 1445">
    <p class='ocr_par' dir='ltr' id='par_1_61' title="bbox 2341 1362 3980 1445">
     <span class='ocr_line' id='line_1_61' title="bbox 2341 1362 3980 1445; baseline 0.007 -33"><span class='ocrx_word' id='word_1_399' title='bbox 2341 1366 2458 1422; x_wconf 78' lang='grc' dir='ltr'>τοὺς</span> <span class='ocrx_word' id='word_1_400' title='bbox 2514 1362 2712 1434; x_wconf 76' lang='grc' dir='ltr'>λόγους.</span> <span class='ocrx_word' id='word_1_401' title='bbox 2787 1365 2944 1420; x_wconf 82' lang='grc' dir='ltr'>Ἀλλὰ</span> <span class='ocrx_word' id='word_1_402' title='bbox 2999 1376 3083 1420; x_wconf 78' lang='grc' dir='ltr'>νῦν</span> <span class='ocrx_word' id='word_1_403' title='bbox 3133 1373 3222 1441; x_wconf 72' lang='grc' dir='ltr'><strong>μὲν</strong></span> <span class='ocrx_word' id='word_1_404' title='bbox 3276 1370 3538 1442; x_wconf 80' lang='grc' dir='ltr'>ἐρωτῆσαι</span> <span class='ocrx_word' id='word_1_405' title='bbox 3592 1375 3687 1423; x_wconf 86' lang='grc' dir='ltr'>τὸν</span> <span class='ocrx_word' id='word_1_406' title='bbox 3752 1379 3980 1445; x_wconf 70' lang='grc' dir='ltr'>Πατέρα</span> 
     </span>
    </p>
   </div>
   <div class='ocr_carea' id='block_1_62' title="bbox 2343 1449 3984 1533">
    <p class='ocr_par' dir='ltr' id='par_1_62' title="bbox 2343 1449 3984 1533">
     <span class='ocr_line' id='line_1_62' title="bbox 2343 1449 3984 1533; baseline 0.005 -31"><span class='ocrx_word' id='word_1_407' title='bbox 2343 1449 2702 1523; x_wconf 72' lang='grc' dir='ltr'><strong>ἐπηγγείλατο,</strong></span> <span class='ocrx_word' id='word_1_408' title='bbox 2758 1451 2850 1507; x_wconf 83' lang='grc' dir='ltr'><em>διά</em></span> <span class='ocrx_word' id='word_1_409' title='bbox 2917 1476 2968 1508; x_wconf 89' lang='grc' dir='ltr'>τε</span> <span class='ocrx_word' id='word_1_410' title='bbox 3023 1462 3114 1515; x_wconf 80' lang='grc' dir='ltr'>τὴν</span> <span class='ocrx_word' id='word_1_411' title='bbox 3170 1459 3420 1533; x_wconf 77' lang='grc' dir='ltr'><strong>ῥηθεῖσαν</strong></span> <span class='ocrx_word' id='word_1_412' title='bbox 3475 1459 3671 1527; x_wconf 84' lang='grc' dir='ltr'>αἰτίαν,</span> <span class='ocrx_word' id='word_1_413' title='bbox 3724 1467 3833 1514; x_wconf 78' lang='grc' dir='ltr'>καὶ</span> <span class='ocrx_word' id='word_1_414' title='bbox 3898 1465 3984 1513; x_wconf 64' lang='grc' dir='ltr'>ἶνα</span> 
     </span>
    </p>
   </div>
   <div class='ocr_carea' id='block_1_63' title="bbox 2342 1539 3984 1622">
    <p class='ocr_par' dir='ltr' id='par_1_63' title="bbox 2342 1539 3984 1622">
     <span class='ocr_line' id='line_1_63' title="bbox 2342 1539 3984 1622; baseline 0.007 -31"><span class='ocrx_word' id='word_1_415' title='bbox 2342 1539 2560 1614; x_wconf 71' lang='grc' dir='ltr'>λογισθῇ</span> <span class='ocrx_word' id='word_1_416' title='bbox 2613 1542 2937 1606; x_wconf 78' lang='grc' dir='ltr'>ἀξιόπιστος.</span> <span class='ocrx_word' id='word_1_417' title='bbox 2988 1551 3188 1620; x_wconf 82' lang='grc' dir='ltr'>Προίὼν</span> <span class='ocrx_word' id='word_1_418' title='bbox 3238 1545 3296 1600; x_wconf 74' lang='grc' dir='ltr'><em>δὲ</em></span> <span class='ocrx_word' id='word_1_419' title='bbox 3347 1552 3405 1600; x_wconf 80' lang='grc' dir='ltr'>τὸ</span> <span class='ocrx_word' id='word_1_420' title='bbox 3453 1548 3637 1601; x_wconf 82' lang='grc' dir='ltr'>οἰκεῖον</span> <span class='ocrx_word' id='word_1_421' title='bbox 3680 1553 3984 1622; x_wconf 64' lang='grc' dir='ltr'>ἐμφανίζει</span> 
     </span>
    </p>
   </div>
   <div class='ocr_carea' id='block_1_64' title="bbox 2346 1629 3984 1715">
    <p class='ocr_par' dir='ltr' id='par_1_64' title="bbox 2346 1629 3984 1715">
     <span class='ocr_line' id='line_1_64' title="bbox 2346 1629 3984 1715; baseline 0.007 -34"><span class='ocrx_word' id='word_1_422' title='bbox 2346 1629 2567 1704; x_wconf 73' lang='grc' dir='ltr'><strong>ἀξίωμα,</strong></span> <span class='ocrx_word' id='word_1_423' title='bbox 2623 1632 2798 1704; x_wconf 69' lang='grc' dir='ltr'><strong>λέγων·</strong></span> <span class='ocrx_word' id='word_1_424' title='bbox 2854 1635 2968 1688; x_wconf 73' lang='grc' dir='ltr'><strong>Ἐὰν</strong></span> <span class='ocrx_word' id='word_1_425' title='bbox 3010 1635 3108 1707; x_wconf 80' lang='grc' dir='ltr'><strong>ἐγὼ</strong></span> <span class='ocrx_word' id='word_1_426' title='bbox 3159 1643 3231 1708; x_wconf 83' lang='grc' dir='ltr'><em>μὴ</em></span> <span class='ocrx_word' id='word_1_427' title='bbox 3283 1637 3502 1705; x_wconf 79' lang='grc' dir='ltr'><strong>ἀπέλθω,</strong></span> <span class='ocrx_word' id='word_1_428' title='bbox 3541 1641 3566 1691; x_wconf 86' lang='grc' dir='ltr'><strong><em>ὁ</em></strong></span> <span class='ocrx_word' id='word_1_429' title='bbox 3607 1641 3984 1715; x_wconf 54' lang='lat' dir='ltr'><strong>“apii/.1270;</strong></span> 
     </span>
    </p>
   </div>
   <div class='ocr_carea' id='block_1_65' title="bbox 2345 1719 3986 1802">
    <p class='ocr_par' dir='ltr' id='par_1_65' title="bbox 2345 1719 3986 1802">
     <span class='ocr_line' id='line_1_65' title="bbox 2345 1719 3986 1802; baseline 0.01 -32"><span class='ocrx_word' id='word_1_430' title='bbox 2345 1720 2436 1771; x_wconf 70' lang='grc' dir='ltr'>οὐκ</span> <span class='ocrx_word' id='word_1_431' title='bbox 2491 1719 2750 1774; x_wconf 76' lang='grc' dir='ltr'><strong>ἐλεύσεται</strong></span> <span class='ocrx_word' id='word_1_432' title='bbox 2798 1727 2924 1798; x_wconf 86' lang='grc' dir='ltr'>πρὸς</span> <span class='ocrx_word' id='word_1_433' title='bbox 2963 1726 3111 1796; x_wconf 72' lang='grc' dir='ltr'>ὑμᾶς.</span> <span class='ocrx_word' id='word_1_434' title='bbox 3183 1725 3298 1779; x_wconf 79' lang='grc' dir='ltr'><strong>Ἐὰν</strong></span> <span class='ocrx_word' id='word_1_435' title='bbox 3354 1723 3412 1779; x_wconf 67' lang='lat'><strong>6“;</strong></span> <span class='ocrx_word' id='word_1_436' title='bbox 3458 1730 3721 1802; x_wconf 77' lang='grc' dir='ltr'><strong>πορευθῶ,</strong></span> <span class='ocrx_word' id='word_1_437' title='bbox 3777 1732 3986 1802; x_wconf 53' lang='grc' dir='ltr'>πέμψω</span> 
     </span>
    </p>
   </div>
   <div class='ocr_carea' id='block_1_66' title="bbox 3019 1814 3984 1892">
    <p class='ocr_par' dir='ltr' id='par_1_66' title="bbox 3019 1814 3984 1892">
     <span class='ocr_line' id='line_1_66' title="bbox 3019 1814 3984 1892; baseline 0.008 -27"><span class='ocrx_word' id='word_1_438' title='bbox 3019 1819 3119 1866; x_wconf 82' lang='grc' dir='ltr'><strong>Καὶ</strong></span> <span class='ocrx_word' id='word_1_439' title='bbox 3199 1814 3370 1867; x_wconf 62' lang='grc' dir='ltr'>πάλιν</span> <span class='ocrx_word' id='word_1_440' title='bbox 3461 1815 3661 1869; x_wconf 82' lang='grc' dir='ltr'>Λάϐετε</span> <span class='ocrx_word' id='word_1_441' title='bbox 3751 1825 3984 1892; x_wconf 62' lang='grc' dir='ltr'>Πνεῦμα</span> 
     </span>
    </p>
   </div>
   <div class='ocr_carea' id='block_1_67' title="bbox 2347 1901 2513 1971">
    <p class='ocr_par' dir='ltr' id='par_1_67' title="bbox 2347 1901 2513 1971">
     <span class='ocr_line' id='line_1_67' title="bbox 2347 1901 2513 1971; baseline 0.012 -20"><span class='ocrx_word' id='word_1_442' title='bbox 2347 1901 2513 1971; x_wconf 74' lang='grc' dir='ltr'>ἅγιον.</span> 
     </span>
    </p>
   </div>
   <div class='ocr_carea' id='block_1_68' title="bbox 2418 1989 3974 2068">
    <p class='ocr_par' dir='ltr' id='par_1_68' title="bbox 2418 1989 3974 2068">
     <span class='ocr_line' id='line_1_68' title="bbox 2418 1989 3974 2068; baseline 0.005 -26"><span class='ocrx_word' id='word_1_443' title='bbox 2418 1989 2576 2042; x_wconf 80' lang='grc' dir='ltr'>Ἀλλὰ</span> <span class='ocrx_word' id='word_1_444' title='bbox 2620 1998 2724 2050; x_wconf 85' lang='grc' dir='ltr'>πῶς</span> <span class='ocrx_word' id='word_1_445' title='bbox 2781 1990 2902 2066; x_wconf 89' lang='grc' dir='ltr'>παρ’</span> <span class='ocrx_word' id='word_1_446' title='bbox 2969 1991 3122 2044; x_wconf 79' lang='grc' dir='ltr'>ἄλλον</span> <span class='ocrx_word' id='word_1_447' title='bbox 3183 1989 3394 2046; x_wconf 77' lang='grc' dir='ltr'><strong>δίδοται</strong></span> <span class='ocrx_word' id='word_1_448' title='bbox 3435 1999 3523 2047; x_wconf 86' lang='grc' dir='ltr'>κοιὶ</span> <span class='ocrx_word' id='word_1_449' title='bbox 3579 1999 3867 2068; x_wconf 72' lang='grc' dir='ltr'>πέμπεται</span> <span class='ocrx_word' id='word_1_450' title='bbox 3920 2003 3974 2050; x_wconf 59' lang='grc' dir='ltr'><strong>τε</strong></span> 
     </span>
    </p>
   </div>
   <div class='ocr_carea' id='block_1_69' title="bbox 2346 2078 3976 2157">
    <p class='ocr_par' dir='ltr' id='par_1_69' title="bbox 2346 2078 3976 2157">
     <span class='ocr_line' id='line_1_69' title="bbox 2346 2078 3976 2157; baseline 0.005 -25"><span class='ocrx_word' id='word_1_451' title='bbox 2346 2087 2622 2150; x_wconf 83' lang='grc' dir='ltr'>πανταχοῦ</span> <span class='ocrx_word' id='word_1_452' title='bbox 2671 2083 2834 2154; x_wconf 88' lang='grc' dir='ltr'>παρὸν</span> <span class='ocrx_word' id='word_1_453' title='bbox 2897 2087 2985 2134; x_wconf 86' lang='grc' dir='ltr'>καὶ</span> <span class='ocrx_word' id='word_1_454' title='bbox 3045 2078 3286 2157; x_wconf 77' lang='grc' dir='ltr'><strong>διαιροῦν</strong></span> <span class='ocrx_word' id='word_1_455' title='bbox 3345 2080 3457 2155; x_wconf 77' lang='grc' dir='ltr'>ἰδίᾳ</span> <span class='ocrx_word' id='word_1_456' title='bbox 3514 2085 3724 2156; x_wconf 77' lang='grc' dir='ltr'><strong>ἑκάστῳ</strong></span> <span class='ocrx_word' id='word_1_457' title='bbox 3792 2091 3976 2149; x_wconf 68' lang='grc' dir='ltr'>καξτως</span> 
     </span>
    </p>
   </div>
   <div class='ocr_carea' id='block_1_70' title="bbox 2350 2167 3975 2242">
    <p class='ocr_par' dir='ltr' id='par_1_70' title="bbox 2350 2167 3975 2242">
     <span class='ocr_line' id='line_1_70' title="bbox 2350 2167 3975 2242; baseline 0.006 -24"><span class='ocrx_word' id='word_1_458' title='bbox 2350 2167 2594 2240; x_wconf 82' lang='grc' dir='ltr'>βούλεται</span> <span class='ocrx_word' id='word_1_459' title='bbox 2653 2171 2719 2220; x_wconf 79' lang='grc' dir='ltr'><strong>τὰ</strong></span> <span class='ocrx_word' id='word_1_460' title='bbox 2765 2175 3115 2242; x_wconf 74' lang='grc' dir='ltr'>χαρίσματα;</span> <span class='ocrx_word' id='word_1_461' title='bbox 3173 2171 3294 2242; x_wconf 67' lang='grc' dir='ltr'><strong>Οὐχ</strong></span> <span class='ocrx_word' id='word_1_462' title='bbox 3351 2175 3419 2234; x_wconf 84' lang='grc' dir='ltr'>ὡς</span> <span class='ocrx_word' id='word_1_463' title='bbox 3468 2169 3677 2239; x_wconf 75' lang='grc' dir='ltr'>δοῦλον,</span> <span class='ocrx_word' id='word_1_464' title='bbox 3735 2175 3864 2227; x_wconf 69' lang='grc' dir='ltr'>ἀλλ’</span> <span class='ocrx_word' id='word_1_465' title='bbox 3915 2182 3975 2237; x_wconf 52' lang='lat' dir='ltr'><strong>is;</strong></span> 
     </span>
    </p>
   </div>
   <div class='ocr_carea' id='block_1_71' title="bbox 2348 2257 3976 2337">
    <p class='ocr_par' dir='ltr' id='par_1_71' title="bbox 2348 2257 3976 2337">
     <span class='ocr_line' id='line_1_71' title="bbox 2348 2257 3976 2337; baseline 0.008 -31"><span class='ocrx_word' id='word_1_466' title='bbox 2348 2257 2583 2328; x_wconf 74' lang='grc' dir='ltr'><strong>ὁμοφυὲς,</strong></span> <span class='ocrx_word' id='word_1_467' title='bbox 2643 2263 2731 2310; x_wconf 88' lang='grc' dir='ltr'>καὶ</span> <span class='ocrx_word' id='word_1_468' title='bbox 2779 2262 2841 2310; x_wconf 79' lang='grc' dir='ltr'>τὰ</span> <span class='ocrx_word' id='word_1_469' title='bbox 2894 2259 3028 2311; x_wconf 71' lang='grc' dir='ltr'>αὖτά</span> <span class='ocrx_word' id='word_1_470' title='bbox 3070 2269 3140 2330; x_wconf 84' lang='grc' dir='ltr'>τῷ</span> <span class='ocrx_word' id='word_1_471' title='bbox 3189 2265 3356 2334; x_wconf 82' lang='grc' dir='ltr'>Πατρὶ</span> <span class='ocrx_word' id='word_1_472' title='bbox 3385 2265 3473 2314; x_wconf 83' lang='grc' dir='ltr'>καὶ</span> <span class='ocrx_word' id='word_1_473' title='bbox 3511 2271 3580 2332; x_wconf 84' lang='grc' dir='ltr'>τῷ</span> <span class='ocrx_word' id='word_1_474' title='bbox 3629 2266 3741 2334; x_wconf 77' lang='grc' dir='ltr'><strong>Υἱῷ</strong></span> <span class='ocrx_word' id='word_1_475' title='bbox 3783 2265 3976 2337; x_wconf 72' lang='grc' dir='ltr'>βουλο-</span> 
     </span>
    </p>
   </div>
   <div class='ocr_carea' id='block_1_72' title="bbox 2348 2346 3976 2422">
    <p class='ocr_par' dir='ltr' id='par_1_72' title="bbox 2348 2346 3976 2422">
     <span class='ocr_line' id='line_1_72' title="bbox 2348 2346 3976 2422; baseline 0.007 -25"><span class='ocrx_word' id='word_1_476' title='bbox 2348 2364 2514 2416; x_wconf 80' lang='grc' dir='ltr'>μενον.</span> <span class='ocrx_word' id='word_1_477' title='bbox 2571 2346 2645 2398; x_wconf 68' lang='grc' dir='ltr'><strong>Οὐ</strong></span> <span class='ocrx_word' id='word_1_478' title='bbox 2701 2350 2802 2422; x_wconf 67' lang='grc' dir='ltr'><strong>γὰρ</strong></span> <span class='ocrx_word' id='word_1_479' title='bbox 2853 2349 3024 2422; x_wconf 81' lang='grc' dir='ltr'>ὥσπερ</span> <span class='ocrx_word' id='word_1_480' title='bbox 3081 2349 3164 2401; x_wconf 82' lang='grc' dir='ltr'><strong>ἐπὶ</strong></span> <span class='ocrx_word' id='word_1_481' title='bbox 3209 2359 3308 2401; x_wconf 86' lang='grc' dir='ltr'>τῶν</span> <span class='ocrx_word' id='word_1_482' title='bbox 3357 2359 3598 2416; x_wconf 85' lang='grc' dir='ltr'>κτιστῶν,</span> <span class='ocrx_word' id='word_1_483' title='bbox 3659 2353 3812 2406; x_wconf 69' lang='grc' dir='ltr'>οὕτω</span> <span class='ocrx_word' id='word_1_484' title='bbox 3886 2362 3976 2408; x_wconf 76' lang='grc' dir='ltr'>καὶ</span> 
     </span>
    </p>
   </div>
   <div class='ocr_carea' id='block_1_73' title="bbox 2349 2433 3967 2512">
    <p class='ocr_par' dir='ltr' id='par_1_73' title="bbox 2349 2433 3967 2512">
     <span class='ocr_line' id='line_1_73' title="bbox 2349 2433 3967 2512; baseline 0.007 -28"><span class='ocrx_word' id='word_1_485' title='bbox 2349 2433 2431 2485; x_wconf 80' lang='grc' dir='ltr'><strong>ἐπὶ</strong></span> <span class='ocrx_word' id='word_1_486' title='bbox 2483 2443 2573 2495; x_wconf 82' lang='grc' dir='ltr'>τῆς</span> <span class='ocrx_word' id='word_1_487' title='bbox 2629 2433 2878 2488; x_wconf 78' lang='grc' dir='ltr'>ἀκτίστου</span> <span class='ocrx_word' id='word_1_488' title='bbox 2933 2434 3157 2510; x_wconf 80' lang='grc' dir='ltr'>Τριάδος</span> <span class='ocrx_word' id='word_1_489' title='bbox 3208 2441 3274 2490; x_wconf 78' lang='grc' dir='ltr'>τὰ</span> <span class='ocrx_word' id='word_1_490' title='bbox 3320 2447 3535 2492; x_wconf 77' lang='grc' dir='ltr'>τοιαῦτα</span> <span class='ocrx_word' id='word_1_491' title='bbox 3595 2447 3967 2512; x_wconf 71' lang='grc' dir='ltr'>σημαίνουσι,</span> 
     </span>
    </p>
   </div>
   <div class='ocr_carea' id='block_1_74' title="bbox 2351 2520 3976 2602">
    <p class='ocr_par' dir='ltr' id='par_1_74' title="bbox 2351 2520 3976 2602">
     <span class='ocr_line' id='line_1_74' title="bbox 2351 2520 3976 2602; baseline 0.007 -28"><span class='ocrx_word' id='word_1_492' title='bbox 2351 2528 2450 2575; x_wconf 85' lang='grc' dir='ltr'><strong>Καὶ</strong></span> <span class='ocrx_word' id='word_1_493' title='bbox 2490 2520 2701 2576; x_wconf 78' lang='grc' dir='ltr'>δίδοται</span> <span class='ocrx_word' id='word_1_494' title='bbox 2752 2529 2840 2596; x_wconf 79' lang='grc' dir='ltr'><strong>μὲν</strong></span> <span class='ocrx_word' id='word_1_495' title='bbox 2894 2529 2948 2578; x_wconf 77' lang='grc' dir='ltr'>ἐκ</span> <span class='ocrx_word' id='word_1_496' title='bbox 2996 2534 3086 2579; x_wconf 80' lang='grc' dir='ltr'>τοῦ</span> <span class='ocrx_word' id='word_1_497' title='bbox 3147 2532 3370 2602; x_wconf 81' lang='grc' dir='ltr'><strong>Πατρός,</strong></span> <span class='ocrx_word' id='word_1_498' title='bbox 3415 2531 3480 2589; x_wconf 85' lang='grc' dir='ltr'>ὡς</span> <span class='ocrx_word' id='word_1_499' title='bbox 3517 2528 3570 2591; x_wconf 81' lang='grc' dir='ltr'>ἐξ</span> <span class='ocrx_word' id='word_1_500' title='bbox 3610 2531 3783 2583; x_wconf 70' lang='grc' dir='ltr'>αὐτοῦ</span> <span class='ocrx_word' id='word_1_501' title='bbox 3819 2534 3976 2587; x_wconf 73' lang='grc' dir='ltr'>ἐκπο-</span> 
     </span>
    </p>
   </div>
   <div class='ocr_carea' id='block_1_75' title="bbox 2347 2613 3970 2696">
    <p class='ocr_par' dir='ltr' id='par_1_75' title="bbox 2347 2613 3970 2689">
     <span class='ocr_line' id='line_1_75' title="bbox 2347 2613 3970 2689; baseline 0.008 -25"><span class='ocrx_word' id='word_1_502' title='bbox 2347 2617 2637 2684; x_wconf 78' lang='grc' dir='ltr'>ρευόμενονο</span> <span class='ocrx_word' id='word_1_503' title='bbox 2695 2618 2951 2687; x_wconf 76' lang='grc' dir='ltr'>πέμπεται</span> <span class='ocrx_word' id='word_1_504' title='bbox 3009 2613 3067 2668; x_wconf 72' lang='grc' dir='ltr'><em>δὲ</em></span> <span class='ocrx_word' id='word_1_505' title='bbox 3120 2620 3268 2689; x_wconf 83' lang='grc' dir='ltr'><strong>Παρά</strong></span> <span class='ocrx_word' id='word_1_506' title='bbox 3319 2626 3410 2670; x_wconf 75' lang='grc' dir='ltr'>τοῦ</span> <span class='ocrx_word' id='word_1_507' title='bbox 3449 2621 3596 2687; x_wconf 78' lang='grc' dir='ltr'><strong>Υῐοὺ,</strong></span> <span class='ocrx_word' id='word_1_508' title='bbox 3654 2624 3725 2681; x_wconf 84' lang='grc' dir='ltr'>ὡς</span> <span class='ocrx_word' id='word_1_509' title='bbox 3783 2641 3970 2677; x_wconf 80' lang='grc' dir='ltr'>συνεο-</span> 
     </span>
    </p>
   </div>
   <div class='ocr_carea' id='block_1_76' title="bbox 2346 2702 3966 2777">
    <p class='ocr_par' dir='ltr' id='par_1_76' title="bbox 2346 2702 3966 2777">
     <span class='ocr_line' id='line_1_76' title="bbox 2346 2702 3966 2777; baseline 0.008 -25"><span class='ocrx_word' id='word_1_510' title='bbox 2346 2705 2437 2772; x_wconf 76' lang='grc' dir='ltr'>γὸν</span> <span class='ocrx_word' id='word_1_511' title='bbox 2490 2708 2579 2754; x_wconf 86' lang='grc' dir='ltr'>καὶ</span> <span class='ocrx_word' id='word_1_512' title='bbox 2633 2703 2727 2754; x_wconf 66' lang='grc' dir='ltr'>οὐκ</span> <span class='ocrx_word' id='word_1_513' title='bbox 2789 2702 3037 2760; x_wconf 84' lang='grc' dir='ltr'>ἐναντίον.</span> <span class='ocrx_word' id='word_1_514' title='bbox 3098 2712 3204 2758; x_wconf 81' lang='grc' dir='ltr'><strong>Νῦν</strong></span> <span class='ocrx_word' id='word_1_515' title='bbox 3253 2710 3341 2777; x_wconf 72' lang='grc' dir='ltr'><strong>μὲν</strong></span> <span class='ocrx_word' id='word_1_516' title='bbox 3394 2703 3480 2758; x_wconf 77' lang='grc' dir='ltr'>οὖν</span> <span class='ocrx_word' id='word_1_517' title='bbox 3549 2704 3821 2762; x_wconf 71' lang='grc' dir='ltr'>δίδοσθαι</span> <span class='ocrx_word' id='word_1_518' title='bbox 3881 2720 3966 2766; x_wconf 71' lang='grc' dir='ltr'><strong>και</strong></span> 
     </span>
    </p>
   </div>
   <div class='ocr_carea' id='block_1_77' title="bbox 2346 2793 3962 2870">
    <p class='ocr_par' dir='ltr' id='par_1_77' title="bbox 2346 2793 3962 2870">
     <span class='ocr_line' id='line_1_77' title="bbox 2346 2793 3962 2870; baseline 0.007 -28"><span class='ocrx_word' id='word_1_519' title='bbox 2346 2793 2642 2862; x_wconf 73' lang='grc' dir='ltr'>πέμπεσθαί</span> <span class='ocrx_word' id='word_1_520' title='bbox 2695 2812 2824 2864; x_wconf 71' lang='grc' dir='ltr'>φησι</span> <span class='ocrx_word' id='word_1_521' title='bbox 2869 2797 2926 2845; x_wconf 87' lang='grc' dir='ltr'>τὸ</span> <span class='ocrx_word' id='word_1_522' title='bbox 2981 2801 3190 2867; x_wconf 71' lang='grc' dir='ltr'>Πνεῦμα</span> <span class='ocrx_word' id='word_1_523' title='bbox 3237 2799 3294 2846; x_wconf 81' lang='grc' dir='ltr'>τὸ</span> <span class='ocrx_word' id='word_1_524' title='bbox 3338 2796 3507 2866; x_wconf 72' lang='grc' dir='ltr'>ἅγιον·</span> <span class='ocrx_word' id='word_1_525' title='bbox 3551 2797 3857 2870; x_wconf 72' lang='grc' dir='ltr'>προϐαίνων</span> <span class='ocrx_word' id='word_1_526' title='bbox 3909 2800 3962 2853; x_wconf 74' lang='grc' dir='ltr'><em>δε</em></span> 
     </span>
    </p>
   </div>
   <div class='ocr_carea' id='block_1_78' title="bbox 2345 2879 3955 2956">
    <p class='ocr_par' dir='ltr' id='par_1_78' title="bbox 2345 2879 3955 2956">
     <span class='ocr_line' id='line_1_78' title="bbox 2345 2879 3955 2956; baseline 0.008 -26"><span class='ocrx_word' id='word_1_527' title='bbox 2345 2884 2434 2930; x_wconf 85' lang='grc' dir='ltr'>καὶ</span> <span class='ocrx_word' id='word_1_528' title='bbox 2469 2885 2561 2937; x_wconf 82' lang='grc' dir='ltr'>τὴν</span> <span class='ocrx_word' id='word_1_529' title='bbox 2613 2885 2795 2933; x_wconf 75' lang='grc' dir='ltr'>τούτου</span> <span class='ocrx_word' id='word_1_530' title='bbox 2835 2879 3099 2934; x_wconf 84' lang='grc' dir='ltr'>δείκνυσιν</span> <span class='ocrx_word' id='word_1_531' title='bbox 3140 2883 3395 2950; x_wconf 75' lang='grc' dir='ltr'>ἐξουσίαν,</span> <span class='ocrx_word' id='word_1_532' title='bbox 3448 2885 3627 2956; x_wconf 69' lang='grc' dir='ltr'><strong>λέγων’</strong></span> <span class='ocrx_word' id='word_1_533' title='bbox 3694 2887 3865 2941; x_wconf 81' lang='grc' dir='ltr'>Ὀταν</span> <span class='ocrx_word' id='word_1_534' title='bbox 3903 2888 3955 2942; x_wconf 72' lang='grc' dir='ltr'><em>δὲ</em></span> 
     </span>
    </p>
   </div>
   <div class='ocr_carea' id='block_1_79' title="bbox 2347 2969 2842 3041">
    <p class='ocr_par' dir='ltr' id='par_1_79' title="bbox 2347 2969 2842 3041">
     <span class='ocr_line' id='line_1_79' title="bbox 2347 2969 2842 3041; baseline 0.002 -20"><span class='ocrx_word' id='word_1_535' title='bbox 2347 2971 2456 3038; x_wconf 85' lang='grc' dir='ltr'><strong>(Η)</strong></span> <span class='ocrx_word' id='word_1_536' title='bbox 2489 2969 2607 3041; x_wconf 78' lang='grc' dir='ltr'>ἔλθη</span> <span class='ocrx_word' id='word_1_537' title='bbox 2640 2971 2842 3032; x_wconf 83' lang='grc' dir='ltr'>ἐκεῖνος.</span> 
     </span>
    </p>
   </div>
   <div class='ocr_carea' id='block_1_80' title="bbox 2413 3055 3936 3137">
    <p class='ocr_par' dir='ltr' id='par_1_80' title="bbox 2413 3055 3936 3137">
     <span class='ocr_line' id='line_1_80' title="bbox 2413 3055 3936 3137; baseline 0.004 -27"><span class='ocrx_word' id='word_1_538' title='bbox 2413 3055 2521 3110; x_wconf 84' lang='grc' dir='ltr'>Ἰνα</span> <span class='ocrx_word' id='word_1_539' title='bbox 2580 3089 2646 3098; x_wconf 92' lang='lat'><strong>—</strong></span> <span class='ocrx_word' id='word_1_540' title='bbox 2699 3060 2882 3116; x_wconf 84' lang='grc' dir='ltr'>αἰῶνα.</span> <span class='ocrx_word' id='word_1_541' title='bbox 2940 3057 3093 3119; x_wconf 73' lang='grc' dir='ltr'><strong>Μηδέ</strong></span> <span class='ocrx_word' id='word_1_542' title='bbox 3147 3065 3276 3134; x_wconf 76' lang='grc' dir='ltr'>μετὰ</span> <span class='ocrx_word' id='word_1_543' title='bbox 3353 3067 3448 3120; x_wconf 82' lang='grc' dir='ltr'>τὴν</span> <span class='ocrx_word' id='word_1_544' title='bbox 3505 3063 3756 3124; x_wconf 76' lang='grc' dir='ltr'>τελευτὴν</span> <span class='ocrx_word' id='word_1_545' title='bbox 3815 3069 3936 3137; x_wconf 58' lang='grc' dir='ltr'><strong>ὑμῶν</strong></span> 
     </span>
    </p>
   </div>
   <div class='ocr_carea' id='block_1_81' title="bbox 2345 3144 3950 3220">
    <p class='ocr_par' dir='ltr' id='par_1_81' title="bbox 2345 3144 3950 3220">
     <span class='ocr_line' id='line_1_81' title="bbox 2345 3144 3950 3220; baseline 0.007 -24"><span class='ocrx_word' id='word_1_546' title='bbox 2345 3144 2708 3218; x_wconf 80' lang='grc' dir='ltr'>ἀφιστάμενος.</span> <span class='ocrx_word' id='word_1_547' title='bbox 2767 3155 2896 3201; x_wconf 85' lang='grc' dir='ltr'>Εἶτα</span> <span class='ocrx_word' id='word_1_548' title='bbox 2949 3146 3220 3220; x_wconf 74' lang='grc' dir='ltr'><strong>διδάσκει,</strong></span> <span class='ocrx_word' id='word_1_549' title='bbox 3269 3156 3356 3204; x_wconf 85' lang='grc' dir='ltr'>καὶ</span> <span class='ocrx_word' id='word_1_550' title='bbox 3407 3157 3484 3212; x_wconf 88' lang='grc' dir='ltr'><strong>τίς</strong></span> <span class='ocrx_word' id='word_1_551' title='bbox 3536 3151 3683 3204; x_wconf 85' lang='grc' dir='ltr'>ἐστιν</span> <span class='ocrx_word' id='word_1_552' title='bbox 3737 3157 3762 3206; x_wconf 86' lang='grc' dir='ltr'><em>ὁ</em></span> <span class='ocrx_word' id='word_1_553' title='bbox 3808 3156 3950 3217; x_wconf 62' lang='grc' dir='ltr'>ἄλλος</span> 
     </span>
    </p>
   </div>
   <div class='ocr_carea' id='block_1_82' title="bbox 2264 3217 2704 3308">
    <p class='ocr_par' dir='ltr' id='par_1_82' title="bbox 2264 3217 2704 3308">
     <span class='ocr_line' id='line_1_82' title="bbox 2264 3217 2704 3308; baseline 0.009 -21"><span class='ocrx_word' id='word_1_554' title='bbox 2264 3217 2306 3273; x_wconf 77' lang='lat' dir='ltr'>C</span> <span class='ocrx_word' id='word_1_555' title='bbox 2344 3217 2704 3308; x_wconf 83' lang='grc' dir='ltr'>Παρακλητος.</span> 
     </span>
    </p>
   </div>
   <div class='ocr_carea' id='block_1_83' title="bbox 2409 3327 3950 3399">
    <p class='ocr_par' dir='ltr' id='par_1_83' title="bbox 2409 3327 3950 3399">
     <span class='ocr_line' id='line_1_83' title="bbox 2409 3327 3950 3399; baseline 0.008 -21"><span class='ocrx_word' id='word_1_556' title='bbox 2409 3330 2477 3378; x_wconf 87' lang='grc' dir='ltr'><strong>Τὸ</strong></span> <span class='ocrx_word' id='word_1_557' title='bbox 2536 3333 2742 3399; x_wconf 77' lang='grc' dir='ltr'>Πνεῦμα</span> <span class='ocrx_word' id='word_1_558' title='bbox 2791 3336 2881 3389; x_wconf 82' lang='grc' dir='ltr'>τῆς</span> <span class='ocrx_word' id='word_1_559' title='bbox 2932 3327 3190 3390; x_wconf 75' lang='grc' dir='ltr'>ἀληθείας.</span> <span class='ocrx_word' id='word_1_560' title='bbox 3241 3334 3310 3382; x_wconf 81' lang='grc' dir='ltr'><strong>Τὸ</strong></span> <span class='ocrx_word' id='word_1_561' title='bbox 3370 3329 3630 3396; x_wconf 78' lang='grc' dir='ltr'>ἀληθινὸν,</span> <span class='ocrx_word' id='word_1_562' title='bbox 3706 3339 3831 3392; x_wconf 73' lang='grc' dir='ltr'>ἦτοι</span> <span class='ocrx_word' id='word_1_563' title='bbox 3895 3342 3950 3389; x_wconf 72' lang='grc' dir='ltr'>τὸ</span> 
     </span>
    </p>
   </div>
   <div class='ocr_carea' id='block_1_84' title="bbox 2339 3415 3949 3497">
    <p class='ocr_par' dir='ltr' id='par_1_84' title="bbox 2339 3415 3949 3497">
     <span class='ocr_line' id='line_1_84' title="bbox 2339 3415 3949 3497; baseline 0.006 -30"><span class='ocrx_word' id='word_1_564' title='bbox 2339 3415 2588 3490; x_wconf 86' lang='grc' dir='ltr'>ἐξαίρετον</span> <span class='ocrx_word' id='word_1_565' title='bbox 2654 3421 2779 3489; x_wconf 83' lang='grc' dir='ltr'>πρὸς</span> <span class='ocrx_word' id='word_1_566' title='bbox 2857 3421 2920 3470; x_wconf 78' lang='grc' dir='ltr'>τὰ</span> <span class='ocrx_word' id='word_1_567' title='bbox 2997 3418 3124 3470; x_wconf 62' lang='grc' dir='ltr'>ἀλλα</span> <span class='ocrx_word' id='word_1_568' title='bbox 3194 3423 3478 3492; x_wconf 77' lang='grc' dir='ltr'>πνεύματα.</span> <span class='ocrx_word' id='word_1_569' title='bbox 3559 3429 3773 3494; x_wconf 76' lang='grc' dir='ltr'>Πνεῦμα</span> <span class='ocrx_word' id='word_1_570' title='bbox 3850 3429 3949 3497; x_wconf 68' lang='grc' dir='ltr'><strong>γὰρ</strong></span> 
     </span>
    </p>
   </div>
   <div class='ocr_carea' id='block_1_85' title="bbox 2337 3503 3956 3584">
    <p class='ocr_par' dir='ltr' id='par_1_85' title="bbox 2337 3503 3956 3584">
     <span class='ocr_line' id='line_1_85' title="bbox 2337 3503 3956 3584; baseline 0.006 -28"><span class='ocrx_word' id='word_1_571' title='bbox 2337 3503 2537 3576; x_wconf 74' lang='grc' dir='ltr'>λέγεται</span> <span class='ocrx_word' id='word_1_572' title='bbox 2586 3510 2675 3558; x_wconf 88' lang='grc' dir='ltr'>καὶ</span> <span class='ocrx_word' id='word_1_573' title='bbox 2723 3507 3011 3577; x_wconf 76' lang='grc' dir='ltr'>ὁᾶγγελος.</span> <span class='ocrx_word' id='word_1_574' title='bbox 3047 3512 3135 3560; x_wconf 84' lang='grc' dir='ltr'>καὶ</span> <span class='ocrx_word' id='word_1_575' title='bbox 3163 3510 3193 3565; x_wconf 79' lang='grc' dir='ltr'>ἡ</span> <span class='ocrx_word' id='word_1_576' title='bbox 3226 3507 3380 3580; x_wconf 74' lang='grc' dir='ltr'><strong>ψυχὴ</strong></span> <span class='ocrx_word' id='word_1_577' title='bbox 3425 3515 3511 3561; x_wconf 80' lang='grc' dir='ltr'>καὶ</span> <span class='ocrx_word' id='word_1_578' title='bbox 3554 3512 3580 3562; x_wconf 85' lang='grc' dir='ltr'><strong><em>ὁ</em></strong></span> <span class='ocrx_word' id='word_1_579' title='bbox 3621 3512 3820 3584; x_wconf 72' lang='grc' dir='ltr'>ἄνεμος</span> <span class='ocrx_word' id='word_1_580' title='bbox 3864 3522 3956 3568; x_wconf 76' lang='grc' dir='ltr'>καὶ</span> 
     </span>
    </p>
   </div>
   <div class='ocr_carea' id='block_1_86' title="bbox 2337 3593 3957 3668">
    <p class='ocr_par' dir='ltr' id='par_1_86' title="bbox 2337 3593 3957 3668">
     <span class='ocr_line' id='line_1_86' title="bbox 2337 3593 3957 3668; baseline 0.005 -22"><span class='ocrx_word' id='word_1_581' title='bbox 2337 3595 2480 3666; x_wconf 83' lang='grc' dir='ltr'>ἕτερα</span> <span class='ocrx_word' id='word_1_582' title='bbox 2521 3594 2746 3649; x_wconf 77' lang='grc' dir='ltr'>πλείονα.</span> <span class='ocrx_word' id='word_1_583' title='bbox 2805 3595 2914 3649; x_wconf 85' lang='grc' dir='ltr'>Ἱνοι</span> <span class='ocrx_word' id='word_1_584' title='bbox 2990 3593 3048 3648; x_wconf 72' lang='grc' dir='ltr'><em>δὲ</em></span> <span class='ocrx_word' id='word_1_585' title='bbox 3127 3601 3197 3668; x_wconf 77' lang='grc' dir='ltr'><em>μὴ</em></span> <span class='ocrx_word' id='word_1_586' title='bbox 3274 3599 3589 3661; x_wconf 77' lang='grc' dir='ltr'>ἀκούσαντες</span> <span class='ocrx_word' id='word_1_587' title='bbox 3643 3601 3729 3652; x_wconf 85' lang='grc' dir='ltr'>ὅτι</span> <span class='ocrx_word' id='word_1_588' title='bbox 3794 3603 3957 3656; x_wconf 70' lang='grc' dir='ltr'>ἄλλον</span> 
     </span>
    </p>
   </div>
   <div class='ocr_carea' id='block_1_87' title="bbox 2337 3683 3958 3765">
    <p class='ocr_par' dir='ltr' id='par_1_87' title="bbox 2337 3683 3958 3765">
     <span class='ocr_line' id='line_1_87' title="bbox 2337 3683 3958 3765; baseline 0.005 -29"><span class='ocrx_word' id='word_1_589' title='bbox 2337 3683 2687 3756; x_wconf 68' lang='grc' dir='ltr'>παράκλητον,</span> <span class='ocrx_word' id='word_1_590' title='bbox 2718 3686 3089 3738; x_wconf 77' lang='grc' dir='ltr'>ὑποπτεύσωσι</span> <span class='ocrx_word' id='word_1_591' title='bbox 3112 3685 3343 3738; x_wconf 77' lang='grc' dir='ltr'>κάκεῖνον</span> <span class='ocrx_word' id='word_1_592' title='bbox 3367 3689 3610 3762; x_wconf 80' lang='grc' dir='ltr'>ἓνσοιρκον</span> <span class='ocrx_word' id='word_1_593' title='bbox 3641 3695 3738 3743; x_wconf 81' lang='grc' dir='ltr'>καὶ</span> <span class='ocrx_word' id='word_1_594' title='bbox 3761 3692 3958 3765; x_wconf 77' lang='grc' dir='ltr'>ὁρατὸν</span> 
     </span>
    </p>
   </div>
   <div class='ocr_carea' id='block_1_88' title="bbox 2339 3773 3151 3847">
    <p class='ocr_par' dir='ltr' id='par_1_88' title="bbox 2339 3773 3151 3847">
     <span class='ocr_line' id='line_1_88' title="bbox 2339 3773 3151 3847; baseline 0.001 -23"><span class='ocrx_word' id='word_1_595' title='bbox 2339 3773 2613 3833; x_wconf 73' lang='grc' dir='ltr'>αἰσθητοῖς</span> <span class='ocrx_word' id='word_1_596' title='bbox 2640 3773 2938 3845; x_wconf 80' lang='grc' dir='ltr'>ὀφθαλμοῖς,</span> <span class='ocrx_word' id='word_1_597' title='bbox 2974 3779 3151 3847; x_wconf 78' lang='grc' dir='ltr'>φησίνο</span> 
     </span>
    </p>
   </div>
   <div class='ocr_carea' id='block_1_89' title="bbox 2405 3861 3624 3927">
    <p class='ocr_par' dir='ltr' id='par_1_89' title="bbox 2405 3861 3624 3927">
     <span class='ocr_line' id='line_1_89' title="bbox 2405 3861 3624 3927; baseline 0.006 -14"><span class='ocrx_word' id='word_1_598' title='bbox 2405 3861 2471 3914; x_wconf 80' lang='grc' dir='ltr'><strong>Ὀ</strong></span> <span class='ocrx_word' id='word_1_599' title='bbox 2506 3861 2759 3915; x_wconf 80' lang='grc' dir='ltr'>-λαϐεῖν,</span> <span class='ocrx_word' id='word_1_600' title='bbox 2789 3863 2862 3916; x_wconf 71' lang='grc' dir='ltr'><strong>Οὐ</strong></span> <span class='ocrx_word' id='word_1_601' title='bbox 2895 3861 3117 3916; x_wconf 83' lang='grc' dir='ltr'>δυναται</span> <span class='ocrx_word' id='word_1_602' title='bbox 3142 3861 3311 3917; x_wconf 80' lang='grc' dir='ltr'>λαϐεῖν</span> <span class='ocrx_word' id='word_1_603' title='bbox 3342 3864 3624 3927; x_wconf 82' lang='grc' dir='ltr'>αἰσθητῶς.</span> 
     </span>
    </p>
   </div>
   <div class='ocr_carea' id='block_1_90' title="bbox 2407 4038 3628 4117">
    <p class='ocr_par' dir='ltr' id='par_1_90' title="bbox 2407 4038 3628 4117">
     <span class='ocr_line' id='line_1_90' title="bbox 2407 4038 3628 4117; baseline 0.003 -25"><span class='ocrx_word' id='word_1_604' title='bbox 2407 4038 2528 4092; x_wconf 83' lang='grc' dir='ltr'>Ὀτι</span> <span class='ocrx_word' id='word_1_605' title='bbox 2553 4073 2620 4082; x_wconf 91' lang='lat'><strong>--</strong></span> <span class='ocrx_word' id='word_1_606' title='bbox 2651 4041 2794 4095; x_wconf 70' lang='grc' dir='ltr'>αὐτὸ.</span> <span class='ocrx_word' id='word_1_607' title='bbox 2829 4049 3135 4115; x_wconf 79' lang='grc' dir='ltr'>Σωματικῶς</span> <span class='ocrx_word' id='word_1_608' title='bbox 3169 4043 3468 4115; x_wconf 78' lang='grc' dir='ltr'>’Δσώματον</span> <span class='ocrx_word' id='word_1_609' title='bbox 3506 4045 3628 4117; x_wconf 72' lang='grc' dir='ltr'><strong>γάρ.</strong></span> 
     </span>
    </p>
   </div>
   <div class='ocr_carea' id='block_1_91' title="bbox 2409 4216 3444 4291">
    <p class='ocr_par' dir='ltr' id='par_1_91' title="bbox 2409 4216 3444 4291">
     <span class='ocr_line' id='line_1_91' title="bbox 2409 4216 3444 4291; baseline 0.003 -21"><span class='ocrx_word' id='word_1_610' title='bbox 2409 4216 2548 4272; x_wconf 71' lang='grc' dir='ltr'><strong>Οὐδὲ</strong></span> <span class='ocrx_word' id='word_1_611' title='bbox 2577 4225 2822 4291; x_wconf 71' lang='grc' dir='ltr'>γινώσκει</span> <span class='ocrx_word' id='word_1_612' title='bbox 2847 4219 2990 4291; x_wconf 65' lang='grc' dir='ltr'>αὐτὸ,</span> <span class='ocrx_word' id='word_1_613' title='bbox 3021 4224 3105 4279; x_wconf 79' lang='grc' dir='ltr'><strong>Μὴ</strong></span> <span class='ocrx_word' id='word_1_614' title='bbox 3138 4217 3263 4273; x_wconf 88' lang='grc' dir='ltr'><strong>ἰδὼν</strong></span> <span class='ocrx_word' id='word_1_615' title='bbox 3293 4221 3444 4277; x_wconf 71' lang='grc' dir='ltr'>αὐτὸ.</span> 
     </span>
    </p>
   </div>
   <div class='ocr_carea' id='block_1_92' title="bbox 2407 4393 3941 4473">
    <p class='ocr_par' dir='ltr' id='par_1_92' title="bbox 2407 4393 3941 4473">
     <span class='ocr_line' id='line_1_92' title="bbox 2407 4393 3941 4473; baseline 0.003 -25"><span class='ocrx_word' id='word_1_616' title='bbox 2407 4403 2617 4450; x_wconf 84' lang='grc' dir='ltr'>Νοεῖται</span> <span class='ocrx_word' id='word_1_617' title='bbox 2663 4393 2722 4449; x_wconf 76' lang='grc' dir='ltr'><em>δὲ</em></span> <span class='ocrx_word' id='word_1_618' title='bbox 2778 4401 2866 4449; x_wconf 85' lang='grc' dir='ltr'>καὶ</span> <span class='ocrx_word' id='word_1_619' title='bbox 2910 4397 3107 4472; x_wconf 80' lang='grc' dir='ltr'>ἑτέρως,</span> <span class='ocrx_word' id='word_1_620' title='bbox 3137 4397 3240 4467; x_wconf 47' lang='grc' dir='ltr'>ζὸτι</span> <span class='ocrx_word' id='word_1_621' title='bbox 3287 4399 3313 4450; x_wconf 88' lang='grc' dir='ltr'><strong><em>ὁ</em></strong></span> <span class='ocrx_word' id='word_1_622' title='bbox 3365 4399 3596 4471; x_wconf 75' lang='grc' dir='ltr'>κοσμικὰ</span> <span class='ocrx_word' id='word_1_623' title='bbox 3635 4409 3838 4473; x_wconf 64' lang='grc' dir='ltr'>φρονῶν</span> <span class='ocrx_word' id='word_1_624' title='bbox 3887 4402 3941 4453; x_wconf 62' lang='grc' dir='ltr'>οὐ</span> 
     </span>
    </p>
   </div>
   <div class='ocr_carea' id='block_1_93' title="bbox 2339 4480 3939 4559">
    <p class='ocr_par' dir='ltr' id='par_1_93' title="bbox 2339 4480 3939 4559">
     <span class='ocr_line' id='line_1_93' title="bbox 2339 4480 3939 4559; baseline 0.004 -24"><span class='ocrx_word' id='word_1_625' title='bbox 2339 4480 2559 4537; x_wconf 79' lang='grc' dir='ltr'>δύναται</span> <span class='ocrx_word' id='word_1_626' title='bbox 2602 4483 2959 4549; x_wconf 76' lang='grc' dir='ltr'>ὑποδέξασθαι</span> <span class='ocrx_word' id='word_1_627' title='bbox 2998 4487 3142 4550; x_wconf 75' lang='grc' dir='ltr'>αὐτὸ,</span> <span class='ocrx_word' id='word_1_628' title='bbox 3176 4489 3254 4539; x_wconf 85' lang='grc' dir='ltr'>ὅτι</span> <span class='ocrx_word' id='word_1_629' title='bbox 3285 4487 3342 4539; x_wconf 72' lang='grc' dir='ltr'>οὐ</span> <span class='ocrx_word' id='word_1_630' title='bbox 3376 4489 3549 4559; x_wconf 85' lang='grc' dir='ltr'>θεωρεί</span> <span class='ocrx_word' id='word_1_631' title='bbox 3579 4487 3732 4550; x_wconf 68' lang='grc' dir='ltr'>αὐτὸ,</span> <span class='ocrx_word' id='word_1_632' title='bbox 3776 4509 3939 4546; x_wconf 72' lang='grc' dir='ltr'>πεπτ-</span> 
     </span>
    </p>
   </div>
   <div class='ocr_carea' id='block_1_94' title="bbox 575 4573 2229 4648">
    <p class='ocr_par' dir='ltr' id='par_1_94' title="bbox 575 4574 2228 4646">
     <span class='ocr_line' id='line_1_94' title="bbox 575 4574 2228 4646; baseline 0.001 -16"><span class='ocrx_word' id='word_1_633' title='bbox 575 4576 906 4640; x_wconf 91' lang='lat' dir='ltr'><strong>videteum,</strong></span> <span class='ocrx_word' id='word_1_634' title='bbox 941 4574 1238 4646; x_wconf 90' lang='lat' dir='ltr'><strong>siquidem</strong></span> <span class='ocrx_word' id='word_1_635' title='bbox 1281 4581 1611 4630; x_wconf 57' lang='lat' dir='ltr'><strong>excaecatus</strong></span> <span class='ocrx_word' id='word_1_636' title='bbox 1649 4583 1734 4630; x_wconf 90' lang='lat' dir='ltr'><strong>est</strong></span> <span class='ocrx_word' id='word_1_637' title='bbox 1765 4576 1946 4631; x_wconf 89' lang='lat' dir='ltr'><strong>oculis</strong></span> <span class='ocrx_word' id='word_1_638' title='bbox 1968 4577 2228 4632; x_wconf 90' lang='lat' dir='ltr'><strong>intellec-</strong></span> 
     </span>
    </p>
   </div>
   <div class='ocr_carea' id='block_1_95' title="bbox 2347 4573 3932 4648">
    <p class='ocr_par' dir='ltr' id='par_1_95' title="bbox 2347 4573 3932 4648">
     <span class='ocr_line' id='line_1_95' title="bbox 2347 4573 3932 4648; baseline 0.001 -22"><span class='ocrx_word' id='word_1_639' title='bbox 2347 4579 2555 4646; x_wconf 72' lang='grc' dir='ltr'>οωριένος</span> <span class='ocrx_word' id='word_1_640' title='bbox 2612 4581 2678 4626; x_wconf 80' lang='grc' dir='ltr'><strong>ὥν</strong></span> <span class='ocrx_word' id='word_1_641' title='bbox 2725 4580 2844 4637; x_wconf 77' lang='grc' dir='ltr'>τοὺς</span> <span class='ocrx_word' id='word_1_642' title='bbox 2891 4581 3104 4638; x_wconf 75' lang='grc' dir='ltr'>νοητοὺς</span> <span class='ocrx_word' id='word_1_643' title='bbox 3153 4576 3463 4648; x_wconf 63' lang='grc' dir='ltr'>ὀφθαλμούς</span> <span class='ocrx_word' id='word_1_644' title='bbox 3514 4573 3638 4630; x_wconf 69' lang='grc' dir='ltr'><strong>οὐδὲ</strong></span> <span class='ocrx_word' id='word_1_645' title='bbox 3691 4587 3932 4646; x_wconf 75' lang='grc' dir='ltr'>’γινώσκει</span> 
     </span>
    </p>
   </div>
   <div class='ocr_carea' id='block_1_96' title="bbox 576 4663 2227 4733">
    <p class='ocr_par' dir='ltr' id='par_1_96' title="bbox 576 4663 2227 4733">
     <span class='ocr_line' id='line_1_96' title="bbox 576 4663 2227 4733; baseline 0.002 -14"><span class='ocrx_word' id='word_1_646' title='bbox 576 4663 839 4719; x_wconf 89' lang='lat' dir='ltr'><strong>tualibus</strong></span> <span class='ocrx_word' id='word_1_647' title='bbox 884 4679 895 4716; x_wconf 91' lang='lat'>:</span> <span class='ocrx_word' id='word_1_648' title='bbox 934 4679 1042 4718; x_wconf 90' lang='lat' dir='ltr'><strong>nec</strong></span> <span class='ocrx_word' id='word_1_649' title='bbox 1072 4664 1377 4733; x_wconf 81' lang='lat' dir='ltr'><strong>cognoscit</strong></span> <span class='ocrx_word' id='word_1_650' title='bbox 1423 4680 1582 4730; x_wconf 90' lang='lat' dir='ltr'><strong>eum,</strong></span> <span class='ocrx_word' id='word_1_651' title='bbox 1618 4681 1752 4720; x_wconf 92' lang='lat' dir='ltr'><strong>cum</strong></span> <span class='ocrx_word' id='word_1_652' title='bbox 1792 4665 1936 4722; x_wconf 91' lang='lat' dir='ltr'><strong>nihil</strong></span> <span class='ocrx_word' id='word_1_653' title='bbox 1970 4666 2227 4722; x_wconf 88' lang='lat' dir='ltr'><strong>sublime</strong></span> 
     </span>
    </p>
   </div>
   <div class='ocr_carea' id='block_1_97' title="bbox 576 4752 1140 4826">
    <p class='ocr_par' dir='ltr' id='par_1_97' title="bbox 576 4752 1140 4826">
     <span class='ocr_line' id='line_1_97' title="bbox 576 4752 1140 4826; baseline 0.002 -19"><span class='ocrx_word' id='word_1_654' title='bbox 576 4753 768 4826; x_wconf 92' lang='lat' dir='ltr'><strong>possit</strong></span> <span class='ocrx_word' id='word_1_655' title='bbox 796 4752 1140 4821; x_wconf 81' lang='lat' dir='ltr'><strong>intelligere.</strong></span> 
     </span>
    </p>
   </div>
   <div class='ocr_carea' id='block_1_98' title="bbox 648 4841 2228 4914">
    <p class='ocr_par' dir='ltr' id='par_1_98' title="bbox 648 4841 2228 4914">
     <span class='ocr_line' id='line_1_98' title="bbox 648 4841 2228 4914; baseline 0.003 -18"><span class='ocrx_word' id='word_1_656' title='bbox 648 4842 812 4898; x_wconf 84' lang='lat' dir='ltr'><strong>Vers.</strong></span> <span class='ocrx_word' id='word_1_657' title='bbox 858 4841 943 4898; x_wconf 80' lang='grc'><strong>17.</strong></span> <span class='ocrx_word' id='word_1_658' title='bbox 993 4843 1089 4896; x_wconf 84' lang='lat' dir='ltr'><strong>Vos</strong></span> <span class='ocrx_word' id='word_1_659' title='bbox 1118 4873 1187 4882; x_wconf 93' lang='lat'><strong>—</strong></span> <span class='ocrx_word' id='word_1_660' title='bbox 1237 4857 1385 4898; x_wconf 83' lang='lat' dir='ltr'><strong>eum.</strong></span> <span class='ocrx_word' id='word_1_661' title='bbox 1433 4843 1877 4914; x_wconf 91' lang='lat' dir='ltr'><strong>Propemodum</strong></span> <span class='ocrx_word' id='word_1_662' title='bbox 1918 4844 2083 4900; x_wconf 90' lang='lat' dir='ltr'><strong>illum</strong></span> <span class='ocrx_word' id='word_1_663' title='bbox 2131 4862 2228 4901; x_wconf 82' lang='lat' dir='ltr'><strong>co-</strong></span> 
     </span>
    </p>
   </div>
   <div class='ocr_carea' id='block_1_99' title="bbox 576 4931 2226 5005">
    <p class='ocr_par' dir='ltr' id='par_1_99' title="bbox 576 4931 2226 5005">
     <span class='ocr_line' id='line_1_99' title="bbox 576 4931 2226 5005; baseline 0.002 -19"><span class='ocrx_word' id='word_1_664' title='bbox 576 4931 878 5002; x_wconf 84' lang='lat' dir='ltr'><strong>gnoscitis.</strong></span> <span class='ocrx_word' id='word_1_665' title='bbox 914 4933 1061 4986; x_wconf 87' lang='lat' dir='ltr'><strong>Nam</strong></span> <span class='ocrx_word' id='word_1_666' title='bbox 1093 4935 1228 5002; x_wconf 91' lang='lat' dir='ltr'><strong>post</strong></span> <span class='ocrx_word' id='word_1_667' title='bbox 1287 4931 1467 4987; x_wconf 89' lang='lat' dir='ltr'><strong>breve</strong></span> <span class='ocrx_word' id='word_1_668' title='bbox 1512 4935 1750 5005; x_wconf 90' lang='lat' dir='ltr'><strong>tempus</strong></span> <span class='ocrx_word' id='word_1_669' title='bbox 1795 4932 2118 4989; x_wconf 90' lang='lat' dir='ltr'><strong>descendet</strong></span> <span class='ocrx_word' id='word_1_670' title='bbox 2156 4950 2226 4990; x_wconf 90' lang='lat' dir='ltr'><strong>ac</strong></span> 
     </span>
    </p>
   </div>
   <div class='ocr_carea' id='block_1_100' title="bbox 574 5019 977 5077">
    <p class='ocr_par' dir='ltr' id='par_1_100' title="bbox 574 5019 977 5077">
     <span class='ocr_line' id='line_1_100' title="bbox 574 5019 977 5077; baseline -0.007 0"><span class='ocrx_word' id='word_1_671' title='bbox 574 5019 810 5077; x_wconf 91' lang='lat' dir='ltr'><strong>docebit</strong></span> <span class='ocrx_word' id='word_1_672' title='bbox 847 5035 977 5075; x_wconf 89' lang='lat' dir='ltr'><strong>vos.</strong></span> 
     </span>
    </p>
   </div>
   <div class='ocr_carea' id='block_1_101' title="bbox 644 5108 2227 5181">
    <p class='ocr_par' dir='ltr' id='par_1_101' title="bbox 644 5108 2227 5181">
     <span class='ocr_line' id='line_1_101' title="bbox 644 5108 2227 5181; baseline 0.003 -17"><span class='ocrx_word' id='word_1_673' title='bbox 644 5109 766 5173; x_wconf 90' lang='lat' dir='ltr'><strong>Vel,</strong></span> <span class='ocrx_word' id='word_1_674' title='bbox 800 5108 1158 5178; x_wconf 87' lang='lat' dir='ltr'><strong>cognoscitis</strong></span> <span class='ocrx_word' id='word_1_675' title='bbox 1198 5124 1336 5166; x_wconf 91' lang='lat' dir='ltr'><strong>eum</strong></span> <span class='ocrx_word' id='word_1_676' title='bbox 1367 5125 1438 5166; x_wconf 85' lang='lat' dir='ltr'><strong>ex</strong></span> <span class='ocrx_word' id='word_1_677' title='bbox 1469 5110 1586 5166; x_wconf 90' lang='lat' dir='ltr'><strong>mei</strong></span> <span class='ocrx_word' id='word_1_678' title='bbox 1643 5110 1998 5181; x_wconf 86' lang='lat' dir='ltr'><strong>cognitione.</strong></span> <span class='ocrx_word' id='word_1_679' title='bbox 2061 5111 2227 5168; x_wconf 86' lang='lat' dir='ltr'><strong>Sicut</strong></span> 
     </span>
    </p>
   </div>
   <div class='ocr_carea' id='block_1_102' title="bbox 645 5307 1762 5374">
    <p class='ocr_par' dir='ltr' id='par_1_102' title="bbox 645 5307 1762 5374">
     <span class='ocr_line' id='line_1_102' title="bbox 645 5307 1762 5374; baseline 0.003 -13"><span class='ocrx_word' id='word_1_680' title='bbox 645 5307 691 5342; x_wconf 75' lang='grc'>³³</span> <span class='ocrx_word' id='word_1_681' title='bbox 729 5307 896 5364; x_wconf 80' lang='lat' dir='ltr'><strong>Joan.</strong></span> <span class='ocrx_word' id='word_1_682' title='bbox 929 5321 1048 5374; x_wconf 68' lang='lat' dir='ltr'><strong>xvn,</strong></span> <span class='ocrx_word' id='word_1_683' title='bbox 1081 5311 1133 5362; x_wconf 90' lang='lat'><strong>7.</strong></span> <span class='ocrx_word' id='word_1_684' title='bbox 1275 5307 1321 5342; x_wconf 74' lang='grc'><strong>⁸⁸</strong></span> <span class='ocrx_word' id='word_1_685' title='bbox 1353 5307 1522 5364; x_wconf 90' lang='lat' dir='ltr'><strong>Joan.</strong></span> <span class='ocrx_word' id='word_1_686' title='bbox 1550 5322 1648 5374; x_wconf 86' lang='lat' dir='ltr'><strong>xx,</strong></span> <span class='ocrx_word' id='word_1_687' title='bbox 1674 5311 1762 5364; x_wconf 75' lang='lat'><strong>22.</strong></span> 
     </span>
    </p>
   </div>
   <div class='ocr_carea' id='block_1_103' title="bbox 2338 4663 3375 4738">
    <p class='ocr_par' dir='ltr' id='par_1_103' title="bbox 2338 4663 3375 4738">
     <span class='ocr_line' id='line_1_103' title="bbox 2338 4663 3375 4738; baseline 0.001 -22"><span class='ocrx_word' id='word_1_688' title='bbox 2338 4665 2482 4731; x_wconf 60' lang='grc' dir='ltr'>αὐτὸ,</span> <span class='ocrx_word' id='word_1_689' title='bbox 2511 4663 2676 4737; x_wconf 71' lang='grc' dir='ltr'>μηδὲν</span> <span class='ocrx_word' id='word_1_690' title='bbox 2703 4664 2900 4737; x_wconf 68' lang='grc' dir='ltr'>ὑψηλὸν</span> <span class='ocrx_word' id='word_1_691' title='bbox 2934 4665 3114 4717; x_wconf 82' lang='grc' dir='ltr'>ἐννοεῖν</span> <span class='ocrx_word' id='word_1_692' title='bbox 3154 4665 3375 4738; x_wconf 84' lang='grc' dir='ltr'>ἰσχύων.</span> 
     </span>
    </p>
   </div>
   <div class='ocr_carea' id='block_1_104' title="bbox 2407 4840 3932 4920">
    <p class='ocr_par' dir='ltr' id='par_1_104' title="bbox 2407 4840 3932 4920">
     <span class='ocr_line' id='line_1_104' title="bbox 2407 4840 3932 4920; baseline 0.001 -26"><span class='ocrx_word' id='word_1_693' title='bbox 2407 4840 2575 4913; x_wconf 71' lang='grc' dir='ltr'>Ὑμεῖς</span> <span class='ocrx_word' id='word_1_694' title='bbox 2594 4873 2658 4883; x_wconf 89' lang='grc'><strong>-</strong></span> <span class='ocrx_word' id='word_1_695' title='bbox 2685 4843 2825 4896; x_wconf 72' lang='grc' dir='ltr'>αὐτό.</span> <span class='ocrx_word' id='word_1_696' title='bbox 2863 4848 3141 4894; x_wconf 76' lang='grc' dir='ltr'>Γινώσκετε</span> <span class='ocrx_word' id='word_1_697' title='bbox 3166 4845 3286 4894; x_wconf 82' lang='grc' dir='ltr'>ὅσον</span> <span class='ocrx_word' id='word_1_698' title='bbox 3312 4847 3474 4896; x_wconf 72' lang='grc' dir='ltr'>οὔπω.</span> <span class='ocrx_word' id='word_1_699' title='bbox 3507 4843 3619 4895; x_wconf 69' lang='grc' dir='ltr'><strong>Οὐκ</strong></span> <span class='ocrx_word' id='word_1_700' title='bbox 3646 4843 3715 4904; x_wconf 81' lang='grc' dir='ltr'>εἰς</span> <span class='ocrx_word' id='word_1_701' title='bbox 3741 4848 3932 4920; x_wconf 69' lang='grc' dir='ltr'>μακρὰ-ι</span> 
     </span>
    </p>
   </div>
   <div class='ocr_carea' id='block_1_105' title="bbox 2334 4928 3345 5003">
    <p class='ocr_par' dir='ltr' id='par_1_105' title="bbox 2334 4928 3345 5003">
     <span class='ocr_line' id='line_1_105' title="bbox 2334 4928 3345 5003; baseline 0.006 -21"><span class='ocrx_word' id='word_1_702' title='bbox 2334 4933 2434 5003; x_wconf 72' lang='grc' dir='ltr'>γὰρ</span> <span class='ocrx_word' id='word_1_703' title='bbox 2472 4931 2799 5002; x_wconf 76' lang='grc' dir='ltr'>ἐπιφοιτήσει</span> <span class='ocrx_word' id='word_1_704' title='bbox 2828 4936 2916 4983; x_wconf 86' lang='grc' dir='ltr'>καὶ</span> <span class='ocrx_word' id='word_1_705' title='bbox 2949 4928 3155 4994; x_wconf 81' lang='grc' dir='ltr'><em>διδάξει</em></span> <span class='ocrx_word' id='word_1_706' title='bbox 3187 4934 3345 5003; x_wconf 76' lang='grc' dir='ltr'>ὑμᾶς.</span> 
     </span>
    </p>
   </div>
   <div class='ocr_carea' id='block_1_106' title="bbox 2405 5109 3944 5185">
    <p class='ocr_par' dir='ltr' id='par_1_106' title="bbox 2405 5109 3944 5185">
     <span class='ocr_line' id='line_1_106' title="bbox 2405 5109 3944 5185; baseline 0.001 -19"><span class='ocrx_word' id='word_1_707' title='bbox 2405 5116 2466 5166; x_wconf 86' lang='grc' dir='ltr'>Ἢ</span> <span class='ocrx_word' id='word_1_708' title='bbox 2520 5116 2800 5183; x_wconf 73' lang='grc' dir='ltr'>’γινώσκετε</span> <span class='ocrx_word' id='word_1_709' title='bbox 2853 5111 2977 5163; x_wconf 68' lang='grc' dir='ltr'>αὐτὸ</span> <span class='ocrx_word' id='word_1_710' title='bbox 3036 5109 3137 5163; x_wconf 81' lang='grc' dir='ltr'>ἀπὸ</span> <span class='ocrx_word' id='word_1_711' title='bbox 3193 5118 3285 5164; x_wconf 82' lang='grc' dir='ltr'>τοῦ</span> <span class='ocrx_word' id='word_1_712' title='bbox 3323 5115 3595 5184; x_wconf 70' lang='grc' dir='ltr'>γινώσκειν</span> <span class='ocrx_word' id='word_1_713' title='bbox 3649 5109 3758 5185; x_wconf 55' lang='lat' dir='ltr'><strong>itii.</strong></span> <span class='ocrx_word' id='word_1_714' title='bbox 3811 5111 3944 5167; x_wconf 62' lang='grc' dir='ltr'><strong>Ὦπ-</strong></span> 
     </span>
    </p>
   </div>
   <div class='ocr_carea' id='block_1_107' title="bbox 1901 5308 2410 5373">
    <p class='ocr_par' dir='ltr' id='par_1_107' title="bbox 1901 5308 2410 5373">
     <span class='ocr_line' id='line_1_107' title="bbox 1901 5308 2410 5373; baseline 0.006 -10"><span class='ocrx_word' id='word_1_715' title='bbox 1901 5309 1949 5345; x_wconf 80' lang='grc'><strong>⁰⁴</strong></span> <span class='ocrx_word' id='word_1_716' title='bbox 1979 5309 1999 5363; x_wconf 90' lang='grc' dir='ltr'>Ι</span> <span class='ocrx_word' id='word_1_717' title='bbox 2027 5308 2156 5365; x_wconf 89' lang='lat' dir='ltr'><strong>Cor.</strong></span> <span class='ocrx_word' id='word_1_718' title='bbox 2188 5325 2286 5373; x_wconf 83' lang='lat' dir='ltr'><strong>xu,</strong></span> <span class='ocrx_word' id='word_1_719' title='bbox 2327 5314 2410 5366; x_wconf 80' lang='lat' dir='ltr'><strong>ll.</strong></span> 
     </span>
    </p>
   </div>
   <div class='ocr_carea' id='block_1_108' title="bbox 1767 5486 2726 5557">
    <p class='ocr_par' dir='ltr' id='par_1_108' title="bbox 1767 5486 2726 5557">
     <span class='ocr_line' id='line_1_108' title="bbox 1767 5486 2726 5557; baseline 0.001 -2"><span class='ocrx_word' id='word_1_720' title='bbox 1767 5486 1994 5556; x_wconf 70' lang='lat' dir='ltr'><strong>Variae</strong></span> <span class='ocrx_word' id='word_1_721' title='bbox 2036 5487 2368 5557; x_wconf 88' lang='lat' dir='ltr'><strong>lectiones</strong></span> <span class='ocrx_word' id='word_1_722' title='bbox 2413 5496 2480 5556; x_wconf 90' lang='lat' dir='ltr'><strong>et</strong></span> <span class='ocrx_word' id='word_1_723' title='bbox 2523 5499 2726 5556; x_wconf 73' lang='lat' dir='ltr'><strong>notae.</strong></span> 
     </span>
    </p>
   </div>
   <div class='ocr_carea' id='block_1_109' title="bbox 643 5680 2218 5750">
    <p class='ocr_par' dir='ltr' id='par_1_109' title="bbox 643 5680 2218 5750">
     <span class='ocr_line' id='line_1_109' title="bbox 643 5680 2218 5750; baseline 0.003 -14"><span class='ocrx_word' id='word_1_724' title='bbox 643 5680 756 5750; x_wconf 80' lang='lat' dir='ltr'><strong>(l0)</strong></span> <span class='ocrx_word' id='word_1_725' title='bbox 814 5682 934 5737; x_wconf 87' lang='lat' dir='ltr'><strong>Hoc</strong></span> <span class='ocrx_word' id='word_1_726' title='bbox 962 5685 1067 5747; x_wconf 9' lang='grc' dir='ltr'>’καὶ</span> <span class='ocrx_word' id='word_1_727' title='bbox 1098 5695 1215 5737; x_wconf 89' lang='lat' dir='ltr'><strong>non</strong></span> <span class='ocrx_word' id='word_1_728' title='bbox 1258 5682 1530 5750; x_wconf 87' lang='lat' dir='ltr'><strong>agnoscit</strong></span> <span class='ocrx_word' id='word_1_729' title='bbox 1555 5683 1818 5740; x_wconf 84' lang='lat' dir='ltr'><strong>Hentenii</strong></span> <span class='ocrx_word' id='word_1_730' title='bbox 1861 5683 2070 5740; x_wconf 90' lang='lat' dir='ltr'><strong>versio.</strong></span> <span class='ocrx_word' id='word_1_731' title='bbox 2108 5685 2218 5741; x_wconf 91' lang='lat' dir='ltr'><strong>Sed</strong></span> 
     </span>
    </p>
   </div>
   <div class='ocr_carea' id='block_1_110' title="bbox 567 5751 2216 5827">
    <p class='ocr_par' dir='ltr' id='par_1_110' title="bbox 567 5751 2216 5827">
     <span class='ocr_line' id='line_1_110' title="bbox 567 5751 2216 5827; baseline -0.001 -19"><span class='ocrx_word' id='word_1_732' title='bbox 567 5767 678 5809; x_wconf 89' lang='lat' dir='ltr'><strong>nec</strong></span> <span class='ocrx_word' id='word_1_733' title='bbox 710 5752 790 5808; x_wconf 90' lang='lat' dir='ltr'><strong>sic</strong></span> <span class='ocrx_word' id='word_1_734' title='bbox 829 5751 1200 5824; x_wconf 87' lang='lat' dir='ltr'><strong>acquiescere</strong></span> <span class='ocrx_word' id='word_1_735' title='bbox 1231 5768 1500 5824; x_wconf 90' lang='lat' dir='ltr'><strong>possum.</strong></span> <span class='ocrx_word' id='word_1_736' title='bbox 1546 5753 1745 5812; x_wconf 87' lang='lat' dir='ltr'><strong>Malim</strong></span> <span class='ocrx_word' id='word_1_737' title='bbox 1776 5770 1916 5827; x_wconf 90' lang='lat' dir='ltr'><strong>ergo</strong></span> <span class='ocrx_word' id='word_1_738' title='bbox 1947 5756 2076 5812; x_wconf 91' lang='lat' dir='ltr'><strong>loco</strong></span> <span class='ocrx_word' id='word_1_739' title='bbox 2107 5761 2216 5821; x_wconf 84' lang='grc' dir='ltr'>καὶ,</span> 
     </span>
    </p>
   </div>
   <div class='ocr_carea' id='block_1_111' title="bbox 2331 5685 2799 5745">
    <p class='ocr_par' dir='ltr' id='par_1_111' title="bbox 2331 5685 2799 5745">
     <span class='ocr_line' id='line_1_111' title="bbox 2331 5685 2799 5745; baseline 0.009 -3"><span class='ocrx_word' id='word_1_740' title='bbox 2331 5685 2626 5745; x_wconf 74' lang='lat' dir='ltr'><strong>corrigere</strong></span> <span class='ocrx_word' id='word_1_741' title='bbox 2653 5689 2799 5745; x_wconf 80' lang='grc' dir='ltr'>πρὸς.</span> 
     </span>
    </p>
   </div>
   <div class='ocr_carea' id='block_1_112' title="bbox 2401 5757 2905 5830">
    <p class='ocr_par' dir='ltr' id='par_1_112' title="bbox 2401 5757 2905 5830">
     <span class='ocr_line' id='line_1_112' title="bbox 2401 5757 2905 5830; baseline -0.002 -19"><span class='ocrx_word' id='word_1_742' title='bbox 2401 5757 2518 5830; x_wconf 78' lang='grc' dir='ltr'><strong>(Μ)</strong></span> <span class='ocrx_word' id='word_1_743' title='bbox 2556 5762 2617 5810; x_wconf 88' lang='grc' dir='ltr'><strong>Δέ</strong></span> <span class='ocrx_word' id='word_1_744' title='bbox 2647 5757 2818 5814; x_wconf 90' lang='lat' dir='ltr'><strong>abest</strong></span> <span class='ocrx_word' id='word_1_745' title='bbox 2840 5757 2905 5812; x_wconf 83' lang='lat' dir='ltr'><strong>A.</strong></span> 
     </span>
    </p>
   </div>
  </div>
