4130 6320
259 390 390 458 1401
1244 395 1613 455 COMMENT.
1658 395 1728 451 IN
1764 392 2118 450 JOANNEM.
2160 427 2228 436 —
2267 397 2419 454 CAP.
2464 396 2607 454 xw.
3492 397 3634 454 «ωε

255 546 352 603 περ
397 529 497 603 γὰρ
552 527 577 579 ὁ
615 529 864 588 νενοηκὼς
913 523 998 598 ἔμε
1038 527 1242 583 νενόηκε
1281 527 1367 576 τὸν
1418 526 1626 595 Πατέρα
1656 542 1671 556 ·
1724 520 1860 574 οὕτω

1995 520 2132 577 enim
2169 521 2273 594 qui
2304 522 2470 580 novit
2493 537 2612 592 me,
2652 520 2820 580 novit
2861 528 2917 579 et
2945 522 3202 589 Patrem;
3238 521 3322 580 ita
3353 536 3626 580 rursum!

254 617 409 669 πάλιν
463 620 487 669 ὁ
543 621 788 676 νενοηκὼς
865 614 951 687 ἐμὲ
1021 618 1226 672 νενόηκε
1298 616 1356 665 τὸ
1430 619 1684 684 Πνεῦμα·
1734 617 1859 683 μιᾶς

1996 611 2073 682 [ui
2101 612 2263 667 novit
2293 611 2580 677 me,novit
2603 618 2656 669 et
2687 613 2965 685 Spiritum
2998 618 3292 669 sanctum.
3324 614 3476 670 Nam
3510 619 3627 670 tres

254 709 358 780 γὰρ
400 709 447 759 οἱ
502 713 636 779 τρεῖς
684 706 869 767 οὐσίας
923 709 1012 757 καὶ
1067 707 1267 777 φύσεως
1319 707 1407 755 καὶ
1449 698 1715 773 δυνάμεως
1771 706 1861 753 καὶ

1993 700 2147 755 inius
2178 707 2315 758 sunt
2354 703 2702 759 substantiae
2728 719 2799 759 ac
2822 706 3073 768 naturae,
3118 702 3399 776 potentiae
3441 719 3513 760 ac
3542 703 3624 760 di-

258 793 428 857 ἀξίας.

1968 790 2241 861 gnitatis.

327 882 448 936 Ὀτι
504 915 573 924 -
623 887 780 956 μένει.
831 882 1031 955 Ὠσπερ
1090 884 1191 957 γὰρ
1269 882 1294 933 ὁ
1348 884 1521 954 Πατὴρ
1586 899 1678 951 μετ
1733 879 1858 952 ἐμοῦ

2035 879 2197 935 Vers.
2228 885 2307 936 17.
2342 881 2482 947 Quia
2513 913 2579 923 —
2605 888 2824 939 manet.
2875 882 3039 937 Sicut
3082 882 3241 939 enim
3286 883 3455 939 Pater
3492 897 3624 938 me-

255 972 400 1025 ἒστιν
426 995 437 1006 ·
462 973 596 1025 οὕτω
616 976 704 1024 καὶ
734 975 791 1025 τὸ
826 979 1034 1044 Πνεῦμα
1065 993 1077 1004 '
1116 970 1414 1045 ἀχώριστος
1438 972 1535 1042 γὰρ
1563 971 1593 1026 ἠ
1624 973 1862 1042 μακαρία

1991 984 2105 1023 :um
2174 974 2282 1036 est,
2342 970 2426 1025 ita
2477 975 2534 1026 et
2590 972 2839 1042 Spiritus
2886 975 3149 1027 sanctus.
3218 972 3622 1044 Inseparabile

252 1063 435 1135 Τριάς.

1969 1056 2263 1130 siquidem
2293 1064 2379 1114 est
2404 1059 2580 1117 beata
2609 1060 2884 1116 Trinitas.

332 1157 431 1203 Καὶ
458 1150 506 1203 ἐν
547 1152 667 1223 ὑμῖν
697 1153 866 1203 ἔσται.
913 1154 997 1209 Μὴ
1048 1148 1379 1208 ἀποθνῆσκον
1423 1148 1561 1218 (12).
1619 1150 1684 1207 ὡς
1735 1145 1855 1217 ἐγώ.

2038 1147 2200 1203 Vers.
2268 1153 2352 1203 17.
2385 1150 2461 1205 Ει
2494 1150 2558 1204 in
2593 1150 2749 1206 vobis
2778 1150 2914 1207 erit
2964 1152 3089 1205 Non
3134 1149 3418 1217 moriens,
3464 1151 3620 1207 sicut

255 1237 399 1293 Οῦδέ
438 1243 539 1313 γὰρ
595 1238 982 1313 ἐνηνθρωπησεν
1036 1242 1104 1300 ὡς
1157 1237 1271 1309 ἐγὼ.
1324 1237 1465 1291 Ἐπεὶ
1514 1233 1574 1289 δὲ
1624 1242 1859 1287 τοσαῦτα

1991 1251 2079 1305 ego
2112 1253 2127 1292 :
2162 1252 2355 1309 neque
2390 1240 2547 1294 enim
2575 1240 2919 1294 incarnatus
2948 1243 3054 1304 est,
3088 1238 3243 1295 sicut
3288 1254 3419 1309 ego.
3472 1239 3622 1308 Quia

254 1330 411 1382 εἰπὼν
440 1333 583 1381 οῦπω
612 1333 699 1386 τὴν
732 1328 956 1399 ἀθυμίαν
982 1327 1148 1379 αὐτῶν
1180 1326 1427 1394 ἐξέϐαλεν,
1459 1322 1856 1397 ἀδημονούντων

1985 1341 2099 1380 iero
2129 1342 2267 1381 cum
2324 1332 2445 1382 tam
2499 1327 2685 1383 multa
2724 1327 2983 1393 dixisset,
3017 1328 3289 1383 nondum
3322 1328 3616 1385 tristitiam

254 1421 331 1471 ἔτι
360 1423 449 1470 καὶ
480 1417 853 1490 ἀλγυνομένων,
905 1421 969 1477 ὡς
998 1417 1225 1489 ὀρφανῶν
1260 1413 1366 1474 ἤθη
1408 1415 1856 1487 καταλιμπάνομέ-

1989 1414 2205 1471 llorum
2235 1416 2545 1487 repulerat,
2578 1418 2723 1488 quia
2749 1418 3004 1485 graviter
3034 1417 3231 1473 adhuc
3253 1417 3524 1474 ferebant
3550 1433 3620 1473 ac

252 1528 373 1576 νων,
409 1510 674 1579 θεραπεύει
702 1509 757 1558 τὸ
788 1513 1021 1558 τοιοῦτον
1046 1505 1221 1576 ἄλγος.

1989 1492 2399 1572 noerebant,ut
2428 1506 2531 1577 qui
2557 1506 2686 1575 jam
2705 1506 3474 1579 orphanirelinquerentur,
3510 1506 3620 1561 hu-

1958 1591 2225 1663 jusmodi
2257 1599 2424 1649 curat
2464 1594 2830 1650 mmstitiam.

329 1685 436 1737 Οῦκ
469 1715 536 1726 -
574 1684 844 1758 ὀρφανούς.
879 1690 1141 1756 Πατρικῆς
1181 1682 1569 1754 εὐσπλαγχνίας
1597 1685 1655 1734 τὸ
1684 1682 1851 1756 ῥῆμα.

2034 1682 2193 1737 Vers.
2232 1684 2321 1738 18.
2362 1715 2430 1722 -
2452 1683 2587 1739 Non
2600 1684 2920 1753 orphanos.
2939 1684 3203 1739 Paternae
3217 1683 3617 1740 miserationis

251 1774 674 1845 πο).λὴνέἰσάγον
700 1774 1028 1849 παράκλησιν
1049 1777 1139 1825 καὶ
1162 1772 1539 1845 ψυχαγωγίαν.
1565 1772 1639 1824 Οὐ
1661 1773 1854 1824 παντά-

1986 1772 2209 1827 verbum
2268 1772 2644 1842 est,multam
2695 1772 2949 1828 aﬁ‘erens
2998 1773 3466 1829 consolationem
3546 1788 3617 1829 ac

252 1884 414 1916 πασιν
442 1863 626 1936 ἀφήσω
656 1864 789 1926 ὑμᾶς
818 1867 885 1916 τὰ
908 1867 1082 1915 τεκνία
1104 1882 1226 1934 μου.

1985 1860 2440 1917 ὠιεοίᾶιὶοηεω.
2471 1862 2862 1935 Nequaquam
2889 1878 2995 1917 vos
3032 1862 3366 1934 relinquam
3400 1863 3616 1935 orpha-

1962 1966 2073 2006 nos
2103 1950 2205 2021 qui
2231 1950 2332 2006 ﬁlii
2375 1951 2491 2006 mei
2520 1950 2675 2006 estis.

323 2042 588 2116 Ἔρχομαι
642 2044 772 2117 πρός
827 2043 978 2114 ὑμᾶς.
1034 2039 1302 2113 Ἔρχομαι
1366 2039 1517 2093 πάλιν
1575 2042 1703 2112 μετὰ
1757 2044 1852 2098 τὴν

2032 2040 2192 2094 Vers.
2241 2044 2323 2095 18.
2382 2041 2623 2096 Veniam
2670 2041 2752 2096 ad
2777 2056 2890 2097 vos.
2927 2039 3166 2095 Veniam
3212 2055 3447 2096 rursum
3478 2043 3616 2112 post

248 2138 527 2206 τριήμερον
559 2130 866 2201 ἀνάστασιν,
899 2131 943 2183 εί
971 2134 1060 2183 καὶ
1089 2134 1160 2202 μὴ
1189 2133 1256 2192 ὡς
1285 2133 1344 2181 τὸ
1374 2134 1617 2205 πρότερον
1643 2134 1853 2183 συνεσό-

1977 2128 2113 2185 .ertii
2134 2128 2777 2194 dieiresurrectionem,
2797 2144 3153 2202 quanquam
3176 2145 3315 2193 non,
3338 2134 3402 2185 ut
3420 2129 3608 2202 prius,

250 2241 420 2293 μενος.

1961 2232 2343 2275 conversaris.

324 2310 439 2363 Ἐτι
467 2342 531 2351 -
564 2312 757 2384 θεωρεῖ.
790 2309 1141 2362 Ἀποθανὸντα
1168 2310 1231 2369 ὡς
1255 2310 1543 2382 ἄνθρωπον.

2030 2309 2189 2364 Vers.
2231 2310 2307 2364 19.
2334 2309 2549 2365 Adhuc
2577 2340 2645 2350 —
2674 2308 2911 2365 videbit.
2931 2308 3082 2365 Cum
3110 2313 3399 2381 tanquam
3420 2309 3606 2367 homo

1960 2414 2197 2453 moriar.

321 2483 489 2557 ’Υμεῖς
568 2517 637 2525 —
726 2505 810 2555 με.
895 2484 1314 2557 Ἐπιφαινὸμενον
1396 2484 1517 2556 ὑμῖν
1599 2481 1652 2535 ἐκ
1733 2480 1849 2536 diu-

2031 2489 2188 2541 Vers.
2223 2492 2304 2542 19.
2336 2488 2442 2541 Vos
2469 2517 2531 2526 -—
2561 2502 2669 2542 me.
2689 2487 3087 2556 Apparentem
3121 2485 3289 2541 vobis
3315 2486 3607 2556 perimer-

245 2573 561 2647 λειμμάτων,
622 2580 863 2637 συνόντος
937 2576 1056 2646 ὑμῖν
1124 2573 1201 2626 ἀεὶ
1280 2580 1372 2625 τοῦ
1437 2572 1592 2625 ἄλλου
1670 2580 1846 2646 Παρα-

1975 2576 2147 2631 nissa
2163 2581 2451 2646 tempora,
2487 2579 2875 2630 conversante
2893 2589 3128 2645 semper
3152 2573 3466 2631 vobiscum
3488 2574 3606 2631 alio

247 2663 342 2723 κλή
352 2684 441 2717 του
451 2708 462 2719 .

1956 2673 2281 2729 Paracleto.

2025 2763 2193 2818 Vers.
2234 2767 2316 2818 19.
2348 2763 2497 2830 Quia
2529 2779 2633 2831 ego
2664 2762 2875 2819 vivam.
2906 2763 3115 2819 Vivam
3140 2778 3351 2817 rursus
3383 2778 3418 2818 a
3445 2779 3602 2820 mor-

311 2841 432 2895 "Orc
462 2842 557 2913 ἐγὼ
592 2843 682 2903 ζῶ.
707 2850 808 2909 Ζῶ,
834 2842 985 2895 πάλιν
1013 2839 1236 2901 ἀναστὰς
1263 2839 1315 2892 ἐκ
1345 2848 1554 2914 νεκρῶν,

805 2888 808 2900 ,
834 2842 985 2895 πάλιν
1013 2839 1236 2901 ἀναστὰς
1263 2839 1315 2892 ἐκ
1345 2848 1554 2914 νεκρῶν,
1955 2851 2069 2908 tuis
2099 2867 2436 2923 resurgens.

316 2937 415 2983 Καὶ
468 2933 608 3003 ὑμεῖς
662 2932 904 2993 ζήσεσθε.
959 2935 1045 2987 Μὴ
1100 2928 1457 3004 ἀναιρούμενοι
1515 2928 1705 2981 αὐτίκα
1748 2934 1840 2982 σὺν

2022 2942 2190 2997 Vers.
2236 2946 2323 2998 19.
2394 2942 2471 2997 Ει
2523 2958 2613 2997 vos
2666 2941 2889 2998 vivetis.
2931 2942 3060 2997 Non
3101 2940 3299 2996 statim
3365 2956 3599 2998 mecum

238 3018 372 3091 ἐμοὶ,
410 3018 514 3071 ἀλλ’
543 3021 641 3071 ὑπὸ
672 3028 761 3079 τῆς
788 3018 915 3091 ἐμῆς
941 3016 1209 3092 δυνάμεως
1247 3018 1319 3091 ἐφ’
1356 3021 1526 3071 ἱκανὸν
1559 3022 1842 3094 συντηρού-

1972 3031 2256 3095 nterfecti,
2286 3032 2388 3086 sed
2449 3047 2582 3087 mea
2608 3032 2817 3086 virtute
2875 3031 3060 3087 multo
3095 3031 3294 3086 adhuc
3335 3034 3601 3102 tempore

236 3128 402 3181 μενοι.
430 3108 498 3161 ’Ἠ
530 3114 619 3161 καὶ
648 3110 794 3181 ὑμεῖς
843 3109 1069 3169 ζήσεσθε
1099 3111 1229 3181 μετὰ
1274 3110 1491 3161 θανατον
1529 3113 1623 3167 τὴν
1672 3129 1840 3181 μακα-

1966 3122 2302 3176 :onservati.
2343 3121 2465 3187 Vel,
2527 3137 2632 3176 vos
2681 3119 2889 3176 vivetis
2940 3121 3118 3177 etiam
3158 3125 3287 3192 post
3346 3125 3597 3177 mortem

236 3202 353 3271 ρίαν
389 3202 545 3257 ζῶήν.

679 3288 688 3290 _
788 3285 798 3290 _
1077 3288 1085 3290 _
1512 3285 1524 3290 Δ
1697 3288 1702 3290 Α
1869 3232 1911 3290 C
1949 3209 2065 3264 vita
2105 3209 2298 3265 beata.

309 3287 389 3340 Ἐν
423 3319 489 3326 -
522 3307 643 3360 μου.
678 3288 758 3341 Ἐν
781 3285 943 3361 ἐκείνῃ
968 3295 1028 3360 τῇ
1065 3288 1250 3363 ἡμέρᾳ,
1281 3296 1343 3360 τῇ
1376 3294 1471 3349 τῆς
1504 3285 1837 3349 ἀναστάσεως
1878 3285 1910 3290 ⁷

2017 3299 2178 3353 Vers.
2200 3302 2289 3354 20.
2315 3298 2382 3355 In
2396 3330 2464 3339 -—
2476 3314 2618 3355 meo.
2644 3301 2703 3353 ln
2739 3298 2838 3354 illo
2856 3297 2972 3366 die,
2991 3297 3438 3353 resurrectionis
3452 3313 3596 3353 mea:

233 3396 334 3448 μου
373 3373 635 3444 δηλονότι,
664 3379 926 3448 γνώσεσθε
970 3379 1049 3429 ὅτι
1097 3376 1197 3448 ἐγὼ
1225 3376 1273 3429 ἐν
1306 3384 1379 3447 τῷ
1410 3382 1576 3451 Πατρί
1601 3397 1721 3449 μου,
1756 3379 1835 3429 ὅτι

1963 3387 2233 3455 videlicet,
2255 3390 2649 3457 cognoscetis,
2678 3387 2842 3460 quod
2869 3403 2980 3456 ego
3008 3404 3040 3442 a
3073 3387 3239 3442 Patre
3270 3401 3405 3442 meo
3443 3385 3594 3441 indi-

233 3469 333 3537 ἐγώ
368 3463 660 3540 ἀδιαίρετος
706 3474 798 3519 τοῦ
831 3470 1031 3541 Πατρός
1060 3486 1181 3539 μου,
1216 3466 1263 3518 ἐν
1294 3475 1364 3538 τῷ
1407 3469 1472 3519 τὰ
1499 3466 1633 3518 αῦτὰ
1660 3465 1834 3538 ἐκείνῳ

1499 3466 1633 3518 αὐτὰ
1660 3465 1834 3538 ἐκείνῳ
1942 3476 2109 3531 visus
2142 3478 2274 3542 sim,
2308 3477 2520 3533 eadem
2560 3481 2770 3549 potens
2810 3493 2948 3532 cum
2981 3476 3103 3531 illo.

235 3551 515 3611 δύνασθαι.

307 3649 405 3696 Καὶ
430 3676 498 3683 -
527 3645 672 3716 ὑμῖν,
715 3649 815 3697 Καὶ
841 3646 920 3697 ὅτι
948 3650 1038 3697 καὶ
1067 3643 1209 3717 ὑμεῖς
1249 3644 1296 3697 ἐν
1323 3644 1435 3717 ἐμοὶ
1461 3648 1832 3718 φρουρούμενοι

2016 3655 2179 3710 Vers.
2209 3658 2297 3710 20.
2318 3656 2393 3711 Et
2417 3654 2683 3711 —vobis.
2741 3654 2978 3726 thuod
3012 3670 3118 3709 vos
3143 3654 3322 3710 etiam
3368 3654 3431 3710 in
3472 3669 3586 3723 me,

229 3737 318 3784 καὶ
357 3736 678 3806 νευρούμενοι
711 3755 723 3768 σ
766 3732 911 3805 κάγὼ
969 3732 1016 3786 ἓν
1070 3734 1183 3806 ἐμοὶ
1239 3742 1471 3808 φρουρῶν
1514 3740 1603 3787 καὶ
1643 3742 1829 3806 νευρῶν

1955 3744 2210 3799 :ustoditi
2242 3761 2311 3800 ac
2341 3744 2603 3800 roborati
2647 3762 2659 3799 :
2703 3750 2759 3800 et
2788 3760 2899 3813 ego
2931 3745 2990 3799 in
3023 3744 3210 3815 vobis,
3243 3742 3586 3800 custodiens

230 3822 386 3893 ὑμᾶς.
421 3824 686 3875 Γνωσεσθε
724 3820 781 3875 δὲ
818 3830 1001 3886 ταῦτα,
1035 3832 1134 3875 τῶν
1184 3822 1389 3895 ἐχθρῶν
1428 3823 1828 3895 καταστελλομέ·

1953 3850 2002 3887 tc
2022 3833 2311 3889 roborans
2341 3849 2470 3889 vos.
2499 3834 2631 3888 Haec
2654 3840 2852 3889 autem
2875 3832 3270 3903 cognoscetis,
3300 3833 3584 3904 repressis

228 3931 343 3975 νων,
401 3912 542 3983 ὑμῶν
604 3911 1125 3986 παρρησιαζομένων,
1176 3919 1267 3964 τοῦ
1319 3914 1659 3985 κηρύγματος
1708 3913 1825 3965 καθ’

1960 3922 2209 3985 nimicis,
2232 3923 2520 3995 vobisque
2536 3922 2717 3979 libere
2738 3922 3140 3995 loquentibus,
3172 3938 3241 3978 ac
3264 3922 3583 3993 Evangelia

230 4000 450 4057 ἑκάστην
482 3999 754 4063 ἀνθοῦντος
783 4005 876 4059 τὴν
899 4003 1112 4076 ἡμέραν.

820 4005 876 4059 ὴν
899 4003 1112 4076 ἡμέραν.
1934 4009 1995 4065 in
2033 4010 2159 4066 dies
2189 4010 2451 4067 ﬂorente.

296 4088 353 4141 Ὀ
378 4093 467 4160 μὲν
498 4086 585 4142 οὖν
626 4094 855 4162 Χριστὸς
902 4093 949 4142 ἓν
980 4110 1049 4162 τῳ
1099 4094 1286 4164 Πατρὶ,
1337 4092 1473 4143 κατά
1513 4089 1661 4163 λόγον
1709 4090 1824 4144 ἰσο-

2007 4100 2484 4173 Christusitaque
2516 4101 2575 4157 iu
2606 4104 2791 4167 Patre,
2823 4101 3043 4157 ratione
3077 4100 3349 4171 ejusdem
3380 4105 3583 4173 poten-

229 4174 525 4249 δυναμίας·
558 4181 608 4231 οἱ
657 4176 715 4231 δὲ
763 4178 1043 4232 ἀπόστολοι
1100 4182 1149 4231 ἐν
1199 4180 1358 4250 αὐτῷ,
1414 4185 1503 4232 καὶ
1556 4180 1712 4242 αὐτὸς
1776 4179 1823 4232 ἐν

1951 4189 2059 4255 ias;
2096 4191 2347 4261 apostoli
2382 4207 2521 4246 vero
2548 4191 2607 4246 in
2639 4207 2709 4247 eo
2736 4195 2792 4246 et
2812 4192 2937 4263 ipse
2967 4191 3025 4246 in
3058 4190 3192 4257 illis,
3227 4190 3450 4247 ratione
3479 4206 3582 4247 au-

227 4266 422 4330 αῦτοῖς,
477 4270 612 4320 κατά
661 4267 813 4341 λόγον
889 4267 1153 4340 βοηθείας.
1212 4265 1340 4321 Οἵδε
1392 4272 1491 4343 γὰρ
1560 4271 1588 4327 ἠ
1647 4276 1820 4344 Γραφή

1950 4278 2074 4333 [1111.
2119 4278 2424 4351 Siquidem
2457 4282 2617 4335 novit
2646 4281 2983 4353 frequenter
3015 4281 3315 4353 Scriptura
3352 4280 3581 4337 eisdem

225 4356 468 4419 πολλάκις
518 4364 623 4418 τοῖς
653 4358 829 4419 αὐτοῖς
859 4364 1084 4430 ρήμασιν
1116 4361 1199 4410 ἐπὶ
1232 4365 1365 4411 Θεοῦ
1410 4364 1500 4410 καὶ
1543 4358 1822 4431 ἀνθρώπων

1940 4368 2127 4422 verbis
2145 4367 2289 4423 etde
2306 4370 2421 4423 Deo
2438 4373 2493 4425 et
2511 4369 2753 4424 homine
2786 4370 3011 4440 posttis,
3031 4386 3150 4425 non
3170 4368 3436 4425 similiter
3466 4371 3571 4425 uti.

224 4449 473 4517 κειμένοις
546 4447 651 4518 οὐχ
700 4449 885 4520 ὁμοίως
946 4449 1263 4519 κεχρῆσθαι.
1322 4453 1422 4500 Καὶ
1497 4450 1521 4499 ὁ
1593 4453 1823 4523 Χριστὸς

1952 4459 2077 4512 tam
2109 4462 2165 4512 et
2196 4457 2455 4513 Christus
2487 4463 2544 4513 et
2568 4474 2677 4515 nos
2730 4459 2833 4513 ﬁlii
2895 4459 2993 4513 Dei
3047 4476 3117 4515 ac
3169 4459 3262 4513 dei
3304 4458 3583 4523 dicimur,

223 4538 343 4608 γὰρ,
402 4542 491 4587 καὶ
556 4538 705 4608 ἡμεῖς
757 4539 861 4589 υἱοὶ
910 4544 1041 4589 Θεοῦ
1099 4541 1187 4587 καὶ
1245 4537 1348 4588 θεοὶ
1403 4536 1673 4609 λεγόμεθα,
1731 4544 1854 4591 καὶ.

255 4622 1641 4640 ς.η-.“...--,,-.ς...ι.
1849 4630 1854 4639 .

1951 4551 1987 4601 ει
2012 4546 2212 4613 imago
2239 4563 2308 4603 ac
2335 4547 2520 4616 gloria
2560 4548 2661 4602 Dei
2697 4547 2836 4603 :sed
2868 4563 3091 4617 magna
3121 4552 3209 4603 est
3229 4547 3582 4613 differentia,

227 4623 369 4676 εἰκὼν
400 4630 546 4690 Θεοῦ,
579 4630 669 4677 καὶ
715 4622 846 4688 δόξα
883 4634 1015 4679 Θεοῦ
1053 4646 1066 4659 ο
1116 4624 1241 4677 ἀ)λά
1270 4625 1399 4678 πολὺ
1454 4630 1511 4679 τὸ
1548 4623 1815 4701 διάφορον.
1849 4622 1858 4640 ⁴

1733 4646 1815 4682 ιον.
1849 4622 1896 4640 ν
1931 4640 1986 4691 et
2017 4634 2201 4690 multa
2243 4635 2416 4691 variis
2446 4636 2505 4690 in
2546 4635 2688 4691 locis
2718 4636 2935 4692 similia
2964 4637 3364 4692 inveniuntur.

228 4718 324 4766 Καὶ
345 4713 505 4767 πολλά
530 4714 796 4785 πολλαχοῦ
816 4723 1050 4769 τοιαῦτα.

292 4805 347 4855 ὐ
391 4836 454 4845 -
488 4824 574 4876 με.
630 4804 737 4855 Οὔκ
785 4804 932 4878 ἀρκεῖ
972 4808 1070 4877 γὰρ
1124 4809 1181 4858 1'6
1232 4809 1372 4878 ἔχειν
1428 4806 1590 4870 αὐτὰς
1642 4811 1815 4880 μόνον,

2002 4814 2165 4868 Vers.
2200 4817 2286 4869 2t.
2322 4814 2431 4881 Qui
2469 4845 2533 4856 ——
2565 4830 2667 4871 me.
2697 4817 2895 4887 Neque
2912 4815 3071 4871 enim
3100 4814 3318 4871 sufﬁcit
3355 4831 3428 4871 ea
3457 4819 3584 4872 tan-

224 4892 347 4945 ἀλλὰ
375 4898 483 4967 χρὴ
516 4898 605 4946 καὶ
635 4901 796 4946 ποιεῖν
827 4895 1003 4955 αὐτάς.
1037 4894 1207 4948 Εἰπὼν
1257 4895 1317 4949 δὲ
1355 4904 1507 4949 τοῦτο
1554 4902 1644 4950 καὶ
1690 4902 1820 4973 πρό-ι

1954 4918 2057 4958 um
2086 4902 2329 4970 habere,
2365 4903 2471 4959 sed
2503 4904 2774 4960 etfacere
2804 4905 2905 4961 illa
2925 4909 3171 4976 oportet.
3201 4904 3349 4961 Cum
3379 4910 3582 4962 autem

224 5002 381 5055 τερον,
414 4983 545 5054 λέγει
588 4983 715 5035 αὐτὸ
746 4989 835 5036 καὶ
879 4991 987 5049 νῦν,
1043 4983 1297 5057 ἐμφαίνων
1346 4988 1427 5039 ὅτι
1473 4994 1569 5048 τῆς
1606 4987 1816 5059 ἀγάπης

1952 5006 2041 5046 ioc
2082 4990 2342 5061 primum
2365 4991 2626 5056 dixisset,
2657 5008 2815 5048 nunc
2855 5008 3092 5049 rursum
3126 4993 3456 5060 idemdicit,
3488 5010 3583 5049 os-

224 5071 378 5124 αῦτοῦ
410 5080 643 5144 σημεῖον,
684 5072 742 5125 οῦ
776 5076 833 5125 τὸ
866 5072 1078 5145 ἀθυμεῖν
1116 5073 1200 5127 ἐπὶ
1231 5083 1301 5146 τῷ
1326 5084 1588 5149 χωρισμῷ
1616 5077 1775 5129 αὐτοῦ
1801 5099 1813 5112 ·

1951 5079 2176 5134 endens
2199 5079 2364 5153 quod
2387 5080 2718 5137 dilectionis
2735 5080 2923 5154 ipsius
2953 5082 3191 5153 signum
3211 5096 3334 5138 non
3355 5087 3444 5139 est
3474 5082 3582 5139 do-

220 5168 365 5213 τοῦτο
392 5164 493 5233 γὰρ
527 5158 723 5224 δειλίας
746 5161 936 5235 μᾶλλον
968 5162 1107 5216 ἐστιν
1137 5185 1149 5197 ·
1186 5163 1313 5217 ἀλλὰ
1339 5168 1395 5218 τὸ
1427 5166 1706 5238 φυλάσσειν
1726 5170 1815 5229 τὰς

1952 5183 2044 5224 ere
2074 5168 2148 5226 de
2175 5171 2548 5242 separatione
2580 5170 2741 5243 ejus;
2778 5186 2916 5226 nam
2938 5170 2998 5226 id
3029 5170 3356 5228 timiditatis
3386 5171 3583 5243 potius

223 5250 423 5312 ἐντολὰς
450 5251 628 5305 αὐτοῦ.

1927 5262 2036 5320 est.
2080 5258 2185 5314 sed
2215 5263 2509 5330 prmoepta
2554 5260 2683 5331 ejus
2719 5275 2972 5315 servare.

287 5338 345 5391 Ὀ
396 5370 464 5379 -
529 5340 702 5394 αὐτόν.
772 5345 871 5393 Καὶ
1084 5344 1154 5403 ὡς
1220 5346 1351 5416 μετὰ
1415 5348 1473 5397 τὸ
1526 5345 1814 5405 ἀναστῆναι

1997 5349 2157 5402 Vers.
2190 5352 2282 5405 2t.
2325 5350 2432 5414 Qui
2462 5380 2529 5389 —
2570 5366 2717 5407 eum.
2750 5350 2815 5405 Et
2840 5365 2971 5419 ego,
3005 5354 3295 5422 tanquam
3322 5354 3456 5421 post
3488 5365 3584 5407 re-

224 5429 584 5491 ἁποκαταστὰς
631 5428 705 5492 εἰς
743 5433 801 5482 τὸ
836 5434 1083 5506 πρότερον
1132 5429 1351 5506 ἀξίωμα.
1403 5431 1540 5508 Ὀρα
1584 5432 1642 5487 δὲ
1694 5438 1815 5489 θαυ-

1947 5438 2350 5494 :urrectionern
2395 5453 2457 5494 1n
2488 5439 2803 5511 pristinam
2851 5439 3153 5501 restitutus
3201 5438 3578 5511 dignitatem.

1439 5610 1662 5681 Variae
1686 5612 2016 5687 lectiones
2044 5624 2111 5684 et
2141 5625 2344 5687 notae.

290 5801 398 5873 (12)
427 5800 654 5862 Ἀποθνή
666 5821 822 5870 σκων,
857 5807 920 5859 Δ.
