4130 6320
603 353 734 410 1403

1930 346 2275 403 EUTHYMII
2327 345 2661 404 ZlGABENI

3971 356 4084 411 144

597 480 920 538 Considera
954 495 1088 538 vero
1126 477 1619 554 consequentiam
1661 473 2099 534 admirabilem.
2142 474 2225 539 Qu

2360 477 2568 546 μαστην
2607 472 2916 529 ἀκολουθίαν
2948 494 2958 506 ·
2987 474 3047 530 Ὀ
3085 486 3253 553 τηρῶν
3294 480 3383 542 τὰς
3426 477 3644 542 ἐντολάς
3677 500 3882 555 μου,
3933 502 4084 555 φης

597 575 814 640 servat,
833 570 1045 643 inquit,
1069 575 1368 643 pracepta
1393 585 1544 636 mea,
1566 567 1896 638 diligitme:
1930 563 2031 636 qui
2049 568 2250 618 autem

597 658 787 730 diligit
814 676 928 724 me,
953 659 1217 728 diligitur
1246 677 1279 715 a
1311 660 1476 714 Patre
1506 673 1636 713 meo
1671 671 1884 728 ;quem
1920 669 2053 709 vero
2085 655 2252 707 Pater

597 748 882 813 dilexerit,
915 754 971 804 et
1001 765 1108 819 ego
1141 749 1386 804 omnino
1425 748 1691 820 diligam,
1722 749 1921 816 utpote
1948 740 2250 798 ambobus

597 837 809 894 eadem
841 843 894 892 et
933 838 1267 893 volentibus
1299 842 1356 892 et
1385 835 1864 907 suscipientibus.

669 929 823 982 Vers.
859 929 945 982 2t.
980 928 1055 983 Et
1094 959 1162 966 —
1193 927 1489 996 meipsum.
1523 923 1823 980 Interdum
1857 921 2099 994 quidem
2141 920 2250 975 hu-

600 1033 778 1072 mano
799 1033 982 1082 more,
1007 1021 1375 1089 quandoque
1395 1031 1532 1071 vero
1545 1014 1750 1070 divino
1766 1012 2098 1085 splendore.
2126 1010 2247 1066 Hoc

591 1111 791 1162 autem
812 1105 1064 1161 audiens
1082 1106 1262 1161 Judas
1283 1104 1508 1170 Jacobi,
1538 1104 1635 1175 qui
1664 1110 1722 1159 et
1745 1101 1988 1159 Lebeeus
2007 1099 2248 1156 diceba-

591 1200 686 1249 tur
715 1201 770 1250 et
799 1195 1124 1252 Thaddasus
1172 1194 1417 1267 putavit,
1449 1193 1611 1266 quod
1645 1191 1826 1248 veluti
1880 1190 2100 1247 mortui
2139 1205 2246 1244 sae-

592 1285 721 1356 pius
753 1285 994 1349 faciunt,
1025 1286 1082 1340 in
1115 1284 1366 1340 somniis
1391 1283 1882 1339 manifestaturus
1906 1285 2058 1336 esset
2091 1280 2244 1351 seip-

587 1390 722 1430 sum
757 1375 1050 1448 :ideoque
1082 1374 1372 1440 turbatus,
1407 1389 1530 1428 non
1577 1376 1669 1428 est
1707 1387 1891 1428 ausus
1922 1369 2238 1441 explicare,

583 1463 746 1536 quod
769 1463 1027 1527 volebat,
1050 1468 1196 1536 puta
1227 1479 1238 1517 :
1266 1463 1367 1518 Hei
1397 1462 1590 1527 nobis,
1616 1462 1760 1533 quia
1783 1460 2067 1524 morieris,
2099 1458 2241 1514 etin

587 1552 836 1607 modum
879 1553 1094 1608 mortui
1145 1551 1620 1608 manifestandus
1650 1567 1733 1619 es,
1768 1551 1871 1605 sed
1902 1551 2020 1606 alio
2061 1548 2239 1605 modo

584 1656 690 1712 per
715 1641 1235 1712 interrogationem
1269 1657 1442 1697 suam
1462 1640 1716 1696 ostendit
1746 1639 2163 1695 turbationem.

654 1730 818 1785 Vers.
852 1735 938 1786 2'2.
989 1731 1143 1786 Dicit
1198 1763 1266 1772 —
1303 1731 1518 1786 mundo
1569 1731 1596 1786 ?
1655 1729 1798 1795 Quid
1824 1729 2048 1785 factum
2089 1729 2240 1784 est?

2360 561 2542 634 ἀγαπᾴ
2568 584 2631 636 με
2663 586 2676 597 ·
2725 567 2750 617 6
2792 561 2851 619 δὲ
2891 564 3104 636 ἀγαπῶν
3152 587 3234 640 με,
3287 567 3719 638 ἀγαπηθήσεται
3801 573 3968 622 ὑπὸ
4021 591 4084 622 τε

3773 665 3924 712 καὶ
4000 665 4083 730 ἐγ

2361 741 2619 812 ἀγαπήσω
2663 745 2957 807 πάντως,ὼς
2989 743 3285 821 ἀμφοτέρων
3315 749 3381 799 τὰ
3417 748 3552 799 αὐτὰ
3587 749 3947 801 θελόντων
4008 771 4084 799 κα

2362 659 2564 728 Πατρός
2596 673 2695 726 μου
2731 671 2741 682 ’
2777 654 2829 706 ὃν
2871 652 2929 708 δέ
2971 654 3234 728 ἀγαπήσει
3263 659 3288 709 6
3333 664 3512 731 Πατήρ
3552 679 3692 731 μου,

2360 829 2779 905 ἀποδεχομένων.

2431 929 2531 977 Καὶ
2583 954 2650 962 —
2705 925 2947 995 ἐμαυτόν.
3005 927 3134 977 [lore
3182 929 3271 996 μὲν
3321 925 3874 1001 ἀνθρωποπρεπῶς,
3943 949 4084 980 ποτέ

2359 1009 2416 1064 δε
2459 1011 2532 1065 δι’
2585 1011 2903 1085 ἕλλοίμψεως.
2953 1020 3117 1066 Τοῑτο
3166 1011 3224 1067 δὲ
3267 1013 3495 1076 ἀκούσας
3526 1012 3771 1077 Ἰούδας
3849 1019 3887 1068 ὁ
3965 1019 4084 1070 Ἰα-

2354 1101 2525 1154 κὼϐου
2556 1102 2581 1154 6
2610 1105 2694 1155 καὶ
2740 1100 2990 1165 Λεϐϐαῖος
3022 1103 3138 1174 (13)
3176 1109 3266 1156 καὶ
3297 1101 3570 1166 Θαδδαῖος
3624 1105 4075 1179 καλθύμενοςη

2354 1194 2583 1263 ἐνόμισεν
2667 1193 2768 1260 ὅτι,
2837 1193 2907 1252 ὡς
2956 1193 3004 1244 οἱ
3055 1198 3226 1267 νεκροὶ
3302 1193 3546 1254 πολλάκις
3613 1195 3670 1246 έν
3752 1195 4072 1268 ὀνείροις,

2353 1283 2619 1354 ἐμφανίσει
2703 1281 2902 1335 ἑαυτόν.
2986 1285 3073 1334 Διό
3163 1287 3254 1334 καὶ
3330 1285 3621 1354 συγχυθεὶς
3691 1285 3826 1336 οὐκ
3905 1285 4072 1337 £761-

2353 1389 2490 1442 μησε
2545 1373 2635 1443 μὲν
2684 1370 2842 1423 εἰπεῖν
2904 1370 2930 1423 6
2978 1370 3233 1438 ἐϐούλετο,
3287 1371 3390 1424 οἷον
3463 1373 3598 1425 Οὐαὶ
3685 1371 3888 1446 ὑμῖν,
3974 1378 4069 1427 ὅτι

3276 1466 3464 1534 τρόπον

2353 1458 2719 1526 ἀποθνήσκεις,
2819 1463 2907 1511 καὶ
2989 1467 3168 1534 νεκροῦ
3276 1466 3464 1534 τρόπον
3578 1459 4062 1534 ἐμφανίζεσθαι

2350 1549 2565 1622 μέλλεις,
2598 1549 2772 1622 ἑτέρως
2812 1544 2870 1601 δὲ
2903 1546 2977 1601 δι’
3004 1553 3300 1625 ἐρωτήσεως
3324 1555 3414 1608 τὴν
3444 1553 3730 1622 σύγχυσιν
3762 1554 4061 1626 ὑποφαί-

2819 1463 2907 1511 καὶ
2989 1467 3168 1534 νεκροῦ

2349 1659 2443 1696 νει.

2422 1733 2577 1799 Λέγει
2606 1758 2672 1768 -
2703 1732 2883 1799 κόσμῳ
2912 1746 2924 1795 ;
2957 1731 3046 1793 T6,
3079 1732 3140 1779 Ti
3170 1732 3377 1800 γέγονε;
3414 1725 3855 1802 δυσφοροῦντὸς
3911 1730 4046 1783 ἐστι

582 1821 836 1890 graviter
864 1819 1102 1875 ferentis
1123 1825 1210 1875 est
1237 1835 1308 1876 ac
1339 1820 1578 1876 turbati.
1615 1818 1760 1884 Quid
1794 1818 2028 1885 accidit,
2071 1817 2232 1891 quod

2353 1822 2438 1869 καὶ
2460 1821 2834 1889 συγχεομένου,
2877 1822 2940 1869 Τί
2970 1815 3290 1889 συμϐέϐηκεν
3320 1820 3398 1870 ὅτι
3427 1820 3551 1890 ἡμῖν
3583 1822 3944 1890 ἐμφανισθδέ
3963 1840 4036 1892 σῃ

583 1909 756 1964 nobis
791 1909 1254 1965 manifestandus
1278 1925 1342 1964 es
1364 1910 1423 1965 in
1455 1908 1721 1973 somniis,
1775 1916 1830 1962 et
1861 1925 1979 1965 non
2008 1911 2236 1965 mundo

582 2005 869 2054 consueto
900 2015 1062 2054 more
1083 1997 1111 2052 i‘
1136 2015 1276 2054 nam
1307 1999 1452 2071 quia
1482 1998 1766 2054 nolebant
1793 2004 1855 2054 ut
1887 2005 2233 2066 moreretur,

581 2085 999 2142 admirandam
1023 2105 1092 2142 ac
1109 2088 1488 2158 desperatam
1506 2087 1801 2157 putabant
1816 2095 2064 2143 mortem
2082 2089 2233 2159 ejus.

654 2176 816 2230 Vers.
845 2181 933 2232 23.
969 2177 1286 2246 Respondit
1313 2206 1381 2216 —
1403 2177 1718 2245 faciemus.
1740 2206 1794 2218 —
1823 2177 1921 2232 Ad
1951 2193 2102 2243 eum,
2133 2179 2235 2250 qui

579 2280 672 2318 me
703 2264 908 2334 diligit,
944 2280 1054 2335 ego
1085 2269 1143 2320 et
1179 2266 1345 2320 Pater
1372 2266 1686 2332 veniemus,
1713 2265 1826 2321 hoc
1873 2270 1980 2330 est,
2016 2267 2096 2320 ita
2135 2282 2237 2339 ap-

577 2354 926 2427 parebimus
956 2355 1107 2410 sicut
1136 2355 1306 2410 Pater
1337 2371 1526 2419 meus,
1569 2363 1621 2408 et
1649 2371 1771 2409 non
1817 2355 1970 2410 sicut
1998 2357 2233 2420 mortui,

577 2449 633 2501 et
647 2445 999 2501 mansionem
1017 2444 1181 2512 apud
1194 2459 1326 2500 eum
1344 2443 1628 2513 faciemus
1649 2462 1663 2498 :
1689 2459 1849 2499 more
1863 2443 2066 2500 divino
2089 2444 2146 2500 in
2165 2461 2235 2501 eo

576 2531 938 2600 habitantes,
963 2531 1128 2609 quod
1168 2533 1539 2591 somniorum
1571 2549 1692 2590 non
1726 2540 1831 2590 est.

653 2713 813 2768 Vers.
835 2714 924 2769 24.
955 2714 1068 2781 Qui
1098 2744 1162 2753 —
1182 2713 1399 2769 Patris.
1429 2712 1710 2781 Ostendit,
1741 2713 1973 2785 quodis
1994 2713 2099 2786 qui
2119 2729 2236 2768 ser-

584 2818 793 2857 mones
823 2818 965 2858 suos
993 2818 1113 2857 non
1132 2807 1346 2866 servat,
1384 2817 1492 2858 nec
1523 2818 1606 2867 se,
1642 2817 1751 2859 nec
1769 2804 1996 2859 Patrem
2023 2802 2232 2873 diligit.

581 2890 674 2946 Ait
697 2891 876 2946 enim:
913 2891 1025 2957 Qui
1050 2907 1167 2946 non
1206 2892 1393 2962 diligit
1419 2906 1530 2952 me,
1576 2906 1869 2948 sermones
1912 2907 2066 2947 meos
2115 2908 2235 2948 non

579 2985 791 3036 servat.
821 2981 962 3045 Quae
983 2985 1184 3036 autem
1206 2980 1363 3049 dico,
1393 2995 1515 3036 non
1549 2995 1682 3035 mea
1711 2985 1867 3050 sunt,
1906 2981 2012 3036 sed
2057 2981 2234 3036 Patris

581 3069 718 3125 mei.
757 3073 976 3142 Itaque,
1001 3070 1103 3142 qui
1135 3085 1303 3126 meos
1342 3085 1462 3125 non
1504 3074 1695 3124 servat
1743 3085 2070 3136 sermones,
2123 3086 2234 3126 nec

2350 1910 2398 1959 ἐν
2424 1907 2656 1981 ὀνείροις.
2687 1911 2772 1958 καὶ
2811 1906 2937 1977 οὖχὶ
2968 1915 3038 1976 τῷ
3076 1911 3258 1978 κόσμῳ
3296 1909 3565 1971 συνήθως;
3599 1907 3714 1960 ὑπὸ
3748 1912 3890 1982 γὰρ
3928 1919 4033 1960 τοῦ

2349 2003 2418 2070 μη
2447 1997 2602 2050 θέλειν
2635 1998 2716 2049 ἱνα
2744 1997 2977 2069 ἀποθάνῃ
3011 1993 3311 2070 παράδοξον
3339 2001 3428 2049 καὶ
3457 1995 3789 2051 ἀνέλπιστον
3831 2003 4026 2070 ᾤοντο

2347 2093 2433 2140 τόν
2465 2090 2679 2140 θάνατον
2702 2086 2881 2142 αὐτοῦ.

2419 2176 2701 2247 Ἀπεκρίθη
2773 2208 2823 2216 —
2901 2181 3209 2248 ποιήσομεν.
3289 2179 3420 2248 Πρός
3501 2179 3586 2227 τόν
3670 2175 4018 2247 ἀγαπῶντά

2347 2285 2409 2338 με
2461 2268 2560 2336 ἐγὼ
2617 2270 2707 2318 καὶ
2763 2267 2788 2316 6
2861 2269 3039 2340 Πατήρ
3113 2286 3212 2338 μου
3277 2265 3603 2337 ἐλευσόμεθα,
3657 2270 4006 2330 τουτέστιν,

3289 2179 3420 2250 Πρός

2347 2354 2504 2414 οὕτως
2557 2355 3016 2426 ἐμφανισθήοομαι
3063 2358 3132 2417 ὡς
3185 2357 3210 2406 6
3269 2360 3446 2427 Πατήρ
3505 2374 3625 2427 μου,
3704 2360 3812 2406 καὶ
3883 2356 4006 2426 οὐχ

2347 2445 2410 2502 ὡς
2460 2446 2508 2494 οί
2563 2448 2751 2515 νεκροί.
2833 2449 2932 2497 Καὶ
2995 2448 3154 2516 μόνην
3225 2443 3347 2516 παρ’
3425 2443 3564 2513 αὐτῷ
3635 2449 3997 2516 ποιήσομεν,

2346 2532 2604 2594 οἰκοῦντες
2659 2542 2708 2586 εν
2770 2533 2910 2604 αὐτῷ
2965 2536 3270 2608 θεοπρεπῶς,
3331 2536 3450 2606 ὅπερ
3513 2532 3803 2609 ὀνειράτων
3887 2537 3996 2586 οὐκ

2833 2449 2932 2497 Καὶ
2995 2448 3154 2516 μόνην
3225 2443 3347 2516 παρ’

2347 2623 2505 2676 ἔστιν.

2415 2709 2473 2761 Ὀ
2528 2741 2592 2751 —
2642 2716 2863 2784 Πατρός.
2921 2708 3318 2765 ’Λποδείκνυσιν
3376 2714 3458 2763 ὅτι
3512 2711 3537 2762 6
3594 2715 3718 2771 τοὺς
3775 2711 3982 2782 λόγους

2347 2801 2505 2851 αὑτοῦ
2537 2805 2608 2872 μὴ
2651 2810 2840 2874 τηρῶν,
2875 2805 2990 2854 οὔτε
3044 2801 3199 2854 αὐτὸν
3229 2800 3413 2872 ἀγαπᾷ
3441 2803 3558 2853 οὔτε
3597 2803 3687 2852 τὸν
3726 2806 3968 2875 Πατέρα.

2347 2893 2502 2960 Λέγει
2561 2893 2683 2964 γὰρ,
2753 2892 2831 2942 ὅτι
2899 2889 2957 2943 Ὀ
3023 2895 3093 2963 μὴ
3167 2887 3376 2960 ἀγαπῶν
3454 2909 3516 2961 με
3585 2891 3711 2950 τοὺς
3772 2889 3965 2960 λόγους

2345 3000 2444 3053 μου
2498 2981 2555 3032 οῦ
2605 2989 2750 3053 τηρεῖ
2779 2999 2790 3011 '
2850 2981 2884 3032 ἃ
2936 2977 2994 3032 δὲ
3037 2979 3168 3051 λέγω
3222 2983 3316 3032 οῦκ
3362 2979 3493 3031 εἰσῖν
3541 2982 3658 3051 ἐμὰ,
3697 2978 3830 3031 ἀλλὰ
3865 2989 3952 3032 τοῦ

2346 3073 2548 3143 Πατρός
2575 3090 2586 3102 ·
2621 3074 2692 3141 μὴ
2721 3079 2890 3140 τηρῶν
2919 3066 2977 3122 δε
3027 3073 3146 3130 τοὺς
3174 3068 3355 3138 λόγους
3386 3088 3506 3139 μου,
3541 3068 3599 3120 οῦ
3631 3077 3787 3140 τηρεῖ
3827 3073 3936 3128 τοὺς

582 3158 764 3214 Patris
790 3166 984 3215 servat
1009 3175 1314 3215 sermones
1342 3176 1354 3216 :
1389 3158 1491 3230 qui
1519 3174 1658 3214 vero
1685 3159 1870 3214 Patris
1888 3174 2012 3214 non
2038 3165 2231 3216 servat

2353 3163 2521 3230 λόγους
2572 3167 2663 3211 τοῦ
2718 3163 2963 3232 Πατρός·
3014 3163 3084 3228 μὴ
3136 3165 3303 3230 τηρῶν
3351 3154 3409 3209 δὲ
3457 3161 3574 3218 τοὺς
3618 3156 3810 3228 λόγους
3863 3165 3943 3209 τοῦ

581 3263 1115 3320 sermones,neque
1126 3250 1352 3305 Patrem
1370 3247 1886 3320 diligit,siquidem
1901 3248 2230 3305 dilectionis

580 3337 820 3405 signum
873 3344 962 3392 est
1016 3338 1349 3394 observatio
1399 3341 1857 3408 praeceptorum.
1914 3338 2230 3404 Quomodo

579 3431 781 3482 autem
835 3441 1052 3491 sermo,
1116 3442 1292 3499 quem
1343 3426 1617 3499 loquitur,
1687 3427 1757 3482 sit
1811 3427 1939 3497 ejus
2001 3432 2056 3483 et
2107 3443 2229 3482 non

580 3515 652 3570 sit
680 3515 730 3586 ej
744 3531 829 3581 us,
860 3516 983 3586 iam
1008 3516 1410 3588 prmdiximus.
1444 3516 1663 3571 Verum
1691 3516 1833 3588 quia
1857 3515 2101 3579 sciebat,
2128 3533 2229 3571 eos

578 3604 852 3674 quasdam
873 3621 993 3661 non
1014 3604 1806 3677 intelligere,inquibusdam
1833 3611 2033 3661 autem
2050 3605 2229 3661 etiam

578 3692 875 3758 dubitare,
910 3695 1190 3767 promittit
1233 3701 1289 3750 et
1320 3710 1529 3750 eorum
1580 3710 1717 3766 quae
1758 3694 2138 3766 ignorabant,
2175 3698 2232 3750 et

579 3797 788 3838 eorum
818 3783 892 3839 de
921 3783 1141 3856 quibus
1172 3783 1581 3853 ambigebant,
1617 3783 2084 3854 intelligentiam.

649 3871 813 3927 Vers.
840 3873 1098 3929 25.19am
1131 3904 1195 3912 —
1223 3888 1496 3929 manens.
1531 3904 1578 3913 -
1614 3873 1768 3939 Haec,
1802 3889 1936 3944 quin
1969 3872 2231 3928 obscura

577 3959 869 4016 videntur.
902 3961 1139 4016 Addidit
1161 3967 1361 4018 autem
1388 3961 1594 4030 :Apud
1629 3978 1726 4018 vos
1747 3977 2005 4028 manens,
2052 3963 2227 4017 etiam

577 4048 718 4105 hinc
741 4049 1064 4105 ostendens
1112 4051 1276 4122 quod
1311 4052 1489 4122 paulo
1521 4058 1658 4122 post
1688 4051 1813 4106 abit
1851 4051 1926 4108 ad
1972 4052 2224 4106 Patrem.

649 4137 806 4192 Vers.
848 4141 934 4194 26.
965 4137 1309 4195 Paracletus
1340 4145 1530 4195 autem
1565 4169 1631 4179 -—-
1661 4140 1870 4195 omnia.
1901 4141 2039 4205 Quae
2069 4139 2228 4195 vide-

577 4223 712 4280 licet
748 4225 826 4281 ad
855 4242 958 4281 vos
999 4233 1266 4297 spectant
1291 4227 1419 4298 (jj).
1447 4227 1691 4282 Nomine
1741 4244 1866 4283 meo
1911 4233 2132 4293 autem,
2167 4229 2225 4283 id

574 4320 666 4370 est
699 4319 761 4370 ut
781 4314 876 4371 hic
898 4331 992 4371 me
1008 4315 1242 4386 referat,
1267 4323 1322 4373 et
1337 4317 1484 4371 meis
1501 4315 1783 4386 fungatur
1807 4317 2056 4372 vicibus.
2080 4318 2223 4374 Nam

572 4404 716 4476 quia
746 4404 874 4476 ipse
899 4396 1198 4476 completa
1227 4405 1676 4476 dispensatione
1709 4405 1974 4462 ascendit
2009 4407 2085 4461 ad.
2118 4407 2226 4463 Pa-

575 4498 744 4560 trem,
768 4493 1068 4566 reliquum
1089 4499 1217 4551 erat
1258 4499 1318 4550 ut
1335 4494 1463 4551 loco
1489 4495 1618 4564 ejus
1643 4493 2028 4551 descenderet
2052 4495 2227 4566 Spiri-

575 4588 669 4637 tus
697 4590 960 4648 sanctus,
989 4601 1062 4640 ne
1093 4584 1455 4652 Paracletus,
1507 4585 1626 4640 sive
1666 4585 2024 4654 exhortator,
2058 4586 2226 4641 nobis

572 4670 869 4736 deﬁceret,
900 4673 1046 4728 sicut
1077 4673 1158 4729 ait
1179 4674 1498 4744 Gregorius
1531 4674 1882 4742 Theologus.

647 4759 713 4817 Et
731 4776 918 4833 quare
944 4768 1081 4817 tunc
1121 4778 1240 4818 non
1253 4764 1475 4830 docuit,
1497 4780 1632 4835 quae
1648 4763 1724 4818 ad
1749 4763 1880 4819 illos
1903 4763 2027 4834 (Ich)
2055 4764 2225 4834 perti-

573 4849 802 4908 nebant
818 4850 847 4904 i’
865 4851 1013 4917 Quia
1032 4851 1287 4924 amplius
1311 4852 1462 4908 ferre
1486 4869 1608 4908 non
1638 4857 1929 4925 poterant,
1966 4853 2117 4909 sicut
2138 4852 2224 4909 di-

572 4945 664 4997 cet
692 4938 754 4995 iu
785 4940 1195 5012 sequentibus.

651 5029 806 5085 Vers.
842 5029 932 5085 '26.
967 5030 1043 5085 Et
1069 5061 1139 5070 —
1207 5030 1383 5086 vobis.
1420 5030 1734 5088 Perfectius
1762 5031 1836 5088 ad
1868 5031 2225 5089 memoriam

2343 3254 2568 3320 Πατρός,
2643 3245 2766 3300 οὐδε
2820 3251 2906 3299 τόν
2972 3251 3174 3319 Πατέρα
3234 3245 3428 3317 ἀγαπᾷ.
3485 3251 3779 3318 Τεκμήριον
3848 3249 3947 3319 γὰρ

2344 3339 2455 3409 (Ur)
2499 3336 2707 3409 ἀγάπης
2755 3339 2784 3396 ἡ
2817 3342 3036 3408 τήρησις
3075 3344 3173 3387 τῶν
3226 3334 3457 3388 ἐντολῶν.
3502 3341 3612 3394 Πῶς
3642 3331 3702 3386 δὲ
3740 3336 3766 3386 ὁ
3793 3335 3950 3406 λόγος

2341 3427 2394 3478 ὃν
2425 3426 2558 3498 λέγει
2588 3432 2677 3478 καὶ
2725 3425 2883 3478 αὐτοῦ
2913 3424 3051 3488 ἐστι,
3079 3429 3167 3476 καὶ
3215 3423 3308 3476 οὐκ
3354 3426 3492 3475 ἔστιν
3531 3423 3712 3488 αὑτοῦ,
3765 3444 3951 3497 προει-

2341 3522 2591 3588 ρήκαμεν.
2653 3515 2788 3569 Ἐπεὶ
2847 3511 2904 3566 δὲ
2962 3516 3236 3583 ἐγίνωσκεν
3294 3511 3484 3574 αὐτοὺς
3534 3514 3650 3563 τινὰ
3721 3516 3812 3584 μὲν
3873 3519 3944 3586 μή

2344 3610 2631 3668 συνιέντας,
2663 3606 2713 3658 ἓν
2760 3623 2872 3655 τισι
2910 3601 2968 3654 δὲ
2996 3608 3086 3654 καὶ
3131 3600 3556 3673 ἀμφιϐάλλοντας,
3602 3602 3949 3672 ὑπισχνεῖται

2341 3698 2428 3746 καὶ
2461 3699 2553 3751 τὴν
2584 3702 2682 3745 τῶν
2728 3691 3078 3764 ἀγνοουμένων
3110 3695 3197 3743 καὶ
3227 3695 3320 3748 τὴν
3351 3698 3448 3741 τῶν
3490 3688 3944 3762 ἀμφιϐαλλομὲνων

2343 3778 2716 3836 διδασκαλίαν.

2411 3879 2587 3923 Ταῦτα
2617 3903 2684 3910 --
2711 3874 2891 3942 μένων.
2925 3876 3122 3936 Ταῦτα,
3151 3871 3216 3920 τὰ
3248 3864 3502 3920 δοκοῦντα
3543 3864 3716 3937 ἀσαφῆ
3749 3888 3761 3898 ·
3793 3872 3854 3920 τό
3884 3867 3939 3922 δὲ

2341 3959 2471 4034 Παρ⁹
2503 3961 2622 4032 ὑμῖν
2644 3964 2802 4031 μένων
2827 3961 3164 4031 προσέθηκεν,
3183 3959 3436 4029 ἐμφαίνων
3461 3955 3722 4008 κάνταῦθα
3746 3958 3822 4008 ὅτι
3847 3967 3932 4010 τοῦ

2338 4049 2520 4102 λοιποῦ
2551 4051 2729 4101 ἄπεισι
2759 4051 2888 4121 πρὸς
2918 4051 3004 4100 τὸν
3038 4051 3260 4121 Πατέρα.

2406 4138 2465 4190 Ὀ
2524 4134 2581 4192 δὲ
2629 4136 2964 4212 Παροξκλητος
3044 4167 3111 4176 --
3162 4137 3352 4190 πάντα,
3413 4137 3489 4186 Τὰ
3542 4137 3925 4207 προσιστάμενα

2338 4229 2458 4299 ὑμῖν
2533 4223 2764 4284 δηλαδή.
2833 4230 2901 4278 T6
2962 4221 3039 4286 δὲ,
3116 4224 3198 4276 Ἐν
3270 4232 3342 4294 τῷ
3400 4223 3611 4294 ὀνόματί
3667 4242 3783 4294 μου,
3844 4228 3917 4283 τὸ,

2337 4316 2444 4369 ἀντ’
2494 4316 2636 4390 έμου,
2695 4320 2938 4388 σημαίνει
2996 4313 3234 4368 ἐνταῦθα.
3281 4315 3422 4366 Ἐπεὶ
3471 4315 3572 4384 γὰρ
3625 4311 3772 4373 αὐτὸς
3799 4313 3915 4371 πλη-

2335 4413 2513 4481 ρώσας
2581 4411 2674 4463 τὴν
2745 4409 3035 4476 οἰκονομίαν
3104 4401 3286 4461 ἀνῆλθε
3357 4405 3486 4472 πρὸς
3540 4405 3625 4453 τὸν
3707 4408 3907 4474 Πατέρα,

2335 4496 2510 4550 λοιπὸν
2557 4495 2662 4548 ἀντ’
2717 4495 2876 4547 αὑτοῦ
2924 4492 3146 4552 κατῆλθε
3188 4495 3245 4544 τό
3296 4499 3500 4564 Πνεῦμα
3537 4494 3595 4543 τὸ
3645 4491 3798 4562 ἅγιον,
3837 4495 3908 4543 ἵνα

2337 4585 2678 4658 Παράκλητος
2724 4586 2846 4653 ἡμῖν
2895 4587 2964 4656 μὴ
3000 4583 3172 4656 λείπῃ,
3219 4583 3389 4642 καθώς
3434 4600 3593 4653 φησιν
3634 4580 3659 4632 6
3690 4581 3903 4650 Θεολόγος

2261 4660 2307 4714 Ῑ)
2338 4680 2642 4750 Γρηγόριος.

2412 4770 2509 4818 Καὶ
2560 4761 2704 4818 διατί
2768 4763 2862 4815 οῦκ
2914 4761 3067 4822 αὐτὸς
3114 4756 3326 4822 ἐδίδαξε
3373 4763 3488 4812 τότε
3536 4762 3602 4810 τὰ
3650 4759 3890 4833 προσιστά-

2336 4871 2498 4927 μενα;
2533 4858 2671 4908 Διότι
2695 4853 2788 4906 οὐκ
2814 4849 3068 4911 ἠδύναντο
3097 4849 3384 4922 βαστάζειν
3423 4849 3614 4915 πλεῖον,
3645 4853 3708 4911 ὡς
3734 4853 3893 4922 προίὼν

2339 4943 2460 5018 ἐρεῖ.

2412 5037 2510 5086 Καὶ
2568 5064 2633 5071 -
2688 5032 2826 5104 ﬂuis.
2885 5031 3198 5102 Ἀναμνησει
3250 5029 3545 5103 τελεώτερον
3606 5027 3900 5101 τελεωτέρονς

1777 5227 2002 5297 Variae
2048 5229 2378 5298 lectiones
2424 5240 2489 5297 et
2531 5239 2731 5296 notae.
4081 5243 4083 5344 ι

643 5451 759 5524 (13)
797 5449 1020 5513 Λεϐαἰος
1055 5450 1124 5509 Α.

782 5627 996 5712 Αάμυοε
1051 5633 1336 5712 spectant.
1375 5631 1457 5712 :I‘it
1494 5630 1915 5712 προσιστάμεναι
1944 5648 2046 5712 τινι
2083 5631 2222 5712 sunt

571 5717 643 5758 ea
669 5714 804 5772 quia
835 5699 1094 5772 aliquem
1110 5701 1276 5772 male
1294 5699 1688 5772 habent,'que3
1719 5699 1771 5756 ei
1799 5701 2220 5764 molestasunt,

570 5775 634 5830 in
654 5768 875 5845 quibus
899 5768 1166 5827 offendit.
1198 5773 1380 5841 Ergo,
1419 5786 1516 5828 vo:
1543 5768 1874 5841 oWendunt.

2402 5451 2516 5523 (14)
2549 5453 2628 5519 Δί,
2660 5465 2770 5524 pro
2801 5451 2926 5524 γὰρ,
2959 5453 3024 5506 Α.

4073 5609 4080 5656 ῐ

2334 5705 2353 5757 t
2404 5593 2530 5702 (kkj
2570 5629 2710 5696 Quae
2740 5628 2822 5686 ad
2865 5628 3023 5694 ittos,
3064 5628 3142 5683 Ea
3173 5626 3234 5683 in
3271 5626 3496 5699 quibus
3550 5623 3898 5687 oﬁendeban-

2359 5717 2448 5756 ur.

2359 5717 2448 5756 111⁵.
