4130 6320
258 406 287 460 1
301 404 414 461 405

1258 397 1627 456 COMMENT.
1672 396 1740 453 IN
1770 395 2107 453 JOANNEM.
2156 429 2217 440 —
2259 399 2413 458 CAP.
2459 403 2601 462 XIV.

3505 388 3640 465 1406

256 532 591 604 γενομένους.
672 526 845 603 [Εἰκὸς
914 526 1030 598 (15)
1119 527 1215 601 γὰρ
1291 524 1478 586 αὐτοὺς
1536 522 1852 577 ἓπιλαθέσθα

1987 524 2229 581 reducet
2267 528 2375 601 (ει-σι-
2417 530 2865 602 perfectioribus
2897 530 3109 605 factis).
3142 533 3292 588 Nam
3323 527 3639 586 verisimile

258 641 445 674 τινων.

345 709 573 782 Εἰρήνην
632 706 825 779 ἀφίημι
856 707 1001 779 ὑμῖν,
1057 707 1123 757 Oi
1150 708 1240 777 μὲν
1271 704 1416 755 ἄλλοι
1445 704 1711 769 ἄνθρωποι
1752 700 1877 754 ἁπο-

263 800 364 856 θνή
378 817 587 859 σκοντες
640 800 900 870 χρήματα
932 800 1023 847 καὶ
1053 798 1297 866 κτήματα
1322 800 1433 855 τοῖς
1480 792 1689 852 οἰκείοις
1721 790 1875 862 ἁφιᾶ·

265 908 357 940 σιν
394 908 406 919 ο
442 889 466 939 6
501 883 558 939 δὲ
584 890 809 961 Χριστὸς
848 886 1052 959 εἰρήνην
1078 891 1188 945 τοῖς
1220 879 1375 944 ἰδίοις
1399 880 1608 955 ἀφῆκεν,
1644 881 1872 955 εἰρήνην,

260 981 327 1029 τὸ
355 976 521 1048 γλυκύ
555 981 644 1028 καὶ
667 981 886 1049 πρᾷγμα
910 980 998 1026 καὶ
1029 972 1454 1047 (imiimi-329mm,
1479 975 1658 1043 φησὶν,
1683 970 1875 1042 ἀφίημι

264 1068 415 1138 ὑμῖν,
453 1066 534 1116 ἶνα
561 1064 853 1139 εἰρηνεύητε
884 1066 1013 1138 πρὸς
1038 1060 1284 1122 ἀλλήλους
1327 1060 1437 1132 (16)
1468 1064 1557 1112 καὶ
1581 1061 1711 1133 πρὸς
1734 1058 1820 1130 ἐμέ
1857 1073 1871 1089 ⁸

262 1158 365 1205 καὶ
409 1154 588 1205 λοιπὸν
621 1150 771 1205 οὐδὲν
806 1155 937 1226 ὑμᾶς
985 1154 1013 1210 ἡ
1048 1158 1139 1203 τοῦ
1191 1155 1393 1222 κόσμου
1432 1152 1644 1224 ταραχὴ
1680 1147 1873 1220 βλάψει

264 1240 390 1296 οὐδ’
407 1238 707 1315 ἐμποδίσει.

342 1332 565 1407 Εἰρήνην
590 1363 660 1371 -—
686 1333 825 1403 ὑμῖν.
862 1335 967 1389 Τὴν
999 1328 1112 1402 ἐμοὶ
1152 1328 1496 1401 πεφιλημένην
1528 1331 1621 1385 τὴν
1651 1325 1734 1378 ἐπὶ
1761 1331 1870 1386 τοῖς

262 1421 658 1494 ψυχωγελέσιν,
693 1424 750 1472 ού
767 1424 860 1479 τὴν
884 1427 975 1472 τοῦ
1000 1423 1200 1491 κόσμου
1229 1422 1322 1477 τὴν
1352 1417 1435 1470 ἐπὶ
1459 1424 1570 1479 τοῖς
1588 1413 1866 1488 ψυχοϐλα-

265 1508 435 1566 ϐἐσιν,

340 1688 416 1739 Ού
449 1720 517 1728 -
542 1689 684 1760 ὑμῖν.
746 1687 804 1739 Ὁ
862 1706 951 1760 μεν
980 1690 1081 1760 γὰρ
1121 1690 1333 1758 κόσμος,
1368 1689 1529 1757 ἤγουν
1561 1686 1609 1737 οἱ
1636 1686 1868 1756 κοσμικά

264 1785 589 1849 φρονοῦντες,
616 1777 823 1849 εἰρήνην
874 1773 1121 1829 διδόασιν
1152 1776 1262 1848 (17)
1288 1774 1525 1836 ἀλλήλοις
1554 1774 1639 1826 ἐπὶ
1670 1782 1814 1845 κακῷ
1850 1792 1860 1802 ·

261 1865 364 1937 ἐγὼ
393 1863 451 1919 δὲ
473 1867 673 1941 εἰρήνην
714 1863 917 1937 δίδωμι
942 1868 1061 1939 ὑμῖν
1086 1864 1161 1917 ἐπ’
1193 1864 1397 1935 ἀγαθῷ.

337 1954 406 2008 ’Ἡ
458 1956 570 2027 (ί8ὶ
625 1957 649 2007 6
729 1959 820 2028 μεν
881 1959 1075 2027 κόσμος
1152 1959 1411 2027 χρήματα
1461 1958 1550 2005 καὶ
1620 1957 1866 2025 κτήματα

891 2060 904 2074 ⁶
958 2043 1056 2116 ἐγὼ
1117 2040 1176 2095 δὲ
1242 2043 1447 2116 εἰρήνην
1489 2039 1690 2114 δίδωμι
1743 2044 1863 2113 ὑμῖν

259 2141 370 2194 τοῖς
432 2133 592 2207 ἐμοῖς.
664 2134 802 2188 Ἐπεὶ
881 2129 940 2186 δε
1024 2136 1082 2185 τὸ
1166 2133 1383 2204 Ἀφίημι
1434 2133 1575 2205 ὑμῖν,

260 2242 419 2298 ρησιν
475 2224 733 2298 ἐμφαῖνον,
788 2226 1056 2296 σύγχυσιν
1113 2221 1321 2274 πλείονα
1365 2221 1543 2284 αὐτοῖς
1576 2220 1859 2286 ἐνεποίησε,

262 2318 393 2385 φησί
423 2331 437 2345 ο

284 2422 309 2429 ν
337 2408 421 2462 Μὴ
456 2435 522 2444 --
556 2400 817 2456 δειλιάτω.
848 2402 1005 2477 Ὀρᾶς
1035 2404 1115 2455 ὅτι
1171 2402 1231 2454 ού
1262 2409 1535 2454 τοσοῡντον
1590 2399 1691 2453 ἀπὸ
1724 2401 1862 2473 φιλο-

264 2498 530 2568 στοργίας,
565 2494 685 2545 ὅσον
728 2490 826 2544 ἀπὸ
852 2488 1049 2553 δειλίας
1080 2494 1335 2563 ἔπασχον,
1370 2490 1592 2563 οἰόμενοι
1620 2486 1858 2542 διασπα-

1896 1903 1933 1956 Β

263 2040 466 2097 δίδωσι
517 2053 628 2108 τοῖς
675 2045 833 2097 αὐτοῦ

1653 2130 1861 2202 ἀναχώ-

259 2584 638 2656 ραχθήσεσθαι
675 2584 819 2656 παρὰ
842 2590 942 2633 τῶν
972 2580 1175 2654 ἐχθρῶν
1216 2580 1394 2633 αὐτοῦ.

333 2761 622 2813 Ἠκούσατε
665 2792 733 2799 —
800 2761 953 2832 ὑμᾶς.
1005 2758 1114 2811 Ούκ
1184 2756 1321 2810 εἷπον
1371 2759 1449 2810 ὅτι
1500 2755 1707 2827 Ὑπάγω
1768 2760 1859 2829 μό-

257 2868 365 2916 νον,
397 2848 510 2918 ἀλλ,
548 2850 628 2900 ὅτι
655 2854 743 2901 καὶ
787 2847 1058 2921 Ἔρχομαι
1084 2850 1213 2923 πρὸς
1243 2848 1397 2920 ὑμᾶς.
1431 2850 1626 2900 Λοιπὸν
1665 2845 1718 2897 τί
1748 2842 1859 2898 δει-

257 2937 399 2989 λιάτε
434 2958 447 3004 ς

329 3024 389 3077 Εἰ
428 3058 485 3067 --
546 3030 767 3099 Πατέρα.
831 3022 1041 3083 Ἐπειδὴ
1074 3028 1215 3077 οὔπω
1275 3030 1391 3097 περὶ
1444 3033 1537 3086 τῆς
1598 3024 1725 3097 ἐμῆς
1767 3043 1853 3076 πε-

258 3113 659 3187 πληροφόρησθε
748 3112 1035 3187 δυνάμεως,
1121 3121 1209 3167 καὶ
1301 3113 1441 3168 διότι
1515 3113 1849 3177 ἀποθνήσκω,

257 3204 487 3276 νομίζετε
536 3224 597 3276 με
663 3208 733 3276 μή
805 3200 1065 3256 δύνασθαι
1130 3207 1258 3276 μετὰ
1313 3206 1525 3256 θάνατον
1582 3210 1853 3275 συντηρεῖν

443 3298 455 3321 ‘
517 3291 735 3365 ὀφείλετε
811 3298 1042 3365 χαίρειν,
1128 3295 1205 3345 ὅτι
1290 3291 1448 3356 εἷπον,
1554 3294 1852 3365 Πορεύομαι

258 3386 386 3455 πρὸς
439 3386 524 3434 τὸν
584 3386 808 3456 Πατέρα,
864 3386 949 3433 τὸν
1031 3379 1313 3455 δυνάμενον
1399 3381 1656 3445 ἐξελέσθαι
1717 3382 1852 3453 ὑμᾶς

258 3294 387 3365 ὑμᾶς
443 3298 455 3321 ‘
517 3291 735 3365 ὀφείλετε
811 3298 1042 3365 χαίρειν,
1128 3295 1205 3345 ὅτι
1290 3290 1448 3356 εἷπον,

258 3474 430 3533 πάσης
490 3470 780 3536 ἐπιϐουλῆς,
840 3469 1118 3532 ἐννοοῦντες
1164 3474 1243 3524 ὅτι
1294 3471 1598 3548 πρεσϐεύσω
1646 3471 1850 3531 πάντως

258 3562 381 3634 ὑπὲρ
408 3562 568 3633 ὑμῶν.

324 3649 443 3701 Ὅτι
464 3680 527 3690 -
560 3648 691 3703 ἐστι.
726 3681 792 3690 -
824 3650 1028 3710 Μείζων
1076 3653 1180 3723 μού
1230 3649 1362 3717 ἐστι,
1516 3646 1754 3721 δυνάμει,
1786 3651 1849 3708 ὡς

256 3741 398 3810 ὑμεῖς
446 3736 663 3805 δοκεῖτε,
726 3739 815 3791 ἅτε
872 3745 1297 3815 περιφανέστερον
1358 3740 1407 3792 ἐν
1461 3746 1572 3800 ταῖς
1626 3745 1848 3811 Γραφαίς

256 3827 749 3900 ἁνακηρυττόμενος.
824 3835 1002 3881 Ταῦτα
1060 3826 1118 3881 δὲ
1161 3832 1330 3881 πάντα
1398 3828 1534 3900 λέγει
1591 3848 1848 3899 συγκαταο

255 3917 436 3969 ϐαίνων
502 3926 563 3990 τῇ
624 3917 881 3987 ὑπολήψει
947 3923 1035 3969 καὶ
1104 3916 1343 3992 ἀσθενείᾳ
1412 3928 1511 3970 τῶν
1576 3920 1841 3990 μαθητῶν,

370 4006 418 4038 ’r

253 4012 415 4069 καὶέξ

252 4116 360 4168 χων
418 4095 624 4155 αὐτούς.
684 4098 828 4148 Κατά
865 4097 967 4169 γὰρ
1008 4099 1093 4147 τὸν
1134 4096 1298 4155 ἀληθῆ
1368 4097 1536 4168 λόγον,
1587 4097 1612 4147 6
1665 4099 1843 4168 Πατὴρ

457 4006 619 4068 αὐτῆς
649 4014 737 4066 τῆς
794 4007 886 4058 ούκ
953 4009 1112 4082 ὀρθῆς
1153 4008 1318 4060 αὐτῶν
1377 4007 1675 4078 ὑπολήψεως
1715 4007 1847 4078 ἐλέγ-

252 4184 437 4258 μείζων
467 4187 577 4257 μὲν,
613 4182 719 4235 ἀλλ’
749 4184 805 4235 ού
851 4192 911 4256 τῇ
968 4182 1187 4257 δυνάμει
1230 4190 1411 4258 ;μὸνῳ
1443 4183 1501 4238 δὲ
1547 4194 1615 4256 τῷ
1673 4184 1844 4256 αἰτίῳ,

252 4276 327 4325 ὅτι
366 4277 531 4336 αἴτιος
575 4281 645 4344 τῷ
670 4281 773 4343 Υιῷ
803 4282 890 4333 τῆς
915 4280 1219 4345 γεννήσεως.
1263 4276 1350 4328 Ἐκ
1381 4283 1470 4327 τοῦ
1514 4278 1713 4349 Πατρός
1742 4275 1842 4347 ’γὰρ

254 4363 276 4412 6
307 4363 441 4423 Υἱός.

321 4455 420 4503 Καὶ
463 4482 527 4491 -
561 4454 894 4510 πιστεύσητε.
939 4455 1138 4524 Εῐρηκα
1182 4454 1302 4524 ύμῖν
1357 4456 1418 4505 τὰ
1444 4458 1558 4528 περὶ
1588 4462 1682 4515 τῆς
1715 4452 1845 4506 ἀπο-

252 4534 441 4610 δημίοις
473 4545 561 4592 καὶ
596 4540 749 4592 πάλιν
798 4538 1083 4614 ἐπιδημίας
1136 4562 1259 4613 μου,
1319 4548 1407 4595 καὶ
1462 4546 1526 4595 τὰ
1580 4549 1697 4617 περὶ
1753 4553 1842 4596 του

250 4628 395 4680 ἄλλον
448 4629 811 4703 Παρακλὴτου,
848 4632 929 4682 ἵνα
978 4634 1098 4683 ὅταν
1151 4636 1378 4702 γένηται,
1410 4637 1727 4692 πιστεύσητε
1766 4637 1843 4688 ὅτι
1874 4601 1920 4657 D

249 4721 409 4770 πάντα
438 4725 526 4771 καὶ
552 4715 674 4770 οἰδα
710 4724 796 4770 καὶ
825 4716 1075 4791 δύναμαι.
1137 4721 1313 4783 Οὕτως
1342 4720 1428 4773 οὖν
1452 4726 1841 4797 παραμυθησά-

248 4828 385 4879 μενος
413 4808 620 4871 αὐτούς,
654 4808 804 4859 πάλιν
833 4808 964 4879 λέγει
991 4812 1056 4861 τὰ
1086 4809 1315 4883 λυπηρὰ,
1357 4819 1419 4882 τῇ
1449 4818 1694 4885 συνεχείᾳ
1724 4818 1841 4867 τού-

246 4915 336 4947 των
358 4897 635 4968 γυμνάζων
665 4896 853 4958 αύτούς
881 4897 953 4958 εἰς
982 4902 1039 4949 τὸ
1071 4903 1141 4971 μὴ
1202 4899 1557 4971 θορυϐηθῆναι
1587 4906 1722 4955 κατὰ
1751 4907 1838 4956 τὸν

247 4987 417 5056 καιρὸν
448 4994 544 5036 τῶν
591 4982 790 5037 δεινῶν.
846 4989 915 5038 Τὸ
968 4990 1068 5061 γὰρ
1123 4984 1487 5060 προσδοκηθεν
1519 4990 1836 5066 ὁμαλώτερον

251 5075 383 5126 εἴωθε
410 5072 776 5147 προσϐάλλειν.

315 5162 422 5215 Ούκ
486 5166 559 5215 ῖτι
619 5195 689 5203 --
744 5165 946 5238 ἄρχων.
1006 5164 1254 5220 Ἐνταῦθα
1323 5172 1519 5241 κόσμον
1571 5174 1660 5242 μὲν
1702 5171 1836 5243 λέγει

248 5256 331 5311 τὴν
356 5257 542 5305 κακίαν
576 5274 589 5285 ·
624 5254 863 5329 ἄρχοντα
904 5251 962 5307 δε
992 5259 1078 5308 τὸν
1111 5252 1352 5311 διάϐολον
1382 5276 1393 5288 ·
1430 5259 1487 5311 ού
1532 5263 1635 5334 γὰρ
1686 5262 1837 5338 ούρα-

1946 5264 2059 5330 hic,
2095 5263 2381 5320 malitiam
2413 5280 2425 5329 ;
2461 5262 2796 5335 principem
2828 5276 2989 5326 vero,
3050 5258 3365 5316 diabolum
3416 5275 3429 5315 :

1988 620 2091 679 est,
2126 631 2229 671 eos
2260 620 2541 689 quadam
2572 621 2853 677 oblivioni
2885 621 3225 677 tradidisse.

2058 704 2221 762 Vers.
2254 711 2342 761 27.
2389 711 2601 767 Pacem
2650 712 2917 783 relinquo
2970 711 3145 767 vobis.
3209 709 3322 764 Alii
3387 707 3636 780 quidem

1984 794 2257 851 homines
2298 800 2616 855 morientes
2646 801 2932 872 pecunias
2988 816 3057 856 ac
3086 798 3505 873 possessiones
3533 796 3641 852 do-

1986 885 2251 940 mesticis
2284 888 2632 960 relinquunt
2659 907 2673 955 ;
2704 890 2968 945 Christus
2998 905 3140 945 vero
3163 903 3368 961 pacem
3406 886 3530 941 suis
3552 900 3641 941 re-

1984 971 2221 1045 linquit,
2237 991 2467 1047 pacem,
2487 980 2661 1052 cujus
2687 983 2741 1033 et
2756 995 2846 1034 res
2865 984 2920 1034 et
2932 994 3150 1034 nomen
3167 977 3369 1032 dulce:
3400 975 3636 1039 Pacem,

1983 1061 2195 1135 inquit,
2216 1066 2488 1138 relinquo
2504 1068 2751 1133 vobis,ut
2772 1068 3002 1140 paciﬁci
3026 1083 3169 1138 erga
3191 1082 3297 1121 vos
3327 1069 3537 1119 mutuo
3564 1062 3640 1117 si-

1983 1151 2058 1206 tis
2105 1159 2163 1209 et
2191 1169 2333 1223 erga
2361 1172 2475 1223 me,
2518 1162 2573 1211 et
2604 1156 2687 1212 ita
2717 1158 2890 1213 vobis
2918 1157 3081 1212 nulla
3132 1154 3343 1211 mundi
3373 1150 3635 1208 turbatio

1979 1241 2310 1314 quidquam
2340 1244 2596 1312 nocebit,
2630 1261 2825 1319 neque
2856 1246 3287 1319 impedimento
3314 1242 3441 1297 erit.

2052 1331 2207 1385 Vers.
2250 1334 2342 1389 27.
2378 1334 2588 1390 Pacem
2635 1365 2704 1375 —-
2744 1337 2916 1391 vobis.
2956 1336 3097 1401 Quae
3143 1350 3178 1391 a
3233 1348 3325 1388 me
3375 1333 3630 1395 amatur,

1977 1435 2114 1491 quas
2146 1428 2389 1493 propter
2408 1422 2508 1479 illa
2536 1440 2673 1496 quae
2706 1426 2923 1480 anima:
2956 1428 3226 1495 prosunt,
3248 1421 3632 1477 conceditur:

1977 1526 2098 1567 non
2156 1512 2366 1566 mundi
2397 1527 2607 1585 pacem
2636 1529 2770 1586 quas
2796 1514 2874 1569 ob
2903 1530 2970 1569 ea
3003 1529 3130 1587 qua:
3146 1517 3359 1567 nocent
3391 1512 3640 1567 animus,

1979 1606 2267 1657 servatur.

2049 1694 2213 1747 Vers.
2246 1691 2332 1747 27.
2366 1693 2501 1747 Νοη
2528 1723 2597 1732 -
2629 1692 2805 1748 vobis.
2844 1692 3150 1765 Siquidem
3183 1691 3449 1747 mundus
3508 1690 3633 1745 sive

1975 1781 2289 1837 mundana
2310 1781 2620 1853 sapientes,
2639 1797 2849 1853 pacem
2872 1787 3080 1837 mutuo
3096 1781 3242 1836 dant
3257 1780 3627 1835 malicausa:

1974 1886 2086 1938 ego
2119 1886 2257 1924 vero
2298 1886 2507 1942 pacem
2532 1871 2610 1926 do
2630 1870 2798 1926 vobis
2827 1871 2969 1926 boni
3003 1886 3210 1927 causa.

2046 1958 2339 2014 Autaliter
2362 1977 2373 2013 :
2394 1959 2657 2013 mundus
2675 1959 2959 2031 pecunias
2978 1975 3047 2014 ac
3067 1957 3485 2031 possessiones
3506 1957 3629 2012 suis

1972 2047 2242 2120 largitur,
2294 2065 2403 2119 ego
2434 2065 2569 2104 vero
2620 2064 2829 2120 pacem
2856 2049 2935 2104 do
2976 2048 3167 2111 vobis,
3200 2048 3292 2119 qui
3318 2048 3432 2102 mei
3464 2046 3625 2101 estis.

1974 2139 2123 2204 Quia
2154 2144 2351 2194 autem
2374 2138 2629 2194 dicendo
2656 2155 2669 2193 :
2703 2138 3185 2207 Pacemrelinquo
3214 2138 3524 2208 vobis,quo
3543 2151 3630 2190 se-

1972 2228 2342 2296 parationem
2376 2226 2693 2292 indicabat,
2717 2227 3008 2297 majorem
3028 2226 3110 2281 eis
3129 2226 3411 2297 injecerat
3429 2223 3629 2280 turba-

1974 2316 2214 2380 tionem,
2244 2317 2324 2371 ait
2366 2333 2378 2370 :

2040 2408 2201 2460 Vers.
2264 2410 2351 2459 27.
2419 2407 2509 2461 Ne
2572 2436 2639 2445 —
2688 2405 2989 2474 formuiet.
3024 2403 3217 2468 Vides,
3268 2402 3433 2474 quod
3502 2419 3625 2459 non

1969 2498 2200 2549 tantum
2219 2494 2437 2549 amoris
2454 2494 2863 2558 magnitudine
2889 2493 3309 2558 mouebantur,
3328 2495 3624 2563 quantum

1969 2582 2289 2637 formidine
2322 2600 2335 2637 :
2368 2588 2656 2653 putantes.
2691 2598 2752 2637 se
2784 2580 3209 2653 discerpendos
3230 2580 3479 2636 abillius
3506 2579 3625 2636 ini-

1968 2671 2158 2725 micis.

2040 2758 2351 2816 Vers.28.A
2363 2761 2567 2816 adistis
2589 2791 2638 2800 ——
2661 2764 2909 2816 vos.Non
2926 2759 3121 2815 solum
3135 2758 3254 2813 dixi
3272 2758 3435 2830 quod
3451 2759 3620 2825 vado,

1968 2848 2072 2903 sed
2104 2849 2279 2905 etiam
2294 2849 2458 2921 quod
2488 2849 2654 2906 venio
2680 2849 2754 2905 ad
2767 2866 2877 2906 vos.
2898 2847 3052 2914 Quid
3074 2862 3215 2917 ergo
3234 2845 3570 2904 formidatis
3593 2847 3621 2901 ?

2038 3032 2197 3084 Vers.
2228 3032 2315 3085 28.
2344 3029 2494 3084 Si—
2524 3030 2780 3086 Patrem.
2834 3028 2981 3095 Quia
3025 3026 3099 3082 de
3157 3041 3292 3081 mea
3347 3024 3620 3082 nondum

1966 3119 2240 3175 certiores
2272 3119 2408 3174 facti
2442 3120 2579 3174 estis
2609 3118 2895 3191 potentia,
2930 3126 2983 3173 et
3005 3117 3146 3188 quia
3179 3114 3419 3181 morior,
3455 3118 3623 3186 puta-

1968 3207 2056 3276 tis,
2081 3225 2172 3263 me
2190 3217 2325 3281 post
2352 3215 2596 3265 mortem
2624 3225 2742 3264 non
2768 3224 2944 3274 posse
2966 3223 3073 3262 vos
3101 3219 3449 3260 conservare
3477 3220 3490 3269 ;
3521 3202 3620 3259 de-

1966 3298 2111 3353 betis
2145 3304 2343 3354 tamen
2368 3299 2650 3370 gaudere,
2678 3296 2842 3369 quod
2866 3296 3116 3350 dixerim
3147 3310 3160 3346 :
3219 3294 3380 3349 Vada
3405 3292 3486 3348 ad
3509 3292 3617 3347 Pa-

1965 3395 2133 3451 trem,
2159 3389 2260 3459 qui
2284 3394 2494 3460 potens
2525 3391 2613 3441 est
2629 3403 2732 3441 vos
2758 3386 2835 3439 ab
2858 3384 3143 3440 omnibus
3167 3381 3405 3437 insidiis
3432 3379 3615 3450 eripe-

1962 3492 2042 3541 re,
2087 3486 2539 3546 cognoscentes,
2567 3476 2727 3548 quod
2785 3473 3026 3528 omnino
3060 3471 3356 3542 legatione
3400 3467 3619 3539 fungar

1962 3579 2070 3636 pro
2100 3564 2287 3620 vobis.

2030 3654 2190 3708 Vers.
2219 3654 2305 3708 28.
2342 3655 2491 3722 Quia
2524 3685 2589 3693 —
2656 3660 2761 3710 est.
2795 3685 2862 3692 —
2892 3652 3093 3722 Major
3119 3664 3212 3705 me
3239 3654 3341 3717 est,
3395 3650 3457 3703 ut
3507 3660 3619 3701 vos

1959 3743 2193 3813 putatis,
2224 3749 2509 3814 tanquam
2544 3742 2919 3797 manifestius
2943 3741 2998 3795 in
3022 3738 3338 3810 Scripturis
3352 3734 3616 3809 promul‘

1959 3836 2153 3904 gatus.
2191 3835 2320 3886 Haec
2342 3837 2541 3886 autem
2569 3832 2772 3887 omnia
2790 3831 2927 3885 dicit
2949 3828 3264 3897 indulgens
3294 3826 3613 3898 suspicioni

1958 3936 2027 3975 ac
2058 3920 2447 3975 imbecillitati
2470 3921 2726 3986 illorum,
2756 3928 2811 3975 et
2841 3936 2909 3974 ex
2933 3919 3067 3992 ipsa
3092 3932 3209 3972 non
3227 3922 3383 3972 recta
3404 3931 3615 3970 eorum

1957 4010 2238 4081 opinione
2258 4025 2517 4079 arguens
2538 4010 2688 4063 illos.
2709 4012 2853 4064 Nam
2880 4009 2937 4063 in
2955 4007 3200 4063 veritate
3227 4007 3397 4062 Pater
3420 4004 3616 4075 major

1958 4099 2202 4172 quidem
2229 4105 2333 4165 est,
2386 4104 2445 4154 at
2488 4114 2605 4154 non
2659 4097 2941 4170 potentia,
2993 4097 3095 4152 sed
3152 4096 3280 4151 solo
3336 4092 3614 4167 principii

1958 4188 2160 4255 modo,
2183 4190 2317 4259 quia
2336 4189 2473 4244 Filio
2490 4189 2843 4260 principium
2863 4191 2951 4243 est
2973 4185 3364 4259 generationis
3389 4201 3403 4240 :
3429 4182 3613 4257 siqui-

1957 4280 2095 4334 dem
2128 4295 2196 4334 ex
2230 4280 2397 4335 Patre
2425 4282 2512 4333 est
2537 4277 2739 4333 Filius.

2029 4460 2189 4514 Vers.
2224 4458 2310 4512 29.
2335 4459 2409 4513 Et
2434 4489 2491 4497 —
2524 4458 2800 4513 credatis.
2828 4456 2949 4511 Dixi
2996 4454 3181 4520 vobis,
3207 4470 3343 4527 qum
3375 4458 3511 4508 sunt
3540 4455 3611 4507 de

1958 4565 2090 4604 mea
2120 4548 2502 4620 profectione,
2538 4563 2606 4602 ac
2634 4563 2871 4602 rursum
2902 4547 2972 4600 de
3005 4561 3139 4599 meo
3191 4544 3377 4599 reditu
3438 4548 3496 4599 et
3534 4542 3610 4599 de

1956 4639 2070 4693 alio
2131 4637 2451 4699 Paracleto,
2505 4642 2567 4692 ut
2616 4652 2753 4691 cum
2803 4635 2928 4691 ﬁeri
2974 4633 3259 4703 videritis,
3328 4632 3606 4696 credatis,

1953 4728 2116 4799 quod
2140 4727 2343 4782 omnia
2361 4740 2417 4781 et
2440 4726 2705 4781 noverim
2732 4730 2787 4779 et
2810 4725 3056 4796 possim.
3081 4726 3168 4781 Ita
3190 4722 3610 4779 consolaturus

1953 4832 2076 4881 eos,
2110 4832 2345 4871 rursum
2379 4816 2563 4870 tristia
2611 4814 2769 4881 dicit,
2822 4814 3037 4870 horum
3093 4811 3426 4885 frequentia
3474 4810 3607 4866 illos

1953 4921 2253 4972 exercens,
2300 4922 2371 4961 ne
2428 4904 2824 4977 periculorum
2879 4908 3147 4975 tempore
3207 4901 3606 4968 turbarentur,

1952 4996 2241 5069 siquidem
2261 4995 2417 5067 quod
2434 4998 2844 5066 exSpectatum
2868 4998 2951 5048 est
2973 4992 3156 5049 levius
3183 4990 3319 5047 ferri
3340 4990 3505 5047 solet.

2018 5176 2177 5229 Vers.
2212 5177 2301 5229 30.
2332 5175 2467 5230 Jam
2490 5188 2605 5228 non
2623 5203 2685 5213 —
2701 5172 2999 5241 princeps.
3027 5172 3312 5229 Mundum
3344 5168 3610 5242 appellat

3483 5274 3608 5315 non

1438 5456 1662 5527 Variae
1703 5458 2027 5527 lectiones
2068 5469 2132 5527 et
2170 5467 2376 5527 notae.

312 5662 420 5750 (15)
472 5663 703 5747 Inclusa
766 5669 1007 5750 uterque
1058 5667 1117 5723 in
1157 5669 1447 5741 margine.
1503 5670 1840 5747 Τελεωτέρους

250 5742 530 5812 γινομένους
552 5742 835 5812 omiserat
859 5742 1161 5812 interpres.

316 5808 424 5882 (16)
466 5809 546 5862 Ἐν
574 5807 828 5871 ἀλλήλοις.
860 5813 933 5865 Α.

2176 5669 2421 5744 Δίδωσιν,
2456 5675 2522 5729 Α.
2558 5676 2722 5731 Forte
2752 5670 2999 5727 διδοῦσιν
3029 5673 3238 5731 voluit.

2020 5674 2108 5744 (l7
2176 5674 2421 5744 Δίδωσιν,
2456 5675 2522 5729 Α.
2558 5676 2722 5731 Forte
2752 5674 2999 5727 διδοῦσιν
3029 5690 3100 5729 vo

2021 5674 2134 5819 (18;
2167 5746 2300 5801 Post
2336 5746 2366 5805 ἦ
2401 5746 2564 5805 addit
2597 5746 2887 5820 interpres
2916 5744 3100 5809 ἄλλως.
