4130 6320
577 353 717 418 1407

1924 361 2216 420 EUTHYM
2226 361 2274 418 II
2319 358 2658 421 ZIGABENI

3873 364 4026 419 14οἓ

541 533 544 538 .
575 486 737 543 enim
766 485 917 545 cmlo
947 503 1014 545 ac
1044 492 1211 546 terrm
1275 488 1642 556 dominatur,
1694 488 1798 546 sed
1843 489 2085 546 malitiae
2108 489 2228 560 (ιι),

2356 493 2430 538 νοῦ
2457 492 2547 540 καὶ
2574 495 2669 559 γῆς
2701 488 2880 563 ἄρχει.
2915 490 3056 543 Ἐπεὶ
3101 490 3271 544 πάντα
3317 487 3378 542 ἃν
3409 487 3670 566 ἀνέτρεψε
3704 492 3827 543 καὶ
3858 499 4022 542 κατέ-

577 577 740 649 quod
769 576 976 634 omnia
1005 579 1274 637 straverit
1305 597 1374 636 ac
1431 581 1787 652 perverterit,
1848 579 1979 651 Ipse
2032 582 2233 634 autem

577 665 786 722 dicitur
814 668 992 724 etiam
1024 669 1300 742 princeps
1351 671 1754 731 tenebrarum.
1811 669 1932 724 sive
1980 667 2230 740 peccati.

578 755 670 810 Ait
696 771 838 826 ergo
875 780 887 812 :
924 759 1086 815 Venit
1117 759 1437 816 adversum
1491 775 1586 816 me
1616 758 1896 816 diabolus
1929 773 2064 814 cum
2095 772 2232 828 per-

577 843 765 900 versis
789 845 1030 913 Judaeis,
1056 848 1199 903 data
1235 849 1341 904 sibi
1376 865 1406 903 e
1439 849 1712 920 supernis
1737 851 2050 920 potestate.
2085 849 2233 902 Nam

579 935 636 987 et
659 934 822 1005 apud
857 937 1071 990 Lucam
1099 937 1248 993 dixit
1303 937 1380 992 ad
1425 953 1545 1001 eos,
1601 937 1706 1010 qui
1738 953 1799 992 se
1852 935 2237 1006 comprehen-

579 1021 803 1078 debant
834 1043 846 1079 :
895 1026 1034 1081 Ηωε
1061 1033 1136 1081 est
1169 1027 1319 1083 hora
1361 1031 1550 1084 vestra
1593 1033 1646 1084 et
1675 1029 1926 1098 potestas
1971 1024 2237 1082 tenebra-

582 1127 715 1168 rum
744 1116 812 1166 ’⁸.

653 1203 812 1256 Vers.
847 1207 932 1259 30.
957 1204 1031 1258 Et
1053 1235 1120 1246 —
1144 1206 1484 1278 quidquam.
1527 1207 1590 1262 In
1621 1205 1754 1262 aliis
1785 1205 2024 1278 quidem
2046 1202 2237 1259 homi-

581 1291 762 1348 nibus
795 1299 1107 1362 peccatum
1136 1299 1226 1351 est
1251 1311 1434 1351 causa
1464 1295 1693 1362 mortis,
1721 1293 1918 1351 nullus
1936 1293 2234 1365 siquidem

582 1382 809 1453 peccati
837 1399 1049 1454 expers
1079 1389 1184 1449 est,
1220 1385 1354 1440 ideo
1383 1385 1585 1440 nullus
1619 1384 1973 1440 immortalis
2001 1399 2014 1448 ;
2050 1382 2109 1438 in
2139 1397 2236 1437 me

541 1507 543 1512 ς
582 1485 726 1526 vero
756 1487 874 1526 non
907 1471 1088 1528 habet
1115 1473 1295 1529 ullam
1338 1474 1545 1529 mortis
1579 1489 1828 1528 causam
1859 1488 1873 1538 ;
1919 1487 2030 1544 ego
2075 1471 2236 1526 enim

583 1559 815 1632 absque
838 1565 1085 1632 peccato
1112 1578 1270 1628 sum,
1295 1567 1351 1618 et
1380 1567 1695 1634 propterea
1716 1559 2233 1624 condemuabitur,

585 1648 736 1703 sicut
764 1650 929 1720 prius
954 1650 1191 1706 decimo
1211 1652 1421 1724 quinto
1451 1651 1640 1723 capite
1666 1650 2099 1714 enarravimus,
2135 1648 2236 1703 ubi

583 1737 799 1794 dicitur
829 1741 1034 1796 :Nunc
1047 1741 1333 1811 judicium
1359 1747 1441 1797 est
1461 1741 1642 1810 hujus
1667 1741 1895 1808 mundi,
1913 1739 2238 1810 nuncprin-

585 1841 719 1894 ceps
759 1829 934 1898 hujus
960 1831 1174 1886 mundi
1193 1832 1460 1900 ejicietur
1475 1831 1640 1900 foras
1667 1831 1734 1882 ³⁷.

654 1917 816 1973 Vers.
847 1919 1072 1975 31.Sed
1097 1949 1164 1959 —
1184 1921 1446 1975 Patrem.
1478 1919 1590 1974 Sed
1626 1917 1868 1980 morior,
1902 1921 1966 1972 ut
1987 1931 2238 1986 cognos-

584 2011 724 2062 cant
754 2022 981 2072 omnes,
1011 2007 1172 2078 quod
1205 2007 1452 2078 diligam
1485 2007 1730 2073 Patrem,
1763 2006 2053 2062 obediens
2079 2006 2237 2061 illius

583 2093 875 2150 voluntati
909 2112 923 2161 ;
956 2095 1231 2151 voluntas
1252 2101 1451 2153 autem
1485 2112 1614 2167 eius
1643 2100 1753 2166 est,
1788 2100 1851 2150 ut
1881 2094 2104 2150 moriar
2135 2110 2236 2166 pro

587 2183 777 2239 salute
798 2185 1134 2241 hominum.

655 2271 814 2327 Vers.
852 2277 911 2329 3|
949 2275 1023 2328 Et
1055 2305 1121 2314 —
1148 2273 1320 2342 facio.
1367 2276 1446 2330 .Ut
1475 2277 1861 2344 cognoscant,
1901 2274 2062 2345 quod
2094 2287 2238 2345 prm-

583 2365 823 2434 ceptum
853 2363 982 2434 ejus
1014 2364 1275 2419 moriens
1315 2363 1699 2435 adimpleam.

654 2451 815 2508 Vers.
849 2456 938 2508 3t.
968 2452 1222 2523 Surgite,
1255 2469 1453 2510 eamus
1479 2453 1640 2510 hinc.
1674 2452 1891 2508 Videns
1909 2451 2237 2521 discipulos

583 2539 914 2597 admodum
949 2547 1302 2608 metuentes,
1352 2547 1408 2598 et
1437 2543 1641 2614 sejam
1693 2541 2120 2615 comprehendi
2165 2557 2238 2597 ac

582 2629 826 2686 interfici
843 2631 1261 2700 imaginantes,
1278 2637 1333 2688 et
1354 2638 1670 2705 propterea
1692 2631 1895 2688 crebro
1913 2635 2235 2686 retrorsum

585 2736 648 2776 se
695 2722 1116 2788 convertendo,
1168 2737 1289 2778 non
1343 2723 1485 2778 satis
1530 2722 1625 2778 his
1673 2737 1809 2794 quae
1859 2720 2230 2785 dicebantur,

582 2809 888 2866 advertere
913 2828 928 2866 :
953 2811 1247 2883 siquidem
1266 2811 1598 2867 maximum
1624 2811 1737 2866 illis
1759 2825 2046 2879 angorem
2070 2809 2238 2864 indu-

583 2897 771 2962 cebat,
805 2904 930 2954 tum
962 2899 1132 2954 locus
1166 2900 1464 2971 publicus,
1499 2906 1624 2956 tum
1679 2916 1796 2954 nox
1857 2904 1912 2954 et
1935 2898 2234 2970 praecipue

581 2986 748 3058 quod
773 2987 1016 3044 dixisset
1044 3005 1056 3044 :
1093 2990 1258 3046 Venit
1283 2991 1555 3058 princeps
1599 2989 1812 3044 mundi
1859 2989 1927 3055 ⁸⁸,
1962 2987 2238 3044 transfert

583 3073 714 3130 illos
752 3075 812 3131 in
839 3075 1030 3132 locum
1062 3077 1244 3134 alium
1277 3078 1569 3144 tutiorem,
1597 3093 1718 3150 quo
1749 3077 2154 3133 existimantes
2177 3076 2235 3131 in

586 3169 710 3222 tuto
735 3181 882 3233 esse,
909 3166 1139 3240 absque
1168 3167 1286 3224 ullo
1314 3172 1473 3223 metu
1500 3167 1776 3223 audirent
1804 3183 1817 3222 :
1847 3182 1987 3222 nam
2013 3181 2237 3236 magna

584 3253 840 3310 audituri
866 3261 1035 3312 erant
1061 3256 1367 3328 dogmata.
1399 3256 1619 3313 Deinde
1643 3271 1881 3312 rursum
1909 3255 1991 3311 ait
2019 3273 2031 3312 :

656 3435 797 3506 Cap.
837 3435 944 3490 XV.
977 3435 1144 3492 Vers.
1185 3437 1236 3491 1.
1299 3437 1414 3506 Ego
1462 3467 1529 3477 —
1570 3450 1728 3492 vera.
1753 3436 1815 3490 Id
1857 3438 1946 3490 est
1995 3433 2236 3501 eximia,

582 3522 1040 3595 incorruptibilis
1072 3524 1429 3595 spiritualis:
1464 3524 1753 3597 siquidem
1794 3524 1923 3579 haec
1965 3522 2240 3595 frequen-

584 3616 670 3668 ter
699 3612 992 3681 signiﬁcat
1029 3628 1250 3669 nomen
1283 3612 1543 3672 ἀληθινόν.

656 3699 832 3756 Aliter
855 3717 1098 3774 quoque
1124 3701 1358 3768 dicitur,
1404 3703 1546 3759 Vitis
1572 3717 1735 3766 vera,
1756 3702 1898 3775 quia
1923 3717 2034 3773 pro
2048 3699 2242 3756 fructu

585 3789 808 3862 profert
828 3791 1131 3848 veritatem
1143 3833 1156 3847 .

659 3880 940 3954 Seipsum
953 3881 1153 3954 itaque
1166 3881 1345 3938 vitem
1360 3882 1631 3940 nominat
1648 3887 1852 3955 utpote
1876 3882 2239 3955 praebentem

582 3967 959 4027 dulcedinem
991 3986 1061 4027 ac
1089 3971 1340 4028 humani
1358 3972 1554 4028 cordis
1578 3972 1856 4037 laetitiam,
1881 3973 2073 4045 ipsam
2092 3971 2244 4026 vide-

581 4058 719 4115 licet
747 4060 1255 4130 praedicationem,
1287 4077 1468 4133 quam
1501 4061 1679 4117 etiam
1701 4062 2002 4133 Scriptura
2034 4061 2238 4115 vinum

583 4147 863 4218 appellat,
889 4153 944 4204 et
964 4155 1250 4220 tanquam
1279 4149 1537 4205 radicem
1592 4149 2024 4221 discipulorum
2057 4165 2070 4204 :
2110 4149 2240 4222 pal-

585 4236 756 4292 mites
787 4252 927 4292 vero
956 4236 1295 4308 discipulos,
1327 4238 1497 4310 quasi
1529 4254 1602 4294 ex
1652 4239 1782 4309 ipso
1835 4239 2240 4308 germinantes

586 4340 862 4380 sermone
891 4326 1191 4390 doctrinae,
1225 4332 1282 4382 et
1319 4343 1425 4398 per
1445 4343 1582 4383 eum
1615 4327 1866 4383 nutritos
1895 4327 1973 4382 ab
2005 4327 2242 4382 fructiﬁ-

585 4414 883 4471 cationem
912 4420 1284 4472 maturorum
1310 4416 1640 4483 botrorum,
1679 4416 1801 4471 sive
1832 4417 2134 4483 virtutum,
2183 4419 2244 4471 ut

585 4507 646 4559 et
672 4503 782 4574 ipsi
814 4505 1086 4561 similiter
1111 4505 1421 4578 praebeant
1449 4505 1656 4561 vinum
1689 4505 1992 4562 doctrinae.

659 4592 822 4650 Vers.
859 4595 908 4648 1.
941 4595 1021 4650 Et
1068 4596 1248 4652 Pater
1301 4627 1368 4636 —
1425 4601 1523 4652 est.
1576 4597 1846 4658 Curator,
1900 4610 2023 4650 non
2057 4598 2245 4649 tamen

585 4683 824 4749 radicis,
853 4683 960 4740 sed
987 4683 1330 4756 palmitum.
1370 4687 1514 4740 Vere
1541 4685 1668 4740 haac
1699 4683 1832 4740 vitis
1868 4684 2089 4740 eximia
2139 4687 2245 4741 est.

587 4774 650 4830 in
671 4789 795 4846 qua
816 4773 890 4830 de
921 4773 1061 4830 solis
1088 4772 1434 4846 palmitibus
1478 4789 1687 4830 curam
1733 4773 1955 4829 habere
1977 4776 2204 4845 oportet
2233 4790 2246 4839 ;

658 4951 709 4988 θ’
738 4952 917 5009 Joan.
949 4967 1066 5018 xvn,
1101 4955 1184 5010 l3.
1298 4953 1346 4988 9°
1369 4953 1506 5008 Luc.
1539 4967 1678 5023 xm,
1707 4951 1792 5009 53.

1907 4952 1949 4986 ⁸⁷
1980 4952 2155 5007 Joan.
2186 4964 2287 5018 xu,
2315 4949 2403 5004 31.

2342 573 2508 630 ϐάλεν.
2537 575 2595 629 Ὀ
2623 577 2771 637 αὐτὸς
2800 574 2858 630 δὲ
2888 583 2977 630 καὶ
3010 579 3189 653 ἄρχων
3220 587 3313 632 τοῦ
3363 584 3589 640 σκότους
3621 578 4016 650 ὀνομάζεται,

2342 667 2503 736 ἤγουν
2525 674 2620 728 τῆς
2645 666 2926 742 ἁμαρτίας.
2963 673 3124 726 Φησὶν
3156 668 3242 720 οὖν
3273 671 3351 720 ὅτι
3379 667 3650 742 Ἔρχεται
3682 668 3838 719 κατ’
3878 667 4015 740 ἐμω

2343 755 2369 805 ό
2398 751 2636 816 διάϐολος
2665 759 2795 828 μετά
2822 765 2922 808 τῶν
2975 766 3212 830 πονηρῶν
3243 754 3538 824 Ἰουδαίων,
3576 754 3882 817 δοθείσης
3920 759 4015 808 στὶ-
4085 751 4089 780 1'

2342 851 2452 905 τοῖς
2491 843 2725 908 ἐξουσίας
2750 847 2960 900 ἄνωθεν.
3003 844 3150 918 [Εἶπε
3192 851 3292 920 γὰρ
3333 852 3421 900 καὶ
3469 847 3587 918 (19)
3626 846 3679 898 ἐν
3732 856 3828 918 τῷ
3866 850 4012 897 κατὰ

2345 940 2551 987 Λουκᾶν
2595 935 2890 1006 Εὐαγγελίῳ
2930 940 3060 1010 πρός
3100 940 3217 999 τοὺς
3269 935 3747 1009 συλλαμϐάνοντας
3786 937 3970 988 αὐτόν
3996 957 4006 966 -

2343 1026 2424 1076 ὅτι
2446 1024 2586 1082 Αὕτη
2630 1025 2770 1096 ὑμῶν
2823 1024 2961 1077 ἐστιν
3002 1028 3030 1084 ἠ
3088 1028 3197 1102 ὥρα
3243 1031 3332 1078 καὶ
3385 1029 3414 1084 ἡ
3451 1025 3680 1089 ἐξουσία
3721 1034 3844 1078 τοῦ
3885 1031 4007 1078 σκέο

2342 1133 2486 1175 τους.

2418 1209 2517 1257 Καὶ
2546 1235 2612 1244 -
2639 1200 2810 1258 οὐδέν.
2867 1205 2986 1258 Ἐπὶ
3024 1208 3114 1277 μεν
3138 1213 3239 1256 τῶν
3272 1204 3434 1257 ἄλλων
3469 1204 3791 1280 ἀνθρώπων
3831 1209 4005 1257 αἴτιαι

2343 1301 2435 1346 τοῦ
2487 1294 2600 1363 (20)
2656 1295 2872 1346 θανάτου
2903 1297 2933 1352 ἠ
2969 1294 3204 1369 ἁμαρτία
3235 1311 3246 1324 ·
3290 1292 3461 1356 οὐδεὶς
3500 1298 3601 1367 γὰρ
3653 1293 4007 1369 ἀναμάρτητ-

2343 1403 2452 1451 τος,
2485 1380 2570 1436 διὸ
2592 1387 2681 1436 καὶ
2710 1380 2879 1444 οὐδεὶς
2910 1381 3160 1444 ἀθάνατος
3215 1400 3228 1413 °
3277 1382 3323 1434 ἐν
3355 1382 3468 1454 ἐμοὶ
3499 1380 3558 1435 δὲ
3591 1383 3694 1435 οὐκ
3735 1387 3883 1454 ἔχει
3921 1385 4010 1436 οὗ·

2347 1470 2432 1525 δὲν
2472 1476 2636 1525 αἴτιον
2697 1474 2918 1524 θανάτου
2953 1492 2966 1504 ο
3012 1474 3376 1546 ἀναμάρτητος
3418 1475 3518 1546 γὰρ
3580 1471 3716 1544 ἐγώ.
3773 1478 3882 1526 Διὸ
3913 1482 4008 1524 καὶ

2344 1565 2810 1635 κατακριθήσεται,
2869 1563 3064 1632 [καθὼς
3113 1562 3225 1634 (21)
3258 1562 3761 1636 προεξηγησάμεθα
3825 1565 3883 1614 ἐν
3931 1572 4008 1632 τῷ

2349 1648 2789 1722 πεντεκαιδεκάτῳ
2818 1650 3096 1722 κεφαλαίῳ,
3128 1653 3249 1703 ἔνθα
3298 1659 3460 1703 κεῖται
3491 1654 3548 1702 τό
3584 1665 3598 1677 ·
3637 1657 3764 1703 Νῦν
3804 1657 4011 1726 κρίσις

2347 1742 2462 1795 ἐστὶ
2489 1748 2578 1793 τοῦ
2610 1746 2811 1812 κόσμου
2834 1743 3044 1806 τούτου,
3074 1747 3160 1792 νῦν
3193 1743 3217 1792 ό
3243 1743 3422 1814 ἄρχων
3455 1748 3547 1792 τοῦ
3587 1744 3830 1813 κόσμου
3869 1745 4006 1794 τοῦ·

2274 1841 2315 1894 Β
2347 1851 2437 1883 του
2469 1830 2847 1888 ἐκϐληθύσεται
2878 1829 3025 1902 ἔξω.]

2419 1919 2554 1974 Ἀλλ’
2596 1951 2662 1960 —
2695 1924 2912 1992 Πατέρα.
2942 1919 3080 1972 Ἀλλ’
3107 1917 3439 1987 ἀποθνήσκω,
3495 1921 3578 1971 ἵνα
3633 1928 3832 1991 γνῶσι
3865 1924 4004 1972 πάιν

2347 2029 2428 2072 τις
2458 2012 2537 2062 ὃτι
2567 2007 2753 2081 ἀγαπῶ
2779 2011 2864 2060 τὸν
2916 2012 3140 2082 Πατέρα,
3174 2009 3446 2059 ὑπακούων
3483 2008 3648 2060 αὐτοῦ
3701 2017 3791 2079 τῷ
3840 2011 3998 2066 θέλέ-

2347 2119 2492 2171 ματι.
2521 2098 2728 2161 Θελημα
2755 2095 2814 2149 δε
2836 2097 2995 2149 αὑτοῦ
3028 2095 3298 2150 ἀποθανεῖν
3326 2115 3387 2168 με
3417 2098 3542 2171 ὑπὲρ
3576 2104 3673 2158 τῆς
3696 2105 3999 2171 σωτηρίας

2347 2197 2446 2240 τῶν
2479 2187 2778 2262 ἀνθρώπων.

2422 2282 2522 2331 Καὶ
2549 2309 2618 2316 -
2656 2285 2808 2328 ποιεῖν
2843 2280 2940 2329 Καὶ
2975 2277 3056 2327 ἵνα
3083 2283 3275 2346 γνῶσιν
3304 2277 3383 2328 ὃτι
3405 2275 3586 2348 πληρῶ
3618 2279 3723 2334 τὴν
3761 2275 3992 2335 ἐντολὴν

2349 2367 2508 2418 αὐτοῦ
2531 2364 2727 2422 ἀποθνή
2737 2384 2873 2436 σκῳν
2884 2405 2895 2418 .

2423 2456 2729 2528 Ἐγείρεσθε,
2790 2455 2992 2525 ἄγωμεν
3038 2451 3280 2507 ἐντεῦθεν.
3335 2452 3531 2505 Βλέπων
3566 2456 3691 2514 τοὺς
3720 2457 3988 2524 μαθητάς

2350 2542 2558 2617 σφόδρα
2583 2541 2884 2604 δειλιῶντας
2905 2547 2994 2594 καὶ
3027 2542 3439 2614 φανταζομένους
3463 2537 3568 2600 ἤδη
3603 2546 3729 2603 τοὺς
3775 2543 3982 2602 συλλη-

2345 2635 2602 2707 ψομένους
2657 2637 2746 2685 καὶ
2807 2631 3201 2707 ἀναιρήσοντας,
3256 2636 3346 2683 καὶ
3397 2627 3491 2683 διά
3568 2639 3728 2683 τοῦτο
3791 2637 3977 2684 πυκνά

2345 2726 2871 2797 μεταστρεφομένους,
2948 2724 3032 2772 καὶ
3103 2725 3173 2790 μὴ
3263 2716 3576 2792 δυναμένους
3661 2726 3971 2793 προσέχειν

2345 2821 2455 2873 τοῖς
2503 2811 2788 2884 λεγομένοις
2838 2825 2852 2840 ⁸
2886 2814 2975 2862 καὶ
3016 2812 3118 2881 γὰρ
3169 2807 3421 2861 ἑνεποίουν
3470 2809 3653 2870 αὐτοῖς
3702 2808 3962 2879 ἀγωνία-ι,

2345 2905 2489 2954 καὶὸ
2532 2907 2708 2963 τόπος,
2739 2896 3037 2959 κατάδηλος
3062 2899 3150 2964 ὢν,
3203 2903 3292 2949 καὶ
3351 2900 3377 2955 ἡ
3418 2898 3528 2964 νὺξ,
3569 2903 3660 2948 καὶ
3703 2903 3765 2950 τὸ
3804 2901 3959 2952 εἰπεῖν

2347 2995 2426 3045 ὅτι
2449 2990 2704 3065 Ἔρχεται
2734 2990 2759 3040 ό
2799 2995 2890 3040 τοῦ
2945 2991 3146 3059 κόσμου
3200 2988 3380 3060 ἄρχων
3416 3001 3433 3018 ο
3465 2988 3685 3058 μετάγει
3738 2992 3952 3046 τοὺτεπ

2347 3081 2414 3143 εἰς
2443 3082 2607 3154 ἕτερον
2651 3084 2806 3130 τόπον
2847 3077 3244 3148 ἀσφαλέστερον,
3303 3076 3401 3136 ἶνα,
3434 3079 3754 3146 νομίσαντες
3789 3076 3828 3127 ἐι
3858 3077 3933 3126 ἐτι

2348 3170 2528 3243 φαλείᾳ
2577 3173 2924 3233 καταστῆναι,
2957 3167 3087 3236 μετὰ
3139 3161 3319 3224 ἀδείας
3373 3161 3674 3220 ἀκούσωσι.
3727 3171 3832 3218 Καὶ
3857 3168 3947 3235 γὰρ

2349 3260 2548 3333 ἔμελλον
2601 3255 2833 3330 μεγάλων
2882 3253 3200 3306 ἀκούσεσθαι
3265 3249 3563 3325 δογμάτων,
3615 3251 3735 3306 εἶτα
3803 3255 3955 3305 πάλιν

2350 3354 2507 3424 φησίν
2522 3391 2535 3403 .

2419 3442 2554 3510 Ἐγὼ
2637 3467 2706 3476 -——
2791 3432 3026 3492 ἀληθινή.
3091 3431 3149 3484 Ἠ
3225 3431 3499 3504 ἐξαίρετος,
3565 3434 3594 3490 ἡ
3661 3434 3960 3507 ἄφθαρτος,

2349 3531 2379 3588 ἡ
2451 3529 2791 3598 πνευματική.
2875 3529 3055 3575 Ταῦτα
3119 3523 3218 3596 γὰρ
3285 3521 3532 3583 πολλάκις
3586 3524 3643 3572 τό
3710 3521 3964 3580 ἀληθινόν

2351 3615 2522 3677 δηλοῖ.

2424 3709 2546 3777 [Καί
2577 3704 2756 3778 ἑτέρως
2795 3701 2906 3772 (22)
2961 3697 3019 3753 δὲ
3063 3699 3317 3772 Ἀμπελος
3378 3697 3614 3770 ἀληθινὴ]
3640 3702 3671 3758 ἠ
3708 3704 3807 3758 τήν

2353 3799 2490 3849 θειαν
2522 3799 2949 3868 καρποφοροῦσα.

2420 3881 2678 3955 Ἀμπελον
2730 3883 2818 3952 μὲν
2850 3876 2936 3930 οὖν
2977 3879 3154 3930 ἑαυτὸν
3201 3877 3463 3950 ὀνομάζει,
3528 3880 3596 3938 ὡς
3643 3882 3962 3949 παρέχοντα

2350 3976 2408 4024 τὸ
2460 3977 2704 4041 νόστιμον
2755 3973 2844 4020 καὶ
2921 3967 3189 4039 εὐφραῖνον
3242 3961 3464 4038 καρδίαν
3527 3964 3806 4037 ἀνθρώπου
3867 3977 3959 4026 κά-

2351 4081 2548 4136 ρυγμα,
2571 4060 2596 4112 ὃ
2627 4063 2716 4110 καὶ
2745 4054 2876 4110 οἶνον
2897 4058 2925 4114 ἡ
2952 4060 3124 4129 Γραφὴ
3155 4057 3548 4128 προσαγορεύει·
3575 4059 3663 4106 καὶ
3695 4058 3766 4106 ὡς
3800 4058 3957 4130 ῥίζαι

2351 4160 2450 4203 τῶν
2497 4150 2736 4221 μαθητῶν
2767 4166 2779 4178 ’
2814 4145 3047 4217 κλήματα
3076 4147 3188 4215 (23)
3241 4141 3300 4196 δὲ
3333 4147 3455 4204 τοὺς
3510 4145 3750 4214 μαθητὰς
3804 4149 3878 4208 ὡς
3906 4148 3959 4208 ἐξ

2352 4239 2512 4291 «esse
2570 4236 2977 4310 βλαστήσαντας
3023 4242 3094 4304 τῷ
3123 4233 3261 4304 λόγῳ
3301 4241 3395 4295 τῆς
3451 4229 3831 4299 διδασκαλίας,
3865 4245 3954 4287 και

2355 4326 2428 4381 δι’
2461 4329 2619 4379 αὐτοῦ
2645 4329 2983 4399 τρεφομένους
3001 4323 3068 4384 εἰς
3090 4327 3443 4396 καρποφορίαν
3464 4320 3699 4394 βοτρύων
3728 4325 3948 4396 ὡραίων,

2355 4417 2519 4466 εἶτουν
2551 4410 2760 4486 ἀρετῶν,
2790 4413 2879 4460 καὶ
2905 4412 3144 4481 παροχὴν
3201 4409 3390 4479 ὁμοιως
3421 4414 3512 4458 τοῦ
3563 4403 3598 4458 δ
3605 4402 3948 4461 ιδασκαλικοῦ

2355 4505 2491 4555 οἰνου
2502 4541 2514 4553 .

2428 4590 2541 4662 (24)
2571 4589 2628 4641 Ὀ
2660 4592 2836 4662 Πατὴρ
2876 4617 2944 4627 -
2975 4585 3136 4638 ἔστιν.
3167 4584 3224 4637 Ὀ
3257 4583 3589 4656 ἐπιμελητὴς,
3617 4583 3751 4642 πλὴν
3769 4586 3827 4636 οὐ
3859 4595 3940 4648 τῆς

2357 4681 2528 4756 ῥίζης,
2563 4678 2689 4730 ἀλλὰ
2718 4685 2816 4729 τῶν
2847 4671 3072 4728 κλάδων.
3115 4673 3402 4747 Ἐξαίρετος
3466 4676 3564 4746 γὰρ
3613 4677 3766 4734 ὄντως
3821 4681 3928 4728 αὖτε

2359 4772 2388 4829 ἡ
2432 4767 2678 4842 ἄμπελος,
2727 4768 2858 4818 κατὰ
2917 4769 3039 4826 τοὺς
3093 4759 3314 4822 κλάδους
3366 4767 3518 4835 μόνον
3572 4758 3789 4834 δεομένη
3842 4764 3924 4814 ἐπι-

2517 4947 2564 4982 “
2587 4947 2758 5003 Joan.
2791 4961 2911 5012 xw,
2938 4947 3024 5000 30.

1781 5128 2004 5199 Variae
2032 5127 2360 5197 lectiones
2391 5137 2456 5194 et
2498 5135 2696 5192 notas.

660 5330 774 5402 (19)
814 5328 1049 5402 Inclusa
1087 5327 1311 5384 absunt
1339 5331 1407 5383 A.

659 5400 773 5468 (20)
807 5402 932 5466 Τοῦ,
965 5400 1134 5456 abest
1156 5406 1218 5455 Α.

664 5471 778 5543 (21)
809 5472 1047 5527 Inclusa
1071 5471 1296 5526 absunt
1320 5471 1386 5526 A.

661 5546 772 5614 (22)
810 5543 1043 5614 Inclusa
1073 5543 1296 5614 absunt
1323 5544 1389 5597 A.

669 5609 780 5686 (23)
845 5612 1010 5687 Ὑμεῖς
1055 5616 1122 5667 τὰ
1167 5613 1428 5688 κλήματα,
1482 5628 1554 5670 ex
1616 5627 1787 5670 versu
1842 5616 1893 5678 5,
1953 5609 2078 5677 Hic,
2134 5625 2245 5684 pro

2356 5338 2520 5379 more
2574 5337 2702 5386 suo,
2772 5319 2948 5377 infert
2985 5317 3293 5391 Chrysost.
3361 5323 3404 5375 t.
3477 5315 3622 5382 VIII,
3657 5331 3719 5389 p.
3751 5321 3851 5375 446
3882 5321 3938 5383 Β,

2354 5399 2688 5536 44ἷ2ῗ).ιῖαί,
2720 5467 2856 5520 ante
2887 5464 2912 5514 ὀ
2944 5464 3148 5536 Πατὴρ,
3179 5460 3347 5534 quod
3379 5458 3695 5517 Hentenius
3722 5475 3940 5534 expres-

2355 5533 2445 5601 sit,
2473 5533 2682 5594 neuter
2732 5549 3008 5592 meorum
3037 5533 3241 5590 habet.

661 5784 760 5856 (lt)
781 5783 892 5840 Sed
917 5782 1184 5850 malitiae,
1223 5789 1330 5841 etc.
1362 5781 1664 5855 Siquidem
1694 5781 1902 5840 omnia
1920 5782 2203 5839 everteret
2231 5777 2585 5850 etdejiceret.
