  <div class='ocr_page' id='page_1' title='image "/cluster/home/n/w/nwhite01/storage/ocr_20150623/129/mdp.39015061528470/744.png"; bbox 0 0 4130 6320; ppageno 0'>
   <div class='ocr_carea' id='block_1_1' title="bbox 211 371 349 433">
    <p class='ocr_par' dir='ltr' id='par_1_1' title="bbox 211 371 349 433">
     <span class='ocr_line' id='line_1_1' title="bbox 211 371 349 433; baseline 0.007 -1"><span class='ocrx_word' id='word_1_1' title='bbox 211 371 349 433; x_wconf 72' lang='grc'><strong>1409</strong></span> 
     </span>
    </p>
   </div>
   <div class='ocr_carea' id='block_1_2' title="bbox 1199 360 2530 431">
    <p class='ocr_par' dir='ltr' id='par_1_2' title="bbox 1199 360 2530 431">
     <span class='ocr_line' id='line_1_2' title="bbox 1199 360 2530 431; baseline -0.002 -2"><span class='ocrx_word' id='word_1_2' title='bbox 1199 362 1569 430; x_wconf 66' lang='lat' dir='ltr'><strong>COMMENT.</strong></span> <span class='ocrx_word' id='word_1_3' title='bbox 1613 361 1679 429; x_wconf 82' lang='lat' dir='ltr'><strong>1N</strong></span> <span class='ocrx_word' id='word_1_4' title='bbox 1714 360 2066 431; x_wconf 82' lang='lat' dir='ltr'><strong>JOANNEM.</strong></span> <span class='ocrx_word' id='word_1_5' title='bbox 2106 402 2176 415; x_wconf 93' lang='lat'><strong>—</strong></span> <span class='ocrx_word' id='word_1_6' title='bbox 2214 362 2372 428; x_wconf 81' lang='lat' dir='ltr'><strong>CAP.</strong></span> <span class='ocrx_word' id='word_1_7' title='bbox 2412 364 2530 427; x_wconf 77' lang='lat' dir='ltr'><strong>xv.</strong></span> 
     </span>
    </p>
   </div>
   <div class='ocr_carea' id='block_1_3' title="bbox 3434 367 3573 430">
    <p class='ocr_par' dir='ltr' id='par_1_3' title="bbox 3434 367 3573 430">
     <span class='ocr_line' id='line_1_3' title="bbox 3434 367 3573 430; baseline 0.007 -1"><span class='ocrx_word' id='word_1_8' title='bbox 3434 367 3573 430; x_wconf 74' lang='grc'><strong>1410</strong></span> 
     </span>
    </p>
   </div>
   <div class='ocr_carea' id='block_1_4' title="bbox 210 489 1829 575">
    <p class='ocr_par' dir='ltr' id='par_1_4' title="bbox 210 496 1803 575">
     <span class='ocr_line' id='line_1_4' title="bbox 210 496 1803 575; baseline -0.004 -20"><span class='ocrx_word' id='word_1_9' title='bbox 210 502 432 575; x_wconf 82' lang='grc' dir='ltr'>μελείας.</span> <span class='ocrx_word' id='word_1_10' title='bbox 459 507 542 570; x_wconf 83' lang='grc' dir='ltr'><strong>Τῷ</strong></span> <span class='ocrx_word' id='word_1_11' title='bbox 570 503 737 571; x_wconf 78' lang='grc' dir='ltr'>Πατρὶ</span> <span class='ocrx_word' id='word_1_12' title='bbox 761 496 819 551; x_wconf 70' lang='grc' dir='ltr'><strong>δὲ</strong></span> <span class='ocrx_word' id='word_1_13' title='bbox 844 502 937 557; x_wconf 76' lang='grc' dir='ltr'>τὴν</span> <span class='ocrx_word' id='word_1_14' title='bbox 960 497 1247 571; x_wconf 83' lang='grc' dir='ltr'>ἐπιμέλειαν</span> <span class='ocrx_word' id='word_1_15' title='bbox 1278 498 1445 551; x_wconf 74' lang='grc' dir='ltr'>αὐτῶν</span> <span class='ocrx_word' id='word_1_16' title='bbox 1479 497 1803 564; x_wconf 80' lang='grc' dir='ltr'><strong>ἀνατίθησιν,</strong></span> 
     </span>
    </p>
   </div>
   <div class='ocr_carea' id='block_1_5' title="bbox 1957 489 3569 575">
    <p class='ocr_par' dir='ltr' id='par_1_5' title="bbox 1961 489 3569 570">
     <span class='ocr_line' id='line_1_5' title="bbox 1961 489 3569 570; baseline 0.003 -19"><span class='ocrx_word' id='word_1_17' title='bbox 1961 494 2071 551; x_wconf 90' lang='lat' dir='ltr'><strong>atri</strong></span> <span class='ocrx_word' id='word_1_18' title='bbox 2098 499 2296 552; x_wconf 88' lang='lat' dir='ltr'><strong>autem</strong></span> <span class='ocrx_word' id='word_1_19' title='bbox 2320 510 2524 550; x_wconf 87' lang='lat' dir='ltr'><strong>curam</strong></span> <span class='ocrx_word' id='word_1_20' title='bbox 2545 508 2754 551; x_wconf 89' lang='lat' dir='ltr'><strong>eorum</strong></span> <span class='ocrx_word' id='word_1_21' title='bbox 2785 489 3072 566; x_wconf 79' lang='lat' dir='ltr'><strong>attribuit,</strong></span> <span class='ocrx_word' id='word_1_22' title='bbox 3101 499 3394 570; x_wconf 85' lang='lat' dir='ltr'><strong>tanquam</strong></span> <span class='ocrx_word' id='word_1_23' title='bbox 3427 501 3569 568; x_wconf 88' lang='lat' dir='ltr'><strong>Deo,</strong></span> 
     </span>
    </p>
   </div>
   <div class='ocr_carea' id='block_1_6' title="bbox 212 584 1810 662">
    <p class='ocr_par' dir='ltr' id='par_1_6' title="bbox 212 584 1810 662">
     <span class='ocr_line' id='line_1_6' title="bbox 212 584 1810 662; baseline -0.001 -21"><span class='ocrx_word' id='word_1_24' title='bbox 212 593 277 650; x_wconf 86' lang='grc' dir='ltr'>ὡς</span> <span class='ocrx_word' id='word_1_25' title='bbox 309 597 453 659; x_wconf 79' lang='grc' dir='ltr'><strong>Θεῷ·</strong></span> <span class='ocrx_word' id='word_1_26' title='bbox 500 584 707 650; x_wconf 76' lang='grc' dir='ltr'>δεικνύς</span> <span class='ocrx_word' id='word_1_27' title='bbox 737 589 816 640; x_wconf 86' lang='grc' dir='ltr'>ὅτι</span> <span class='ocrx_word' id='word_1_28' title='bbox 850 594 1088 659; x_wconf 74' lang='grc' dir='ltr'><strong>συνεργεῖ</strong></span> <span class='ocrx_word' id='word_1_29' title='bbox 1130 595 1235 648; x_wconf 88' lang='grc' dir='ltr'>τοῖς</span> <span class='ocrx_word' id='word_1_30' title='bbox 1279 595 1673 662; x_wconf 72' lang='grc' dir='ltr'>καρποφοροῡσι</span> <span class='ocrx_word' id='word_1_31' title='bbox 1720 592 1810 639; x_wconf 84' lang='grc' dir='ltr'>καὶ</span> 
     </span>
    </p>
   </div>
   <div class='ocr_carea' id='block_1_7' title="bbox 211 678 1173 751">
    <p class='ocr_par' dir='ltr' id='par_1_7' title="bbox 211 678 1173 751">
     <span class='ocr_line' id='line_1_7' title="bbox 211 678 1173 751; baseline 0 -22"><span class='ocrx_word' id='word_1_32' title='bbox 211 678 420 740; x_wconf 79' lang='grc' dir='ltr'><strong>κολάζει</strong></span> <span class='ocrx_word' id='word_1_33' title='bbox 446 681 561 737; x_wconf 73' lang='grc' dir='ltr'>τοὺς</span> <span class='ocrx_word' id='word_1_34' title='bbox 591 682 660 749; x_wconf 78' lang='grc' dir='ltr'>μὴ</span> <span class='ocrx_word' id='word_1_35' title='bbox 694 686 1173 751; x_wconf 77' lang='grc' dir='ltr'>καρποφορούντας,</span> 
     </span>
    </p>
   </div>
   <div class='ocr_carea' id='block_1_8' title="bbox 286 764 1812 840">
    <p class='ocr_par' dir='ltr' id='par_1_8' title="bbox 286 764 1812 840">
     <span class='ocr_line' id='line_1_8' title="bbox 286 764 1812 840; baseline -0.001 -21"><span class='ocrx_word' id='word_1_36' title='bbox 286 773 394 820; x_wconf 87' lang='grc' dir='ltr'><strong>Πᾶν</strong></span> <span class='ocrx_word' id='word_1_37' title='bbox 447 798 509 807; x_wconf 95' lang='grc'><strong><em>-</em></strong></span> <span class='ocrx_word' id='word_1_38' title='bbox 549 770 683 840; x_wconf 87' lang='grc' dir='ltr'>α’ίρει</span> <span class='ocrx_word' id='word_1_39' title='bbox 735 766 883 821; x_wconf 84' lang='grc' dir='ltr'>αύτό.</span> <span class='ocrx_word' id='word_1_40' title='bbox 928 772 1033 818; x_wconf 85' lang='grc' dir='ltr'><strong>Πᾶν</strong></span> <span class='ocrx_word' id='word_1_41' title='bbox 1079 767 1255 839; x_wconf 80' lang='grc' dir='ltr'>κλῆμα</span> <span class='ocrx_word' id='word_1_42' title='bbox 1311 764 1359 817; x_wconf 80' lang='grc' dir='ltr'>ἐν</span> <span class='ocrx_word' id='word_1_43' title='bbox 1418 767 1534 839; x_wconf 84' lang='grc' dir='ltr'>ἐμοὶ</span> <span class='ocrx_word' id='word_1_44' title='bbox 1584 764 1812 838; x_wconf 83' lang='grc' dir='ltr'>βλαστῆ-</span> 
     </span>
    </p>
   </div>
   <div class='ocr_carea' id='block_1_9' title="bbox 217 853 1810 928">
    <p class='ocr_par' dir='ltr' id='par_1_9' title="bbox 217 853 1810 928">
     <span class='ocr_line' id='line_1_9' title="bbox 217 853 1810 928; baseline -0.001 -20"><span class='ocrx_word' id='word_1_45' title='bbox 217 876 335 925; x_wconf 82' lang='grc' dir='ltr'>σαν,</span> <span class='ocrx_word' id='word_1_46' title='bbox 380 861 468 908; x_wconf 84' lang='grc' dir='ltr'><strong>καὶ</strong></span> <span class='ocrx_word' id='word_1_47' title='bbox 523 853 617 908; x_wconf 73' lang='grc' dir='ltr'><strong>διὰ</strong></span> <span class='ocrx_word' id='word_1_48' title='bbox 644 860 868 917; x_wconf 86' lang='grc' dir='ltr'>πίστεως</span> <span class='ocrx_word' id='word_1_49' title='bbox 926 858 1179 927; x_wconf 78' lang='grc' dir='ltr'><strong>ἡνωμένον</strong></span> <span class='ocrx_word' id='word_1_50' title='bbox 1210 875 1321 928; x_wconf 90' lang='grc' dir='ltr'>μοι,</span> <span class='ocrx_word' id='word_1_51' title='bbox 1367 860 1437 927; x_wconf 84' lang='grc' dir='ltr'>μὴ</span> <span class='ocrx_word' id='word_1_52' title='bbox 1486 860 1633 927; x_wconf 85' lang='grc' dir='ltr'>φέρον</span> <span class='ocrx_word' id='word_1_53' title='bbox 1686 875 1810 928; x_wconf 92' lang='grc' dir='ltr'>καρ-</span> 
     </span>
    </p>
   </div>
   <div class='ocr_carea' id='block_1_10' title="bbox 214 943 1807 1017">
    <p class='ocr_par' dir='ltr' id='par_1_10' title="bbox 214 943 1807 1017">
     <span class='ocr_line' id='line_1_10' title="bbox 214 943 1807 1017; baseline -0.001 -20"><span class='ocrx_word' id='word_1_54' title='bbox 214 949 333 1013; x_wconf 86' lang='grc' dir='ltr'>πὸν,</span> <span class='ocrx_word' id='word_1_55' title='bbox 396 949 555 1016; x_wconf 78' lang='grc' dir='ltr'>ἤγουν</span> <span class='ocrx_word' id='word_1_56' title='bbox 623 943 821 1017; x_wconf 76' lang='grc' dir='ltr'>ἀρετὰς,</span> <span class='ocrx_word' id='word_1_57' title='bbox 883 943 1120 996; x_wconf 79' lang='grc' dir='ltr'><strong>ἐκκόπτει</strong></span> <span class='ocrx_word' id='word_1_58' title='bbox 1185 944 1311 995; x_wconf 79' lang='grc' dir='ltr'>αύτό</span> <span class='ocrx_word' id='word_1_59' title='bbox 1377 947 1446 1005; x_wconf 83' lang='grc' dir='ltr'>ὡς</span> <span class='ocrx_word' id='word_1_60' title='bbox 1509 945 1807 1016; x_wconf 81' lang='grc' dir='ltr'>ἄχρηστον,</span> 
     </span>
    </p>
   </div>
   <div class='ocr_carea' id='block_1_11' title="bbox 216 1029 1809 1106">
    <p class='ocr_par' dir='ltr' id='par_1_11' title="bbox 216 1029 1809 1106">
     <span class='ocr_line' id='line_1_11' title="bbox 216 1029 1809 1106; baseline -0.001 -21"><span class='ocrx_word' id='word_1_61' title='bbox 216 1040 307 1086; x_wconf 81' lang='grc' dir='ltr'>καὶ</span> <span class='ocrx_word' id='word_1_62' title='bbox 359 1037 523 1106; x_wconf 85' lang='grc' dir='ltr'>πυρός</span> <span class='ocrx_word' id='word_1_63' title='bbox 574 1033 738 1095; x_wconf 79' lang='grc' dir='ltr'>ἄξιον.</span> <span class='ocrx_word' id='word_1_64' title='bbox 794 1036 985 1086; x_wconf 83' lang='grc' dir='ltr'>Λοιπὸν</span> <span class='ocrx_word' id='word_1_65' title='bbox 1044 1029 1131 1084; x_wconf 80' lang='grc' dir='ltr'>οὖν</span> <span class='ocrx_word' id='word_1_66' title='bbox 1178 1039 1279 1095; x_wconf 82' lang='grc' dir='ltr'>πᾶς</span> <span class='ocrx_word' id='word_1_67' title='bbox 1328 1036 1641 1105; x_wconf 76' lang='grc' dir='ltr'>Χριστιανός</span> <span class='ocrx_word' id='word_1_68' title='bbox 1699 1037 1809 1105; x_wconf 77' lang='grc' dir='ltr'>μὲν,</span> 
     </span>
    </p>
   </div>
   <div class='ocr_carea' id='block_1_12' title="bbox 218 1118 1812 1194">
    <p class='ocr_par' dir='ltr' id='par_1_12' title="bbox 218 1118 1812 1194">
     <span class='ocr_line' id='line_1_12' title="bbox 218 1118 1812 1194; baseline 0 -20"><span class='ocrx_word' id='word_1_69' title='bbox 218 1125 452 1194; x_wconf 81' lang='grc' dir='ltr'>ἄκαρπος</span> <span class='ocrx_word' id='word_1_70' title='bbox 499 1118 577 1190; x_wconf 75' lang='grc' dir='ltr'><strong>δὲ,</strong></span> <span class='ocrx_word' id='word_1_71' title='bbox 606 1121 911 1174; x_wconf 81' lang='grc' dir='ltr'><strong>ἐκκέκοπται</strong></span> <span class='ocrx_word' id='word_1_72' title='bbox 943 1122 1055 1190; x_wconf 75' lang='grc'>(25)</span> <span class='ocrx_word' id='word_1_73' title='bbox 1082 1128 1172 1174; x_wconf 73' lang='grc' dir='ltr'>τοῦ</span> <span class='ocrx_word' id='word_1_74' title='bbox 1198 1129 1452 1194; x_wconf 76' lang='grc' dir='ltr'>Χριστοῦ,</span> <span class='ocrx_word' id='word_1_75' title='bbox 1478 1127 1568 1173; x_wconf 84' lang='grc' dir='ltr'>καὶ</span> <span class='ocrx_word' id='word_1_76' title='bbox 1621 1121 1664 1173; x_wconf 84' lang='grc' dir='ltr'>εἰ</span> <span class='ocrx_word' id='word_1_77' title='bbox 1700 1122 1812 1193; x_wconf 71' lang='grc'>(26)</span> 
     </span>
    </p>
   </div>
   <div class='ocr_carea' id='block_1_13' title="bbox 220 1206 1814 1282">
    <p class='ocr_par' dir='ltr' id='par_1_13' title="bbox 220 1206 1814 1282">
     <span class='ocr_line' id='line_1_13' title="bbox 220 1206 1814 1282; baseline -0.001 -20"><span class='ocrx_word' id='word_1_78' title='bbox 220 1208 369 1263; x_wconf 72' lang='grc' dir='ltr'>δοκεῖ</span> <span class='ocrx_word' id='word_1_79' title='bbox 403 1212 661 1282; x_wconf 78' lang='grc' dir='ltr'>συνῆφθαι</span> <span class='ocrx_word' id='word_1_80' title='bbox 705 1210 844 1280; x_wconf 76' lang='grc' dir='ltr'>αύτῷ</span> <span class='ocrx_word' id='word_1_81' title='bbox 886 1206 979 1262; x_wconf 74' lang='grc' dir='ltr'><strong>διὰ</strong></span> <span class='ocrx_word' id='word_1_82' title='bbox 1005 1219 1100 1271; x_wconf 81' lang='grc' dir='ltr'>τῆς</span> <span class='ocrx_word' id='word_1_83' title='bbox 1137 1214 1373 1275; x_wconf 82' lang='grc' dir='ltr'>πίστεως,</span> <span class='ocrx_word' id='word_1_84' title='bbox 1407 1215 1496 1262; x_wconf 82' lang='grc' dir='ltr'><strong>καὶ</strong></span> <span class='ocrx_word' id='word_1_85' title='bbox 1529 1219 1598 1281; x_wconf 80' lang='grc' dir='ltr'>τῷ</span> <span class='ocrx_word' id='word_1_86' title='bbox 1628 1209 1814 1281; x_wconf 80' lang='grc' dir='ltr'><strong>αἰωνίῳ</strong></span> 
     </span>
    </p>
   </div>
   <div class='ocr_carea' id='block_1_14' title="bbox 222 1305 806 1379">
    <p class='ocr_par' dir='ltr' id='par_1_14' title="bbox 222 1305 806 1379">
     <span class='ocr_line' id='line_1_14' title="bbox 222 1305 806 1379; baseline 0.002 -27"><span class='ocrx_word' id='word_1_87' title='bbox 222 1306 348 1374; x_wconf 85' lang='grc' dir='ltr'>πυρὶ</span> <span class='ocrx_word' id='word_1_88' title='bbox 379 1305 678 1374; x_wconf 80' lang='grc' dir='ltr'>τετήρηται.</span> <span class='ocrx_word' id='word_1_89' title='bbox 798 1371 806 1379; x_wconf 37' lang='lat'><em>.</em></span> 
     </span>
    </p>
   </div>
   <div class='ocr_carea' id='block_1_15' title="bbox 298 1385 1813 1463">
    <p class='ocr_par' dir='ltr' id='par_1_15' title="bbox 298 1385 1813 1463">
     <span class='ocr_line' id='line_1_15' title="bbox 298 1385 1813 1463; baseline -0.004 -20"><span class='ocrx_word' id='word_1_90' title='bbox 298 1396 395 1443; x_wconf 85' lang='grc' dir='ltr'><strong>Καὶ</strong></span> <span class='ocrx_word' id='word_1_91' title='bbox 444 1422 510 1430; x_wconf 95' lang='grc'><strong><em>-</em></strong></span> <span class='ocrx_word' id='word_1_92' title='bbox 542 1394 688 1462; x_wconf 68' lang='grc' dir='ltr'>φέρῃ.</span> <span class='ocrx_word' id='word_1_93' title='bbox 745 1390 993 1462; x_wconf 81' lang='grc' dir='ltr'>Καθαίρει</span> <span class='ocrx_word' id='word_1_94' title='bbox 1036 1388 1161 1440; x_wconf 83' lang='grc' dir='ltr'>αύτὸ</span> <span class='ocrx_word' id='word_1_95' title='bbox 1211 1385 1303 1440; x_wconf 76' lang='grc' dir='ltr'><strong>διὰ</strong></span> <span class='ocrx_word' id='word_1_96' title='bbox 1345 1396 1444 1440; x_wconf 85' lang='grc' dir='ltr'><strong>τῶν</strong></span> <span class='ocrx_word' id='word_1_97' title='bbox 1495 1395 1813 1463; x_wconf 82' lang='grc' dir='ltr'>πειρασμῶν,</span> 
     </span>
    </p>
   </div>
   <div class='ocr_carea' id='block_1_16' title="bbox 223 1474 1820 1551">
    <p class='ocr_par' dir='ltr' id='par_1_16' title="bbox 223 1474 1820 1551">
     <span class='ocr_line' id='line_1_16' title="bbox 223 1474 1820 1551; baseline -0.003 -20"><span class='ocrx_word' id='word_1_98' title='bbox 223 1487 553 1551; x_wconf 80' lang='grc' dir='ltr'>παραχωρῶν</span> <span class='ocrx_word' id='word_1_99' title='bbox 607 1477 890 1549; x_wconf 75' lang='grc' dir='ltr'><strong>ἐπάγεσθαι</strong></span> <span class='ocrx_word' id='word_1_100' title='bbox 950 1480 1159 1538; x_wconf 77' lang='grc' dir='ltr'>τούτους</span> <span class='ocrx_word' id='word_1_101' title='bbox 1209 1477 1367 1547; x_wconf 83' lang='grc' dir='ltr'>αύτῷ,</span> <span class='ocrx_word' id='word_1_102' title='bbox 1401 1483 1500 1529; x_wconf 83' lang='grc' dir='ltr'>πᾶν</span> <span class='ocrx_word' id='word_1_103' title='bbox 1554 1480 1643 1549; x_wconf 71' lang='grc' dir='ltr'>μὲν</span> <span class='ocrx_word' id='word_1_104' title='bbox 1694 1474 1820 1548; x_wconf 80' lang='grc' dir='ltr'>βλα-</span> 
     </span>
    </p>
   </div>
   <div class='ocr_carea' id='block_1_17' title="bbox 225 1564 1820 1642">
    <p class='ocr_par' dir='ltr' id='par_1_17' title="bbox 225 1564 1820 1642">
     <span class='ocr_line' id='line_1_17' title="bbox 225 1564 1820 1642; baseline -0.001 -23"><span class='ocrx_word' id='word_1_105' title='bbox 225 1568 370 1642; x_wconf 78' lang='grc' dir='ltr'>ϐερόν</span> <span class='ocrx_word' id='word_1_106' title='bbox 416 1566 740 1632; x_wconf 83' lang='grc' dir='ltr'>ἀποξέοντας,</span> <span class='ocrx_word' id='word_1_107' title='bbox 780 1572 953 1618; x_wconf 84' lang='grc' dir='ltr'>πᾶσαν</span> <span class='ocrx_word' id='word_1_108' title='bbox 1008 1564 1065 1617; x_wconf 71' lang='grc' dir='ltr'><strong>δὲ</strong></span> <span class='ocrx_word' id='word_1_109' title='bbox 1126 1564 1445 1640; x_wconf 76' lang='grc' dir='ltr'>στερρότητα</span> <span class='ocrx_word' id='word_1_110' title='bbox 1474 1571 1562 1617; x_wconf 85' lang='grc' dir='ltr'><strong>καὶ</strong></span> <span class='ocrx_word' id='word_1_111' title='bbox 1612 1568 1820 1635; x_wconf 69' lang='grc' dir='ltr'>γόνιμό-</span> 
     </span>
    </p>
   </div>
   <div class='ocr_carea' id='block_1_18' title="bbox 226 1651 1820 1729">
    <p class='ocr_par' dir='ltr' id='par_1_18' title="bbox 226 1651 1820 1729">
     <span class='ocr_line' id='line_1_18' title="bbox 226 1651 1820 1729; baseline -0.002 -21"><span class='ocrx_word' id='word_1_112' title='bbox 226 1677 360 1714; x_wconf 85' lang='grc' dir='ltr'>τητα</span> <span class='ocrx_word' id='word_1_113' title='bbox 411 1656 640 1716; x_wconf 86' lang='grc' dir='ltr'>πλείονος</span> <span class='ocrx_word' id='word_1_114' title='bbox 697 1654 883 1729; x_wconf 83' lang='grc' dir='ltr'>ἀρετῆς</span> <span class='ocrx_word' id='word_1_115' title='bbox 933 1654 1290 1728; x_wconf 74' lang='grc' dir='ltr'>ἐμποιοῦντας.</span> <span class='ocrx_word' id='word_1_116' title='bbox 1323 1654 1433 1707; x_wconf 80' lang='grc' dir='ltr'>Ἰνα</span> <span class='ocrx_word' id='word_1_117' title='bbox 1477 1651 1536 1706; x_wconf 74' lang='grc' dir='ltr'><strong>δὲ</strong></span> <span class='ocrx_word' id='word_1_118' title='bbox 1581 1658 1653 1725; x_wconf 80' lang='grc' dir='ltr'>μὴ</span> <span class='ocrx_word' id='word_1_119' title='bbox 1687 1655 1820 1705; x_wconf 88' lang='grc' dir='ltr'>ύπο-</span> 
     </span>
    </p>
   </div>
   <div class='ocr_carea' id='block_1_19' title="bbox 225 1741 1819 1819">
    <p class='ocr_par' dir='ltr' id='par_1_19' title="bbox 225 1741 1819 1819">
     <span class='ocr_line' id='line_1_19' title="bbox 225 1741 1819 1819; baseline -0.003 -22"><span class='ocrx_word' id='word_1_120' title='bbox 225 1745 454 1797; x_wconf 75' lang='grc' dir='ltr'>λάϐωσιν</span> <span class='ocrx_word' id='word_1_121' title='bbox 519 1744 785 1819; x_wconf 77' lang='grc' dir='ltr'><strong>ἀκάρπους</strong></span> <span class='ocrx_word' id='word_1_122' title='bbox 848 1741 976 1795; x_wconf 79' lang='grc' dir='ltr'>εἶναί</span> <span class='ocrx_word' id='word_1_123' title='bbox 1037 1764 1178 1805; x_wconf 90' lang='grc' dir='ltr'>τινας</span> <span class='ocrx_word' id='word_1_124' title='bbox 1258 1743 1445 1809; x_wconf 86' lang='grc' dir='ltr'>αύτῶν,</span> <span class='ocrx_word' id='word_1_125' title='bbox 1508 1749 1597 1794; x_wconf 87' lang='grc' dir='ltr'>καὶ</span> <span class='ocrx_word' id='word_1_126' title='bbox 1667 1742 1819 1795; x_wconf 88' lang='grc' dir='ltr'>πάλιν</span> 
     </span>
    </p>
   </div>
   <div class='ocr_carea' id='block_1_20' title="bbox 1919 583 3574 656">
    <p class='ocr_par' dir='ltr' id='par_1_20' title="bbox 1919 583 3574 656">
     <span class='ocr_line' id='line_1_20' title="bbox 1919 583 3574 656; baseline 0.004 -16"><span class='ocrx_word' id='word_1_127' title='bbox 1919 585 2239 641; x_wconf 88' lang='lat' dir='ltr'><strong>ostendens</strong></span> <span class='ocrx_word' id='word_1_128' title='bbox 2260 584 2414 656; x_wconf 91' lang='lat' dir='ltr'><strong>quod</strong></span> <span class='ocrx_word' id='word_1_129' title='bbox 2445 583 2538 639; x_wconf 90' lang='lat' dir='ltr'><strong>his</strong></span> <span class='ocrx_word' id='word_1_130' title='bbox 2564 584 2663 655; x_wconf 87' lang='lat' dir='ltr'><strong>qui</strong></span> <span class='ocrx_word' id='word_1_131' title='bbox 2692 583 3046 641; x_wconf 78' lang='lat' dir='ltr'><strong>fructiﬁcant</strong></span> <span class='ocrx_word' id='word_1_132' title='bbox 3069 586 3281 643; x_wconf 82' lang='lat' dir='ltr'><strong>auxilio</strong></span> <span class='ocrx_word' id='word_1_133' title='bbox 3306 595 3412 655; x_wconf 89' lang='lat' dir='ltr'><strong>est,</strong></span> <span class='ocrx_word' id='word_1_134' title='bbox 3442 604 3574 646; x_wconf 89' lang='lat' dir='ltr'><strong>eos-</strong></span> 
     </span>
    </p>
   </div>
   <div class='ocr_carea' id='block_1_21' title="bbox 1920 672 3063 745">
    <p class='ocr_par' dir='ltr' id='par_1_21' title="bbox 1920 672 3063 745">
     <span class='ocr_line' id='line_1_21' title="bbox 1920 672 3063 745; baseline 0.003 -17"><span class='ocrx_word' id='word_1_135' title='bbox 1920 689 2036 745; x_wconf 89' lang='lat' dir='ltr'><strong>que</strong></span> <span class='ocrx_word' id='word_1_136' title='bbox 2067 672 2239 745; x_wconf 89' lang='lat' dir='ltr'><strong>punit</strong></span> <span class='ocrx_word' id='word_1_137' title='bbox 2266 674 2373 745; x_wconf 89' lang='lat' dir='ltr'><strong>qui</strong></span> <span class='ocrx_word' id='word_1_138' title='bbox 2402 672 2658 729; x_wconf 82' lang='lat' dir='ltr'><strong>fructum</strong></span> <span class='ocrx_word' id='word_1_139' title='bbox 2690 688 2812 729; x_wconf 93' lang='lat' dir='ltr'><strong>non</strong></span> <span class='ocrx_word' id='word_1_140' title='bbox 2844 673 3063 732; x_wconf 89' lang='lat' dir='ltr'><strong>ferunt.</strong></span> 
     </span>
    </p>
   </div>
   <div class='ocr_carea' id='block_1_22' title="bbox 1991 762 3574 839">
    <p class='ocr_par' dir='ltr' id='par_1_22' title="bbox 1991 762 3574 839">
     <span class='ocr_line' id='line_1_22' title="bbox 1991 762 3574 839; baseline 0.004 -23"><span class='ocrx_word' id='word_1_141' title='bbox 1991 762 2159 817; x_wconf 81' lang='lat' dir='ltr'><strong>Vers.</strong></span> <span class='ocrx_word' id='word_1_142' title='bbox 2183 766 2234 816; x_wconf 87' lang='lat'><strong>2.</strong></span> <span class='ocrx_word' id='word_1_143' title='bbox 2271 764 2588 817; x_wconf 81' lang='lat' dir='ltr'><strong>Omnem—</strong></span> <span class='ocrx_word' id='word_1_144' title='bbox 2614 762 2793 818; x_wconf 74' lang='lat' dir='ltr'><strong>tollit.</strong></span> <span class='ocrx_word' id='word_1_145' title='bbox 2823 762 3076 819; x_wconf 87' lang='lat' dir='ltr'><strong>Omnem</strong></span> <span class='ocrx_word' id='word_1_146' title='bbox 3106 763 3435 836; x_wconf 84' lang='lat' dir='ltr'><strong>palmitem,</strong></span> <span class='ocrx_word' id='word_1_147' title='bbox 3467 766 3574 839; x_wconf 86' lang='lat' dir='ltr'><strong>qui</strong></span> 
     </span>
    </p>
   </div>
   <div class='ocr_carea' id='block_1_23' title="bbox 1919 849 3572 923">
    <p class='ocr_par' dir='ltr' id='par_1_23' title="bbox 1919 849 3572 923">
     <span class='ocr_line' id='line_1_23' title="bbox 1919 849 3572 923; baseline 0.004 -18"><span class='ocrx_word' id='word_1_148' title='bbox 1919 866 1991 905; x_wconf 86' lang='lat' dir='ltr'><strong>ex</strong></span> <span class='ocrx_word' id='word_1_149' title='bbox 2022 866 2117 905; x_wconf 91' lang='lat' dir='ltr'><strong>me</strong></span> <span class='ocrx_word' id='word_1_150' title='bbox 2166 850 2532 921; x_wconf 81' lang='lat' dir='ltr'><strong>germinavit,</strong></span> <span class='ocrx_word' id='word_1_151' title='bbox 2576 849 2845 923; x_wconf 81' lang='lat' dir='ltr'><strong>mihique</strong></span> <span class='ocrx_word' id='word_1_152' title='bbox 2884 866 2987 922; x_wconf 91' lang='lat' dir='ltr'><strong>per</strong></span> <span class='ocrx_word' id='word_1_153' title='bbox 3016 850 3194 907; x_wconf 83' lang='lat' dir='ltr'><strong>ﬁdem</strong></span> <span class='ocrx_word' id='word_1_154' title='bbox 3237 855 3436 909; x_wconf 88' lang='lat' dir='ltr'><strong>unitus</strong></span> <span class='ocrx_word' id='word_1_155' title='bbox 3465 859 3572 921; x_wconf 92' lang='lat' dir='ltr'><strong>est,</strong></span> 
     </span>
    </p>
   </div>
   <div class='ocr_carea' id='block_1_24' title="bbox 1920 938 3575 1011">
    <p class='ocr_par' dir='ltr' id='par_1_24' title="bbox 1920 938 3575 1011">
     <span class='ocr_line' id='line_1_24' title="bbox 1920 938 3575 1011; baseline 0.003 -16"><span class='ocrx_word' id='word_1_156' title='bbox 1920 955 2030 995; x_wconf 91' lang='lat' dir='ltr'><strong>nec</strong></span> <span class='ocrx_word' id='word_1_157' title='bbox 2062 943 2316 995; x_wconf 82' lang='lat' dir='ltr'><strong>fructum</strong></span> <span class='ocrx_word' id='word_1_158' title='bbox 2348 938 2533 1003; x_wconf 78' lang='lat' dir='ltr'><strong>affert,</strong></span> <span class='ocrx_word' id='word_1_159' title='bbox 2557 939 2840 995; x_wconf 85' lang='lat' dir='ltr'><strong>exscindit</strong></span> <span class='ocrx_word' id='word_1_160' title='bbox 2868 946 3150 1011; x_wconf 88' lang='lat' dir='ltr'><strong>tanquam</strong></span> <span class='ocrx_word' id='word_1_161' title='bbox 3202 942 3472 1000; x_wconf 82' lang='lat' dir='ltr'><strong>inutilem</strong></span> <span class='ocrx_word' id='word_1_162' title='bbox 3504 959 3575 1000; x_wconf 89' lang='lat' dir='ltr'><strong>ac</strong></span> 
     </span>
    </p>
   </div>
   <div class='ocr_carea' id='block_1_25' title="bbox 1922 1026 3577 1102">
    <p class='ocr_par' dir='ltr' id='par_1_25' title="bbox 1922 1026 3577 1102">
     <span class='ocr_line' id='line_1_25' title="bbox 1922 1026 3577 1102; baseline 0.003 -19"><span class='ocrx_word' id='word_1_163' title='bbox 1922 1027 2171 1098; x_wconf 90' lang='lat' dir='ltr'><strong>dignum</strong></span> <span class='ocrx_word' id='word_1_164' title='bbox 2211 1026 2369 1097; x_wconf 84' lang='lat' dir='ltr'><strong>igne.</strong></span> <span class='ocrx_word' id='word_1_165' title='bbox 2397 1027 2603 1083; x_wconf 83' lang='lat' dir='ltr'><strong>Omnis</strong></span> <span class='ocrx_word' id='word_1_166' title='bbox 2625 1029 2829 1099; x_wconf 84' lang='lat' dir='ltr'><strong>itaque</strong></span> <span class='ocrx_word' id='word_1_167' title='bbox 2858 1028 3240 1098; x_wconf 87' lang='lat' dir='ltr'><strong>christianus,</strong></span> <span class='ocrx_word' id='word_1_168' title='bbox 3260 1032 3363 1102; x_wconf 89' lang='lat' dir='ltr'><strong>qui</strong></span> <span class='ocrx_word' id='word_1_169' title='bbox 3388 1031 3577 1088; x_wconf 89' lang='lat' dir='ltr'><strong>infru-</strong></span> 
     </span>
    </p>
   </div>
   <div class='ocr_carea' id='block_1_26' title="bbox 1923 1116 3579 1192">
    <p class='ocr_par' dir='ltr' id='par_1_26' title="bbox 1923 1116 3579 1192">
     <span class='ocr_line' id='line_1_26' title="bbox 1923 1116 3579 1192; baseline 0.003 -20"><span class='ocrx_word' id='word_1_170' title='bbox 1923 1122 2168 1173; x_wconf 89' lang='lat' dir='ltr'><strong>ctuosus</strong></span> <span class='ocrx_word' id='word_1_171' title='bbox 2198 1121 2307 1182; x_wconf 88' lang='lat' dir='ltr'><strong>est,</strong></span> <span class='ocrx_word' id='word_1_172' title='bbox 2344 1133 2380 1172; x_wconf 92' lang='lat' dir='ltr'><strong>a</strong></span> <span class='ocrx_word' id='word_1_173' title='bbox 2411 1116 2640 1172; x_wconf 83' lang='lat' dir='ltr'><strong>Christo</strong></span> <span class='ocrx_word' id='word_1_174' title='bbox 2669 1118 2908 1173; x_wconf 82' lang='lat' dir='ltr'><strong>excisus</strong></span> <span class='ocrx_word' id='word_1_175' title='bbox 2947 1124 3057 1184; x_wconf 87' lang='lat' dir='ltr'><strong>est,</strong></span> <span class='ocrx_word' id='word_1_176' title='bbox 3091 1135 3440 1192; x_wconf 84' lang='lat' dir='ltr'><strong>quanquam</strong></span> <span class='ocrx_word' id='word_1_177' title='bbox 3471 1136 3579 1192; x_wconf 91' lang='lat' dir='ltr'><strong>per</strong></span> 
     </span>
    </p>
   </div>
   <div class='ocr_carea' id='block_1_27' title="bbox 1926 1204 3579 1279">
    <p class='ocr_par' dir='ltr' id='par_1_27' title="bbox 1926 1204 3579 1279">
     <span class='ocr_line' id='line_1_27' title="bbox 1926 1204 3579 1279; baseline 0.003 -20"><span class='ocrx_word' id='word_1_178' title='bbox 1926 1204 2102 1262; x_wconf 84' lang='lat' dir='ltr'><strong>ﬁdem</strong></span> <span class='ocrx_word' id='word_1_179' title='bbox 2130 1204 2214 1260; x_wconf 88' lang='lat' dir='ltr'><strong>illi</strong></span> <span class='ocrx_word' id='word_1_180' title='bbox 2242 1206 2603 1277; x_wconf 87' lang='lat' dir='ltr'><strong>conjunctus</strong></span> <span class='ocrx_word' id='word_1_181' title='bbox 2633 1221 2765 1263; x_wconf 89' lang='lat' dir='ltr'><strong>esse</strong></span> <span class='ocrx_word' id='word_1_182' title='bbox 2798 1205 3062 1264; x_wconf 87' lang='lat' dir='ltr'><strong>videatur</strong></span> <span class='ocrx_word' id='word_1_183' title='bbox 3100 1213 3157 1264; x_wconf 90' lang='lat' dir='ltr'><strong>et</strong></span> <span class='ocrx_word' id='word_1_184' title='bbox 3196 1214 3420 1265; x_wconf 58' lang='lat' dir='ltr'><strong>aeterno</strong></span> <span class='ocrx_word' id='word_1_185' title='bbox 3460 1208 3579 1279; x_wconf 91' lang='lat' dir='ltr'><strong>igni</strong></span> 
     </span>
    </p>
   </div>
   <div class='ocr_carea' id='block_1_28' title="bbox 1924 1299 2385 1351">
    <p class='ocr_par' dir='ltr' id='par_1_28' title="bbox 1924 1299 2385 1351">
     <span class='ocr_line' id='line_1_28' title="bbox 1924 1299 2385 1351; baseline 0.004 -2"><span class='ocrx_word' id='word_1_186' title='bbox 1924 1299 2254 1351; x_wconf 83' lang='lat' dir='ltr'><strong>reservatus</strong></span> <span class='ocrx_word' id='word_1_187' title='bbox 2275 1301 2385 1351; x_wconf 90' lang='lat' dir='ltr'><strong>est.</strong></span> 
     </span>
    </p>
   </div>
   <div class='ocr_carea' id='block_1_29' title="bbox 2000 1383 3581 1459">
    <p class='ocr_par' dir='ltr' id='par_1_29' title="bbox 2000 1383 3581 1459">
     <span class='ocr_line' id='line_1_29' title="bbox 2000 1383 3581 1459; baseline 0.004 -20"><span class='ocrx_word' id='word_1_188' title='bbox 2000 1383 2162 1439; x_wconf 89' lang='lat' dir='ltr'><strong>Vers.</strong></span> <span class='ocrx_word' id='word_1_189' title='bbox 2196 1386 2247 1438; x_wconf 87' lang='lat'><strong>2.</strong></span> <span class='ocrx_word' id='word_1_190' title='bbox 2279 1384 2351 1438; x_wconf 90' lang='lat' dir='ltr'><strong>Et</strong></span> <span class='ocrx_word' id='word_1_191' title='bbox 2401 1415 2470 1425; x_wconf 93' lang='lat'>—</span> <span class='ocrx_word' id='word_1_192' title='bbox 2507 1384 2735 1454; x_wconf 74' lang='lat' dir='ltr'><strong>afferat.</strong></span> <span class='ocrx_word' id='word_1_193' title='bbox 2788 1386 3005 1456; x_wconf 85' lang='lat' dir='ltr'><strong>Purgat</strong></span> <span class='ocrx_word' id='word_1_194' title='bbox 3040 1402 3179 1443; x_wconf 92' lang='lat' dir='ltr'><strong>eum</strong></span> <span class='ocrx_word' id='word_1_195' title='bbox 3233 1402 3339 1459; x_wconf 90' lang='lat' dir='ltr'><strong>per</strong></span> <span class='ocrx_word' id='word_1_196' title='bbox 3396 1392 3581 1447; x_wconf 87' lang='lat' dir='ltr'><strong>tenta-</strong></span> 
     </span>
    </p>
   </div>
   <div class='ocr_carea' id='block_1_30' title="bbox 1928 1473 3584 1544">
    <p class='ocr_par' dir='ltr' id='par_1_30' title="bbox 1928 1473 3584 1544">
     <span class='ocr_line' id='line_1_30' title="bbox 1928 1473 3584 1544; baseline 0.004 -15"><span class='ocrx_word' id='word_1_197' title='bbox 1928 1474 2139 1536; x_wconf 90' lang='lat' dir='ltr'><strong>tiones,</strong></span> <span class='ocrx_word' id='word_1_198' title='bbox 2171 1473 2521 1544; x_wconf 88' lang='lat' dir='ltr'><strong>permittens</strong></span> <span class='ocrx_word' id='word_1_199' title='bbox 2540 1479 2603 1529; x_wconf 89' lang='lat' dir='ltr'><strong>ut</strong></span> <span class='ocrx_word' id='word_1_200' title='bbox 2621 1475 2683 1529; x_wconf 94' lang='lat' dir='ltr'><strong>in</strong></span> <span class='ocrx_word' id='word_1_201' title='bbox 2708 1490 2848 1530; x_wconf 93' lang='lat' dir='ltr'><strong>eum</strong></span> <span class='ocrx_word' id='word_1_202' title='bbox 2873 1475 3253 1532; x_wconf 82' lang='lat' dir='ltr'><strong>inducantur.</strong></span> <span class='ocrx_word' id='word_1_203' title='bbox 3274 1475 3392 1533; x_wconf 69' lang='lat' dir='ltr'><strong>Illas</strong></span> <span class='ocrx_word' id='word_1_204' title='bbox 3414 1493 3584 1535; x_wconf 86' lang='lat' dir='ltr'><strong>nam-</strong></span> 
     </span>
    </p>
   </div>
   <div class='ocr_carea' id='block_1_31' title="bbox 1927 1561 3585 1636">
    <p class='ocr_par' dir='ltr' id='par_1_31' title="bbox 1927 1561 3585 1636">
     <span class='ocr_line' id='line_1_31' title="bbox 1927 1561 3585 1636; baseline 0.003 -19"><span class='ocrx_word' id='word_1_205' title='bbox 1927 1578 2045 1634; x_wconf 93' lang='lat' dir='ltr'><strong>que</strong></span> <span class='ocrx_word' id='word_1_206' title='bbox 2066 1563 2225 1633; x_wconf 90' lang='lat' dir='ltr'><strong>quod</strong></span> <span class='ocrx_word' id='word_1_207' title='bbox 2243 1561 2538 1619; x_wconf 87' lang='lat' dir='ltr'><strong>damnum</strong></span> <span class='ocrx_word' id='word_1_208' title='bbox 2558 1562 2751 1630; x_wconf 73' lang='lat' dir='ltr'><strong>affert,</strong></span> <span class='ocrx_word' id='word_1_209' title='bbox 2774 1564 3098 1636; x_wconf 84' lang='lat' dir='ltr'><strong>expoliunt,</strong></span> <span class='ocrx_word' id='word_1_210' title='bbox 3124 1581 3193 1621; x_wconf 89' lang='lat' dir='ltr'><strong>ac</strong></span> <span class='ocrx_word' id='word_1_211' title='bbox 3207 1581 3387 1621; x_wconf 90' lang='lat' dir='ltr'><strong>omne</strong></span> <span class='ocrx_word' id='word_1_212' title='bbox 3402 1566 3585 1623; x_wconf 87' lang='lat' dir='ltr'><strong>robur</strong></span> 
     </span>
    </p>
   </div>
   <div class='ocr_carea' id='block_1_32' title="bbox 1932 1652 3584 1724">
    <p class='ocr_par' dir='ltr' id='par_1_32' title="bbox 1932 1652 3584 1724">
     <span class='ocr_line' id='line_1_32' title="bbox 1932 1652 3584 1724; baseline 0.004 -19"><span class='ocrx_word' id='word_1_213' title='bbox 1932 1652 2342 1724; x_wconf 89' lang='lat' dir='ltr'><strong>majoremque</strong></span> <span class='ocrx_word' id='word_1_214' title='bbox 2388 1652 2673 1707; x_wconf 86' lang='lat' dir='ltr'><strong>virtutum</strong></span> <span class='ocrx_word' id='word_1_215' title='bbox 2710 1652 3070 1710; x_wconf 82' lang='lat' dir='ltr'><strong>fertilitatem</strong></span> <span class='ocrx_word' id='word_1_216' title='bbox 3123 1661 3453 1712; x_wconf 86' lang='lat' dir='ltr'><strong>accersunt.</strong></span> <span class='ocrx_word' id='word_1_217' title='bbox 3502 1658 3584 1712; x_wconf 88' lang='lat' dir='ltr'><strong>Ne</strong></span> 
     </span>
    </p>
   </div>
   <div class='ocr_carea' id='block_1_33' title="bbox 1934 1740 3587 1816">
    <p class='ocr_par' dir='ltr' id='par_1_33' title="bbox 1934 1740 3587 1816">
     <span class='ocr_line' id='line_1_33' title="bbox 1934 1740 3587 1816; baseline 0.003 -20"><span class='ocrx_word' id='word_1_218' title='bbox 1934 1746 2131 1796; x_wconf 85' lang='lat' dir='ltr'><strong>autem</strong></span> <span class='ocrx_word' id='word_1_219' title='bbox 2163 1740 2399 1812; x_wconf 88' lang='lat' dir='ltr'><strong>aliquos</strong></span> <span class='ocrx_word' id='word_1_220' title='bbox 2426 1757 2497 1796; x_wconf 80' lang='lat' dir='ltr'><strong>ex</strong></span> <span class='ocrx_word' id='word_1_221' title='bbox 2519 1740 2663 1813; x_wconf 89' lang='lat' dir='ltr'><strong>ipsis</strong></span> <span class='ocrx_word' id='word_1_222' title='bbox 2687 1741 3093 1799; x_wconf 86' lang='lat' dir='ltr'><strong>infructuosos</strong></span> <span class='ocrx_word' id='word_1_223' title='bbox 3121 1759 3250 1800; x_wconf 87' lang='lat' dir='ltr'><strong>esse</strong></span> <span class='ocrx_word' id='word_1_224' title='bbox 3278 1745 3587 1816; x_wconf 90' lang='lat' dir='ltr'><strong>suspicen-</strong></span> 
     </span>
    </p>
   </div>
   <div class='ocr_carea' id='block_1_34' title="bbox 230 1829 1829 1912">
    <p class='ocr_par' dir='ltr' id='par_1_34' title="bbox 230 1832 1819 1906">
     <span class='ocr_line' id='line_1_34' title="bbox 230 1832 1819 1906; baseline -0.001 -20"><span class='ocrx_word' id='word_1_225' title='bbox 230 1833 564 1906; x_wconf 77' lang='grc' dir='ltr'>θορυϐηθῶσι</span> <span class='ocrx_word' id='word_1_226' title='bbox 594 1838 710 1906; x_wconf 84' lang='grc' dir='ltr'>περὶ</span> <span class='ocrx_word' id='word_1_227' title='bbox 750 1832 937 1885; x_wconf 79' lang='grc' dir='ltr'>ἑαυτῶν</span> <span class='ocrx_word' id='word_1_228' title='bbox 971 1833 1107 1904; x_wconf 72' lang='lat'><strong>(27),</strong></span> <span class='ocrx_word' id='word_1_229' title='bbox 1140 1839 1442 1906; x_wconf 86' lang='grc' dir='ltr'>προαναιρεῐ</span> <span class='ocrx_word' id='word_1_230' title='bbox 1467 1837 1553 1884; x_wconf 89' lang='grc' dir='ltr'><strong>τόν</strong></span> <span class='ocrx_word' id='word_1_231' title='bbox 1592 1840 1819 1884; x_wconf 79' lang='grc' dir='ltr'>τοιούτον</span> 
     </span>
    </p>
   </div>
   <div class='ocr_carea' id='block_1_35' title="bbox 1957 1829 3586 1912">
    <p class='ocr_par' dir='ltr' id='par_1_35' title="bbox 1960 1829 3586 1903">
     <span class='ocr_line' id='line_1_35' title="bbox 1960 1829 3586 1903; baseline 0.003 -18"><span class='ocrx_word' id='word_1_232' title='bbox 1960 1845 2047 1895; x_wconf 88' lang='lat' dir='ltr'><strong>ur,</strong></span> <span class='ocrx_word' id='word_1_233' title='bbox 2080 1836 2258 1902; x_wconf 88' lang='lat' dir='ltr'><strong>atque</strong></span> <span class='ocrx_word' id='word_1_234' title='bbox 2280 1829 2355 1885; x_wconf 90' lang='lat' dir='ltr'><strong>de</strong></span> <span class='ocrx_word' id='word_1_235' title='bbox 2388 1831 2597 1902; x_wconf 88' lang='lat' dir='ltr'><strong>seipsis</strong></span> <span class='ocrx_word' id='word_1_236' title='bbox 2624 1832 2838 1886; x_wconf 89' lang='lat' dir='ltr'><strong>iterum</strong></span> <span class='ocrx_word' id='word_1_237' title='bbox 2868 1832 3201 1899; x_wconf 85' lang='lat' dir='ltr'><strong>turbentur,</strong></span> <span class='ocrx_word' id='word_1_238' title='bbox 3236 1833 3586 1903; x_wconf 88' lang='lat' dir='ltr'><strong>hujusmodi</strong></span> 
     </span>
    </p>
   </div>
   <div class='ocr_carea' id='block_1_36' title="bbox 232 1921 691 1995">
    <p class='ocr_par' dir='ltr' id='par_1_36' title="bbox 232 1921 691 1995">
     <span class='ocr_line' id='line_1_36' title="bbox 232 1921 691 1995; baseline -0.007 -20"><span class='ocrx_word' id='word_1_239' title='bbox 232 1923 469 1995; x_wconf 77' lang='grc' dir='ltr'>θόρυϐον,</span> <span class='ocrx_word' id='word_1_240' title='bbox 498 1921 657 1993; x_wconf 76' lang='grc' dir='ltr'>λέγων</span> <span class='ocrx_word' id='word_1_241' title='bbox 680 1940 691 1951; x_wconf 84' lang='grc'><strong><em>⁸</em></strong></span> 
     </span>
    </p>
   </div>
   <div class='ocr_carea' id='block_1_37' title="bbox 301 2006 1824 2085">
    <p class='ocr_par' dir='ltr' id='par_1_37' title="bbox 301 2006 1824 2085">
     <span class='ocr_line' id='line_1_37' title="bbox 301 2006 1824 2085; baseline -0.003 -21"><span class='ocrx_word' id='word_1_242' title='bbox 301 2009 495 2069; x_wconf 77' lang='grc' dir='ltr'>Ἤδην.</span> <span class='ocrx_word' id='word_1_243' title='bbox 546 2043 614 2051; x_wconf 89' lang='grc'><strong>-</strong></span> <span class='ocrx_word' id='word_1_244' title='bbox 653 2012 794 2083; x_wconf 83' lang='grc' dir='ltr'>ύμῖν.</span> <span class='ocrx_word' id='word_1_245' title='bbox 838 2012 1303 2085; x_wconf 79' lang='grc' dir='ltr'>Περικαθαρθέντες</span> <span class='ocrx_word' id='word_1_246' title='bbox 1331 2018 1401 2081; x_wconf 83' lang='grc' dir='ltr'>τῷ</span> <span class='ocrx_word' id='word_1_247' title='bbox 1457 2006 1824 2080; x_wconf 74' lang='grc' dir='ltr'>διδασκαλικῷ</span> 
     </span>
    </p>
   </div>
   <div class='ocr_carea' id='block_1_38' title="bbox 228 2097 1826 2172">
    <p class='ocr_par' dir='ltr' id='par_1_38' title="bbox 228 2097 1826 2172">
     <span class='ocr_line' id='line_1_38' title="bbox 228 2097 1826 2172; baseline -0.003 -19"><span class='ocrx_word' id='word_1_248' title='bbox 228 2102 365 2172; x_wconf 76' lang='grc' dir='ltr'>λόγῳ</span> <span class='ocrx_word' id='word_1_249' title='bbox 429 2120 550 2172; x_wconf 82' lang='grc' dir='ltr'>μου.</span> <span class='ocrx_word' id='word_1_250' title='bbox 613 2099 765 2172; x_wconf 81' lang='grc' dir='ltr'>Ὀρᾷς</span> <span class='ocrx_word' id='word_1_251' title='bbox 827 2103 906 2152; x_wconf 85' lang='grc' dir='ltr'>ὅτι</span> <span class='ocrx_word' id='word_1_252' title='bbox 969 2099 1013 2151; x_wconf 88' lang='grc' dir='ltr'>εἰ</span> <span class='ocrx_word' id='word_1_253' title='bbox 1073 2104 1162 2151; x_wconf 85' lang='grc' dir='ltr'>καὶ</span> <span class='ocrx_word' id='word_1_254' title='bbox 1214 2099 1441 2171; x_wconf 77' lang='grc' dir='ltr'>ἄμπελός</span> <span class='ocrx_word' id='word_1_255' title='bbox 1489 2099 1647 2163; x_wconf 83' lang='grc' dir='ltr'>ἐστιν,</span> <span class='ocrx_word' id='word_1_256' title='bbox 1701 2097 1826 2149; x_wconf 86' lang='grc' dir='ltr'><strong>ἀλλά</strong></span> 
     </span>
    </p>
   </div>
   <div class='ocr_carea' id='block_1_39' title="bbox 230 2191 1827 2262">
    <p class='ocr_par' dir='ltr' id='par_1_39' title="bbox 230 2191 1827 2262">
     <span class='ocr_line' id='line_1_39' title="bbox 230 2191 1827 2262; baseline -0.001 -21"><span class='ocrx_word' id='word_1_257' title='bbox 230 2195 316 2241; x_wconf 83' lang='grc' dir='ltr'>καὶ</span> <span class='ocrx_word' id='word_1_258' title='bbox 372 2193 615 2262; x_wconf 77' lang='grc' dir='ltr'>γεωργός.</span> <span class='ocrx_word' id='word_1_259' title='bbox 671 2194 823 2247; x_wconf 77' lang='grc' dir='ltr'>Κοινὴ</span> <span class='ocrx_word' id='word_1_260' title='bbox 856 2191 958 2261; x_wconf 69' lang='grc' dir='ltr'><strong>γὰρ</strong></span> <span class='ocrx_word' id='word_1_261' title='bbox 1015 2191 1043 2246; x_wconf 79' lang='grc' dir='ltr'><strong>η</strong></span> <span class='ocrx_word' id='word_1_262' title='bbox 1096 2191 1311 2245; x_wconf 85' lang='grc' dir='ltr'>τοιαύτη</span> <span class='ocrx_word' id='word_1_263' title='bbox 1360 2192 1590 2261; x_wconf 69' lang='grc' dir='ltr'>’γεωργία</span> <span class='ocrx_word' id='word_1_264' title='bbox 1635 2192 1827 2258; x_wconf 81' lang='grc' dir='ltr'>καὶτῷ</span> 
     </span>
    </p>
   </div>
   <div class='ocr_carea' id='block_1_40' title="bbox 234 2274 1823 2352">
    <p class='ocr_par' dir='ltr' id='par_1_40' title="bbox 234 2274 1823 2352">
     <span class='ocr_line' id='line_1_40' title="bbox 234 2274 1823 2352; baseline -0.001 -22"><span class='ocrx_word' id='word_1_265' title='bbox 234 2283 401 2352; x_wconf 85' lang='grc' dir='ltr'>ΙΙατρὶ</span> <span class='ocrx_word' id='word_1_266' title='bbox 442 2283 530 2330; x_wconf 79' lang='grc' dir='ltr'><strong>και</strong></span> <span class='ocrx_word' id='word_1_267' title='bbox 569 2287 640 2349; x_wconf 78' lang='grc' dir='ltr'>τῷ</span> <span class='ocrx_word' id='word_1_268' title='bbox 680 2280 804 2349; x_wconf 79' lang='grc' dir='ltr'><strong>Υἱῷ,</strong></span> <span class='ocrx_word' id='word_1_269' title='bbox 835 2280 1009 2350; x_wconf 84' lang='grc' dir='ltr'>ῶσπερ</span> <span class='ocrx_word' id='word_1_270' title='bbox 1052 2274 1116 2335; x_wconf 77' lang='grc' dir='ltr'><strong>δὴ</strong></span> <span class='ocrx_word' id='word_1_271' title='bbox 1147 2283 1235 2329; x_wconf 82' lang='grc' dir='ltr'>καὶ</span> <span class='ocrx_word' id='word_1_272' title='bbox 1275 2278 1452 2329; x_wconf 80' lang='grc' dir='ltr'>τᾶλλα.</span> <span class='ocrx_word' id='word_1_273' title='bbox 1486 2276 1594 2330; x_wconf 81' lang='grc' dir='ltr'>Ἰνα</span> <span class='ocrx_word' id='word_1_274' title='bbox 1643 2274 1703 2329; x_wconf 76' lang='grc' dir='ltr'><strong>δὲ</strong></span> <span class='ocrx_word' id='word_1_275' title='bbox 1752 2281 1823 2349; x_wconf 82' lang='grc' dir='ltr'>μὴ</span> 
     </span>
    </p>
   </div>
   <div class='ocr_carea' id='block_1_41' title="bbox 231 2364 1826 2438">
    <p class='ocr_par' dir='ltr' id='par_1_41' title="bbox 231 2364 1826 2438">
     <span class='ocr_line' id='line_1_41' title="bbox 231 2364 1826 2438; baseline -0.001 -19"><span class='ocrx_word' id='word_1_276' title='bbox 231 2370 329 2419; x_wconf 87' lang='grc' dir='ltr'><strong>ύπό</strong></span> <span class='ocrx_word' id='word_1_277' title='bbox 380 2375 469 2428; x_wconf 83' lang='grc' dir='ltr'>τῆς</span> <span class='ocrx_word' id='word_1_278' title='bbox 514 2366 702 2427; x_wconf 84' lang='grc' dir='ltr'>πολλῆς</span> <span class='ocrx_word' id='word_1_279' title='bbox 743 2364 940 2428; x_wconf 74' lang='grc' dir='ltr'>δειλίας</span> <span class='ocrx_word' id='word_1_280' title='bbox 994 2366 1373 2438; x_wconf 80' lang='grc' dir='ltr'>ἀποσχισθῶσι</span> <span class='ocrx_word' id='word_1_281' title='bbox 1403 2376 1496 2426; x_wconf 85' lang='grc' dir='ltr'>τῆς</span> <span class='ocrx_word' id='word_1_282' title='bbox 1551 2368 1623 2428; x_wconf 86' lang='grc' dir='ltr'><strong>είς</strong></span> <span class='ocrx_word' id='word_1_283' title='bbox 1673 2367 1826 2418; x_wconf 75' lang='grc' dir='ltr'>αὐτόν</span> 
     </span>
    </p>
   </div>
   <div class='ocr_carea' id='block_1_42' title="bbox 234 2450 1827 2527">
    <p class='ocr_par' dir='ltr' id='par_1_42' title="bbox 234 2450 1827 2527">
     <span class='ocr_line' id='line_1_42' title="bbox 234 2450 1827 2527; baseline -0.003 -18"><span class='ocrx_word' id='word_1_284' title='bbox 234 2462 457 2518; x_wconf 80' lang='grc' dir='ltr'>πίστεως</span> <span class='ocrx_word' id='word_1_285' title='bbox 492 2460 580 2508; x_wconf 86' lang='grc' dir='ltr'>καὶ</span> <span class='ocrx_word' id='word_1_286' title='bbox 628 2462 876 2527; x_wconf 83' lang='grc' dir='ltr'>σχέσεως,</span> <span class='ocrx_word' id='word_1_287' title='bbox 924 2458 1321 2527; x_wconf 83' lang='grc' dir='ltr'>κεχαυνωμένην</span> <span class='ocrx_word' id='word_1_288' title='bbox 1371 2456 1536 2506; x_wconf 65' lang='grc' dir='ltr'>αὐτῶν</span> <span class='ocrx_word' id='word_1_289' title='bbox 1581 2450 1687 2512; x_wconf 78' lang='grc' dir='ltr'>ἤδη</span> <span class='ocrx_word' id='word_1_290' title='bbox 1735 2475 1827 2513; x_wconf 81' lang='grc' dir='ltr'><strong>την</strong></span> 
     </span>
    </p>
   </div>
   <div class='ocr_carea' id='block_1_43' title="bbox 231 2543 1621 2617">
    <p class='ocr_par' dir='ltr' id='par_1_43' title="bbox 231 2543 1621 2617">
     <span class='ocr_line' id='line_1_43' title="bbox 231 2543 1621 2617; baseline -0.002 -21"><span class='ocrx_word' id='word_1_291' title='bbox 231 2545 417 2617; x_wconf 65' lang='grc' dir='ltr'>ψυχὴν</span> <span class='ocrx_word' id='word_1_292' title='bbox 447 2546 760 2617; x_wconf 69' lang='grc' dir='ltr'>ἐπισφίγγει,</span> <span class='ocrx_word' id='word_1_293' title='bbox 799 2550 887 2597; x_wconf 83' lang='grc' dir='ltr'>καὶ</span> <span class='ocrx_word' id='word_1_294' title='bbox 915 2545 1081 2616; x_wconf 82' lang='grc' dir='ltr'>ἐαυτῷ</span> <span class='ocrx_word' id='word_1_295' title='bbox 1118 2543 1395 2616; x_wconf 77' lang='grc' dir='ltr'>συγκολλᾴ,</span> <span class='ocrx_word' id='word_1_296' title='bbox 1430 2544 1581 2595; x_wconf 82' lang='grc' dir='ltr'>εἰπών</span> <span class='ocrx_word' id='word_1_297' title='bbox 1607 2561 1621 2572; x_wconf 74' lang='grc' dir='ltr'><strong>ο</strong></span> 
     </span>
    </p>
   </div>
   <div class='ocr_carea' id='block_1_44' title="bbox 306 2632 1829 2707">
    <p class='ocr_par' dir='ltr' id='par_1_44' title="bbox 306 2632 1829 2707">
     <span class='ocr_line' id='line_1_44' title="bbox 306 2632 1829 2707; baseline -0.003 -19"><span class='ocrx_word' id='word_1_298' title='bbox 306 2642 523 2688; x_wconf 84' lang='grc' dir='ltr'>Μείνατε</span> <span class='ocrx_word' id='word_1_299' title='bbox 557 2667 620 2675; x_wconf 90' lang='grc'><strong><em>-</em></strong></span> <span class='ocrx_word' id='word_1_300' title='bbox 642 2636 781 2707; x_wconf 84' lang='grc' dir='ltr'>ύμῖν.</span> <span class='ocrx_word' id='word_1_301' title='bbox 814 2636 1031 2688; x_wconf 90' lang='grc' dir='ltr'>Μείνατε</span> <span class='ocrx_word' id='word_1_302' title='bbox 1062 2633 1110 2684; x_wconf 85' lang='grc' dir='ltr'>ἐν</span> <span class='ocrx_word' id='word_1_303' title='bbox 1142 2632 1276 2705; x_wconf 83' lang='grc' dir='ltr'>ἐμοὶ,</span> <span class='ocrx_word' id='word_1_304' title='bbox 1308 2632 1719 2704; x_wconf 77' lang='grc' dir='ltr'>συγκολλῶμενοί</span> <span class='ocrx_word' id='word_1_305' title='bbox 1738 2652 1829 2704; x_wconf 89' lang='grc' dir='ltr'><strong>μοι</strong></span> 
     </span>
    </p>
   </div>
   <div class='ocr_carea' id='block_1_45' title="bbox 236 2720 1828 2799">
    <p class='ocr_par' dir='ltr' id='par_1_45' title="bbox 236 2720 1828 2799">
     <span class='ocr_line' id='line_1_45' title="bbox 236 2720 1828 2799; baseline -0.001 -23"><span class='ocrx_word' id='word_1_306' title='bbox 236 2723 563 2799; x_wconf 75' lang='grc' dir='ltr'>βεϐαιότερον</span> <span class='ocrx_word' id='word_1_307' title='bbox 623 2721 715 2777; x_wconf 77' lang='grc' dir='ltr'><strong>διὰ</strong></span> <span class='ocrx_word' id='word_1_308' title='bbox 774 2729 996 2784; x_wconf 89' lang='grc' dir='ltr'>πίστεως</span> <span class='ocrx_word' id='word_1_309' title='bbox 1061 2720 1384 2775; x_wconf 78' lang='grc' dir='ltr'>ἀδιστάκτου</span> <span class='ocrx_word' id='word_1_310' title='bbox 1447 2726 1536 2774; x_wconf 83' lang='grc' dir='ltr'><strong>καὶ</strong></span> <span class='ocrx_word' id='word_1_311' title='bbox 1596 2728 1828 2793; x_wconf 85' lang='grc' dir='ltr'>σχέσεως</span> 
     </span>
    </p>
   </div>
   <div class='ocr_carea' id='block_1_46' title="bbox 236 2807 1830 2887">
    <p class='ocr_par' dir='ltr' id='par_1_46' title="bbox 236 2807 1830 2887">
     <span class='ocr_line' id='line_1_46' title="bbox 236 2807 1830 2887; baseline -0.001 -22"><span class='ocrx_word' id='word_1_312' title='bbox 236 2813 519 2887; x_wconf 75' lang='grc' dir='ltr'>ἀρρήκτου,</span> <span class='ocrx_word' id='word_1_313' title='bbox 559 2812 703 2883; x_wconf 80' lang='grc' dir='ltr'><strong>κάγὼ</strong></span> <span class='ocrx_word' id='word_1_314' title='bbox 734 2821 866 2884; x_wconf 89' lang='grc' dir='ltr'>μενῶ</span> <span class='ocrx_word' id='word_1_315' title='bbox 900 2810 946 2863; x_wconf 84' lang='grc' dir='ltr'>ἐν</span> <span class='ocrx_word' id='word_1_316' title='bbox 980 2814 1121 2883; x_wconf 87' lang='grc' dir='ltr'>ύμῖν,</span> <span class='ocrx_word' id='word_1_317' title='bbox 1159 2815 1322 2862; x_wconf 86' lang='grc' dir='ltr'>συνὼν</span> <span class='ocrx_word' id='word_1_318' title='bbox 1369 2818 1430 2883; x_wconf 76' lang='grc' dir='ltr'>τῇ</span> <span class='ocrx_word' id='word_1_319' title='bbox 1480 2807 1698 2882; x_wconf 79' lang='grc' dir='ltr'>δυνάμει</span> <span class='ocrx_word' id='word_1_320' title='bbox 1741 2816 1830 2863; x_wconf 84' lang='grc' dir='ltr'>καὶ</span> 
     </span>
    </p>
   </div>
   <div class='ocr_carea' id='block_1_47' title="bbox 233 2900 1829 2975">
    <p class='ocr_par' dir='ltr' id='par_1_47' title="bbox 233 2900 1829 2975">
     <span class='ocr_line' id='line_1_47' title="bbox 233 2900 1829 2975; baseline 0 -22"><span class='ocrx_word' id='word_1_321' title='bbox 233 2906 485 2975; x_wconf 82' lang='grc' dir='ltr'>περιέπων</span> <span class='ocrx_word' id='word_1_322' title='bbox 524 2905 553 2959; x_wconf 77' lang='grc' dir='ltr'><strong><em>ἦ</em></strong></span> <span class='ocrx_word' id='word_1_323' title='bbox 592 2906 824 2971; x_wconf 79' lang='grc' dir='ltr'>συνέχων</span> <span class='ocrx_word' id='word_1_324' title='bbox 865 2902 1020 2972; x_wconf 77' lang='grc' dir='ltr'>ὑμᾶς,</span> <span class='ocrx_word' id='word_1_325' title='bbox 1063 2904 1126 2960; x_wconf 83' lang='grc' dir='ltr'>ὡς</span> <span class='ocrx_word' id='word_1_326' title='bbox 1170 2900 1396 2972; x_wconf 77' lang='grc' dir='ltr'>ἄμπελος</span> <span class='ocrx_word' id='word_1_327' title='bbox 1430 2900 1690 2973; x_wconf 78' lang='grc' dir='ltr'>κλήματα,</span> <span class='ocrx_word' id='word_1_328' title='bbox 1741 2906 1829 2953; x_wconf 86' lang='grc' dir='ltr'>καὶ</span> 
     </span>
    </p>
   </div>
   <div class='ocr_carea' id='block_1_48' title="bbox 234 2988 1057 3063">
    <p class='ocr_par' dir='ltr' id='par_1_48' title="bbox 234 2988 1057 3063">
     <span class='ocr_line' id='line_1_48' title="bbox 234 2988 1057 3063; baseline 0 -22"><span class='ocrx_word' id='word_1_329' title='bbox 234 2994 589 3063; x_wconf 77' lang='grc' dir='ltr'>καρποφόρους</span> <span class='ocrx_word' id='word_1_330' title='bbox 622 2988 1057 3063; x_wconf 73' lang='grc' dir='ltr'>ἀπεργαζόμενος.</span> 
     </span>
    </p>
   </div>
   <div class='ocr_carea' id='block_1_49' title="bbox 311 3164 1902 3264">
    <p class='ocr_par' dir='ltr' id='par_1_49' title="bbox 311 3164 1902 3264">
     <span class='ocr_line' id='line_1_49' title="bbox 311 3164 1902 3264; baseline -0.001 -44"><span class='ocrx_word' id='word_1_331' title='bbox 311 3170 491 3228; x_wconf 82' lang='grc' dir='ltr'>Καθὼς</span> <span class='ocrx_word' id='word_1_332' title='bbox 516 3199 584 3207; x_wconf 92' lang='grc'><strong><em>-</em></strong></span> <span class='ocrx_word' id='word_1_333' title='bbox 611 3171 834 3238; x_wconf 84' lang='grc' dir='ltr'>μείνητε.</span> <span class='ocrx_word' id='word_1_334' title='bbox 871 3164 1010 3219; x_wconf 68' lang='grc' dir='ltr'><strong>Οὐδὲ</strong></span> <span class='ocrx_word' id='word_1_335' title='bbox 1043 3169 1188 3239; x_wconf 74' lang='grc' dir='ltr'>ὑμεῖς</span> <span class='ocrx_word' id='word_1_336' title='bbox 1212 3164 1439 3220; x_wconf 76' lang='grc' dir='ltr'>δύνασθε</span> <span class='ocrx_word' id='word_1_337' title='bbox 1463 3176 1824 3242; x_wconf 70' lang='grc' dir='ltr'>καρποφορεῖν,</span> <span class='ocrx_word' id='word_1_338' title='bbox 1861 3203 1902 3264; x_wconf 75' lang='lat' dir='ltr'><strong><em>c</em></strong></span> 
     </span>
    </p>
   </div>
   <div class='ocr_carea' id='block_1_50' title="bbox 236 3256 1298 3330">
    <p class='ocr_par' dir='ltr' id='par_1_50' title="bbox 236 3256 1298 3330">
     <span class='ocr_line' id='line_1_50' title="bbox 236 3256 1298 3330; baseline -0.001 -20"><span class='ocrx_word' id='word_1_339' title='bbox 236 3257 320 3310; x_wconf 76' lang='grc' dir='ltr'>ἐὰν</span> <span class='ocrx_word' id='word_1_340' title='bbox 354 3256 722 3329; x_wconf 81' lang='grc' dir='ltr'>ἀποσχισθῆτε</span> <span class='ocrx_word' id='word_1_341' title='bbox 748 3265 843 3317; x_wconf 79' lang='grc' dir='ltr'>τῆς</span> <span class='ocrx_word' id='word_1_342' title='bbox 876 3262 1154 3329; x_wconf 77' lang='grc' dir='ltr'>συναφείας</span> <span class='ocrx_word' id='word_1_343' title='bbox 1177 3277 1298 3330; x_wconf 87' lang='grc' dir='ltr'>μου.</span> 
     </span>
    </p>
   </div>
   <div class='ocr_carea' id='block_1_51' title="bbox 305 3345 1829 3419">
    <p class='ocr_par' dir='ltr' id='par_1_51' title="bbox 305 3345 1829 3419">
     <span class='ocr_line' id='line_1_51' title="bbox 305 3345 1829 3419; baseline 0.01 -26"><span class='ocrx_word' id='word_1_344' title='bbox 305 3349 440 3417; x_wconf 70' lang='grc' dir='ltr'><strong>Ἐγώ</strong></span> <span class='ocrx_word' id='word_1_345' title='bbox 516 3376 583 3386; x_wconf 89' lang='grc'><strong><em>-</em></strong></span> <span class='ocrx_word' id='word_1_346' title='bbox 620 3346 796 3399; x_wconf 86' lang='grc' dir='ltr'>πολύν.</span> <span class='ocrx_word' id='word_1_347' title='bbox 875 3346 1149 3417; x_wconf 76' lang='grc' dir='ltr'>Σαφηνίξει</span> <span class='ocrx_word' id='word_1_348' title='bbox 1190 3351 1283 3405; x_wconf 78' lang='grc' dir='ltr'>τὴν</span> <span class='ocrx_word' id='word_1_349' title='bbox 1354 3345 1673 3419; x_wconf 77' lang='grc' dir='ltr'>παραϐολὴν,</span> <span class='ocrx_word' id='word_1_350' title='bbox 1739 3352 1829 3400; x_wconf 72' lang='grc' dir='ltr'><strong>καὶ</strong></span> 
     </span>
    </p>
   </div>
   <div class='ocr_carea' id='block_1_52' title="bbox 242 3431 1831 3507">
    <p class='ocr_par' dir='ltr' id='par_1_52' title="bbox 242 3431 1831 3507">
     <span class='ocr_line' id='line_1_52' title="bbox 242 3431 1831 3507; baseline 0 -19"><span class='ocrx_word' id='word_1_351' title='bbox 242 3440 423 3489; x_wconf 88' lang='grc' dir='ltr'>σκόπει</span> <span class='ocrx_word' id='word_1_352' title='bbox 478 3443 583 3495; x_wconf 88' lang='grc' dir='ltr'><strong>πῶς</strong></span> <span class='ocrx_word' id='word_1_353' title='bbox 645 3431 816 3486; x_wconf 83' lang='grc' dir='ltr'>εἶπεν·</span> <span class='ocrx_word' id='word_1_354' title='bbox 886 3434 943 3486; x_wconf 78' lang='grc' dir='ltr'>Ὀ</span> <span class='ocrx_word' id='word_1_355' title='bbox 1018 3439 1178 3507; x_wconf 88' lang='grc' dir='ltr'>μένων</span> <span class='ocrx_word' id='word_1_356' title='bbox 1238 3435 1285 3486; x_wconf 80' lang='grc' dir='ltr'>ἐν</span> <span class='ocrx_word' id='word_1_357' title='bbox 1362 3434 1493 3507; x_wconf 78' lang='grc' dir='ltr'>ἐμοὶ,</span> <span class='ocrx_word' id='word_1_358' title='bbox 1564 3438 1709 3507; x_wconf 74' lang='grc' dir='ltr'><strong>κάγὼ</strong></span> <span class='ocrx_word' id='word_1_359' title='bbox 1784 3440 1831 3488; x_wconf 82' lang='grc' dir='ltr'>ἐν</span> 
     </span>
    </p>
   </div>
   <div class='ocr_carea' id='block_1_53' title="bbox 240 3524 1832 3599">
    <p class='ocr_par' dir='ltr' id='par_1_53' title="bbox 240 3524 1832 3599">
     <span class='ocr_line' id='line_1_53' title="bbox 240 3524 1832 3599; baseline -0.001 -22"><span class='ocrx_word' id='word_1_360' title='bbox 240 3525 401 3595; x_wconf 79' lang='grc' dir='ltr'>αύτῷ,</span> <span class='ocrx_word' id='word_1_361' title='bbox 471 3524 618 3585; x_wconf 75' lang='grc' dir='ltr'>οὗτος</span> <span class='ocrx_word' id='word_1_362' title='bbox 686 3529 824 3598; x_wconf 81' lang='grc' dir='ltr'>φέρει</span> <span class='ocrx_word' id='word_1_363' title='bbox 885 3528 1082 3598; x_wconf 85' lang='grc' dir='ltr'>καρπόν</span> <span class='ocrx_word' id='word_1_364' title='bbox 1156 3528 1333 3579; x_wconf 86' lang='grc' dir='ltr'>πολύν.</span> <span class='ocrx_word' id='word_1_365' title='bbox 1423 3524 1671 3585; x_wconf 84' lang='grc' dir='ltr'>Πολλάκις</span> <span class='ocrx_word' id='word_1_366' title='bbox 1730 3530 1832 3599; x_wconf 76' lang='grc' dir='ltr'><strong>γὰρ</strong></span> 
     </span>
    </p>
   </div>
   <div class='ocr_carea' id='block_1_54' title="bbox 239 3612 1838 3687">
    <p class='ocr_par' dir='ltr' id='par_1_54' title="bbox 239 3612 1838 3687">
     <span class='ocr_line' id='line_1_54' title="bbox 239 3612 1838 3687; baseline 0.003 -22"><span class='ocrx_word' id='word_1_367' title='bbox 239 3618 376 3686; x_wconf 84' lang='grc' dir='ltr'>μένει</span> <span class='ocrx_word' id='word_1_368' title='bbox 430 3617 517 3684; x_wconf 82' lang='grc' dir='ltr'><strong>μέν</strong></span> <span class='ocrx_word' id='word_1_369' title='bbox 550 3633 630 3674; x_wconf 86' lang='grc' dir='ltr'><strong>τις</strong></span> <span class='ocrx_word' id='word_1_370' title='bbox 674 3612 721 3665; x_wconf 85' lang='grc' dir='ltr'>ἐν</span> <span class='ocrx_word' id='word_1_371' title='bbox 752 3622 822 3684; x_wconf 80' lang='grc' dir='ltr'>τῷ</span> <span class='ocrx_word' id='word_1_372' title='bbox 868 3621 1104 3687; x_wconf 81' lang='grc' dir='ltr'>Χριστῷ,</span> <span class='ocrx_word' id='word_1_373' title='bbox 1168 3619 1492 3686; x_wconf 83' lang='grc' dir='ltr'>συνημμένος</span> <span class='ocrx_word' id='word_1_374' title='bbox 1548 3616 1685 3687; x_wconf 84' lang='grc' dir='ltr'>αύτῷ</span> <span class='ocrx_word' id='word_1_375' title='bbox 1744 3614 1838 3669; x_wconf 76' lang='grc' dir='ltr'><strong>διὰ</strong></span> 
     </span>
    </p>
   </div>
   <div class='ocr_carea' id='block_1_55' title="bbox 240 3700 1834 3778">
    <p class='ocr_par' dir='ltr' id='par_1_55' title="bbox 240 3700 1834 3778">
     <span class='ocr_line' id='line_1_55' title="bbox 240 3700 1834 3778; baseline 0.002 -23"><span class='ocrx_word' id='word_1_376' title='bbox 240 3711 334 3763; x_wconf 80' lang='grc' dir='ltr'>τῆς</span> <span class='ocrx_word' id='word_1_377' title='bbox 386 3708 623 3767; x_wconf 80' lang='grc' dir='ltr'>πίστεως,</span> <span class='ocrx_word' id='word_1_378' title='bbox 686 3703 743 3754; x_wconf 83' lang='grc' dir='ltr'><strong>ού</strong></span> <span class='ocrx_word' id='word_1_379' title='bbox 795 3707 932 3774; x_wconf 84' lang='grc' dir='ltr'>μένει</span> <span class='ocrx_word' id='word_1_380' title='bbox 980 3700 1038 3754; x_wconf 77' lang='grc' dir='ltr'>δε</span> <span class='ocrx_word' id='word_1_381' title='bbox 1086 3710 1174 3755; x_wconf 85' lang='grc' dir='ltr'>καὶ</span> <span class='ocrx_word' id='word_1_382' title='bbox 1224 3706 1248 3755; x_wconf 89' lang='grc' dir='ltr'><strong><em>ὁ</em></strong></span> <span class='ocrx_word' id='word_1_383' title='bbox 1295 3710 1521 3778; x_wconf 85' lang='grc' dir='ltr'>Χριστός</span> <span class='ocrx_word' id='word_1_384' title='bbox 1576 3709 1622 3758; x_wconf 79' lang='grc' dir='ltr'>ἓν</span> <span class='ocrx_word' id='word_1_385' title='bbox 1673 3706 1834 3777; x_wconf 79' lang='grc' dir='ltr'>αύτῷ,</span> 
     </span>
    </p>
   </div>
   <div class='ocr_carea' id='block_1_56' title="bbox 244 3791 1839 3863">
    <p class='ocr_par' dir='ltr' id='par_1_56' title="bbox 244 3791 1839 3863">
     <span class='ocr_line' id='line_1_56' title="bbox 244 3791 1839 3863; baseline 0.004 -21"><span class='ocrx_word' id='word_1_386' title='bbox 244 3791 689 3863; x_wconf 78' lang='grc' dir='ltr'>ἀποστρεφόμενος</span> <span class='ocrx_word' id='word_1_387' title='bbox 768 3792 944 3857; x_wconf 66' lang='grc' dir='ltr'>αὐτόν,</span> <span class='ocrx_word' id='word_1_388' title='bbox 1023 3795 1090 3853; x_wconf 84' lang='grc' dir='ltr'>ὡς</span> <span class='ocrx_word' id='word_1_389' title='bbox 1168 3792 1387 3856; x_wconf 77' lang='grc' dir='ltr'>ἀναξίως</span> <span class='ocrx_word' id='word_1_390' title='bbox 1462 3795 1621 3847; x_wconf 64' lang='grc' dir='ltr'>αὐτοῦ</span> <span class='ocrx_word' id='word_1_391' title='bbox 1692 3795 1839 3848; x_wconf 87' lang='grc' dir='ltr'>πολι-</span> 
     </span>
    </p>
   </div>
   <div class='ocr_carea' id='block_1_57' title="bbox 243 3880 1839 3956">
    <p class='ocr_par' dir='ltr' id='par_1_57' title="bbox 243 3880 1839 3956">
     <span class='ocr_line' id='line_1_57' title="bbox 243 3880 1839 3956; baseline 0.003 -24"><span class='ocrx_word' id='word_1_392' title='bbox 243 3884 530 3951; x_wconf 83' lang='grc' dir='ltr'>τευόμενον.</span> <span class='ocrx_word' id='word_1_393' title='bbox 588 3880 753 3940; x_wconf 81' lang='grc' dir='ltr'>Ούτος</span> <span class='ocrx_word' id='word_1_394' title='bbox 793 3885 929 3952; x_wconf 88' lang='grc' dir='ltr'>φέρει</span> <span class='ocrx_word' id='word_1_395' title='bbox 985 3883 1074 3952; x_wconf 74' lang='grc' dir='ltr'><strong>μεν</strong></span> <span class='ocrx_word' id='word_1_396' title='bbox 1144 3886 1362 3954; x_wconf 87' lang='grc' dir='ltr'>καρπόν,</span> <span class='ocrx_word' id='word_1_397' title='bbox 1433 3882 1603 3956; x_wconf 71' lang='grc' dir='ltr'>ὀλίγον</span> <span class='ocrx_word' id='word_1_398' title='bbox 1663 3882 1741 3949; x_wconf 67' lang='grc' dir='ltr'><strong>δὲ,</strong></span> <span class='ocrx_word' id='word_1_399' title='bbox 1792 3886 1839 3938; x_wconf 83' lang='grc' dir='ltr'>ἓν</span> 
     </span>
    </p>
   </div>
   <div class='ocr_carea' id='block_1_58' title="bbox 244 3964 1841 4047">
    <p class='ocr_par' dir='ltr' id='par_1_58' title="bbox 244 3964 1841 4047">
     <span class='ocr_line' id='line_1_58' title="bbox 244 3964 1841 4047; baseline 0.005 -28"><span class='ocrx_word' id='word_1_400' title='bbox 244 3988 297 4020; x_wconf 83' lang='grc' dir='ltr'><strong>τι</strong></span> <span class='ocrx_word' id='word_1_401' title='bbox 355 3968 566 4040; x_wconf 76' lang='grc' dir='ltr'>ἀγαθόν,</span> <span class='ocrx_word' id='word_1_402' title='bbox 604 3970 633 4027; x_wconf 80' lang='grc' dir='ltr'>ἡ</span> <span class='ocrx_word' id='word_1_403' title='bbox 685 3975 773 4020; x_wconf 82' lang='grc' dir='ltr'><strong>καὶ</strong></span> <span class='ocrx_word' id='word_1_404' title='bbox 823 3964 918 4021; x_wconf 76' lang='grc' dir='ltr'>δύο</span> <span class='ocrx_word' id='word_1_405' title='bbox 968 3989 1066 4021; x_wconf 89' lang='grc' dir='ltr'><strong>που</strong></span> <span class='ocrx_word' id='word_1_406' title='bbox 1123 3967 1563 4045; x_wconf 80' lang='grc' dir='ltr'>διαπραξάμενος,</span> <span class='ocrx_word' id='word_1_407' title='bbox 1614 3973 1841 4047; x_wconf 81' lang='grc' dir='ltr'>Ὀρῶμεν</span> 
     </span>
    </p>
   </div>
   <div class='ocr_carea' id='block_1_59' title="bbox 250 4056 1845 4136">
    <p class='ocr_par' dir='ltr' id='par_1_59' title="bbox 250 4056 1845 4136">
     <span class='ocr_line' id='line_1_59' title="bbox 250 4056 1845 4136; baseline 0.011 -29"><span class='ocrx_word' id='word_1_408' title='bbox 250 4056 306 4111; x_wconf 74' lang='grc' dir='ltr'><strong>δὲ</strong></span> <span class='ocrx_word' id='word_1_409' title='bbox 362 4063 449 4109; x_wconf 77' lang='grc' dir='ltr'><strong>καὶ</strong></span> <span class='ocrx_word' id='word_1_410' title='bbox 500 4056 546 4108; x_wconf 90' lang='grc' dir='ltr'>ἐν</span> <span class='ocrx_word' id='word_1_411' title='bbox 596 4056 837 4130; x_wconf 83' lang='grc' dir='ltr'>ἀμπέλοις</span> <span class='ocrx_word' id='word_1_412' title='bbox 885 4068 1103 4111; x_wconf 80' lang='grc' dir='ltr'>τοιαῦτα</span> <span class='ocrx_word' id='word_1_413' title='bbox 1154 4060 1414 4132; x_wconf 78' lang='grc' dir='ltr'>κλήματα,</span> <span class='ocrx_word' id='word_1_414' title='bbox 1472 4061 1507 4114; x_wconf 80' lang='grc' dir='ltr'><em>ἃ</em></span> <span class='ocrx_word' id='word_1_415' title='bbox 1575 4068 1647 4135; x_wconf 76' lang='grc' dir='ltr'>μὴ</span> <span class='ocrx_word' id='word_1_416' title='bbox 1713 4086 1845 4136; x_wconf 67' lang='grc' dir='ltr'>χαι-</span> 
     </span>
    </p>
   </div>
   <div class='ocr_carea' id='block_1_60' title="bbox 248 4147 1845 4225">
    <p class='ocr_par' dir='ltr' id='par_1_60' title="bbox 248 4147 1845 4225">
     <span class='ocr_line' id='line_1_60' title="bbox 248 4147 1845 4225; baseline 0.006 -28"><span class='ocrx_word' id='word_1_417' title='bbox 248 4156 448 4220; x_wconf 87' lang='grc' dir='ltr'>ρουσῶν</span> <span class='ocrx_word' id='word_1_418' title='bbox 506 4147 683 4209; x_wconf 74' lang='grc' dir='ltr'>αὐτοῖς</span> <span class='ocrx_word' id='word_1_419' title='bbox 732 4156 830 4199; x_wconf 88' lang='grc' dir='ltr'><strong>τῶν</strong></span> <span class='ocrx_word' id='word_1_420' title='bbox 884 4147 1120 4219; x_wconf 70' lang='grc' dir='ltr'>ἀμπελων</span> <span class='ocrx_word' id='word_1_421' title='bbox 1175 4147 1435 4224; x_wconf 75' lang='grc' dir='ltr'>βοτρύδια</span> <span class='ocrx_word' id='word_1_422' title='bbox 1499 4151 1683 4225; x_wconf 80' lang='grc' dir='ltr'>οἰκτρά</span> <span class='ocrx_word' id='word_1_423' title='bbox 1729 4173 1845 4208; x_wconf 89' lang='grc' dir='ltr'>τινα</span> 
     </span>
    </p>
   </div>
   <div class='ocr_carea' id='block_1_61' title="bbox 250 4256 507 4309">
    <p class='ocr_par' dir='ltr' id='par_1_61' title="bbox 250 4256 507 4309">
     <span class='ocr_line' id='line_1_61' title="bbox 250 4256 507 4309; baseline -0.008 -21"><span class='ocrx_word' id='word_1_424' title='bbox 250 4256 507 4309; x_wconf 69' lang='grc' dir='ltr'>φέρουσιν.</span> 
     </span>
    </p>
   </div>
   <div class='ocr_carea' id='block_1_62' title="bbox 317 4321 1845 4405">
    <p class='ocr_par' dir='ltr' id='par_1_62' title="bbox 317 4321 1845 4405">
     <span class='ocr_line' id='line_1_62' title="bbox 317 4321 1845 4405; baseline 0.008 -30"><span class='ocrx_word' id='word_1_425' title='bbox 317 4321 433 4376; x_wconf 77' lang='grc' dir='ltr'>”Οτί</span> <span class='ocrx_word' id='word_1_426' title='bbox 490 4354 551 4365; x_wconf 87' lang='lat'><strong>—-</strong></span> <span class='ocrx_word' id='word_1_427' title='bbox 597 4321 766 4381; x_wconf 70' lang='grc' dir='ltr'>οὐδέν.</span> <span class='ocrx_word' id='word_1_428' title='bbox 821 4325 1020 4403; x_wconf 81' lang='grc' dir='ltr'>Ὠσπερ</span> <span class='ocrx_word' id='word_1_429' title='bbox 1072 4325 1188 4381; x_wconf 76' lang='grc' dir='ltr'><strong>οὐδ’</strong></span> <span class='ocrx_word' id='word_1_430' title='bbox 1228 4331 1275 4381; x_wconf 87' lang='grc' dir='ltr'>οἰ</span> <span class='ocrx_word' id='word_1_431' title='bbox 1318 4328 1538 4402; x_wconf 78' lang='grc' dir='ltr'>βλαστοὶ</span> <span class='ocrx_word' id='word_1_432' title='bbox 1597 4338 1668 4405; x_wconf 81' lang='grc' dir='ltr'>μὴ</span> <span class='ocrx_word' id='word_1_433' title='bbox 1721 4332 1845 4387; x_wconf 88' lang='grc' dir='ltr'>ἀπο-</span> 
     </span>
    </p>
   </div>
   <div class='ocr_carea' id='block_1_63' title="bbox 250 4410 1845 4499">
    <p class='ocr_par' dir='ltr' id='par_1_63' title="bbox 250 4410 1845 4499">
     <span class='ocr_line' id='line_1_63' title="bbox 250 4410 1845 4499; baseline 0.008 -34"><span class='ocrx_word' id='word_1_434' title='bbox 250 4413 488 4475; x_wconf 85' lang='grc' dir='ltr'>λαύοντες</span> <span class='ocrx_word' id='word_1_435' title='bbox 522 4410 785 4481; x_wconf 70' lang='grc' dir='ltr'>δυνάμεως</span> <span class='ocrx_word' id='word_1_436' title='bbox 835 4416 889 4467; x_wconf 84' lang='grc' dir='ltr'><strong>ἐκ</strong></span> <span class='ocrx_word' id='word_1_437' title='bbox 939 4427 1033 4479; x_wconf 78' lang='grc' dir='ltr'>τῆς</span> <span class='ocrx_word' id='word_1_438' title='bbox 1078 4419 1251 4491; x_wconf 74' lang='grc' dir='ltr'>ῥίζης.</span> <span class='ocrx_word' id='word_1_439' title='bbox 1282 4420 1449 4473; x_wconf 86' lang='grc' dir='ltr'>Εἰπὼν</span> <span class='ocrx_word' id='word_1_440' title='bbox 1501 4418 1560 4474; x_wconf 70' lang='grc' dir='ltr'><strong>δὲ</strong></span> <span class='ocrx_word' id='word_1_441' title='bbox 1612 4422 1845 4499; x_wconf 87' lang='grc' dir='ltr'>ἀνωτέρω</span> 
     </span>
    </p>
   </div>
   <div class='ocr_carea' id='block_1_64' title="bbox 1932 1918 2875 1990">
    <p class='ocr_par' dir='ltr' id='par_1_64' title="bbox 1932 1918 2875 1990">
     <span class='ocr_line' id='line_1_64' title="bbox 1932 1918 2875 1990; baseline 0.004 -17"><span class='ocrx_word' id='word_1_442' title='bbox 1932 1918 2220 1990; x_wconf 62' lang='lat' dir='ltr'><strong>praevenit</strong></span> <span class='ocrx_word' id='word_1_443' title='bbox 2252 1919 2595 1983; x_wconf 88' lang='lat' dir='ltr'><strong>tumultum,</strong></span> <span class='ocrx_word' id='word_1_444' title='bbox 2629 1919 2828 1974; x_wconf 87' lang='lat' dir='ltr'><strong>dicens</strong></span> <span class='ocrx_word' id='word_1_445' title='bbox 2861 1938 2875 1978; x_wconf 91' lang='lat'><em>:</em></span> 
     </span>
    </p>
   </div>
   <div class='ocr_carea' id='block_1_65' title="bbox 2008 2007 3587 2082">
    <p class='ocr_par' dir='ltr' id='par_1_65' title="bbox 2008 2007 3587 2082">
     <span class='ocr_line' id='line_1_65' title="bbox 2008 2007 3587 2082; baseline 0.003 -18"><span class='ocrx_word' id='word_1_446' title='bbox 2008 2008 2176 2065; x_wconf 88' lang='lat' dir='ltr'><strong>Vers.</strong></span> <span class='ocrx_word' id='word_1_447' title='bbox 2209 2012 2266 2064; x_wconf 86' lang='lat'><strong>2.</strong></span> <span class='ocrx_word' id='word_1_448' title='bbox 2304 2009 2441 2063; x_wconf 83' lang='lat' dir='ltr'><strong>Jam</strong></span> <span class='ocrx_word' id='word_1_449' title='bbox 2469 2038 2538 2047; x_wconf 92' lang='lat'><strong><em>—</em></strong></span> <span class='ocrx_word' id='word_1_450' title='bbox 2574 2007 2743 2062; x_wconf 84' lang='lat' dir='ltr'><strong>vobis.</strong></span> <span class='ocrx_word' id='word_1_451' title='bbox 2799 2009 3040 2078; x_wconf 88' lang='lat' dir='ltr'><strong>Purgati</strong></span> <span class='ocrx_word' id='word_1_452' title='bbox 3091 2025 3243 2075; x_wconf 92' lang='lat' dir='ltr'><strong>meo,</strong></span> <span class='ocrx_word' id='word_1_453' title='bbox 3294 2025 3417 2082; x_wconf 89' lang='lat' dir='ltr'><strong>quo</strong></span> <span class='ocrx_word' id='word_1_454' title='bbox 3477 2027 3587 2068; x_wconf 86' lang='lat' dir='ltr'><strong>vos</strong></span> 
     </span>
    </p>
   </div>
   <div class='ocr_carea' id='block_1_66' title="bbox 1934 2096 3590 2168">
    <p class='ocr_par' dir='ltr' id='par_1_66' title="bbox 1934 2096 3590 2168">
     <span class='ocr_line' id='line_1_66' title="bbox 1934 2096 3590 2168; baseline 0.003 -15"><span class='ocrx_word' id='word_1_455' title='bbox 1934 2097 2135 2167; x_wconf 90' lang='lat' dir='ltr'><strong>docui,</strong></span> <span class='ocrx_word' id='word_1_456' title='bbox 2167 2112 2463 2152; x_wconf 89' lang='lat' dir='ltr'><strong>sermone.</strong></span> <span class='ocrx_word' id='word_1_457' title='bbox 2490 2096 2678 2163; x_wconf 85' lang='lat' dir='ltr'><strong>Vides,</strong></span> <span class='ocrx_word' id='word_1_458' title='bbox 2726 2098 2892 2168; x_wconf 92' lang='lat' dir='ltr'><strong>quod</strong></span> <span class='ocrx_word' id='word_1_459' title='bbox 2922 2098 3058 2154; x_wconf 89' lang='lat' dir='ltr'><strong>licet</strong></span> <span class='ocrx_word' id='word_1_460' title='bbox 3086 2098 3222 2154; x_wconf 68' lang='lat' dir='ltr'><strong>vitis</strong></span> <span class='ocrx_word' id='word_1_461' title='bbox 3253 2099 3346 2165; x_wconf 88' lang='lat' dir='ltr'><strong>sit,</strong></span> <span class='ocrx_word' id='word_1_462' title='bbox 3384 2104 3474 2155; x_wconf 88' lang='lat' dir='ltr'><strong>est</strong></span> <span class='ocrx_word' id='word_1_463' title='bbox 3505 2106 3590 2158; x_wconf 86' lang='lat' dir='ltr'><strong>ta-</strong></span> 
     </span>
    </p>
   </div>
   <div class='ocr_carea' id='block_1_67' title="bbox 1937 2185 3592 2259">
    <p class='ocr_par' dir='ltr' id='par_1_67' title="bbox 1937 2185 3592 2259">
     <span class='ocr_line' id='line_1_67' title="bbox 1937 2185 3592 2259; baseline 0.003 -18"><span class='ocrx_word' id='word_1_464' title='bbox 1937 2202 2073 2241; x_wconf 92' lang='lat' dir='ltr'><strong>men</strong></span> <span class='ocrx_word' id='word_1_465' title='bbox 2115 2188 2293 2241; x_wconf 92' lang='lat' dir='ltr'><strong>etiam</strong></span> <span class='ocrx_word' id='word_1_466' title='bbox 2346 2185 2611 2256; x_wconf 80' lang='lat' dir='ltr'><strong>agricola</strong></span> <span class='ocrx_word' id='word_1_467' title='bbox 2657 2205 2671 2254; x_wconf 90' lang='lat'><strong>;</strong></span> <span class='ocrx_word' id='word_1_468' title='bbox 2731 2192 2818 2242; x_wconf 90' lang='lat' dir='ltr'><strong>est</strong></span> <span class='ocrx_word' id='word_1_469' title='bbox 2848 2187 3003 2243; x_wconf 90' lang='lat' dir='ltr'><strong>enim</strong></span> <span class='ocrx_word' id='word_1_470' title='bbox 3052 2189 3182 2243; x_wconf 63' lang='lat' dir='ltr'><strong>haec</strong></span> <span class='ocrx_word' id='word_1_471' title='bbox 3224 2188 3592 2259; x_wconf 82' lang='lat' dir='ltr'><strong>agricultura</strong></span> 
     </span>
    </p>
   </div>
   <div class='ocr_carea' id='block_1_68' title="bbox 1936 2275 3588 2343">
    <p class='ocr_par' dir='ltr' id='par_1_68' title="bbox 1936 2275 3588 2343">
     <span class='ocr_line' id='line_1_68' title="bbox 1936 2275 3588 2343; baseline 0.004 -13"><span class='ocrx_word' id='word_1_472' title='bbox 1936 2275 2279 2331; x_wconf 90' lang='lat' dir='ltr'><strong>communis</strong></span> <span class='ocrx_word' id='word_1_473' title='bbox 2320 2276 2477 2332; x_wconf 88' lang='lat' dir='ltr'><strong>Patri</strong></span> <span class='ocrx_word' id='word_1_474' title='bbox 2516 2283 2571 2331; x_wconf 92' lang='lat' dir='ltr'><strong>et</strong></span> <span class='ocrx_word' id='word_1_475' title='bbox 2601 2277 2761 2343; x_wconf 87' lang='lat' dir='ltr'><strong>Filio,</strong></span> <span class='ocrx_word' id='word_1_476' title='bbox 2815 2276 2993 2332; x_wconf 89' lang='lat' dir='ltr'><strong>veluti</strong></span> <span class='ocrx_word' id='word_1_477' title='bbox 3051 2293 3196 2333; x_wconf 87' lang='lat' dir='ltr'><strong>sane</strong></span> <span class='ocrx_word' id='word_1_478' title='bbox 3245 2285 3303 2334; x_wconf 89' lang='lat' dir='ltr'><strong>et</strong></span> <span class='ocrx_word' id='word_1_479' title='bbox 3331 2278 3465 2335; x_wconf 89' lang='lat' dir='ltr'><strong>alia.</strong></span> <span class='ocrx_word' id='word_1_480' title='bbox 3507 2282 3588 2336; x_wconf 87' lang='lat' dir='ltr'><strong>Ne</strong></span> 
     </span>
    </p>
   </div>
   <div class='ocr_carea' id='block_1_69' title="bbox 1938 2365 3588 2436">
    <p class='ocr_par' dir='ltr' id='par_1_69' title="bbox 1938 2365 3588 2436">
     <span class='ocr_line' id='line_1_69' title="bbox 1938 2365 3588 2436; baseline 0.003 -16"><span class='ocrx_word' id='word_1_481' title='bbox 1938 2371 2139 2421; x_wconf 90' lang='lat' dir='ltr'><strong>autem</strong></span> <span class='ocrx_word' id='word_1_482' title='bbox 2185 2380 2309 2436; x_wconf 63' lang='lat' dir='ltr'><strong>pras</strong></span> <span class='ocrx_word' id='word_1_483' title='bbox 2364 2365 2553 2420; x_wconf 85' lang='lat' dir='ltr'><strong>nimia</strong></span> <span class='ocrx_word' id='word_1_484' title='bbox 2588 2365 2906 2421; x_wconf 87' lang='lat' dir='ltr'><strong>formidine</strong></span> <span class='ocrx_word' id='word_1_485' title='bbox 2936 2366 3276 2422; x_wconf 82' lang='lat' dir='ltr'><strong>exciderent</strong></span> <span class='ocrx_word' id='word_1_486' title='bbox 3305 2383 3340 2423; x_wconf 91' lang='lat' dir='ltr'><strong>a</strong></span> <span class='ocrx_word' id='word_1_487' title='bbox 3368 2367 3485 2424; x_wconf 88' lang='lat' dir='ltr'><strong>ﬁde</strong></span> <span class='ocrx_word' id='word_1_488' title='bbox 3518 2384 3588 2425; x_wconf 88' lang='lat' dir='ltr'><strong>ac</strong></span> 
     </span>
    </p>
   </div>
   <div class='ocr_carea' id='block_1_70' title="bbox 1936 2451 3591 2526">
    <p class='ocr_par' dir='ltr' id='par_1_70' title="bbox 1936 2451 3591 2526">
     <span class='ocr_line' id='line_1_70' title="bbox 1936 2451 3591 2526; baseline 0.002 -17"><span class='ocrx_word' id='word_1_489' title='bbox 1936 2454 2166 2519; x_wconf 89' lang='lat' dir='ltr'><strong>habitu,</strong></span> <span class='ocrx_word' id='word_1_490' title='bbox 2195 2469 2317 2524; x_wconf 92' lang='lat' dir='ltr'><strong>quo</strong></span> <span class='ocrx_word' id='word_1_491' title='bbox 2334 2469 2477 2523; x_wconf 89' lang='lat' dir='ltr'><strong>erga</strong></span> <span class='ocrx_word' id='word_1_492' title='bbox 2498 2468 2559 2508; x_wconf 90' lang='lat' dir='ltr'><strong>se</strong></span> <span class='ocrx_word' id='word_1_493' title='bbox 2590 2451 2783 2509; x_wconf 81' lang='lat' dir='ltr'><strong>affecti</strong></span> <span class='ocrx_word' id='word_1_494' title='bbox 2808 2458 2998 2523; x_wconf 90' lang='lat' dir='ltr'><strong>erant,</strong></span> <span class='ocrx_word' id='word_1_495' title='bbox 3021 2455 3279 2511; x_wconf 84' lang='lat' dir='ltr'><strong>laxatam</strong></span> <span class='ocrx_word' id='word_1_496' title='bbox 3309 2456 3433 2526; x_wconf 86' lang='lat' dir='ltr'><strong>jam</strong></span> <span class='ocrx_word' id='word_1_497' title='bbox 3459 2456 3591 2513; x_wconf 87' lang='lat' dir='ltr'><strong>ani-</strong></span> 
     </span>
    </p>
   </div>
   <div class='ocr_carea' id='block_1_71' title="bbox 1937 2542 3378 2613">
    <p class='ocr_par' dir='ltr' id='par_1_71' title="bbox 1937 2542 3378 2613">
     <span class='ocr_line' id='line_1_71' title="bbox 1937 2542 3378 2613; baseline 0.001 -16"><span class='ocrx_word' id='word_1_498' title='bbox 1937 2557 2102 2597; x_wconf 90' lang='lat' dir='ltr'><strong>mam</strong></span> <span class='ocrx_word' id='word_1_499' title='bbox 2132 2542 2426 2611; x_wconf 85' lang='lat' dir='ltr'><strong>astringit,</strong></span> <span class='ocrx_word' id='word_1_500' title='bbox 2458 2542 2689 2613; x_wconf 87' lang='lat' dir='ltr'><strong>sibique</strong></span> <span class='ocrx_word' id='word_1_501' title='bbox 2714 2542 3107 2613; x_wconf 85' lang='lat' dir='ltr'><strong>conglutinat,</strong></span> <span class='ocrx_word' id='word_1_502' title='bbox 3134 2542 3340 2599; x_wconf 88' lang='lat' dir='ltr'><strong>dicens</strong></span> <span class='ocrx_word' id='word_1_503' title='bbox 3364 2561 3378 2599; x_wconf 86' lang='lat'><strong>:</strong></span> 
     </span>
    </p>
   </div>
   <div class='ocr_carea' id='block_1_72' title="bbox 2011 2630 3591 2700">
    <p class='ocr_par' dir='ltr' id='par_1_72' title="bbox 2011 2630 3591 2700">
     <span class='ocr_line' id='line_1_72' title="bbox 2011 2630 3591 2700; baseline 0.004 -17"><span class='ocrx_word' id='word_1_504' title='bbox 2011 2631 2169 2683; x_wconf 89' lang='lat' dir='ltr'><strong>Vers.</strong></span> <span class='ocrx_word' id='word_1_505' title='bbox 2210 2631 2262 2683; x_wconf 83' lang='grc'>4.</span> <span class='ocrx_word' id='word_1_506' title='bbox 2294 2630 2525 2685; x_wconf 81' lang='lat' dir='ltr'><strong>Manete</strong></span> <span class='ocrx_word' id='word_1_507' title='bbox 2547 2659 2617 2668; x_wconf 93' lang='lat'>—</span> <span class='ocrx_word' id='word_1_508' title='bbox 2644 2630 2815 2685; x_wconf 82' lang='lat' dir='ltr'><strong>vobis.</strong></span> <span class='ocrx_word' id='word_1_509' title='bbox 2846 2660 2916 2670; x_wconf 93' lang='lat'>—</span> <span class='ocrx_word' id='word_1_510' title='bbox 2962 2632 3202 2688; x_wconf 90' lang='lat' dir='ltr'><strong>Manete</strong></span> <span class='ocrx_word' id='word_1_511' title='bbox 3245 2633 3307 2688; x_wconf 91' lang='lat' dir='ltr'><strong>in</strong></span> <span class='ocrx_word' id='word_1_512' title='bbox 3355 2650 3469 2700; x_wconf 90' lang='lat' dir='ltr'><strong>me,</strong></span> <span class='ocrx_word' id='word_1_513' title='bbox 3498 2632 3591 2690; x_wconf 85' lang='lat' dir='ltr'><strong>ﬁr-</strong></span> 
     </span>
    </p>
   </div>
   <div class='ocr_carea' id='block_1_73' title="bbox 1939 2717 3589 2791">
    <p class='ocr_par' dir='ltr' id='par_1_73' title="bbox 1939 2717 3589 2791">
     <span class='ocr_line' id='line_1_73' title="bbox 1939 2717 3589 2791; baseline 0.004 -18"><span class='ocrx_word' id='word_1_514' title='bbox 1939 2717 2111 2773; x_wconf 88' lang='lat' dir='ltr'><strong>miter</strong></span> <span class='ocrx_word' id='word_1_515' title='bbox 2139 2717 2285 2772; x_wconf 92' lang='lat' dir='ltr'><strong>mihi</strong></span> <span class='ocrx_word' id='word_1_516' title='bbox 2338 2718 2716 2789; x_wconf 87' lang='lat' dir='ltr'><strong>conglutinati</strong></span> <span class='ocrx_word' id='word_1_517' title='bbox 2773 2735 2879 2791; x_wconf 91' lang='lat' dir='ltr'><strong>per</strong></span> <span class='ocrx_word' id='word_1_518' title='bbox 2928 2719 3112 2776; x_wconf 87' lang='lat' dir='ltr'><strong>ﬁdem</strong></span> <span class='ocrx_word' id='word_1_519' title='bbox 3165 2720 3589 2791; x_wconf 88' lang='lat' dir='ltr'><strong>indubitatam,</strong></span> 
     </span>
    </p>
   </div>
   <div class='ocr_carea' id='block_1_74' title="bbox 1938 2805 3589 2880">
    <p class='ocr_par' dir='ltr' id='par_1_74' title="bbox 1938 2805 3589 2880">
     <span class='ocr_line' id='line_1_74' title="bbox 1938 2805 3589 2880; baseline 0.004 -19"><span class='ocrx_word' id='word_1_520' title='bbox 1938 2805 2330 2879; x_wconf 89' lang='lat' dir='ltr'><strong>habitumque</strong></span> <span class='ocrx_word' id='word_1_521' title='bbox 2343 2806 2842 2875; x_wconf 89' lang='lat' dir='ltr'><strong>indissolubilem,</strong></span> <span class='ocrx_word' id='word_1_522' title='bbox 2857 2814 3037 2879; x_wconf 85' lang='lat' dir='ltr'><strong>etego</strong></span> <span class='ocrx_word' id='word_1_523' title='bbox 3052 2811 3311 2869; x_wconf 89' lang='lat' dir='ltr'><strong>manebo</strong></span> <span class='ocrx_word' id='word_1_524' title='bbox 3326 2812 3385 2867; x_wconf 91' lang='lat' dir='ltr'><strong>in</strong></span> <span class='ocrx_word' id='word_1_525' title='bbox 3401 2810 3589 2880; x_wconf 88' lang='lat' dir='ltr'><strong>vobis,</strong></span> 
     </span>
    </p>
   </div>
   <div class='ocr_carea' id='block_1_75' title="bbox 1940 2894 3592 2972">
    <p class='ocr_par' dir='ltr' id='par_1_75' title="bbox 1940 2894 3592 2972">
     <span class='ocr_line' id='line_1_75' title="bbox 1940 2894 3592 2972; baseline 0.003 -21"><span class='ocrx_word' id='word_1_526' title='bbox 1940 2894 2206 2967; x_wconf 90' lang='lat' dir='ltr'><strong>potentia</strong></span> <span class='ocrx_word' id='word_1_527' title='bbox 2230 2897 2543 2951; x_wconf 88' lang='lat' dir='ltr'><strong>vobiscum</strong></span> <span class='ocrx_word' id='word_1_528' title='bbox 2563 2912 3182 2971; x_wconf 88' lang='lat' dir='ltr'><strong>permanens,vosque</strong></span> <span class='ocrx_word' id='word_1_529' title='bbox 3206 2900 3592 2972; x_wconf 89' lang='lat' dir='ltr'><strong>amplectens,</strong></span> 
     </span>
    </p>
   </div>
   <div class='ocr_carea' id='block_1_76' title="bbox 1940 2985 3595 3059">
    <p class='ocr_par' dir='ltr' id='par_1_76' title="bbox 1940 2985 3595 3059">
     <span class='ocr_line' id='line_1_76' title="bbox 1940 2985 3595 3059; baseline 0.003 -19"><span class='ocrx_word' id='word_1_530' title='bbox 1940 2989 2043 3041; x_wconf 89' lang='lat' dir='ltr'><strong>aut</strong></span> <span class='ocrx_word' id='word_1_531' title='bbox 2059 2985 2370 3040; x_wconf 86' lang='lat' dir='ltr'><strong>continens</strong></span> <span class='ocrx_word' id='word_1_532' title='bbox 2384 3001 2514 3055; x_wconf 85' lang='lat' dir='ltr'><strong>vos,</strong></span> <span class='ocrx_word' id='word_1_533' title='bbox 2534 2986 2680 3042; x_wconf 89' lang='lat' dir='ltr'><strong>sicut</strong></span> <span class='ocrx_word' id='word_1_534' title='bbox 2698 2988 2828 3043; x_wconf 87' lang='lat' dir='ltr'><strong>vitis</strong></span> <span class='ocrx_word' id='word_1_535' title='bbox 2850 2987 3140 3059; x_wconf 86' lang='lat' dir='ltr'><strong>palmites,</strong></span> <span class='ocrx_word' id='word_1_536' title='bbox 3170 3005 3241 3045; x_wconf 94' lang='lat' dir='ltr'><strong>ac</strong></span> <span class='ocrx_word' id='word_1_537' title='bbox 3265 2988 3595 3047; x_wconf 80' lang='lat' dir='ltr'><strong>fructiferas</strong></span> 
     </span>
    </p>
   </div>
   <div class='ocr_carea' id='block_1_77' title="bbox 1939 3075 2217 3130">
    <p class='ocr_par' dir='ltr' id='par_1_77' title="bbox 1939 3075 2217 3130">
     <span class='ocr_line' id='line_1_77' title="bbox 1939 3075 2217 3130; baseline -0.004 0"><span class='ocrx_word' id='word_1_538' title='bbox 1939 3075 2217 3130; x_wconf 88' lang='lat' dir='ltr'><strong>reddens.</strong></span> 
     </span>
    </p>
   </div>
   <div class='ocr_carea' id='block_1_78' title="bbox 2014 3164 3598 3239">
    <p class='ocr_par' dir='ltr' id='par_1_78' title="bbox 2014 3164 3598 3239">
     <span class='ocr_line' id='line_1_78' title="bbox 2014 3164 3598 3239; baseline 0.001 -18"><span class='ocrx_word' id='word_1_539' title='bbox 2014 3167 2171 3221; x_wconf 89' lang='lat' dir='ltr'><strong>Vers.</strong></span> <span class='ocrx_word' id='word_1_540' title='bbox 2206 3168 2259 3220; x_wconf 71' lang='grc'><strong>4.</strong></span> <span class='ocrx_word' id='word_1_541' title='bbox 2291 3164 2449 3222; x_wconf 84' lang='lat' dir='ltr'><strong>Sicut</strong></span> <span class='ocrx_word' id='word_1_542' title='bbox 2482 3197 2549 3206; x_wconf 88' lang='lat'><strong>—</strong></span> <span class='ocrx_word' id='word_1_543' title='bbox 2580 3169 2929 3223; x_wconf 77' lang='lat' dir='ltr'><strong>manseritis.</strong></span> <span class='ocrx_word' id='word_1_544' title='bbox 2957 3170 3155 3239; x_wconf 89' lang='lat' dir='ltr'><strong>Neque</strong></span> <span class='ocrx_word' id='word_1_545' title='bbox 3200 3184 3307 3223; x_wconf 86' lang='lat' dir='ltr'><strong>vos</strong></span> <span class='ocrx_word' id='word_1_546' title='bbox 3346 3167 3598 3225; x_wconf 86' lang='lat' dir='ltr'><strong>fructiﬁ-</strong></span> 
     </span>
    </p>
   </div>
   <div class='ocr_carea' id='block_1_79' title="bbox 1942 3258 3595 3328">
    <p class='ocr_par' dir='ltr' id='par_1_79' title="bbox 1942 3258 3595 3328">
     <span class='ocr_line' id='line_1_79' title="bbox 1942 3258 3595 3328; baseline 0.001 -16"><span class='ocrx_word' id='word_1_547' title='bbox 1942 3273 2076 3313; x_wconf 90' lang='lat' dir='ltr'><strong>care</strong></span> <span class='ocrx_word' id='word_1_548' title='bbox 2107 3258 2366 3328; x_wconf 88' lang='lat' dir='ltr'><strong>potestis,</strong></span> <span class='ocrx_word' id='word_1_549' title='bbox 2403 3258 2448 3312; x_wconf 88' lang='lat' dir='ltr'><strong>si</strong></span> <span class='ocrx_word' id='word_1_550' title='bbox 2488 3274 2525 3314; x_wconf 90' lang='lat' dir='ltr'><strong>a</strong></span> <span class='ocrx_word' id='word_1_551' title='bbox 2554 3258 2671 3313; x_wconf 92' lang='lat' dir='ltr'><strong>mei</strong></span> <span class='ocrx_word' id='word_1_552' title='bbox 2704 3259 3122 3328; x_wconf 90' lang='lat' dir='ltr'><strong>conjunctione</strong></span> <span class='ocrx_word' id='word_1_553' title='bbox 3161 3258 3595 3316; x_wconf 87' lang='lat' dir='ltr'><strong>distrahamini.</strong></span> 
     </span>
    </p>
   </div>
   <div class='ocr_carea' id='block_1_80' title="bbox 2012 3342 3593 3418">
    <p class='ocr_par' dir='ltr' id='par_1_80' title="bbox 2012 3342 3593 3418">
     <span class='ocr_line' id='line_1_80' title="bbox 2012 3342 3593 3418; baseline 0.001 -18"><span class='ocrx_word' id='word_1_554' title='bbox 2012 3346 2174 3400; x_wconf 88' lang='lat' dir='ltr'><strong>Vers.</strong></span> <span class='ocrx_word' id='word_1_555' title='bbox 2212 3342 2265 3401; x_wconf 75' lang='lat'><strong>5.</strong></span> <span class='ocrx_word' id='word_1_556' title='bbox 2293 3348 2421 3416; x_wconf 85' lang='lat' dir='ltr'><strong>Ego</strong></span> <span class='ocrx_word' id='word_1_557' title='bbox 2451 3376 2519 3387; x_wconf 95' lang='lat'><strong><em>—</em></strong></span> <span class='ocrx_word' id='word_1_558' title='bbox 2576 3348 2849 3401; x_wconf 75' lang='lat' dir='ltr'><strong>multum.</strong></span> <span class='ocrx_word' id='word_1_559' title='bbox 2902 3347 3190 3418; x_wconf 82' lang='lat' dir='ltr'><strong>Explanat</strong></span> <span class='ocrx_word' id='word_1_560' title='bbox 3218 3346 3593 3418; x_wconf 87' lang='lat' dir='ltr'><strong>parabolam.</strong></span> 
     </span>
    </p>
   </div>
   <div class='ocr_carea' id='block_1_81' title="bbox 1943 3435 3595 3507">
    <p class='ocr_par' dir='ltr' id='par_1_81' title="bbox 1943 3435 3595 3507">
     <span class='ocr_line' id='line_1_81' title="bbox 1943 3435 3595 3507; baseline 0.001 -17"><span class='ocrx_word' id='word_1_561' title='bbox 1943 3438 2009 3492; x_wconf 90' lang='lat' dir='ltr'><strong>Et</strong></span> <span class='ocrx_word' id='word_1_562' title='bbox 2029 3436 2343 3491; x_wconf 82' lang='lat' dir='ltr'><strong>considera</strong></span> <span class='ocrx_word' id='word_1_563' title='bbox 2381 3435 2685 3507; x_wconf 92' lang='lat' dir='ltr'><strong>quomodo</strong></span> <span class='ocrx_word' id='word_1_564' title='bbox 2705 3436 2938 3491; x_wconf 82' lang='lat' dir='ltr'><strong>dixerit:</strong></span> <span class='ocrx_word' id='word_1_565' title='bbox 2968 3436 3078 3503; x_wconf 83' lang='lat' dir='ltr'><strong>Qui</strong></span> <span class='ocrx_word' id='word_1_566' title='bbox 3106 3443 3306 3492; x_wconf 87' lang='lat' dir='ltr'><strong>manet</strong></span> <span class='ocrx_word' id='word_1_567' title='bbox 3336 3436 3399 3491; x_wconf 84' lang='lat' dir='ltr'><strong>in</strong></span> <span class='ocrx_word' id='word_1_568' title='bbox 3426 3450 3516 3491; x_wconf 87' lang='lat' dir='ltr'><strong>me</strong></span> <span class='ocrx_word' id='word_1_569' title='bbox 3541 3441 3595 3492; x_wconf 83' lang='lat' dir='ltr'><strong>et</strong></span> 
     </span>
    </p>
   </div>
   <div class='ocr_carea' id='block_1_82' title="bbox 1943 3524 3600 3597">
    <p class='ocr_par' dir='ltr' id='par_1_82' title="bbox 1943 3524 3600 3597">
     <span class='ocr_line' id='line_1_82' title="bbox 1943 3524 3600 3597; baseline -0.001 -15"><span class='ocrx_word' id='word_1_570' title='bbox 1943 3542 2044 3597; x_wconf 81' lang='lat' dir='ltr'><strong>ego</strong></span> <span class='ocrx_word' id='word_1_571' title='bbox 2068 3525 2131 3580; x_wconf 84' lang='lat' dir='ltr'><strong>in</strong></span> <span class='ocrx_word' id='word_1_572' title='bbox 2145 3540 2222 3595; x_wconf 87' lang='lat' dir='ltr'><strong>eo,</strong></span> <span class='ocrx_word' id='word_1_573' title='bbox 2253 3525 2350 3581; x_wconf 84' lang='lat' dir='ltr'><strong>hic</strong></span> <span class='ocrx_word' id='word_1_574' title='bbox 2362 3526 2483 3595; x_wconf 82' lang='lat' dir='ltr'><strong>fert</strong></span> <span class='ocrx_word' id='word_1_575' title='bbox 2502 3526 2772 3595; x_wconf 86' lang='lat' dir='ltr'><strong>fructum</strong></span> <span class='ocrx_word' id='word_1_576' title='bbox 2788 3526 3062 3581; x_wconf 84' lang='lat' dir='ltr'><strong>multum.</strong></span> <span class='ocrx_word' id='word_1_577' title='bbox 3089 3528 3234 3581; x_wconf 88' lang='lat' dir='ltr'><strong>Nam</strong></span> <span class='ocrx_word' id='word_1_578' title='bbox 3269 3524 3600 3596; x_wconf 90' lang='lat' dir='ltr'><strong>frequenter</strong></span> 
     </span>
    </p>
   </div>
   <div class='ocr_carea' id='block_1_83' title="bbox 1946 3613 3600 3687">
    <p class='ocr_par' dir='ltr' id='par_1_83' title="bbox 1946 3613 3600 3687">
     <span class='ocr_line' id='line_1_83' title="bbox 1946 3613 3600 3687; baseline 0.001 -17"><span class='ocrx_word' id='word_1_579' title='bbox 1946 3620 2151 3670; x_wconf 88' lang='lat' dir='ltr'><strong>manet</strong></span> <span class='ocrx_word' id='word_1_580' title='bbox 2178 3616 2314 3687; x_wconf 92' lang='lat' dir='ltr'><strong>quis</strong></span> <span class='ocrx_word' id='word_1_581' title='bbox 2353 3614 2709 3684; x_wconf 89' lang='lat' dir='ltr'><strong>conjunctus</strong></span> <span class='ocrx_word' id='word_1_582' title='bbox 2738 3615 2796 3669; x_wconf 92' lang='lat' dir='ltr'><strong>in</strong></span> <span class='ocrx_word' id='word_1_583' title='bbox 2818 3613 3046 3670; x_wconf 88' lang='lat' dir='ltr'><strong>Christo</strong></span> <span class='ocrx_word' id='word_1_584' title='bbox 3074 3630 3178 3687; x_wconf 86' lang='lat' dir='ltr'><strong>per</strong></span> <span class='ocrx_word' id='word_1_585' title='bbox 3207 3613 3385 3670; x_wconf 86' lang='lat' dir='ltr'><strong>fidem</strong></span> <span class='ocrx_word' id='word_1_586' title='bbox 3419 3629 3434 3681; x_wconf 87' lang='lat'><strong>;</strong></span> <span class='ocrx_word' id='word_1_587' title='bbox 3476 3628 3600 3671; x_wconf 90' lang='lat' dir='ltr'><strong>non</strong></span> 
     </span>
    </p>
   </div>
   <div class='ocr_carea' id='block_1_84' title="bbox 1948 3702 3601 3776">
    <p class='ocr_par' dir='ltr' id='par_1_84' title="bbox 1948 3702 3601 3776">
     <span class='ocr_line' id='line_1_84' title="bbox 1948 3702 3601 3776; baseline -0.001 -17"><span class='ocrx_word' id='word_1_588' title='bbox 1948 3710 2360 3759; x_wconf 89' lang='lat' dir='ltr'><strong>manetautem</strong></span> <span class='ocrx_word' id='word_1_589' title='bbox 2375 3702 2639 3757; x_wconf 86' lang='lat' dir='ltr'><strong>Christus</strong></span> <span class='ocrx_word' id='word_1_590' title='bbox 2654 3705 2713 3757; x_wconf 92' lang='lat' dir='ltr'><strong>in</strong></span> <span class='ocrx_word' id='word_1_591' title='bbox 2726 3718 3111 3767; x_wconf 86' lang='lat' dir='ltr'><strong>eo,aversans</strong></span> <span class='ocrx_word' id='word_1_592' title='bbox 3126 3702 3294 3758; x_wconf 92' lang='lat' dir='ltr'><strong>illum</strong></span> <span class='ocrx_word' id='word_1_593' title='bbox 3308 3708 3601 3776; x_wconf 87' lang='lat' dir='ltr'><strong>tanquam</strong></span> 
     </span>
    </p>
   </div>
   <div class='ocr_carea' id='block_1_85' title="bbox 1949 3791 3604 3863">
    <p class='ocr_par' dir='ltr' id='par_1_85' title="bbox 1949 3791 3604 3863">
     <span class='ocr_line' id='line_1_85' title="bbox 1949 3791 3604 3863; baseline 0 -15"><span class='ocrx_word' id='word_1_594' title='bbox 1949 3792 2192 3862; x_wconf 88' lang='lat' dir='ltr'><strong>indigne</strong></span> <span class='ocrx_word' id='word_1_595' title='bbox 2224 3808 2284 3847; x_wconf 91' lang='lat' dir='ltr'><strong>se</strong></span> <span class='ocrx_word' id='word_1_596' title='bbox 2310 3799 2605 3862; x_wconf 86' lang='lat' dir='ltr'><strong>gerentem</strong></span> <span class='ocrx_word' id='word_1_597' title='bbox 2631 3807 2656 3848; x_wconf 69' lang='lat'><strong>.‘</strong></span> <span class='ocrx_word' id='word_1_598' title='bbox 2680 3792 2775 3847; x_wconf 90' lang='lat' dir='ltr'><strong>hic</strong></span> <span class='ocrx_word' id='word_1_599' title='bbox 2815 3791 2927 3847; x_wconf 88' lang='lat' dir='ltr'><strong>fert</strong></span> <span class='ocrx_word' id='word_1_600' title='bbox 2954 3791 3200 3863; x_wconf 90' lang='lat' dir='ltr'><strong>quidem</strong></span> <span class='ocrx_word' id='word_1_601' title='bbox 3232 3791 3511 3857; x_wconf 86' lang='lat' dir='ltr'><strong>fructum,</strong></span> <span class='ocrx_word' id='word_1_602' title='bbox 3544 3795 3604 3848; x_wconf 86' lang='lat' dir='ltr'><strong>at</strong></span> 
     </span>
    </p>
   </div>
   <div class='ocr_carea' id='block_1_86' title="bbox 1950 3878 3603 3952">
    <p class='ocr_par' dir='ltr' id='par_1_86' title="bbox 1950 3878 3603 3952">
     <span class='ocr_line' id='line_1_86' title="bbox 1950 3878 3603 3952; baseline -0.001 -15"><span class='ocrx_word' id='word_1_603' title='bbox 1950 3881 2465 3946; x_wconf 84' lang='lat' dir='ltr'><strong>modicum,unum</strong></span> <span class='ocrx_word' id='word_1_604' title='bbox 2481 3888 2584 3936; x_wconf 89' lang='lat' dir='ltr'><strong>aut</strong></span> <span class='ocrx_word' id='word_1_605' title='bbox 2598 3880 2838 3935; x_wconf 83' lang='lat' dir='ltr'><strong>alterum</strong></span> <span class='ocrx_word' id='word_1_606' title='bbox 2852 3897 3003 3952; x_wconf 88' lang='lat' dir='ltr'><strong>opus</strong></span> <span class='ocrx_word' id='word_1_607' title='bbox 3019 3881 3229 3936; x_wconf 88' lang='lat' dir='ltr'><strong>bonum</strong></span> <span class='ocrx_word' id='word_1_608' title='bbox 3245 3878 3603 3952; x_wconf 89' lang='lat' dir='ltr'><strong>obiter(mm)</strong></span> 
     </span>
    </p>
   </div>
   <div class='ocr_carea' id='block_1_87' title="bbox 1952 3968 3605 4043">
    <p class='ocr_par' dir='ltr' id='par_1_87' title="bbox 1952 3968 3605 4043">
     <span class='ocr_line' id='line_1_87' title="bbox 1952 3968 3605 4043; baseline 0.001 -18"><span class='ocrx_word' id='word_1_609' title='bbox 1952 3971 2280 4043; x_wconf 86' lang='lat' dir='ltr'><strong>perﬁciens.</strong></span> <span class='ocrx_word' id='word_1_610' title='bbox 2313 3970 2592 4025; x_wconf 89' lang='lat' dir='ltr'><strong>Videmus</strong></span> <span class='ocrx_word' id='word_1_611' title='bbox 2623 3976 2822 4026; x_wconf 89' lang='lat' dir='ltr'><strong>autem</strong></span> <span class='ocrx_word' id='word_1_612' title='bbox 2853 3976 2909 4026; x_wconf 89' lang='lat' dir='ltr'><strong>et</strong></span> <span class='ocrx_word' id='word_1_613' title='bbox 2938 3971 2998 4025; x_wconf 92' lang='lat' dir='ltr'><strong>in</strong></span> <span class='ocrx_word' id='word_1_614' title='bbox 3030 3971 3213 4026; x_wconf 86' lang='lat' dir='ltr'><strong>vineis</strong></span> <span class='ocrx_word' id='word_1_615' title='bbox 3252 3968 3605 4041; x_wconf 89' lang='lat' dir='ltr'><strong>hujusmodi</strong></span> 
     </span>
    </p>
   </div>
   <div class='ocr_carea' id='block_1_88' title="bbox 1953 4056 3604 4133">
    <p class='ocr_par' dir='ltr' id='par_1_88' title="bbox 1953 4056 3604 4133">
     <span class='ocr_line' id='line_1_88' title="bbox 1953 4056 3604 4133; baseline 0.002 -19"><span class='ocrx_word' id='word_1_616' title='bbox 1953 4059 2248 4133; x_wconf 86' lang='lat' dir='ltr'><strong>palmites,</strong></span> <span class='ocrx_word' id='word_1_617' title='bbox 2275 4060 2377 4131; x_wconf 92' lang='lat' dir='ltr'><strong>qui</strong></span> <span class='ocrx_word' id='word_1_618' title='bbox 2406 4056 2553 4115; x_wconf 92' lang='lat' dir='ltr'><strong>dum</strong></span> <span class='ocrx_word' id='word_1_619' title='bbox 2583 4060 2695 4114; x_wconf 90' lang='lat' dir='ltr'><strong>illis</strong></span> <span class='ocrx_word' id='word_1_620' title='bbox 2726 4075 2846 4115; x_wconf 93' lang='lat' dir='ltr'><strong>non</strong></span> <span class='ocrx_word' id='word_1_621' title='bbox 2878 4060 3142 4130; x_wconf 88' lang='lat' dir='ltr'><strong>gaudent</strong></span> <span class='ocrx_word' id='word_1_622' title='bbox 3184 4060 3392 4126; x_wconf 65' lang='lat' dir='ltr'><strong>vineae,</strong></span> <span class='ocrx_word' id='word_1_623' title='bbox 3425 4061 3604 4117; x_wconf 84' lang='lat' dir='ltr'><strong>mise-</strong></span> 
     </span>
    </p>
   </div>
   <div class='ocr_carea' id='block_1_89' title="bbox 1953 4148 3084 4221">
    <p class='ocr_par' dir='ltr' id='par_1_89' title="bbox 1953 4148 3084 4221">
     <span class='ocr_line' id='line_1_89' title="bbox 1953 4148 3084 4221; baseline -0.002 -15"><span class='ocrx_word' id='word_1_624' title='bbox 1953 4149 2171 4206; x_wconf 89' lang='lat' dir='ltr'><strong>rabiles</strong></span> <span class='ocrx_word' id='word_1_625' title='bbox 2192 4148 2492 4221; x_wconf 88' lang='lat' dir='ltr'><strong>quosdam</strong></span> <span class='ocrx_word' id='word_1_626' title='bbox 2514 4148 2711 4205; x_wconf 92' lang='lat' dir='ltr'><strong>ferunt</strong></span> <span class='ocrx_word' id='word_1_627' title='bbox 2728 4150 3084 4205; x_wconf 89' lang='lat' dir='ltr'><strong>racemulos.</strong></span> 
     </span>
    </p>
   </div>
   <div class='ocr_carea' id='block_1_90' title="bbox 2027 4327 3605 4401">
    <p class='ocr_par' dir='ltr' id='par_1_90' title="bbox 2027 4327 3605 4401">
     <span class='ocr_line' id='line_1_90' title="bbox 2027 4327 3605 4401; baseline 0.001 -19"><span class='ocrx_word' id='word_1_628' title='bbox 2027 4327 2188 4383; x_wconf 88' lang='lat' dir='ltr'><strong>Vers.</strong></span> <span class='ocrx_word' id='word_1_629' title='bbox 2217 4332 2268 4385; x_wconf 78' lang='grc' dir='ltr'>ὅ.</span> <span class='ocrx_word' id='word_1_630' title='bbox 2293 4327 2438 4395; x_wconf 82' lang='lat' dir='ltr'><strong>Quia</strong></span> <span class='ocrx_word' id='word_1_631' title='bbox 2464 4355 2524 4365; x_wconf 88' lang='lat'><strong>-</strong></span> <span class='ocrx_word' id='word_1_632' title='bbox 2540 4328 2755 4398; x_wconf 75' lang='lat' dir='ltr'><strong>facere.</strong></span> <span class='ocrx_word' id='word_1_633' title='bbox 2796 4330 3107 4400; x_wconf 88' lang='lat' dir='ltr'><strong>Tanquam</strong></span> <span class='ocrx_word' id='word_1_634' title='bbox 3148 4328 3434 4398; x_wconf 86' lang='lat' dir='ltr'><strong>germina,</strong></span> <span class='ocrx_word' id='word_1_635' title='bbox 3467 4343 3605 4401; x_wconf 74' lang='lat' dir='ltr'><strong>qum</strong></span> 
     </span>
    </p>
   </div>
   <div class='ocr_carea' id='block_1_91' title="bbox 1955 4416 3608 4489">
    <p class='ocr_par' dir='ltr' id='par_1_91' title="bbox 1955 4416 3608 4489">
     <span class='ocr_line' id='line_1_91' title="bbox 1955 4416 3608 4489; baseline 0 -15"><span class='ocrx_word' id='word_1_636' title='bbox 1955 4420 2169 4475; x_wconf 90' lang='lat' dir='ltr'><strong>virtute</strong></span> <span class='ocrx_word' id='word_1_637' title='bbox 2212 4434 2245 4472; x_wconf 89' lang='lat' dir='ltr'><strong>a</strong></span> <span class='ocrx_word' id='word_1_638' title='bbox 2288 4418 2483 4473; x_wconf 87' lang='lat' dir='ltr'><strong>radice</strong></span> <span class='ocrx_word' id='word_1_639' title='bbox 2543 4418 2902 4489; x_wconf 90' lang='lat' dir='ltr'><strong>procedente</strong></span> <span class='ocrx_word' id='word_1_640' title='bbox 2953 4433 3071 4472; x_wconf 91' lang='lat' dir='ltr'><strong>non</strong></span> <span class='ocrx_word' id='word_1_641' title='bbox 3109 4416 3405 4473; x_wconf 90' lang='lat' dir='ltr'><strong>fruuntur.</strong></span> <span class='ocrx_word' id='word_1_642' title='bbox 3459 4420 3608 4474; x_wconf 90' lang='lat' dir='ltr'><strong>Cum</strong></span> 
     </span>
    </p>
   </div>
   <div class='ocr_carea' id='block_1_92' title="bbox 252 4503 1829 4614">
    <p class='ocr_par' dir='ltr' id='par_1_92' title="bbox 252 4503 1829 4614">
     <span class='ocr_line' id='line_1_92' title="bbox 252 4503 1829 4586; baseline 0.008 -31"><span class='ocrx_word' id='word_1_643' title='bbox 252 4506 332 4556; x_wconf 85' lang='grc' dir='ltr'>ὅτι</span> <span class='ocrx_word' id='word_1_644' title='bbox 389 4505 465 4556; x_wconf 86' lang='grc' dir='ltr'>Ού</span> <span class='ocrx_word' id='word_1_645' title='bbox 551 4503 778 4558; x_wconf 80' lang='grc' dir='ltr'>δύνασθε</span> <span class='ocrx_word' id='word_1_646' title='bbox 856 4517 1220 4584; x_wconf 80' lang='grc' dir='ltr'>καρποφορεῖν,</span> <span class='ocrx_word' id='word_1_647' title='bbox 1312 4509 1395 4563; x_wconf 86' lang='grc' dir='ltr'><strong>ἐάν</strong></span> <span class='ocrx_word' id='word_1_648' title='bbox 1456 4517 1529 4584; x_wconf 84' lang='grc' dir='ltr'>μὴ</span> <span class='ocrx_word' id='word_1_649' title='bbox 1603 4512 1651 4565; x_wconf 78' lang='grc' dir='ltr'>ἐν</span> <span class='ocrx_word' id='word_1_650' title='bbox 1730 4514 1829 4586; x_wconf 58' lang='grc' dir='ltr'>ἐμοὶ</span> 
     </span>
     <span class='ocr_line' id='line_1_93' title="bbox 301 4594 1828 4614; baseline 0 0"><span class='ocrx_word' id='word_1_651' title='bbox 301 4598 492 4614; x_wconf 27' lang='grc' dir='ltr'><strong>κένκᾉξ-</strong></span> <span class='ocrx_word' id='word_1_652' title='bbox 563 4602 577 4609; x_wconf 71' lang='grc' dir='ltr'><strong>ἐ</strong></span> <span class='ocrx_word' id='word_1_653' title='bbox 647 4594 698 4614; x_wconf 57' lang='lat'><strong>\&#39;</strong></span> <span class='ocrx_word' id='word_1_654' title='bbox 900 4601 909 4613; x_wconf 68' lang='grc' dir='ltr'><strong>ι</strong></span> <span class='ocrx_word' id='word_1_655' title='bbox 989 4600 998 4609; x_wconf 83' lang='lat'><strong><em>‘</em></strong></span> <span class='ocrx_word' id='word_1_656' title='bbox 1132 4603 1141 4614; x_wconf 82' lang='lat' dir='ltr'><strong><em>I</em></strong></span> <span class='ocrx_word' id='word_1_657' title='bbox 1186 4595 1207 4614; x_wconf 55' lang='lat' dir='ltr'><strong>ﬁ</strong></span> <span class='ocrx_word' id='word_1_658' title='bbox 1451 4608 1467 4614; x_wconf 79' lang='grc'><strong>.-</strong></span> <span class='ocrx_word' id='word_1_659' title='bbox 1553 4606 1562 4614; x_wconf 79' lang='grc' dir='ltr'>ι</span> <span class='ocrx_word' id='word_1_660' title='bbox 1637 4601 1647 4614; x_wconf 65' lang='lat'><strong>3</strong></span> <span class='ocrx_word' id='word_1_661' title='bbox 1756 4603 1767 4614; x_wconf 75' lang='grc' dir='ltr'>ιι</span> <span class='ocrx_word' id='word_1_662' title='bbox 1823 4612 1828 4614; x_wconf 69' lang='lat'><strong><em>_</em></strong></span> 
     </span>
    </p>
   </div>
   <div class='ocr_carea' id='block_1_93' title="bbox 1957 4503 3605 4614">
    <p class='ocr_par' dir='ltr' id='par_1_93' title="bbox 1957 4506 3605 4578">
     <span class='ocr_line' id='line_1_94' title="bbox 1957 4506 3605 4578; baseline -0.001 -15"><span class='ocrx_word' id='word_1_663' title='bbox 1957 4515 2157 4564; x_wconf 90' lang='lat' dir='ltr'><strong>autem</strong></span> <span class='ocrx_word' id='word_1_664' title='bbox 2183 4507 2454 4578; x_wconf 90' lang='lat' dir='ltr'><strong>superius</strong></span> <span class='ocrx_word' id='word_1_665' title='bbox 2474 4506 2680 4562; x_wconf 80' lang='lat' dir='ltr'><strong>dixerit</strong></span> <span class='ocrx_word' id='word_1_666' title='bbox 2704 4506 2868 4561; x_wconf 89' lang='lat' dir='ltr'><strong>:Non</strong></span> <span class='ocrx_word' id='word_1_667' title='bbox 2891 4508 3133 4575; x_wconf 79' lang='lat' dir='ltr'><strong>potestis</strong></span> <span class='ocrx_word' id='word_1_668' title='bbox 3152 4506 3317 4576; x_wconf 81' lang='lat' dir='ltr'><strong>ferre</strong></span> <span class='ocrx_word' id='word_1_669' title='bbox 3326 4508 3605 4576; x_wconf 78' lang='lat' dir='ltr'><strong>fructum,</strong></span> 
     </span>
    </p>
   </div>
   <div class='ocr_carea' id='block_1_94' title="bbox 252 4594 1846 4677">
    <p class='ocr_par' dir='ltr' id='par_1_94' title="bbox 252 4594 1846 4677">
     <span class='ocr_line' id='line_1_95' title="bbox 252 4594 1846 4677; baseline 0.008 -34"><span class='ocrx_word' id='word_1_670' title='bbox 252 4598 457 4665; x_wconf 79' lang='grc' dir='ltr'>μείνητε</span> <span class='ocrx_word' id='word_1_671' title='bbox 482 4611 494 4623; x_wconf 80' lang='lat'><strong><em>°</em></strong></span> <span class='ocrx_word' id='word_1_672' title='bbox 522 4602 608 4645; x_wconf 74' lang='grc' dir='ltr'>νῦν</span> <span class='ocrx_word' id='word_1_673' title='bbox 647 4594 782 4666; x_wconf 74' lang='grc' dir='ltr'>λέγει</span> <span class='ocrx_word' id='word_1_674' title='bbox 830 4601 917 4648; x_wconf 85' lang='grc' dir='ltr'>καὶ</span> <span class='ocrx_word' id='word_1_675' title='bbox 949 4600 1033 4649; x_wconf 88' lang='grc' dir='ltr'><strong>τόν</strong></span> <span class='ocrx_word' id='word_1_676' title='bbox 1088 4595 1326 4651; x_wconf 74' lang='grc' dir='ltr'>κίνδυνον</span> <span class='ocrx_word' id='word_1_677' title='bbox 1379 4608 1469 4652; x_wconf 76' lang='grc' dir='ltr'>τοῦ</span> <span class='ocrx_word' id='word_1_678' title='bbox 1498 4606 1569 4674; x_wconf 80' lang='grc' dir='ltr'>μὴ</span> <span class='ocrx_word' id='word_1_679' title='bbox 1628 4601 1676 4654; x_wconf 75' lang='grc' dir='ltr'>ἐν</span> <span class='ocrx_word' id='word_1_680' title='bbox 1708 4603 1846 4677; x_wconf 79' lang='grc' dir='ltr'>αύτῷ</span> 
     </span>
    </p>
   </div>
   <div class='ocr_carea' id='block_1_95' title="bbox 253 4686 507 4755">
    <p class='ocr_par' dir='ltr' id='par_1_95' title="bbox 253 4686 507 4755">
     <span class='ocr_line' id='line_1_96' title="bbox 253 4686 507 4755; baseline 0.008 -22"><span class='ocrx_word' id='word_1_681' title='bbox 253 4686 507 4755; x_wconf 84' lang='grc' dir='ltr'>μένοντος.</span> 
     </span>
    </p>
   </div>
   <div class='ocr_carea' id='block_1_96' title="bbox 326 4771 1560 4852">
    <p class='ocr_par' dir='ltr' id='par_1_96' title="bbox 326 4771 1560 4852">
     <span class='ocr_line' id='line_1_97' title="bbox 326 4771 1560 4852; baseline 0.006 -27"><span class='ocrx_word' id='word_1_682' title='bbox 326 4772 442 4825; x_wconf 83' lang='grc' dir='ltr'>Ἐἀν</span> <span class='ocrx_word' id='word_1_683' title='bbox 468 4804 535 4812; x_wconf 89' lang='grc'><strong>-</strong></span> <span class='ocrx_word' id='word_1_684' title='bbox 565 4771 759 4845; x_wconf 80' lang='grc' dir='ltr'>κλῆμα.</span> <span class='ocrx_word' id='word_1_685' title='bbox 780 4771 868 4835; x_wconf 77' lang='grc' dir='ltr'><strong>Ὠς</strong></span> <span class='ocrx_word' id='word_1_686' title='bbox 897 4778 952 4827; x_wconf 89' lang='grc' dir='ltr'><strong>τό</strong></span> <span class='ocrx_word' id='word_1_687' title='bbox 983 4774 1157 4849; x_wconf 82' lang='grc' dir='ltr'>κλῆμα</span> <span class='ocrx_word' id='word_1_688' title='bbox 1185 4779 1242 4829; x_wconf 89' lang='grc' dir='ltr'><strong>τό</strong></span> <span class='ocrx_word' id='word_1_689' title='bbox 1265 4779 1560 4852; x_wconf 79' lang='grc' dir='ltr'>ἄχρηστον.</span> 
     </span>
    </p>
   </div>
   <div class='ocr_carea' id='block_1_97' title="bbox 329 4949 1850 5035">
    <p class='ocr_par' dir='ltr' id='par_1_97' title="bbox 329 4949 1850 5035">
     <span class='ocr_line' id='line_1_98' title="bbox 329 4949 1850 5035; baseline 0.007 -34"><span class='ocrx_word' id='word_1_690' title='bbox 329 4954 423 5002; x_wconf 82' lang='grc' dir='ltr'><strong>Καὶ</strong></span> <span class='ocrx_word' id='word_1_691' title='bbox 451 4949 727 5024; x_wconf 82' lang='grc' dir='ltr'>ἐξηράνθη.</span> <span class='ocrx_word' id='word_1_692' title='bbox 784 4957 877 5005; x_wconf 73' lang='grc' dir='ltr'><strong>Καὶ</strong></span> <span class='ocrx_word' id='word_1_693' title='bbox 910 4951 1168 5007; x_wconf 76' lang='grc' dir='ltr'>ἀπώλεσεν</span> <span class='ocrx_word' id='word_1_694' title='bbox 1210 4954 1270 5015; x_wconf 81' lang='grc' dir='ltr'>ἣν</span> <span class='ocrx_word' id='word_1_695' title='bbox 1311 4955 1450 5029; x_wconf 82' lang='grc' dir='ltr'>εἶχεν</span> <span class='ocrx_word' id='word_1_696' title='bbox 1478 4956 1531 5010; x_wconf 73' lang='grc' dir='ltr'>ἐκ</span> <span class='ocrx_word' id='word_1_697' title='bbox 1563 4966 1660 5021; x_wconf 82' lang='grc' dir='ltr'>τῆς</span> <span class='ocrx_word' id='word_1_698' title='bbox 1698 4958 1850 5035; x_wconf 80' lang='grc' dir='ltr'>ῥίζης</span> 
     </span>
    </p>
   </div>
   <div class='ocr_carea' id='block_1_98' title="bbox 258 5036 728 5113">
    <p class='ocr_par' dir='ltr' id='par_1_98' title="bbox 258 5036 728 5113">
     <span class='ocr_line' id='line_1_99' title="bbox 258 5036 728 5113; baseline 0.004 -24"><span class='ocrx_word' id='word_1_699' title='bbox 258 5036 461 5110; x_wconf 63' lang='grc' dir='ltr'>ἰκμάδα</span> <span class='ocrx_word' id='word_1_700' title='bbox 488 5041 728 5113; x_wconf 87' lang='grc' dir='ltr'>χάριτος.</span> 
     </span>
    </p>
   </div>
   <div class='ocr_carea' id='block_1_99' title="bbox 330 5130 1853 5207">
    <p class='ocr_par' dir='ltr' id='par_1_99' title="bbox 330 5130 1853 5207">
     <span class='ocr_line' id='line_1_100' title="bbox 330 5130 1853 5207; baseline 0.008 -28"><span class='ocrx_word' id='word_1_701' title='bbox 330 5132 428 5179; x_wconf 83' lang='grc' dir='ltr'><strong>Καὶ</strong></span> <span class='ocrx_word' id='word_1_702' title='bbox 471 5130 784 5199; x_wconf 74' lang='grc' dir='ltr'>συνάγουσιν</span> <span class='ocrx_word' id='word_1_703' title='bbox 837 5132 987 5183; x_wconf 83' lang='grc' dir='ltr'>αύτά.</span> <span class='ocrx_word' id='word_1_704' title='bbox 1026 5136 1124 5184; x_wconf 78' lang='grc' dir='ltr'><strong>Καὶ</strong></span> <span class='ocrx_word' id='word_1_705' title='bbox 1183 5135 1472 5207; x_wconf 69' lang='grc' dir='ltr'>συνάγόυσι</span> <span class='ocrx_word' id='word_1_706' title='bbox 1519 5138 1585 5189; x_wconf 84' lang='grc' dir='ltr'>τὰ</span> <span class='ocrx_word' id='word_1_707' title='bbox 1636 5144 1853 5192; x_wconf 82' lang='grc' dir='ltr'>τοιαῦτα</span> 
     </span>
    </p>
   </div>
   <div class='ocr_carea' id='block_1_100' title="bbox 255 5215 1691 5300">
    <p class='ocr_par' dir='ltr' id='par_1_100' title="bbox 255 5215 1691 5300">
     <span class='ocr_line' id='line_1_101' title="bbox 255 5215 1691 5300; baseline 0.008 -29"><span class='ocrx_word' id='word_1_708' title='bbox 255 5215 498 5290; x_wconf 81' lang='grc' dir='ltr'>κλήματα</span> <span class='ocrx_word' id='word_1_709' title='bbox 527 5218 576 5270; x_wconf 81' lang='grc' dir='ltr'>οἱ</span> <span class='ocrx_word' id='word_1_710' title='bbox 606 5218 818 5291; x_wconf 74' lang='grc' dir='ltr'>ἄγγελοι</span> <span class='ocrx_word' id='word_1_711' title='bbox 847 5222 983 5274; x_wconf 85' lang='grc' dir='ltr'><strong>κατά</strong></span> <span class='ocrx_word' id='word_1_712' title='bbox 1011 5225 1096 5274; x_wconf 86' lang='grc' dir='ltr'><strong>τόν</strong></span> <span class='ocrx_word' id='word_1_713' title='bbox 1118 5228 1299 5300; x_wconf 87' lang='grc' dir='ltr'>καιρόν</span> <span class='ocrx_word' id='word_1_714' title='bbox 1326 5233 1421 5287; x_wconf 81' lang='grc' dir='ltr'>τῆς</span> <span class='ocrx_word' id='word_1_715' title='bbox 1448 5232 1691 5298; x_wconf 80' lang='grc' dir='ltr'>κρίσεως.</span> 
     </span>
    </p>
   </div>
   <div class='ocr_carea' id='block_1_101' title="bbox 1959 4594 3610 4667">
    <p class='ocr_par' dir='ltr' id='par_1_101' title="bbox 1959 4594 3610 4667">
     <span class='ocr_line' id='line_1_102' title="bbox 1959 4594 3610 4667; baseline 0.001 -14"><span class='ocrx_word' id='word_1_716' title='bbox 1959 4598 2077 4653; x_wconf 84' lang='lat' dir='ltr'><strong>nisi</strong></span> <span class='ocrx_word' id='word_1_717' title='bbox 2101 4598 2161 4651; x_wconf 78' lang='lat' dir='ltr'><strong>in</strong></span> <span class='ocrx_word' id='word_1_718' title='bbox 2191 4611 2278 4652; x_wconf 89' lang='lat' dir='ltr'><strong>me</strong></span> <span class='ocrx_word' id='word_1_719' title='bbox 2302 4595 2647 4659; x_wconf 80' lang='lat' dir='ltr'><strong>manseritis,</strong></span> <span class='ocrx_word' id='word_1_720' title='bbox 2677 4610 2837 4650; x_wconf 91' lang='lat' dir='ltr'><strong>nunc</strong></span> <span class='ocrx_word' id='word_1_721' title='bbox 2884 4594 3056 4651; x_wconf 88' lang='lat' dir='ltr'><strong>etiam</strong></span> <span class='ocrx_word' id='word_1_722' title='bbox 3104 4595 3438 4667; x_wconf 90' lang='lat' dir='ltr'><strong>periculum</strong></span> <span class='ocrx_word' id='word_1_723' title='bbox 3469 4595 3610 4656; x_wconf 85' lang='lat' dir='ltr'><strong>dicit</strong></span> 
     </span>
    </p>
   </div>
   <div class='ocr_carea' id='block_1_102' title="bbox 1958 4682 2909 4757">
    <p class='ocr_par' dir='ltr' id='par_1_102' title="bbox 1958 4682 2909 4757">
     <span class='ocr_line' id='line_1_103' title="bbox 1958 4682 2909 4757; baseline -0.002 -16"><span class='ocrx_word' id='word_1_724' title='bbox 1958 4686 2087 4757; x_wconf 91' lang='lat' dir='ltr'><strong>ejus</strong></span> <span class='ocrx_word' id='word_1_725' title='bbox 2116 4685 2221 4757; x_wconf 89' lang='lat' dir='ltr'><strong>qui</strong></span> <span class='ocrx_word' id='word_1_726' title='bbox 2258 4684 2318 4739; x_wconf 91' lang='lat' dir='ltr'><strong>in</strong></span> <span class='ocrx_word' id='word_1_727' title='bbox 2352 4699 2416 4739; x_wconf 89' lang='lat' dir='ltr'><strong>se</strong></span> <span class='ocrx_word' id='word_1_728' title='bbox 2444 4698 2569 4740; x_wconf 91' lang='lat' dir='ltr'><strong>non</strong></span> <span class='ocrx_word' id='word_1_729' title='bbox 2600 4682 2909 4740; x_wconf 88' lang='lat' dir='ltr'><strong>manserit.</strong></span> 
     </span>
    </p>
   </div>
   <div class='ocr_carea' id='block_1_103' title="bbox 2034 4772 3613 4845">
    <p class='ocr_par' dir='ltr' id='par_1_103' title="bbox 2034 4772 3613 4845">
     <span class='ocr_line' id='line_1_104' title="bbox 2034 4772 3613 4845; baseline 0.002 -16"><span class='ocrx_word' id='word_1_730' title='bbox 2034 4774 2191 4830; x_wconf 88' lang='lat' dir='ltr'><strong>Vers.</strong></span> <span class='ocrx_word' id='word_1_731' title='bbox 2251 4778 2302 4830; x_wconf 87' lang='lat'><strong>6.</strong></span> <span class='ocrx_word' id='word_1_732' title='bbox 2333 4772 2829 4842; x_wconf 79' lang='lat' dir='ltr'><strong>Nisi—palmes.</strong></span> <span class='ocrx_word' id='word_1_733' title='bbox 2883 4774 3187 4845; x_wconf 84' lang='lat' dir='ltr'><strong>Tanquam</strong></span> <span class='ocrx_word' id='word_1_734' title='bbox 3240 4776 3613 4833; x_wconf 87' lang='lat' dir='ltr'><strong>sarmentum</strong></span> 
     </span>
    </p>
   </div>
   <div class='ocr_carea' id='block_1_104' title="bbox 1956 4863 2182 4921">
    <p class='ocr_par' dir='ltr' id='par_1_104' title="bbox 1956 4863 2182 4921">
     <span class='ocr_line' id='line_1_105' title="bbox 1956 4863 2182 4921; baseline -0.013 0"><span class='ocrx_word' id='word_1_735' title='bbox 1956 4863 2182 4921; x_wconf 92' lang='lat' dir='ltr'><strong>inutile.</strong></span> 
     </span>
    </p>
   </div>
   <div class='ocr_carea' id='block_1_105' title="bbox 2032 4950 3615 5025">
    <p class='ocr_par' dir='ltr' id='par_1_105' title="bbox 2032 4950 3615 5025">
     <span class='ocr_line' id='line_1_106' title="bbox 2032 4950 3615 5025; baseline 0.003 -17"><span class='ocrx_word' id='word_1_736' title='bbox 2032 4955 2193 5009; x_wconf 78' lang='lat' dir='ltr'><strong>Vers.</strong></span> <span class='ocrx_word' id='word_1_737' title='bbox 2237 4956 2289 5010; x_wconf 90' lang='lat'><strong>6.</strong></span> <span class='ocrx_word' id='word_1_738' title='bbox 2319 4953 2398 5009; x_wconf 88' lang='lat' dir='ltr'><strong>Et</strong></span> <span class='ocrx_word' id='word_1_739' title='bbox 2438 4956 2758 5010; x_wconf 72' lang='lat' dir='ltr'><strong>exarescet.</strong></span> <span class='ocrx_word' id='word_1_740' title='bbox 2792 4952 2857 5009; x_wconf 89' lang='lat' dir='ltr'><strong>Et</strong></span> <span class='ocrx_word' id='word_1_741' title='bbox 2885 4950 3110 5023; x_wconf 89' lang='lat' dir='ltr'><strong>perdet,</strong></span> <span class='ocrx_word' id='word_1_742' title='bbox 3134 4967 3316 5025; x_wconf 90' lang='lat' dir='ltr'><strong>quem</strong></span> <span class='ocrx_word' id='word_1_743' title='bbox 3345 4951 3615 5015; x_wconf 86' lang='lat' dir='ltr'><strong>habebat</strong></span> 
     </span>
    </p>
   </div>
   <div class='ocr_carea' id='block_1_106' title="bbox 1961 5042 2874 5115">
    <p class='ocr_par' dir='ltr' id='par_1_106' title="bbox 1961 5042 2874 5115">
     <span class='ocr_line' id='line_1_107' title="bbox 1961 5042 2874 5115; baseline -0.003 -16"><span class='ocrx_word' id='word_1_744' title='bbox 1961 5059 2034 5099; x_wconf 85' lang='lat' dir='ltr'><strong>ex</strong></span> <span class='ocrx_word' id='word_1_745' title='bbox 2055 5042 2253 5099; x_wconf 89' lang='lat' dir='ltr'><strong>radice</strong></span> <span class='ocrx_word' id='word_1_746' title='bbox 2292 5042 2497 5115; x_wconf 66' lang='lat' dir='ltr'><strong>gratiae</strong></span> <span class='ocrx_word' id='word_1_747' title='bbox 2536 5042 2874 5098; x_wconf 88' lang='lat' dir='ltr'><strong>humorem.</strong></span> 
     </span>
    </p>
   </div>
   <div class='ocr_carea' id='block_1_107' title="bbox 2033 5128 3615 5206">
    <p class='ocr_par' dir='ltr' id='par_1_107' title="bbox 2033 5128 3615 5206">
     <span class='ocr_line' id='line_1_108' title="bbox 2033 5128 3615 5206; baseline 0.003 -19"><span class='ocrx_word' id='word_1_748' title='bbox 2033 5132 2195 5188; x_wconf 90' lang='lat' dir='ltr'><strong>Vers.</strong></span> <span class='ocrx_word' id='word_1_749' title='bbox 2230 5137 2283 5189; x_wconf 86' lang='lat'><strong>6.</strong></span> <span class='ocrx_word' id='word_1_750' title='bbox 2310 5132 2393 5189; x_wconf 79' lang='lat' dir='ltr'><strong>Et</strong></span> <span class='ocrx_word' id='word_1_751' title='bbox 2413 5133 2694 5204; x_wconf 76' lang='lat' dir='ltr'><strong>colligant</strong></span> <span class='ocrx_word' id='word_1_752' title='bbox 2711 5146 2824 5188; x_wconf 87' lang='lat' dir='ltr'><strong>eos.</strong></span> <span class='ocrx_word' id='word_1_753' title='bbox 2846 5133 2912 5186; x_wconf 90' lang='lat' dir='ltr'><strong>Et</strong></span> <span class='ocrx_word' id='word_1_754' title='bbox 2935 5131 3389 5205; x_wconf 83' lang='lat' dir='ltr'><strong>congregabunt</strong></span> <span class='ocrx_word' id='word_1_755' title='bbox 3413 5128 3615 5206; x_wconf 77' lang='lat' dir='ltr'><strong>angeli</strong></span> 
     </span>
    </p>
   </div>
   <div class='ocr_carea' id='block_1_108' title="bbox 1961 5220 3132 5297">
    <p class='ocr_par' dir='ltr' id='par_1_108' title="bbox 1961 5220 3132 5297">
     <span class='ocr_line' id='line_1_109' title="bbox 1961 5220 3132 5297; baseline -0.003 -14"><span class='ocrx_word' id='word_1_756' title='bbox 1961 5223 2315 5297; x_wconf 89' lang='lat' dir='ltr'><strong>hujusmodi</strong></span> <span class='ocrx_word' id='word_1_757' title='bbox 2354 5228 2659 5282; x_wconf 87' lang='lat' dir='ltr'><strong>sarmenta</strong></span> <span class='ocrx_word' id='word_1_758' title='bbox 2684 5222 2747 5280; x_wconf 90' lang='lat' dir='ltr'><strong>in</strong></span> <span class='ocrx_word' id='word_1_759' title='bbox 2784 5220 2874 5281; x_wconf 91' lang='lat' dir='ltr'><strong>die</strong></span> <span class='ocrx_word' id='word_1_760' title='bbox 2901 5221 3132 5295; x_wconf 83' lang='lat' dir='ltr'><strong>judicii.</strong></span> 
     </span>
    </p>
   </div>
   <div class='ocr_carea' id='block_1_109' title="bbox 1432 5430 2369 5505">
    <p class='ocr_par' dir='ltr' id='par_1_109' title="bbox 1432 5430 2369 5505">
     <span class='ocr_line' id='line_1_110' title="bbox 1432 5430 2369 5505; baseline 0 -2"><span class='ocrx_word' id='word_1_761' title='bbox 1432 5430 1659 5503; x_wconf 74' lang='lat' dir='ltr'><strong>Variae</strong></span> <span class='ocrx_word' id='word_1_762' title='bbox 1705 5431 2034 5505; x_wconf 88' lang='lat' dir='ltr'><strong>lectiones</strong></span> <span class='ocrx_word' id='word_1_763' title='bbox 2071 5442 2138 5501; x_wconf 91' lang='lat' dir='ltr'><strong>et</strong></span> <span class='ocrx_word' id='word_1_764' title='bbox 2164 5442 2369 5503; x_wconf 69' lang='lat' dir='ltr'><strong>notae.</strong></span> 
     </span>
    </p>
   </div>
   <div class='ocr_carea' id='block_1_110' title="bbox 331 5642 896 5719">
    <p class='ocr_par' dir='ltr' id='par_1_110' title="bbox 331 5642 896 5719">
     <span class='ocr_line' id='line_1_111' title="bbox 331 5642 896 5719; baseline 0.009 -20"><span class='ocrx_word' id='word_1_765' title='bbox 331 5646 443 5719; x_wconf 79' lang='lat'><strong>(25)</strong></span> <span class='ocrx_word' id='word_1_766' title='bbox 474 5642 810 5702; x_wconf 76' lang='grc' dir='ltr'>Ἐκκόπτεται</span> <span class='ocrx_word' id='word_1_767' title='bbox 840 5652 896 5705; x_wconf 89' lang='grc' dir='ltr'>Β.</span> 
     </span>
    </p>
   </div>
   <div class='ocr_carea' id='block_1_111' title="bbox 328 5720 1290 5867">
    <p class='ocr_par' dir='ltr' id='par_1_111' title="bbox 328 5720 1290 5867">
     <span class='ocr_line' id='line_1_112' title="bbox 328 5720 1290 5867; baseline 0.014 -96"><span class='ocrx_word' id='word_1_768' title='bbox 328 5721 440 5867; x_wconf 45' lang='grc' dir='ltr'><strong>ἓῖϐ)</strong></span> <span class='ocrx_word' id='word_1_769' title='bbox 474 5720 640 5803; x_wconf 78' lang='lat' dir='ltr'><strong>Forte</strong></span> <span class='ocrx_word' id='word_1_770' title='bbox 672 5720 716 5772; x_wconf 79' lang='grc' dir='ltr'>εἰ</span> <span class='ocrx_word' id='word_1_771' title='bbox 744 5726 854 5787; x_wconf 80' lang='grc' dir='ltr'>καὶ,</span> <span class='ocrx_word' id='word_1_772' title='bbox 882 5729 985 5781; x_wconf 90' lang='lat' dir='ltr'><strong>aut</strong></span> <span class='ocrx_word' id='word_1_773' title='bbox 1011 5722 1107 5779; x_wconf 80' lang='grc' dir='ltr'><strong>κᾶν</strong></span> <span class='ocrx_word' id='word_1_774' title='bbox 1134 5721 1290 5802; x_wconf 74' lang='grc' dir='ltr'>δοκῇ.</span> 
     </span>
     <span class='ocr_line' id='line_1_113' title="bbox 353 5789 967 5867; baseline 0.016 -22"><span class='ocrx_word' id='word_1_775' title='bbox 353 5789 496 5867; x_wconf 88' lang='lat' dir='ltr'><strong>mm)</strong></span> <span class='ocrx_word' id='word_1_776' title='bbox 528 5790 745 5852; x_wconf 70' lang='lat' dir='ltr'><strong>Obiter.</strong></span> <span class='ocrx_word' id='word_1_777' title='bbox 778 5795 967 5855; x_wconf 87' lang='lat' dir='ltr'><strong>Forte.</strong></span> 
     </span>
    </p>
   </div>
   <div class='ocr_carea' id='block_1_112' title="bbox 353 5789 967 5867">
    <p class='ocr_par' dir='ltr' id='par_1_112' title="bbox 353 5789 967 5867">
     <span class='ocr_line' id='line_1_114' title="bbox 353 5789 967 5867; baseline 0.016 -22"><span class='ocrx_word' id='word_1_778' title='bbox 353 5789 496 5867; x_wconf 88' lang='lat' dir='ltr'><strong>mm)</strong></span> <span class='ocrx_word' id='word_1_779' title='bbox 528 5790 745 5852; x_wconf 80' lang='lat' dir='ltr'><strong>Obiter.</strong></span> <span class='ocrx_word' id='word_1_780' title='bbox 778 5795 967 5855; x_wconf 87' lang='lat' dir='ltr'><strong>Forte.</strong></span> 
     </span>
    </p>
   </div>
   <div class='ocr_carea' id='block_1_113' title="bbox 2040 5654 3345 5732">
    <p class='ocr_par' dir='ltr' id='par_1_113' title="bbox 2040 5654 3345 5732">
     <span class='ocr_line' id='line_1_115' title="bbox 2040 5654 3345 5732; baseline 0.009 -17"><span class='ocrx_word' id='word_1_781' title='bbox 2040 5656 2156 5732; x_wconf 86' lang='lat'><strong>(27)</strong></span> <span class='ocrx_word' id='word_1_782' title='bbox 2194 5656 2268 5711; x_wconf 89' lang='grc' dir='ltr'><strong>Δι’</strong></span> <span class='ocrx_word' id='word_1_783' title='bbox 2295 5662 2482 5729; x_wconf 83' lang='grc' dir='ltr'>αὐτῶν,</span> <span class='ocrx_word' id='word_1_784' title='bbox 2513 5661 2581 5717; x_wconf 82' lang='grc' dir='ltr'>Α.</span> <span class='ocrx_word' id='word_1_785' title='bbox 2614 5654 2783 5719; x_wconf 85' lang='lat' dir='ltr'><strong>Forte</strong></span> <span class='ocrx_word' id='word_1_786' title='bbox 2823 5654 2857 5713; x_wconf 83' lang='grc' dir='ltr'><em>δ</em></span> <span class='ocrx_word' id='word_1_787' title='bbox 2863 5661 3117 5725; x_wconf 74' lang='grc' dir='ltr'>ι’ἕαντοὺς</span> <span class='ocrx_word' id='word_1_788' title='bbox 3146 5660 3345 5721; x_wconf 71' lang='grc' dir='ltr'><strong>ΥοῙιιίῑο</strong></span> 
     </span>
    </p>
   </div>
  </div>
