4130 6320
627 325 757 385 1411

700 453 868 512 Vers.
898 459 956 516 6.
987 457 1064 513 Et
1097 487 1164 498 --
1195 456 1536 529 conjicient.
1568 455 1889 512 Gebennas.

696 547 863 603 Vers.
881 551 931 604 6.
954 547 1029 603 Et
1042 546 1352 604 ardebant.
1370 544 1931 611 lnﬂammabuutur,
1946 559 2065 600 non
2083 549 2284 600 tamen

625 634 1066 692 comburantur.
1090 637 1220 692 Non
1241 642 1550 694 manentes
1572 640 1770 691 autem
1797 634 1856 689 in
1889 650 1970 700 se,
1994 633 2135 688 dicit
2165 649 2282 688 non

624 740 729 781 eos
757 725 976 797 solum,
1009 726 1115 799 qui
1141 725 1334 782 abillo
1361 730 1500 782 sunt
1537 723 1829 797 amputati
1879 728 1980 778 aut
2007 722 2282 790 abscissi,

624 813 730 870 sed
773 820 830 871 et
875 813 1005 871 illos
1035 815 1140 888 qui
1182 831 1300 871 non
1334 813 1580 870 ﬁrmiter
1611 829 1748 869 cum
1780 827 1851 867 eo
1898 811 2276 884 copulantur.

693 904 856 960 Vers.
886 909 948 962 ’7.
985 904 1053 960 Si
1086 935 1150 946 -
1186 903 1366 961 vobis.
1398 903 1546 960 Nihil
1577 903 1730 958 enim
1757 901 2066 971 indignum
2098 905 2276 973 petet,

620 994 725 1067 qui
754 992 814 1050 in
846 993 943 1050 Dei
987 995 1294 1067 praeceptis
1324 999 1618 1048 versatur.
1659 990 1986 1047 Considera
2009 1005 2146 1046 vero
2164 990 2279 1046 hoc

619 1097 753 1138 esse
783 1083 1076 1138 Christum
1106 1082 1166 1137 in
1197 1082 1500 1154 discipulis
1538 1096 1802 1145 manere,
1835 1079 2020 1135 verba
2043 1079 2174 1151 ejus
2215 1079 2277 1135 in

620 1170 732 1226 illis
760 1187 1025 1236 manere,
1059 1172 1182 1227 sive
1210 1172 1452 1238 servari,
1488 1175 1592 1227 aut
1619 1184 1794 1242 opere
1812 1167 2037 1242 perﬁci.

692 1259 856 1316 Vers.
889 1264 941 1316 8.
973 1260 1046 1315 In
1075 1290 1144 1302 —
1173 1260 1450 1329 aﬁ'emtis.
1497 1290 1560 1300 —
1589 1259 1958 1326 Gloriﬁcatus
2001 1263 2104 1324 est,
2161 1257 2276 1314 hoc

619 1354 725 1414 est,
748 1349 1208 1406 Gloriticahitur.
1236 1351 1301 1404 Ut
1333 1347 1611 1414 aﬂ‘eratis,
1641 1347 1698 1404 id
1727 1352 1837 1413 est,
1867 1347 1911 1402 si
1941 1347 2271 1404 attuleritis.

620 1439 795 1496 Multa
816 1437 1112 1511 siquidem
1139 1444 1273 1495 sunt
1319 1438 1484 1510 apud
1513 1438 1878 1511 Scripturam
1921 1435 2274 1510 hujusmodi

621 1527 926 1586 idiomata.

692 1705 848 1760 Vers.
910 1705 965 1762 8.
1016 1706 1093 1760 Et
1126 1736 1194 1746 —
1259 1705 1560 1774 discipuli.
1608 1703 1856 1762 Perfecti
1906 1702 2270 1760 efﬁciamini.

1951 315 2298 414 EU'rnvMu
2337 311 2668 381 ZlGABENl

2315 455 2362 510 Α
2465 459 2565 508 Καὶ
2591 485 2659 494 -
2685 453 2961 527 βάλλουσι.
2989 459 3059 508 Τὸ
3089 463 3181 519 τῆς
3212 459 3438 529 γεέννης.

3850 329 3950 387 “l2

2465 547 2564 595 Καὶ
2615 548 2836 598 καίεται.
2875 549 2974 596 Καὶ
3033 543 3321 616 φλέγονται,
3356 545 3413 596 οὗ
3443 549 3550 617 μὴν
3601 549 3949 599 κατακαίονταί.

2392 630 2466 681 Οὐ
2489 636 2732 702 μένοντας
2759 629 2816 684 δὲ
2842 631 2890 684 ἐν
2909 633 3046 704 αὐτῷ
3076 633 3210 705 λέγει
3231 634 3289 686 οῦ
3316 639 3470 705 μόνον
3486 637 3612 694 τοὺς
3639 633 3949 695 (inomni-na;

2389 720 2418 777 ή
2488 718 2914 792 ἀποσχισθέντας
2977 722 3156 788 αὐτοῦ,
3226 721 3353 775 ἀλλά
3413 727 3500 775 καὶ
3567 727 3690 784 τοὺς
3749 720 3949 796 putidis);

2391 811 2738 882 συναφθέντας
2769 811 2928 882 αὐτῷ.

2460 899 2575 951 Ἐὰν
2629 931 2696 939 -
2760 902 2904 972 ὑμῖν.
2968 898 3135 953 Οὐδὲν
3194 903 3294 975 γὰρ
3366 900 3574 964 ἀνάξιον
3641 903 3945 961 αἰτήσεταιὸ

2385 994 2500 1048 ταῖς
2529 986 2754 1050 ἐντολαῖς
2783 997 2873 1041 τοῦ
2905 996 3039 1042 Θεοῦ
3070 988 3548 1062 ἐμπολιτευόμενος.
3588 995 3775 1043 Σκόπει
3819 988 3868 1042 δὲ
3891 993 3944 1040 ότι

2385 1080 2533 1129 τοῦτό
2565 1076 2676 1130 ἐστι
2699 1081 2755 1130 τὸ
2788 1082 2951 1150 μένειν
2982 1083 3065 1130 τόν
3095 1082 3322 1153 Χριστὸν
3367 1077 3415 1130 ἐν
3458 1086 3566 1140 τοῖς
3605 1081 3873 1150 μαθηταῖς,
3906 1087 3943 1129 τά

2383 1169 2450 1217 τὰ
2493 1167 2706 1240 ῥήματα
2749 1167 2908 1219 αὐτοῦ
2952 1171 3116 1240 μένειν
3147 1167 3195 1220 ἐν
3241 1168 3425 1230 αὐτοῖς,
3480 1172 3654 1220 εἷτουν
3691 1170 3943 1241 τηρεῖσθαι,

2384 1254 2719 1330 ἐνεργεῖσθαι.

2453 1343 2530 1397 Ἐν
2589 1377 2656 1386 -
2705 1349 2906 1418 φέρητε.
2960 1349 3029 1397 Τὸ
3087 1348 3177 1417 μεν
3224 1341 3506 1410 ἐδοξάσθη,
3565 1344 3680 1398 ἀντὶ
3736 1353 3840 1408 τοῦ,
3886 1342 3946 1397 δον

2384 1432 2615 1495 ξάζεται.
2640 1437 2709 1485 Τό
2743 1430 2800 1486 δὲ
2831 1433 2913 1484 ἵνα
2943 1438 3146 1510 φέρητε,
3180 1433 3294 1486 ἀντὶ
3323 1441 3414 1485 τοῦ
3446 1435 3529 1486 ἐὰν
3574 1439 3780 1508 φέρητε.
3815 1433 3946 1486 Πολλὰ

2383 1525 2484 1596 ’γὰρ
2509 1530 2723 1575 τοιαῦτα
2757 1519 3020 1595 ἰδιώματα
3048 1525 3190 1598 παρά
3218 1531 3278 1595 τῇ
3315 1529 3513 1599 Γραφῇ.

2455 1708 2554 1756 Καὶ
2597 1735 2664 1742 -
2709 1703 2963 1775 μαθηταί.
3004 1703 3513 1778 Ἀπαρτισθήσεσθε.
3579 1706 3942 1775 Παρατηρητέον

623 1792 1082 1850 Observandum
1109 1795 1308 1864 igitur,
1338 1794 1504 1866 quod
1551 1794 1601 1848 is
1659 1794 1761 1865 qui
1814 1793 2063 1849 fractum
2102 1791 2270 1849 affert

2382 1790 2468 1846 οὖν
2521 1795 2600 1844 ὅτι
2646 1793 2672 1843 ὁ
2728 1796 2924 1865 καρπόν
2977 1791 3133 1843 πολὺν
3189 1796 3370 1866 φέρων,
3426 1793 3579 1854 οὗτος
3645 1791 3946 1863 ἀπαρτίζεται

617 1882 953 1954 copiosum,
978 1882 1072 1938 hic
1101 1883 1393 1954 perfectus
1419 1883 1662 1938 efﬁcitur
1690 1884 1892 1938 Christi
1923 1881 2270 1954 discipulus.

617 1970 940 2027 Gloriticari
983 1978 1182 2027 autem
1230 1971 1376 2027 dixit
1405 1974 1634 2026 Patrem
1666 1978 1721 2026 et
1759 1973 2039 2040 gaudere,
2087 1972 2143 2025 in
2173 1987 2272 2026 co-

616 2061 788 2130 piosa
810 2059 1264 2116 fructiﬁcatione
1295 2064 1350 2115 et
1378 2059 1638 2132 perfecto
1665 2059 2025 2131 discipulalu
2052 2059 2266 2131 ipsius,

615 2147 945 2204 adhortans
983 2165 1086 2203 eos
1112 2148 1189 2203 ad
1216 2148 1371 2203 hanc
1409 2164 1556 2210 rem,
1585 2155 1870 2220 tanquam
1904 2148 1980 2204 ad
2013 2147 2074 2204 id
2103 2149 2270 2220 quod

618 2236 871 2292 Domino
897 2242 1134 2306 gratum
1186 2241 1298 2294 est.

691 2323 851 2382 Vere.
884 2327 936 2380 9.
961 2325 1134 2382 Sicut
1167 2358 1227 2366 —
1257 2341 1372 2382 vos.
1431 2328 1510 2382 Eo
1557 2326 1737 2382 modo
1776 2342 1892 2398 quo
1919 2343 2014 2383 me
2068 2326 2271 2382 dilexit

619 2416 807 2480 Pater,
870 2421 1156 2488 tanquam
1211 2414 1480 2471 videlicet
1527 2415 1842 2471 facientem
1906 2416 2269 2473 voluntatem

618 2522 793 2561 suam
846 2527 860 2559 :
926 2505 1008 2562 ita
1049 2510 1104 2560 et
1157 2520 1269 2575 ego
1317 2504 1493 2560 dilexi
1537 2521 1664 2569 vos,
1707 2510 1996 2577 tanquam
2051 2505 2270 2562 scilicet

615 2595 899 2652 facientes
948 2593 1313 2651 voluntatem
1347 2610 1556 2649 meam.

642 2760 644 2762 ν
685 2686 745 2740 ln
764 2683 1238 2756 praecedentibus
1284 2683 1532 2756 quidem
1574 2683 1715 2740 data
1742 2689 1829 2740 est
1856 2701 1892 2740 a
1942 2684 2116 2740 nobis
2154 2685 2271 2740 dis-

613 2771 816 2830 tinctio
840 2773 915 2828 de
943 2776 1114 2838 sicut,
1157 2773 1646 2845 quemadmodum
1678 2779 1735 2829 et
1758 2772 2072 2840 similibus,
2104 2774 2270 2846 quod

615 2878 751 2918 cum
765 2861 838 2917 de
854 2861 1042 2924 Patre.
1063 2861 1203 2918 Filio
1217 2879 1284 2918 ac
1304 2863 1519 2931 Spiritu
1536 2868 1741 2918 sancto
1755 2862 2052 2928 dicuntur,
2068 2879 2267 2935 aequa-

612 2950 840 3006 litatem
870 2949 1209 3018 signiﬁcant
1233 2967 1246 3016 ;
1267 2966 1404 3005 cum
1433 2965 1572 3006 vero
1599 2950 1672 3005 de
1695 2954 1810 3006 Deo
1826 2957 1880 3007 et
1903 2952 2268 3020 hominibus,

615 3038 1066 3095 similitudinem
1114 3037 1473 3108 designant:
1513 3053 1718 3094 verum
1760 3038 2090 3096 similitudo
2147 3057 2268 3096 non

614 3127 840 3198 ubique
865 3141 965 3198 per
993 3127 1199 3183 omnia
1228 3126 1488 3199 quadrat
1527 3126 1678 3200 (nn).

640 3290 642 3292 ν
685 3216 851 3272 Vers.
884 3221 937 3274 9.
969 3217 1202 3275 Manete
1230 3247 1302 3258 —
1340 3233 1480 3272 mea.
1535 3219 1789 3274 Rursum
1845 3218 2116 3289 astringit
2145 3217 2269 3275 illos

615 3307 694 3364 ad
724 3323 806 3363 se.

683 3393 852 3452 Vers.
883 3400 966 3453 10.
994 3396 1064 3453 Si
1095 3427 1159 3436 —
1197 3395 1530 3454 dilectione.
1591 3399 1652 3453 Et
1681 3397 1990 3469 quomodo
2020 3397 2268 3453 moreris

612 3484 773 3542 velut
802 3485 988 3542 homo
1020 3501 1228 3542 carens
1255 3486 1479 3542 auxilio
1510 3485 1538 3541 Ἰ
1567 3487 1719 3552 Quia
1767 3487 1889 3543 vult
1936 3487 2050 3543 hoc
2102 3490 2270 3544 Pater

613 3579 669 3630 et
716 3589 850 3644 ego,
882 3590 990 3647 pro
1040 3575 1357 3631 hominum
1413 3574 1622 3631 salute:
1667 3575 1811 3648 quia
1839 3575 1994 3631 hanc
2034 3592 2270 3648 quoque

609 3679 739 3721 rem
769 3663 923 3721 duco
963 3663 1236 3734 gloriam.
1272 3664 1428 3721 Sicut
1454 3681 1596 3736 ergo
1619 3680 1729 3736 ego
1755 3665 2003 3722 dilectus
2030 3683 2065 3723 a
2107 3669 2271 3723 Patre

612 3757 815 3811 tamen
845 3769 948 3826 pro
973 3753 1141 3809 vobis
1161 3754 1408 3817 morior,
1433 3754 1516 3809 sic
1545 3760 1601 3809 et
1627 3769 1731 3810 vos
1759 3755 1840 3810 ita
1861 3771 1896 3812 a
1926 3771 2021 3810 me
2051 3755 2267 3822 dilecti,

610 3843 950 3900 moriemini
1000 3847 1200 3900 tamen
1247 3858 1357 3916 pro
1391 3860 1505 3900 me.
1550 3845 1700 3899 Nam
1727 3843 2072 3915 hujusmodi
2117 3861 2270 3900 mors

605 3933 781 4006 juxta
792 3931 1230 4006 beneplacitum
1247 3938 1480 4003 est,non
1493 3950 1564 3990 ex
1581 3934 1716 3990 odio
1729 3940 1830 3990 aut
1846 3934 2265 3992 imbecillitate.

683 4021 844 4077 Vers.
872 4022 960 4075 lt.
983 4022 1207 4078 Hcec—
1227 4029 1488 4079 maneat.
1513 4023 2058 4080 Hmcconsolatoria
2084 4024 2270 4082 verba

611 4109 846 4166 locutus
899 4125 1034 4165 sum
1081 4110 1270 4178 vobis,
1307 4112 1412 4184 qui
1455 4111 1533 4167 ob
1578 4128 1774 4168 meam
1824 4113 2268 4170 discruciamini

613 4203 863 4254 mortem
887 4213 901 4263 ;
933 4199 1319 4269 utgaudium,
1351 4201 1516 4271 quod
1534 4206 1660 4256 erat
1702 4207 1942 4273 propter
1967 4218 2084 4267 me,
2105 4202 2268 4274 quod

611 4287 688 4342 de
709 4301 803 4342 me
834 4287 1208 4356 gandebatis,
1257 4289 1446 4344 donec
1475 4289 1825 4344 advenirent
1877 4290 2006 4346 haec
2058 4292 2264 4358 tristia,

610 4389 736 4432 non
764 4379 1217 4449 corrumpatur;
1248 4376 1352 4432 sed
1379 4377 1437 4433 in
1466 4377 1633 4433 vobis
1679 4385 1940 4444 maneat,
1979 4396 2117 4435 cum
2148 4396 2268 4436 cer-

2340 1879 2620 1954 ’μαθητής
2673 1889 2763 1933 τοῦ
2803 1887 3056 1954 Χριστοῦ.
3087 1879 3406 1942 Δοξάςεσθαι
3465 1877 3544 1946 δὲ,
3607 1885 3727 1940 ἦτοι
3771 1885 3944 1952 χαίρειν

2379 1975 2462 2024 τὸν
2491 1975 2696 2043 Πατέρα
2748 1966 2902 2039 εἶπεν,
2934 1968 2980 2020 ἐν
3012 1977 3073 2042 τῇ
3103 1969 3260 2041 πολλῇ
3308 1975 3641 2044 καρποφορίᾳ
3684 1973 3772 2020 καὶ
3812 1967 3944 2032 τελείᾳ

2379 2062 2635 2133 μαθητείᾳ
2670 2058 2850 2123 αὐτοῦ,
2882 2062 3292 2132 προτρεπόμενος
3321 2057 3511 2119 αὐτοὺς
3542 2057 3629 2111 ἐπὶ
3658 2061 3714 2110 τό
3739 2061 3939 2130 πρᾶγμα,

2380 2153 2449 2212 ὡς
2477 2153 2559 2202 επὶ
2587 2144 2932 2201 εὖαπόδικτον
2958 2156 3028 2218 τῷ
3057 2155 3188 2218 Θεῷ.

2454 2330 2637 2390 Καθὼς
2685 2357 2751 2369 -
2782 2328 2935 2399 ὑμᾶς.
2967 2325 3061 2379 “Ov
3093 2330 3280 2399 τρόπον
3326 2326 3576 2398 ήγιὶπησέ
3607 2345 3669 2398 με
3699 2327 3723 2377 ὁ
3773 2327 3937 2396 Πατὴρ,

2379 2421 2443 2478 ὡς
2484 2425 2731 2469 ποιοῦντα
2777 2412 2984 2474 δηλαδὴ
3019 2417 3075 2466 τό
3136 2414 3333 2487 θέλημα
3382 2414 3544 2466 αὐτοῦ
3571 2431 3583 2443 ·
3648 2414 3777 2466 οὕτω
3826 2409 3935 2480 κάγώ

2381 2508 2637 2578 ἠγάπησα
2666 2507 2821 2578 ὑμᾶς,
2847 2508 2914 2566 ὡς
2946 2512 3220 2566 ποιοῦντας
3249 2507 3308 2556 τὸ
3341 2502 3540 2574 θέλημά
3569 2523 3694 2575 μου.

2453 2592 2868 2669 Ιιροδιέσταλται
2896 2591 2953 2646 δε
2984 2595 3106 2665 ἡμῖν
3134 2594 3213 2645 ὅτι
3247 2596 3304 2645 τὸ
3335 2594 3504 2652 καθὼς
3533 2597 3628 2644 καὶ
3655 2593 3718 2643 τὰ
3741 2596 3929 2647 τοιαῦτα,

2379 2688 2499 2738 ὅταν
2530 2689 2618 2757 μὲν
2646 2683 2728 2737 ἐπὶ
2767 2691 2856 2736 τοῦ
2905 2687 3107 2758 Πατρός
3149 2688 3238 2734 καὶ
3276 2689 3367 2734 τοῦ
3411 2683 3537 2734 Υἱοῦ
3569 2686 3660 2733 καὶ
3689 2688 3774 2733 τοῦ
3814 2678 3928 2747 ἁγίου

2383 2779 2674 2846 Πνεῦματος
2713 2774 2981 2844 λέγωνται,
3015 2772 3235 2830 ἰσότητα
3288 2768 3541 2829 δήλοῦσιν
3570 2792 3582 2804 ο
3616 2773 3733 2823 ὅταν
3783 2764 3831 2820 (ἴε
3867 2764 3927 2816 ἐπὶ

2381 2873 2513 2918 Θεοῦ
2558 2869 2643 2916 καὶ
2700 2862 3000 2936 ἀνθρώπων,
3050 2865 3336 2935 ὁμοιότητα
3390 2866 3774 2932 σημαίνουσιν·
3817 2859 3839 2913 ἡ
3884 2850 3922 2904 δὲ

2381 2957 2621 3026 ὁμοιότης
2647 2952 2704 3006 οὗ
2732 2954 3062 3005 παντάπασιν
3097 2950 3509 3026 ἀπαράλλακτος.

2450 3208 2668 3259 Μείνατε
2704 3235 2761 3244 -
2795 3200 2911 3276 ἐμῇ.
2944 3200 3102 3254 Πάλιν
3132 3199 3430 3274 ἐπισφίγγιι
3455 3199 3673 3261 αὐτούς.

2453 3384 2568 3437 Ἐὰν
2613 3414 2680 3423 -
2726 3381 2925 3453 ἀγάπη.
2979 3385 3078 3432 Καὶ
3135 3387 3240 3440 πῶς
3288 3377 3662 3446 ἀποθνήσκεις,
3713 3377 3818 3428 ὡσεὶ
3855 3370 3922 3420 αἶν-

2383 3477 2579 3548 θρωπος
2625 3471 2952 3538 ἀϐοήθητος;
3004 3474 3145 3522 Διότι
3201 3468 3328 3521 θελει
3380 3474 3536 3519 τοῦτο
3595 3467 3735 3518 καὶό
3784 3462 3923 3527 Πατήρ

2378 3563 2523 3634 κάγὼ
2569 3564 2694 3636 ὑπὲρ
2749 3568 2843 3621 τῆς
2903 3564 3158 3633 σωτηρίας
3215 3566 3315 3610 τῶν
3374 3556 3673 3630 ἀνθρώπων,
3724 3554 3818 3606 ἐπεὶ
3858 3548 3925 3596 καὶ

2381 3650 2537 3716 δόξαν
2591 3655 2648 3703 τὸ
2710 3656 2930 3726 πρᾶγμα
2987 3651 3212 3720 ήγημαι.
3265 3646 3465 3720 Ὠσπερ
3509 3642 3600 3697 οὖν
3653 3644 3759 3714 ἐγὼ,
3803 3638 3927 3691 οὕτως

2381 3741 2712 3815 ἀγαπώμενος
2753 3741 2853 3791 ὑπὸ
2906 3745 2998 3790 τοῦ
3055 3739 3274 3810 Πατρός,
3341 3737 3480 3798 ὅμως
3531 3734 3826 3789 ἀποθνήσκω
3872 3719 3926 3775 δι’

2377 3833 2512 3904 ὑμᾶς
2537 3851 2548 3862 ·
2577 3829 2711 3881 οὕτω
2736 3833 2826 3880 καὶ
2865 3829 3030 3899 ὑμεῖς,
3087 3827 3251 3886 οὕτως
3304 3822 3635 3895 ἀγαπώμενοι
3668 3819 3780 3892 παρ’
3809 3815 3924 3874 έμθῧι

2377 3921 2516 3992 ὅμως
2569 3917 2910 3970 ἀποθανεῖσθε
2974 3911 3048 3967 δι’
3105 3917 3210 3987 ἐμέ.
3286 3912 3411 3966 Κατ’
3482 3909 3718 3964 εὐδοκίαν
3780 3906 3866 3976 γὰρ
3907 3917 3925 3949 ο

2376 4016 2609 4069 τοιοῦτος
2687 4009 2923 4072 θάνατος,
3005 4004 3063 4056 οῦ
3117 4005 3250 4055 κατὰ
3323 4000 3655 4075 ἀποστροφήν
3719 3999 3744 4054 ἦ
3806 3992 3924 4044 ἀσθέ·

2374 4117 2529 4150 νειαν.

2444 4193 2623 4238 Ταῦτα
2667 4215 2730 4226 -
2759 4188 2927 4256 μείνῃ.
2977 4189 3156 4235 Ταῦτα
3184 4184 3250 4234 τά
3302 4180 3708 4253 παραμυθητικά
3751 4173 3923 4248 ῥήματα

2374 4275 2630 4331 λελάληκα
2659 4275 2778 4346 ὑμῖν
2835 4271 3127 4343 ἀνιωμένοις
3179 4269 3263 4323 ἐπὶ
3291 4278 3360 4340 τῷ
3422 4271 3621 4340 θανάτῳ
3650 4285 3762 4339 μου,
3809 4263 3919 4310 ita”?

2374 4367 2521 4437 χαρὰ
2574 4365 2603 4421 ἡ
2660 4359 2732 4414 δι’
2787 4360 2891 4434 ἐμὲ,
2944 4360 3004 4418 ἣν
3057 4359 3295 4433 ἑχαίρετι
3347 4358 3424 4410 ἐπ’
3486 4357 3601 4430 ἐμοὶ
3652 4357 3799 4428 μέχρι
3845 4353 3917 4396 τῶν

611 4464 789 4522 tiores
830 4465 966 4522 facti
979 4445 1126 4536 sitis,
1152 4445 1317 4540 quod
1329 4482 1447 4523 non
1462 4467 1794 4540 relinquam
1823 4483 1920 4526 vos
1946 4469 2262 4539 orphanos,

2379 4456 2698 4528 σκυθρωπῶν
2729 4454 2943 4518 τούτων,
2976 4454 3047 4523 μή
3083 4449 3364 4522 ἀφανισθῇ,
3408 4447 3534 4500 ἀλλὰ
3567 4446 3615 4498 ἐν
3659 4445 3769 4515 ὑμῖν
3801 4445 3913 4510 μείνῃ

2389 4542 2413 4552 ι-
2448 4542 2474 4552 ιι
2585 4544 2604 4552 -
2639 4549 2659 4552 —
2826 4541 2846 4552 ι-
2933 4547 2960 4552 -
2986 4540 2998 4552 .
3089 4537 3101 4552 ς
3167 4543 3176 4552 ,
3328 4540 3340 4551 ρ
3402 4543 3422 4552 -
3525 4536 3538 4548 ς
3711 4536 3718 4547 .
3825 4522 3913 4552 3.1;,

607 4554 708 4612 sed
734 4555 956 4612 iterum
995 4556 1229 4614 veniam
1261 4556 1343 4614 ad
1368 4572 1495 4616 vos.

679 4805 841 4860 Vere.
881 4806 964 4861 Η.
992 4805 1073 4861 Et
1099 4837 1166 4847 -—
1206 4807 1597 4877 compleatur.
1641 4809 1708 4863 Et
1732 4812 1790 4865 ut
1831 4809 2118 4880 gaudium
2169 4825 2265 4867 ve-

611 4898 824 4966 strum,
840 4894 1005 4967 quod
1025 4893 1099 4950 de
1116 4911 1210 4952 me
1233 4900 1342 4962 est,
1357 4896 1749 4969 compleatur,
1767 4898 2005 4954 sicutab
2019 4899 2263 4956 exordio

609 4983 739 5054 ejus
755 4983 1217 5056 exspectabatis,
1252 4991 1562 5057 sperantes
1609 5003 1846 5060 semper
1867 5004 2102 5044 mecum
2126 5004 2263 5045 con-

606 5073 856 5132 versari.

680 5162 843 5218 Vers.
899 5167 982 5218 l2.
1025 5161 1147 5221 Hoc
1183 5179 1388 5221 -—vos.
1442 5165 1512 5221 Ut
1563 5164 1821 5236 diligatis
1863 5183 1965 5222 vos
2013 5168 2263 5226 invicem

609 5249 764 5308 adeo
791 5252 1189 5319 vehementer,
1224 5258 1288 5309 ut
1315 5253 1482 5310 etiam
1505 5270 1614 5327 pro
1642 5257 1810 5311 vobis
1859 5257 2111 5312 invicem
2138 5275 2262 5313 mo-

609 5339 849 5397 riamini
888 5354 902 5397 :
935 5354 1048 5411 ego
1107 5341 1266 5397 enim
1317 5341 1401 5398 sic
1433 5341 1615 5400 dilexi
1668 5361 1793 5410 vos,
1827 5351 1884 5400 ut
1939 5347 2119 5402 etiam
2162 5363 2266 5418 pro

2378 4542 2764 4616 βεϐαιωθεῖσιν,
2820 4540 3034 4592 ὃ-ιΟῦκ
3081 4537 3266 4611 aprica)
3319 4540 3455 4610 ὑμᾶς
3513 4536 3772 4611 ὀρφανοὺς,
3823 4524 3913 4576 αλλα

2374 4631 2527 4686 πάλιν
2558 4633 2784 4706 ἔρχομαι
2805 4635 2930 4704 πρός
2961 4630 3114 4701 ὑμᾶς.

2447 4817 2547 4867 Καὶ
2585 4810 2944 4886 -πληρωθῇ.
2981 4814 3081 4864 Καὶ
3112 4809 3194 4861 ἵνα
3223 4808 3252 4866 ἠ
3295 4810 3445 4880 χαρὰ
3488 4808 3630 4880 ὑμῶν
3675 4805 3703 4862 ἡ
3743 4797 3904 4864 ἐπ’ἐμῦι

2372 4902 2644 4976 πληρωθῇ,
2673 4903 2742 4962 ὡς
2779 4900 2828 4952 ἐν
2885 4899 3026 4976 ἀρχῇ
3061 4898 3220 4959 αὐτῆς
3252 4893 3626 4971 προσεδοκᾶτε,
3679 4891 3910 4948 ἐλπίζοντες

2375 4992 2452 5045 ἀεί
2483 5011 2572 5064 μοι
2603 4996 2846 5045 σῦνεῖναι.

2446 5169 2586 5227 Αὕτη
2665 5199 2733 5210 -
2799 5167 2954 5241 ὑμᾶς.
3034 5163 3144 5219 Ἵνα
3210 5163 3447 5237 ἀγαπᾶτε
3518 5160 3755 5220 ἀλλήλους
3811 5147 3914 5246 οὗῖω

2377 5256 2637 5333 σφοδρῶς,
2671 5261 2740 5320 ὡς
2763 5263 2853 5310 καὶ
2883 5258 3009 5328 ὑπὲρ
3040 5254 3268 5313 ἀλλήλων
3300 5252 3672 5312 ἀποθνήσκειν·
3701 5245 3814 5299 οὕτω
3837 5245 3914 5308 γαρ

2373 5349 2518 5422 κάγὼ
2556 5349 2816 5420 ἠγάπησα
2862 5347 3020 5420 ὑμᾶς,
3049 5346 3120 5408 ὡς
3147 5347 3237 5396 καὶ
3283 5344 3406 5417 ὑπὲρ
3438 5343 3578 5416 ὑμῶν
3623 5335 3916 5392 ἀποθνήσκειν

1829 5552 2046 5623 Varias
2087 5555 2409 5627 lectiones
2443 5563 2510 5624 et
2555 5562 2758 5624 notae.

679 5739 806 5836 (nn)
849 5738 1140 5811 quadrat.
1169 5741 1415 5813 Similis,
1449 5759 1574 5804 non
1611 5744 1926 5809 absimilis.
