4130 6320
217 372 357 427 1413

215 495 348 557 ἤδη.
409 503 645 567 Συνεχως
704 491 763 546 δὲ
827 496 891 545 τὰ
960 499 1177 545 τοιαῦτα
1241 493 1392 563 λέγει,
1456 490 1810 555 ἀνεξάλειπτον
1842 492 1890 545 Α

214 595 334 648 ταῖς
362 582 609 659 καρδίαις
640 583 806 635 αὐτῶν
838 582 1162 653 ἐγκολάπτων
1188 587 1280 640 τὴν
1309 581 1535 653 ἀγάπην.

287 676 425 751 Ὀρα
463 672 521 726 δὲ
572 675 867 744 θαυμασίαν
915 675 1115 745 σειράν·
1161 668 1423 724 δέδεικται
1477 674 1575 743 γαρ
1631 673 1709 723 ὃτι
1760 674 1814 723 τό

217 774 389 838 μεῖναι
434 762 481 815 ἐν
517 770 589 833 τῷ
640 770 855 834 Χριστῷ
894 767 1091 831 γίνεται
1125 762 1226 812 ἀπό
1262 768 1351 812 τοῦ
1384 760 1588 832 ἀγαπᾷν
1640 761 1813 813 αὐτόν·

216 858 277 906 τό
346 850 405 905 δὲ
455 850 661 921 ἀγαπᾷν
713 850 867 901 αὐτὸν
946 848 1045 901 ἀπὸ
1096 858 1187 901 τοῦ
1240 852 1331 911 τὰς
1388 848 1591 909 ἐντολὰς
1659 850 1818 901 αὑτοῦ

218 950 412 1014 τηρεῖν·
455 943 484 998 ἡ
545 940 717 997 ἐντολὴ
767 935 825 991 δὲ
874 939 1052 1005 αὐτοῦ,
1106 942 1187 991 ἵνα
1231 938 1507 1011 ἀγαπῶμεν
1549 938 1816 1000 ἀλλήλους’

221 1034 355 1082 ὥστε
386 1034 442 1081 τό
493 1027 698 1100 ἀγαπᾷν
746 1028 992 1090 ἀλλήλους
1030 1033 1194 1099 μένειν
1240 1026 1287 1079 ἐν
1316 1037 1384 1098 τῷ
1416 1033 1631 1101 Χριστῷ
1684 1027 1818 1092 ἐστι,

220 1127 309 1173 καὶ
381 1119 585 1191 ἀγαπᾷν
660 1122 744 1170 τὸν
808 1123 935 1170 Θεόν
1018 1117 1149 1181 ἐστι,
1219 1123 1307 1170 καὶ
1386 1117 1824 1189 ἀναπεπλεγμέναι

220 1214 351 1282 πρὸς
412 1208 631 1269 ἀλλήλας
698 1208 829 1260 εἰσὶν
883 1211 912 1266 ἦ
991 1227 1042 1260 τε
1104 1211 1232 1279 πρὸς
1290 1210 1418 1259 Θεὸν
1472 1213 1560 1259 καὶ
1613 1210 1641 1265 ἡ
1699 1212 1823 1280 πρὸς

223 1298 474 1360 ἀλλήλους
550 1297 747 1369 ἀγάπη.
827 1297 992 1349 Εἰπὼν
1057 1293 1114 1348 δὲ
1185 1299 1264 1348 ὃτι
1338 1299 1505 1356 καθὼς
1568 1297 1825 1366 ἠγάπησα

220 1390 375 1459 ὑμᾶς,
408 1384 597 1450 ἔδειξεν
629 1388 709 1439 ὅτι
740 1386 989 1447 ἑκουσίως
1024 1385 1340 1443 ἀποθνήσκει
1366 1382 1457 1437 διὰ
1494 1391 1586 1444 τὴν
1620 1386 1824 1457 ἀγάπην

222 1476 407 1529 αὐτῶν.

293 1566 521 1625 Μείζονα
570 1594 634 1603 -
674 1564 853 1617 αὐτοῦ.
890 1564 1115 1624 Μείζονα
1167 1567 1358 1624 ταύτης
1409 1572 1504 1625 τῆς
1559 1564 1693 1615 οὕτω
1742 1584 1824 1635 με-

220 1654 385 1727 γάλης
445 1657 513 1714 ὡς
566 1658 657 1705 καὶ
706 1658 799 1711 τὴν
843 1653 1028 1724 ψυχὴν
1087 1653 1286 1725 ἀφεῖναι
1335 1656 1459 1727 υπερ
1516 1663 1611 1706 τῶν
1644 1654 1821 1724 φίλων,

222 1746 393 1803 καθὼς
445 1742 543 1814 ἐγὼ
596 1750 728 1794 ποιῶ
782 1750 891 1795 νυν.
944 1747 1136 1795 Λοιπὸν
1186 1739 1272 1794 οὖν
1312 1743 1404 1794 οὐκ
1453 1742 1506 1805 ἐξ
1562 1741 1823 1805 ἀσθενείας

224 1832 370 1905 ἐμῆς,
428 1832 531 1883 ἀλλ’
598 1832 653 1894 ἐξ
715 1830 925 1903 ἀγάπης
980 1833 1118 1903 ὑμῶν
1173 1830 1500 1897 ἀποθνήσκω,
1551 1838 1640 1884 καὶ
1692 1832 1821 1885 οἰκο-
1860 1844 1905 1901 Β

722 1920 1046 1993 χωρίζομαι,
1106 1925 1196 1972 καὶ
1242 1925 1312 1992 μὴ
1368 1920 1628 1993 ἀθυμεῖτε.
1682 1923 1827 1973 Ἐπεὶ

228 2008 285 2063 δὲ
331 2010 502 2083 φᾶους
534 2010 692 2062 αὑτοῦ
727 2008 841 2080 (28)
890 2006 1216 2075 ὑπεδήλωσε,
1248 2009 1383 2081 λέγει
1429 2019 1534 2070 πῶς
1566 2011 1668 2062 εἰσι
1695 2009 1828 2082 φίλοι

228 2119 408 2151 αυτου.

223 1930 443 1988 νομικῶς
504 1922 646 1993 ὑμῶν

296 2189 459 2259 Ὑμεῖς
518 2220 581 2228 -
645 2189 784 2259 ὑμῖν.
858 2186 928 2238 Ὠ
1002 2195 1091 2247 τῆς
1172 2186 1476 2240 ἀνεικάστου
1543 2187 1827 2263 φιλανθρω-

227 2278 396 2339 πίαςί
460 2276 532 2349 ἐφ’
585 2278 730 2349 ἡμῶν
782 2280 871 2348 μὲν
942 2276 1034 2327 οὐκ
1092 2278 1152 2327 ἄν
1212 2281 1334 2329 ποτέ
1386 2297 1461 2337 τις
1512 2282 1599 2329 τόν
1646 2278 1827 2349 ειᾶγνώο

227 2386 357 2439 μονα
390 2362 573 2418 δοῦλον
616 2370 813 2437 ποιήσῃ
867 2364 1029 2436 φίλον
1089 2366 1113 2416 ὁ
1155 2362 1213 2417 δὲ
1264 2371 1491 2437 Χριστός
1538 2372 1627 2419 καὶ
1680 2375 1828 2419 τοῦτο

226 2463 381 2522 ποιεῖ,
436 2454 623 2526 μᾶλλον
684 2451 742 2505 δὲ
792 2458 877 2505 καὶ
940 2450 1157 2525 ἀδελφόν
1225 2454 1380 2505 αὐτόν
1455 2453 1823 2528 ἀπεργάζεταιο

227 2543 607 2614 Ἀπαγγείλατε
670 2544 792 2616 γὰρ,
867 2548 1017 2613 φησὶ,
1086 2551 1189 2603 τοίς
1258 2539 1499 2613 ἀδελφοῖς
1570 2562 1689 2607 μου,
1748 2551 1830 2595 ἰνα

228 2631 517 2683 ἀπελθωσιν
591 2631 655 2691 εἰς
731 2636 821 2689 τὴν
900 2631 1190 2683 Γαλιλαίαν·
1244 2638 1333 2683 xui
1383 2633 1601 2683 υἱοθετεί
1649 2640 1828 2683 τοῦτον

226 2730 297 2791 τῷ
353 2726 537 2794 Πατρὶ,
572 2725 660 2772 καὶ
703 2723 931 2790 καθιστᾴ
972 2719 1388 2795 συγκληρονόμον
1433 2729 1522 2780 τῆς
1556 2718 1830 2791 βασιλείας

227 2818 325 2860 τῶν
353 2809 601 2882 οὐρανῶν.

1011 2903 1109 2949 Καὶ
1148 2901 1271 2950 πότε
1322 2897 1507 2958 αὐτοὺς
1556 2906 1660 2951 εἶπε
1701 2895 1829 2950 δού-

228 2985 383 3052 λους;
423 2984 546 3037 Ὀτε
602 2982 875 3038 διδάσκων
926 2986 1249 3039 ἀπεκάλυπτε
1296 2991 1390 3044 τήν
1432 2986 1669 3049 ἐξουσίαν
1736 2996 1827 3050 τῆς

299 2897 409 2947 Ou’x
461 2900 533 2949 ἔτι
589 2928 658 2938 —
713 2894 946 2957 δούλους.

231 3074 412 3126 ἑαυτοῦ
465 3076 723 3136 θεότητος.
782 3080 881 3127 Καὶ
960 3074 1229 3149 προλαϐών
1312 3072 1370 3128 δε
1441 3078 1595 3129 εἶπεν·
1660 3076 1829 3149 Ὑμεῖς

232 3166 438 3236 φωνεῖτέ
476 3183 537 3235 με
585 3165 609 3215 ό
663 3167 851 3238 Κύριος
899 3170 988 3217 καὶ
1041 3166 1065 3216 ὁ
1119 3162 1463 3227 διδάσκαλος⁸
1520 3170 1608 3219 καὶ
1665 3166 1829 3228 καλῶς
1865 3193 1904 3248 C

228 3252 413 3323 λέγετε¹
457 3252 561 3325 εἰμί
590 3254 710 3326 γάρ,

297 3340 417 3393 ’Ὁτι
448 3374 513 3380 —
542 3345 745 3417 Κύριος.
774 3347 837 3394 Τί
862 3349 1001 3395 ποιεῖ
1027 3341 1338 3417 ἀποῤῥητον.

297 3429 451 3503 ’Υμάς
512 3463 570 3471 ςι-
620 3432 760 3503 ὑμίν.
820 3431 1127 3502 Ἀνὴγγειλα
1164 3434 1284 3503 ὑμῖν
1328 3434 1396 3493 ὡς
1440 3432 1607 3505 φίλοις
1636 3436 1824 3500 πάντα,

228 3522 327 3571 ὅσα
380 3517 646 3577 ἠδύνασθε
712 3519 999 3592 βαστάζειν
1084 3518 1343 3592 δηλονότι,
1431 3524 1528 3574 ὅσα
1605 3522 1826 3574 ἀκοῦσαι

227 3610 361 3679 ὑμᾶς
389 3609 537 3668 εἰκός.
569 3615 651 3679 Τῷ
683 3610 809 3680 φίλῳ
840 3613 937 3681 γὰρ
992 3629 1091 3675 τις,
1122 3609 1179 3661 οὗ
1221 3618 1292 3681 τῷ
1342 3606 1529 3682 δούλῳ,
1562 3630 1825 3664 καταπισ-

226 3699 360 3749 τεύει
390 3700 451 3748 tu
482 3696 770 3771 ἀπόρρητα.

303 3880 401 3927 Καὶ
448 3881 550 3948 μὴν
601 3874 835 3950 ἀνωτέρω
882 3876 1055 3928 εἰπὼν·
1123 3876 1290 3949 Ὑμεῖς
1348 3877 1484 3950 φίλοι
1533 3881 1633 3951 μού
1688 3877 1823 3945 ἐστε,

229 3967 312 4019 ἐὰν
380 3974 562 4022 ποιῆτε
622 3967 723 4016 ὅσα
806 3966 905 4035 ἐγὼ
994 3964 1283 4038 ἐντελλομαι
1366 3968 1505 4038 ὑμῖν·
1599 3966 1826 4039 ἐνέφηνεν

230 4058 310 4107 ότι
335 4058 475 4105 οὔπη
522 4054 670 4117 εἰσὶν,
706 4053 833 4105 ἀλλὰ
882 4059 993 4107 τότε
1041 4056 1171 4107 εἰσὶν
1212 4057 1294 4107 ὅτε
1334 4064 1565 4108 ποιοῦσι’
1600 4066 1707 4119 πῶς
1740 4054 1826 4109 οὖν

232 4144 449 4196 ἐνταῦθά
502 4162 677 4212 φησιν·
746 4142 902 4215 ’Υμᾶς
960 4141 1018 4196 δὲ
1062 4147 1243 4216 εἷρηκα
1291 4145 1486 4217 φίλους,
1544 4148 1622 4198 ὃτι
1663 4148 1830 4198 πάντα

231 4232 265 4283 ά
321 4235 525 4289 ἤκουσα
595 4234 737 4306 παρὰ
784 4240 874 4283 τοῦ
947 4238 1148 4304 Πατρός
1204 4253 1303 4305 μου
1367 4232 1625 4307 ἐγνώρισα
1670 4236 1824 4307 Quia;

230 4323 299 4374 Τὸ
354 4319 485 4386 ἐστε,
539 4319 652 4373 ἀντὶ
711 4329 800 4375 τοῦ
847 4318 1131 4395 διαμένετε,
1164 4327 1372 4389 νόησον,
1407 4324 1487 4375 ὃτι
1536 4325 1675 4384 όντες
1718 4320 1827 4382 ἠδη

231 4413 320 4461 καὶ
378 4409 444 4469 εἰς
487 4412 544 4461 τὸ
608 4410 724 4471 ἑξῆς
777 4407 1063 4483 διαμένει-ε,
1101 4409 1184 4463 ἐὰν
1231 4420 1413 4470 ποιῆτε
1454 4412 1554 4464 ὅσα
1604 4411 1702 4484 ἐγὼ
1759 4412 1831 4464 ἐν-

231 4497 471 4571 τελλομαι
510 4501 650 4573 ὑμῖν.

1863 4545 1910 4600 D

304 4677 430 4728 Εἶτα
454 4678 637 4734 τίθησι
658 4682 745 4729 καὶ
777 4677 896 4730 ἄλλο
921 4682 1196 4753 τεκμήριον
1216 4684 1305 4730 τοῦ
1336 4680 1475 4750 ἔχειν
1503 4678 1688 4740 αὐτοὺς
1719 4679 1833 4753 (29)

233 4763 415 4838 φίλους
437 4765 638 4819 ἑαυτοῦ.

306 4853 427 4926 Οὐχ
481 4886 551 4895 -
602 4856 755 4927 ὑμᾶς,
801 4858 945 4909 Κατά
1002 4854 1263 4929 ἀπόφασιν
1302 4858 1327 4908 ὁ
1392 4856 1559 4929 λόγος,
1611 4859 1691 4910 ὅτι
1734 4856 1834 4930 ἑγὼ

305 5033 351 5065 ’θ
386 5032 582 5089 Matth.
612 5036 918 5101 xxvm,10.
1030 5036 1048 5070 ¹
1081 5035 1251 5092 Joan.
1283 5052 1404 5105 xm,
1442 5039 1523 5093 t3.

1268 354 1626 421 (ιοιιιιιιῖΝΤ.
1672 363 1741 419 IN
1780 351 2127 419 JOANNEM.
2170 394 2237 404 -
2279 363 2438 419 CAP.
2487 348 2604 418 xv.

3434 348 3576 416 tm

1924 488 2100 546 vobis
2118 489 2247 561 jam
2272 488 2520 546 moriar.
2546 488 2908 562 Frequenter
2935 491 3138 545 autem
3159 486 3301 544 talia
3330 485 3492 553 dicit,
3516 490 3585 542 ut

1929 580 2213 636 cordibus
2238 595 2448 635 eorum
2474 579 2825 636 charitatem
2845 577 3236 635 indelebiliter
3263 576 3581 648 insculpat.

1996 669 2138 725 Vide
2177 675 2376 727 autem
2418 668 2844 725 admirandum
2885 667 3185 724 vinculum
3219 684 3233 733 ;
3286 666 3583 738 siquidem

1927 764 2235 815 ostensum
2282 764 2391 824 est,
2433 758 2595 831 quod
2650 759 2886 814 mansio
2930 758 2991 813 in
3034 756 3265 813 Christo
3317 755 3588 827 procedit

1929 864 2002 904 ex
2031 848 2162 918 ejus
2219 847 2533 903 dilectione
2586 852 2641 903 et
2690 846 3101 903 observatione
3156 844 3584 901 mandatorum

1930 936 2123 1005 illius;
2156 940 2521 1009 praeceptum
2544 952 2682 992 vero
2714 936 2842 1007 ejus
2875 940 2981 998 est.
3009 941 3074 991 ut
3127 934 3446 1005 diligamus
3476 947 3589 990 nos

1934 1027 2205 1081 invicem.
2252 1028 2454 1098 Itaque
2484 1026 2725 1095 diligere
2740 1041 2852 1081 nos
2871 1024 3127 1081 invicem
3145 1028 3238 1079 est
3262 1022 3323 1078 in
3356 1022 3587 1079 Christo

1934 1129 2178 1170 manere
2195 1132 2208 1181 ;
2225 1120 2281 1170 et
2301 1130 2536 1171 servare
2557 1114 2654 1170 Dei
2678 1118 2997 1186 praecepta,
3011 1118 3102 1168 est
3118 1112 3361 1182 diligere
3378 1112 3589 1177 Deum;

1935 1208 2192 1276 suntque
2220 1204 2370 1258 inter
2398 1219 2461 1258 se
2484 1218 2767 1259 connexae
2825 1202 3059 1258 dilectio
3106 1216 3244 1273 qua:
3300 1204 3389 1257 est
3448 1214 3595 1271 erga

1937 1296 2143 1359 Deum,
2161 1298 2372 1367 etquae
2395 1298 2480 1348 est
2503 1307 2646 1362 erga
2666 1308 2774 1349 nos
2792 1293 3067 1349 invicem.
3095 1292 3305 1347 Dicens
3336 1296 3538 1347 autem
3577 1304 3588 1342 :

1936 1382 2099 1439 Sicut
2124 1383 2310 1438 dilexi
2329 1397 2446 1447 vos,
2476 1382 2737 1438 ostendit
2764 1381 2931 1454 quod
2974 1380 3310 1437 voluntarie
3358 1383 3595 1451 propter

1936 1471 2173 1527 illorum
2220 1471 2600 1527 dilectionem
2633 1470 2943 1527 moriatur.

2005 1562 2169 1616 Vers.
2212 1562 2298 1615 13.
2330 1561 2619 1631 Maiorem
2651 1590 2720 1601 —
2749 1562 2889 1616 suis.
2944 1559 3227 1633 Majorem
3274 1558 3408 1623 hac,
3456 1572 3593 1629 qum

1938 1650 2091 1705 adeo
2135 1665 2422 1720 magnam
2449 1654 2557 1716 est,
2592 1654 2655 1705 ut
2684 1650 2863 1706 etiam
2894 1649 3100 1706 anima
3126 1664 3236 1721 pro
3263 1647 3472 1705 amicis
3500 1661 3593 1701 re-

1938 1739 2187 1811 linquat,
2251 1740 2401 1796 sicut
2448 1755 2558 1811 ego
2606 1755 2768 1795 nunc
2823 1739 2999 1795 facio.
3062 1738 3271 1811 Itaque
3321 1753 3442 1793 non
3520 1751 3593 1791 ex

1938 1827 2358 1892 imbecillitate,
2382 1829 2485 1884 sed
2519 1843 2591 1884 ex
2630 1828 2810 1884 vestri
2863 1827 3178 1883 dilectione
3226 1825 3470 1892 morior,
3521 1840 3593 1880 ac

1937 1917 2367 1988 dispensatoris
2394 1934 2431 1973 a
2460 1917 2629 1973 vobis
2655 1933 2896 1989 separor
2937 1933 2951 1984 ;
2976 1916 3152 1972 nolite
3182 1932 3325 1986 ergo
3375 1914 3596 1971 contri-

1936 2006 2096 2061 stari.
2123 2006 2347 2078 thuia
2375 2006 2601 2061 amicos
2626 2022 2727 2061 eos
2757 2005 3036 2072 ostendit,
3062 2020 3224 2061 nunc
3252 2004 3429 2061 etiam
3453 2002 3596 2059 dicit

1935 2096 2244 2168 quomodo
2276 2095 2395 2151 sint
2415 2094 2595 2151 amici
2634 2096 2745 2151 sui.

2006 2184 2173 2239 Vers.
2207 2185 2295 2251 14,
2334 2186 2444 2241 Vos
2473 2215 2535 2226 --
2590 2184 2764 2240 vobis.
2814 2185 2858 2240 Ο
2914 2182 3452 2255 incomparabilem
3482 2180 3596 2236 hu-

1937 2272 2310 2329 inanitatem!
2338 2276 2655 2346 Nunquam
2678 2273 2982 2345 quispiam
3004 2288 3247 2328 servum
3265 2272 3593 2342 benignum

1934 2362 2073 2417 facit
2099 2362 2211 2418 sibi
2233 2362 2496 2417 amicum
2524 2380 2537 2428 ;
2568 2362 2829 2418 Christus
2868 2366 3065 2417 autem
3094 2362 3271 2417 etiam
3292 2361 3405 2415 hoc
3430 2358 3591 2424 facit,

1936 2452 2129 2520 magis
2146 2457 2344 2506 autem
2360 2457 2416 2505 et
2428 2450 2666 2505 fratrem
2682 2466 2821 2505 eum
2837 2449 3041 2505 eﬂicit:
3058 2450 3363 2515 Nuntiate,
3378 2449 3590 2520 inquit,

1930 2539 2227 2609 fratribus
2243 2539 2385 2595 meis
2408 2546 2470 2594 ut
2484 2539 2702 2595 abeant
2724 2540 2789 2594 in
2814 2538 3126 2594 Galilaeam
3141 2540 3188 2573 ⁸⁸
3214 2554 3228 2604 ;
3247 2542 3424 2610 atque
3439 2536 3594 2592 Patri

1934 2628 2095 2683 hunc
2122 2628 2183 2682 in
2223 2627 2430 2683 Filium
2472 2628 2727 2695 asciscit,
2781 2628 3079 2700 simulque
3110 2627 3273 2697 regni
3311 2625 3593 2683 caelorum

1936 2716 2232 2773 haeredem
2258 2716 2577 2773 constituit.

2008 2895 2173 2950 Vers.
2208 2896 2293 2949 15.
2338 2897 2476 2952 Jam
2520 2911 2635 2951 non
2681 2926 2747 2936 —
2795 2909 3008 2952 servos.
3070 2896 3138 2951 Et
3158 2894 3405 2967 quando
3460 2894 3591 2951 illos

1937 2984 2104 3049 dixit,
2138 2985 2384 3041 servos?
2411 2984 2667 3050 Quando
2695 2986 2919 3041 docens
2948 2984 3287 3040 occultabat
3316 2984 3424 3056 (oo)
3467 3000 3592 3040 suae

1939 3073 2267 3129 divinitatis
2324 3075 2671 3145 potentiam.
2732 3075 2797 3130 In
2870 3073 3339 3147 praecedentibus
3412 3075 3594 3131 etiam

1939 3163 2112 3219 dixit:
2132 3164 2241 3220 Vos
2250 3167 2468 3220 vocatis
2480 3179 2570 3220 me
2588 3163 2891 3220 dominum
2905 3170 2960 3219 et
2973 3162 3406 3234 magistrum,et
3424 3164 3594 3221 bene-

1940 3252 2135 3308 dicitis
2164 3269 2177 3307 :
2207 3268 2337 3309 sum
2353 3253 2567 3309 etenim
2593 3253 2636 3307 ¹.

2009 3342 2171 3397 Vers.
2202 3346 2284 3396 t5.
2316 3340 2549 3407 Quia—
2574 3339 2869 3396 dominus.
2893 3338 3047 3405 Quid
3068 3338 3252 3396 faciat
3270 3338 3594 3395 occultum.

2009 3431 2167 3486 Vers.
2198 3434 2285 3486 15.
2323 3432 2427 3486 Vos
2458 3460 2524 3472 —-
2552 3429 2729 3485 vobis.
2771 3428 3121 3485 Renuntiavi
3176 3428 3346 3484 vobis
3391 3432 3599 3489 omnia

1939 3524 2223 3592 tanquam
2254 3518 2482 3584 amicis,
2530 3532 2908 3589 quaecunque
2959 3516 3230 3574 videlicet
3284 3517 3434 3574 ferre
3492 3534 3598 3591 po-

1940 3608 2159 3677 tuistis,
2226 3623 2599 3680 quascunque
2700 3620 2943 3677 equum
3035 3610 3182 3672 erat,
3266 3610 3330 3662 ut
3424 3608 3594 3663 audi-

1934 3697 2073 3754 retis
2102 3713 2115 3751 :
2148 3697 2341 3754 amico
2364 3710 2626 3768 namque
2666 3700 2861 3751 etnon
2890 3709 3061 3751 servo
3090 3694 3277 3751 credit
3290 3695 3593 3768 quispiam

1939 3802 2181 3843 arcana.

2006 3874 2184 3947 Atqui
2210 3872 2477 3945 superius
2507 3888 2647 3927 cum
2676 3871 2928 3930 diceret:
2969 3872 3066 3929 Vos
3096 3872 3273 3929 amici
3297 3872 3414 3929 mei
3438 3873 3591 3939 estis,

1937 3966 1989 4020 si
1997 3964 2271 4032 feceritis,
2289 3977 2653 4034 quaecunque
2669 3976 2773 4031 ego
2783 3962 3064 4031 priet-ipio
3078 3962 3236 4018 vobis
3254 3964 3297 4027 ³,
3313 3962 3590 4028 ostendit,

1938 4053 2097 4126 quod
2154 4051 2426 4107 nondum
2490 4054 2677 4115 erant,
2729 4050 2832 4106 sed
2886 4051 3067 4106 futuri
3122 4056 3281 4117 tunc,
3337 4067 3476 4107 cum
3522 4066 3597 4108 ea

1942 4143 2201 4199 facerent
2253 4162 2265 4195 :
2319 4140 2630 4213 quomodo
2682 4155 2824 4209 ergo
2871 4139 2968 4195 hic
3024 4140 3106 4195 ait
3161 4158 3174 4194 :
3240 4141 3347 4196 Vos
3399 4146 3595 4197 autem

1938 4232 2067 4289 dixi
2095 4230 2333 4295 amicos,
2362 4231 2507 4301 quia
2534 4228 2736 4285 omnia
2761 4244 2894 4300 qua:
2922 4227 3130 4285 audivi
3156 4244 3195 4285 a
3219 4228 3398 4286 Patre
3445 4244 3593 4295 meo,

1938 4328 2082 4377 nota
2103 4321 2225 4391 feci
2248 4320 2399 4374 vobis
2446 4317 2782 4384 iVerbum,
2824 4318 3001 4383 Estis,
3062 4317 3184 4374 sive
3245 4319 3438 4384 Eritis,
3490 4334 3600 4390 pro

1939 4409 2367 4465 Permanebitis
2392 4407 2674 4479 accipito,
2706 4422 2778 4463 ac
2817 4406 2865 4462 si
2894 4406 3053 4463 dicat
3085 4426 3097 4466 :
3132 4409 3281 4463 Cum
3298 4407 3426 4477 jam
3449 4407 3596 4475 sitis,

1941 4499 2121 4555 etiam
2159 4498 2222 4553 in
2275 4496 2545 4554 futurum
2601 4495 3053 4569 permanebitis,
3120 4494 3171 4550 si
3221 4494 3497 4565 feceritis,
3544 4500 3603 4554 et

1944 4593 2173 4645 caetera.

2016 4675 2240 4733 Deinde
2270 4679 2328 4732 et
2349 4674 2514 4733 aliud
2542 4674 2712 4747 ponit
2736 4674 3000 4746 signum,
3028 4672 3194 4747 quod
3221 4688 3324 4731 eos
3350 4672 3602 4733 haberet

1945 4766 2170 4824 amicos
2188 4780 2351 4821 suos.

2016 4856 2178 4913 Vers.
2206 4855 2296 4913 16.
2327 4854 2461 4912 Νοη
2490 4886 2556 4897 -
2594 4869 2716 4911 vos.
2747 4852 3026 4924 Negative
3059 4852 3186 4925 (pp)
3216 4868 3416 4911 sermo
3465 4867 3600 4925 pro-

1659 5039 1680 5073 ³
1708 5037 1878 5095 Joan.
1908 5052 2008 5103 xv,
2034 5037 2119 5091 14.

1465 5215 1683 5285 Variae
1710 5215 2040 5285 lectiones
2068 5222 2134 5283 et
2160 5221 2361 5282 notae.

306 5406 415 5478 (28)
466 5406 679 5478 Αὑτούς,
730 5414 800 5465 Α.
861 5409 948 5465 lta
986 5410 1325 5468 Hentenius.
1374 5414 1505 5471 Mox
1550 5412 1630 5470 ad
1658 5412 1841 5470 tinem

232 5493 441 5534 versus
469 5480 535 5534 15
566 5485 889 5554 utrumque
911 5483 1317 5555 conjungitur.

303 5654 990 5737 (oo)‘0ccultabat_lmo,
1024 5659 1352 5734 aperiebat,
1390 5660 1705 5720 revelabat.
1745 5660 1837 5719 Vi-

230 5726 405 5782 detur
431 5727 644 5791 legisse
671 5728 1003 5787 ἑπεκάλυπτε.

302 5800 434 5872 (pp)
446 5800 748 5874 Negative,
763 5808 873 5861 etc.
891 5804 1253 5863 Sententiam
1266 5803 1511 5880 quidem
1526 5805 1832 5881 expressit;

2023 5411 2136 5485 (29)
2162 5410 2360 5473 Αὐτοὺς
2388 5407 2605 5468 omittit
2629 5408 2701 5469 Β.

1946 5658 2049 5717 sed
2079 5676 2115 5717 a
2172 5656 2376 5717 Graeco
2432 5652 2695 5717 recessit.
2757 5657 3151 5731 Κατ’ἂπόφασιν
3216 5663 3305 5731 est
3354 5658 3597 5718 directe.

1946 5735 2187 5789 Rectum
2218 5739 2301 5789 est
2321 5732 2797 5802 pronuntiatum,
2828 5730 3442 5800 recte’pronuntiavit.
3486 5731 3601 5798 Qui

1945 5805 2107 5862 enim
2134 5801 2462 5876 interi-eget
2485 5801 2736 5878 obliqua
2752 5804 2990 5861 videtur
3012 5802 3279 5861 oratione
3298 5802 3405 5861 uti.
