4130 6320
579 276 716 338 1415

1903 276 2085 339 EUTH
2097 281 2251 339 YMIl
2292 274 2618 340 ZIGABENI

3871 281 3996 339 1416

575 405 948 464 nuntiandus
961 411 1072 472 est,
1086 423 1206 464 non
1221 406 1640 479 interrogative
1657 430 1669 462 :
1694 409 1802 464 Vos
1836 423 1958 465 non
1973 407 2205 480 elegisti:

2335 410 2540 482 εἱλόμην
2587 411 2722 483 ὑμᾶς
2767 409 2959 483 φίλους,
3000 411 3099 483 ἐγὼ
3133 410 3194 484 τῇ
3247 401 3392 484 φιλίᾳ
3437 409 3590 483 ὑμῶν
3637 405 3999 483 ἐπέδραμον.

574 511 678 563 me,
709 497 812 553 sed
839 511 936 568 ego
961 497 1106 568 elegi
1134 513 1228 554 vos
1257 498 1319 554 in
1347 497 1574 555 amicos
1606 514 1622 564 ;
1649 513 1762 570 ego
1791 497 1870 554 ad
1896 497 2223 554 amicitiam

578 590 836 642 vestram
856 601 1000 642 accu
1011 585 1104 642 rri.

645 675 808 731 Vers.
842 679 925 731 16.
969 675 1044 732 Ει
1083 675 1253 745 posui
1290 691 1410 733 vos.
1472 676 1816 748 Explantavi
1849 691 1957 732 vos
1987 676 2047 731 in
2081 675 2223 731 dileo

573 765 764 821 ctione
786 779 944 831 mea,
967 764 1028 820 in
1058 764 1178 822 ﬁde
1193 781 1330 837 quae
1355 765 1416 820 in
1447 781 1542 822 me
1567 771 1673 822 est.

645 853 800 910 Vers.
863 854 949 909 16.
1031 854 1104 911 Ut
1158 869 1253 910 vos
1309 855 1476 911 eatis.
1546 856 1614 910 Ut
1642 853 2050 911 extendamini
2102 869 2221 909 cre-

571 947 820 1000 scentes.

641 1034 796 1088 Vers.
835 1035 919 1088 16.
949 1032 1024 1088 Et
1051 1033 1312 1102 fructum
1351 1031 1643 1102 offeratis.
1698 1032 1884 1088 Veluti
1941 1031 2218 1104 superius

571 1120 972 1191 signiﬁcatum
997 1125 1100 1176 est.
1153 1123 1266 1176 Aut
1310 1121 1591 1190 fructum,
1655 1120 1980 1193 spiritualia
2030 1120 2221 1177 chari-

571 1213 768 1266 smata
798 1225 810 1265 :
835 1213 939 1266 aut
953 1209 1397 1266 multitudinem
1414 1225 1624 1266 eorum
1640 1209 1738 1282 qui
1765 1209 1962 1266 studio
1979 1209 2218 1266 illorum

570 1298 842 1355 salvandi
873 1303 1036 1370 sunt.

641 1387 806 1444 Vers.
839 1392 921 1444 16.
952 1387 1031 1442 Et
1058 1391 1634 1446 —maneat.Maneat
1661 1388 2057 1462 incorruptus,
2088 1404 2221 1462 per-

611 1482 803 1533 etuus.

611 1493 803 1533 etuus.

568 1493 608 1549 Ρ
644 1568 800 1621 Vers.
833 1569 916 1622 16.
949 1566 1023 1623 Ut
1052 1597 1120 1606 —
1146 1567 1327 1622 vobis.
1355 1566 1604 1622 Nomine
1629 1582 1786 1632 meo,
1813 1566 1928 1623 hoc
1949 1571 2056 1636 est,
2085 1572 2218 1622 tan-

567 1671 754 1728 quam
784 1655 922 1722 mei,
951 1661 1244 1728 tanquam
1273 1656 1607 1712 Christiani.

641 1743 743 1799 Vel
775 1745 1046 1800 invocato
1090 1745 1334 1800 nomine
1377 1760 1531 1811 meo,
1559 1745 1713 1800 sicut
1742 1745 1920 1801 etiam
1951 1745 2012 1800 in
2060 1761 2212 1817 prze-
2249 1756 2293 1811 Β

567 1832 913 1889 cedentibus
934 1833 1372 1890 declaravimus
1399 1834 1502 1889 ubi
1519 1834 1758 1890 dicebat
1785 1851 1796 1888 :
1827 1835 1898 1890 Et
1923 1835 2216 1906 quidquid

564 1921 847 1992 petieritis
872 1924 1104 1978 nomine
1127 1939 1264 1988 meo,
1297 1922 1400 1978 hoc
1413 1923 1642 1991 faciam
1669 1923 1717 1980 ³.
1759 1924 1836 1978 Ac
1869 1939 2075 1978 rursus
2109 1939 2121 1978 :
2151 1923 2216 1979 Si

569 2010 714 2082 quid
737 2011 1016 2080 petieritis
1043 2015 1280 2067 nomine
1309 2025 1454 2077 meo,
1479 2011 1587 2067 hoc
1597 2012 1817 2082 faciam
1843 2015 1969 2078 ‘,ex
1995 2013 2212 2085 quibus

565 2105 804 2157 ostensa
827 2105 920 2157 est
942 2102 1223 2172 potentia;
1249 2099 1558 2172 inqualitas
1585 2100 1772 2156 Patris
1804 2106 1860 2158 et
1886 2102 2031 2158 Filii.

635 2276 793 2331 Vers.
839 2281 923 2333 t7.
977 2276 1114 2332 Haec
1145 2306 1208 2316 —
1252 2275 1516 2332 invicem.
1565 2277 1706 2331 Hinc
1760 2275 1972 2349 loquor
2016 2278 2206 2347 vobis,

565 2371 736 2436 puta,
757 2365 922 2437 quod
963 2365 1185 2421 morior
1202 2380 1310 2436 pro
1337 2364 1528 2428 vobis,
1557 2365 1790 2436 etquod
1819 2381 1931 2436 ego
1958 2366 2036 2422 ad
2064 2369 2200 2424 ami-

560 2453 763 2510 citiam
790 2461 1044 2510 vestram
1089 2454 1340 2524 accurri,
1365 2470 1484 2510 non
1509 2454 1945 2528 improperans,
1980 2459 2083 2512 sed
2124 2458 2210 2514 in-

559 2544 749 2600 citans
774 2559 883 2600 vos
911 2544 990 2600 ad
1020 2550 1282 2600 mutuam
1314 2545 1467 2600 inter
1496 2561 1598 2600 vos
1625 2545 2022 2602 dilectionem.
2061 2549 2209 2613 Quia

557 2649 698 2689 vero
728 2632 1125 2690 turbabantur
1137 2636 1426 2706 tauquam
1444 2635 1572 2704 jam
1594 2634 1672 2696 ab
1685 2636 1967 2691 omnibus
1983 2637 2208 2693 Judaeis

555 2722 695 2778 odio
760 2722 969 2787 habiti,
1031 2723 1314 2795 deinceps
1371 2723 1713 2780 consolatur
1771 2729 1950 2781 etiam
2000 2742 2208 2782 eorum

557 2810 868 2867 tristitiam.

629 2898 791 2955 Vers.
822 2899 909 2954 18.
948 2899 1104 2955 Si—
1169 2900 1302 2955 odio
1347 2900 1644 2956 habuerit.
1702 2901 1988 2958 Mundum
2045 2904 2205 2975 dicit,

553 2997 754 3053 malos
777 2998 1018 3053 Judaaos
1047 3016 1060 3053 :
1096 2999 1198 3068 Sit,
1226 2997 1437 3070 inquit,
1463 2999 1632 3053 vobis
1647 2999 1708 3054 in
1738 3000 2206 3059 consolationem

554 3085 721 3159 quod
745 3101 857 3156 ego
888 3088 1048 3158 prius
1077 3103 1257 3158 quam
1290 3103 1418 3153 vos,
1465 3087 1681 3143 fuerim
1705 3088 1846 3144 odio
1892 3089 2138 3147 habitus
2194 3109 2206 3148 :

553 3181 612 3232 et
640 3176 892 3246 gaudete
922 3176 1140 3246 magis,
1171 3177 1309 3248 quia
1343 3192 1582 3232 mecum
1635 3177 1696 3232 in
1723 3178 1864 3235 odio
1912 3180 2210 3237 malorum

555 3265 1034 3322 communicatis.
1069 3265 1288 3321 Deinde
1303 3265 1481 3322 aliam
1501 3281 1744 3338 quoque
1766 3267 1934 3339 ponit
1950 3271 2211 3328 consola-

555 3355 797 3420 tionem,
839 3355 1005 3427 quod
1036 3356 1084 3411 si
1114 3370 1144 3410 e
1176 3371 1428 3412 numero
1455 3354 1753 3412 malorum
1809 3364 2027 3426 essent,
2070 3361 2191 3418 mal

554 3446 750 3516 utique
781 3460 882 3500 eos
903 3444 1238 3514 diligerent.

619 3533 785 3590 Vers.
818 3535 904 3590 19.
947 3533 1005 3589 Si
1032 3565 1102 3576 —
1127 3534 1422 3605 diligeret.
1463 3534 1633 3600 Quod
1663 3552 1840 3593 suum
1874 3543 2046 3608 esset,
2094 3540 2206 3598 hoc

548 3627 654 3688 est,
681 3621 796 3678 sibi
817 3622 1052 3689 simile;
1080 3623 1302 3694 gaudet
1321 3639 1584 3696 namque
1611 3626 1790 3681 simili
1816 3627 2026 3686 simile.

621 3710 782 3767 Vers.
812 3713 899 3767 19.
934 3711 1081 3779 Quia
1119 3743 1176 3754 —
1225 3713 1498 3769 mundus.
1563 3717 1764 3787 Itaque
1815 3716 1958 3773 odio
1995 3718 2204 3776 haberi

547 3816 658 3857 vos
685 3816 721 3857 a
744 3802 918 3857 malis
939 3804 1373 3859 demonstratio
1399 3807 1487 3857 est
1529 3804 1781 3870 virtutis,
1812 3808 2206 3878 quemadmo-

548 3891 719 3955 dum,
751 3890 931 3947 etiam
961 3907 998 3947 a
1028 3891 1247 3948 talibus
1277 3893 1487 3963 amari,
1523 3893 1762 3964 signum
1793 3902 1881 3952 est
1937 3897 2199 3954 malitiae.

549 3978 699 4044 Quia
720 3995 861 4036 vero
890 3979 1190 4052 abjectam
1217 3997 1424 4037 eorum
1442 3989 1700 4038 mentem
1726 3984 1909 4039 erexit
1935 4001 2202 4042 :rursum

545 4067 710 4139 ipsos
735 4067 814 4123 ab
838 4068 930 4123 his
959 4084 1094 4141 quae
1121 4076 1327 4126 contra
1357 4087 1418 4126 se
1443 4069 1688 4136 ﬁebant,
1731 4073 2090 4132 consolatur.

621 4155 789 4212 Vers.
853 4160 940 4211 20.
972 4157 1322 4215 Mementote
1356 4188 1424 4200 —
1455 4160 1636 4216 vobis.
1691 4163 1755 4216 Et
1801 4163 1935 4233 quis
1977 4165 2050 4222 sit
2101 4165 2198 4222 ille

546 4259 764 4313 sermo,
787 4244 1048 4301 adverte.

614 4335 779 4390 Vers.
803 4339 891 4391 20.
915 4335 1039 4392 Non
1067 4366 1136 4376 —
1173 4351 1299 4393 suo.
1344 4339 1492 4393 Nam
1557 4337 1717 4395 hunc
1764 4356 2102 4400 sermonem
2133 4344 2194 4400 in

2405 678 2504 726 Καὶ
2534 676 2696 732 ἔθηκα
2744 675 2894 747 ὑμᾶς.
2956 679 3056 728 Καὶ
3086 673 3340 747 ἐφύτευσα
3373 674 3488 745 (30)
3547 675 3721 746 ὑμᾶς
3777 675 3866 735 εἰς
3919 680 3999 730 τὴν

2332 767 2456 836 ἐμὴν
2485 763 2715 836 ἀγάπην,
2744 765 2814 826 εἰς
2842 771 2936 824 τὴν
2965 767 3035 826 εἰς
3065 765 3150 838 ἐμὲ
3182 771 3378 820 πίστιν.

2399 853 2509 908 Ἰνα
2559 856 2705 928 ύμεῖς
2756 856 3012 926 ὑπάγητε.
3082 853 3193 907 Ἵνα
3246 853 3540 912 ἐκτείνησθε
3612 854 3774 926 (31)
3845 855 3997 916 δόξα.

2328 947 2547 1016 νόμενοι.

2404 1039 2503 1086 Καὶ
2559 1037 2757 1106 καρπὸν
2809 1038 3013 1106 φέρητε.
3068 1031 3180 1106 [Ως
3236 1034 3352 1104 (32)
3407 1031 3662 1106 ἀνωτέρω
3737 1030 3997 1092 δεδήλω-

2328 1141 2431 1175 ται·
2463 1121 2520 1195 ἦ]
2549 1127 2765 1198 καρπὸν,
2794 1126 2857 1175 τὰ
2883 1126 3208 1196 πνευματικὰ
3235 1127 3574 1196 χαρίσματα,
3599 1127 3637 1181 ἧ
3685 1125 3779 1175 τὰ
3814 1123 3990 1179 πλέες

2327 1221 2426 1264 τῶν
2451 1213 2754 1285 σωζομένων
2785 1211 2838 1264 ἐκ
2863 1219 2958 1275 τῆς
2983 1212 3152 1265 αὐτῶν
3186 1207 3443 1272 σπουδῆς.

2403 1395 2498 1444 Καὶ
2533 1422 2597 1431 -
2623 1396 2772 1465 μένῃ.
2808 1395 2907 1444 Καὶ
2939 1394 3020 1444 ἱνα
3049 1394 3172 1464 μένῃ
3211 1389 3510 1463 ἀνώλεθρος,
3558 1387 3887 1452 διηνεκὴς.

2395 1568 2506 1622 Ἵνα
2542 1601 2610 1609 -
2654 1570 2794 1641 ὑμῖν.
2845 1568 2924 1620 Ἐν
2976 1577 3048 1640 τῷ
3106 1567 3318 1640 ὀνόματί
3365 1587 3487 1640 μου,
3548 1572 3881 1621 τουτέστιν
3929 1572 3994 1628 ως

2326 1657 2460 1730 ἐμοὶ,
2489 1662 2552 1718 ὡς
2582 1662 2912 1732 Χριστιανοὶ.

2394 1747 2463 1800 "Ii
2525 1746 2912 1819 ἐπικαλούμενοι
2970 1749 3025 1798 τὸ
3079 1748 3237 1818 ὄνομά
3289 1757 3411 1818 μου,
3467 1747 3536 1808 ὡς
3594 1752 3705 1799 καὶ
3782 1748 3993 1819 προλα-

2326 1838 2498 1898 ϐόντες
2545 1839 2963 1909 ἡρμηνεύσαμεν,
3014 1837 3132 1888 ἔνθα
3187 1835 3337 1906 ἔλεγε·
3397 1840 3493 1887 Καὶ
3561 1837 3588 1886 ὃ
3644 1854 3716 1886 τι
3785 1839 3861 1888 οἶν
3907 1837 3989 1887 αἱ·

2323 1934 2522 1986 τήσητε
2573 1926 2620 1978 ἐν
2656 1933 2727 1997 τῷ
2759 1925 2972 1993 ὀνόματί
3009 1944 3130 1997 μου,
3171 1933 3321 1976 τοῦτο
3360 1929 3589 1982 ποιήσω.
3641 1923 3815 1996 [Καὶ
3870 1927 3987 1995 (33)

2323 2016 2494 2068 πάλιν·
2558 2017 2678 2068 Ἐὰν
2730 2035 2779 2068 τι
2823 2014 3077 2073 αἰτήσητε
3129 2012 3177 2065 ἐν
3234 2022 3306 2084 τῷ
3362 2013 3576 2085 ὀνόματί
3635 2034 3796 2085 μου,
3881 2014 3969 2085 ἐῖεέ

2322 2111 2547 2164 ποιήσω.
2604 2104 2723 2176 Ἀφ’
2789 2104 2855 2155 ὧν
2905 2100 3172 2156 δείκνυται
3234 2106 3290 2155 τὸ
3351 2099 3678 2174 ἰσοδύναμον
3760 2111 3984 2176 Πατρός

3881 2035 3983 2085 εγω

2322 2201 2412 2247 καὶ
2442 2195 2608 2264 Υἱού.]

2391 2292 2570 2337 Ταῦτα
2597 2315 2665 2323 ——
2714 2281 2980 2344 ἀλλήλους.
3032 2289 3208 2335 Ταῦτα
3248 2283 3362 2354 (34)
3398 2279 3532 2332 λαλῶ
3575 2281 3739 2352 ύμῖν,
3783 2286 3853 2334 τὸ
3901 2285 3980 2333 ὅτι

2323 2373 2636 2432 ἀποθνήσκω
2677 2374 2802 2444 ὑπὲρ
2855 2374 3018 2444 ὑμῶν,
3049 2376 3139 2423 καὶ
3164 2374 3223 2423 τὸ
3253 2371 3334 2422 ὅτι
3367 2372 3464 2441 ἐγὼ
3491 2377 3550 2441 τῇ
3587 2369 3758 2442 φιλίᾳ
3825 2373 3974 2442 ὑμῶν

2321 2459 2630 2536 ἐπέδραμον,
2683 2461 2778 2514 ούκ
2835 2457 3124 2524 ὀνειδίζων,
3160 2459 3265 2511 ἀλλ’
3321 2457 3510 2530 ἐνάγων
3573 2459 3730 2530 ὑμᾶς
3795 2465 3876 2522 εἱς
3913 2464 3969 2510 τὸ

2320 2551 2527 2624 ἀγαπᾷν
2569 2551 2830 2610 ἀλλήλους.
2887 2550 3026 2602 Ἐπεὶ
3073 2546 3131 2602 δὲ
3171 2547 3507 2621 ἐθορυϐοῦντο
3545 2549 3618 2607 ὡς
3660 2546 3789 2607 ἤδη
3828 2556 3966 2601 πᾶσι

2318 2649 2427 2704 τοῖς
2473 2637 2747 2700 Ἰουδαίοις
2789 2644 3006 2712 μισητοὶ
3058 2641 3339 2711 γενόμενοι,
3394 2638 3816 2708 παραμυθεῖται
3869 2642 3959 2688 καὶ

2319 2736 2411 2790 τὴν
2451 2729 2674 2783 ἐντεῦθεν
2715 2728 2960 2801 ἀθυμίαν.

2394 2909 2452 2962 Εἰ
2495 2941 2562 2949 -
2591 2912 2868 2981 μεμίσηκε.
2916 2913 3119 2978 Κοσμον
3153 2904 3287 2976 λέγει
3329 2907 3451 2965 τοὺς
3479 2907 3765 2977 πονηροὺς
3819 2906 3939 2958 Ἴον-

2326 2995 2525 3059 ὃαίους.
2577 2997 2772 3062 Ἔστω,
2829 3000 3006 3068 φησὶν,
3053 2997 3174 3067 ὑμῖν
3219 2993 3291 3055 εἰς
3336 2994 3685 3064 παραμυθίαν
3734 3000 3800 3046 τὸ
3851 2996 3925 3062 τεά

2253 3103 2296 3161 c
2325 3091 2462 3161 ὑμῶν
2510 3087 2594 3160 ἐμὲ
2646 3087 2959 3158 μισηθῆναι,
2995 3089 3083 3136 καὶ
3120 3087 3334 3155 χαίρετε
3371 3081 3580 3154 μᾶλλον,
3620 3084 3709 3134 ὅτι
3759 3103 3919 3135 χοινικ-

2323 3182 2450 3230 νεῖτέ
2487 3196 2580 3250 μοι
2608 3182 2696 3228 τ)ῠ
2728 3177 2867 3248 παρὰ
2891 3182 2989 3225 τῶν
3017 3179 3251 3247 πονηρῶν
3281 3176 3485 3243 μίσους.
3516 3165 3650 3223 Εἶτα
3676 3171 3830 3242 λέγει
3857 3173 3934 3221 καὶ

2322 3267 2493 3341 ἑτέραν
2540 3265 2895 3340 παραμυθίαν,
2939 3263 3040 3326 ὅτι,
3081 3260 3164 3314 ἐὰν
3194 3259 3248 3313 ἐκ
3281 3267 3378 3312 τῶν
3411 3267 3652 3334 πονηρῶν
3684 3257 3854 3324 ἦσαν,
3895 3258 3939 3309 οἱ

2321 3361 2537 3428 πονηροὶ
2566 3356 2626 3406 ἄν
2657 3353 2858 3426 ἐφίλουν
2890 3352 3098 3412 αύτούς.

2391 3535 2447 3587 Εἰ
2489 3565 2554 3576 -
2596 3532 2774 3606 ἐφίλει.
2824 3534 2892 3584 Τὸ
2926 3531 3119 3603 ὅμοιον
3162 3532 3336 3602 χαίρει
3378 3531 3478 3601 γὰρ
3529 3534 3598 3598 τῷ
3649 3529 3827 3600 ὁμοίῳ
3879 3531 3934 3578 τὸ

2314 3626 2511 3698 ὅμοιον.

2383 3713 2501 3766 Ὀτι
2530 3745 2598 3754 —
2628 3714 2884 3784 ὁκόσμος.
2914 3709 3075 3762 ’Ὥστε
3095 3710 3152 3760 τὸ
3179 3708 3452 3781 μισεῖσθαι
3473 3707 3602 3778 ὑμᾶς
3630 3710 3792 3781 παρά

2313 3810 2412 3854 τῶν
2468 3811 2701 3878 πονηρῶν
2761 3796 3024 3862 ἀπόδειξίς
3076 3797 3214 3850 ἐστιν
3257 3795 3455 3869 ἀρετῆς,
3509 3801 3684 3868 ὡσπερ
3727 3802 3835 3848 καὶ
3876 3801 3932 3847 τὸ

2314 3895 2572 3970 φιλεῖσθαι
2602 3893 2744 3966 παρὰ
2771 3898 2871 3942 τῶν
2900 3890 3139 3941 τοιούτων
3179 3890 3385 3947 κακίας.
3428 3885 3652 3958 Ἐπάρας
3694 3880 3796 3935 οὖν
3835 3885 3930 3936 αύ-

2311 3996 2409 4039 τῶν
2439 3988 2762 4037 καταπίπτον
2792 3983 2850 4031 τὸ
2897 3983 3155 4052 φρόνημα,
3193 3975 3346 4029 πάλιν
3392 3972 3491 4026 ἀπὸ
3521 3980 3616 4024 τῶν
3649 3974 3778 4025 καθ’
3812 3975 3929 4026 ἐαυ-

2309 4080 2395 4128 τὸν
2435 4076 2648 4134 τούτους
2677 4075 2985 4143 παρηγορεῖ.

2379 4164 2733 4236 Μνημονεύετε
2762 4190 2830 4198 -
2865 4159 3007 4230 ὑμῖν.
3042 4159 3142 4209 Καὶ
3173 4154 3285 4227 (36)
3326 4157 3474 4215 ποῖός
3503 4149 3642 4204 ἐστιν
3674 4151 3870 4214 ἐκεῖνος
3897 4152 3920 4202 ὁ

2304 4254 2473 4325 λόγος,
2505 4253 2632 4304 οἴκου
2642 4269 2750 4303 σον.

2377 4342 2487 4394 Ούκ
2543 4372 2610 4381 —-
2666 4338 2845 4391 αὐτοῦ.
2895 4342 3082 4388 Τοῦτον
3150 4333 3248 4406 γὰρ
3301 4334 3389 4383 τὸν
3435 4329 3584 4400 λόγον
3638 4328 3912 4402 προλαϐὼν

542 4424 1018 4498 praecedentibus
1047 4425 1196 4483 dixit
1224 4425 1348 4494 eis;
1382 4442 1490 4483 nec
1514 4427 1577 4484 id
1619 4430 1823 4496 semel,
1874 4433 1980 4488 sed
2014 4434 2191 4491 variis

2335 4429 2438 4485 ἶπεν
2479 4430 2672 4493 αὐτοῖς,
2703 4432 2792 4479 καὶ
2829 4425 2933 4497 οὐχ
2973 4423 3131 4488 ἅπαξ,
3167 4421 3294 4474 ἀλλὰ
3327 4418 3604 4494 δικφόρως.
3639 4424 3795 4490 Λέγει
3827 4413 3908 4470 οὖν

538 4510 603 4572 in
624 4512 791 4569 locis.
814 4514 910 4569 Ait
938 4530 1080 4585 ergo
1112 4532 1126 4572 :
1153 4516 1284 4572 Non
1315 4517 1456 4573 estis
1477 4533 1582 4574 vos
1613 4535 1708 4575 me
1735 4520 2027 4578 meliores.

613 4603 782 4663 Vers.
813 4607 902 4660 20.
955 4604 1021 4661 Si
1048 4635 1118 4646 —
1145 4613 1587 4679 persequentur.
1615 4608 2003 4682 Consequens
2029 4614 2185 4669 enim

620 4786 641 4820 ³
665 4782 835 4841 Joan.
867 4747 980 4852 xiv,
1017 4787 1107 4842 13.
1143 4785 1164 4822 ⁸
1191 4784 1342 4843 Ibid.
1380 4789 1463 4844 14.

2303 4525 2402 4587 ὃτι,
2435 4520 2546 4573 Ούκ
2575 4518 2698 4591 ἐμοῦ
2729 4519 2993 4589 κρείττους
3031 4514 3192 4585 ὑμεῖς.

2374 4611 2432 4665 Εἰ
2486 4640 2550 4652 -
2611 4605 2909 4670 διώξουσιν,
2958 4600 3265 4657 Ἀκόλουθον
3331 4602 3432 4676 γὰρ
3499 4601 3605 4670 εἴγε
3675 4598 3896 4671 μαθηταί

1731 4920 1954 4990 Variae
1988 4920 2320 4991 lectiones
2368 4931 2433 4990 et
2469 4928 2669 4989 notae.

611 5069 730 5145 (39)
755 5067 846 5145 Ita
868 5071 1030 5145 ἔθηκα
1049 5070 1292 5145 exponit
1321 5071 1622 5145 Chrysost.
1659 5077 1799 5128 tom.
1828 5073 1942 5145 Vit,
1966 5088 2025 5145 p.
2060 5074 2180 5129 452.

539 5143 600 5216 β.
629 5141 1143 5216 Theophylac_t_.p._
1171 5143 1272 5216 782
1320 5149 1385 5216 ᾼ,
1439 5141 1505 5198 Β.
1563 5146 1769 5196 Τιθέναι
1835 5144 1908 5199 de
1929 5141 2185 5216 palmiti-

535 5213 654 5285 bus
682 5214 764 5270 ita
793 5213 973 5268 habet
1003 5213 1272 5285 Xenoph.
1309 5214 1523 5270 (Econ.
1557 5231 1676 5280 xxx,
1707 5218 1760 5279 7,
1785 5216 1842 5271 9.

611 5284 726 5359 (tit)
755 5285 841 5340 Ita
867 5284 1359 5359 C_hrysost.’ton_i_._
1381 5285 1512 5349 VllI,
1537 5303 1599 5359 p.
1633 5291 1736 5342 452
1769 5286 1829 5339 C.
1858 5286 2180 5359 'l‘heophyl.

535 5369 598 5427 p.
623 5354 733 5411 782
761 5361 828 5430 Α.
885 5354 1059 5430 Cyril.
1083 5429 1087 5430 ί
1112 5362 1255 5412 tom.
1287 5357 1380 5423 ιν,
1413 5372 1490 5430 p.
1527 5354 1629 5412 892
1657 5360 1749 5430 7M,
1783 5359 1885 5430 qui
1929 5354 2037 5430 per
2063 5354 2181 5411 ἀνά-

535 5426 645 5513 ἳειν
677 5426 950 5499 explicat.
982 5429 1191 5484 Nititur
1225 5426 1435 5510 autem
1479 5429 1606 5484 haec
1652 5426 2054 5510 interpretatio
2092 5438 2182 5481 τοῦ

537 5498 703 5552 εθηκα
729 5504 786 5552 et
835 5499 1066 5552 ὑπάγητε
1120 5515 1405 5552 Dl'OlelS
1458 5498 1783 5552 vocabulis.
1850 5504 2046 5552 καοπὸν
2101 5506 2182 5552 οέ-

537 5500 703 5556 ἔθηκα
729 5504 786 5554 et
835 5500 1066 5570 ὑπάγητε
1120 5500 1405 5571 proximis
1458 5500 1783 5564 vocabulis,
1815 5500 1820 5501 “
1850 5504 2046 5575 καρπὸν
2101 5506 2182 5573 φέ-

537 5588 680 5652 θητε.
719 5569 1162 5652 νθτοοτιεωεη
1227 5570 1586 5652 nend‘octior
1648 5588 1831 5652 quam
1866 5572 2183 5652 veriornsjt

545 5643 663 5706 haec
698 5640 1035 5711 explicatio.
1068 5641 1460 5712 Evangelistm
1486 5643 1641 5697 enim
1666 5640 1830 5697 haud
1860 5643 2009 5698 adeo
2061 5643 2184 5699 dili-

533 5718 741 5788 genter
761 5712 1083 5773 observant
1099 5712 1392 5778 vocabula
1417 5713 1719 5771 translata.
1735 5715 1880 5779 Sunt
1895 5715 2012 5774 alia
2030 5713 2182 5774 loca-

2295 5073 2395 5130 ubi
2432 5087 2612 5128 nemo
2655 5071 2851 5123 τιθέναι
2905 5061 3546 5140 interpretabiturjrcpt
3587 5059 3899 5140 φυτώσιινις.

2293 5146 2436 5202 Vide
2468 5143 2641 5198 Rom.
2687 5158 2765 5204 1v,
2791 5141 2876 5205 17,
2913 5133 3087 5192 Hebr.
3124 5154 3160 5200 ι,
3198 5139 3250 5189 2.
3281 5133 3520 5204 Ὑπάγιιν
3550 5137 3753 5205 autem
3779 5133 3903 5187 sine

2291 5215 2560 5285 exemplo
2589 5201 2913 5285 explicatur
2943 5207 3278 5285 ἕκτείνεσθαι,
3310 5201 3538 5277 avdita,
3571 5201 3764 5265 αὔξειν.

2387 5281 2480 5357 32)
2516 5281 2745 5357 Ιοοωεο.
2783 5282 3008 5357 absunt
3045 5281 3112 5334 Α.

2387 5353 2478 5420 33)
2512 5355 2746 5411 Inclusa
2775 5353 3014 5408 absunt.

2363 5413 2477 5499 (31)
2518 5427 2747 5499 Scilicet
2769 5425 3066 5499 Chrysost.
3100 5425 3245 5477 tom.
3273 5419 3418 5499 Vill,
3450 5433 3511 5490 p.
3543 5419 3648 5497 462
3789 5431 3906 5490 pro

2292 5488 2602 5572 ἐντὶλλὸμαι,
2662 5495 2835 5552 infert
2881 5488 3173 5557 Vidulum,
3256 5507 3328 5547 ex
3377 5488 3509 5547 loco
3560 5488 3762 5555 simili,
3797 5488 3809 5490 ἡ
3842 5500 3907 5546 ut

2293 5572 2465 5630 solet.

2363 5642 2474 5713 (35)
2504 5639 2650 5713 'rzré,
2683 5653 2788 5713 pro
2817 5639 2980 5713 παρά,
3005 5639 3073 5713 lt.

2363 5642 2453 5713 (35
2504 5642 2650 5707 Ὑπὸ,
2683 5653 2788 5713 pro
2817 5642 2980 5713 παρά,
3007 5642 3073 5692 Α.

2363 5642 2475 5792 (36ζ
2505 5712 2738 5771 Omisso
2763 5713 2872 5781 mi,
2903 5708 3119 5786 tegitur
3146 5707 3321 5770 ὁποῖος
3351 5709 3412 5760 Δ.
