4130 6320
202 324 349 395 144⁸1

1204 322 1574 389 COMMENT.
1626 323 1694 387 IN
1731 322 2075 387 JOANNEM.
2115 362 2183 371 —
2222 325 2381 386 CAP.
2436 319 2553 388 XV.

3432 322 3575 386 1418

204 467 309 536 μού
340 462 476 517 ἐστε.
509 459 809 532 Εὗψυχεῑτε
838 455 925 512 οὖν
949 458 1018 513 τὰ
1046 460 1201 531 ὃμοια
1228 467 1301 530 τῷ
1331 455 1642 530 διδασκάλῳ
1662 460 1810 511 πάσ-

1936 462 2024 528 :st,
2060 460 2123 511 ut
2149 456 2198 511 si
2229 454 2352 528 (qq)
2383 454 2499 510 mei
2526 452 2667 511 estis
2696 451 2990 528 discipuli,
3012 452 3186 513 bono
3208 454 3336 512 sitis
3364 444 3571 515 animo

205 571 394 625 χοντες
422 556 511 603 καὶ
532 553 646 602 κατ’
676 554 827 622 ἴχνος
851 548 1247 611 ἀκολουθοῦντές
1274 569 1384 621 μοι.

285 730 345 781 Εἰ
396 761 465 770 —
524 734 844 801 τηρήσουσι.
912 732 1052 785 Μὴτε
1119 725 1425 799 διωκόμενοι
1484 723 1807 797 δυσφορεῖτε,

206 823 343 891 μήτε
392 826 484 869 τοῦ
539 817 693 889 λόγου
747 820 889 890 ὑμῶν
942 816 1303 888 ἀθετουμένου.
1357 816 1419 867 “Α
1466 817 1568 888 γὰρ
1612 814 1684 875 εἰς
1727 813 1812 884 ἐμὲ

206 905 542 970 ἐνεδείξαντο,
621 915 789 959 ταῦτα
856 911 945 958 καὶ
1016 906 1083 966 εἰς
1148 908 1278 977 ὑμᾶς
1336 901 1667 966 ἐνδείξονται,
1720 906 1811 953 καὶ

206 999 467 1069 Ἀρκετόν,
501 1001 652 1068 φησι,
691 1005 762 1066 τῷ
822 992 1010 1067 δούλῳ,
1062 996 1144 1046 ἵνα
1189 999 1398 1065 γένηται
1450 997 1515 1054 ὡς
1556 995 1580 1045 ό
1638 994 1812 1064 κύριος

205 1084 391 1139 αὐτοῦ.

282 1172 436 1226 Ἀλλὰ
465 1206 532 1213 ——
571 1193 691 1245 μου.
715 1182 893 1227 Ταῦτα
922 1176 1110 1238 πάντα,
1143 1170 1415 1233 διώκοντες
1457 1168 1687 1237 δηλαδὴ,
1721 1177 1810 1223 καὶ

206 1265 296 1314 τὸν
340 1262 489 1333 λόγον
533 1265 673 1335 ὑμῶν
712 1268 783 1336 μὴ
832 1271 1126 1337 τηροῦντες.
1185 1262 1244 1313 Εἰ
1300 1262 1387 1314 οὖν
1445 1260 1679 1332 ἀγαπᾶτέ
1723 1280 1806 1333 με,

206 1356 474 1424 χαρήσετε
508 1355 732 1417 πάντως,
786 1354 866 1405 ὃτι
924 1349 997 1404 δι’
1055 1350 1140 1423 ἐμὲ
1196 1358 1360 1403 ταῦτα
1403 1352 1661 1421 πάσχετε,
1702 1348 1809 1402 ἐπεὶ

208 1438 356 1510 κάγὼ
385 1437 458 1492 δι’
509 1442 645 1511 ὑμᾶς
677 1458 689 1469 ·
732 1446 820 1493 καὶ
868 1443 1015 1513 ὑμεῖς
1061 1444 1149 1512 μὲν
1198 1443 1322 1515 υπὲρ
1371 1442 1649 1505 Δεσπότόυ,
1710 1438 1808 1510 ἐγὼ

210 1524 271 1579 δὲ
300 1529 425 1603 ὑπὲρ
459 1525 676 1585 δούλων.
711 1528 838 1582 Εἶτα
864 1531 1046 1587 τίθησι
1075 1534 1164 1581 καὶ
1190 1528 1347 1586 ἄλλην
1378 1531 1735 1602 παραμυθίαν.

1921 545 1997 602 ad
2031 543 2250 601 similia
2278 559 2416 599 cum
2467 547 2829 616 praeceptore
2856 543 3217 613 sufferenda,
3247 547 3308 603 et
3343 560 3447 618 per
3468 559 3574 603 ve-

1922 634 2095 704 stigia
2118 650 2216 690 me
2247 633 2643 705 sequendum.

1992 724 2160 780 Vers.
2194 727 2282 778 20.
2311 722 2375 777 Si
2400 753 2466 762 —
2493 722 2838 781 servabunt.
2892 725 3097 797 Neque
3140 724 3397 795 graviter
3421 725 3574 782 fera-

1921 814 2010 882 tis,
2043 812 2208 883 quod
2236 827 2345 867 vos
2378 816 2834 882 persequantur,
2862 816 2964 868 aut
2993 813 3159 885 quod
3178 819 3401 870 vestros
3432 829 3573 870 con-

1921 906 2183 957 temnant
2215 916 2523 956 sermones
2551 921 2564 953 :
2594 916 2732 972 quae
2754 901 2914 957 enim
2950 901 3012 958 in
3034 918 3131 959 me
3161 903 3569 968 ostenderunt,

1920 991 2047 1046 haec
2066 991 2241 1045 etiam
2257 990 2319 1044 in
2334 1006 2440 1044 vos
2459 990 2803 1046 ostendent:
2823 995 2878 1047 et
2898 992 3144 1062 sufﬁcit,
3165 991 3373 1064 inquit,
3389 1007 3567 1058 servo,

1919 1084 1984 1135 ut
2001 1082 2074 1137 sit
2093 1081 2240 1136 sicut
2268 1080 2535 1136 dominus
2560 1082 2687 1149 ejus
2709 1082 2753 1133 ⁸.

1990 1171 2152 1225 Vers.
2185 1173 2273 1224 2t.
2306 1169 2512 1225 Sed—
2548 1184 2754 1226 meum.
2808 1171 2941 1227 Haec
2999 1170 3219 1236 omnia,
3253 1176 3400 1243 puta
3445 1186 3575 1244 per-

1919 1264 2253 1331 sequentes,
2287 1264 2343 1314 et
2372 1273 2711 1314 sermonem
2739 1263 3003 1315 vestrum
3057 1275 3180 1316 non
3246 1266 3575 1318 servantes.

1920 1348 1979 1405 Si
2000 1363 2142 1417 ergo
2170 1347 2409 1418 diligitis
2439 1363 2542 1416 me,
2576 1347 2914 1417 gaudebitis
2945 1348 3217 1419 omnino,
3256 1351 3401 1422 quia
3446 1351 3573 1407 haec

1917 1441 2160 1509 propter
2185 1452 2279 1491 me
2320 1435 2613 1507 patimini,
2646 1437 2789 1508 quia
2831 1441 2887 1493 et
2916 1453 3028 1508 ego
3076 1445 3317 1510 propter
3341 1455 3485 1496 vos:
3517 1443 3575 1496 et

1916 1541 2023 1580 vos
2065 1525 2307 1596 quidem
2357 1540 2468 1596 pro
2532 1524 2806 1596 Domino,
2856 1540 2969 1595 ego
3022 1542 3164 1583 vero
3204 1543 3317 1601 pro
3364 1527 3573 1586 servis.

1921 1613 2135 1669 Deinde
2164 1614 2401 1685 ponitet
2422 1612 2601 1669 aliam
2632 1613 3126 1671 consolationem.

280 1703 400 1756 ’⁷Οτι
426 1736 492 1745 —-
522 1725 607 1778 με.
635 1705 757 1759 Ὀτι
788 1706 1032 1758 ἁθετοῦσι
1062 1708 1146 1756 τὸν
1180 1703 1555 1757 ἀποστείλαντά
1584 1725 1664 1777 με,
1691 1724 1807 1758 του-

1988 1701 2155 1757 Vers.
2187 1705 2275 1756 2t.
2312 1703 2461 1768 Quia
2510 1732 2577 1742 —
2617 1717 2724 1758 me.
2782 1703 2934 1769 Quia
2984 1708 3378 1762 contemnunt
3430 1721 3573 1777 eum

209 1797 379 1844 τέστιν
407 1792 684 1868 ὑϐρίζουσι
705 1800 791 1846 καὶ
838 1798 925 1846 τόν
962 1798 1185 1865 Πατέρα.
1220 1798 1415 1845 Λοιπὸν
1451 1799 1622 1845 τοίνυν
1655 1792 1805 1866 ἀγαλο

210 1880 393 1933 λιᾶσθε
421 1882 751 1955 ὑϐριζόμενοι
776 1884 887 1953 μεθ’
919 1886 1084 1953 ἡμῶν.
1126 1880 1343 1934 Ἔπειτα
1382 1881 1659 1956 ἀποστερεῖ
1696 1887 1811 1943 τοὺς

212 1966 498 2031 Ἰουδαίους
555 1970 768 2031 ἁπάσης
826 1977 1139 2043 συγγνώμης
1207 1970 1653 2037 ἐθελοκακοῦντας,
1721 1976 1811 2024 καὶ

210 2066 429 2111 τοιαῦτα
459 2057 954 2132 διαπραττομένους.

282 2238 435 2290 Εἰ-
482 2238 668 2292 αὐτῶν.
717 2238 778 2290 Εἰ
820 2243 892 2310 μὴ
945 2234 1169 2301 ἐδίδαξα
1212 2239 1400 2298 αὐτοὺς
1430 2238 1688 2312 ἁμαρτίαν
1718 2238 1811 2291 οῦκ

211 2326 375 2398 εἶχον,
433 2324 701 2387 διώκοντες
728 2331 818 2378 καὶ
858 2325 1153 2399 ὑϐρίζοντες
1183 2327 1269 2399 ἐμέ
1312 2347 1365 2379 τε
1393 2333 1479 2379 καὶ
1512 2329 1643 2399 ὑμᾶς
1690 2334 1814 2391 τοῦς

211 2415 386 2488 ἐμοὺς,
413 2419 478 2475 ὡς
509 2422 640 2488 μήτε
669 2422 744 2477 τίς
774 2415 880 2487 ἐίμι
908 2415 1139 2487 λέγοντα,
1173 2422 1304 2488 μήτε
1336 2414 1435 2468 ἀπὸ
1467 2425 1565 2467 τῶν
1598 2424 1811 2492 Γραφῶν

210 2511 362 2557 τοῦτο
391 2502 425 2557 δ
429 2508 711 2558 εικνύοντα.

282 2681 340 2733 Ὀ
400 2712 467 2722 —
518 2689 681 2753 μισεῖ.
746 2683 1020 2754 Σαφηνίζει
1070 2686 1161 2733 καὶ
1219 2681 1361 2743 αὔξει
1410 2685 1503 2739 τὴν
1556 2682 1813 2757 ἁμαρτιαν

215 2771 402 2840 αὐτῶν,
434 2770 593 2841 λέγων
643 2773 720 2823 ὅτι
758 2776 846 2822 καὶ
897 2773 926 2829 ἡ
964 2778 1054 2822 τοῦ
1097 2772 1221 2822 Υἰοῦ
1270 2768 1434 2844 ὕϐρις,
1484 2778 1577 2822 τοῦ
1617 2776 1814 2845 Πατρός

214 2859 351 2911 ἐστιν
390 2857 558 2930 ὕϐρις.
612 2860 776 2911 Εἰπὼν
824 2856 882 2911 δὲ
928 2865 1045 2933 περὶ
1086 2868 1179 2920 τῆς
1233 2857 1583 2920 διδασκαλίας
1630 2860 1808 2931 αὑτοῦ,

214 2949 345 3018 λέγει
366 2952 454 2998 καὶ
485 2954 598 3020 περὶ
632 2956 730 2998 τῶν
766 2952 995 3019 σημείων
1029 2949 1208 3002 αὐτοῦ.

1918 1791 2018 1862 qui
2043 1806 2138 1846 me
2167 1790 2537 1858 amandavit,
2565 1791 2679 1847 hoc
2701 1796 2811 1859 est,
2835 1791 3069 1848 Patrem
3091 1808 3336 1866 quoque
3366 1799 3574 1851 contu-

1921 1879 2099 1935 melia
2127 1878 2413 1935 afﬁciunt.
2457 1880 2717 1936 Gaudete
2747 1881 2947 1953 itaque
3004 1882 3320 1939 nobiscum
3379 1883 3574 1941 affecti

1920 1969 2296 2024 contumelia.
2331 1968 2472 2024 Post
2505 1969 2633 2024 haec
2675 1969 2910 2025 Iudaeos
2942 1971 3104 2027 omni
3142 1971 3338 2042 privat
3373 1972 3571 2039 venia,

1920 2057 2085 2129 quod
2115 2058 2190 2112 de
2221 2056 2513 2113 industria
2543 2072 2859 2129 perperam
2889 2059 3117 2131 operati
3139 2060 3274 2126 sint,
3316 2059 3575 2134 taliaque

1920 2147 2408 2219 perpetraverint.

1990 2236 2151 2290 Vers.
2183 2240 2272 2290 22.
2306 2234 2367 2290 Si
2394 2267 2459 2279 -—
2488 2252 2613 2293 suo.
2648 2236 2704 2293 Si
2742 2251 2865 2293 non
2896 2236 3240 2294 docuissem
3266 2252 3393 2303 eos,
3424 2252 3574 2310 pec-

1921 2329 2119 2380 catum
2154 2340 2269 2380 non
2300 2324 2591 2380 haberent
2633 2325 3053 2397 persequendo
3101 2342 3172 2382 ac
3209 2326 3577 2385 contumelia

1921 2412 2236 2469 aﬁiciendo
2293 2418 2351 2468 et
2392 2429 2489 2468 me
2537 2418 2593 2468 et
2647 2429 2773 2480 vos,
2827 2414 2932 2485 qui
2981 2414 3098 2470 mei
3163 2414 3323 2483 estis,
3368 2419 3574 2488 utpote

1922 2517 2043 2558 non
2082 2501 2376 2557 dicentem
2433 2503 2568 2573 quis
2612 2516 2829 2571 essem,
2883 2517 2993 2558 nec
3060 2500 3124 2557 id
3172 2517 3210 2559 a
3265 2502 3576 2576 Scripturis

1922 2590 2352 2646 ostendentem.

1993 2678 2157 2734 Vers.
2177 2678 2264 2733 23.
2298 2680 2411 2745 Qui
2433 2709 2502 2719 —
2531 2678 2677 2734 odit.
2722 2677 3014 2749 Explanat
3040 2682 3097 2735 et
3144 2684 3322 2750 auget
3365 2695 3578 2752 pecca-

1924 2772 2050 2825 tum
2081 2767 2307 2823 illorum
2342 2768 2565 2833 dicens,
2593 2767 2758 2839 quod
2816 2768 2938 2823 Filii
2978 2768 3217 2839 injuria,
3262 2769 3449 2825 Patris
3487 2775 3576 2828 est

1922 2858 2163 2928 injuria.
2196 2858 2515 2929 Postquam
2548 2862 2750 2914 autem
2775 2856 2924 2915 dixit
2945 2859 3017 2914 de
3038 2858 3311 2916 doctrina
3332 2876 3461 2927 sua,
3495 2860 3575 2917 di-

1924 2948 1998 3004 cit
2027 2947 2205 3003 etiam
2232 2949 2303 3003 de
2335 2947 2522 3017 signis
2563 2947 2706 3002 suis.

287 3036 345 3087 Εὶ
394 3066 463 3074 -
513 3034 676 3105 εἶχον,
728 3041 827 3088 Καὶ
881 3041 1036 3098 ὅντως
1094 3035 1242 3088 αὐτοὶ
1292 3039 1483 3089 τούτων
1538 3041 1809 3111 μάρτυρες,

1995 3038 2160 3093 Vers.
2194 3037 2282 3092 24.
2335 3006 2423 3092 διυ
2451 3066 2522 3077 —
2581 3036 2885 3093 haberent.
2939 3038 3005 3092 Et
3054 3052 3189 3092 vere
3238 3037 3353 3109 ipsi
3398 3042 3578 3095 testes

214 3126 443 3195 λέγοντες
484 3126 564 3175 ὅτι
596 3122 860 3177 Οὐδέποτε
886 3125 1049 3187 οὕτως
1074 3126 1230 3197 ἐφάνη
1278 3124 1326 3177 ἐν
1356 3134 1428 3197 τῷ
1461 3128 1691 3202 Ἰσραὴλ,
1724 3134 1813 3181 καὶ

215 3217 361 3286 ἔτερα
380 3220 614 3267 τοιαῦτα.

285 3310 390 3355 Νῦν
420 3334 487 3341 -
510 3302 789 3375 ἑωράκασι.
822 3306 898 3355 Τὰ
928 3311 1143 3355 τοιαῦτα
1171 3306 1310 3377 ξογα.

288 3398 387 3444 Καὶ
427 3423 493 3433 --
524 3411 643 3463 μου.
689 3392 949 3465 Ἀνωτέρω
996 3397 1097 3464 γὰρ
1144 3390 1300 3459 εἶπεν,
1358 3395 1436 3445 ὅτι
1482 3394 1540 3445 Ὀ
1572 3393 1657 3466 ἐμὲ
1700 3394 1813 3465 (37)

214 3490 380 3554 μισῶν
412 3481 523 3549 (38)
566 3485 655 3532 καὶ
699 3484 785 3532 τόν
833 3484 1039 3553 Πατέρα
1081 3502 1179 3553 μου
1228 3490 1389 3554 μισεῖ.
1443 3488 1540 3535 Καὶ
1581 3482 1813 3555 ἀλλαχοῦ

214 3569 365 3622 πάλιν
400 3589 412 3601 ·
445 3568 502 3620 Ὀ
528 3574 598 3640 μὴ
633 3578 794 3641 τιμῶν
824 3573 911 3621 τόν
940 3571 1078 3633 Υἰον,
1112 3571 1169 3623 οῦ
1209 3578 1337 3644 τιμᾷ
1366 3576 1453 3623 τόν
1496 3576 1699 3645 Πατέρα
1726 3577 1813 3624 τόν

214 3657 491 3728 πέμψαντα
521 3657 695 3712 αὐτόν.

283 3746 423 3797 Ἀλλ’
480 3777 545 3786 -
603 3743 821 3819 δωρεάν.
866 3746 1144 3800 Κάνταῦθα
1191 3751 1248 3800 τό
1295 3748 1406 3801 Ἰνα
1451 3750 1544 3801 οὐκ
1597 3750 1814 3802 αἰτιολο-

214 3838 382 3906 γικὸν,
445 3833 571 3885 ἀλλά
629 3832 939 3899 δηλωτικόν,
996 3845 1087 3888 τοῦ
1160 3837 1442 3909 μέλλοντος,
1498 3840 1578 3890 ὅτι
1647 3838 1815 3910 μέλλει

218 3923 552 3995 πληρωθῆναι
597 3926 621 3975 ό
675 3924 826 3995 λόγος
882 3920 1046 3986 οὗτος.
1096 3931 1266 3998 Νόμον
1321 3923 1379 3979 δὲ
1425 3927 1560 3997 λέγει
1598 3932 1691 3985 τὴν
1733 3927 1816 3999 βί-

219 4012 332 4064 ϐλον
371 4020 469 4063 τῶν
520 4013 742 4084 Ψαλμῶν
799 4016 848 4064 ἐν
991 4017 1300 4088 γέγραπται,
1357 4017 1433 4067 ὅτι
1487 4020 1587 4068 Καὶ
1648 4016 1816 4087 λόγοις

217 4106 401 4173 μίσους
466 4099 760 4153 ἐκύκλωσαν
817 4121 898 4173 με,
958 4108 1047 4154 καὶ
1102 4102 1422 4175 ἐπολέμησαν
1484 4123 1546 4175 με
1595 4101 1814 4176 δωρεάν,

218 4190 508 4260 Ἐμίσησαν
566 4185 652 4240 οὖν
710 4190 864 4241 αὐτόν
924 4186 1140 4263 δωρεὰν,
1197 4195 1315 4249 ἤτοι
1366 4194 1555 4264 μάτην,
1610 4191 1816 4246 ἁνευλό-

214 4297 315 4349 γως
340 4277 473 4347 (39),
507 4274 598 4329 διὰ
626 4283 718 4336 τὴν
752 4284 1001 4351 πονηρίαν
1024 4279 1210 4335 αὐτῶν.

286 4364 394 4418 Ἵνα
426 4363 483 4418 δὲ
528 4371 599 4438 μὴ
651 4371 863 4420 εἰπωσιν
912 4370 959 4419 οἱ
1005 4368 1323 4421 ἀπόστολον
1378 4370 1439 4423 Εἰ
1489 4373 1545 4422 σε
1597 4368 1814 4433 ἐδίωξαν

215 4459 304 4505 καὶ
346 4458 429 4506 τόν
479 4455 628 4526 λόγον
683 4476 777 4508 σου
826 4456 919 4508 οὐκ
978 4455 1256 4531 ἐτήρησαν,
1300 4458 1342 4510 εἰ
1391 4466 1607 4510 τοιαῦτα
1651 4455 1815 4510 διδα-

217 4545 430 4615 χθέντες
468 4550 557 4596 καὶ
600 4553 819 4597 τοιαῦτα
848 4546 1127 4620 ἑωρακότες
1158 4544 1309 4599 οὐδὲν
1350 4546 1635 4617 ἀπώναντο,
1686 4547 1728 4600 εἰ
1760 4551 1816 4600 σε

1924 3132 2091 3182 erant
2115 3126 2383 3181 dicentes
2407 3140 2422 3180 :
2445 3125 2767 3197 Nunquam
2788 3124 3071 3195 apparuit
3113 3125 3197 3181 sic
3219 3125 3280 3180 in
3313 3126 3503 3183 Israel
3527 3126 3574 3191 ⁸,

1922 3215 2158 3287 aliaque
2182 3214 2416 3269 similia.

1992 3307 2153 3359 Vers.
2181 3307 2270 3358 24.
2302 3304 2475 3357 Nunc
2508 3332 2577 3343 —
2622 3303 2918 3358 viderunt.
2964 3301 3319 3372 Hujusmodi
3367 3317 3573 3374 opera.

1991 3393 2152 3447 Vers.
2185 3394 2273 3446 24.
2306 3392 2379 3446 Et
2412 3421 2461 3432 —
2511 3406 2723 3446 meum.
2750 3388 3035 3461 Superius
3078 3406 3341 3462 namque
3386 3390 3571 3447 dixit:

1923 3480 2033 3547 Qui
2054 3496 2145 3537 me
2173 3480 2317 3544 odit,
2343 3479 2395 3534 is
2420 3486 2472 3535 et
2506 3480 2743 3534 Patrem
2782 3493 2968 3533 meum
3013 3478 3137 3533 odit
3198 3480 3264 3533 ¹⁰.
3327 3481 3393 3535 Et
3444 3494 3574 3535 rur-

1922 3584 2056 3623 sum
2086 3567 2230 3623 alibi
2258 3587 2271 3627 :
2308 3567 2417 3632 Qui
2445 3583 2564 3623 non
2594 3567 2848 3623 honorat
2880 3566 3121 3633 Filium,
3159 3582 3281 3623 non
3324 3566 3577 3626 honorat

1923 3659 2171 3722 Patrem,
2203 3657 2309 3727 qui
2334 3655 2491 3711 misit
2519 3657 2691 3711 illum
2720 3656 2789 3710 ιι.

1993 3748 2153 3801 Vers.
2179 3747 2266 3799 25.
2326 3744 2438 3801 Sed
2478 3773 2545 3784 -
2597 3744 2800 3813 gratis.
2853 3744 3039 3800 Etiam
3099 3744 3194 3799 hic
3255 3744 3431 3802 dictio
3486 3751 3572 3811 ut,

1923 3852 2043 3891 non
2096 3840 2184 3890 est
2238 3833 2515 3897 causalis,
2542 3833 2645 3888 sed
2698 3832 2876 3888 futuri
2940 3833 3350 3904 signiﬁcativa,
3410 3835 3577 3907 quod

1923 3925 2189 3980 futurum
2220 3924 2313 3988 sit,
2347 3926 2412 3978 ut
2431 3922 2527 3978 hic
2549 3937 2746 3977 sermo
2772 3921 3164 3994 compleatur.
3198 3922 3412 3992 Legem
3436 3938 3576 3979 vero

1922 4014 2062 4069 dicit
2094 4013 2309 4068 librum
2341 4010 2753 4074 Psalmorum,
2785 4009 2847 4065 in
2876 4025 2999 4082 quo
3031 4010 3319 4082 scriptum
3345 4015 3472 4067 est:
3498 4011 3576 4066 Et

1922 4101 2287 4159 sermonibus
2318 4100 2439 4155 odii
2463 4098 2981 4156 circumdederunt
3008 4113 3098 4155 me
3122 4107 3173 4155 et
3201 4114 3580 4169 oppugnave-

1924 4198 2068 4247 runt
2105 4206 2193 4246 me
2216 4189 2402 4261 gratis
2432 4191 2501 4241 ¹².
2554 4189 2815 4245 Oderunt
2840 4202 2982 4257 ergo
3025 4187 3191 4242 illum
3242 4187 3427 4257 gratis
3454 4188 3578 4245 sive

1848 4264 1892 4318 ί)
1924 4281 2166 4345 frustra,
2196 4279 2425 4349 absque
2446 4276 2697 4340 ratione,
2753 4282 2994 4349 propter
3045 4292 3211 4331 suam
3260 4276 3576 4334 malitiam.

1998 4371 2078 4423 Ne
2105 4373 2302 4423 autem
2330 4366 2532 4421 dicant
2558 4363 2807 4435 apostoli
2839 4382 2851 4419 :
2880 4365 2937 4420 Si
2998 4368 3048 4418 te
3076 4364 3366 4435 persecuti
3415 4370 3572 4432 sunt,

1926 4462 1984 4514 et
2037 4471 2373 4512 sermonem
2432 4460 2602 4508 tuum
2651 4467 2773 4508 non
2828 4457 3216 4508 servaverunt
3276 4468 3291 4518 ;
3343 4452 3391 4507 si
3448 4469 3578 4508 cum

1927 4546 2068 4603 talia
2123 4545 2315 4599 edocti
2372 4548 2529 4608 sunt,
2584 4542 2844 4613 taliaque
2907 4541 3202 4605 viderunt,
3264 4540 3410 4596 nihil
3465 4541 3579 4596 illis

216 4636 305 4683 καὶ
355 4636 442 4683 τὸν
497 4638 703 4705 Πατέρα
765 4654 858 4687 σου
918 4641 1261 4708 μεμισήκασι,
1317 4636 1561 4709 μελλουσι
1611 4633 1669 4689 δὲ
1723 4641 1812 4687 καὶ

219 4720 291 4783 εἰς
355 4723 489 4793 ἡμᾶς
565 4725 632 4774 τὰ
687 4725 842 4795 ὅμοια
912 4721 1261 4791 ἐνδείξασθαι,
1326 4732 1458 4787 τίνος
1522 4727 1678 4779 ἕνεκεν
1748 4728 1815 4786 εἰς

217 4812 485 4873 τοιούτους
564 4809 892 4873 ἀποστέλλεις

1925 4635 2139 4709 profuit
2192 4634 2288 4700 ;si
2337 4640 2391 4689 te
2447 4637 2504 4688 et
2549 4632 2780 4687 Patrem
2835 4635 3002 4686 tuum
3056 4630 3327 4697 oderunt,
3364 4630 3583 4688 similia

1922 4739 2165 4798 quoque
2188 4721 2513 4777 adversum
2530 4735 2641 4775 nos
2662 4718 3174 4785 demonstrabunt,
3193 4734 3379 4790 quam
3402 4719 3583 4789 igitur

984 4817 1181 4885 ἠμάςς
1263 4817 1479 4886 Ἐπάγει
1571 4834 1812 4887 παραμυ-

1936 4813 2004 4871 ob
2042 4826 2291 4867 causam
2323 4809 2400 4865 ad
2436 4808 2584 4865 tales
2640 4822 2752 4863 nos
2804 4806 3036 4864 mittis?
3092 4806 3321 4865 inducit
3367 4822 3584 4865 conso-

293 4999 314 5032 ⁸
343 4990 538 5055 Matth.
564 5005 620 5057 Ι,
656 4991 747 5047 25.
858 4993 879 5026 °
911 4991 1109 5049 Matth.
1139 5008 1211 5062 ix,
1239 4997 1327 5050 33.
1442 4994 1490 5029 ¹⁰
1517 4994 1687 5050 Joan.
1709 5010 1800 5050 xv.
1829 4994 1918 5051 23.
2050 4993 2091 5028 ¹¹
2117 4990 2287 5047 Joan.
2322 5006 2375 5057 ν,
2406 4992 2494 5045 23.
2612 4988 2675 5041 12
2719 4985 2869 5042 Psal.
2903 5002 3052 5055 cvm,
3082 4989 3137 5042 2.

1442 4994 1490 5029 ¹⁰
1517 4994 1687 5050 Joan.
1709 5010 1800 5050 xv.
1829 4994 1918 5051 23.
2050 4993 2091 5028 ¹¹
2117 4990 2287 5047 Joan.
2322 5006 2375 5057 ν,
2406 4992 2494 5045 23.

1430 5145 1651 5215 Variae
1699 5146 2027 5216 lectiones
2068 5154 2134 5211 et
2173 5152 2376 5210 notae.

315 5312 862 5397 3?)M‘°"‘tit‘_‘-A:
1004 5390 1014 5397 .
1207 5395 1225 5397 μ
1270 5388 1307 5397 -
1394 5386 1409 5397 .
1588 5392 1597 5397 .
1713 5393 1721 5397 _

1936 5387 1951 5397 _
2007 5314 2119 5386 (39)
2153 5311 2477 5397 Hentenius
2516 5310 2761 5392 fortasse
2814 5308 3034 5397 reperit
3089 5327 3205 5361 ανευ
3251 5307 3429 5383 λόγου,
3467 5308 3589 5367 Sed

315 5319 404 5387 37)
444 5324 633 5371 Μισῶν
656 5319 763 5387 ἐμέ.
799 5321 862 5371 Α.

219 5319 537 5521 οηξτῗῗάιῐὶἰο
563 5388 729 5444 addit
753 5387 963 5453 codex,
986 5390 1052 5443 A.
1077 5395 1242 5459 μισεῖ.
1269 5386 1453 5445 Paulo
1478 5392 1606 5461 post
1631 5393 1812 5445 autem

2007 5319 2119 5386 (39)
2153 5319 2472 5369 Hentenius
2516 5319 2761 5366 fortasse
2815 5319 3034 5381 reperit
3089 5327 3136 5360 an

1936 5387 2052 5443 hoc
2078 5400 2321 5459 quoque
2353 5384 2606 5456 probum
2636 5381 2676 5437 i.
2699 5397 2752 5438 e.
2776 5382 2869 5433 οὑκ
2899 5380 3136 5452 εὐλόγως.

296 5638 415 5712 (qq)
463 5636 535 5696 Ut
563 5669 629 5678 —
668 5638 736 5694 si.
769 5637 1098 5709 Siquidem.

547 5739 778 5795 PATROL.
820 5737 925 5794 Gn.
961 5735 1205 5794 CXXIX.
3202 5726 3272 5785 43
