  <div class='ocr_page' id='page_1' title='image "/cluster/home/n/w/nwhite01/storage/ocr_20150623/129/mdp.39015061528470/749.png"; bbox 0 0 4130 6320; ppageno 0'>
   <div class='ocr_carea' id='block_1_1' title="bbox 539 276 677 338">
    <p class='ocr_par' dir='ltr' id='par_1_1' title="bbox 539 276 677 338">
     <span class='ocr_line' id='line_1_1' title="bbox 539 276 677 338; baseline 0.014 -2"><span class='ocrx_word' id='word_1_1' title='bbox 539 276 677 338; x_wconf 68' lang='grc'>1415</span> 
     </span>
    </p>
   </div>
   <div class='ocr_carea' id='block_1_2' title="bbox 1865 273 2579 340">
    <p class='ocr_par' dir='ltr' id='par_1_2' title="bbox 1865 273 2579 340">
     <span class='ocr_line' id='line_1_2' title="bbox 1865 273 2579 340; baseline 0.003 -3"><span class='ocrx_word' id='word_1_2' title='bbox 1865 275 2212 338; x_wconf 82' lang='lat' dir='ltr'>EUTHYMII</span> <span class='ocrx_word' id='word_1_3' title='bbox 2253 273 2579 340; x_wconf 80' lang='lat' dir='ltr'>ZIGABENI</span> 
     </span>
    </p>
   </div>
   <div class='ocr_carea' id='block_1_3' title="bbox 3781 271 3927 338">
    <p class='ocr_par' dir='ltr' id='par_1_3' title="bbox 3781 271 3927 338">
     <span class='ocr_line' id='line_1_3' title="bbox 3781 271 3927 338; baseline 0 -1"><span class='ocrx_word' id='word_1_4' title='bbox 3781 281 3809 337; x_wconf 89' lang='grc'>1</span> <span class='ocrx_word' id='word_1_5' title='bbox 3823 271 3927 338; x_wconf 73' lang='grc'>416</span> 
     </span>
    </p>
   </div>
   <div class='ocr_carea' id='block_1_4' title="bbox 536 398 2167 483">
    <p class='ocr_par' dir='ltr' id='par_1_4' title="bbox 536 405 2167 479">
     <span class='ocr_line' id='line_1_4' title="bbox 536 405 2167 479; baseline 0 -16"><span class='ocrx_word' id='word_1_6' title='bbox 536 405 910 464; x_wconf 88' lang='lat' dir='ltr'>nuntiandus</span> <span class='ocrx_word' id='word_1_7' title='bbox 922 411 1034 473; x_wconf 86' lang='lat' dir='ltr'>est,</span> <span class='ocrx_word' id='word_1_8' title='bbox 1047 423 1167 464; x_wconf 91' lang='lat' dir='ltr'>non</span> <span class='ocrx_word' id='word_1_9' title='bbox 1183 407 1601 479; x_wconf 79' lang='lat' dir='ltr'>interrogative</span> <span class='ocrx_word' id='word_1_10' title='bbox 1618 430 1630 462; x_wconf 92' lang='lat'><strong>:</strong></span> <span class='ocrx_word' id='word_1_11' title='bbox 1655 409 1763 464; x_wconf 70' lang='lat' dir='ltr'>Vo:</span> <span class='ocrx_word' id='word_1_12' title='bbox 1797 423 1918 464; x_wconf 82' lang='lat' dir='ltr'>non</span> <span class='ocrx_word' id='word_1_13' title='bbox 1934 407 2167 478; x_wconf 75' lang='lat' dir='ltr'>elegistii</span> 
     </span>
    </p>
   </div>
   <div class='ocr_carea' id='block_1_5' title="bbox 2298 398 3925 483">
    <p class='ocr_par' dir='ltr' id='par_1_5' title="bbox 2298 398 3925 483">
     <span class='ocr_line' id='line_1_5' title="bbox 2298 398 3925 483; baseline 0 -21"><span class='ocrx_word' id='word_1_14' title='bbox 2298 408 2502 481; x_wconf 83' lang='grc' dir='ltr'>εἱλόμην</span> <span class='ocrx_word' id='word_1_15' title='bbox 2548 409 2684 482; x_wconf 83' lang='grc' dir='ltr'>ὑμᾶς</span> <span class='ocrx_word' id='word_1_16' title='bbox 2727 408 2921 482; x_wconf 76' lang='grc' dir='ltr'>φίλους,</span> <span class='ocrx_word' id='word_1_17' title='bbox 2962 409 3060 482; x_wconf 74' lang='grc' dir='ltr'>ἐγὼ</span> <span class='ocrx_word' id='word_1_18' title='bbox 3093 409 3156 483; x_wconf 72' lang='grc' dir='ltr'>τῇ</span> <span class='ocrx_word' id='word_1_19' title='bbox 3209 398 3354 482; x_wconf 79' lang='grc' dir='ltr'>φιλίᾳ</span> <span class='ocrx_word' id='word_1_20' title='bbox 3396 406 3542 482; x_wconf 83' lang='grc' dir='ltr'>ὑμῶν</span> <span class='ocrx_word' id='word_1_21' title='bbox 3585 404 3925 482; x_wconf 71' lang='grc' dir='ltr'>ἐπέδραμον.</span> 
     </span>
    </p>
   </div>
   <div class='ocr_carea' id='block_1_6' title="bbox 535 496 2185 569">
    <p class='ocr_par' dir='ltr' id='par_1_6' title="bbox 535 496 2185 569">
     <span class='ocr_line' id='line_1_6' title="bbox 535 496 2185 569; baseline -0.001 -15"><span class='ocrx_word' id='word_1_22' title='bbox 535 511 640 563; x_wconf 87' lang='lat' dir='ltr'>me,</span> <span class='ocrx_word' id='word_1_23' title='bbox 670 496 774 553; x_wconf 81' lang='lat' dir='ltr'>sed</span> <span class='ocrx_word' id='word_1_24' title='bbox 801 511 898 568; x_wconf 83' lang='lat' dir='ltr'>ego</span> <span class='ocrx_word' id='word_1_25' title='bbox 923 497 1067 568; x_wconf 80' lang='lat' dir='ltr'><strong><em>elegi</em></strong></span> <span class='ocrx_word' id='word_1_26' title='bbox 1095 513 1189 554; x_wconf 82' lang='lat' dir='ltr'>vos</span> <span class='ocrx_word' id='word_1_27' title='bbox 1217 497 1279 554; x_wconf 90' lang='lat' dir='ltr'>in</span> <span class='ocrx_word' id='word_1_28' title='bbox 1308 497 1534 555; x_wconf 88' lang='lat' dir='ltr'>amicos</span> <span class='ocrx_word' id='word_1_29' title='bbox 1567 513 1582 564; x_wconf 90' lang='lat'><strong>;</strong></span> <span class='ocrx_word' id='word_1_30' title='bbox 1610 513 1722 569; x_wconf 90' lang='lat' dir='ltr'>ego</span> <span class='ocrx_word' id='word_1_31' title='bbox 1752 497 1830 554; x_wconf 88' lang='lat' dir='ltr'>ad</span> <span class='ocrx_word' id='word_1_32' title='bbox 1857 497 2185 554; x_wconf 83' lang='lat' dir='ltr'>amicitiam</span> 
     </span>
    </p>
   </div>
   <div class='ocr_carea' id='block_1_7' title="bbox 540 585 1066 642">
    <p class='ocr_par' dir='ltr' id='par_1_7' title="bbox 540 585 1066 642">
     <span class='ocr_line' id='line_1_7' title="bbox 540 585 1066 642; baseline 0 -1"><span class='ocrx_word' id='word_1_33' title='bbox 540 591 798 642; x_wconf 86' lang='lat' dir='ltr'>vestram</span> <span class='ocrx_word' id='word_1_34' title='bbox 817 601 962 641; x_wconf 88' lang='lat' dir='ltr'>accu</span> <span class='ocrx_word' id='word_1_35' title='bbox 971 585 1066 642; x_wconf 91' lang='lat' dir='ltr'>rri.</span> 
     </span>
    </p>
   </div>
   <div class='ocr_carea' id='block_1_8' title="bbox 606 673 2184 748">
    <p class='ocr_par' dir='ltr' id='par_1_8' title="bbox 606 673 2184 748">
     <span class='ocr_line' id='line_1_8' title="bbox 606 673 2184 748; baseline 0.001 -18"><span class='ocrx_word' id='word_1_36' title='bbox 606 675 770 730; x_wconf 83' lang='lat' dir='ltr'>Vers.</span> <span class='ocrx_word' id='word_1_37' title='bbox 804 679 887 730; x_wconf 85' lang='lat' dir='ltr'>l6.</span> <span class='ocrx_word' id='word_1_38' title='bbox 931 675 1006 731; x_wconf 86' lang='lat' dir='ltr'>Et</span> <span class='ocrx_word' id='word_1_39' title='bbox 1044 675 1214 745; x_wconf 75' lang='lat' dir='ltr'>posui</span> <span class='ocrx_word' id='word_1_40' title='bbox 1251 691 1370 732; x_wconf 79' lang='lat' dir='ltr'>vos.</span> <span class='ocrx_word' id='word_1_41' title='bbox 1433 676 1778 748; x_wconf 87' lang='lat' dir='ltr'>Explantavi</span> <span class='ocrx_word' id='word_1_42' title='bbox 1809 691 1917 732; x_wconf 89' lang='lat' dir='ltr'>vos</span> <span class='ocrx_word' id='word_1_43' title='bbox 1948 675 2008 731; x_wconf 91' lang='lat' dir='ltr'>in</span> <span class='ocrx_word' id='word_1_44' title='bbox 2041 673 2184 731; x_wconf 84' lang='lat' dir='ltr'>dile-</span> 
     </span>
    </p>
   </div>
   <div class='ocr_carea' id='block_1_9' title="bbox 534 763 1634 836">
    <p class='ocr_par' dir='ltr' id='par_1_9' title="bbox 534 763 1634 836">
     <span class='ocr_line' id='line_1_9' title="bbox 534 763 1634 836; baseline 0 -16"><span class='ocrx_word' id='word_1_45' title='bbox 534 764 725 820; x_wconf 79' lang='lat' dir='ltr'>ctione</span> <span class='ocrx_word' id='word_1_46' title='bbox 747 778 905 830; x_wconf 87' lang='lat' dir='ltr'>mea,</span> <span class='ocrx_word' id='word_1_47' title='bbox 929 764 989 819; x_wconf 89' lang='lat' dir='ltr'>in</span> <span class='ocrx_word' id='word_1_48' title='bbox 1019 763 1139 820; x_wconf 86' lang='lat' dir='ltr'>ﬁde</span> <span class='ocrx_word' id='word_1_49' title='bbox 1155 780 1292 836; x_wconf 71' lang='lat' dir='ltr'>quas</span> <span class='ocrx_word' id='word_1_50' title='bbox 1316 764 1378 820; x_wconf 91' lang='lat' dir='ltr'>in</span> <span class='ocrx_word' id='word_1_51' title='bbox 1407 781 1503 821; x_wconf 91' lang='lat' dir='ltr'>me</span> <span class='ocrx_word' id='word_1_52' title='bbox 1528 771 1634 821; x_wconf 91' lang='lat' dir='ltr'>est.</span> 
     </span>
    </p>
   </div>
   <div class='ocr_carea' id='block_1_10' title="bbox 607 852 2182 910">
    <p class='ocr_par' dir='ltr' id='par_1_10' title="bbox 607 852 2182 910">
     <span class='ocr_line' id='line_1_10' title="bbox 607 852 2182 910; baseline 0.001 -3"><span class='ocrx_word' id='word_1_53' title='bbox 607 853 762 909; x_wconf 86' lang='lat' dir='ltr'>Vers.</span> <span class='ocrx_word' id='word_1_54' title='bbox 824 854 910 908; x_wconf 85' lang='lat'>16.</span> <span class='ocrx_word' id='word_1_55' title='bbox 993 853 1066 910; x_wconf 90' lang='lat' dir='ltr'>Ut</span> <span class='ocrx_word' id='word_1_56' title='bbox 1119 869 1214 910; x_wconf 80' lang='lat' dir='ltr'>vos</span> <span class='ocrx_word' id='word_1_57' title='bbox 1270 853 1437 910; x_wconf 76' lang='lat' dir='ltr'>eatis.</span> <span class='ocrx_word' id='word_1_58' title='bbox 1508 856 1574 910; x_wconf 87' lang='lat' dir='ltr'>Ut</span> <span class='ocrx_word' id='word_1_59' title='bbox 1603 852 2010 910; x_wconf 89' lang='lat' dir='ltr'>extendamini</span> <span class='ocrx_word' id='word_1_60' title='bbox 2063 869 2182 909; x_wconf 90' lang='lat' dir='ltr'>cre-</span> 
     </span>
    </p>
   </div>
   <div class='ocr_carea' id='block_1_11' title="bbox 532 947 781 999">
    <p class='ocr_par' dir='ltr' id='par_1_11' title="bbox 532 947 781 999">
     <span class='ocr_line' id='line_1_11' title="bbox 532 947 781 999; baseline -0.004 -2"><span class='ocrx_word' id='word_1_61' title='bbox 532 947 781 999; x_wconf 86' lang='lat' dir='ltr'>scentes.</span> 
     </span>
    </p>
   </div>
   <div class='ocr_carea' id='block_1_12' title="bbox 603 1031 2179 1103">
    <p class='ocr_par' dir='ltr' id='par_1_12' title="bbox 603 1031 2179 1103">
     <span class='ocr_line' id='line_1_12' title="bbox 603 1031 2179 1103; baseline 0 -17"><span class='ocrx_word' id='word_1_62' title='bbox 603 1033 759 1087; x_wconf 82' lang='lat' dir='ltr'>Vers.</span> <span class='ocrx_word' id='word_1_63' title='bbox 796 1035 882 1087; x_wconf 82' lang='grc'>16.</span> <span class='ocrx_word' id='word_1_64' title='bbox 911 1031 985 1087; x_wconf 83' lang='lat' dir='ltr'>Et</span> <span class='ocrx_word' id='word_1_65' title='bbox 1012 1033 1273 1101; x_wconf 79' lang='lat' dir='ltr'>fructum</span> <span class='ocrx_word' id='word_1_66' title='bbox 1312 1031 1605 1102; x_wconf 75' lang='lat' dir='ltr'>a/Teratis.</span> <span class='ocrx_word' id='word_1_67' title='bbox 1659 1031 1846 1087; x_wconf 80' lang='lat' dir='ltr'>Veluti</span> <span class='ocrx_word' id='word_1_68' title='bbox 1903 1031 2179 1103; x_wconf 80' lang='lat' dir='ltr'>superius</span> 
     </span>
    </p>
   </div>
   <div class='ocr_carea' id='block_1_13' title="bbox 532 1119 2182 1192">
    <p class='ocr_par' dir='ltr' id='par_1_13' title="bbox 532 1119 2182 1192">
     <span class='ocr_line' id='line_1_13' title="bbox 532 1119 2182 1192; baseline -0.001 -16"><span class='ocrx_word' id='word_1_69' title='bbox 532 1119 934 1191; x_wconf 88' lang='lat' dir='ltr'>signiﬁcatum</span> <span class='ocrx_word' id='word_1_70' title='bbox 959 1124 1062 1175; x_wconf 87' lang='lat' dir='ltr'>est.</span> <span class='ocrx_word' id='word_1_71' title='bbox 1114 1122 1228 1176; x_wconf 87' lang='lat' dir='ltr'>Aut</span> <span class='ocrx_word' id='word_1_72' title='bbox 1271 1119 1552 1189; x_wconf 87' lang='lat' dir='ltr'>fructum,</span> <span class='ocrx_word' id='word_1_73' title='bbox 1617 1119 1941 1192; x_wconf 86' lang='lat' dir='ltr'>spiritualia</span> <span class='ocrx_word' id='word_1_74' title='bbox 1991 1119 2182 1176; x_wconf 91' lang='lat' dir='ltr'>chari-</span> 
     </span>
    </p>
   </div>
   <div class='ocr_carea' id='block_1_14' title="bbox 533 1208 2179 1282">
    <p class='ocr_par' dir='ltr' id='par_1_14' title="bbox 533 1208 2179 1282">
     <span class='ocr_line' id='line_1_14' title="bbox 533 1208 2179 1282; baseline 0 -18"><span class='ocrx_word' id='word_1_75' title='bbox 533 1213 729 1266; x_wconf 87' lang='lat' dir='ltr'>smata</span> <span class='ocrx_word' id='word_1_76' title='bbox 760 1225 772 1265; x_wconf 93' lang='lat'><strong>:</strong></span> <span class='ocrx_word' id='word_1_77' title='bbox 797 1213 900 1265; x_wconf 88' lang='lat' dir='ltr'>aut</span> <span class='ocrx_word' id='word_1_78' title='bbox 915 1208 1359 1266; x_wconf 79' lang='lat' dir='ltr'>multitudinem</span> <span class='ocrx_word' id='word_1_79' title='bbox 1375 1225 1585 1266; x_wconf 89' lang='lat' dir='ltr'>eorum</span> <span class='ocrx_word' id='word_1_80' title='bbox 1601 1209 1700 1282; x_wconf 90' lang='lat' dir='ltr'>qui</span> <span class='ocrx_word' id='word_1_81' title='bbox 1726 1209 1924 1266; x_wconf 86' lang='lat' dir='ltr'>studio</span> <span class='ocrx_word' id='word_1_82' title='bbox 1941 1208 2179 1265; x_wconf 91' lang='lat' dir='ltr'>illorum</span> 
     </span>
    </p>
   </div>
   <div class='ocr_carea' id='block_1_15' title="bbox 531 1297 999 1366">
    <p class='ocr_par' dir='ltr' id='par_1_15' title="bbox 531 1297 999 1366">
     <span class='ocr_line' id='line_1_15' title="bbox 531 1297 999 1366; baseline -0.002 -12"><span class='ocrx_word' id='word_1_83' title='bbox 531 1297 804 1354; x_wconf 88' lang='lat' dir='ltr'>salvandi</span> <span class='ocrx_word' id='word_1_84' title='bbox 835 1303 999 1366; x_wconf 81' lang='lat' dir='ltr'>sunt.</span> 
     </span>
    </p>
   </div>
   <div class='ocr_carea' id='block_1_16' title="bbox 603 1386 2182 1461">
    <p class='ocr_par' dir='ltr' id='par_1_16' title="bbox 603 1386 2182 1461">
     <span class='ocr_line' id='line_1_16' title="bbox 603 1386 2182 1461; baseline 0.002 -19"><span class='ocrx_word' id='word_1_85' title='bbox 603 1387 768 1443; x_wconf 85' lang='lat' dir='ltr'>Vers.</span> <span class='ocrx_word' id='word_1_86' title='bbox 799 1391 882 1442; x_wconf 85' lang='lat' dir='ltr'>l6.</span> <span class='ocrx_word' id='word_1_87' title='bbox 914 1386 992 1442; x_wconf 88' lang='lat' dir='ltr'>Et</span> <span class='ocrx_word' id='word_1_88' title='bbox 1020 1390 1596 1445; x_wconf 82' lang='lat' dir='ltr'>—maneat.Maneat</span> <span class='ocrx_word' id='word_1_89' title='bbox 1623 1387 2019 1461; x_wconf 81' lang='lat' dir='ltr'>incorruptus,</span> <span class='ocrx_word' id='word_1_90' title='bbox 2049 1403 2182 1460; x_wconf 88' lang='lat' dir='ltr'>per-</span> 
     </span>
    </p>
   </div>
   <div class='ocr_carea' id='block_1_17' title="bbox 571 1481 765 1532">
    <p class='ocr_par' dir='ltr' id='par_1_17' title="bbox 571 1481 765 1532">
     <span class='ocr_line' id='line_1_17' title="bbox 571 1481 765 1532; baseline -0.01 0"><span class='ocrx_word' id='word_1_91' title='bbox 571 1481 765 1532; x_wconf 87' lang='lat' dir='ltr'>etuus.</span> 
     </span>
    </p>
   </div>
   <div class='ocr_carea' id='block_1_18' title="bbox 529 1492 2179 1636">
    <p class='ocr_par' dir='ltr' id='par_1_18' title="bbox 529 1492 2179 1636">
     <span class='ocr_line' id='line_1_18' title="bbox 571 1492 765 1532; baseline -0.01 0"><span class='ocrx_word' id='word_1_92' title='bbox 571 1492 765 1532; x_wconf 84' lang='lat' dir='ltr'>ciuus.</span> 
     </span>
     <span class='ocr_line' id='line_1_19' title="bbox 529 1492 2179 1636; baseline 0.002 -17"><span class='ocrx_word' id='word_1_93' title='bbox 529 1492 570 1548; x_wconf 70' lang='grc' dir='ltr'>Ρ</span> <span class='ocrx_word' id='word_1_94' title='bbox 606 1567 762 1620; x_wconf 90' lang='lat' dir='ltr'>Vers.</span> <span class='ocrx_word' id='word_1_95' title='bbox 795 1568 878 1621; x_wconf 83' lang='grc'>16.</span> <span class='ocrx_word' id='word_1_96' title='bbox 911 1565 986 1622; x_wconf 88' lang='lat' dir='ltr'>Ut</span> <span class='ocrx_word' id='word_1_97' title='bbox 1014 1595 1082 1605; x_wconf 88' lang='lat'>—</span> <span class='ocrx_word' id='word_1_98' title='bbox 1108 1566 1289 1622; x_wconf 81' lang='lat' dir='ltr'>vobis.</span> <span class='ocrx_word' id='word_1_99' title='bbox 1317 1565 1565 1622; x_wconf 88' lang='lat' dir='ltr'>Nomine</span> <span class='ocrx_word' id='word_1_100' title='bbox 1591 1581 1747 1630; x_wconf 84' lang='lat' dir='ltr'>meo,</span> <span class='ocrx_word' id='word_1_101' title='bbox 1774 1565 1890 1622; x_wconf 87' lang='lat' dir='ltr'>hoc</span> <span class='ocrx_word' id='word_1_102' title='bbox 1911 1570 2017 1636; x_wconf 89' lang='lat' dir='ltr'>est,</span> <span class='ocrx_word' id='word_1_103' title='bbox 2047 1571 2179 1622; x_wconf 89' lang='lat' dir='ltr'>tan-</span> 
     </span>
    </p>
   </div>
   <div class='ocr_carea' id='block_1_19' title="bbox 529 1654 1568 1727">
    <p class='ocr_par' dir='ltr' id='par_1_19' title="bbox 529 1654 1568 1727">
     <span class='ocr_line' id='line_1_20' title="bbox 529 1654 1568 1727; baseline 0.001 -18"><span class='ocrx_word' id='word_1_104' title='bbox 529 1671 717 1727; x_wconf 83' lang='lat' dir='ltr'>quam</span> <span class='ocrx_word' id='word_1_105' title='bbox 746 1654 884 1722; x_wconf 89' lang='lat' dir='ltr'>mei,</span> <span class='ocrx_word' id='word_1_106' title='bbox 912 1661 1206 1727; x_wconf 89' lang='lat' dir='ltr'>tanquam</span> <span class='ocrx_word' id='word_1_107' title='bbox 1235 1655 1568 1711; x_wconf 80' lang='lat' dir='ltr'>Christiani.</span> 
     </span>
    </p>
   </div>
   <div class='ocr_carea' id='block_1_20' title="bbox 602 1742 2254 1815">
    <p class='ocr_par' dir='ltr' id='par_1_20' title="bbox 602 1742 2254 1815">
     <span class='ocr_line' id='line_1_21' title="bbox 602 1742 2254 1815; baseline 0.001 -16"><span class='ocrx_word' id='word_1_108' title='bbox 602 1742 705 1799; x_wconf 93' lang='lat' dir='ltr'>Vel</span> <span class='ocrx_word' id='word_1_109' title='bbox 737 1743 1008 1800; x_wconf 86' lang='lat' dir='ltr'>invocato</span> <span class='ocrx_word' id='word_1_110' title='bbox 1050 1743 1296 1799; x_wconf 91' lang='lat' dir='ltr'>nomine</span> <span class='ocrx_word' id='word_1_111' title='bbox 1339 1759 1492 1810; x_wconf 91' lang='lat' dir='ltr'>meo,</span> <span class='ocrx_word' id='word_1_112' title='bbox 1521 1744 1675 1799; x_wconf 88' lang='lat' dir='ltr'>sicut</span> <span class='ocrx_word' id='word_1_113' title='bbox 1703 1744 1882 1800; x_wconf 88' lang='lat' dir='ltr'>etiam</span> <span class='ocrx_word' id='word_1_114' title='bbox 1912 1744 1972 1799; x_wconf 92' lang='lat' dir='ltr'>in</span> <span class='ocrx_word' id='word_1_115' title='bbox 2022 1761 2174 1815; x_wconf 70' lang='lat' dir='ltr'>praa-</span> <span class='ocrx_word' id='word_1_116' title='bbox 2211 1755 2254 1810; x_wconf 86' lang='grc' dir='ltr'>Β</span> 
     </span>
    </p>
   </div>
   <div class='ocr_carea' id='block_1_21' title="bbox 529 1831 2177 1904">
    <p class='ocr_par' dir='ltr' id='par_1_21' title="bbox 529 1831 2177 1904">
     <span class='ocr_line' id='line_1_22' title="bbox 529 1831 2177 1904; baseline 0.001 -16"><span class='ocrx_word' id='word_1_117' title='bbox 529 1831 875 1888; x_wconf 88' lang='lat' dir='ltr'>cedentibus</span> <span class='ocrx_word' id='word_1_118' title='bbox 896 1832 1334 1888; x_wconf 87' lang='lat' dir='ltr'>declaravimus</span> <span class='ocrx_word' id='word_1_119' title='bbox 1361 1833 1464 1888; x_wconf 92' lang='lat' dir='ltr'>ubi</span> <span class='ocrx_word' id='word_1_120' title='bbox 1481 1832 1719 1888; x_wconf 91' lang='lat' dir='ltr'>dicebat</span> <span class='ocrx_word' id='word_1_121' title='bbox 1746 1849 1758 1887; x_wconf 91' lang='lat'><strong>:</strong></span> <span class='ocrx_word' id='word_1_122' title='bbox 1787 1834 1860 1888; x_wconf 86' lang='lat' dir='ltr'>Et</span> <span class='ocrx_word' id='word_1_123' title='bbox 1884 1835 2177 1904; x_wconf 77' lang='lat' dir='ltr'>quidquid</span> 
     </span>
    </p>
   </div>
   <div class='ocr_carea' id='block_1_22' title="bbox 527 1920 2177 1991">
    <p class='ocr_par' dir='ltr' id='par_1_22' title="bbox 527 1920 2177 1991">
     <span class='ocr_line' id='line_1_23' title="bbox 527 1920 2177 1991; baseline 0.001 -16"><span class='ocrx_word' id='word_1_124' title='bbox 527 1920 808 1991; x_wconf 73' lang='lat' dir='ltr'>petieritis</span> <span class='ocrx_word' id='word_1_125' title='bbox 834 1922 1066 1977; x_wconf 82' lang='lat' dir='ltr'>nomine</span> <span class='ocrx_word' id='word_1_126' title='bbox 1089 1937 1226 1986; x_wconf 89' lang='lat' dir='ltr'>meo,</span> <span class='ocrx_word' id='word_1_127' title='bbox 1258 1921 1361 1976; x_wconf 84' lang='lat' dir='ltr'>hoc</span> <span class='ocrx_word' id='word_1_128' title='bbox 1375 1921 1605 1990; x_wconf 84' lang='lat' dir='ltr'>faciam</span> <span class='ocrx_word' id='word_1_129' title='bbox 1631 1923 1678 1979; x_wconf 84' lang='grc'>³.</span> <span class='ocrx_word' id='word_1_130' title='bbox 1720 1923 1798 1977; x_wconf 82' lang='lat' dir='ltr'>Ac</span> <span class='ocrx_word' id='word_1_131' title='bbox 1829 1939 2036 1977; x_wconf 85' lang='lat' dir='ltr'>rursus</span> <span class='ocrx_word' id='word_1_132' title='bbox 2071 1938 2082 1977; x_wconf 93' lang='lat'>:</span> <span class='ocrx_word' id='word_1_133' title='bbox 2113 1922 2177 1978; x_wconf 91' lang='lat' dir='ltr'>Si</span> 
     </span>
    </p>
   </div>
   <div class='ocr_carea' id='block_1_23' title="bbox 531 2009 2174 2083">
    <p class='ocr_par' dir='ltr' id='par_1_23' title="bbox 531 2009 2174 2083">
     <span class='ocr_line' id='line_1_24' title="bbox 531 2009 2174 2083; baseline 0.001 -18"><span class='ocrx_word' id='word_1_134' title='bbox 531 2009 676 2082; x_wconf 85' lang='lat' dir='ltr'>quid</span> <span class='ocrx_word' id='word_1_135' title='bbox 699 2010 978 2079; x_wconf 77' lang='lat' dir='ltr'>petieritis</span> <span class='ocrx_word' id='word_1_136' title='bbox 1004 2013 1241 2065; x_wconf 86' lang='lat' dir='ltr'>nomine</span> <span class='ocrx_word' id='word_1_137' title='bbox 1270 2025 1416 2075; x_wconf 89' lang='lat' dir='ltr'>meo,</span> <span class='ocrx_word' id='word_1_138' title='bbox 1441 2010 1779 2081; x_wconf 74' lang='lat' dir='ltr'>hoc/aciem</span> <span class='ocrx_word' id='word_1_139' title='bbox 1805 2013 1846 2077; x_wconf 73' lang='lat'>‘,</span> <span class='ocrx_word' id='word_1_140' title='bbox 1863 2026 1932 2065; x_wconf 91' lang='lat' dir='ltr'>ex</span> <span class='ocrx_word' id='word_1_141' title='bbox 1957 2011 2174 2083; x_wconf 89' lang='lat' dir='ltr'>quibus</span> 
     </span>
    </p>
   </div>
   <div class='ocr_carea' id='block_1_24' title="bbox 527 2097 1993 2170">
    <p class='ocr_par' dir='ltr' id='par_1_24' title="bbox 527 2097 1993 2170">
     <span class='ocr_line' id='line_1_25' title="bbox 527 2097 1993 2170; baseline -0.001 -14"><span class='ocrx_word' id='word_1_142' title='bbox 527 2104 766 2156; x_wconf 90' lang='lat' dir='ltr'>ostensa</span> <span class='ocrx_word' id='word_1_143' title='bbox 789 2105 881 2156; x_wconf 90' lang='lat' dir='ltr'>est</span> <span class='ocrx_word' id='word_1_144' title='bbox 905 2100 1184 2170; x_wconf 65' lang='lat' dir='ltr'>potentiae</span> <span class='ocrx_word' id='word_1_145' title='bbox 1211 2097 1520 2170; x_wconf 74' lang='lat' dir='ltr'>tequalitas</span> <span class='ocrx_word' id='word_1_146' title='bbox 1546 2099 1734 2155; x_wconf 86' lang='lat' dir='ltr'>Patris</span> <span class='ocrx_word' id='word_1_147' title='bbox 1765 2105 1822 2156; x_wconf 93' lang='lat' dir='ltr'>et</span> <span class='ocrx_word' id='word_1_148' title='bbox 1847 2101 1993 2156; x_wconf 84' lang='lat' dir='ltr'>Filii.</span> 
     </span>
    </p>
   </div>
   <div class='ocr_carea' id='block_1_25' title="bbox 599 2273 2168 2347">
    <p class='ocr_par' dir='ltr' id='par_1_25' title="bbox 599 2273 2168 2347">
     <span class='ocr_line' id='line_1_26' title="bbox 599 2273 2168 2347; baseline 0.003 -19"><span class='ocrx_word' id='word_1_149' title='bbox 599 2275 755 2330; x_wconf 89' lang='lat' dir='ltr'>Vers.</span> <span class='ocrx_word' id='word_1_150' title='bbox 801 2280 885 2331; x_wconf 86' lang='grc'>17.</span> <span class='ocrx_word' id='word_1_151' title='bbox 939 2275 1076 2331; x_wconf 60' lang='lat' dir='ltr'>Hac</span> <span class='ocrx_word' id='word_1_152' title='bbox 1106 2305 1171 2315; x_wconf 92' lang='lat'><strong>—</strong></span> <span class='ocrx_word' id='word_1_153' title='bbox 1214 2273 1478 2331; x_wconf 84' lang='lat' dir='ltr'>invicem.</span> <span class='ocrx_word' id='word_1_154' title='bbox 1526 2275 1668 2330; x_wconf 69' lang='lat' dir='ltr'>Hinc</span> <span class='ocrx_word' id='word_1_155' title='bbox 1722 2273 1934 2347; x_wconf 87' lang='lat' dir='ltr'>loquor</span> <span class='ocrx_word' id='word_1_156' title='bbox 1978 2276 2168 2345; x_wconf 82' lang='lat' dir='ltr'>vobis,</span> 
     </span>
    </p>
   </div>
   <div class='ocr_carea' id='block_1_26' title="bbox 527 2363 2161 2436">
    <p class='ocr_par' dir='ltr' id='par_1_26' title="bbox 527 2363 2161 2436">
     <span class='ocr_line' id='line_1_27' title="bbox 527 2363 2161 2436; baseline 0.003 -18"><span class='ocrx_word' id='word_1_157' title='bbox 527 2369 698 2435; x_wconf 85' lang='lat' dir='ltr'>puta,</span> <span class='ocrx_word' id='word_1_158' title='bbox 719 2363 885 2436; x_wconf 91' lang='lat' dir='ltr'>quod</span> <span class='ocrx_word' id='word_1_159' title='bbox 924 2363 1147 2420; x_wconf 87' lang='lat' dir='ltr'>morior</span> <span class='ocrx_word' id='word_1_160' title='bbox 1164 2379 1272 2435; x_wconf 89' lang='lat' dir='ltr'>pro</span> <span class='ocrx_word' id='word_1_161' title='bbox 1299 2363 1490 2427; x_wconf 87' lang='lat' dir='ltr'>vobis,</span> <span class='ocrx_word' id='word_1_162' title='bbox 1519 2364 1751 2435; x_wconf 88' lang='lat' dir='ltr'>etquod</span> <span class='ocrx_word' id='word_1_163' title='bbox 1781 2379 1893 2434; x_wconf 93' lang='lat' dir='ltr'>ego</span> <span class='ocrx_word' id='word_1_164' title='bbox 1920 2365 1998 2421; x_wconf 91' lang='lat' dir='ltr'>ad</span> <span class='ocrx_word' id='word_1_165' title='bbox 2026 2367 2161 2423; x_wconf 88' lang='lat' dir='ltr'>ami-</span> 
     </span>
    </p>
   </div>
   <div class='ocr_carea' id='block_1_27' title="bbox 522 2452 2172 2526">
    <p class='ocr_par' dir='ltr' id='par_1_27' title="bbox 522 2452 2172 2526">
     <span class='ocr_line' id='line_1_28' title="bbox 522 2452 2172 2526; baseline 0.003 -19"><span class='ocrx_word' id='word_1_166' title='bbox 522 2452 725 2508; x_wconf 90' lang='lat' dir='ltr'>citiam</span> <span class='ocrx_word' id='word_1_167' title='bbox 751 2459 1006 2509; x_wconf 83' lang='lat' dir='ltr'>vestram</span> <span class='ocrx_word' id='word_1_168' title='bbox 1051 2453 1302 2522; x_wconf 89' lang='lat' dir='ltr'>accurri,</span> <span class='ocrx_word' id='word_1_169' title='bbox 1327 2468 1446 2508; x_wconf 92' lang='lat' dir='ltr'>non</span> <span class='ocrx_word' id='word_1_170' title='bbox 1469 2452 1907 2526; x_wconf 87' lang='lat' dir='ltr'>improperans,</span> <span class='ocrx_word' id='word_1_171' title='bbox 1941 2457 2045 2510; x_wconf 90' lang='lat' dir='ltr'>sed</span> <span class='ocrx_word' id='word_1_172' title='bbox 2086 2456 2172 2512; x_wconf 88' lang='lat' dir='ltr'>in-</span> 
     </span>
    </p>
   </div>
   <div class='ocr_carea' id='block_1_28' title="bbox 521 2543 2171 2612">
    <p class='ocr_par' dir='ltr' id='par_1_28' title="bbox 521 2543 2171 2612">
     <span class='ocr_line' id='line_1_29' title="bbox 521 2543 2171 2612; baseline 0.003 -14"><span class='ocrx_word' id='word_1_173' title='bbox 521 2543 711 2599; x_wconf 89' lang='lat' dir='ltr'>citans</span> <span class='ocrx_word' id='word_1_174' title='bbox 736 2558 845 2598; x_wconf 89' lang='lat' dir='ltr'>vos</span> <span class='ocrx_word' id='word_1_175' title='bbox 872 2543 952 2598; x_wconf 90' lang='lat' dir='ltr'>ad</span> <span class='ocrx_word' id='word_1_176' title='bbox 983 2549 1245 2599; x_wconf 87' lang='lat' dir='ltr'>mutuam</span> <span class='ocrx_word' id='word_1_177' title='bbox 1275 2543 1428 2598; x_wconf 91' lang='lat' dir='ltr'>inter</span> <span class='ocrx_word' id='word_1_178' title='bbox 1458 2559 1560 2599; x_wconf 88' lang='lat' dir='ltr'>vos</span> <span class='ocrx_word' id='word_1_179' title='bbox 1587 2543 1984 2602; x_wconf 85' lang='lat' dir='ltr'>dilectionem.</span> <span class='ocrx_word' id='word_1_180' title='bbox 2023 2547 2171 2612; x_wconf 86' lang='lat' dir='ltr'>Quia</span> 
     </span>
    </p>
   </div>
   <div class='ocr_carea' id='block_1_29' title="bbox 519 2630 2169 2704">
    <p class='ocr_par' dir='ltr' id='par_1_29' title="bbox 519 2630 2169 2704">
     <span class='ocr_line' id='line_1_30' title="bbox 519 2630 2169 2704; baseline 0.002 -18"><span class='ocrx_word' id='word_1_181' title='bbox 519 2646 660 2688; x_wconf 87' lang='lat' dir='ltr'>vero</span> <span class='ocrx_word' id='word_1_182' title='bbox 689 2630 1086 2688; x_wconf 83' lang='lat' dir='ltr'>turbabantur</span> <span class='ocrx_word' id='word_1_183' title='bbox 1099 2635 1388 2704; x_wconf 88' lang='lat' dir='ltr'>tauquam</span> <span class='ocrx_word' id='word_1_184' title='bbox 1406 2632 1534 2702; x_wconf 87' lang='lat' dir='ltr'>jam</span> <span class='ocrx_word' id='word_1_185' title='bbox 1556 2632 1634 2695; x_wconf 84' lang='lat' dir='ltr'>ab</span> <span class='ocrx_word' id='word_1_186' title='bbox 1647 2634 1928 2690; x_wconf 89' lang='lat' dir='ltr'>omnibus</span> <span class='ocrx_word' id='word_1_187' title='bbox 1944 2635 2169 2692; x_wconf 68' lang='lat' dir='ltr'>Judaais</span> 
     </span>
    </p>
   </div>
   <div class='ocr_carea' id='block_1_30' title="bbox 517 2720 2170 2794">
    <p class='ocr_par' dir='ltr' id='par_1_30' title="bbox 517 2720 2170 2794">
     <span class='ocr_line' id='line_1_31' title="bbox 517 2720 2170 2794; baseline 0.002 -17"><span class='ocrx_word' id='word_1_188' title='bbox 517 2720 656 2777; x_wconf 91' lang='lat' dir='ltr'>odio</span> <span class='ocrx_word' id='word_1_189' title='bbox 722 2721 931 2785; x_wconf 86' lang='lat' dir='ltr'>habiti,</span> <span class='ocrx_word' id='word_1_190' title='bbox 994 2721 1275 2794; x_wconf 88' lang='lat' dir='ltr'>deinceps</span> <span class='ocrx_word' id='word_1_191' title='bbox 1332 2721 1675 2778; x_wconf 85' lang='lat' dir='ltr'>consolatur</span> <span class='ocrx_word' id='word_1_192' title='bbox 1733 2727 1912 2780; x_wconf 89' lang='lat' dir='ltr'>etiam</span> <span class='ocrx_word' id='word_1_193' title='bbox 1962 2741 2170 2781; x_wconf 89' lang='lat' dir='ltr'>eorum</span> 
     </span>
    </p>
   </div>
   <div class='ocr_carea' id='block_1_31' title="bbox 517 2809 830 2865">
    <p class='ocr_par' dir='ltr' id='par_1_31' title="bbox 517 2809 830 2865">
     <span class='ocr_line' id='line_1_32' title="bbox 517 2809 830 2865; baseline 0.003 -1"><span class='ocrx_word' id='word_1_194' title='bbox 517 2809 830 2865; x_wconf 85' lang='lat' dir='ltr'>tristitiam.</span> 
     </span>
    </p>
   </div>
   <div class='ocr_carea' id='block_1_32' title="bbox 590 2897 2167 2973">
    <p class='ocr_par' dir='ltr' id='par_1_32' title="bbox 590 2897 2167 2973">
     <span class='ocr_line' id='line_1_33' title="bbox 590 2897 2167 2973; baseline 0.003 -20"><span class='ocrx_word' id='word_1_195' title='bbox 590 2897 753 2953; x_wconf 90' lang='lat' dir='ltr'>Vers.</span> <span class='ocrx_word' id='word_1_196' title='bbox 784 2898 871 2952; x_wconf 91' lang='grc'>18.</span> <span class='ocrx_word' id='word_1_197' title='bbox 911 2897 1066 2953; x_wconf 90' lang='lat' dir='ltr'>Si—</span> <span class='ocrx_word' id='word_1_198' title='bbox 1131 2898 1264 2954; x_wconf 86' lang='lat' dir='ltr'>odio</span> <span class='ocrx_word' id='word_1_199' title='bbox 1309 2898 1606 2954; x_wconf 80' lang='lat' dir='ltr'>habuerit.</span> <span class='ocrx_word' id='word_1_200' title='bbox 1664 2900 1950 2956; x_wconf 81' lang='lat' dir='ltr'>Mundum</span> <span class='ocrx_word' id='word_1_201' title='bbox 2007 2903 2167 2973; x_wconf 89' lang='lat' dir='ltr'>dicit,</span> 
     </span>
    </p>
   </div>
   <div class='ocr_carea' id='block_1_33' title="bbox 514 2995 2167 3068">
    <p class='ocr_par' dir='ltr' id='par_1_33' title="bbox 514 2995 2167 3068">
     <span class='ocr_line' id='line_1_34' title="bbox 514 2995 2167 3068; baseline 0.004 -17"><span class='ocrx_word' id='word_1_202' title='bbox 514 2995 716 3051; x_wconf 88' lang='lat' dir='ltr'>malos</span> <span class='ocrx_word' id='word_1_203' title='bbox 739 2996 980 3051; x_wconf 63' lang='lat' dir='ltr'>Iudaeos</span> <span class='ocrx_word' id='word_1_204' title='bbox 1009 3015 1022 3051; x_wconf 87' lang='lat'>:</span> <span class='ocrx_word' id='word_1_205' title='bbox 1058 2997 1160 3066; x_wconf 85' lang='lat' dir='ltr'>Sit,</span> <span class='ocrx_word' id='word_1_206' title='bbox 1188 2996 1398 3068; x_wconf 88' lang='lat' dir='ltr'>inquit,</span> <span class='ocrx_word' id='word_1_207' title='bbox 1425 2997 1593 3052; x_wconf 89' lang='lat' dir='ltr'>vobis</span> <span class='ocrx_word' id='word_1_208' title='bbox 1609 2998 1670 3052; x_wconf 90' lang='lat' dir='ltr'>in</span> <span class='ocrx_word' id='word_1_209' title='bbox 1700 2999 2167 3058; x_wconf 89' lang='lat' dir='ltr'>consolationem</span> 
     </span>
    </p>
   </div>
   <div class='ocr_carea' id='block_1_34' title="bbox 2366 672 3923 746">
    <p class='ocr_par' dir='ltr' id='par_1_34' title="bbox 2366 672 3923 746">
     <span class='ocr_line' id='line_1_35' title="bbox 2366 672 3923 746; baseline -0.002 -21"><span class='ocrx_word' id='word_1_210' title='bbox 2366 677 2466 725; x_wconf 83' lang='grc' dir='ltr'>Καὶ</span> <span class='ocrx_word' id='word_1_211' title='bbox 2495 675 2657 732; x_wconf 77' lang='grc' dir='ltr'>ἔθηκα</span> <span class='ocrx_word' id='word_1_212' title='bbox 2705 675 2854 745; x_wconf 81' lang='grc' dir='ltr'>ὑμᾶς.</span> <span class='ocrx_word' id='word_1_213' title='bbox 2917 679 3017 727; x_wconf 84' lang='grc' dir='ltr'>Καὶ</span> <span class='ocrx_word' id='word_1_214' title='bbox 3048 672 3302 746; x_wconf 72' lang='grc' dir='ltr'>ἐφύτευσα</span> <span class='ocrx_word' id='word_1_215' title='bbox 3335 672 3450 745; x_wconf 70' lang='grc'>(30)</span> <span class='ocrx_word' id='word_1_216' title='bbox 3504 674 3644 745; x_wconf 77' lang='grc' dir='ltr'>ὑμᾶς</span> <span class='ocrx_word' id='word_1_217' title='bbox 3690 672 3769 733; x_wconf 82' lang='grc' dir='ltr'>εἰς</span> <span class='ocrx_word' id='word_1_218' title='bbox 3826 677 3923 730; x_wconf 74' lang='grc' dir='ltr'>τήν</span> 
     </span>
    </p>
   </div>
   <div class='ocr_carea' id='block_1_35' title="bbox 2293 763 3341 837">
    <p class='ocr_par' dir='ltr' id='par_1_35' title="bbox 2293 763 3341 837">
     <span class='ocr_line' id='line_1_36' title="bbox 2293 763 3341 837; baseline 0.003 -21"><span class='ocrx_word' id='word_1_219' title='bbox 2293 766 2417 836; x_wconf 81' lang='grc' dir='ltr'>ἐμήν</span> <span class='ocrx_word' id='word_1_220' title='bbox 2447 763 2676 835; x_wconf 75' lang='grc' dir='ltr'>ἀγάπην,</span> <span class='ocrx_word' id='word_1_221' title='bbox 2705 764 2776 825; x_wconf 86' lang='grc' dir='ltr'>εἰς</span> <span class='ocrx_word' id='word_1_222' title='bbox 2804 769 2898 823; x_wconf 84' lang='grc' dir='ltr'>τήν</span> <span class='ocrx_word' id='word_1_223' title='bbox 2927 765 2997 825; x_wconf 81' lang='grc' dir='ltr'>εἰς</span> <span class='ocrx_word' id='word_1_224' title='bbox 3027 763 3112 837; x_wconf 78' lang='grc' dir='ltr'>ἐμὲ</span> <span class='ocrx_word' id='word_1_225' title='bbox 3143 769 3341 819; x_wconf 87' lang='grc' dir='ltr'>πίστιν.</span> 
     </span>
    </p>
   </div>
   <div class='ocr_carea' id='block_1_36' title="bbox 2359 852 3918 926">
    <p class='ocr_par' dir='ltr' id='par_1_36' title="bbox 2359 852 3918 926">
     <span class='ocr_line' id='line_1_37' title="bbox 2359 852 3918 926; baseline -0.003 -19"><span class='ocrx_word' id='word_1_226' title='bbox 2359 852 2470 907; x_wconf 81' lang='grc' dir='ltr'>Ἰνα</span> <span class='ocrx_word' id='word_1_227' title='bbox 2520 855 2666 926; x_wconf 83' lang='grc' dir='ltr'>ὑμεῖς</span> <span class='ocrx_word' id='word_1_228' title='bbox 2717 855 2972 924; x_wconf 75' lang='grc' dir='ltr'>ὑπάγητε.</span> <span class='ocrx_word' id='word_1_229' title='bbox 3044 852 3155 906; x_wconf 84' lang='grc' dir='ltr'>’[να</span> <span class='ocrx_word' id='word_1_230' title='bbox 3208 852 3498 911; x_wconf 84' lang='grc' dir='ltr'>ἐκτείνησθε</span> <span class='ocrx_word' id='word_1_231' title='bbox 3567 852 3686 924; x_wconf 76' lang='grc'>(31)</span> <span class='ocrx_word' id='word_1_232' title='bbox 3748 852 3918 914; x_wconf 66' lang='grc' dir='ltr'>αὔξα-</span> 
     </span>
    </p>
   </div>
   <div class='ocr_carea' id='block_1_37' title="bbox 2289 947 2508 1014">
    <p class='ocr_par' dir='ltr' id='par_1_37' title="bbox 2289 947 2508 1014">
     <span class='ocr_line' id='line_1_38' title="bbox 2289 947 2508 1014; baseline 0.005 -20"><span class='ocrx_word' id='word_1_233' title='bbox 2289 947 2508 1014; x_wconf 87' lang='grc' dir='ltr'>νόμενοι.</span> 
     </span>
    </p>
   </div>
   <div class='ocr_carea' id='block_1_38' title="bbox 2365 1027 3918 1105">
    <p class='ocr_par' dir='ltr' id='par_1_38' title="bbox 2365 1027 3918 1105">
     <span class='ocr_line' id='line_1_39' title="bbox 2365 1027 3918 1105; baseline -0.004 -20"><span class='ocrx_word' id='word_1_234' title='bbox 2365 1038 2465 1085; x_wconf 76' lang='grc' dir='ltr'>Καὶ</span> <span class='ocrx_word' id='word_1_235' title='bbox 2520 1036 2718 1105; x_wconf 85' lang='grc' dir='ltr'>καρπὸν</span> <span class='ocrx_word' id='word_1_236' title='bbox 2771 1037 2974 1105; x_wconf 78' lang='grc' dir='ltr'>φέρητε.</span> <span class='ocrx_word' id='word_1_237' title='bbox 3030 1029 3142 1104; x_wconf 81' lang='grc' dir='ltr'>[Ὦς</span> <span class='ocrx_word' id='word_1_238' title='bbox 3371 1030 3602 1104; x_wconf 80' lang='grc' dir='ltr'>ἀνωτέρω</span> <span class='ocrx_word' id='word_1_239' title='bbox 3658 1027 3918 1088; x_wconf 75' lang='grc' dir='ltr'>δεδήλω-</span> 
     </span>
    </p>
   </div>
   <div class='ocr_carea' id='block_1_39' title="bbox 2289 1119 3910 1196">
    <p class='ocr_par' dir='ltr' id='par_1_39' title="bbox 2289 1119 3910 1196">
     <span class='ocr_line' id='line_1_40' title="bbox 2289 1119 3910 1196; baseline -0.003 -21"><span class='ocrx_word' id='word_1_240' title='bbox 2289 1140 2392 1175; x_wconf 91' lang='grc' dir='ltr'>ται·</span> <span class='ocrx_word' id='word_1_241' title='bbox 2425 1121 2481 1194; x_wconf 78' lang='grc' dir='ltr'>ἦ]</span> <span class='ocrx_word' id='word_1_242' title='bbox 2511 1125 2726 1196; x_wconf 87' lang='grc' dir='ltr'>καρπὸν,</span> <span class='ocrx_word' id='word_1_243' title='bbox 2755 1124 2818 1173; x_wconf 81' lang='grc' dir='ltr'>τὰ</span> <span class='ocrx_word' id='word_1_244' title='bbox 2845 1124 3170 1194; x_wconf 84' lang='grc' dir='ltr'>πνευματικά</span> <span class='ocrx_word' id='word_1_245' title='bbox 3197 1126 3533 1194; x_wconf 75' lang='grc' dir='ltr'>χαρίσματα,</span> <span class='ocrx_word' id='word_1_246' title='bbox 3557 1125 3586 1178; x_wconf 82' lang='grc' dir='ltr'>ἤ</span> <span class='ocrx_word' id='word_1_247' title='bbox 3617 1122 3692 1172; x_wconf 83' lang='grc' dir='ltr'>τὰ</span> <span class='ocrx_word' id='word_1_248' title='bbox 3720 1119 3910 1177; x_wconf 70' lang='grc' dir='ltr'>πλήθη</span> 
     </span>
    </p>
   </div>
   <div class='ocr_carea' id='block_1_40' title="bbox 2289 1205 3406 1284">
    <p class='ocr_par' dir='ltr' id='par_1_40' title="bbox 2289 1205 3406 1284">
     <span class='ocr_line' id='line_1_41' title="bbox 2289 1205 3406 1284; baseline 0 -22"><span class='ocrx_word' id='word_1_249' title='bbox 2289 1220 2388 1263; x_wconf 84' lang='grc' dir='ltr'>τῶν</span> <span class='ocrx_word' id='word_1_250' title='bbox 2412 1211 2715 1284; x_wconf 74' lang='grc' dir='ltr'>σωζομένων</span> <span class='ocrx_word' id='word_1_251' title='bbox 2746 1209 2800 1263; x_wconf 83' lang='grc' dir='ltr'>ἐκ</span> <span class='ocrx_word' id='word_1_252' title='bbox 2825 1218 2918 1273; x_wconf 80' lang='grc' dir='ltr'>τῆς</span> <span class='ocrx_word' id='word_1_253' title='bbox 2944 1211 3114 1264; x_wconf 69' lang='grc' dir='ltr'>αὐτῶν</span> <span class='ocrx_word' id='word_1_254' title='bbox 3148 1205 3406 1270; x_wconf 81' lang='grc' dir='ltr'>σπουδῆς.</span> 
     </span>
    </p>
   </div>
   <div class='ocr_carea' id='block_1_41' title="bbox 2363 1385 3795 1464">
    <p class='ocr_par' dir='ltr' id='par_1_41' title="bbox 2363 1385 3795 1464">
     <span class='ocr_line' id='line_1_42' title="bbox 2363 1385 3795 1464; baseline -0.001 -21"><span class='ocrx_word' id='word_1_255' title='bbox 2363 1395 2459 1443; x_wconf 77' lang='grc' dir='ltr'>Καὶ</span> <span class='ocrx_word' id='word_1_256' title='bbox 2494 1421 2558 1430; x_wconf 94' lang='grc'><strong>-</strong></span> <span class='ocrx_word' id='word_1_257' title='bbox 2585 1395 2734 1464; x_wconf 72' lang='grc' dir='ltr'>μένῃ.</span> <span class='ocrx_word' id='word_1_258' title='bbox 2769 1395 2869 1443; x_wconf 82' lang='grc' dir='ltr'>Καὶ</span> <span class='ocrx_word' id='word_1_259' title='bbox 2900 1391 2982 1442; x_wconf 85' lang='grc' dir='ltr'>ἱνα</span> <span class='ocrx_word' id='word_1_260' title='bbox 3011 1393 3134 1462; x_wconf 75' lang='grc' dir='ltr'>μένῃ</span> <span class='ocrx_word' id='word_1_261' title='bbox 3173 1388 3474 1462; x_wconf 77' lang='grc' dir='ltr'>ἀνώλεθρος,</span> <span class='ocrx_word' id='word_1_262' title='bbox 3518 1385 3795 1448; x_wconf 82' lang='grc' dir='ltr'>διηνεκής.</span> 
     </span>
    </p>
   </div>
   <div class='ocr_carea' id='block_1_42' title="bbox 2357 1566 3916 1640">
    <p class='ocr_par' dir='ltr' id='par_1_42' title="bbox 2357 1566 3916 1640">
     <span class='ocr_line' id='line_1_43' title="bbox 2357 1566 3916 1640; baseline -0.003 -20"><span class='ocrx_word' id='word_1_263' title='bbox 2357 1567 2466 1621; x_wconf 79' lang='grc' dir='ltr'>Ἵνα</span> <span class='ocrx_word' id='word_1_264' title='bbox 2503 1599 2572 1608; x_wconf 89' lang='lat'>——</span> <span class='ocrx_word' id='word_1_265' title='bbox 2615 1569 2756 1640; x_wconf 80' lang='grc' dir='ltr'>ὑμῖν.</span> <span class='ocrx_word' id='word_1_266' title='bbox 2805 1567 2886 1619; x_wconf 82' lang='grc' dir='ltr'>Ἐν</span> <span class='ocrx_word' id='word_1_267' title='bbox 2938 1576 3010 1638; x_wconf 80' lang='grc' dir='ltr'>τῷ</span> <span class='ocrx_word' id='word_1_268' title='bbox 3068 1566 3281 1639; x_wconf 84' lang='grc' dir='ltr'>ὀνόματί</span> <span class='ocrx_word' id='word_1_269' title='bbox 3328 1585 3450 1638; x_wconf 86' lang='grc' dir='ltr'>μου,</span> <span class='ocrx_word' id='word_1_270' title='bbox 3509 1569 3790 1617; x_wconf 77' lang='grc' dir='ltr'>τουτέστιν</span> <span class='ocrx_word' id='word_1_271' title='bbox 3840 1568 3916 1626; x_wconf 83' lang='grc' dir='ltr'>ὡς</span> 
     </span>
    </p>
   </div>
   <div class='ocr_carea' id='block_1_43' title="bbox 2287 1655 2873 1732">
    <p class='ocr_par' dir='ltr' id='par_1_43' title="bbox 2287 1655 2873 1732">
     <span class='ocr_line' id='line_1_44' title="bbox 2287 1655 2873 1732; baseline 0.005 -24"><span class='ocrx_word' id='word_1_272' title='bbox 2287 1655 2421 1729; x_wconf 78' lang='grc' dir='ltr'>ἐμοὶ,</span> <span class='ocrx_word' id='word_1_273' title='bbox 2451 1660 2513 1717; x_wconf 85' lang='grc' dir='ltr'>ὡς</span> <span class='ocrx_word' id='word_1_274' title='bbox 2545 1661 2873 1732; x_wconf 77' lang='grc' dir='ltr'>Χριστιανοὶ.</span> 
     </span>
    </p>
   </div>
   <div class='ocr_carea' id='block_1_44' title="bbox 2355 1743 3915 1818">
    <p class='ocr_par' dir='ltr' id='par_1_44' title="bbox 2355 1743 3915 1818">
     <span class='ocr_line' id='line_1_45' title="bbox 2355 1743 3915 1818; baseline -0.003 -19"><span class='ocrx_word' id='word_1_275' title='bbox 2355 1746 2424 1799; x_wconf 80' lang='grc' dir='ltr'>’Ἠ</span> <span class='ocrx_word' id='word_1_276' title='bbox 2486 1745 2874 1818; x_wconf 80' lang='grc' dir='ltr'>ἐπικαλούμενοι</span> <span class='ocrx_word' id='word_1_277' title='bbox 2932 1747 2987 1797; x_wconf 84' lang='grc' dir='ltr'>τὸ</span> <span class='ocrx_word' id='word_1_278' title='bbox 3041 1746 3201 1817; x_wconf 79' lang='grc' dir='ltr'>ὄνομά</span> <span class='ocrx_word' id='word_1_279' title='bbox 3251 1755 3374 1817; x_wconf 81' lang='grc' dir='ltr'>μου,</span> <span class='ocrx_word' id='word_1_280' title='bbox 3429 1745 3499 1805; x_wconf 83' lang='grc' dir='ltr'>ὡς</span> <span class='ocrx_word' id='word_1_281' title='bbox 3554 1748 3643 1795; x_wconf 88' lang='grc' dir='ltr'>καὶ</span> <span class='ocrx_word' id='word_1_282' title='bbox 3702 1743 3915 1814; x_wconf 75' lang='grc' dir='ltr'>προλα-</span> 
     </span>
    </p>
   </div>
   <div class='ocr_carea' id='block_1_45' title="bbox 2287 1834 3914 1908">
    <p class='ocr_par' dir='ltr' id='par_1_45' title="bbox 2287 1834 3914 1908">
     <span class='ocr_line' id='line_1_46' title="bbox 2287 1834 3914 1908; baseline -0.003 -19"><span class='ocrx_word' id='word_1_283' title='bbox 2287 1837 2460 1897; x_wconf 81' lang='grc' dir='ltr'>ϐόντες</span> <span class='ocrx_word' id='word_1_284' title='bbox 2506 1837 2925 1908; x_wconf 82' lang='grc' dir='ltr'>ήρμηνεύσαμεν,</span> <span class='ocrx_word' id='word_1_285' title='bbox 2976 1835 3094 1886; x_wconf 80' lang='grc' dir='ltr'>ἔνθα</span> <span class='ocrx_word' id='word_1_286' title='bbox 3150 1834 3300 1905; x_wconf 67' lang='grc' dir='ltr'>ἔλεγε·</span> <span class='ocrx_word' id='word_1_287' title='bbox 3359 1838 3456 1886; x_wconf 78' lang='grc' dir='ltr'>Καὶ</span> <span class='ocrx_word' id='word_1_288' title='bbox 3521 1835 3547 1885; x_wconf 85' lang='grc' dir='ltr'><strong><em>ὅ</em></strong></span> <span class='ocrx_word' id='word_1_289' title='bbox 3600 1852 3652 1883; x_wconf 91' lang='grc' dir='ltr'>τι</span> <span class='ocrx_word' id='word_1_290' title='bbox 3707 1834 3776 1884; x_wconf 68' lang='grc' dir='ltr'>ἄν</span> <span class='ocrx_word' id='word_1_291' title='bbox 3823 1834 3914 1884; x_wconf 82' lang='grc' dir='ltr'>αἰ-</span> 
     </span>
    </p>
   </div>
   <div class='ocr_carea' id='block_1_46' title="bbox 2286 1919 3912 1996">
    <p class='ocr_par' dir='ltr' id='par_1_46' title="bbox 2286 1919 3912 1996">
     <span class='ocr_line' id='line_1_47' title="bbox 2286 1919 3912 1996; baseline -0.005 -17"><span class='ocrx_word' id='word_1_292' title='bbox 2286 1932 2483 1985; x_wconf 84' lang='grc' dir='ltr'>τήσητε</span> <span class='ocrx_word' id='word_1_293' title='bbox 2535 1924 2582 1976; x_wconf 83' lang='grc' dir='ltr'>ἐν</span> <span class='ocrx_word' id='word_1_294' title='bbox 2617 1932 2689 1996; x_wconf 85' lang='grc' dir='ltr'>τῷ</span> <span class='ocrx_word' id='word_1_295' title='bbox 2721 1924 2934 1992; x_wconf 82' lang='grc' dir='ltr'>ὀνόματί</span> <span class='ocrx_word' id='word_1_296' title='bbox 2971 1943 3093 1996; x_wconf 90' lang='grc' dir='ltr'>μου,</span> <span class='ocrx_word' id='word_1_297' title='bbox 3133 1931 3284 1975; x_wconf 83' lang='grc' dir='ltr'>τοῦτο</span> <span class='ocrx_word' id='word_1_298' title='bbox 3323 1927 3547 1980; x_wconf 88' lang='grc' dir='ltr'>ποιήσω.</span> <span class='ocrx_word' id='word_1_299' title='bbox 3598 1919 3731 1993; x_wconf 81' lang='grc' dir='ltr'>[Καὶ</span> <span class='ocrx_word' id='word_1_300' title='bbox 3785 1923 3912 1992; x_wconf 85' lang='grc'>(33)</span> 
     </span>
    </p>
   </div>
   <div class='ocr_carea' id='block_1_47' title="bbox 2285 2009 3910 2084">
    <p class='ocr_par' dir='ltr' id='par_1_47' title="bbox 2285 2009 3910 2084">
     <span class='ocr_line' id='line_1_48' title="bbox 2285 2009 3910 2084; baseline -0.003 -17"><span class='ocrx_word' id='word_1_301' title='bbox 2285 2014 2456 2067; x_wconf 63' lang='grc' dir='ltr'>πάλιν</span> <span class='ocrx_word' id='word_1_302' title='bbox 2521 2016 2640 2066; x_wconf 82' lang='grc' dir='ltr'>Ἐὰν</span> <span class='ocrx_word' id='word_1_303' title='bbox 2691 2033 2740 2066; x_wconf 92' lang='grc' dir='ltr'>τι</span> <span class='ocrx_word' id='word_1_304' title='bbox 2784 2013 3040 2071; x_wconf 76' lang='grc' dir='ltr'>αἰτήσητε</span> <span class='ocrx_word' id='word_1_305' title='bbox 3091 2010 3139 2064; x_wconf 80' lang='grc' dir='ltr'>ἐν</span> <span class='ocrx_word' id='word_1_306' title='bbox 3196 2021 3268 2082; x_wconf 83' lang='grc' dir='ltr'>τῷ</span> <span class='ocrx_word' id='word_1_307' title='bbox 3325 2011 3537 2084; x_wconf 85' lang='grc' dir='ltr'>ὀνόματί</span> <span class='ocrx_word' id='word_1_308' title='bbox 3592 2029 3718 2083; x_wconf 89' lang='grc' dir='ltr'>μου,</span> <span class='ocrx_word' id='word_1_309' title='bbox 3800 2009 3910 2082; x_wconf 68' lang='grc' dir='ltr'>ἐγὼ</span> 
     </span>
    </p>
   </div>
   <div class='ocr_carea' id='block_1_48' title="bbox 2284 2098 3913 2175">
    <p class='ocr_par' dir='ltr' id='par_1_48' title="bbox 2284 2098 3913 2175">
     <span class='ocr_line' id='line_1_49' title="bbox 2284 2098 3913 2175; baseline -0.002 -20"><span class='ocrx_word' id='word_1_310' title='bbox 2284 2109 2509 2162; x_wconf 85' lang='grc' dir='ltr'>ποιήσω.</span> <span class='ocrx_word' id='word_1_311' title='bbox 2566 2103 2684 2175; x_wconf 76' lang='grc' dir='ltr'>Ἀφ’</span> <span class='ocrx_word' id='word_1_312' title='bbox 2750 2103 2817 2154; x_wconf 85' lang='grc' dir='ltr'>ὧν</span> <span class='ocrx_word' id='word_1_313' title='bbox 2867 2099 3134 2155; x_wconf 82' lang='grc' dir='ltr'>δείκνυται</span> <span class='ocrx_word' id='word_1_314' title='bbox 3197 2104 3252 2154; x_wconf 87' lang='grc' dir='ltr'>τὸ</span> <span class='ocrx_word' id='word_1_315' title='bbox 3314 2098 3628 2172; x_wconf 83' lang='grc' dir='ltr'>ἰσοδύναμον</span> <span class='ocrx_word' id='word_1_316' title='bbox 3691 2105 3913 2174; x_wconf 73' lang='grc' dir='ltr'>Πατρός</span> 
     </span>
    </p>
   </div>
   <div class='ocr_carea' id='block_1_49' title="bbox 2284 2193 2570 2263">
    <p class='ocr_par' dir='ltr' id='par_1_49' title="bbox 2284 2193 2570 2263">
     <span class='ocr_line' id='line_1_50' title="bbox 2284 2193 2570 2263; baseline 0.007 -18"><span class='ocrx_word' id='word_1_317' title='bbox 2284 2198 2374 2246; x_wconf 85' lang='grc' dir='ltr'>καὶ</span> <span class='ocrx_word' id='word_1_318' title='bbox 2404 2193 2570 2263; x_wconf 83' lang='grc' dir='ltr'>Υἰοῡ.]</span> 
     </span>
    </p>
   </div>
   <div class='ocr_carea' id='block_1_50' title="bbox 2354 2279 3913 2352">
    <p class='ocr_par' dir='ltr' id='par_1_50' title="bbox 2354 2279 3913 2352">
     <span class='ocr_line' id='line_1_51' title="bbox 2354 2279 3913 2352; baseline -0.003 -17"><span class='ocrx_word' id='word_1_319' title='bbox 2354 2291 2532 2336; x_wconf 77' lang='grc' dir='ltr'>Ταῦτα</span> <span class='ocrx_word' id='word_1_320' title='bbox 2558 2313 2627 2321; x_wconf 92' lang='lat'>—-</span> <span class='ocrx_word' id='word_1_321' title='bbox 2676 2279 2942 2343; x_wconf 83' lang='grc' dir='ltr'>ἀλλήλους.</span> <span class='ocrx_word' id='word_1_322' title='bbox 2993 2287 3172 2333; x_wconf 84' lang='grc' dir='ltr'>Ταῦτα</span> <span class='ocrx_word' id='word_1_323' title='bbox 3211 2281 3325 2352; x_wconf 83' lang='grc'>(34)</span> <span class='ocrx_word' id='word_1_324' title='bbox 3361 2279 3496 2330; x_wconf 85' lang='grc' dir='ltr'>λαλῶ</span> <span class='ocrx_word' id='word_1_325' title='bbox 3535 2280 3676 2350; x_wconf 88' lang='grc' dir='ltr'>ύμῖν,</span> <span class='ocrx_word' id='word_1_326' title='bbox 3712 2281 3778 2329; x_wconf 83' lang='grc' dir='ltr'>τὸ</span> <span class='ocrx_word' id='word_1_327' title='bbox 3827 2281 3913 2331; x_wconf 79' lang='grc' dir='ltr'>ὅτι</span> 
     </span>
    </p>
   </div>
   <div class='ocr_carea' id='block_1_51' title="bbox 2285 2366 3911 2442">
    <p class='ocr_par' dir='ltr' id='par_1_51' title="bbox 2285 2366 3911 2442">
     <span class='ocr_line' id='line_1_52' title="bbox 2285 2366 3911 2442; baseline -0.004 -18"><span class='ocrx_word' id='word_1_328' title='bbox 2285 2371 2598 2430; x_wconf 77' lang='grc' dir='ltr'>ἀποθνήσκω</span> <span class='ocrx_word' id='word_1_329' title='bbox 2638 2372 2764 2442; x_wconf 69' lang='grc' dir='ltr'>ὑπὲρ</span> <span class='ocrx_word' id='word_1_330' title='bbox 2817 2372 2980 2442; x_wconf 74' lang='grc' dir='ltr'>ὑμῶν,</span> <span class='ocrx_word' id='word_1_331' title='bbox 3012 2374 3102 2421; x_wconf 85' lang='grc' dir='ltr'>καὶ</span> <span class='ocrx_word' id='word_1_332' title='bbox 3127 2372 3186 2421; x_wconf 86' lang='grc' dir='ltr'>τὸ</span> <span class='ocrx_word' id='word_1_333' title='bbox 3216 2371 3297 2420; x_wconf 85' lang='grc' dir='ltr'>ὅτι</span> <span class='ocrx_word' id='word_1_334' title='bbox 3330 2370 3427 2440; x_wconf 73' lang='grc' dir='ltr'>εγὼ</span> <span class='ocrx_word' id='word_1_335' title='bbox 3547 2366 3694 2439; x_wconf 73' lang='grc' dir='ltr'>φιλίᾳ</span> <span class='ocrx_word' id='word_1_336' title='bbox 3750 2369 3911 2438; x_wconf 72' lang='grc' dir='ltr'>ὑμῶν</span> 
     </span>
    </p>
   </div>
   <div class='ocr_carea' id='block_1_52' title="bbox 2283 2455 3909 2534">
    <p class='ocr_par' dir='ltr' id='par_1_52' title="bbox 2283 2455 3909 2534">
     <span class='ocr_line' id='line_1_53' title="bbox 2283 2455 3909 2534; baseline -0.003 -20"><span class='ocrx_word' id='word_1_337' title='bbox 2283 2458 2592 2534; x_wconf 73' lang='grc' dir='ltr'>ἐπέδραμον,</span> <span class='ocrx_word' id='word_1_338' title='bbox 2645 2460 2739 2512; x_wconf 76' lang='grc' dir='ltr'>οὐκ</span> <span class='ocrx_word' id='word_1_339' title='bbox 2798 2455 3086 2523; x_wconf 79' lang='grc' dir='ltr'>ὀνειδίζων,</span> <span class='ocrx_word' id='word_1_340' title='bbox 3122 2457 3228 2509; x_wconf 83' lang='grc' dir='ltr'>ἀλλ’</span> <span class='ocrx_word' id='word_1_341' title='bbox 3284 2455 3473 2528; x_wconf 75' lang='grc' dir='ltr'>ἐνάγων</span> <span class='ocrx_word' id='word_1_342' title='bbox 3534 2457 3672 2528; x_wconf 78' lang='grc' dir='ltr'>ὑμᾶς</span> <span class='ocrx_word' id='word_1_343' title='bbox 3726 2461 3809 2518; x_wconf 79' lang='grc' dir='ltr'>εἰς</span> <span class='ocrx_word' id='word_1_344' title='bbox 3848 2462 3909 2509; x_wconf 79' lang='grc' dir='ltr'>τὸ</span> 
     </span>
    </p>
   </div>
   <div class='ocr_carea' id='block_1_53' title="bbox 2282 2542 3910 2622">
    <p class='ocr_par' dir='ltr' id='par_1_53' title="bbox 2282 2542 3910 2622">
     <span class='ocr_line' id='line_1_54' title="bbox 2282 2542 3910 2622; baseline -0.002 -20"><span class='ocrx_word' id='word_1_345' title='bbox 2282 2550 2489 2622; x_wconf 75' lang='grc' dir='ltr'>ἀγαπᾷν</span> <span class='ocrx_word' id='word_1_346' title='bbox 2531 2549 2792 2608; x_wconf 86' lang='grc' dir='ltr'>ἀλλήλους.</span> <span class='ocrx_word' id='word_1_347' title='bbox 2849 2548 2989 2600; x_wconf 83' lang='grc' dir='ltr'>Ἐπεὶ</span> <span class='ocrx_word' id='word_1_348' title='bbox 3035 2544 3094 2600; x_wconf 76' lang='grc' dir='ltr'>δὲ</span> <span class='ocrx_word' id='word_1_349' title='bbox 3135 2545 3470 2619; x_wconf 74' lang='grc' dir='ltr'>ἐθορυϐοῦντο</span> <span class='ocrx_word' id='word_1_350' title='bbox 3509 2548 3574 2605; x_wconf 83' lang='grc' dir='ltr'>ὡς</span> <span class='ocrx_word' id='word_1_351' title='bbox 3610 2542 3723 2603; x_wconf 84' lang='grc' dir='ltr'>ήδη</span> <span class='ocrx_word' id='word_1_352' title='bbox 3761 2553 3910 2598; x_wconf 77' lang='grc' dir='ltr'>πᾶσι</span> 
     </span>
    </p>
   </div>
   <div class='ocr_carea' id='block_1_54' title="bbox 2281 2635 3908 2710">
    <p class='ocr_par' dir='ltr' id='par_1_54' title="bbox 2281 2635 3908 2710">
     <span class='ocr_line' id='line_1_55' title="bbox 2281 2635 3908 2710; baseline -0.002 -19"><span class='ocrx_word' id='word_1_353' title='bbox 2281 2646 2389 2702; x_wconf 88' lang='grc' dir='ltr'>τοῖς</span> <span class='ocrx_word' id='word_1_354' title='bbox 2435 2635 2708 2698; x_wconf 84' lang='grc' dir='ltr'>Ἰουδαίοις</span> <span class='ocrx_word' id='word_1_355' title='bbox 2751 2642 2968 2710; x_wconf 87' lang='grc' dir='ltr'>μισητοὶ</span> <span class='ocrx_word' id='word_1_356' title='bbox 3020 2641 3302 2709; x_wconf 72' lang='grc' dir='ltr'>γενόμενοι,</span> <span class='ocrx_word' id='word_1_357' title='bbox 3356 2635 3750 2706; x_wconf 83' lang='grc' dir='ltr'>παραμυθεῖται</span> <span class='ocrx_word' id='word_1_358' title='bbox 3806 2640 3908 2687; x_wconf 80' lang='grc' dir='ltr'>καὶ</span> 
     </span>
    </p>
   </div>
   <div class='ocr_carea' id='block_1_55' title="bbox 2281 2727 2923 2800">
    <p class='ocr_par' dir='ltr' id='par_1_55' title="bbox 2281 2727 2923 2800">
     <span class='ocr_line' id='line_1_56' title="bbox 2281 2727 2923 2800; baseline -0.002 -18"><span class='ocrx_word' id='word_1_359' title='bbox 2281 2734 2373 2788; x_wconf 81' lang='grc' dir='ltr'>τήν</span> <span class='ocrx_word' id='word_1_360' title='bbox 2413 2728 2636 2781; x_wconf 79' lang='grc' dir='ltr'>ἐντεῦθεν</span> <span class='ocrx_word' id='word_1_361' title='bbox 2678 2727 2923 2800; x_wconf 81' lang='grc' dir='ltr'>ἀθυμίαν.</span> 
     </span>
    </p>
   </div>
   <div class='ocr_carea' id='block_1_56' title="bbox 2355 2901 3898 2979">
    <p class='ocr_par' dir='ltr' id='par_1_56' title="bbox 2355 2901 3898 2979">
     <span class='ocr_line' id='line_1_57' title="bbox 2355 2901 3898 2979; baseline -0.005 -19"><span class='ocrx_word' id='word_1_362' title='bbox 2355 2908 2414 2961; x_wconf 86' lang='grc' dir='ltr'>Εἰ</span> <span class='ocrx_word' id='word_1_363' title='bbox 2457 2939 2524 2948; x_wconf 90' lang='grc'><strong><em>--</em></strong></span> <span class='ocrx_word' id='word_1_364' title='bbox 2553 2911 2830 2979; x_wconf 78' lang='grc' dir='ltr'>μεμίσηκε.</span> <span class='ocrx_word' id='word_1_365' title='bbox 2878 2911 3081 2976; x_wconf 81' lang='grc' dir='ltr'>Κοσμον</span> <span class='ocrx_word' id='word_1_366' title='bbox 3116 2903 3250 2974; x_wconf 72' lang='grc' dir='ltr'>λέγει</span> <span class='ocrx_word' id='word_1_367' title='bbox 3293 2905 3415 2963; x_wconf 83' lang='grc' dir='ltr'>τοὺς</span> <span class='ocrx_word' id='word_1_368' title='bbox 3443 2903 3706 2974; x_wconf 84' lang='grc' dir='ltr'>πονηρούς</span> <span class='ocrx_word' id='word_1_369' title='bbox 3758 2901 3898 2954; x_wconf 79' lang='grc' dir='ltr'>Ἰου-</span> 
     </span>
    </p>
   </div>
   <div class='ocr_carea' id='block_1_57' title="bbox 2287 2992 3892 3067">
    <p class='ocr_par' dir='ltr' id='par_1_57' title="bbox 2287 2992 3892 3067">
     <span class='ocr_line' id='line_1_58' title="bbox 2287 2992 3892 3067; baseline -0.005 -17"><span class='ocrx_word' id='word_1_370' title='bbox 2287 2993 2487 3058; x_wconf 81' lang='grc' dir='ltr'>δαίους.</span> <span class='ocrx_word' id='word_1_371' title='bbox 2539 2996 2734 3060; x_wconf 80' lang='grc' dir='ltr'>Ἔστω,</span> <span class='ocrx_word' id='word_1_372' title='bbox 2791 2998 2969 3067; x_wconf 72' lang='grc' dir='ltr'>φησιν,</span> <span class='ocrx_word' id='word_1_373' title='bbox 3016 2995 3136 3065; x_wconf 81' lang='grc' dir='ltr'>ύμῖν</span> <span class='ocrx_word' id='word_1_374' title='bbox 3181 2992 3254 3054; x_wconf 82' lang='grc' dir='ltr'>εἰς</span> <span class='ocrx_word' id='word_1_375' title='bbox 3299 2992 3635 3063; x_wconf 86' lang='grc' dir='ltr'>παραμυθίαν</span> <span class='ocrx_word' id='word_1_376' title='bbox 3680 2994 3741 3042; x_wconf 80' lang='grc' dir='ltr'>τὸ</span> <span class='ocrx_word' id='word_1_377' title='bbox 3799 2996 3892 3063; x_wconf 71' lang='grc' dir='ltr'>πρὸ</span> 
     </span>
    </p>
   </div>
   <div class='ocr_carea' id='block_1_58' title="bbox 516 3079 2167 3160">
    <p class='ocr_par' dir='ltr' id='par_1_58' title="bbox 516 3083 2167 3156">
     <span class='ocr_line' id='line_1_59' title="bbox 516 3083 2167 3156; baseline 0.004 -17"><span class='ocrx_word' id='word_1_378' title='bbox 516 3083 683 3156; x_wconf 86' lang='lat' dir='ltr'>quod</span> <span class='ocrx_word' id='word_1_379' title='bbox 706 3099 819 3155; x_wconf 90' lang='lat' dir='ltr'>ego</span> <span class='ocrx_word' id='word_1_380' title='bbox 850 3087 1010 3156; x_wconf 88' lang='lat' dir='ltr'>prius</span> <span class='ocrx_word' id='word_1_381' title='bbox 1039 3101 1219 3156; x_wconf 91' lang='lat' dir='ltr'>quam</span> <span class='ocrx_word' id='word_1_382' title='bbox 1251 3101 1380 3152; x_wconf 90' lang='lat' dir='ltr'>vos,</span> <span class='ocrx_word' id='word_1_383' title='bbox 1427 3085 1643 3142; x_wconf 84' lang='lat' dir='ltr'>fuerim</span> <span class='ocrx_word' id='word_1_384' title='bbox 1667 3087 1808 3143; x_wconf 91' lang='lat' dir='ltr'>odio</span> <span class='ocrx_word' id='word_1_385' title='bbox 1854 3088 2100 3146; x_wconf 90' lang='lat' dir='ltr'>habitus</span> <span class='ocrx_word' id='word_1_386' title='bbox 2156 3108 2167 3146; x_wconf 89' lang='lat'><strong>:</strong></span> 
     </span>
    </p>
   </div>
   <div class='ocr_carea' id='block_1_59' title="bbox 2298 3079 3885 3160">
    <p class='ocr_par' dir='ltr' id='par_1_59' title="bbox 2298 3079 3885 3158">
     <span class='ocr_line' id='line_1_60' title="bbox 2298 3079 3885 3158; baseline -0.006 -20"><span class='ocrx_word' id='word_1_387' title='bbox 2298 3089 2424 3158; x_wconf 63' lang='grc' dir='ltr'>ἓμῶν</span> <span class='ocrx_word' id='word_1_388' title='bbox 2472 3085 2557 3158; x_wconf 72' lang='grc' dir='ltr'>ἐμὲ</span> <span class='ocrx_word' id='word_1_389' title='bbox 2608 3086 2921 3157; x_wconf 79' lang='grc' dir='ltr'>μισηθῆναι,</span> <span class='ocrx_word' id='word_1_390' title='bbox 2958 3087 3046 3134; x_wconf 81' lang='grc' dir='ltr'>καὶ</span> <span class='ocrx_word' id='word_1_391' title='bbox 3083 3086 3297 3154; x_wconf 83' lang='grc' dir='ltr'>χαίρετε</span> <span class='ocrx_word' id='word_1_392' title='bbox 3335 3079 3543 3152; x_wconf 76' lang='grc' dir='ltr'>μᾶλλον,</span> <span class='ocrx_word' id='word_1_393' title='bbox 3577 3080 3661 3130; x_wconf 83' lang='grc' dir='ltr'>ὃτι</span> <span class='ocrx_word' id='word_1_394' title='bbox 3702 3099 3885 3131; x_wconf 62' lang='lat' dir='ltr'>notw-</span> 
     </span>
    </p>
   </div>
   <div class='ocr_carea' id='block_1_60' title="bbox 516 3174 2172 3246">
    <p class='ocr_par' dir='ltr' id='par_1_60' title="bbox 516 3174 2172 3246">
     <span class='ocr_line' id='line_1_61' title="bbox 516 3174 2172 3246; baseline 0.003 -16"><span class='ocrx_word' id='word_1_395' title='bbox 516 3177 575 3230; x_wconf 90' lang='lat' dir='ltr'>et</span> <span class='ocrx_word' id='word_1_396' title='bbox 602 3175 854 3244; x_wconf 81' lang='lat' dir='ltr'>gaudete</span> <span class='ocrx_word' id='word_1_397' title='bbox 884 3174 1102 3245; x_wconf 89' lang='lat' dir='ltr'>magis,</span> <span class='ocrx_word' id='word_1_398' title='bbox 1133 3175 1270 3246; x_wconf 86' lang='lat' dir='ltr'>quia</span> <span class='ocrx_word' id='word_1_399' title='bbox 1306 3190 1543 3230; x_wconf 90' lang='lat' dir='ltr'>mecum</span> <span class='ocrx_word' id='word_1_400' title='bbox 1596 3176 1658 3232; x_wconf 91' lang='lat' dir='ltr'>in</span> <span class='ocrx_word' id='word_1_401' title='bbox 1685 3177 1826 3233; x_wconf 92' lang='lat' dir='ltr'>odio</span> <span class='ocrx_word' id='word_1_402' title='bbox 1874 3178 2172 3235; x_wconf 90' lang='lat' dir='ltr'>malorum</span> 
     </span>
    </p>
   </div>
   <div class='ocr_carea' id='block_1_61' title="bbox 517 3263 2173 3338">
    <p class='ocr_par' dir='ltr' id='par_1_61' title="bbox 517 3263 2173 3338">
     <span class='ocr_line' id='line_1_62' title="bbox 517 3263 2173 3338; baseline 0.004 -18"><span class='ocrx_word' id='word_1_403' title='bbox 517 3263 996 3320; x_wconf 85' lang='lat' dir='ltr'>communicatis.</span> <span class='ocrx_word' id='word_1_404' title='bbox 1030 3263 1250 3319; x_wconf 89' lang='lat' dir='ltr'>Deinde</span> <span class='ocrx_word' id='word_1_405' title='bbox 1265 3263 1444 3320; x_wconf 90' lang='lat' dir='ltr'>aliam</span> <span class='ocrx_word' id='word_1_406' title='bbox 1463 3280 1706 3337; x_wconf 87' lang='lat' dir='ltr'>quoque</span> <span class='ocrx_word' id='word_1_407' title='bbox 1728 3267 1896 3338; x_wconf 90' lang='lat' dir='ltr'>ponit</span> <span class='ocrx_word' id='word_1_408' title='bbox 1912 3269 2173 3326; x_wconf 85' lang='lat' dir='ltr'>consola-</span> 
     </span>
    </p>
   </div>
   <div class='ocr_carea' id='block_1_62' title="bbox 516 3353 2153 3426">
    <p class='ocr_par' dir='ltr' id='par_1_62' title="bbox 516 3353 2153 3426">
     <span class='ocr_line' id='line_1_63' title="bbox 516 3353 2153 3426; baseline 0.005 -18"><span class='ocrx_word' id='word_1_409' title='bbox 516 3353 759 3418; x_wconf 88' lang='lat' dir='ltr'>tionem,</span> <span class='ocrx_word' id='word_1_410' title='bbox 801 3353 968 3426; x_wconf 92' lang='lat' dir='ltr'>quod</span> <span class='ocrx_word' id='word_1_411' title='bbox 998 3354 1046 3408; x_wconf 85' lang='lat' dir='ltr'>si</span> <span class='ocrx_word' id='word_1_412' title='bbox 1075 3368 1106 3408; x_wconf 90' lang='lat' dir='ltr'>e</span> <span class='ocrx_word' id='word_1_413' title='bbox 1138 3369 1390 3410; x_wconf 88' lang='lat' dir='ltr'>numero</span> <span class='ocrx_word' id='word_1_414' title='bbox 1416 3353 1716 3411; x_wconf 86' lang='lat' dir='ltr'>malorum</span> <span class='ocrx_word' id='word_1_415' title='bbox 1771 3364 1989 3424; x_wconf 89' lang='lat' dir='ltr'>essent,</span> <span class='ocrx_word' id='word_1_416' title='bbox 2033 3359 2153 3416; x_wconf 89' lang='lat' dir='ltr'>mal</span> 
     </span>
    </p>
   </div>
   <div class='ocr_carea' id='block_1_63' title="bbox 517 3442 1200 3514">
    <p class='ocr_par' dir='ltr' id='par_1_63' title="bbox 517 3442 1200 3514">
     <span class='ocr_line' id='line_1_64' title="bbox 517 3442 1200 3514; baseline -0.004 -15"><span class='ocrx_word' id='word_1_417' title='bbox 517 3444 713 3514; x_wconf 85' lang='lat' dir='ltr'>utique</span> <span class='ocrx_word' id='word_1_418' title='bbox 744 3457 844 3498; x_wconf 92' lang='lat' dir='ltr'>eos</span> <span class='ocrx_word' id='word_1_419' title='bbox 865 3442 1200 3513; x_wconf 85' lang='lat' dir='ltr'>diligerent.</span> 
     </span>
    </p>
   </div>
   <div class='ocr_carea' id='block_1_64' title="bbox 582 3531 2168 3606">
    <p class='ocr_par' dir='ltr' id='par_1_64' title="bbox 582 3531 2168 3606">
     <span class='ocr_line' id='line_1_65' title="bbox 582 3531 2168 3606; baseline 0.005 -18"><span class='ocrx_word' id='word_1_420' title='bbox 582 3531 747 3588; x_wconf 87' lang='lat' dir='ltr'>Vers.</span> <span class='ocrx_word' id='word_1_421' title='bbox 780 3533 866 3588; x_wconf 83' lang='grc'>19.</span> <span class='ocrx_word' id='word_1_422' title='bbox 909 3531 968 3588; x_wconf 88' lang='lat' dir='ltr'>Si</span> <span class='ocrx_word' id='word_1_423' title='bbox 994 3562 1064 3574; x_wconf 97' lang='lat'>—</span> <span class='ocrx_word' id='word_1_424' title='bbox 1089 3533 1383 3604; x_wconf 81' lang='lat' dir='ltr'>diligeret.</span> <span class='ocrx_word' id='word_1_425' title='bbox 1425 3533 1595 3598; x_wconf 89' lang='lat' dir='ltr'>Quod</span> <span class='ocrx_word' id='word_1_426' title='bbox 1625 3551 1801 3592; x_wconf 88' lang='lat' dir='ltr'>suum</span> <span class='ocrx_word' id='word_1_427' title='bbox 1836 3542 2008 3606; x_wconf 89' lang='lat' dir='ltr'>esset,</span> <span class='ocrx_word' id='word_1_428' title='bbox 2056 3539 2168 3596; x_wconf 89' lang='lat' dir='ltr'>hoc</span> 
     </span>
    </p>
   </div>
   <div class='ocr_carea' id='block_1_65' title="bbox 511 3620 1987 3695">
    <p class='ocr_par' dir='ltr' id='par_1_65' title="bbox 511 3620 1987 3695">
     <span class='ocr_line' id='line_1_66' title="bbox 511 3620 1987 3695; baseline 0.005 -18"><span class='ocrx_word' id='word_1_429' title='bbox 511 3625 617 3686; x_wconf 86' lang='lat' dir='ltr'>est,</span> <span class='ocrx_word' id='word_1_430' title='bbox 644 3620 758 3676; x_wconf 87' lang='lat' dir='ltr'>sibi</span> <span class='ocrx_word' id='word_1_431' title='bbox 779 3620 1014 3688; x_wconf 89' lang='lat' dir='ltr'>simile;</span> <span class='ocrx_word' id='word_1_432' title='bbox 1042 3622 1264 3692; x_wconf 87' lang='lat' dir='ltr'>gaudet</span> <span class='ocrx_word' id='word_1_433' title='bbox 1283 3638 1546 3695; x_wconf 87' lang='lat' dir='ltr'>namque</span> <span class='ocrx_word' id='word_1_434' title='bbox 1573 3625 1752 3680; x_wconf 90' lang='lat' dir='ltr'>simili</span> <span class='ocrx_word' id='word_1_435' title='bbox 1778 3626 1987 3684; x_wconf 89' lang='lat' dir='ltr'>simile.</span> 
     </span>
    </p>
   </div>
   <div class='ocr_carea' id='block_1_66' title="bbox 583 3709 2167 3784">
    <p class='ocr_par' dir='ltr' id='par_1_66' title="bbox 583 3709 2167 3784">
     <span class='ocr_line' id='line_1_67' title="bbox 583 3709 2167 3784; baseline 0.007 -20"><span class='ocrx_word' id='word_1_436' title='bbox 583 3709 745 3765; x_wconf 88' lang='lat' dir='ltr'>Vers.</span> <span class='ocrx_word' id='word_1_437' title='bbox 775 3711 862 3764; x_wconf 84' lang='lat' dir='ltr'>l9.</span> <span class='ocrx_word' id='word_1_438' title='bbox 897 3710 1044 3777; x_wconf 81' lang='lat' dir='ltr'>Quia</span> <span class='ocrx_word' id='word_1_439' title='bbox 1081 3742 1138 3753; x_wconf 87' lang='lat'>-—</span> <span class='ocrx_word' id='word_1_440' title='bbox 1187 3712 1461 3768; x_wconf 82' lang='lat' dir='ltr'>mundus.</span> <span class='ocrx_word' id='word_1_441' title='bbox 1526 3715 1726 3784; x_wconf 87' lang='lat' dir='ltr'>Itaque</span> <span class='ocrx_word' id='word_1_442' title='bbox 1777 3715 1919 3772; x_wconf 92' lang='lat' dir='ltr'>odio</span> <span class='ocrx_word' id='word_1_443' title='bbox 1957 3716 2167 3774; x_wconf 90' lang='lat' dir='ltr'>haberi</span> 
     </span>
    </p>
   </div>
   <div class='ocr_carea' id='block_1_67' title="bbox 509 3800 2168 3877">
    <p class='ocr_par' dir='ltr' id='par_1_67' title="bbox 509 3800 2168 3877">
     <span class='ocr_line' id='line_1_68' title="bbox 509 3800 2168 3877; baseline 0.006 -23"><span class='ocrx_word' id='word_1_444' title='bbox 509 3814 620 3855; x_wconf 90' lang='lat' dir='ltr'>vos</span> <span class='ocrx_word' id='word_1_445' title='bbox 647 3814 683 3855; x_wconf 89' lang='lat' dir='ltr'>a</span> <span class='ocrx_word' id='word_1_446' title='bbox 705 3800 880 3855; x_wconf 90' lang='lat' dir='ltr'>malis</span> <span class='ocrx_word' id='word_1_447' title='bbox 901 3801 1335 3857; x_wconf 86' lang='lat' dir='ltr'>demonstratio</span> <span class='ocrx_word' id='word_1_448' title='bbox 1361 3807 1449 3856; x_wconf 91' lang='lat' dir='ltr'>est</span> <span class='ocrx_word' id='word_1_449' title='bbox 1492 3803 1743 3868; x_wconf 90' lang='lat' dir='ltr'>virtutis,</span> <span class='ocrx_word' id='word_1_450' title='bbox 1774 3807 2168 3877; x_wconf 89' lang='lat' dir='ltr'>quemadmo-</span> 
     </span>
    </p>
   </div>
   <div class='ocr_carea' id='block_1_68' title="bbox 511 3889 2160 3963">
    <p class='ocr_par' dir='ltr' id='par_1_68' title="bbox 511 3889 2160 3963">
     <span class='ocr_line' id='line_1_69' title="bbox 511 3889 2160 3963; baseline 0.005 -19"><span class='ocrx_word' id='word_1_451' title='bbox 511 3889 681 3953; x_wconf 91' lang='lat' dir='ltr'>dum,</span> <span class='ocrx_word' id='word_1_452' title='bbox 713 3889 893 3945; x_wconf 88' lang='lat' dir='ltr'>etiam</span> <span class='ocrx_word' id='word_1_453' title='bbox 924 3905 960 3945; x_wconf 91' lang='lat' dir='ltr'>a</span> <span class='ocrx_word' id='word_1_454' title='bbox 989 3890 1209 3946; x_wconf 86' lang='lat' dir='ltr'>talibus</span> <span class='ocrx_word' id='word_1_455' title='bbox 1239 3892 1450 3962; x_wconf 90' lang='lat' dir='ltr'>amari,</span> <span class='ocrx_word' id='word_1_456' title='bbox 1485 3891 1724 3963; x_wconf 89' lang='lat' dir='ltr'>signum</span> <span class='ocrx_word' id='word_1_457' title='bbox 1754 3901 1843 3950; x_wconf 91' lang='lat' dir='ltr'>est</span> <span class='ocrx_word' id='word_1_458' title='bbox 1899 3896 2160 3953; x_wconf 67' lang='lat' dir='ltr'>malitiae.</span> 
     </span>
    </p>
   </div>
   <div class='ocr_carea' id='block_1_69' title="bbox 511 3976 2163 4050">
    <p class='ocr_par' dir='ltr' id='par_1_69' title="bbox 511 3976 2163 4050">
     <span class='ocr_line' id='line_1_70' title="bbox 511 3976 2163 4050; baseline 0.005 -19"><span class='ocrx_word' id='word_1_459' title='bbox 511 3976 662 4043; x_wconf 85' lang='lat' dir='ltr'>Quia</span> <span class='ocrx_word' id='word_1_460' title='bbox 681 3993 823 4034; x_wconf 89' lang='lat' dir='ltr'>vero</span> <span class='ocrx_word' id='word_1_461' title='bbox 852 3977 1152 4050; x_wconf 87' lang='lat' dir='ltr'>abjectam</span> <span class='ocrx_word' id='word_1_462' title='bbox 1179 3994 1387 4035; x_wconf 91' lang='lat' dir='ltr'>eorum</span> <span class='ocrx_word' id='word_1_463' title='bbox 1404 3987 1662 4036; x_wconf 88' lang='lat' dir='ltr'>mentem</span> <span class='ocrx_word' id='word_1_464' title='bbox 1687 3983 1870 4038; x_wconf 83' lang='lat' dir='ltr'>erexit</span> <span class='ocrx_word' id='word_1_465' title='bbox 1897 4001 2163 4040; x_wconf 86' lang='lat' dir='ltr'>:rursum</span> 
     </span>
    </p>
   </div>
   <div class='ocr_carea' id='block_1_70' title="bbox 508 4065 2052 4138">
    <p class='ocr_par' dir='ltr' id='par_1_70' title="bbox 508 4065 2052 4138">
     <span class='ocr_line' id='line_1_71' title="bbox 508 4065 2052 4138; baseline 0.006 -19"><span class='ocrx_word' id='word_1_466' title='bbox 508 4065 672 4137; x_wconf 87' lang='lat' dir='ltr'>ipsos</span> <span class='ocrx_word' id='word_1_467' title='bbox 697 4065 776 4121; x_wconf 90' lang='lat' dir='ltr'>ab</span> <span class='ocrx_word' id='word_1_468' title='bbox 801 4066 892 4121; x_wconf 90' lang='lat' dir='ltr'>his</span> <span class='ocrx_word' id='word_1_469' title='bbox 921 4082 1056 4138; x_wconf 78' lang='lat' dir='ltr'>quae</span> <span class='ocrx_word' id='word_1_470' title='bbox 1083 4074 1289 4124; x_wconf 87' lang='lat' dir='ltr'>contra</span> <span class='ocrx_word' id='word_1_471' title='bbox 1319 4084 1379 4124; x_wconf 90' lang='lat' dir='ltr'>se</span> <span class='ocrx_word' id='word_1_472' title='bbox 1406 4067 1650 4134; x_wconf 83' lang='lat' dir='ltr'>ﬁebant,</span> <span class='ocrx_word' id='word_1_473' title='bbox 1693 4071 2052 4130; x_wconf 88' lang='lat' dir='ltr'>consolatur.</span> 
     </span>
    </p>
   </div>
   <div class='ocr_carea' id='block_1_71' title="bbox 583 4153 2160 4231">
    <p class='ocr_par' dir='ltr' id='par_1_71' title="bbox 583 4153 2160 4231">
     <span class='ocr_line' id='line_1_72' title="bbox 583 4153 2160 4231; baseline 0.008 -24"><span class='ocrx_word' id='word_1_474' title='bbox 583 4153 751 4210; x_wconf 90' lang='lat' dir='ltr'>Vers.</span> <span class='ocrx_word' id='word_1_475' title='bbox 815 4158 902 4210; x_wconf 89' lang='lat'>20.</span> <span class='ocrx_word' id='word_1_476' title='bbox 934 4155 1284 4212; x_wconf 79' lang='lat' dir='ltr'>Mementote</span> <span class='ocrx_word' id='word_1_477' title='bbox 1318 4187 1386 4197; x_wconf 98' lang='lat'>—</span> <span class='ocrx_word' id='word_1_478' title='bbox 1417 4158 1599 4214; x_wconf 82' lang='lat' dir='ltr'>vobis.</span> <span class='ocrx_word' id='word_1_479' title='bbox 1652 4161 1718 4214; x_wconf 90' lang='lat' dir='ltr'>Et</span> <span class='ocrx_word' id='word_1_480' title='bbox 1763 4160 1896 4231; x_wconf 88' lang='lat' dir='ltr'>quis</span> <span class='ocrx_word' id='word_1_481' title='bbox 1939 4163 2013 4219; x_wconf 88' lang='lat' dir='ltr'>sit</span> <span class='ocrx_word' id='word_1_482' title='bbox 2063 4163 2160 4220; x_wconf 90' lang='lat' dir='ltr'>ille</span> 
     </span>
    </p>
   </div>
   <div class='ocr_carea' id='block_1_72' title="bbox 508 4243 1009 4312">
    <p class='ocr_par' dir='ltr' id='par_1_72' title="bbox 508 4243 1009 4312">
     <span class='ocr_line' id='line_1_73' title="bbox 508 4243 1009 4312; baseline 0.002 -14"><span class='ocrx_word' id='word_1_483' title='bbox 508 4257 726 4312; x_wconf 82' lang='lat' dir='ltr'>sermo,</span> <span class='ocrx_word' id='word_1_484' title='bbox 749 4243 1009 4299; x_wconf 83' lang='lat' dir='ltr'>adverte.</span> 
     </span>
    </p>
   </div>
   <div class='ocr_carea' id='block_1_73' title="bbox 577 4332 2156 4398">
    <p class='ocr_par' dir='ltr' id='par_1_73' title="bbox 577 4332 2156 4398">
     <span class='ocr_line' id='line_1_74' title="bbox 577 4332 2156 4398; baseline 0.008 -11"><span class='ocrx_word' id='word_1_485' title='bbox 577 4332 742 4388; x_wconf 85' lang='lat' dir='ltr'>Vers.</span> <span class='ocrx_word' id='word_1_486' title='bbox 766 4337 854 4390; x_wconf 84' lang='lat'>20.</span> <span class='ocrx_word' id='word_1_487' title='bbox 875 4333 1001 4390; x_wconf 86' lang='lat' dir='ltr'>Non</span> <span class='ocrx_word' id='word_1_488' title='bbox 1029 4364 1098 4374; x_wconf 97' lang='lat'><strong>—</strong></span> <span class='ocrx_word' id='word_1_489' title='bbox 1135 4349 1261 4391; x_wconf 85' lang='lat' dir='ltr'>suo.</span> <span class='ocrx_word' id='word_1_490' title='bbox 1306 4336 1455 4391; x_wconf 79' lang='lat' dir='ltr'>Nam</span> <span class='ocrx_word' id='word_1_491' title='bbox 1519 4336 1679 4392; x_wconf 91' lang='lat' dir='ltr'>hunc</span> <span class='ocrx_word' id='word_1_492' title='bbox 1726 4353 2064 4398; x_wconf 89' lang='lat' dir='ltr'>sermonem</span> <span class='ocrx_word' id='word_1_493' title='bbox 2095 4342 2156 4398; x_wconf 89' lang='lat' dir='ltr'>in</span> 
     </span>
    </p>
   </div>
   <div class='ocr_carea' id='block_1_74' title="bbox 2284 3164 3898 3248">
    <p class='ocr_par' dir='ltr' id='par_1_74' title="bbox 2284 3164 3898 3248">
     <span class='ocr_line' id='line_1_75' title="bbox 2284 3164 3898 3248; baseline -0.004 -21"><span class='ocrx_word' id='word_1_494' title='bbox 2284 3180 2412 3228; x_wconf 84' lang='grc' dir='ltr'>νεῖτέ</span> <span class='ocrx_word' id='word_1_495' title='bbox 2449 3194 2541 3248; x_wconf 87' lang='grc' dir='ltr'>μοι</span> <span class='ocrx_word' id='word_1_496' title='bbox 2570 3181 2659 3226; x_wconf 69' lang='grc' dir='ltr'>ωῦ</span> <span class='ocrx_word' id='word_1_497' title='bbox 2691 3175 2830 3248; x_wconf 83' lang='grc' dir='ltr'>παρά</span> <span class='ocrx_word' id='word_1_498' title='bbox 2854 3180 2952 3224; x_wconf 84' lang='grc' dir='ltr'>τῶν</span> <span class='ocrx_word' id='word_1_499' title='bbox 2979 3178 3213 3244; x_wconf 84' lang='grc' dir='ltr'>πονηρῶν</span> <span class='ocrx_word' id='word_1_500' title='bbox 3245 3174 3449 3242; x_wconf 87' lang='grc' dir='ltr'>μίσους.</span> <span class='ocrx_word' id='word_1_501' title='bbox 3481 3164 3605 3221; x_wconf 84' lang='grc' dir='ltr'>Εἶτα</span> <span class='ocrx_word' id='word_1_502' title='bbox 3629 3167 3772 3238; x_wconf 65' lang='grc' dir='ltr'>λέγει</span> <span class='ocrx_word' id='word_1_503' title='bbox 3805 3174 3898 3220; x_wconf 73' lang='grc' dir='ltr'>καὶ</span> 
     </span>
    </p>
   </div>
   <div class='ocr_carea' id='block_1_75' title="bbox 2284 3253 3905 3339">
    <p class='ocr_par' dir='ltr' id='par_1_75' title="bbox 2284 3253 3905 3339">
     <span class='ocr_line' id='line_1_76' title="bbox 2284 3253 3905 3339; baseline -0.005 -22"><span class='ocrx_word' id='word_1_504' title='bbox 2284 3265 2456 3339; x_wconf 69' lang='grc' dir='ltr'>ἑτέραν</span> <span class='ocrx_word' id='word_1_505' title='bbox 2502 3264 2858 3338; x_wconf 87' lang='grc' dir='ltr'>παραμυθίαν,</span> <span class='ocrx_word' id='word_1_506' title='bbox 2902 3261 3003 3324; x_wconf 85' lang='grc' dir='ltr'>ὅτι,</span> <span class='ocrx_word' id='word_1_507' title='bbox 3043 3258 3127 3312; x_wconf 80' lang='grc' dir='ltr'>ἐὰν</span> <span class='ocrx_word' id='word_1_508' title='bbox 3157 3257 3211 3312; x_wconf 76' lang='grc' dir='ltr'>ἐκ</span> <span class='ocrx_word' id='word_1_509' title='bbox 3243 3266 3340 3310; x_wconf 87' lang='grc' dir='ltr'>τῶν</span> <span class='ocrx_word' id='word_1_510' title='bbox 3375 3265 3606 3333; x_wconf 82' lang='grc' dir='ltr'>πονηρῶν</span> <span class='ocrx_word' id='word_1_511' title='bbox 3637 3253 3797 3321; x_wconf 75' lang='grc' dir='ltr'>ἦσαν,</span> <span class='ocrx_word' id='word_1_512' title='bbox 3848 3259 3905 3311; x_wconf 84' lang='grc' dir='ltr'>οἱ</span> 
     </span>
    </p>
   </div>
   <div class='ocr_carea' id='block_1_76' title="bbox 2283 3351 3060 3427">
    <p class='ocr_par' dir='ltr' id='par_1_76' title="bbox 2283 3351 3060 3427">
     <span class='ocr_line' id='line_1_77' title="bbox 2283 3351 3060 3427; baseline -0.003 -20"><span class='ocrx_word' id='word_1_513' title='bbox 2283 3358 2499 3427; x_wconf 82' lang='grc' dir='ltr'>πονηροὶ</span> <span class='ocrx_word' id='word_1_514' title='bbox 2528 3354 2589 3404; x_wconf 78' lang='grc' dir='ltr'>ἄν</span> <span class='ocrx_word' id='word_1_515' title='bbox 2619 3351 2821 3424; x_wconf 74' lang='grc' dir='ltr'>ἐφίλουν</span> <span class='ocrx_word' id='word_1_516' title='bbox 2853 3351 3060 3411; x_wconf 73' lang='grc' dir='ltr'>αὐτούς.</span> 
     </span>
    </p>
   </div>
   <div class='ocr_carea' id='block_1_77' title="bbox 2352 3525 3896 3604">
    <p class='ocr_par' dir='ltr' id='par_1_77' title="bbox 2352 3525 3896 3604">
     <span class='ocr_line' id='line_1_78' title="bbox 2352 3525 3896 3604; baseline -0.006 -18"><span class='ocrx_word' id='word_1_517' title='bbox 2352 3533 2408 3586; x_wconf 79' lang='grc' dir='ltr'>Εἰ</span> <span class='ocrx_word' id='word_1_518' title='bbox 2451 3563 2517 3574; x_wconf 90' lang='grc'><strong>-</strong></span> <span class='ocrx_word' id='word_1_519' title='bbox 2559 3530 2736 3604; x_wconf 75' lang='grc' dir='ltr'>ἐφίλει.</span> <span class='ocrx_word' id='word_1_520' title='bbox 2787 3532 2855 3583; x_wconf 88' lang='grc' dir='ltr'><strong>Τό</strong></span> <span class='ocrx_word' id='word_1_521' title='bbox 2889 3530 3082 3602; x_wconf 60' lang='grc' dir='ltr'>ὅμοιον</span> <span class='ocrx_word' id='word_1_522' title='bbox 3123 3531 3299 3601; x_wconf 84' lang='grc' dir='ltr'>χαίρει</span> <span class='ocrx_word' id='word_1_523' title='bbox 3340 3529 3441 3600; x_wconf 72' lang='grc' dir='ltr'>γὰρ</span> <span class='ocrx_word' id='word_1_524' title='bbox 3493 3533 3564 3596; x_wconf 78' lang='grc' dir='ltr'>τῷ</span> <span class='ocrx_word' id='word_1_525' title='bbox 3608 3525 3777 3596; x_wconf 81' lang='grc' dir='ltr'>ὁμοίῳ</span> <span class='ocrx_word' id='word_1_526' title='bbox 3834 3531 3896 3577; x_wconf 80' lang='grc' dir='ltr'>τό</span> 
     </span>
    </p>
   </div>
   <div class='ocr_carea' id='block_1_78' title="bbox 2276 3624 2472 3696">
    <p class='ocr_par' dir='ltr' id='par_1_78' title="bbox 2276 3624 2472 3696">
     <span class='ocr_line' id='line_1_79' title="bbox 2276 3624 2472 3696; baseline 0.005 -21"><span class='ocrx_word' id='word_1_527' title='bbox 2276 3624 2472 3696; x_wconf 90' lang='grc' dir='ltr'>ὅμοιον.</span> 
     </span>
    </p>
   </div>
   <div class='ocr_carea' id='block_1_79' title="bbox 2345 3705 3890 3782">
    <p class='ocr_par' dir='ltr' id='par_1_79' title="bbox 2345 3705 3890 3782">
     <span class='ocr_line' id='line_1_80' title="bbox 2345 3705 3890 3782; baseline -0.003 -18"><span class='ocrx_word' id='word_1_528' title='bbox 2345 3711 2462 3764; x_wconf 73' lang='grc' dir='ltr'>ὀτι</span> <span class='ocrx_word' id='word_1_529' title='bbox 2492 3743 2560 3752; x_wconf 88' lang='grc'><strong>-</strong></span> <span class='ocrx_word' id='word_1_530' title='bbox 2591 3713 2846 3782; x_wconf 86' lang='grc' dir='ltr'>ὁκὸσμος.</span> <span class='ocrx_word' id='word_1_531' title='bbox 2876 3707 3038 3761; x_wconf 83' lang='grc' dir='ltr'>Ὥστε</span> <span class='ocrx_word' id='word_1_532' title='bbox 3057 3709 3114 3759; x_wconf 90' lang='grc' dir='ltr'><strong>τό</strong></span> <span class='ocrx_word' id='word_1_533' title='bbox 3141 3707 3415 3780; x_wconf 86' lang='grc' dir='ltr'>μισεῖσθαι</span> <span class='ocrx_word' id='word_1_534' title='bbox 3435 3705 3568 3776; x_wconf 78' lang='grc' dir='ltr'>ὑμᾶς</span> <span class='ocrx_word' id='word_1_535' title='bbox 3594 3707 3747 3779; x_wconf 84' lang='grc' dir='ltr'>ποιρὰ</span> <span class='ocrx_word' id='word_1_536' title='bbox 3775 3705 3890 3777; x_wconf 75' lang='grc'>(35)</span> 
     </span>
    </p>
   </div>
   <div class='ocr_carea' id='block_1_80' title="bbox 2275 3794 3886 3876">
    <p class='ocr_par' dir='ltr' id='par_1_80' title="bbox 2275 3794 3886 3876">
     <span class='ocr_line' id='line_1_81' title="bbox 2275 3794 3886 3876; baseline -0.005 -24"><span class='ocrx_word' id='word_1_537' title='bbox 2275 3809 2374 3853; x_wconf 76' lang='grc' dir='ltr'>τῶν</span> <span class='ocrx_word' id='word_1_538' title='bbox 2430 3810 2664 3876; x_wconf 86' lang='grc' dir='ltr'>πονηρῶν</span> <span class='ocrx_word' id='word_1_539' title='bbox 2724 3795 2987 3860; x_wconf 80' lang='grc' dir='ltr'>ἀπόδειξίς</span> <span class='ocrx_word' id='word_1_540' title='bbox 3038 3795 3176 3848; x_wconf 77' lang='grc' dir='ltr'>ἐστιν</span> <span class='ocrx_word' id='word_1_541' title='bbox 3218 3794 3417 3868; x_wconf 82' lang='grc' dir='ltr'>ἀρετῆς,</span> <span class='ocrx_word' id='word_1_542' title='bbox 3472 3799 3647 3867; x_wconf 81' lang='grc' dir='ltr'>ὡσπερ</span> <span class='ocrx_word' id='word_1_543' title='bbox 3693 3799 3793 3845; x_wconf 82' lang='grc' dir='ltr'>καὶ</span> <span class='ocrx_word' id='word_1_544' title='bbox 3835 3798 3886 3846; x_wconf 77' lang='grc' dir='ltr'>τὸ</span> 
     </span>
    </p>
   </div>
   <div class='ocr_carea' id='block_1_81' title="bbox 2276 3879 3880 3969">
    <p class='ocr_par' dir='ltr' id='par_1_81' title="bbox 2276 3879 3880 3969">
     <span class='ocr_line' id='line_1_82' title="bbox 2276 3879 3880 3969; baseline -0.01 -20"><span class='ocrx_word' id='word_1_545' title='bbox 2276 3893 2534 3969; x_wconf 78' lang='grc' dir='ltr'>φιλεῖσθαι</span> <span class='ocrx_word' id='word_1_546' title='bbox 2565 3892 2707 3965; x_wconf 83' lang='grc' dir='ltr'>παρὰ</span> <span class='ocrx_word' id='word_1_547' title='bbox 2734 3897 2833 3941; x_wconf 87' lang='grc' dir='ltr'>τῶν</span> <span class='ocrx_word' id='word_1_548' title='bbox 2862 3889 3101 3940; x_wconf 83' lang='grc' dir='ltr'>τοιούτων</span> <span class='ocrx_word' id='word_1_549' title='bbox 3140 3889 3347 3946; x_wconf 78' lang='grc' dir='ltr'>κακίας.</span> <span class='ocrx_word' id='word_1_550' title='bbox 3389 3884 3616 3956; x_wconf 81' lang='grc' dir='ltr'>Ἐπάρας</span> <span class='ocrx_word' id='word_1_551' title='bbox 3658 3879 3753 3933; x_wconf 77' lang='grc' dir='ltr'>οὖν</span> <span class='ocrx_word' id='word_1_552' title='bbox 3795 3885 3880 3934; x_wconf 66' lang='grc' dir='ltr'>αύ-</span> 
     </span>
    </p>
   </div>
   <div class='ocr_carea' id='block_1_82' title="bbox 2273 3971 3889 4050">
    <p class='ocr_par' dir='ltr' id='par_1_82' title="bbox 2273 3971 3889 4050">
     <span class='ocr_line' id='line_1_83' title="bbox 2273 3971 3889 4050; baseline -0.009 -12"><span class='ocrx_word' id='word_1_553' title='bbox 2273 3994 2371 4038; x_wconf 86' lang='grc' dir='ltr'>τῶν</span> <span class='ocrx_word' id='word_1_554' title='bbox 2401 3986 2724 4036; x_wconf 89' lang='grc' dir='ltr'>καταπίπτον</span> <span class='ocrx_word' id='word_1_555' title='bbox 2755 3981 2812 4030; x_wconf 90' lang='grc' dir='ltr'>τὸ</span> <span class='ocrx_word' id='word_1_556' title='bbox 2859 3981 3118 4050; x_wconf 75' lang='grc' dir='ltr'>φρόνημα,</span> <span class='ocrx_word' id='word_1_557' title='bbox 3156 3974 3309 4028; x_wconf 75' lang='grc' dir='ltr'>πάλιν</span> <span class='ocrx_word' id='word_1_558' title='bbox 3354 3971 3453 4025; x_wconf 87' lang='grc' dir='ltr'>ἀπὸ</span> <span class='ocrx_word' id='word_1_559' title='bbox 3483 3979 3581 4022; x_wconf 80' lang='grc' dir='ltr'>τῶν</span> <span class='ocrx_word' id='word_1_560' title='bbox 3611 3972 3740 4024; x_wconf 79' lang='grc' dir='ltr'>καθ’</span> <span class='ocrx_word' id='word_1_561' title='bbox 3772 3972 3889 4024; x_wconf 79' lang='grc' dir='ltr'>ἐαυ-</span> 
     </span>
    </p>
   </div>
   <div class='ocr_carea' id='block_1_83' title="bbox 2271 4073 2948 4142">
    <p class='ocr_par' dir='ltr' id='par_1_83' title="bbox 2271 4073 2948 4142">
     <span class='ocr_line' id='line_1_84' title="bbox 2271 4073 2948 4142; baseline -0.015 -15"><span class='ocrx_word' id='word_1_562' title='bbox 2271 4079 2356 4127; x_wconf 89' lang='grc' dir='ltr'>τὸν</span> <span class='ocrx_word' id='word_1_563' title='bbox 2397 4075 2580 4125; x_wconf 88' lang='grc' dir='ltr'>τούτου</span> <span class='ocrx_word' id='word_1_564' title='bbox 2591 4092 2611 4133; x_wconf 91' lang='grc' dir='ltr'>ς</span> <span class='ocrx_word' id='word_1_565' title='bbox 2640 4073 2948 4142; x_wconf 71' lang='grc' dir='ltr'>παρηγορεῖ.</span> 
     </span>
    </p>
   </div>
   <div class='ocr_carea' id='block_1_84' title="bbox 2341 4148 3883 4234">
    <p class='ocr_par' dir='ltr' id='par_1_84' title="bbox 2341 4148 3883 4234">
     <span class='ocr_line' id='line_1_85' title="bbox 2341 4148 3883 4234; baseline -0.01 -18"><span class='ocrx_word' id='word_1_566' title='bbox 2341 4163 2696 4234; x_wconf 86' lang='grc' dir='ltr'>Μνημονεύετε</span> <span class='ocrx_word' id='word_1_567' title='bbox 2724 4189 2792 4197; x_wconf 90' lang='grc'><strong>-</strong></span> <span class='ocrx_word' id='word_1_568' title='bbox 2827 4157 2969 4229; x_wconf 85' lang='grc' dir='ltr'>ύμῖν.</span> <span class='ocrx_word' id='word_1_569' title='bbox 3004 4157 3104 4207; x_wconf 79' lang='grc' dir='ltr'>Καὶ</span> <span class='ocrx_word' id='word_1_570' title='bbox 3135 4153 3247 4226; x_wconf 86' lang='grc'>(36)</span> <span class='ocrx_word' id='word_1_571' title='bbox 3288 4155 3436 4213; x_wconf 79' lang='grc' dir='ltr'>ποῖὸς</span> <span class='ocrx_word' id='word_1_572' title='bbox 3466 4148 3607 4202; x_wconf 83' lang='grc' dir='ltr'>ἐστιν</span> <span class='ocrx_word' id='word_1_573' title='bbox 3637 4149 3830 4212; x_wconf 80' lang='grc' dir='ltr'>ἐκεῖνος</span> <span class='ocrx_word' id='word_1_574' title='bbox 3858 4150 3883 4201; x_wconf 77' lang='grc' dir='ltr'><strong><em>ὁ</em></strong></span> 
     </span>
    </p>
   </div>
   <div class='ocr_carea' id='block_1_85' title="bbox 2266 4252 2712 4324">
    <p class='ocr_par' dir='ltr' id='par_1_85' title="bbox 2266 4252 2712 4324">
     <span class='ocr_line' id='line_1_86' title="bbox 2266 4252 2712 4324; baseline -0.009 -18"><span class='ocrx_word' id='word_1_575' title='bbox 2266 4253 2436 4324; x_wconf 80' lang='grc' dir='ltr'>λόγος,</span> <span class='ocrx_word' id='word_1_576' title='bbox 2467 4252 2595 4302; x_wconf 80' lang='grc' dir='ltr'>οἴκου</span> <span class='ocrx_word' id='word_1_577' title='bbox 2605 4267 2712 4302; x_wconf 89' lang='grc' dir='ltr'>σον.</span> 
     </span>
    </p>
   </div>
   <div class='ocr_carea' id='block_1_86' title="bbox 2339 4326 3879 4404">
    <p class='ocr_par' dir='ltr' id='par_1_86' title="bbox 2339 4326 3879 4404">
     <span class='ocr_line' id='line_1_87' title="bbox 2339 4326 3879 4404; baseline -0.01 -12"><span class='ocrx_word' id='word_1_578' title='bbox 2339 4341 2449 4392; x_wconf 78' lang='grc' dir='ltr'>Οὐκ</span> <span class='ocrx_word' id='word_1_579' title='bbox 2505 4371 2572 4379; x_wconf 89' lang='grc'><strong><em>-</em></strong></span> <span class='ocrx_word' id='word_1_580' title='bbox 2628 4336 2806 4390; x_wconf 76' lang='grc' dir='ltr'>αὐτοῦ.</span> <span class='ocrx_word' id='word_1_581' title='bbox 2857 4340 3045 4386; x_wconf 79' lang='grc' dir='ltr'>Τοῦτον</span> <span class='ocrx_word' id='word_1_582' title='bbox 3113 4332 3210 4404; x_wconf 76' lang='grc' dir='ltr'>γὰρ</span> <span class='ocrx_word' id='word_1_583' title='bbox 3265 4333 3351 4382; x_wconf 85' lang='grc' dir='ltr'>τὸν</span> <span class='ocrx_word' id='word_1_584' title='bbox 3397 4328 3547 4400; x_wconf 73' lang='grc' dir='ltr'>λόγον</span> <span class='ocrx_word' id='word_1_585' title='bbox 3601 4326 3879 4401; x_wconf 72' lang='grc' dir='ltr'>προλαϐὼν</span> 
     </span>
    </p>
   </div>
   <div class='ocr_carea' id='block_1_87' title="bbox 504 4412 2167 4512">
    <p class='ocr_par' dir='ltr' id='par_1_87' title="bbox 504 4422 2153 4496">
     <span class='ocr_line' id='line_1_88' title="bbox 504 4422 2153 4496; baseline 0.005 -18"><span class='ocrx_word' id='word_1_586' title='bbox 504 4422 980 4496; x_wconf 65' lang='lat' dir='ltr'>praecedentibus</span> <span class='ocrx_word' id='word_1_587' title='bbox 1009 4423 1158 4481; x_wconf 81' lang='lat' dir='ltr'>dixit</span> <span class='ocrx_word' id='word_1_588' title='bbox 1186 4423 1310 4492; x_wconf 89' lang='lat' dir='ltr'>eis;</span> <span class='ocrx_word' id='word_1_589' title='bbox 1345 4440 1452 4480; x_wconf 89' lang='lat' dir='ltr'>nec</span> <span class='ocrx_word' id='word_1_590' title='bbox 1476 4425 1539 4482; x_wconf 91' lang='lat' dir='ltr'>id</span> <span class='ocrx_word' id='word_1_591' title='bbox 1582 4427 1785 4494; x_wconf 77' lang='lat' dir='ltr'>semel,</span> <span class='ocrx_word' id='word_1_592' title='bbox 1836 4430 1942 4486; x_wconf 83' lang='lat' dir='ltr'>sed</span> <span class='ocrx_word' id='word_1_593' title='bbox 1977 4432 2153 4489; x_wconf 87' lang='lat' dir='ltr'>variis</span> 
     </span>
    </p>
   </div>
   <div class='ocr_carea' id='block_1_88' title="bbox 2298 4412 3877 4512">
    <p class='ocr_par' dir='ltr' id='par_1_88' title="bbox 2298 4412 3877 4496">
     <span class='ocr_line' id='line_1_89' title="bbox 2298 4412 3877 4496; baseline -0.01 -13"><span class='ocrx_word' id='word_1_594' title='bbox 2298 4428 2400 4484; x_wconf 82' lang='grc' dir='ltr'>ἶπεν</span> <span class='ocrx_word' id='word_1_595' title='bbox 2441 4428 2634 4490; x_wconf 77' lang='grc' dir='ltr'>αὐτοῖς,</span> <span class='ocrx_word' id='word_1_596' title='bbox 2665 4431 2754 4478; x_wconf 81' lang='grc' dir='ltr'>καὶ</span> <span class='ocrx_word' id='word_1_597' title='bbox 2791 4424 2896 4496; x_wconf 73' lang='grc' dir='ltr'>οὐχ</span> <span class='ocrx_word' id='word_1_598' title='bbox 2935 4421 3093 4487; x_wconf 80' lang='grc' dir='ltr'>ἅπαξ,</span> <span class='ocrx_word' id='word_1_599' title='bbox 3129 4419 3256 4472; x_wconf 82' lang='grc' dir='ltr'>ἀλλὰ</span> <span class='ocrx_word' id='word_1_600' title='bbox 3289 4417 3323 4472; x_wconf 87' lang='grc' dir='ltr'>δ</span> <span class='ocrx_word' id='word_1_601' title='bbox 3331 4424 3568 4493; x_wconf 74' lang='grc' dir='ltr'>ικφὸρως.</span> <span class='ocrx_word' id='word_1_602' title='bbox 3602 4421 3756 4488; x_wconf 75' lang='grc' dir='ltr'>Λέγει</span> <span class='ocrx_word' id='word_1_603' title='bbox 3788 4412 3877 4469; x_wconf 77' lang='grc' dir='ltr'>οὖν</span> 
     </span>
    </p>
   </div>
   <div class='ocr_carea' id='block_1_89' title="bbox 500 4507 1989 4583">
    <p class='ocr_par' dir='ltr' id='par_1_89' title="bbox 500 4507 1989 4583">
     <span class='ocr_line' id='line_1_90' title="bbox 500 4507 1989 4583; baseline 0.003 -13"><span class='ocrx_word' id='word_1_604' title='bbox 500 4507 565 4570; x_wconf 78' lang='lat' dir='ltr'>in</span> <span class='ocrx_word' id='word_1_605' title='bbox 586 4509 752 4567; x_wconf 90' lang='lat' dir='ltr'>locis.</span> <span class='ocrx_word' id='word_1_606' title='bbox 777 4512 872 4567; x_wconf 81' lang='lat' dir='ltr'>Ait</span> <span class='ocrx_word' id='word_1_607' title='bbox 900 4528 1042 4583; x_wconf 92' lang='lat' dir='ltr'>ergo</span> <span class='ocrx_word' id='word_1_608' title='bbox 1074 4531 1088 4571; x_wconf 87' lang='lat'><strong>:</strong></span> <span class='ocrx_word' id='word_1_609' title='bbox 1115 4514 1247 4570; x_wconf 91' lang='lat' dir='ltr'>Non</span> <span class='ocrx_word' id='word_1_610' title='bbox 1278 4515 1418 4570; x_wconf 90' lang='lat' dir='ltr'>estis</span> <span class='ocrx_word' id='word_1_611' title='bbox 1440 4531 1544 4571; x_wconf 87' lang='lat' dir='ltr'>vos</span> <span class='ocrx_word' id='word_1_612' title='bbox 1576 4533 1670 4572; x_wconf 93' lang='lat' dir='ltr'>me</span> <span class='ocrx_word' id='word_1_613' title='bbox 1697 4517 1989 4576; x_wconf 88' lang='lat' dir='ltr'>meliores.</span> 
     </span>
    </p>
   </div>
   <div class='ocr_carea' id='block_1_90' title="bbox 576 4600 2147 4680">
    <p class='ocr_par' dir='ltr' id='par_1_90' title="bbox 576 4600 2147 4680">
     <span class='ocr_line' id='line_1_91' title="bbox 576 4600 2147 4680; baseline 0.006 -23"><span class='ocrx_word' id='word_1_614' title='bbox 576 4600 744 4661; x_wconf 83' lang='lat' dir='ltr'>Vers.</span> <span class='ocrx_word' id='word_1_615' title='bbox 776 4605 865 4658; x_wconf 83' lang='lat'>20.</span> <span class='ocrx_word' id='word_1_616' title='bbox 918 4602 984 4659; x_wconf 88' lang='lat' dir='ltr'>Si</span> <span class='ocrx_word' id='word_1_617' title='bbox 1011 4633 1081 4645; x_wconf 92' lang='lat'><strong><em>—</em></strong></span> <span class='ocrx_word' id='word_1_618' title='bbox 1107 4611 1549 4676; x_wconf 76' lang='lat' dir='ltr'>persequentur.</span> <span class='ocrx_word' id='word_1_619' title='bbox 1577 4605 1965 4680; x_wconf 88' lang='lat' dir='ltr'>Consequens</span> <span class='ocrx_word' id='word_1_620' title='bbox 1990 4611 2147 4667; x_wconf 87' lang='lat' dir='ltr'>enim</span> 
     </span>
    </p>
   </div>
   <div class='ocr_carea' id='block_1_91' title="bbox 583 4745 1425 4850">
    <p class='ocr_par' dir='ltr' id='par_1_91' title="bbox 583 4745 1425 4850">
     <span class='ocr_line' id='line_1_92' title="bbox 583 4745 1425 4850; baseline 0.007 -14"><span class='ocrx_word' id='word_1_621' title='bbox 583 4784 603 4817; x_wconf 78' lang='grc' dir='ltr'>ι</span> <span class='ocrx_word' id='word_1_622' title='bbox 627 4779 798 4839; x_wconf 86' lang='lat' dir='ltr'>Joan.</span> <span class='ocrx_word' id='word_1_623' title='bbox 829 4745 942 4850; x_wconf 76' lang='lat' dir='ltr'>xiv,</span> <span class='ocrx_word' id='word_1_624' title='bbox 979 4785 1070 4840; x_wconf 71' lang='grc' dir='ltr'>ιε.</span> <span class='ocrx_word' id='word_1_625' title='bbox 1104 4783 1127 4819; x_wconf 71' lang='grc' dir='ltr'><strong><em>δ</em></strong></span> <span class='ocrx_word' id='word_1_626' title='bbox 1152 4782 1304 4841; x_wconf 91' lang='lat' dir='ltr'>Ibid.</span> <span class='ocrx_word' id='word_1_627' title='bbox 1342 4786 1425 4842; x_wconf 77' lang='lat' dir='ltr'>ii.</span> 
     </span>
    </p>
   </div>
   <div class='ocr_carea' id='block_1_92' title="bbox 2265 4512 3155 4589">
    <p class='ocr_par' dir='ltr' id='par_1_92' title="bbox 2265 4512 3155 4589">
     <span class='ocr_line' id='line_1_93' title="bbox 2265 4512 3155 4589; baseline -0.01 -16"><span class='ocrx_word' id='word_1_628' title='bbox 2265 4523 2364 4585; x_wconf 86' lang='grc' dir='ltr'>ὅτι,</span> <span class='ocrx_word' id='word_1_629' title='bbox 2397 4518 2508 4571; x_wconf 79' lang='grc' dir='ltr'>Ούκ</span> <span class='ocrx_word' id='word_1_630' title='bbox 2537 4517 2660 4589; x_wconf 75' lang='grc' dir='ltr'>ἐμοῦ</span> <span class='ocrx_word' id='word_1_631' title='bbox 2690 4517 2956 4588; x_wconf 86' lang='grc' dir='ltr'>κρείττους</span> <span class='ocrx_word' id='word_1_632' title='bbox 2993 4512 3155 4583; x_wconf 73' lang='grc' dir='ltr'>ὑμεῖς.</span> 
     </span>
    </p>
   </div>
   <div class='ocr_carea' id='block_1_93' title="bbox 2336 4597 3869 4674">
    <p class='ocr_par' dir='ltr' id='par_1_93' title="bbox 2336 4597 3869 4674">
     <span class='ocr_line' id='line_1_94' title="bbox 2336 4597 3869 4674; baseline -0.01 -12"><span class='ocrx_word' id='word_1_633' title='bbox 2336 4609 2395 4663; x_wconf 85' lang='grc' dir='ltr'><strong>Εἰ</strong></span> <span class='ocrx_word' id='word_1_634' title='bbox 2447 4639 2512 4650; x_wconf 93' lang='grc'><strong><em>-</em></strong></span> <span class='ocrx_word' id='word_1_635' title='bbox 2573 4603 2872 4668; x_wconf 79' lang='grc' dir='ltr'>διώξουσιν.</span> <span class='ocrx_word' id='word_1_636' title='bbox 2921 4599 3228 4655; x_wconf 79' lang='grc' dir='ltr'>Ἀκόλουθον</span> <span class='ocrx_word' id='word_1_637' title='bbox 3293 4600 3396 4674; x_wconf 67' lang='grc' dir='ltr'>γὰρ</span> <span class='ocrx_word' id='word_1_638' title='bbox 3460 4599 3567 4668; x_wconf 77' lang='grc' dir='ltr'>εἴγε</span> <span class='ocrx_word' id='word_1_639' title='bbox 3635 4597 3869 4669; x_wconf 66' lang='grc' dir='ltr'>μαθηταί</span> 
     </span>
    </p>
   </div>
   <div class='ocr_carea' id='block_1_94' title="bbox 1693 4917 2631 4989">
    <p class='ocr_par' dir='ltr' id='par_1_94' title="bbox 1693 4917 2631 4989">
     <span class='ocr_line' id='line_1_95' title="bbox 1693 4917 2631 4989; baseline 0 -4"><span class='ocrx_word' id='word_1_640' title='bbox 1693 4917 1917 4987; x_wconf 70' lang='lat' dir='ltr'>Variae</span> <span class='ocrx_word' id='word_1_641' title='bbox 1951 4918 2282 4989; x_wconf 90' lang='lat' dir='ltr'>lectiones</span> <span class='ocrx_word' id='word_1_642' title='bbox 2331 4929 2396 4988; x_wconf 88' lang='lat' dir='ltr'>et</span> <span class='ocrx_word' id='word_1_643' title='bbox 2431 4926 2631 4987; x_wconf 71' lang='lat' dir='ltr'>notua.</span> 
     </span>
    </p>
   </div>
   <div class='ocr_carea' id='block_1_95' title="bbox 573 5066 2142 5143">
    <p class='ocr_par' dir='ltr' id='par_1_95' title="bbox 573 5066 2142 5143">
     <span class='ocr_line' id='line_1_96' title="bbox 573 5066 2142 5143; baseline 0.003 -20"><span class='ocrx_word' id='word_1_644' title='bbox 573 5067 692 5143; x_wconf 79' lang='lat'>(39)</span> <span class='ocrx_word' id='word_1_645' title='bbox 717 5066 808 5143; x_wconf 86' lang='lat' dir='ltr'>Ita</span> <span class='ocrx_word' id='word_1_646' title='bbox 831 5069 992 5143; x_wconf 76' lang='grc' dir='ltr'>ἔθηκα</span> <span class='ocrx_word' id='word_1_647' title='bbox 1012 5068 1254 5143; x_wconf 83' lang='lat' dir='ltr'>exponit</span> <span class='ocrx_word' id='word_1_648' title='bbox 1284 5069 1584 5142; x_wconf 82' lang='lat' dir='ltr'>Chrysost.</span> <span class='ocrx_word' id='word_1_649' title='bbox 1621 5074 1762 5126; x_wconf 90' lang='lat' dir='ltr'>tom.</span> <span class='ocrx_word' id='word_1_650' title='bbox 1791 5070 1904 5143; x_wconf 72' lang='lat' dir='ltr'>VII,</span> <span class='ocrx_word' id='word_1_651' title='bbox 1929 5087 1986 5143; x_wconf 90' lang='lat' dir='ltr'>p.</span> <span class='ocrx_word' id='word_1_652' title='bbox 2022 5072 2142 5127; x_wconf 73' lang='grc'>452.</span> 
     </span>
    </p>
   </div>
   <div class='ocr_carea' id='block_1_96' title="bbox 501 5140 2147 5214">
    <p class='ocr_par' dir='ltr' id='par_1_96' title="bbox 501 5140 2147 5214">
     <span class='ocr_line' id='line_1_97' title="bbox 501 5140 2147 5214; baseline 0.001 -17"><span class='ocrx_word' id='word_1_653' title='bbox 501 5142 562 5214; x_wconf 88' lang='lat' dir='ltr'>_C.</span> <span class='ocrx_word' id='word_1_654' title='bbox 591 5140 1017 5214; x_wconf 67' lang='lat' dir='ltr'>Theophylact.</span> <span class='ocrx_word' id='word_1_655' title='bbox 1041 5140 1105 5213; x_wconf 48' lang='lat' dir='ltr'>pi</span> <span class='ocrx_word' id='word_1_656' title='bbox 1133 5141 1235 5214; x_wconf 72' lang='lat'>782</span> <span class='ocrx_word' id='word_1_657' title='bbox 1283 5147 1348 5214; x_wconf 76' lang='grc' dir='ltr'>ᾼ,</span> <span class='ocrx_word' id='word_1_658' title='bbox 1401 5140 1468 5196; x_wconf 84' lang='grc' dir='ltr'>Β.</span> <span class='ocrx_word' id='word_1_659' title='bbox 1526 5144 1732 5194; x_wconf 79' lang='grc' dir='ltr'>Τιθέναι</span> <span class='ocrx_word' id='word_1_660' title='bbox 1760 5213 1763 5214; x_wconf 15' lang='grc' dir='ltr'><em>ν</em></span> <span class='ocrx_word' id='word_1_661' title='bbox 1797 5142 1870 5198; x_wconf 88' lang='lat' dir='ltr'>de</span> <span class='ocrx_word' id='word_1_662' title='bbox 1892 5140 2147 5214; x_wconf 80' lang='lat' dir='ltr'>palmiti-</span> 
     </span>
    </p>
   </div>
   <div class='ocr_carea' id='block_1_97' title="bbox 497 5212 1805 5284">
    <p class='ocr_par' dir='ltr' id='par_1_97' title="bbox 497 5212 1805 5284">
     <span class='ocr_line' id='line_1_98' title="bbox 497 5212 1805 5284; baseline 0 -15"><span class='ocrx_word' id='word_1_663' title='bbox 497 5212 617 5284; x_wconf 81' lang='lat' dir='ltr'>bus</span> <span class='ocrx_word' id='word_1_664' title='bbox 645 5213 733 5284; x_wconf 17' lang='lat' dir='ltr'>ita,</span> <span class='ocrx_word' id='word_1_665' title='bbox 755 5212 936 5268; x_wconf 86' lang='lat' dir='ltr'>habet</span> <span class='ocrx_word' id='word_1_666' title='bbox 965 5212 1234 5284; x_wconf 84' lang='lat' dir='ltr'>Xenoph.</span> <span class='ocrx_word' id='word_1_667' title='bbox 1271 5212 1485 5269; x_wconf 72' lang='lat' dir='ltr'>(Econ.</span> <span class='ocrx_word' id='word_1_668' title='bbox 1519 5229 1638 5278; x_wconf 79' lang='lat' dir='ltr'>Xix,</span> <span class='ocrx_word' id='word_1_669' title='bbox 1669 5215 1722 5278; x_wconf 93' lang='lat'>7,</span> <span class='ocrx_word' id='word_1_670' title='bbox 1747 5213 1805 5269; x_wconf 89' lang='lat'>9.</span> 
     </span>
    </p>
   </div>
   <div class='ocr_carea' id='block_1_98' title="bbox 573 5283 2142 5410">
    <p class='ocr_par' dir='ltr' id='par_1_98' title="bbox 573 5283 2142 5410">
     <span class='ocr_line' id='line_1_99' title="bbox 573 5283 2142 5358; baseline 0.003 -22"><span class='ocrx_word' id='word_1_671' title='bbox 573 5283 688 5354; x_wconf 87' lang='grc'>(31)</span> <span class='ocrx_word' id='word_1_672' title='bbox 717 5283 803 5338; x_wconf 84' lang='lat' dir='ltr'>Ita</span> <span class='ocrx_word' id='word_1_673' title='bbox 830 5283 1145 5355; x_wconf 23' lang='lat' dir='ltr'>Chrysost.’</span> <span class='ocrx_word' id='word_1_674' title='bbox 1163 5290 1304 5340; x_wconf 84' lang='lat' dir='ltr'>tom.</span> <span class='ocrx_word' id='word_1_675' title='bbox 1343 5283 1474 5348; x_wconf 84' lang='lat' dir='ltr'>VlII,</span> <span class='ocrx_word' id='word_1_676' title='bbox 1551 5326 1562 5337; x_wconf 91' lang='lat'>.</span> <span class='ocrx_word' id='word_1_677' title='bbox 1596 5289 1698 5340; x_wconf 80' lang='grc'>452</span> <span class='ocrx_word' id='word_1_678' title='bbox 1732 5284 1791 5338; x_wconf 92' lang='lat' dir='ltr'>C.</span> <span class='ocrx_word' id='word_1_679' title='bbox 1820 5284 2142 5358; x_wconf 64' lang='lat' dir='ltr'>&#39;I‘Iieophyl.</span> 
     </span>
     <span class='ocr_line' id='line_1_100' title="bbox 591 5301 2142 5410; baseline 0.001 -3"><span class='ocrx_word' id='word_1_680' title='bbox 591 5352 695 5408; x_wconf 85' lang='lat'>782</span> <span class='ocrx_word' id='word_1_681' title='bbox 724 5359 790 5409; x_wconf 84' lang='lat' dir='ltr'>A.</span> <span class='ocrx_word' id='word_1_682' title='bbox 847 5354 1022 5410; x_wconf 85' lang='lat' dir='ltr'>Cvril.</span> <span class='ocrx_word' id='word_1_683' title='bbox 1074 5361 1218 5410; x_wconf 91' lang='lat' dir='ltr'>tom.</span> <span class='ocrx_word' id='word_1_684' title='bbox 1249 5355 1343 5410; x_wconf 82' lang='grc' dir='ltr'>ιν.</span> <span class='ocrx_word' id='word_1_685' title='bbox 1375 5370 1435 5410; x_wconf 87' lang='lat' dir='ltr'>D.</span> <span class='ocrx_word' id='word_1_686' title='bbox 1489 5301 1591 5410; x_wconf 53' lang='grc' dir='ltr'>ὧν</span> <span class='ocrx_word' id='word_1_687' title='bbox 1644 5358 1711 5410; x_wconf 86' lang='grc' dir='ltr'>Μ.</span> <span class='ocrx_word' id='word_1_688' title='bbox 1746 5357 1847 5410; x_wconf 86' lang='lat' dir='ltr'>aui</span> <span class='ocrx_word' id='word_1_689' title='bbox 1891 5371 1997 5410; x_wconf 87' lang='lat' dir='ltr'>ner</span> <span class='ocrx_word' id='word_1_690' title='bbox 2025 5357 2142 5409; x_wconf 79' lang='grc' dir='ltr'>ἀνά-</span> 
     </span>
    </p>
   </div>
   <div class='ocr_carea' id='block_1_99' title="bbox 499 5352 2143 5437">
    <p class='ocr_par' dir='ltr' id='par_1_99' title="bbox 499 5352 2143 5437">
     <span class='ocr_line' id='line_1_101' title="bbox 499 5352 2143 5437; baseline 0 -28"><span class='ocrx_word' id='word_1_691' title='bbox 499 5352 695 5424; x_wconf 85' lang='lat' dir='ltr'>p.782</span> <span class='ocrx_word' id='word_1_692' title='bbox 724 5359 790 5437; x_wconf 46' lang='lat' dir='ltr'>A‘.</span> <span class='ocrx_word' id='word_1_693' title='bbox 847 5352 1218 5437; x_wconf 29' lang='lat' dir='ltr'>Qyniiltmtom.</span> <span class='ocrx_word' id='word_1_694' title='bbox 1249 5355 1343 5437; x_wconf 33' lang='lat' dir='ltr'>l‘V,</span> <span class='ocrx_word' id='word_1_695' title='bbox 1375 5370 1456 5437; x_wconf 77' lang='lat' dir='ltr'>p._</span> <span class='ocrx_word' id='word_1_696' title='bbox 1489 5352 1591 5410; x_wconf 80' lang='lat'>892</span> <span class='ocrx_word' id='word_1_697' title='bbox 1617 5358 1711 5437; x_wconf 41' lang='lat' dir='ltr'>.M_,</span> <span class='ocrx_word' id='word_1_698' title='bbox 1746 5357 1847 5428; x_wconf 87' lang='lat' dir='ltr'>qui</span> <span class='ocrx_word' id='word_1_699' title='bbox 1882 5352 1999 5437; x_wconf 71' lang='lat' dir='ltr'>per</span> <span class='ocrx_word' id='word_1_700' title='bbox 2025 5352 2143 5437; x_wconf 60' lang='grc' dir='ltr'>ἀνάέ</span> 
     </span>
    </p>
   </div>
   <div class='ocr_carea' id='block_1_100' title="bbox 498 5424 2144 5556">
    <p class='ocr_par' dir='ltr' id='par_1_100' title="bbox 498 5424 2144 5556">
     <span class='ocr_line' id='line_1_102' title="bbox 498 5424 2144 5510; baseline 0.002 -34"><span class='ocrx_word' id='word_1_701' title='bbox 498 5442 608 5510; x_wconf 61' lang='lat' dir='ltr'>rw</span> <span class='ocrx_word' id='word_1_702' title='bbox 638 5424 912 5496; x_wconf 80' lang='lat' dir='ltr'>explicat.</span> <span class='ocrx_word' id='word_1_703' title='bbox 945 5427 1154 5483; x_wconf 88' lang='lat' dir='ltr'>Nititur</span> <span class='ocrx_word' id='word_1_704' title='bbox 1187 5424 1396 5509; x_wconf 70' lang='lat' dir='ltr'>autem</span> <span class='ocrx_word' id='word_1_705' title='bbox 1440 5427 1569 5482; x_wconf 65' lang='lat' dir='ltr'>hEC</span> <span class='ocrx_word' id='word_1_706' title='bbox 1615 5424 2016 5508; x_wconf 71' lang='lat' dir='ltr'>interpretatio</span> <span class='ocrx_word' id='word_1_707' title='bbox 2054 5436 2144 5479; x_wconf 75' lang='grc' dir='ltr'>τοῦ</span> 
     </span>
     <span class='ocr_line' id='line_1_103' title="bbox 500 5496 2144 5556; baseline 0.002 -8"><span class='ocrx_word' id='word_1_708' title='bbox 500 5496 665 5554; x_wconf 68' lang='lat' dir='ltr'>iam</span> <span class='ocrx_word' id='word_1_709' title='bbox 692 5501 749 5550; x_wconf 90' lang='lat' dir='ltr'>et</span> <span class='ocrx_word' id='word_1_710' title='bbox 798 5496 1028 5556; x_wconf 70' lang='grc' dir='ltr'>ὑπάγητε</span> <span class='ocrx_word' id='word_1_711' title='bbox 1082 5513 1366 5556; x_wconf 79' lang='lat' dir='ltr'>proximis</span> <span class='ocrx_word' id='word_1_712' title='bbox 1420 5497 1746 5556; x_wconf 81' lang='lat' dir='ltr'>vocabulis.</span> <span class='ocrx_word' id='word_1_713' title='bbox 1812 5501 2009 5556; x_wconf 84' lang='grc' dir='ltr'>καρπὸν</span> <span class='ocrx_word' id='word_1_714' title='bbox 2063 5504 2144 5556; x_wconf 82' lang='grc' dir='ltr'>φέ-</span> 
     </span>
    </p>
   </div>
   <div class='ocr_carea' id='block_1_101' title="bbox 500 5513 2146 5647">
    <p class='ocr_par' dir='ltr' id='par_1_101' title="bbox 500 5513 2146 5647">
     <span class='ocr_line' id='line_1_104' title="bbox 500 5513 2144 5573; baseline -0.002 -19"><span class='ocrx_word' id='word_1_715' title='bbox 500 5513 665 5554; x_wconf 76' lang='grc' dir='ltr'>ευηκα</span> <span class='ocrx_word' id='word_1_716' title='bbox 692 5513 749 5550; x_wconf 76' lang='lat' dir='ltr'>et</span> <span class='ocrx_word' id='word_1_717' title='bbox 798 5514 1028 5568; x_wconf 72' lang='grc' dir='ltr'>υπαγητι</span> <span class='ocrx_word' id='word_1_718' title='bbox 1082 5513 1366 5569; x_wconf 81' lang='lat' dir='ltr'>proximis</span> <span class='ocrx_word' id='word_1_719' title='bbox 1420 5513 1746 5563; x_wconf 84' lang='lat' dir='ltr'>vocanuus,</span> <span class='ocrx_word' id='word_1_720' title='bbox 1812 5518 2009 5573; x_wconf 84' lang='grc' dir='ltr'>καρπον</span> <span class='ocrx_word' id='word_1_721' title='bbox 2063 5513 2144 5571; x_wconf 75' lang='grc' dir='ltr'>φε-</span> 
     </span>
     <span class='ocr_line' id='line_1_105' title="bbox 500 5566 2146 5647; baseline 0.004 -28"><span class='ocrx_word' id='word_1_722' title='bbox 500 5585 644 5647; x_wconf 81' lang='grc' dir='ltr'>ρητε.</span> <span class='ocrx_word' id='word_1_723' title='bbox 680 5566 1124 5647; x_wconf 38' lang='lat' dir='ltr'>Vereor-tamen</span> <span class='ocrx_word' id='word_1_724' title='bbox 1189 5569 1550 5647; x_wconf 79' lang='lat' dir='ltr'>ne__d_octior</span> <span class='ocrx_word' id='word_1_725' title='bbox 1610 5587 1795 5647; x_wconf 82' lang='lat' dir='ltr'>quam</span> <span class='ocrx_word' id='word_1_726' title='bbox 1829 5571 2146 5647; x_wconf 69' lang='lat' dir='ltr'>vei&#39;ior_§it</span> 
     </span>
    </p>
   </div>
   <div class='ocr_carea' id='block_1_102' title="bbox 508 5635 2146 5708">
    <p class='ocr_par' dir='ltr' id='par_1_102' title="bbox 508 5635 2146 5708">
     <span class='ocr_line' id='line_1_106' title="bbox 508 5635 2146 5708; baseline 0.001 -14"><span class='ocrx_word' id='word_1_727' title='bbox 508 5641 626 5705; x_wconf 75' lang='lat' dir='ltr'>haec</span> <span class='ocrx_word' id='word_1_728' title='bbox 661 5635 997 5708; x_wconf 84' lang='lat' dir='ltr'>explicatio.</span> <span class='ocrx_word' id='word_1_729' title='bbox 1031 5639 1423 5708; x_wconf 72' lang='lat' dir='ltr'>Evangelistse</span> <span class='ocrx_word' id='word_1_730' title='bbox 1448 5641 1603 5695; x_wconf 89' lang='lat' dir='ltr'>enim</span> <span class='ocrx_word' id='word_1_731' title='bbox 1629 5635 1794 5695; x_wconf 74' lang='lat' dir='ltr'>haud</span> <span class='ocrx_word' id='word_1_732' title='bbox 1823 5641 1972 5696; x_wconf 87' lang='lat' dir='ltr'>adeo</span> <span class='ocrx_word' id='word_1_733' title='bbox 2023 5641 2146 5696; x_wconf 89' lang='lat' dir='ltr'>dili-</span> 
     </span>
    </p>
   </div>
   <div class='ocr_carea' id='block_1_103' title="bbox 496 5708 2144 5786">
    <p class='ocr_par' dir='ltr' id='par_1_103' title="bbox 496 5708 2144 5786">
     <span class='ocr_line' id='line_1_107' title="bbox 496 5708 2144 5786; baseline 0.005 -22"><span class='ocrx_word' id='word_1_734' title='bbox 496 5716 704 5786; x_wconf 83' lang='lat' dir='ltr'>genter</span> <span class='ocrx_word' id='word_1_735' title='bbox 723 5708 1046 5773; x_wconf 83' lang='lat' dir='ltr'>observant</span> <span class='ocrx_word' id='word_1_736' title='bbox 1062 5709 1355 5776; x_wconf 83' lang='lat' dir='ltr'>vocabula</span> <span class='ocrx_word' id='word_1_737' title='bbox 1379 5711 1682 5769; x_wconf 80' lang='lat' dir='ltr'>translata.</span> <span class='ocrx_word' id='word_1_738' title='bbox 1697 5713 1842 5776; x_wconf 78' lang='lat' dir='ltr'>Sunt</span> <span class='ocrx_word' id='word_1_739' title='bbox 1858 5713 1974 5771; x_wconf 87' lang='lat' dir='ltr'>alia</span> <span class='ocrx_word' id='word_1_740' title='bbox 1991 5710 2144 5772; x_wconf 89' lang='lat' dir='ltr'>loca-</span> 
     </span>
    </p>
   </div>
   <div class='ocr_carea' id='block_1_104' title="bbox 2257 5056 3871 5138">
    <p class='ocr_par' dir='ltr' id='par_1_104' title="bbox 2257 5056 3871 5138">
     <span class='ocr_line' id='line_1_108' title="bbox 2257 5056 3871 5138; baseline -0.009 -10"><span class='ocrx_word' id='word_1_741' title='bbox 2257 5071 2356 5128; x_wconf 88' lang='lat' dir='ltr'>ubi</span> <span class='ocrx_word' id='word_1_742' title='bbox 2395 5085 2573 5126; x_wconf 90' lang='lat' dir='ltr'>nemo</span> <span class='ocrx_word' id='word_1_743' title='bbox 2616 5069 2814 5120; x_wconf 61' lang='grc' dir='ltr'>τιθέναι</span> <span class='ocrx_word' id='word_1_744' title='bbox 2867 5059 3509 5138; x_wconf 74' lang='lat' dir='ltr'>interpretabitur_mpt</span> <span class='ocrx_word' id='word_1_745' title='bbox 3548 5056 3871 5138; x_wconf 59' lang='grc' dir='ltr'>φυτεύσεξιις.</span> 
     </span>
    </p>
   </div>
   <div class='ocr_carea' id='block_1_105' title="bbox 2253 5131 3874 5204">
    <p class='ocr_par' dir='ltr' id='par_1_105' title="bbox 2253 5131 3874 5204">
     <span class='ocr_line' id='line_1_109' title="bbox 2253 5131 3874 5204; baseline -0.008 -5"><span class='ocrx_word' id='word_1_746' title='bbox 2253 5143 2398 5199; x_wconf 89' lang='lat' dir='ltr'>Vide</span> <span class='ocrx_word' id='word_1_747' title='bbox 2430 5141 2603 5196; x_wconf 81' lang='lat' dir='ltr'>Rom.</span> <span class='ocrx_word' id='word_1_748' title='bbox 2649 5156 2728 5202; x_wconf 88' lang='lat' dir='ltr'>iv,</span> <span class='ocrx_word' id='word_1_749' title='bbox 2755 5139 2839 5204; x_wconf 86' lang='lat' dir='ltr'>l7,</span> <span class='ocrx_word' id='word_1_750' title='bbox 2877 5131 3049 5191; x_wconf 70' lang='lat' dir='ltr'>Hebr.</span> <span class='ocrx_word' id='word_1_751' title='bbox 3087 5152 3123 5198; x_wconf 88' lang='grc' dir='ltr'>ι,</span> <span class='ocrx_word' id='word_1_752' title='bbox 3162 5138 3212 5188; x_wconf 80' lang='lat'>2.</span> <span class='ocrx_word' id='word_1_753' title='bbox 3243 5131 3483 5202; x_wconf 70' lang='grc' dir='ltr'>’Υπάγιιν</span> <span class='ocrx_word' id='word_1_754' title='bbox 3513 5136 3717 5204; x_wconf 76' lang='lat' dir='ltr'>autem</span> <span class='ocrx_word' id='word_1_755' title='bbox 3744 5131 3874 5186; x_wconf 87' lang='lat' dir='ltr'>sine</span> 
     </span>
    </p>
   </div>
   <div class='ocr_carea' id='block_1_106' title="bbox 2253 5200 3728 5284">
    <p class='ocr_par' dir='ltr' id='par_1_106' title="bbox 2253 5200 3728 5284">
     <span class='ocr_line' id='line_1_110' title="bbox 2253 5200 3728 5284; baseline -0.013 -14"><span class='ocrx_word' id='word_1_756' title='bbox 2253 5213 2523 5284; x_wconf 86' lang='lat' dir='ltr'>exemplo</span> <span class='ocrx_word' id='word_1_757' title='bbox 2551 5200 2876 5284; x_wconf 78' lang='lat' dir='ltr'>explicatur</span> <span class='ocrx_word' id='word_1_758' title='bbox 2905 5205 3241 5284; x_wconf 79' lang='grc' dir='ltr'>ἐκτείνεσθαι,</span> <span class='ocrx_word' id='word_1_759' title='bbox 3273 5200 3501 5276; x_wconf 36' lang='lat' dir='ltr'>iudica,</span> <span class='ocrx_word' id='word_1_760' title='bbox 3534 5200 3728 5263; x_wconf 72' lang='grc' dir='ltr'>αὔξειν,</span> 
     </span>
    </p>
   </div>
   <div class='ocr_carea' id='block_1_107' title="bbox 2325 5280 3074 5498">
    <p class='ocr_par' dir='ltr' id='par_1_107' title="bbox 2325 5280 3074 5498">
     <span class='ocr_line' id='line_1_111' title="bbox 2350 5280 3074 5355; baseline -0.01 -16"><span class='ocrx_word' id='word_1_761' title='bbox 2350 5280 2443 5355; x_wconf 66' lang='grc'>32)</span> <span class='ocrx_word' id='word_1_762' title='bbox 2479 5280 2708 5338; x_wconf 81' lang='lat' dir='ltr'>Inclusa</span> <span class='ocrx_word' id='word_1_763' title='bbox 2746 5280 2970 5336; x_wconf 91' lang='lat' dir='ltr'>absunt</span> <span class='ocrx_word' id='word_1_764' title='bbox 3007 5280 3074 5332; x_wconf 87' lang='lat' dir='ltr'>A.</span> 
     </span>
     <span class='ocr_line' id='line_1_112' title="bbox 2349 5351 2976 5418; baseline -0.014 -6"><span class='ocrx_word' id='word_1_765' title='bbox 2349 5360 2440 5418; x_wconf 89' lang='lat'>33)</span> <span class='ocrx_word' id='word_1_766' title='bbox 2475 5353 2709 5410; x_wconf 88' lang='lat' dir='ltr'>Inclusa</span> <span class='ocrx_word' id='word_1_767' title='bbox 2737 5351 2976 5406; x_wconf 87' lang='lat' dir='ltr'>absunt.</span> 
     </span>
     <span class='ocr_line' id='line_1_113' title="bbox 2325 5287 3074 5498; baseline -0.011 -15"><span class='ocrx_word' id='word_1_768' title='bbox 2325 5287 2440 5498; x_wconf 46' lang='grc' dir='ltr'>ἔξω</span> <span class='ocrx_word' id='word_1_769' title='bbox 2480 5425 2709 5498; x_wconf 79' lang='lat' dir='ltr'>Scilicet</span> <span class='ocrx_word' id='word_1_770' title='bbox 2731 5424 3030 5498; x_wconf 70' lang='lat' dir='ltr'>Chrysost.</span> <span class='ocrx_word' id='word_1_771' title='bbox 3061 5423 3074 5475; x_wconf 86' lang='lat' dir='ltr'>t</span> 
     </span>
    </p>
   </div>
   <div class='ocr_carea' id='block_1_108' title="bbox 2349 5351 2976 5418">
    <p class='ocr_par' dir='ltr' id='par_1_108' title="bbox 2349 5351 2976 5418">
     <span class='ocr_line' id='line_1_114' title="bbox 2349 5351 2976 5418; baseline -0.014 -6"><span class='ocrx_word' id='word_1_772' title='bbox 2349 5351 2440 5418; x_wconf 73' lang='lat'>33)</span> <span class='ocrx_word' id='word_1_773' title='bbox 2475 5353 2709 5410; x_wconf 89' lang='lat' dir='ltr'>Inclusa</span> <span class='ocrx_word' id='word_1_774' title='bbox 2737 5351 2976 5406; x_wconf 87' lang='lat' dir='ltr'>absunt.</span> 
     </span>
    </p>
   </div>
   <div class='ocr_carea' id='block_1_109' title="bbox 2351 5411 3876 5496">
    <p class='ocr_par' dir='ltr' id='par_1_109' title="bbox 2351 5411 3876 5496">
     <span class='ocr_line' id='line_1_115' title="bbox 2351 5411 3876 5496; baseline -0.005 -14"><span class='ocrx_word' id='word_1_775' title='bbox 2351 5411 2440 5493; x_wconf 66' lang='lat' dir='ltr'>si}</span> <span class='ocrx_word' id='word_1_776' title='bbox 2480 5425 2708 5496; x_wconf 74' lang='lat' dir='ltr'>Scilicet</span> <span class='ocrx_word' id='word_1_777' title='bbox 2731 5424 3030 5496; x_wconf 71' lang='lat' dir='ltr'>Chrysost.</span> <span class='ocrx_word' id='word_1_778' title='bbox 3061 5423 3208 5475; x_wconf 89' lang='lat' dir='ltr'>tom.</span> <span class='ocrx_word' id='word_1_779' title='bbox 3236 5415 3381 5496; x_wconf 77' lang='lat' dir='ltr'>vui,</span> <span class='ocrx_word' id='word_1_780' title='bbox 3413 5431 3475 5489; x_wconf 87' lang='lat' dir='ltr'>p.</span> <span class='ocrx_word' id='word_1_781' title='bbox 3507 5418 3611 5496; x_wconf 68' lang='lat' dir='ltr'>iss</span> <span class='ocrx_word' id='word_1_782' title='bbox 3638 5411 3715 5496; x_wconf 36' lang='grc' dir='ltr'>ρ..</span> <span class='ocrx_word' id='word_1_783' title='bbox 3752 5431 3876 5488; x_wconf 85' lang='lat' dir='ltr'>pro</span> 
     </span>
    </p>
   </div>
   <div class='ocr_carea' id='block_1_110' title="bbox 2254 5487 3879 5570">
    <p class='ocr_par' dir='ltr' id='par_1_110' title="bbox 2254 5487 3879 5570">
     <span class='ocr_line' id='line_1_116' title="bbox 2254 5487 3879 5570; baseline -0.002 -20"><span class='ocrx_word' id='word_1_784' title='bbox 2254 5487 2564 5570; x_wconf 68' lang='grc' dir='ltr'>ἐντέλλὸμαι,</span> <span class='ocrx_word' id='word_1_785' title='bbox 2625 5494 2798 5551; x_wconf 85' lang='lat' dir='ltr'>infert</span> <span class='ocrx_word' id='word_1_786' title='bbox 2844 5487 3135 5556; x_wconf 71' lang='grc' dir='ltr'>λελάληκα,</span> <span class='ocrx_word' id='word_1_787' title='bbox 3219 5505 3290 5546; x_wconf 93' lang='lat' dir='ltr'>ex</span> <span class='ocrx_word' id='word_1_788' title='bbox 3339 5487 3473 5546; x_wconf 80' lang='lat' dir='ltr'>loco</span> <span class='ocrx_word' id='word_1_789' title='bbox 3524 5487 3726 5553; x_wconf 90' lang='lat' dir='ltr'>simili,</span> <span class='ocrx_word' id='word_1_790' title='bbox 3760 5487 3769 5488; x_wconf 50' lang='grc'><strong>“</strong></span> <span class='ocrx_word' id='word_1_791' title='bbox 3805 5499 3879 5546; x_wconf 87' lang='lat' dir='ltr'>ut</span> 
     </span>
    </p>
   </div>
   <div class='ocr_carea' id='block_1_111' title="bbox 2255 5570 3036 5712">
    <p class='ocr_par' dir='ltr' id='par_1_111' title="bbox 2255 5570 3036 5712">
     <span class='ocr_line' id='line_1_117' title="bbox 2255 5570 2427 5628; baseline 0.006 -1"><span class='ocrx_word' id='word_1_792' title='bbox 2255 5570 2427 5628; x_wconf 90' lang='lat' dir='ltr'>solet.</span> 
     </span>
     <span class='ocr_line' id='line_1_118' title="bbox 2325 5637 3036 5712; baseline -0.011 -17"><span class='ocrx_word' id='word_1_793' title='bbox 2325 5640 2436 5712; x_wconf 83' lang='lat'>(35)</span> <span class='ocrx_word' id='word_1_794' title='bbox 2466 5637 2611 5712; x_wconf 70' lang='grc' dir='ltr'>Ὑπῤ,</span> <span class='ocrx_word' id='word_1_795' title='bbox 2645 5652 2751 5711; x_wconf 90' lang='lat' dir='ltr'>pro</span> <span class='ocrx_word' id='word_1_796' title='bbox 2779 5637 2944 5712; x_wconf 82' lang='grc' dir='ltr'>παρά,</span> <span class='ocrx_word' id='word_1_797' title='bbox 2968 5637 3036 5712; x_wconf 56' lang='grc'>,1.</span> 
     </span>
    </p>
   </div>
   <div class='ocr_carea' id='block_1_112' title="bbox 2325 5641 3376 5791">
    <p class='ocr_par' dir='ltr' id='par_1_112' title="bbox 2325 5641 3376 5791">
     <span class='ocr_line' id='line_1_119' title="bbox 2325 5641 3036 5712; baseline -0.01 -17"><span class='ocrx_word' id='word_1_798' title='bbox 2325 5641 2415 5711; x_wconf 83' lang='grc'>(35</span> <span class='ocrx_word' id='word_1_799' title='bbox 2466 5641 2611 5705; x_wconf 82' lang='grc' dir='ltr'>Ὑπὸ,</span> <span class='ocrx_word' id='word_1_800' title='bbox 2645 5652 2751 5711; x_wconf 90' lang='lat' dir='ltr'>pro</span> <span class='ocrx_word' id='word_1_801' title='bbox 2779 5641 2944 5712; x_wconf 79' lang='grc' dir='ltr'>παρά,</span> <span class='ocrx_word' id='word_1_802' title='bbox 2970 5641 3036 5690; x_wconf 82' lang='grc' dir='ltr'>Α.</span> 
     </span>
     <span class='ocr_line' id='line_1_120' title="bbox 2325 5641 3376 5791; baseline -0.011 -21"><span class='ocrx_word' id='word_1_803' title='bbox 2325 5641 2438 5791; x_wconf 56' lang='lat'>(36;</span> <span class='ocrx_word' id='word_1_804' title='bbox 2467 5710 2700 5768; x_wconf 87' lang='lat' dir='ltr'>Omisso</span> <span class='ocrx_word' id='word_1_805' title='bbox 2725 5711 2835 5780; x_wconf 79' lang='grc' dir='ltr'>καί,</span> <span class='ocrx_word' id='word_1_806' title='bbox 2865 5707 3081 5784; x_wconf 85' lang='lat' dir='ltr'>legitur</span> <span class='ocrx_word' id='word_1_807' title='bbox 3109 5706 3284 5768; x_wconf 82' lang='grc' dir='ltr'>ὁποῖος</span> <span class='ocrx_word' id='word_1_808' title='bbox 3315 5707 3376 5758; x_wconf 81' lang='grc' dir='ltr'>Δ.</span> 
     </span>
    </p>
   </div>
  </div>
