4130 6320
221 344 363 413 ειη

1218 340 1588 409 COMMENT.
1638 342 1709 407 IN
1745 342 2089 407 JOANNEM.
2129 382 2197 391 ——
2235 344 2395 406 CAP.
2450 340 2567 407 XV.

3446 342 3589 407 “48

222 486 323 555 μού
354 480 489 535 ἐστε.
523 477 824 551 Εὑψυχεῖτε
853 474 940 531 οὖν
965 478 1033 532 τὰ
1060 479 1216 551 ὅμοια
1243 486 1315 550 τῷ
1346 474 1656 549 διδασκάλῳ
1676 479 1823 530 πάσ-

1950 482 2037 547 ast,
2073 480 2137 531 ut
2162 475 2211 531 si
2243 474 2365 547 (qq)
2397 474 2512 530 mei
2540 472 2681 531 estis
2709 471 3004 548 discipuli,
3026 472 3200 533 bono
3222 475 3350 533 sitis
3377 466 3586 535 animo

221 589 408 643 χοντες
437 575 525 621 καὶ
546 571 660 622 κατ’
690 573 842 641 ἴχνος
865 568 1261 630 ἀκολουθοῦντες
1289 588 1398 640 μοι.

300 749 359 800 Εἰ
411 780 479 788 -
538 752 857 820 τηρήσουσι.
926 752 1066 805 Μήτε
1133 744 1439 818 διωκόμενοι
1498 742 1820 816 δυσφορείτε,

224 842 357 910 μήτε
406 845 497 888 τοῦ
552 837 707 909 λόγου
761 839 902 909 ὑμῶν
956 835 1316 907 ἀθετουμένου.
1371 835 1433 887 "A
1480 836 1581 907 γὰρ
1625 833 1697 894 εἰς
1740 832 1825 903 ἐμὲ

224 924 556 988 ἐνεδείξαντο,
634 934 803 977 ταῦτα
870 930 959 976 καὶ
1030 925 1097 985 εἰς
1162 927 1291 997 ὑμᾶς
1348 921 1680 985 ἐνδείξονται,
1732 926 1823 972 καὶ

223 1017 481 1088 Ἀρκετὸν,
515 1020 665 1087 φησὶ,
705 1024 776 1085 τῷ
835 1011 1024 1085 δούλῳ,
1076 1015 1157 1065 ἱνα
1202 1019 1412 1085 ’γένηται
1463 1016 1529 1074 ὡς
1569 1015 1594 1064 ό
1651 1014 1826 1083 κύριος

224 1103 405 1157 αὑτοῦ.

296 1191 449 1244 Ἀλλὰ
478 1224 546 1231 —
584 1212 705 1263 μου.
728 1200 906 1245 Ταῦτα
936 1195 1123 1257 πάντα,
1157 1188 1429 1252 διώκοντες
1470 1187 1701 1256 δηλαδὴ,
1734 1196 1823 1243 καὶ

223 1284 309 1332 τὸν
354 1280 502 1352 λόγον
546 1284 686 1353 ὑμῶν
725 1286 796 1354 μὴ
846 1290 1139 1355 τηροῦντες.
1198 1281 1257 1333 Ei
1313 1281 1400 1332 οὖν
1458 1279 1692 1351 ἀγαπᾶτέ
1737 1300 1819 1353 με,

223 1375 487 1443 χαρήσετε
521 1374 745 1436 πάντως,
799 1373 879 1423 ὅτι
938 1369 1010 1423 δι’
1068 1370 1153 1442 ἐμὲ
1209 1377 1373 1422 ταῦτα
1416 1372 1674 1439 πάσχετε,
1716 1368 1822 1422 ἐπεὶ

223 1456 369 1529 κάγὼ
398 1455 471 1510 δι’
522 1460 658 1530 ὑμᾶς
690 1476 703 1488 '
744 1465 834 1511 καὶ
881 1461 1027 1532 ὑμεῖς
1074 1463 1162 1531 μὲν
1211 1462 1335 1533 ὑπὲρ
1384 1461 1663 1524 Δεσπότόυ,
1723 1457 1821 1529 ἐγὼ

226 1542 284 1598 δὲ
314 1548 438 1621 ὑπὲρ
472 1543 689 1604 δούλων.
724 1547 851 1601 Εἶτα
878 1550 1059 1605 τίθησι
1088 1553 1177 1599 καὶ
1203 1548 1360 1605 ἄλλην
1390 1550 1747 1621 παραμυθίαν.

1934 565 2011 621 ad
2044 564 2265 621 similia
2292 579 2429 619 cum
2481 566 2842 636 praeceptore
2870 563 3231 633 suﬂ‘erenda,
3260 568 3322 623 et
3357 580 3460 639 per
3482 580 3588 624 vo-

1936 654 2108 725 stigia
2132 670 2229 709 me
2260 653 2657 724 sequendum.

2005 743 2174 800 Vers.
2208 746 2295 798 20.
2324 742 2388 797 Si
2414 773 2479 782 —
2507 742 2851 801 servabunt.
2905 745 3111 817 Neque
3153 744 3410 816 graviter
3435 745 3588 803 fera-

1934 833 2024 901 tis,
2057 831 2221 903 quod
2249 847 2359 886 vos
2391 836 2848 903 persequantur,
2875 837 2977 888 aut
3006 833 3173 905 quod
3191 839 3415 890 vestros
3446 850 3586 890 con-

1934 926 2197 977 temnant
2228 936 2536 976 sermones
2565 942 2577 973 ς
2608 936 2746 992 quas
2767 921 2927 977 enim
2964 922 3025 978 in
3047 939 3144 978 me
3174 923 3583 989 ostenderunt,

1934 1010 2061 1065 haec
2079 1010 2255 1065 etiam
2271 1009 2332 1064 in
2346 1026 2453 1064 vos
2472 1010 2817 1066 ostendent:
2837 1016 2892 1067 et
2912 1012 3157 1083 sufﬁcit,
3179 1012 3386 1084 inquit,
3402 1028 3581 1079 servo,

1933 1104 1998 1155 ut
2013 1102 2087 1156 sit
2106 1101 2254 1155 sicut
2281 1100 2549 1155 dominus
2573 1102 2700 1169 ejus
2721 1102 2766 1154 ⁸.

2002 1190 2165 1245 Vers.
2198 1194 2287 1244 2t.
2320 1189 2525 1244 Sed—
2561 1204 2768 1246 meum.
2822 1191 2955 1247 Hinc
3012 1191 3233 1257 omnia,
3266 1196 3413 1264 puta
3458 1206 3588 1265 per-

1932 1284 2266 1351 sequentes,
2300 1283 2356 1333 et
2385 1294 2724 1334 sermonem
2752 1283 3015 1336 vestrum
3070 1295 3194 1336 non
3258 1286 3587 1339 servantes.

1934 1367 1992 1424 Si
2013 1383 2155 1437 ergo
2184 1367 2422 1437 diligitis
2451 1383 2555 1435 me,
2588 1367 2928 1437 gaudebitis
2958 1368 3230 1439 omnino,
3268 1371 3415 1443 quia
3459 1371 3586 1429 haec

1930 1461 2173 1529 propter
2198 1472 2293 1511 me
2334 1455 2627 1527 patimini,
2658 1456 2802 1528 quia
2844 1461 2901 1513 et
2929 1473 3041 1528 ego
3089 1465 3330 1530 propter
3354 1475 3457 1516 vo
3478 1476 3498 1517 :
3529 1463 3588 1517 et

1929 1560 2037 1600 vos
2078 1545 2320 1616 quidem
2369 1560 2481 1616 pro
2545 1544 2819 1616 Domino,
2869 1560 2982 1615 ego
3035 1562 3177 1603 vero
3217 1563 3329 1621 pro
3377 1548 3586 1607 servis.

1933 1633 2147 1688 Deinde
2177 1633 2344 1705 ponit
2360 1639 2414 1688 et
2435 1632 2614 1689 aliam
2645 1633 3139 1691 consolationem.

292 1721 413 1774 ⁴Ὀτι
440 1755 505 1763 -
535 1744 620 1796 με.
648 1723 770 1777 Ὀτι
801 1725 1045 1777 ἀθετοῦσι
1074 1726 1159 1775 τὸν
1192 1722 1568 1775 ἀποστείλαντά
1597 1744 1677 1797 με,
1704 1744 1820 1777 του-

2001 1721 2168 1777 Vers.
2199 1725 2287 1776 2t.
2324 1723 2474 1787 Quia
2522 1752 2589 1763 ——
2629 1737 2737 1778 me.
2795 1723 2946 1788 Quia
2997 1728 3391 1782 contemnunt
3443 1741 3585 1797 eum

223 1814 393 1862 τέστιν
420 1811 697 1886 ὑϐρίζουσι
718 1818 805 1864 καὶ
852 1817 938 1865 τόν
974 1817 1198 1883 Πατέρα.
1234 1816 1427 1864 Λοιπὸν
1464 1818 1635 1864 τοίνυν
1668 1812 1818 1885 ἀγαλ-

223 1898 405 1951 λιᾶσθε
434 1900 764 1973 ὑϐριζόμενοι
789 1903 900 1972 μεθ’
932 1905 1097 1972 ἡμῶν.
1138 1899 1356 1953 Ἔπειτα
1394 1900 1671 1975 ἀποστερεῖ
1708 1906 1824 1963 τοὺς

226 1984 511 2050 Ἰουδαίους
568 1988 781 2050 ἁπάσης
839 1996 1152 2062 συγγνώμης
1220 1989 1665 2057 ἐθελοκακοῦντας,
1734 1996 1824 2043 καὶ

224 2085 442 2129 τοιαῦτα
472 2075 506 2131 δ
512 2084 967 2151 ιαπραττομένους.

294 2256 354 2308 Εἰ
383 2288 448 2297 -—
494 2257 681 2311 αὐτῶν.
730 2257 790 2308 Εἰ
833 2261 904 2328 μὴ
958 2254 1181 2319 ἐδίδαξα
1224 2257 1413 2317 αὑτοὺς
1443 2256 1701 2331 ἁμαρτίαν
1731 2258 1824 2310 οὑκ

224 2344 388 2416 εἶχον,
446 2342 714 2405 διώκοντες
741 2350 831 2397 καὶ
871 2344 1165 2417 ὑϐρίζοντες
1196 2345 1281 2417 ἐμέ
1324 2366 1377 2398 τε
1406 2352 1491 2398 καὶ
1525 2349 1655 2418 ὑμᾶς
1702 2354 1827 2411 τοὺς

224 2433 399 2506 ἐμοὺς,
426 2437 490 2494 ὡς
522 2440 653 2506 μήτε
682 2441 757 2495 τίς
788 2434 893 2505 ἐίμι
920 2434 1151 2506 λέγοντα,
1185 2441 1317 2507 μήτε
1348 2433 1448 2487 ἀπὸ
1480 2444 1578 2487 τῶν
1612 2442 1823 2511 Γραφῶν

223 2530 375 2575 τοῦτο
404 2520 724 2576 δεικνύοντα.

294 2699 352 2752 Ὀ
413 2730 479 2740 -
530 2707 693 2771 μισεῖ.
758 2702 1033 2772 Σαφηνίζει
1083 2705 1173 2752 καὶ
1231 2700 1374 2762 αὔξει
1423 2705 1515 2758 τὴν
1568 2700 1825 2777 ἁμαρτίαν

227 2790 414 2859 αὐτῶν,
447 2788 605 2859 λέγων
655 2791 733 2841 ὅτι
770 2795 858 2841 καὶ
910 2792 939 2847 ἡ
976 2798 1066 2840 τοῦ
1110 2791 1233 2840 Υίοῦ
1283 2788 1446 2863 ὕϐρις,
1497 2797 1589 2841 τοῦ
1628 2796 1826 2864 Πατρός

226 2876 363 2929 ἐστιν
402 2876 570 2948 ὕϐρις.
624 2878 789 2929 Εἰπὼν
836 2875 894 2929 δὲ
940 2883 1057 2951 περὶ
1099 2886 1192 2939 τῆς
1245 2876 1594 2939 διδασκαλίας
1643 2880 1820 2949 αὑτοῦ,

226 2966 358 3036 λέγει
379 2970 467 3016 καὶ
497 2972 611 3038 περὶ
644 2975 743 3016 τῶν
778 2971 1008 3037 σημείων
1041 2968 1220 3021 αὑτοῦ.

1932 1811 2030 1882 qui
2056 1826 2151 1865 me
2180 1809 2550 1879 amandavit,
2577 1810 2692 1867 hoc
2714 1816 2824 1879 est,
2847 1811 3082 1868 Patrem
3104 1828 3349 1886 quoque
3378 1820 3587 1871 contu-

1934 1899 2111 1955 melia
2140 1899 2426 1954 afﬁciunt.
2470 1900 2729 1956 Gaudete
2760 1901 2959 1973 itaque
3017 1902 3333 1959 nobiscum
3392 1903 3586 1961 affecti

1933 1988 2308 2043 contumelia.
2344 1988 2483 2043 Post
2517 1989 2645 2044 haec
2687 1989 2922 2045 Iudaeos
2955 1991 3117 2047 omni
3155 1991 3351 2062 privat
3386 1993 3584 2059 venia,

1933 2077 2098 2149 quod
2128 2077 2203 2131 de
2233 2076 2525 2133 industria
2554 2092 2871 2150 perperam
2902 2079 3130 2151 operati
3152 2080 3286 2147 sint,
3330 2079 3587 2154 taliaque

1932 2167 2419 2238 perpetraverint.

2003 2255 2163 2310 Vers.
2196 2259 2283 2309 22.
2317 2254 2379 2310 Si
2407 2287 2472 2298 -
2501 2272 2625 2313 suo.
2660 2256 2717 2313 Si
2754 2272 2877 2313 non
2907 2256 3253 2315 docuissem
3278 2273 3405 2324 eos,
3437 2273 3587 2331 pec-

1934 2348 2131 2399 catum
2165 2359 2282 2399 non
2312 2344 2603 2400 haberent
2646 2346 3065 2417 persequendo
3113 2363 3184 2402 ac
3222 2346 3589 2406 contumelia

1934 2432 2248 2488 aﬂiciendo
2305 2436 2362 2488 et
2405 2448 2501 2488 me
2549 2439 2605 2488 et
2659 2449 2785 2500 vos,
2839 2434 2944 2505 qui
2993 2435 3111 2490 mei
3176 2435 3335 2503 estis,
3382 2440 3586 2508 utpote

1934 2537 2055 2577 non
2094 2520 2388 2576 dicentem
2445 2523 2579 2592 quis
2624 2536 2840 2591 essem,
2896 2537 3006 2578 nec
3072 2521 3136 2577 id
3185 2538 3222 2580 a
3277 2524 3587 2597 Scripturis

1934 2609 2364 2665 ostendentem.

2005 2697 2170 2753 Vers.
2189 2698 2276 2753 23.
2310 2700 2423 2765 Qui
2445 2729 2514 2739 —
2542 2698 2689 2754 odit.
2734 2697 3027 2770 Explanat
3052 2702 3110 2755 et
3157 2704 3334 2770 auget
3377 2716 3590 2772 pecca-

1936 2791 2063 2845 tum
2092 2787 2318 2842 illorum
2354 2787 2577 2853 dicens,
2605 2788 2770 2859 quod
2828 2788 2951 2844 Filii
2990 2789 3229 2859 injuria,
3274 2790 3462 2846 Patris
3499 2796 3588 2849 est

1934 2878 2175 2948 injuria.
2207 2878 2528 2949 Postquam
2560 2882 2761 2933 autem
2787 2876 2936 2935 dixit
2957 2880 3029 2934 de
3051 2878 3323 2936 doctrina
3344 2896 3472 2948 sua,
3507 2881 3587 2938 di-

1936 2967 2011 3024 cit
2040 2967 2215 3023 etiam
2244 2968 2315 3022 de
2347 2967 2535 3036 signis
2575 2967 2717 3022 suis.

298 3054 357 3106 Ei
407 3085 475 3092 —
525 3052 688 3124 εἶχον.
740 3060 840 3107 Καὶ
893 3059 1049 3117 ὅντως
1106 3054 1254 3107 αὐτοὶ
1304 3059 1495 3108 τούτων
1551 3060 1821 3130 μάρτυρες,

2007 3058 2171 3112 Vers.
2206 3056 2294 3111 24.
2346 3025 2435 3111 διν
2463 3086 2534 3097 -—
2592 3056 2897 3112 haberent.
2951 3058 3017 3112 Et
3066 3072 3201 3113 vere
3250 3057 3365 3129 ipsi
3410 3063 3590 3115 testes

225 3144 454 3214 λέγοντες
496 3144 575 3194 ὅτι
608 3140 872 3195 Οὐδέποτε
898 3144 1061 3206 οὑτως
1086 3146 1242 3216 ἐφάνη
1290 3144 1338 3197 ἐν
1369 3154 1439 3217 τῷ
1473 3147 1703 3221 Ἰσραὴλ,
1737 3153 1825 3200 καὶ

226 3235 373 3304 ἔτερα
392 3240 626 3285 τοιαῦτα.

296 3328 403 3374 Νῦν
432 3353 500 3360 —
521 3321 801 3393 ἑωράκασι.
834 3325 910 3373 Τὰ
940 3330 1155 3373 τοιαῦτα
1183 3324 1322 3396 ἔργα,

300 3416 399 3462 Καὶ
440 3441 504 3451 --
536 3430 655 3481 μου.
700 3410 960 3484 Ἀνωτέρω
1009 3414 1108 3483 γὰρ
1156 3408 1311 3478 εἶπεν,
1370 3414 1448 3464 ὅτι
1494 3412 1552 3463 Ὀ
1583 3412 1668 3485 ἐμὲ
1712 3414 1824 3484 (37)

224 3508 392 3572 μισῶν
424 3499 535 3567 (38)
579 3504 666 3550 καὶ
710 3502 796 3550 τόν
844 3503 1051 3571 Πατέρα
1093 3520 1190 3571 μου
1240 3508 1401 3572 μισεῖ.
1454 3507 1552 3554 Καὶ
1593 3501 1825 3573 ἀλλαχοῦ

225 3588 376 3640 πάλιν
412 3607 424 3619 ·
456 3586 514 3638 Ὀ
540 3592 609 3658 μὴ
644 3596 805 3659 τιμῶν
837 3591 923 3640 τόν
952 3589 1089 3651 Υἰον,
1124 3590 1181 3641 οὑ
1220 3596 1348 3662 τιμᾷ
1378 3594 1464 3643 τὸν
1508 3595 1711 3665 Πατέρα
1737 3596 1824 3643 τόν

224 3675 503 3746 πέμψαντα
534 3676 706 3730 αὐτόν.

294 3763 435 3815 Ἀλλ’
491 3795 557 3804 —
615 3761 833 3837 δωρεάν.
879 3764 1155 3819 Κάνταῦθα
1202 3770 1260 3819 τὸ
1307 3766 1417 3820 Ἵνα
1463 3768 1555 3820 οὑκ
1608 3769 1825 3822 αἰτιολο-

224 3855 393 3924 γικὸν,
456 3851 582 3903 ἀλλὰ
641 3850 951 3918 δηλωτικὸν,
1008 3862 1098 3906 τοῦ
1171 3855 1454 3927 μέλλοντος,
1510 3860 1590 3909 ὅτι
1658 3858 1827 3929 μέλλει

229 3941 564 4013 πληρωθῆναι
608 3943 632 3992 ό
686 3942 837 4014 λόγος
894 3939 1058 4004 οὗτος.
1106 3950 1278 4016 Νόμον
1332 3942 1391 3998 δὲ
1437 3946 1572 4016 λέγει
1610 3952 1703 4005 τὴν
1745 3946 1827 4018 βί-

229 4029 344 4081 ϐλον
383 4038 480 4081 τῶν
532 4031 753 4103 Ψαλμῶν
811 4033 859 4082 ἐν
1003 4035 1311 4107 ’γέ-γραπται,
1369 4035 1444 4085 ὄτι
1498 4040 1598 4087 Καὶ
1659 4035 1827 4106 λόγοις

228 4124 413 4191 μίσους
478 4117 771 4170 ἐκύκλωσαν
828 4139 909 4191 με,
969 4125 1058 4172 καὶ
1113 4120 1432 4194 ἐπολέμησαν
1494 4142 1557 4194 με
1606 4120 1825 4196 δωρεάν,

228 4208 518 4278 Ἐμίσησαν
577 4203 663 4258 οὖν
722 4208 875 4259 αὑτὸν
935 4204 1152 4281 δωρεὰν,
1208 4214 1325 4267 ἤτοι
1377 4213 1566 4282 μάτην,
1621 4210 1828 4265 amm-

225 4315 326 4367 γως
351 4294 485 4365 (39),
519 4292 609 4347 διὰ
637 4301 728 4353 τὴν
763 4301 1012 4369 πονηρίαν
1035 4298 1221 4353 αὐτῶν.

297 4382 405 4436 Ἵνα
437 4381 494 4435 δὲ
540 4390 611 4456 μὴ
662 4388 874 4438 εἷπωσιν
923 4389 970 4438 oi
1016 4387 1334 4439 ἀπόστολοι·
1389 4388 1449 4441 Εἰ
1500 4392 1556 4441 σὲ
1608 4387 1825 4452 ἐδίωξαν

226 4476 315 4522 καὶ
356 4476 440 4523 τὸν
490 4473 639 4544 λόγον
694 4494 788 4525 σου
837 4474 929 4526 οὑκ
989 4474 1267 4549 ἐτήρησαν,
1311 4477 1353 4528 εἰ
1402 4485 1618 4528 τοιαῦτα
1662 4474 1825 4529 διδα-

226 4562 441 4632 χθέντες
479 4568 568 4614 καὶ
610 4571 830 4615 τοιαῦτα
859 4564 1137 4638 ἑωρακότες
1168 4562 1319 4617 οὐδὲν
1361 4565 1647 4636 ἀπώναντο,
1697 4566 1739 4618 εἰ
1770 4569 1827 4618 σὲ

226 4654 315 4701 καὶ
366 4653 453 4701 τὸν
508 4655 714 4724 Πατέρα
776 4672 869 4705 σου
929 4658 1272 4726 μεμισήκασι,
1327 4655 1571 4727 μέλλουσι
1622 4652 1680 4707 δὲ
1734 4660 1823 4707 καὶ

230 4738 301 4801 εἰς
366 4742 499 4811 ἡμᾶς
576 4743 643 4792 τὰ
698 4743 853 4814 ὃμοια
923 4740 1272 4809 ἐνδείξασθαι,
1337 4749 1469 4805 τίνος
1532 4747 1689 4797 ἕνεκεν
1759 4746 1825 4805 είς

227 4830 495 4891 τοιούτους
574 4828 903 4892 ἀποστέλλεις
996 4834 1192 4903 auat;
1274 4835 1489 4905 Ἐπάγει
1581 4852 1825 4905 παραμυ-

304 5016 324 5050 ⁸
354 5008 549 5072 Matth.
574 5023 631 5076 Χ,
667 5009 757 5065 “25.
868 5012 889 5044 '
921 5009 1119 5067 Matth.
1149 5026 1221 5079 ix,
1249 5015 1337 5068 33.

1452 5012 1499 5048 ¹⁰
1527 5012 1697 5069 Joan.
1717 5029 1810 5069 xv.
1839 5012 1928 5070 23.

1936 3151 2103 3202 erant
2128 3145 2395 3201 dicentes
2418 3160 2434 3199 :
2456 3145 2779 3217 Nunquam
2800 3144 3082 3214 apparuit
3125 3145 3208 3202 sic
3231 3145 3292 3200 in
3323 3146 3514 3203 Israel
3539 3147 3585 3212 ’,

1934 3234 2170 3306 aliaque
2194 3234 2428 3289 similia.

2004 3326 2165 3379 Vers.
2194 3326 2281 3377 24.
2313 3323 2487 3377 Nunc
2519 3352 2589 3363 —
2634 3323 2930 3378 viderunt.
2976 3321 3330 3393 Hujusmodi
3379 3338 3585 3395 opera.

2002 3412 2164 3466 Vers.
2197 3413 2284 3465 24.
2316 3412 2391 3465 Et
2423 3441 2472 3451 —
2522 3426 2735 3466 meum.
2762 3408 3046 3481 Superius
3089 3426 3353 3481 namque
3397 3410 3582 3467 dixit:

1934 3499 2043 3566 Qui
2066 3515 2156 3556 me
2185 3500 2328 3563 odit,
2355 3498 2405 3553 is
2431 3505 2484 3554 et
2516 3500 2755 3554 Patrem
2793 3513 2979 3553 meum
3024 3498 3148 3553 odit
3208 3500 3276 3553 ¹⁰.
3339 3501 3405 3555 Et
3456 3515 3585 3555 rur-

1934 3604 2067 3643 sum
2097 3586 2241 3642 alibi
2269 3606 2282 3646 :
2320 3587 2429 3651 Qui
2456 3602 2575 3643 non
2605 3587 2859 3643 honorat
2892 3586 3132 3652 Filium,
3170 3603 3292 3643 non
3335 3588 3588 3646 honorat

1934 3678 2183 3741 Patrem,
2214 3677 2321 3747 qui
2346 3674 2502 3731 misit
2530 3676 2702 3730 illum
2731 3676 2800 3730 ιι.

2003 3768 2165 3821 Vers.
2190 3766 2277 3819 25.
2337 3763 2450 3821 Sed
2490 3793 2556 3803 —
2608 3763 2811 3833 gratis.
2864 3764 3050 3819 Etiam
3110 3764 3205 3820 hic
3265 3765 3442 3823 dictio
3497 3771 3583 3832 ut,

1934 3872 2054 3911 non
2107 3860 2195 3909 est
2250 3852 2526 3917 causalis,
2554 3853 2656 3907 sed
2710 3852 2888 3907 futuri
2950 3853 3361 3925 significativa,
3421 3856 3588 3927 quod

1934 3944 2200 4000 futurum
2231 3944 2324 4007 sit,
2358 3945 2424 3997 ut
2441 3941 2537 3996 hic
2559 3957 2757 3997 sermo
2783 3941 3175 4013 compleatur.
3208 3943 3423 4013 Legem
3447 3959 3587 4000 vero

1934 4033 2073 4088 dicit
2106 4032 2320 4087 librum
2352 4029 2764 4094 Psalmorum,
2795 4029 2857 4084 in
2887 4045 3010 4102 quo
3041 4030 3330 4102 scriptum
3356 4036 3444 4087 est
3469 4049 3482 4086 ε
3509 4032 3587 4087 Et

1932 4120 2298 4178 sermonibus
2329 4119 2450 4175 odii
2474 4119 2991 4175 circumdederunt
3018 4134 3108 4175 me
3132 4127 3183 4175 et
3211 4134 3591 4190 oppugnave-

1934 4217 2078 4266 runt
2115 4225 2203 4265 me
2227 4209 2413 4280 gratis
2443 4210 2512 4261 ¹².
2564 4208 2826 4264 Oderunt
2851 4222 2992 4277 ergo
3036 4207 3201 4263 illum
3252 4208 3438 4277 gratis
3465 4208 3589 4266 sive

1859 4283 1903 4337 θ
1936 4300 2177 4365 frustra,
2206 4298 2435 4368 absque
2457 4296 2708 4360 ratione,
2763 4301 3005 4368 propter
3055 4313 3222 4351 suam
3271 4297 3587 4355 malitiam.

2009 4390 2088 4442 Ne
2115 4392 2313 4441 autem
2340 4385 2542 4440 dicant
2569 4384 2817 4455 apostoli
2849 4401 2861 4439 :
2890 4385 2947 4439 Si
3008 4388 3058 4438 te
3086 4386 3376 4455 persecuti
3426 4390 3583 4452 sunt,

1937 4481 1994 4532 et
2048 4490 2383 4530 sermonem
2442 4480 2612 4527 tuum
2661 4486 2784 4527 non
2838 4477 3226 4528 servaverunt
3287 4489 3301 4537 ;
3354 4473 3402 4527 si
3458 4489 3589 4528 cum

1937 4565 2079 4622 talia
2134 4563 2326 4618 edocti
2382 4567 2539 4627 sunt,
2594 4561 2854 4632 taliaque
2917 4560 3212 4625 viderunt,
3274 4560 3420 4616 nihil
3476 4561 3590 4616 illis

1935 4654 2149 4728 profuit
2203 4653 2299 4719 ;si
2348 4659 2401 4707 te
2457 4656 2514 4707 et
2560 4651 2790 4705 Patrem
2845 4654 3012 4705 tuum
3066 4650 3338 4716 oderunt,
3374 4650 3593 4708 similia

1933 4758 2175 4816 quoque
2198 4740 2523 4795 adversum
2541 4753 2651 4793 nos
2672 4737 3184 4805 demonstrabunt,
3203 4753 3389 4810 quam
3412 4739 3594 4809 igitur

1934 4832 2014 4890 ob
2052 4845 2301 4886 causam
2333 4828 2410 4884 ad
2446 4826 2594 4884 tales
2650 4840 2762 4882 nos
2814 4826 3046 4883 mittis?
3101 4825 3330 4884 inducit
3377 4841 3594 4884 conso-

2060 5012 2101 5047 ¹¹
2127 5009 2297 5065 Joan.
2332 5025 2385 5075 ν,
2416 5011 2505 5063 23.
2622 5006 2685 5060 £2
2728 5004 2878 5061 Psal.
2913 5021 3062 5073 cvm,
3092 5008 3147 5061 2.

1439 5163 1662 5234 Variae
1709 5164 2037 5235 lectiones
2079 5172 2144 5230 et
2182 5170 2385 5229 notae.

325 5337 414 5405 37)
454 5342 643 5389 Μισῶν
666 5330 773 5404 ἐμέ.
810 5339 872 5388 Α.

301 5337 415 5481 ἓ38)
447 5408 547 5463 Hic
573 5406 739 5462 addit
763 5405 872 5462 cod

2016 5333 2128 5405 (39)
2163 5330 2486 5405 Hentenius
2526 5329 2770 5405 fortasse
2825 5327 3044 5405 reperit
3099 5346 3215 5380 ανευ
3261 5326 3439 5403 λόγου,
3476 5328 3601 5389 Sed

326 5399 415 5464 38⁷)
447 5408 547 5463 Hic
573 5399 739 5462 addit
763 5405 972 5471 codex,
996 5408 1062 5460 Α.
1086 5413 1253 5476 μισεῖ.
1278 5405 1463 5464 Paulo
1487 5410 1616 5479 post
1641 5411 1824 5464 autem

1950 5399 2061 5462 hoc
2087 5399 2331 5477 quoque
2361 5403 2616 5475 probum
2645 5401 2685 5457 i.
2710 5416 2762 5457 e.
2786 5401 2879 5453 οὑκ
2895 5399 3147 5472 εὐλόγως.

229 5480 351 5539 Omi
362 5480 469 5536 itit.

306 5656 425 5729 (qq)
473 5655 545 5714 Ut
573 5688 639 5696 —
677 5656 746 5711 si.
778 5654 1108 5727 Siquidem.

556 5757 787 5812 PATROL.
830 5755 934 5811 Gn.
971 5753 1213 5812 CXXIX.
