4130 6320
574 340 713 405 ιιιθ

1899 338 2077 403 EUTH
2089 339 2240 401 YMII
2282 334 2609 403 ZIGABENI

3838 340 3999 401 ius

570 470 880 541 tationem,
907 468 1130 538 dicens,
1158 468 1325 542 quod
1355 469 1605 542 Spiritus
1646 474 1889 531 sanctus
1947 484 2229 542 coopera-

2347 470 2509 531 θίαν,ι
2544 467 2703 539 λέγων
2759 468 2842 522 ὅτι
2902 470 2963 523 τὸ
3014 474 3228 539 Πνεῦμα
3293 470 3353 523 τό
3418 467 3572 541 ἅγιον
3648 488 3997 543 erumnas:

570 560 735 621 bitur
759 558 893 619 illis.

1005 645 1157 704 CAP.
1190 647 1348 702 XVII.
1378 648 1465 704 De
1489 648 1825 706 Paracleto.

572 792 575 795 .
645 737 813 796 Vers.
835 740 924 794 26.
951 736 1185 792 Cum—
1214 752 1324 792 me.
1373 737 1452 793 De
1509 753 1643 794 mea
1692 737 2021 795 divinitate.
2080 739 2228 793 Nam

573 842 713 885 eum
736 827 907 883 Pater
926 823 1318 883 multifariam
1336 826 1740 883 testimonium
1765 825 2126 897 perhibuerit
2154 826 2228 882 de

573 914 942 989 _me,Spiritus
955 918 1197 971 sanctus
1212 930 1453 985 quoque
1466 914 1830 970 multifariam
1846 914 2226 970 testimonium

574 1004 821 1063 omnino
873 1001 1224 1077 perhibebit.
1297 1002 1720 1071 Testiﬁcabitur
1763 1008 1961 1060 autem
2019 1002 2227 1059 lucens

575 1094 635 1150 in
666 1092 950 1148 cordibus
975 1092 1190 1147 vestris
1224 1092 1292 1145 ad
1346 1093 1639 1162 majorem
1687 1092 2122 1157 certitudiuem,
2172 1095 2231 1151 et

573 1180 868 1244 miracula
894 1194 1153 1253 operans
1201 1180 1278 1238 ad
1310 1195 1529 1247 nomen
1581 1196 1804 1238 meum.
1848 1180 1987 1236 Vide
2027 1186 2228 1236 autem

574 1270 741 1347 quod
754 1269 928 1329 mittit
948 1269 1192 1342 quidem
1213 1284 1348 1325 eum
1366 1274 1422 1327 et
1442 1269 1636 1332 Filius,
1651 1275 1942 1341 tanquam
1955 1270 2228 1340 ejusdem

574 1376 715 1420 cum
743 1362 906 1420 Patre
931 1358 1176 1417 honoris
1204 1375 1216 1413 :
1240 1373 1449 1418 verum
1476 1358 1534 1413 id
1574 1375 1608 1414 a
1636 1359 1826 1424 Patre,
1852 1365 1996 1430 puta
2027 1374 2230 1429 proce—

575 1450 837 1523 dentem.
861 1446 1131 1505 Procedit
1158 1447 1361 1519 itaque
1387 1463 1425 1503 a
1452 1450 1640 1516 Patre,
1677 1452 1963 1519 tanquam
1995 1448 2070 1503 de
2100 1447 2229 1518 ejus

577 1537 934 1613 substantia.
966 1535 1103 1593 Ideo
1130 1537 1308 1595 etiam
1338 1536 1545 1595 omnia
1569 1552 1699 1608 qua:
1732 1536 1913 1593 Patris
1936 1541 2074 1592 sunt
2120 1551 2231 1594 no-

572 1627 676 1691 vit,
702 1626 851 1683 sicut
880 1632 936 1682 et
966 1624 1158 1683 Filius.

648 1714 821 1783 Quod
852 1713 901 1770 si
932 1718 1100 1784 roget
1121 1714 1276 1786 quis,
1306 1729 1412 1769 cur
1447 1713 1627 1770 etiam
1658 1714 1838 1769 Filius
1860 1729 1980 1769 non
2014 1713 2229 1769 dicitur

2338 577 2536 618 αυτοις.

2662 652 2806 699 ΚΕΦ.
2842 645 2938 699 ΙΖ’.
2975 650 3099 718 Περὶ
3130 654 3221 698 τοῦ
3258 645 3624 718 Παρακλήτου.

2406 735 2567 788 Ὅταν
2610 767 2679 777 --
2722 734 2866 808 ἐμοῦ.
2904 740 3026 806 Περὶ
3068 744 3164 796 τῆς
3210 734 3335 807 ἐμῆς
3386 738 3646 798 θεότητος.
3698 743 3826 789 Τοῦ
3880 740 3992 809 γὰρ

2340 828 2543 897 Πατρός
2593 821 2855 898 διαφόρως
2910 830 3345 898 μαρτυρήσαντος
3386 830 3502 897 περὶ
3550 824 3709 896 ἐμοῦ,
3770 832 3877 878 καὶ
3933 831 3991 877 τό

2341 920 2547 984 Πνεῦμᾶ
2616 917 2672 968 τό
2745 914 2894 983 ἆγίον
2965 912 3224 986 διαφόρως
3304 918 3633 987 μαρτυρήσει

2337 1008 2678 1076 Μαρτυρήσει
2762 1000 2822 1055 δέ
2897 1003 3150 1074 ἐλὶάμπον
3230 1009 3340 1062 ταῖς
3388 999 3637 1073 καρδίαις
3681 1005 3856 1074 ὑμῶν
3921 1005 3989 1063 εἰς

2337 1090 2687 1163 πληροφορίαν
2765 1090 3096 1163 τελειοτέραν,
3153 1096 3241 1142 καὶ
3313 1098 3686 1163 τερατουργοῦν
3754 1090 3851 1145 ἐπὶ
3914 1103 3985 1161 τῷ

2339 1178 2553 1250 ὀνόματί
2607 1198 2726 1251 μου.
2793 1178 2947 1254 ΓΟρα
3194 1175 3253 1233 δὲ
3301 1180 3381 1232 ὅτι
3432 1182 3625 1250 πέμπει
3850 1182 3985 1232 αὖτε

2337 1274 2424 1322 καὶ
2456 1271 2597 1336 Υἱός,
2650 1272 2720 1330 ὡς
2770 1268 3019 1340 ὁμότιμος
3064 1276 3137 1338 τῷ
3191 1273 3379 1341 Πατρὶ,
3419 1270 3560 1341 παρὰ
3600 1276 3695 1319 τοῦ
3760 1272 3989 1339 Πατρός

2340 1354 2419 1422 δε,
2469 1360 2536 1419 ὡς
2587 1360 2731 1432 παρὰ
2778 1365 2868 1410 τοῦ
2916 1360 3117 1431 Πατρός
3173 1360 3591 1431 ἐκπορευόμενον.
3657 1360 3839 1428 Παρὰ
3895 1364 3989 1407 τοῦ

2340 1448 2545 1520 Πατρός
2607 1442 2665 1498 δε
2734 1445 3085 1518 ἐκπορεύεται,
3155 1448 3221 1507 ὡς
3280 1444 3335 1497 ἐκ
3401 1453 3494 1505 τῆς
3550 1444 3749 1505 οὐσίας
3810 1444 3991 1496 αὖτοῦ

2339 1539 2412 1588 ἄν.
2442 1538 2530 1587 Διό
2574 1539 2663 1589 καὶ
2709 1530 2820 1587 οἶδε
2849 1536 3019 1587 πάντα
3061 1536 3127 1586 τὰ
3156 1542 3249 1587 τοῦ
3297 1537 3522 1608 Πατρός,
3560 1534 3751 1606 ὥσπερ
3810 1537 3914 1584 καὶ
3963 1532 3987 1581 ὁ

2338 1625 2475 1683 Υἱός.

2409 1712 2470 1765 Εἰ
2518 1708 2577 1763 δέ
2629 1731 2708 1773 τις
2751 1710 2917 1784 ἐρωτᾷ
2960 1720 3072 1772 πῶς
3124 1711 3183 1763 οὐ
3239 1710 3443 1783 λέγεται
3484 1715 3575 1764 καὶ
3630 1713 3689 1761 τό
3750 1717 3994 1779 Πνεῦμα

3733 918 3989 975 πάντες.

573 1802 703 1879 ipse
728 1803 997 1876 Spiritus,
1031 1817 1166 1859 cum
1193 1803 1374 1859 etiam
1402 1802 1480 1858 ab
1523 1804 1736 1859 eodem
1795 1803 1867 1858 sit
1912 1806 2097 1867 Patre,
2141 1801 2224 1857 di-

2347 1798 2473 1865 Υἱός,
2530 1802 2614 1853 οἷα
2669 1802 2723 1851 ἐκ
2778 1808 2869 1852 τοῦ
2918 1800 3079 1853 αὐτοῦ
3135 1808 3336 1875 Πατρός
3395 1805 3467 1869 ὄν,
3533 1798 3757 1872 ἇροῦμεν
3830 1797 3991 1850 διότι

573 1907 799 1955 cemus,
827 1890 970 1965 quia
990 1906 1114 1947 non
1145 1895 1320 1946 natus
1344 1895 1451 1957 est,
1477 1890 1995 1962 quemadmodum
2026 1890 2225 1961 Filius,

575 1982 679 2039 sed
701 1981 820 2039 alio
846 1979 1029 2037 modo
1051 1978 1341 2051 procedit.
1374 1979 1509 2035 ideo
1530 1980 1677 2035 Nati
1695 1980 1941 2050 quidem
1970 1979 2231 2035 vocabu-

573 2070 699 2127 lum
753 2068 896 2125 Filio
940 2067 1236 2133 convenit,
1313 2069 1686 2124 Procedentis
1744 2084 1884 2123 vero
1969 2068 2227 2139 Spiritui.

574 2159 835 2214 Rursum
863 2155 909 2209 si
956 2164 1166 2227 pergat
1209 2155 1602 2225 interrogans,
1636 2156 1781 2227 quid
1836 2158 1907 2211 sit
1946 2156 2043 2212 illa
2101 2172 2229 2228 pro.

572 2246 780 2311 sessio,
809 2259 1125 2318 pergemus
1162 2247 1220 2300 et
1245 2259 1355 2301 nos
1384 2244 1666 2313 dicentes,
1703 2244 2051 2300 invertendo
2081 2260 2227 2316 pau-

572 2334 786 2401 lulum,
812 2332 977 2409 quod
1005 2332 1085 2388 ait
1111 2332 1424 2401 Gregorius
1438 2332 1771 2403 Theologus
1796 2351 1809 2389 :
1848 2334 1945 2388 Dic
1976 2339 2038 2386 tu
2058 2348 2233 2402 gene-

571 2424 868 2483 rationem
900 2420 1050 2485 Filii,
1081 2426 1138 2479 et
1164 2436 1277 2478 nos
1306 2426 1584 2479 naturam
1610 2421 1960 2493 eloquemur
1999 2437 2232 2492 proces-

575 2511 762 2573 siouis
797 2510 1149 2587 Spirituszet
1172 2526 1242 2567 ex
1272 2526 1442 2583 aequo
1457 2510 1862 2582 pugnabimus
1887 2510 2021 2582 (rr),
2045 2511 2103 2565 in
2127 2510 2229 2569 Dei

571 2600 858 2673 mysteria
889 2603 1177 2671 tanquam
1213 2614 1319 2670 per
1343 2604 1731 2654 transennam
1783 2600 2226 2670 prospicientes.

645 2690 837 2757 Quare
875 2692 1077 2747 autem
1122 2686 1299 2745 Filius
1356 2692 1413 2743 et
1466 2687 1715 2760 Spiritus
1770 2704 1893 2743 non
1950 2688 2230 2743 dicuntur

572 2779 803 2846 fratres,
828 2792 967 2835 cum
998 2776 1278 2834 eumdem
1300 2775 1563 2832 habeant
1584 2779 1813 2833 Patrem
1845 2777 1872 2832 ‘2
1928 2777 2077 2842 Quia
2106 2792 2226 2833 non

573 2866 789 2923 eodem
809 2865 993 2922 modo
1019 2881 1091 2921 ex
1122 2864 1219 2923 illo
1244 2870 1382 2922 sunt
1416 2881 1430 2931 ;
1467 2865 1765 2938 siquidem
1813 2865 1909 2921 ille
1939 2866 2226 2931 nascitur,

572 2954 667 3010 hic
689 2969 826 3010 vero
852 2953 1140 3024 procedit.

647 3045 805 3100 Vers.
830 3042 1019 3098 27.Et
1045 3071 1112 3081 —-
1143 3040 1303 3097 estis.
1342 3043 1539 3098 Testes
1590 3057 1937 3099 sermonum
1996 3050 2051 3097 et
2091 3058 2229 3114 ope-
2272 3040 2277 3077 έ

2339 1890 2398 1945 οὐ
2465 1896 2703 1961 γεννᾶται
2757 1892 2826 1950 ὡς
2876 1890 2902 1940 ό
2968 1892 3101 1959 Υἱός,
3168 1887 3276 1940 ἀλλ’
3353 1888 3679 1961 ἐκπορεύεται
3772 1894 3987 1960 τρόπον

2339 1980 2523 2051 ἕτερον.
2587 1982 2673 2030 Διό
2732 1986 2803 2047 τῷ
2853 1986 3080 2048 γεννητῷ
3145 1982 3234 2047 μὲν
3309 1977 3495 2038 κλῆσις
3544 1978 3691 2038 Υἱός,
3748 1985 3833 2046 τῷ
3902 1976 3987 2027 ἑκ-

2340 2074 2572 2140 πορευτῷ
2614 2063 2672 2118 δὲ
2725 2072 2951 2137 Πνεῦμα.
3011 2066 3070 2117 Εἰ
3120 2062 3179 2117 δὲ
3236 2070 3627 2139 προσερωτήσει
3681 2070 3777 2124 τίς
3832 2064 3985 2118 ἐστίν

2342 2156 2469 2212 αῦτη
2537 2156 2566 2212 ἡ
2641 2158 2966 2226 ἑκπόρευσις,
3028 2162 3381 2226 προσεροῦμεν
3448 2156 3472 2205 ὃ
3522 2172 3682 2225 φησιν
3749 2154 3885 2225 (41)
3962 2158 3985 2205 ό

2342 2244 2595 2314 Θεολόγος
2652 2248 2955 2316 Γρηγόριος,
3018 2247 3203 2318 μικρὸν
3262 2242 3639 2305 ὑπαλλάξαντες
3696 2244 3792 2294 ὅτι
3852 2245 3985 2297 Εἰπὲ

2342 2338 2407 2387 σὺ
2431 2338 2523 2391 τὴν
2553 2338 2791 2404 γέννησιν
2821 2340 2912 2384 τοῦ
2936 2340 3079 2396 Υὶοῦ,
3104 2337 3192 2384 καὶ
3224 2334 3368 2403 ἡμεῖς
3390 2330 3861 2403 φυσιολογήσομεν
3884 2338 3983 2389 τὴν

2340 2421 2642 2494 ὶκπόρευσιν
2666 2429 2756 2472 τοῦ
2788 2423 3106 2491 Πνεῦματος,
3130 2425 3219 2472 καὶ
3244 2419 3750 2496 παραπληκτίσομεν
3776 2422 3984 2481 ἐπίσῐς

2340 2512 2412 2571 εἰς
2441 2516 2567 2563 Θεοῦ
2601 2514 2869 2585 μυστήρια
2897 2513 3338 2582 παρακύπτοντες.

2412 2693 2511 2741 Καὶ
2570 2683 2715 2740 διατί
2763 2688 2788 2737 ό
2852 2688 2971 2745 Υἱός
3035 2691 3124 2737 καὶ
3178 2690 3235 2738 τὸ
3304 2691 3511 2756 Πνεῦμα
3576 2684 3637 2739 οὐ
3714 2684 3975 2756 λέγονται

2338 2773 2570 2847 ἀδελφοὶ,
2597 2779 2683 2827 τόν
2710 2778 2864 2827 αὐτὸν
2895 2777 3102 2844 ἔχοντες
3134 2777 3339 2848 Πατέρα
3366 2790 3379 2840 ;
3408 2778 3549 2825 Διότι
3578 2772 3638 2825 οὗ
3670 2777 3765 2827 τὸν
3806 2776 3972 2829 αὐτόν

2336 2870 2523 2938 τρόπον
2547 2865 2677 2917 εἰσὶν
2703 2863 2755 2926 ἐξ
2780 2864 2939 2916 αὐτοῦ
2959 2882 2970 2894 ·
3006 2865 3031 2914 ό
3061 2866 3151 2934 μὲν
3179 2865 3277 2937 γὰρ
3304 2868 3564 2934 γεννᾶται,
3592 2864 3653 2914 τὸ
3687 2858 3752 2914 δὲ
3778 2862 3970 2933 ἐκπορ-

2340 2956 2530 3008 εύεται.

2414 3048 2513 3096 Καὶ
2556 3073 2623 3083 -
2660 3040 2801 3097 ἐστέ.
2851 3046 2952 3093 Καὶ
3003 3041 3148 3111 ὑμεῖς
3190 3043 3449 3113 μάρτυρες
3494 3046 3594 3091 τῶν
3644 3038 3826 3109 λόγων
3875 3046 3950 3090 ιιιιὲ

572 3147 706 3191 rum
741 3146 1036 3196 meorum,
1072 3145 1142 3187 ac
1168 3145 1317 3187 meae
1346 3129 1566 3187 divinae
1598 3131 1870 3201 potentiae
1896 3131 2014 3185 ﬁde
2041 3131 2224 3201 digni,

2347 3134 2498 3205 ἔργων
2550 3150 2670 3202 μου,
2716 3135 2805 3181 καὶ
2853 3138 2948 3191 τῆς
2978 3129 3106 3201 ἐμῆς
3149 3131 3457 3201 θεοπρεποῦς
3506 3126 3793 3198 δυνάμεως
3828 3128 3951 3189 ἀξιε-

576 3220 721 3292 quia
742 3219 820 3275 ab
845 3218 1009 3273 initio
1035 3217 1475 3290 praedicationis
1530 3234 1920 3290 meorumque
1981 3219 2231 3276 miracu-

574 3308 772 3367 lorum
800 3323 1037 3365 mecum
1067 3308 1227 3373 estis,
1260 3313 1316 3364 et
1339 3307 1589 3364 omnino
1643 3307 1861 3363 multos
1910 3308 1987 3363 ad
2048 3308 2229 3364 ﬁdem

571 3386 900 3457 adducetis.
931 3411 1126 3468 neque
1155 3395 1314 3452 enim
1346 3412 1557 3452 omnes
1597 3395 1860 3451 Similiter
1899 3397 2041 3453 mali
2070 3402 2226 3453 sunt.

647 3488 796 3542 CAP.
827 3485 963 3540 XVI.
1006 3486 1163 3540 Vers.
1198 3490 1245 3540 ί.
1302 3485 1445 3540 Haec
1496 3516 1565 3525 —
1612 3485 2022 3554 oﬁ'endamz‘ni.
2085 3487 2229 3542 Cum

575 3573 772 3635 malos
801 3572 1063 3630 videritis
1096 3578 1520 3647 persequentes
1568 3590 1699 3643 vos,
1760 3590 1828 3630 ac
1859 3575 2079 3645 injuria
2101 3574 2228 3630 atii-

575 3662 795 3719 cientes
826 3662 929 3716 sed
962 3667 1388 3733 cognoscentes
1415 3665 1537 3731 (ss),
1564 3662 1729 3734 quod
1762 3662 2094 3718 Paracletus
2126 3679 2228 3718 vo-

573 3751 669 3809 bis
702 3750 1039 3816 auxilietur,
1071 3750 1233 3807 bono
1264 3750 1388 3805 sitis
1412 3751 1635 3820 animo,
1660 3766 1730 3807 ac
1753 3751 1993 3808 viriliter
2013 3752 2223 3821 agatis.

650 3842 806 3896 Vers.
840 3839 891 3895 2.
924 3840 1121 3897 Extra
1153 3854 1487 3911 synagogas
1517 3872 1585 3881 ——
1616 3855 1735 3895 vos.
1762 3841 2112 3896 Praedictum
2141 3846 2229 3897 est

574 3929 736 3989 enim
766 3931 833 3996 ³³,
858 3928 1022 4003 quod
1050 3932 1383 3984 statuerunt
1405 3928 1612 3994 Judaei,
1658 3934 1721 3985 ut
1751 3929 1801 3985 si
1856 3930 1990 4001 quis
2042 3930 2229 3985 conﬁ-

576 4023 794 4075 teretur
821 4019 1022 4091 ipsum
1087 4033 1216 4073 esse
1265 4017 1581 4083 Christum,
1627 4022 1793 4073 extra
1846 4019 2228 4090 Synagogam

577 4106 905 4178 ejiceretur.

648 4197 807 4249 Vers.
841 4200 892 4249 2.
924 4193 1035 4250 Sed
1081 4223 1151 4234 --
1204 4193 1341 4249 Deo.
1397 4193 1510 4249 Sed
1538 4194 1895 4265 procedente
1941 4199 2223 4265 tempore,

576 4281 788 4363 inquit,
849 4282 1000 4340 adeo
1046 4282 1365 4345 insaniant,
1414 4288 1698 4353 tantoque
1742 4283 1940 4339 studio
1968 4288 2227 4339 vestram

579 4371 944 4429 affectabunt
983 4376 1257 4433 mortem,
1313 4377 1375 4425 ut
1423 4388 1560 4426 eum
1614 4370 1717 4442 qui
1774 4388 1875 4425 vos
1926 4372 2225 4436 occiderit,

577 4466 782 4536 putent
811 4460 1167 4516 sacriﬁcium
1207 4474 1277 4514 ac
1303 4458 1608 4514 victimam
1657 4459 1945 4515 obtulisse
1993 4464 2132 4528 Deo,
2176 4468 2230 4516 et
2262 4484 2306 4538 D

578 4551 896 4625 opinentur
917 4549 1167 4604 coluisse
1193 4564 1328 4603 eum
1369 4546 1581 4621 magis,
1608 4549 1779 4621 eique
1809 4549 2125 4620 placuisse,
2171 4559 2230 4606 ut

577 4640 681 4714 qui
706 4638 1049 4695 seductores
1072 4653 1141 4693 ac
1172 4637 1481 4708 pestiferos
1540 4638 1839 4694 occiderit.
1900 4640 2226 4711 Postquam

575 4727 850 4803 praedixit
876 4728 1088 4791 tristia,
1116 4726 1283 4783 addit
1305 4726 1519 4783 iterum
1561 4726 2048 4784 consolationem.

649 4867 700 4906 ’³
738 4866 909 4923 Joan.
954 4881 1033 4933 1x,
1065 4869 1153 4922 20.

2338 3239 2540 3278 πιστοι,
2605 3216 2743 3270 διότι
2796 3218 2887 3269 ἄπ’
2940 3216 3117 3290 ἀρχῆς
3171 3224 3261 3268 τοῦ
3314 3220 3658 3290 κηρύγματος
3714 3222 3813 3268 καὶ
3867 3224 3965 3268 τῶν

2343 3310 2620 3378 θαυμάτων
2689 3306 2799 3378 μετ’
2867 3302 2991 3378 ἐμοῦ
3040 3307 3172 3374 ἐστε,
3234 3310 3323 3358 καὶ
3370 3304 3590 3365 πολλοὺς
3658 3306 3777 3373 (42)
3837 3309 3968 3357 πάνυ

2337 3416 2435 3458 τως
2466 3395 2741 3470 ἀγρεύσετε
2777 3398 2907 3467 πρὸς
2937 3399 3029 3453 τὴν
3061 3400 3239 3448 πίστιν
3274 3412 3285 3423 ο
3318 3394 3376 3446 οὐ
3401 3396 3503 3467 γὰρ
3534 3396 3719 3453 πάντες
3764 3392 3970 3465 ὁμοίως

2338 3489 2580 3559 πονηροί,

2407 3581 2586 3626 Ταῦτα
2622 3604 2692 3613 -
2747 3568 3191 3630 σκανδαλισθῆτε.
3242 3569 3403 3624 ’Ὸταν
3454 3567 3607 3628 ἴδητε
3668 3574 3800 3631 τοὺς
3860 3592 3963 3624 πο-

2335 3666 2517 3735 νηροὺς
2551 3658 2829 3721 διώκοντας
2856 3662 2988 3732 ὑμᾶς
3029 3664 3118 3711 καὶ
3149 3666 3456 3725 κακοῦντας,
3491 3657 3596 3711 ἀλλ’
3634 3661 3719 3711 ἵνα
3746 3666 3961 3729 γινώσ-

2336 3771 2506 3813 κοντες
2538 3752 2617 3803 ὅτι
2648 3752 2673 3802 ό
2706 3749 3045 3825 Παρακλητος
3069 3748 3333 3821 ἐπικουρεῖ
3374 3750 3510 3820 ὒμῖν,
3541 3747 3841 3819 εὐψυχεῖτε
3870 3756 3954 3801 καὶ

2339 3837 2672 3912 ἀνδρίζεσθε.

2410 3929 2876 3999 Ἀποσυναγώγους
2910 3958 2975 3969 --
3008 3926 3165 3999 ὑμᾶς.
3209 3931 3518 4002 Προείρηται
3564 3927 3667 3997 γὰρ
3700 3926 3793 3979 ότι
3830 3949 3943 3981 σνν-

2337 4020 2503 4071 έθεντο
2529 4021 2579 4069 οἶ
2606 4013 2873 4086 Ἰουδαῖοι,
2903 4016 3003 4080 ἵνα,
3037 4016 3122 4069 ἐάν
3154 4036 3234 4077 τις
3266 4015 3421 4067 αὐτόν
3455 4013 3755 4088 ὁμολογήσῃ
3792 4025 3956 4091 Χρισ-

2337 4112 2443 4173 τόν,
2474 4105 2884 4176 ἀποσυνάγωγος
2920 4108 3153 4175 γένηται.

2409 4194 2541 4247 Ἀλλ’
2572 4226 2642 4234 --
2672 4202 2804 4265 Θεῷ.
2845 4192 3007 4248 Ἀλλὰ
3057 4198 3328 4267 προίόντος
3366 4200 3455 4245 τοῦ
3495 4198 3716 4264 χρόνού,
3769 4199 3950 4263 φησὶν,

2337 4291 2582 4335 τοσοῦτον
2626 4282 3006 4354 ἐκμανήσονται
3052 4287 3142 4334 καὶ
3191 4278 3649 4354 περισπούδαστον
3704 4288 3959 4339 ποιῆσον-

2336 4392 2425 4423 ται
2470 4375 2555 4423 τόν
2608 4373 2823 4424 θάνατον
2881 4372 3043 4442 ὑμῶν,
3098 4373 3229 4424 ὥστε
3284 4374 3372 4422 τόν
3413 4368 3781 4422 ἀποκτείνοντα
3842 4374 3951 4439 (43)

2338 4462 2472 4532 ὑμᾶς
2533 4457 2703 4512 δοκεῖν
2760 4462 2944 4512 θυσίαν
2994 4463 3300 4532 προσφέρειν
3348 4467 3421 4529 τῷ
3472 4466 3603 4529 θεῷ,
3657 4466 3748 4510 καὶ
3804 4468 3951 4531 road-

2342 4553 2445 4612 ζειν
2495 4548 2722 4602 εὐσεϐεῖν
2769 4548 2958 4620 μᾶλλον
3002 4554 3090 4601 καὶ
3148 4548 3441 4610 εὐαρεστεῖν
3488 4547 3648 4617 αὐτῷ,
3701 4552 3764 4607 ὼς
3829 4547 3948 4601 ακο-

2340 4642 2602 4691 κτείνοντα
2683 4637 2926 4706 πλάνους,
2980 4641 3069 4691 καὶ
3128 4637 3410 4709 λυμεῶνας,
3466 4641 3555 4688 καὶ
3625 4638 3939 4705 θεοστνγεῖς.

2340 4732 2603 4799 Προειπὼν
2654 4724 2713 4780 δὲ
2757 4730 2823 4781 τὰ
2872 4727 3102 4802 λυπηρὰ,
3146 4728 3325 4797 ἐπείγει
3379 4725 3531 4779 πάλιν
3583 4727 3933 4801 παραμυθίαν.

1790 4965 2005 5034 Variae
2043 4966 2373 5038 lectiones
2416 4976 2482 5035 et
2517 4976 2719 5035 notae.

649 5106 1033 5180 (40)7Inclusa
1062 5105 1282 5180 absunt
1308 5109 1375 5163 Α.

647 5177 961 5251 (“Locus
992 5177 1251 5252 Gregorii
1279 5177 1553 5252 Nazianz.
1579 5177 1639 5233 in
1684 5182 1833 5234 orat.
1885 5178 1958 5252 d_e
2014 5179 2233 5252 Spiritu

575 5246 807 5314 sancto,
849 5266 908 5322 p.
961 5246 1261 5313 22i,_init.
1314 5250 1403 5322 ita
1459 5249 1640 5305 habet
1688 5268 1700 5302 :
1752 5255 1844 5310 Τίς
1879 5246 1965 5301 οὖν
2006 5246 2230 5308 ἡ’ἐκπό‹

573 5338 813 5397 ρενσιςς
851 5319 969 5374 εἰπε
1024 5324 1088 5373 σὺ
1154 5324 1248 5397 τὴν
1302 5319 1611 5397 ἁγεννημσίαν
1664 5329 1755 5373 τοῦ
1814 5326 2036 5397 Πατρός,
2085 5322 2230 5397 κὰγώ

574 5391 669 5452 τὴν
721 5395 959 5463 γέννησιν
1024 5399 1115 5444 τοῦ
1146 5394 1272 5445 Υἱοῦ
1326 5391 1715 5464 φυσιολογησω,
1780 5397 1868 5446 καὶ
1928 5391 2031 5453 ’τὴν
2082 5391 2233 5447 emis-

608 5640 620 5650 .
649 5568 768 5654 (νίζ’)¹
792 5570 868 5625 Et
894 5585 964 5627 ea.
988 5585 1150 5654 aeun
1167 5568 1560 5654 pugnabimus
1588 5570 2133 5654 ~‘prospicientes.
2164 5573 2231 5654 Et

575 5640 859 5712 similiter,
905 5640 1079 5720 quaSi
1114 5640 1456 5710 delirantes,
1511 5640 1959 5699 conabimur—
2006 5644 2232 5718 prospi-

574 5727 729 5776 cere.

2340 5127 2515 5183 ρευσιν
2561 5116 2654 5161 τοῦ
2687 5116 3003 5181 Πνευματος,
3034 5111 3120 5160 καὶ
3148 5106 3647 5182 παραπληκτισομεν
3689 5128 3849 5183 αμφω
3881 5110 3953 5175 εἰς

2342 5188 2492 5254 Θεοῦ-
2502 5186 2775 5254 μυστήρια
2798 5183 3240 5254 παρακόπτοντες.

2412 5200 2474 5234 κου
2544 5200 2775 5251 υστηρια
2798 5200 3209 5254 παρακυπτοντες

2412 5200 2733 5395 ἓ42ξξῖάλιν,
2776 5267 2884 5339 pro
2910 5250 3128 5313 πολλούς
3154 5258 3209 5305 Β.

2436 5327 2500 5379 43
2573 5329 2956 5377 Αποκτειναντα
2975 5326 3042 5391 Α,
3082 5328 3144 5381 ut
3166 5339 3209 5379 e:

2436 5322 2525 5391 43)
2556 5322 2956 5377 Ἀποκτείναντα
2975 5326 3042 5391 Α,
3082 5328 3144 5381 ut
3166 5326 3255 5379 est
3280 5322 3340 5381 in
3372 5326 3554 5381 textu.

2408 5572 2514 5644 (ss)
2562 5573 2680 5630 Sed
2702 5578 3135 5645 cognoscentes.
3163 5570 3275 5628 Ἵνα
3297 5587 3423 5629 non
3453 5570 3747 5645 expressit
3777 5578 3955 5633 mter-

2339 5660 2495 5719 pres,
2518 5660 2588 5703 ac
2612 5644 2951 5703 redundare
2975 5645 3235 5705 videtur.
