4130 6320
203 362 231 422 4
244 355 338 422 424

278 495 383 545 Καὶ
414 520 479 532 —-
506 489 613 565 ἐμέ.
665 491 738 544 Δι’
766 489 854 551 οὓς
882 497 1050 543 ταῦτα
1088 491 1477 549 ὑποστήσεσθε.
1520 495 1622 545 Καὶ
1662 488 1809 564 ἀρκεῖ
1835 487 1881 544 Α

204 582 328 653 ὑμῖν
368 581 435 642 εἰς
465 581 795 656 παράκλησιν
828 584 886 633 τὸ
920 576 992 633 δι’
1020 582 1159 653 ἡμᾶς
1190 588 1357 633 ταῦτα
1386 583 1636 653 πάσχειν.
1692 579 1807 631 Οὐκ

202 672 437 742 ἔγνωσαν
469 666 529 723 δε
551 674 637 723 τὸν
673 675 878 742 Πατέρα
928 666 1052 723 add“:
1093 668 1179 743 ἐμὲ
1226 670 1443 741 ἑκόντες,
1476 673 1541 731 ὡς
1571 669 1806 723 ἐθελοκα-

202 778 430 821 κουντες.

278 938 435 991 Ἀλλὰ
460 971 519 980 —
547 940 689 1011 ὑμῖν.
717 937 848 1001 Ἰνα,
876 939 997 990 ὅταν
1028 937 1147 1009 ἔλθη
1178 938 1204 989 ὁ
1245 940 1429 1011 καιρὸς
1458 942 1552 999 τῆς
1584 934 1809 999 διώξεως

202 1032 298 1079 καὶ
324 1026 632 1101 ἀναιρέσεως
671 1029 833 1100 ὑμῶν,
868 1030 1221 1100 μνημονεύητε
1268 1028 1433 1079 αὐτῶν
1473 1028 1540 1077 ὧν
1582 1024 1648 1084 δὴ
1693 1027 1808 1097 (44)

1224 354 1589 423 COMMENT.
1629 360 1702 421 IN
1739 348 2085 420 temur-1M.
2120 395 2190 406 —
2217 354 2375 420 CAP.
2418 352 2571 423 xvi.

3434 354 3576 421 44$

1997 490 2158 545 Vers.
2212 494 2264 545 3.
2291 490 2457 544 Et—
2509 504 2620 547 me.
2675 490 2921 565 Propter
2966 474 3124 566 ques
3160 490 3290 549 haec
3320 492 3576 549 sustine-

1915 577 2052 633 bitis
2084 596 2096 633 :
2132 585 2186 634 et
2227 578 2367 634 satis
2405 583 2493 635 est
2538 578 2707 635 vobis
2764 581 2841 637 ad
2885 580 3380 649 consolationem,
3414 580 3577 653 quod

1913 666 2042 721 hac
2073 672 2314 738 propter
2342 681 2454 721 nos
2492 668 2824 738 patiamini.
2863 669 3001 726 Non
3032 675 3323 727 noverunt
3376 674 3574 727 autem

1915 756 2179 819 Patrem,
2211 770 2398 826 neque
2422 771 2530 821 me,
2580 756 2756 829 idque
2782 757 3129 825 voluntarie,
3174 763 3385 831 sponte
3412 759 3576 816 vide-

1916 843 2051 900 licet
2112 844 2402 901 deteriora
2457 849 2770 902 sectantes.

1986 934 2145 988 Vers.
2199 935 2254 989 4.
2284 931 2396 989 Sed
2419 963 2488 974 —
2517 934 2695 990 vobis.
2758 936 2845 1005 Ut,
2876 951 3012 993 cum
3048 936 3276 993 venerit
3331 939 3573 1009 tempus

1916 1022 2342 1093 persecutionis
2418 1037 2489 1078 ac
2555 1024 2759 1079 mortis
2825 1029 3049 1092 vestrae,
3102 1025 3573 1081 reminiscamini

202 1115 463 1174 λελάληκα
510 1118 653 1188 ύμῖν,
684 1120 846 1188 ἤγουν
879 1118 961 1167 ἶνα
1024 1119 1378 1188 μνημονεύητε
1432 1117 1511 1168 ὅτι
1542 1116 1641 1186 ἐγὼ
1669 1110 1809 1167 εἷπον

1938 1125 2124 1165 mrum
2152 1126 2289 1183 quae
2328 1110 2599 1167 videlicet
2628 1112 2865 1170 locutus
2891 1130 3024 1170 sum
3056 1114 3221 1170 vobis
3265 1132 3279 1169 :
3322 1116 3463 1181 sive,
3504 1119 3572 1171 ut

205 1206 331 1277 ύμῖν
354 1207 543 1271 πάντα,
577 1209 647 1266 ὡς
676 1208 848 1257 πάντα
886 1200 1056 1269 εἱδὼς,
1106 1210 1197 1256 καὶ
1225 1206 1307 1255 ἶνα
1336 1204 1437 1256 ἀπὸ
1476 1211 1567 1264 τῆς
1594 1203 1812 1264 ἀληθοῦς

204 1297 629 1367 προαγορεύσεως
657 1302 757 1347 τῶν
790 1295 902 1365 (45)
935 1295 1258 1367 σκυθρωπῶν
1301 1295 1505 1363 ἡγῆσθέ
1529 1311 1592 1365 με
1622 1296 1810 1345 πιστὸν

203 1387 298 1434 καὶ
322 1381 406 1435 ἐπὶ
452 1390 564 1442 ταῖς
599 1381 814 1455 ἀγαθαῖς
845 1381 1191 1453 ἐπαγγελίαις.
1232 1382 1290 1433 Ὀ
1347 1385 1448 1455 γὰρ
1506 1380 1715 1433 ἀπατῶν
1751 1380 1809 1433 ού

205 1470 446 1545 προλέγει
476 1474 542 1524 τὰ
573 1470 839 1543 ἀπάγοντα
862 1479 957 1533 τῆς
984 1472 1102 1542 (46)
1140 1469 1361 1535 ἀπάτης,
1397 1469 1525 1521 ἀλλὰ
1577 1474 1710 1542 μόνα
1746 1471 1812 1523 τά

205 1560 436 1615 ἕλκοντα.

278 1744 454 1791 Ταῦτα
493 1735 551 1791 δέ
581 1744 670 1791 καὶ
719 1741 784 1791 τὰ
814 1746 1031 1791 τοιαῦτα
1082 1746 1311 1810 συνεχῶς
1356 1738 1530 1799 αὐτοῖς
1569 1737 1809 1808 ἐπιλέγει,

210 1830 314 1896 ἶνα,
350 1830 470 1880 ὅταν
499 1830 760 1899 πάσχωσι
788 1832 859 1900 μὴ
918 1828 1256 1900 θορύϐωνται,
1289 1824 1586 1899 προειδότες
1638 1834 1809 1891 τοῦτο,
1841 1844 1881 1897 Β

212 1911 352 1985 μηδέ
383 1916 774 1989 μαλακίζωνται
811 1922 1155 1987 γινώσκοντες
1187 1918 1267 1967 ὅτι
1299 1912 1391 1967 δ’ῖά
1420 1918 1506 1967 τὸν
1534 1918 1663 1966 Θεὸν
1715 1916 1812 1966 πά-

217 2007 593 2077 σχουσι.Μέγα
617 2008 720 2080 γάρ
750 2007 1017 2080 φάρμακον
1050 2003 1097 2055 ἐν
1124 2012 1232 2066 τοῖς
1260 2005 1385 2077 ὑπερ
1410 2011 1596 2077 ἀρετῆς
1618 2002 1806 2074 ἀγῶσι,

216 2097 277 2145 τὸ
306 2100 581 2165 γινώσκειν
612 2096 738 2167 ὑπὲρ
792 2099 929 2155 τίνος
968 2095 992 2145 ὁ
1021 2092 1179 2164 ἀγών.
1236 2098 1336 2145 Καὶ
1378 2095 1512 2165 ἡμᾶς
1543 2088 1651 2161 οὖν,
1684 2094 1809 2166 ὑπὲρ

215 2182 375 2234 καλοῦ
404 2185 735 2254 πάσχοντας,
760 2183 1172 2255 παραμυθεῖσθω
1190 2188 1246 2233 το
1274 2188 1549 2252 γινώσκειν
1574 2183 1654 2233 ὅτι
1683 2182 1809 2255 ὑπὲρ

214 2270 375 2323 καλοῦ
400 2274 679 2344 πάσχομεν
709 2290 723 2305 ⁸
758 2271 802 2324 εἰ
846 2274 947 2345 γὰρ
978 2272 1105 2343 ὑπερ
1138 2270 1412 2341 ἀγαπητοῦ
1461 2290 1535 2331 τις
1585 2272 1812 2341 πάσχων

212 2364 415 2435 χαίρει,
478 2360 647 2430 πολλῷ
704 2359 895 2432 μᾶλλον
951 2361 1078 2432 ύπέρ
1153 2367 1244 2411 τοῦ
1311 2366 1445 2411 Θεοῦ
1518 2364 1607 2411 καὶ
1684 2360 1809 2430 ὑπὲρ

214 2447 369 2522 ἁρετῆ
382 2467 422 2508 ς.

283 2542 463 2589 Ταῦτα
493 2567 562 2577 -
601 2540 762 2608 ἥμην.
802 2536 923 2590 ’Ὁτι
974 2536 1088 2609 μεθ’
1134 2537 1278 2609 ὑμῶν
1325 2539 1416 2587 καὶ
1454 2535 1547 2587 οῦκ
1586 2534 1811 2606 ἐμέλλετε

210 2626 348 2677 οὕτω
368 2627 570 2691 παθεῖν,
604 2626 697 2687 ἕως
729 2626 841 2698 μεθ’
870 2628 1013 2698 ὑμῶν
1043 2628 1201 2695 ἤμην.
1236 2631 1342 2677 Νῦν
1369 2620 1429 2676 δε
1464 2630 1629 2675 ταῦτα
1657 2623 1807 2693 λέγω,

212 2710 355 2766 διότι
385 2714 691 2787 χωρίζομαι
712 2716 877 2786 ὑμῶν,
932 2718 1024 2765 καὶ
1082 2712 1382 2784 ἐγγίζουσιν
1430 2708 1537 2770 ἤδη
1570 2713 1636 2763 τὰ
1668 2708 1812 2763 δεινά

214 2802 358 2872 ὑμῖν.

286 2894 387 2941 Καὶ
438 2894 541 2961 μὴν
585 2895 674 2941 καὶ
713 2890 766 2952 ἐξ
795 2889 992 2964 ἀρχῆς,
1032 2890 1114 2941 ὅτε
1180 2888 1411 2941 ἐκάλεσεν
1469 2888 1673 2953 αὐτοὺς,
1722 2893 1811 2940 καὶ

209 2977 309 3051 [εἰς
359 2977 475 3050 (47)
530 2976 824 3040 ἀποστοξὴν
878 2976 1095 3049 ἔταξεν,]
1154 2973 1289 3029 εἶπεν
1349 2977 1519 3037 αὐτοῖς
1559 2977 1670 3048 (4-8)
1732 2977 1813 3028 ὅτι

214 3063 355 3119 Ἰδοὺ
409 3065 509 3137 ἐγὼ
552 3064 844 3117 ἀποστέλλω
929 3068 1059 3137 ὑμᾶς
1130 3068 1196 3126 ὡς
1268 3064 1507 3139 πρόϐατα
1560 3064 1607 3117 ἐν
1671 3070 1812 3135 μέσῳ

211 3156 379 3207 λύκων

216 3249 306 3296 καὶ
396 3243 444 3294 ἐν
517 3252 633 3306 ταῖς

218 3333 422 3407 [ὑμᾶς’
484 3333 595 3405 (49)
658 3337 747 3384 καὶ
808 3334 887 3384 ὅτι
941 3332 1058 3385 Ἐπὶ
1121 3334 1379 3404 ἡγεμόνας
1430 3337 1515 3384 καὶ
1578 3332 1817 3405 βασιλεῖς

218 3421 525 3492 ἀχθήσεσθε
576 3422 734 3473 ἕνεκεν
786 3419 911 3493 ἐμοῦ
938 3459 949 3472 .
984 3426 1073 3473 καὶ
1139 3423 1218 3473 ὅτι
1260 3420 1481 3474 Ἐσεσθε
1509 3424 1815 3493 μισούμενοι

218 3511 318 3561 ὑπὸ
347 3512 547 3562 πάντων
593 3506 687 3561 διὰ
719 3514 778 3562 τὸ
827 3512 987 3582 ὄνομά
1017 3530 1117 3582 μου
1148 3529 1160 3541 ·
1194 3515 1283 3561 καὶ
1321 3512 1399 3562 ὅτι
1455 3514 1538 3567 Μὴ
1588 3508 1817 3581 φοϐῆσθε

723 3251 1056 3314 συναγωγαῖς
1130 3243 1297 3293 αὐτῶν
1384 3249 1814 3315 μαστιγώσουσιν

219 3597 320 3649 ἀπὸ
373 3607 473 3649 τῶν
503 3597 905 3652 ἀποκτεινόντων
944 3602 1002 3651 τὸ
1036 3608 1187 3671 σῶμα
1220 3616 1231 3627 ·
1261 3603 1277 3665 ]
1317 3604 1407 3650 καὶ
1452 3599 1613 3651 πολλά
1640 3606 1813 3651 τοιαῦ-

218 3704 302 3740 τα.

289 3781 406 3837 ῐΙῶς
434 3772 521 3827 οὖν
553 3772 688 3828 εἶπεν
718 3778 798 3829 ὅτι
829 3783 1009 3829 Ταῦτα
1048 3777 1169 3848 ύμῖν
1201 3776 1253 3839 ἐξ
1305 3776 1483 3851 ἀρχῆς
1512 3776 1604 3828 οὐκ
1632 3773 1770 3828 εἶπον
1798 3791 1812 3841 ;

220 3869 359 3917 Διότι
382 3863 602 3916 ἐνταῦθα
627 3869 685 3917 to
711 3873 887 3917 Ταῦτα
925 3867 1073 3939 ἕτερα
1107 3867 1227 3941 παρ’
1260 3866 1424 3918 ἐκεῖνα
1482 3863 1653 3929 δηλοῖ,
1683 3870 1815 3937 φημὶ

222 3952 289 4011 δὴ
322 3958 376 4005 τό
409 3971 421 3983 ·
454 3953 590 4005 Ἀλλ’
642 3956 855 4025 ἔρχεται
905 3956 1033 4029 ὥρα,
1088 3958 1249 4006 εἶτουν
1297 3954 1527 4025 Ἐγγίζει
1555 3973 1567 3986 ·
1597 3958 1762 4005 καὶτὸ
1797 3968 1812 3983 ⁸

218 4042 330 4095 Ἱνα
355 4048 458 4103 πᾶς
487 4044 511 4093 ὀ
544 4041 847 4105 ἀποκτείνας
884 4044 1016 4115 ὑμᾶς
1036 4040 1188 4116 [δόξῃ
1242 4044 1359 4112 (50)
1389 4043 1623 4116 λατρείαν
1649 4061 1815 4116 προσ·

223 4138 387 4206 φερειν
414 4141 486 4203 τῷ
514 4132 666 4203 Θεῷ.)
691 4138 871 4184 Ταῦτα
914 4135 1016 4205 γὰρ
1057 4139 1144 4183 νῦν
1190 4129 1323 4184 εἶπεν
1363 4132 1555 4197 αὐτοῖς,
1598 4130 1818 4205 φοϐερώο

221 4239 344 4293 τερα
373 4220 572 4272 ἐκείνων
600 4225 739 4275 ὄντα.

296 4316 403 4361 Νῦν
461 4338 529 4349 —-
582 4308 796 4380 ὗπάγεις
852 4326 865 4375 ;
916 4306 1065 4361 Ἰδών
1116 4309 1307 4371 αὐτοὺς
1366 4309 1523 4369 οὕτως
1572 4309 1673 4360 ύπό
1730 4315 1821 4370 τῆς

224 4397 453 4469 ἀθυμίας
509 4399 1049 4464 καταπαλαισθέντας,
1114 4402 1183 4460 ὡς
1255 4382 1483 4471 ἀφώνους
1557 4399 1817 4469 γενέσθαι,

222 4492 407 4559 καὶμὴ
453 4484 715 4540 δύνασθαι
741 4488 882 4557 αὐτῷ
912 4487 1241 4561 προσλαλεῖν,
1293 4483 1539 4548 ὀνειδίζει
1588 4493 1680 4545 τὴν
1718 4490 1821 4540 απὸ

220 4585 313 4637 τῆς
376 4579 625 4639 τοιαύτης
680 4575 903 4649 ἀθυμίας
955 4582 1130 4650 σιγὴν,
1180 4577 1336 4650 λέγων
1379 4595 1392 4607 ο
1450 4584 1558 4631 Νῦν
1609 4576 1721 4649 (51)
1762 4574 1822 4630 δε

295 4728 341 4763 ¹⁴
380 4727 574 4785 Matth.
605 4744 663 4795 Χ,
709 4731 792 4785 I6.
924 4728 970 4761 ¹⁵
1002 4725 1146 4785 ibid.
1178 4728 1267 4792 I7,
1306 4730 1389 4795 I8,
1420 4732 1508 4785 22.

1920 1200 2330 1266 recordemini,
2364 1201 2530 1273 quod
2584 1217 2696 1271 ego
2746 1202 3121 1275 praedixerim
3168 1203 3340 1260 vobis
3368 1204 3576 1261 omnia

1917 1294 2209 1360 tanquam
2258 1291 2537 1346 universa
2593 1307 2964 1362 cognoscens
2997 1310 3011 1348 :
3044 1298 3101 1349 et
3133 1298 3194 1349 ut
3231 1308 3267 1349 a
3298 1309 3436 1350 vera
3476 1294 3577 1349 tri-

1920 1377 2102 1432 stium
2135 1380 2650 1449 praenuntiatione,
2681 1379 2922 1437 ﬁdelem
2954 1397 3050 1437 me
3079 1382 3355 1439 habeatis
3386 1382 3573 1439 etiam

1918 1466 1979 1522 in
2000 1467 2298 1523 bonorum
2330 1469 2845 1539 promissionibus.
2864 1471 3012 1527 Nam
3038 1471 3320 1543 deceptor
3348 1470 3574 1544 (tt)non

1919 1566 1992 1607 ea
2020 1552 2305 1623 prmdicit,
2347 1568 2484 1625 quin
2515 1568 2551 1608 a
2578 1554 2929 1627 deceptione
2976 1554 3309 1622 abducunt,
3363 1555 3471 1612 sed
3502 1571 3573 1613 ea

1918 1644 2149 1695 tantum
2181 1655 2310 1712 quae
2340 1641 2661 1697 attrahunt.

1994 1728 2125 1783 Haec
2156 1745 2294 1784 vero
2324 1736 2380 1785 et
2418 1730 2633 1787 similia
2677 1730 3013 1803 frequenter
3036 1732 3120 1787 eis
3158 1732 3431 1801 inculoat,
3483 1738 3568 1799 ut.

1919 1815 2065 1872 dum
2091 1817 2250 1888 passi
2281 1818 2516 1883 fuerint,
2540 1833 2663 1874 non
2686 1820 3011 1883 turbentur,
3040 1836 3181 1877 cum
3197 1822 3311 1877 hoc
3332 1822 3575 1895 praesci-

1919 1907 2107 1963 verint
2146 1924 2160 1962 :
2195 1923 2387 1980 neque
2423 1914 2763 1980 torpescant
2806 1910 3076 1977 scientes,
3127 1912 3291 1984 quod
3329 1918 3575 1984 propter

1922 1997 2109 2052 Deum
2142 1998 2380 2069 passuri
2419 1999 2552 2053 sint.
2596 2001 2872 2069 Magnum
2906 2000 3206 2072 siquidem
3234 2003 3573 2059 remedium

1921 2092 2005 2140 est
2036 2086 2126 2140 bis
2152 2086 2257 2157 qui
2288 2102 2396 2156 pro
2436 2088 2646 2142 virtute
2675 2088 2994 2159 decertant,
3060 2105 3419 2161 cognoscam
3462 2106 3575 2163 pro

1919 2188 2042 2246 quo
2082 2174 2154 2229 sit
2178 2179 2500 2231 certamen.
2535 2178 2603 2230 Et
2630 2176 2806 2232 nobis
2845 2192 2987 2247 ergo
3017 2193 3126 2249 pro
3172 2179 3426 2237 honesto
3466 2195 3577 2251 pa-

1921 2261 2201 2317 tientibus
2226 2265 2618 2320 consolationi
2640 2265 2729 2330 sit,
2758 2281 3119 2336 cognoscere
3140 2267 3307 2339 quod
3328 2284 3437 2339 pro
3467 2268 3576 2325 ho-

1920 2357 2089 2407 nesto
2114 2350 2242 2423 (ιιιι)
2282 2353 2565 2423 patimur.
2605 2354 2756 2409 Nam
2784 2354 2830 2409 si
2869 2370 2979 2426 pro
3018 2354 3231 2411 dilecto
3284 2357 3420 2428 quis
3452 2356 3575 2428 pati

1922 2440 2161 2509 gaudet,
2198 2440 2385 2497 multo
2416 2441 2613 2511 magis
2638 2457 2747 2513 pro
2779 2445 2895 2498 Deo
2935 2447 2990 2498 et
3021 2457 3129 2514 pro
3160 2444 3397 2500 virtute.

1991 2530 2151 2583 Vers.
2182 2528 2234 2581 4.
2276 2529 2412 2585 Haec
2440 2559 2510 2569 —
2539 2544 2729 2587 eram.
2781 2530 2925 2595 Quia
2966 2531 3272 2587 vobiscum
3309 2548 3476 2590 eram
3515 2538 3574 2592 et

1920 2616 2000 2672 ita
2039 2618 2278 2687 passuri
2309 2633 2430 2673 non
2461 2618 2655 2685 eratis,
2688 2619 2958 2692 quandiu
3004 2620 3315 2678 vobiscum
3354 2638 3572 2682 essem.

1921 2709 2085 2761 Nunc
2117 2711 2315 2761 autem
2354 2708 2482 2763 haec
2519 2707 2677 2776 dico,
2731 2708 2874 2782 quia
2902 2725 3148 2782 separor
3185 2727 3219 2767 a
3270 2712 3462 2778 vobis,
3514 2718 3574 2770 et

1913 2794 2040 2865 jam
2070 2796 2294 2851 instant
2318 2796 2492 2851 vobis
2513 2798 2796 2869 pericula.

1992 2884 2167 2955 Atqui
2198 2884 2378 2940 etiam
2418 2885 2495 2941 ab
2524 2885 2714 2953 initio,
2757 2903 2896 2942 cum
2945 2889 3182 2944 vocavit
3234 2904 3359 2959 eos,
3411 2896 3467 2946 et
3512 2891 3573 2947 in

1922 2973 2325 3043 apostolatum
2358 2975 2676 3039 ordinavit,
2711 2976 2851 3031 dixit
2891 2977 2978 3031 eis
3010 2995 3021 3031 :
3074 2979 3210 3034 Ecce
3258 2994 3362 3048 ego
3406 2982 3573 3036 mitto

1924 3076 2042 3127 vos,
2092 3068 2373 3133 tanquam
2402 3079 2533 3119 oves
2564 3064 2621 3118 in
2659 3065 2844 3121 medio
2873 3067 3148 3135 luporum
3180 3068 3249 3120 υ.
3280 3070 3346 3125 Et
3377 3086 3390 3121 :
3430 3069 3573 3125 Tra-

435 3172 447 3183 '
490 3160 579 3206 καὶ
622 3156 701 3207 ὅτι
755 3152 1174 3229 Παραόώσουσιν
1229 3156 1359 3226 ὑμᾶς
1419 3155 1489 3215 εἰς
1543 3151 1810 3226 συνέδρια,

1938 3152 2166 3207 ientvos
2183 3153 2264 3209 ad
2279 3155 2554 3223 concilia,
2569 3160 2623 3211 et
2636 3154 2696 3209 in
2712 3155 3031 3226 synagogis
3051 3158 3175 3213 suis
3194 3159 3575 3214 verberabant

1924 3259 2043 3313 vos,
2069 3246 2118 3298 et
2146 3243 2225 3297 ad
2263 3258 2427 3313 reges
2458 3250 2509 3298 et
2558 3245 2835 3311 praesides
2865 3246 3166 3301 ducemim'
3206 3252 3448 3315 propter
3484 3263 3576 3303 me

1922 3337 1976 3391 et
2026 3332 2188 3388 eritis
2242 3333 2373 3386 odio
2426 3332 2616 3387 habiti
2639 3334 2707 3387 ab
2754 3333 3020 3389 omnibus
3058 3340 3305 3405 propter
3361 3352 3571 3392 nomen

1923 3437 2110 3478 meum
2144 3421 2211 3474 ¹⁵.
2247 3424 2508 3491 Itemque
2541 3437 2551 3473 :
2585 3422 2676 3476 Ne
2696 3421 2843 3477 vobis
2876 3422 2952 3477 ab
2982 3423 3073 3478 his
3116 3424 3443 3489 timueritis,
3476 3438 3575 3494 qut

1924 3510 2200 3568 occidunt
2231 3524 2445 3580 corpus
2477 3511 2543 3575 “,
2587 3526 2656 3565 ac
2682 3510 2872 3568 multa
2894 3510 3258 3581 hujusmodi.

1997 3775 2313 3841 Quomodo
2339 3791 2481 3845 ergo
2511 3776 2591 3832 ait
2619 3790 2630 3828 :
2658 3776 2795 3832 Hac
2818 3777 2980 3833 vobis
2998 3778 3067 3834 ab
3083 3777 3380 3837 initionon
3397 3780 3527 3839 dixi
3549 3781 3578 3836 ν

1927 3866 2076 3931 Quia
2092 3864 2271 3920 dictio
2289 3865 2431 3935 hac,
2453 3866 2511 3919 in
2548 3866 2813 3935 praesenti
2861 3865 2977 3922 alia
2993 3868 3070 3923 ab
3093 3867 3205 3923 illis
3235 3868 3529 3939 signiﬁcat
3559 3885 3573 3925 :

1924 3954 2059 4009 dico
2090 3968 2253 4017 sane,
2282 3952 2389 4007 sed
2420 3953 2583 4009 Venit
2615 3952 2739 4008 sive
2757 3956 3205 4027 appropinquat
3235 3963 3480 4027 tempus,
3509 3964 3576 4014 ut

1928 4041 2190 4115 quisquis
2209 4041 2571 4111 interfecerit
2592 4058 2708 4108 vos,
2738 4043 3015 4099 videatur
3035 4046 3260 4102 cultum
3292 4055 3582 4115 praestare

1932 4134 2047 4188 Deo
2077 4147 2088 4184 :
2110 4146 2252 4186 nam
2264 4131 2391 4185 hinc
2412 4130 2557 4186 dixit
2573 4146 2751 4198 nunc,
2767 4148 2902 4205 quae
2921 4134 3390 4205 praecedentibus
3411 4140 3581 4193 erant

1929 4219 2418 4276 formidabiliora.

2002 4311 2162 4364 Vers.
2195 4310 2247 4363 5.
2288 4309 2465 4365 Nunc
2491 4339 2557 4349 —
2595 4309 2720 4365 abis
2744 4310 2772 4364 ?
2830 4310 3048 4367 Videns
3087 4328 3189 4367 eos
3227 4313 3287 4368 in
3346 4316 3578 4371 tantum

1933 4397 2163 4453 tristitia
2212 4397 2526 4469 absorptos
2559 4398 2689 4469 (vv),
2735 4403 2796 4453 ut
2825 4400 2973 4454 muti
3034 4399 3427 4463 efﬁcerentur,
3472 4419 3582 4459 nec

1933 4500 2288 4557 responsum
2308 4484 2514 4540 eidare
2541 4490 2810 4557 possent,
2835 4486 3151 4558 exprobrat
3178 4488 3261 4543 eis
3283 4488 3581 4546 silentium

1935 4592 1971 4632 a
1998 4574 2099 4630 tali
2144 4573 2377 4629 tristitia
2420 4578 2636 4640 ortum,
2680 4574 2883 4631 dicens
2928 4593 2940 4630 :
2982 4577 3157 4633 Nunc
3211 4582 3406 4635 autem
3437 4578 3582 4635 abeo

1632 4728 1681 4764 “
1718 4725 1865 4784 ibid.
1898 4729 1964 4782 ‘28
1977 4770 1991 4783 .

1469 4904 2034 4973 Variaelectiones
2058 4912 2335 4971 etnotae.

298 5074 414 5142 (44)
444 5071 676 5142 Δηλαδή,
704 5075 835 5133 loco
867 5072 961 5142 δή,
994 5083 1057 5130 Α.

301 5146 414 5218 (45)
439 5148 665 5219 Ἐκθρῶν
695 5153 890 5213 antea,
915 5147 1021 5204 sed
1051 5162 1123 5204 ex
1160 5147 1523 5204 correctione
1554 5146 1827 5219 ejusdem

229 5234 471 5294 manus,
508 5220 850 5294 σκυθρωπῶν.
884 5224 941 5274 Β.

300 5292 413 5359 (46)
449 5288 683 5362 ’Δγάπής
729 5290 793 5345 in
831 5294 1108 5347 contextu
1162 5293 1218 5346 et
1276 5306 1451 5362 supra
1487 5288 1732 5362 ἀπάτης,
1767 5296 1824 5342 Β.

236 5360 671 5489 Utrttlamlquglab
709 5362 914 5422 eadem
944 5377 1158 5419 manu.
1189 5360 1385 5419 Codex
1411 5362 1459 5419 Δ
1484 5360 1660 5419 habet
1688 5360 1829 5414 ἀπά-

236 5451 326 5489 της
474 5448 512 5488 ll
584 5472 599 5488 ο

229 5451 326 5495 της
345 5437 599 5489 tantum.

299 5611 397 5680 (tt)
421 5611 725 5679 Deceptor.
761 5612 927 5667 Forte
951 5610 1111 5681 legit,
1132 5610 1158 5662 ὁ
1190 5580 1444 5664 ἀπατεών.

299 5681 431 5753 (uu)
462 5683 582 5753 Pro
609 5682 865 5739 honesto.
904 5684 969 5740 In
998 5685 1197 5739 Graeco
1226 5688 1333 5748 est,
1364 5698 1473 5752 pro
1502 5685 1716 5738 amato.

300 5751 420 5829 (υυ)
450 5752 791 5827 Apsorptos.
823 5754 1098 5812 Graecum
1137 5759 1324 5823 notat,
1356 5751 1513 5812 lucta
1543 5754 1743 5823 victos,
1765 5751 1828 5810 id

2029 5075 2119 5130 47)
2164 5073 2399 5129 Inclusa
2424 5073 2637 5129 desunt
2663 5076 2728 5127 A.

1950 5198 1960 5209 ,
2006 5145 2121 5209 (48)
2161 5145 2346 5207 Atii-ot;
2378 5146 2592 5200 omittit
2630 5148 2694 5200 A.

2028 5216 2118 5287 4-9)
2194 5216 2430 5287 Inclusa
2494 5216 2710 5273 omittit
2773 5219 2843 5274 A.
2919 5219 3137 5277 Eorum
3188 5219 3321 5277 loco
3380 5225 3587 5280 autem

1932 5286 2117 5343 habet
2144 5292 2233 5339 καὶ
2265 5289 2332 5338 τὰ
2374 5286 2461 5349 ἐξῆ
2475 5307 2516 5348 ς.

2005 5360 2119 5423 (50)
2160 5357 2396 5415 Inclusa
2424 5358 2645 5415 absunt
2670 5360 2741 5415 A.

2006 5428 2119 5504 (51)
2161 5434 2222 5483 Δέ
2250 5430 2418 5486 abest
2456 5434 2520 5484 Α.

1936 5612 2041 5679 est,
2084 5611 2431 5679 prostratos.
2466 5608 2758 5682 Interpres
2780 5610 3015 5669 videtur
3042 5612 3343 5673 invenisse
3363 5634 3591 5672 mmm-

1939 5682 2117 5742 θεδτας
2145 5684 2243 5737 aut
2270 5682 2794 5746 καταποτινσθέντας.
2868 5696 2879 5708 ’
