4130 6320
509 269 650 336 “(9

1799 277 1802 279 ‘
1835 263 2176 333 EUTHYMII
2217 262 2544 332 ZIGABENI

3737 269 3888 333 ιω

505 399 817 470 lationem,
842 397 1066 467 dicens,
1094 397 1262 472 quod
1291 397 1540 471 Spiritus
1581 403 1825 460 sanctus
1882 413 2164 472 coopera-

2277 399 2410 461 θίαν,
2440 427 2446 433 σ
2480 398 2640 469 λέγων
2695 398 2778 452 ὅτι
2837 400 2900 453 τό
2949 404 3164 470 Πνεῦμα
3230 401 3291 454 τό
3356 398 3506 472 ἅγιόν
3575 419 3888 474 manu“:

506 489 671 550 bitur
694 487 828 550 illis.

940 574 1092 633 CAP.
1126 576 1284 631 XVII.
1314 577 1400 633 De
1425 577 1760 636 Paracleto.

507 719 512 725 .
581 664 1259 726 Vers.26.0um—me.
1308 665 1388 722 De
1444 682 1580 724 mea
1627 666 1957 725 divinitate.
2015 669 2163 723 Nam

509 771 649 814 cum
671 755 843 812 Pater
862 752 1253 812 multifariam
1270 754 1676 814 testimonium
1700 755 2062 827 perhibuerit
2089 755 2164 812 de

509 843 878 918 me,Spiritus
889 847 1133 900 sanctus
1147 858 1389 914 quoque
1401 843 1767 900 multifariam
1781 844 2162 900 testimonium

509 933 756 992 omnino
808 930 1160 1006 perhibebit.
1233 931 1656 999 Testiﬁcabitur
1698 937 1897 989 autem
1955 931 2162 988 lucens

510 1023 571 1079 in
602 1021 886 1077 cordibus
911 1021 1126 1076 vestris
1159 1021 1228 1075 ad
1281 1022 1574 1092 majorem
1622 1022 2058 1087 certitudiuem,
2107 1024 2166 1080 et

509 1109 804 1173 miracula
829 1123 1088 1182 operans
1136 1109 1215 1168 ad
1244 1124 1464 1176 nomen
1516 1126 1739 1168 meum.
1783 1110 1923 1166 Vide
1962 1115 2163 1166 autem

509 1199 677 1275 quod
690 1199 864 1258 mittit
883 1197 1126 1272 quidem
1149 1213 1284 1254 eum
1301 1203 1357 1257 et
1377 1198 1572 1262 Filius,
1587 1205 1878 1270 tanquam
1890 1199 2163 1270 ejusdem

509 1305 650 1350 cum
678 1291 841 1348 Patre
866 1287 1112 1346 honoris
1139 1304 1151 1342 :
1174 1302 1384 1348 verum
1411 1287 1469 1343 id
1509 1304 1544 1344 a
1569 1288 1761 1353 Patre,
1785 1294 1930 1359 puta
1961 1303 2166 1358 proce-

510 1377 773 1451 dentem.
795 1375 1066 1434 Procedit
1093 1376 1296 1448 itaque
1323 1391 1360 1432 a
1389 1379 1575 1445 Patre,
1613 1381 1898 1448 tanquam
1930 1377 2006 1432 de
2035 1377 2164 1447 ejus

512 1464 869 1542 substantia.
902 1463 1039 1522 Ideo
1065 1465 1243 1524 etiam
1273 1465 1480 1524 omnia
1504 1481 1634 1538 quae
1666 1465 1848 1523 Patris
1871 1470 2009 1522 sunt
2054 1480 2166 1524 no-

507 1555 612 1619 vit,
637 1554 786 1611 sicut
815 1559 872 1610 et
900 1552 1094 1610 Filius.

584 1641 757 1711 Quod
787 1641 837 1698 si
867 1646 1036 1712 roget
1057 1643 1212 1714 quis,
1241 1658 1348 1698 cur
1383 1641 1561 1700 etiam
1593 1643 1773 1699 Filius
1795 1658 1916 1698 non
1948 1642 2164 1698 dicitur

2273 506 2471 548 αυτοις.

2598 582 2742 629 ΚΕΦ.
2777 575 2874 630 ῙΖ’.
2911 580 3036 649 Περὶ
3067 584 3158 628 τοῦ
3194 575 3556 648 Παρακλήτου.

2342 665 2503 718 Ὅταν
2545 696 2615 707 —-—
2658 664 2802 738 ίμοῦ.
2839 670 2963 736 Περὶ
3005 674 3100 726 τῆς
3145 664 3273 738 ἐμῆς
3325 668 3579 729 θεότητος.
3628 673 3736 719 Τοῦ
3782 670 3886 740 γὰρ

2275 757 2478 827 Πατρός
2529 751 2791 828 διαφόρως
2846 760 3284 828 μαρτυρήσαντος
3324 760 3441 827 περὶ
3489 754 3637 826 ἐμοῦ,
3687 760 3780 808 καὶ
3829 761 3886 808 τὸ

2275 849 2482 914 Πνεῦμᾱ
2552 846 2608 898 τὸ
2681 843 2830 913 ᾶγίον
2901 841 3160 916 διαφόρως
3241 848 3568 917 μαρτυρήσει
3656 848 3885 906 πάντας.

2272 937 2614 1006 Μαρτυρήσει
2698 929 2758 985 δέ
2832 932 3086 1004 magno»
3166 939 3277 992 ταῖς
3326 929 3574 1003 καρδίαις
3618 935 3764 1004 ὑμῶν
3819 935 3886 995 εἰς

2273 1020 2624 1093 πληροφορίαν
2700 1020 3032 1093 τελειοτέραν,
3089 1025 3178 1073 καὶ
3249 1029 3622 1094 τερατουργοῦν
3676 1021 3759 1074 ἐπὶ
3813 1031 3883 1094 τῷ

2274 1108 2488 1180 ὀνόματί
2541 1127 2662 1181 μου.
2729 1108 2884 1183 [Ὅρα
2941 1109 3052 1180 (40)
3129 1105 3189 1163 δὲ
3238 1111 3320 1162 ὃτι
3370 1113 3562 1181 πέμπει
3760 1110 3885 1162 αὐτό

2272 1203 2359 1252 καὶ
2391 1201 2533 1266 Υἱός,
2585 1201 2656 1260 ὡς
2705 1197 2955 1269 ὁμότιμος
3000 1206 3073 1268 τῷ
3126 1203 3316 1271 Πατρὶ,
3357 1201 3500 1272 παρὰ
3537 1205 3630 1250 τοῦ
3681 1201 3887 1269 Πατρός

2275 1283 2354 1352 δε,
2404 1289 2471 1348 ὡς
2521 1289 2667 1361 παρὰ
2713 1295 2804 1340 τοῦ
2853 1290 3054 1362 Πατρός
3109 1290 3530 1362 ἐκπορευόμενον.
3593 1289 3751 1359 Παρὰ
3797 1292 3889 1337 τοῦ

2275 1378 2480 1449 Πατρός
2542 1371 2600 1429 δε
2670 1375 3022 1448 ἐκπορεύεται,
3091 1378 3158 1437 ὡς
3216 1375 3272 1428 ἐκ
3337 1383 3432 1436 τῆς
3488 1375 3672 1436 οὐσίας
3726 1373 3891 1426 αὐτοῦ

2274 1468 2346 1517 ὄν.
2376 1467 2465 1517 Διό
2509 1468 2599 1518 καὶ
2644 1461 2756 1517 οἶδε
2785 1466 2956 1516 πάντα
2997 1466 3063 1516 τὰ
3092 1472 3185 1518 τοῦ
3234 1467 3460 1538 Πατρός,
3498 1465 3672 1536 ὥσπερ
3726 1464 3817 1514 καὶ
3863 1461 3889 1510 6

2274 1554 2410 1612 Υἱός.

2343 1641 2405 1695 Εἰ
2452 1637 2513 1693 δέ
2563 1661 2642 1703 τις
2687 1639 2852 1714 ἐρωτᾷ
2897 1649 3008 1702 πῶς
3061 1641 3119 1693 οὐ
3176 1640 3380 1712 λέγεται
3422 1645 3514 1694 καὶ
3565 1643 3625 1692 τὸ
3673 1646 3894 1710 Πνεῦμα

509 1731 639 1808 ipse
663 1731 932 1804 Spiritus,
966 1746 1101 1788 cum
1128 1731 1310 1788 etiam
1337 1731 1416 1787 ab
1457 1732 1670 1788 eodem
1729 1732 1802 1786 sit
1847 1735 2032 1796 Patre,
2077 1730 2159 1786 di-

2277 1727 2408 1795 Υἱός,
2465 1732 2550 1782 οἷα
2603 1731 2658 1781 ἐκ
2713 1738 2804 1782 τοῦ
2853 1730 3015 1784 αὐτοῦ
3069 1737 3272 1805 Πατρός
3331 1734 3404 1799 ὄν,
3471 1729 3679 1802 ἐροῦμεν
3744 1724 3893 1779 διότι

508 1836 735 1883 camus,
762 1818 906 1894 quia
925 1833 1050 1877 non
1079 1823 1255 1875 natus
1279 1824 1386 1886 est,
1411 1819 1931 1891 quemadmodum
1961 1820 2159 1889 Filius,

511 1910 613 1968 sed
636 1909 756 1966 alio
782 1907 965 1966 modo
987 1906 1276 1980 procedit.
1308 1908 1444 1964 Ideo
1465 1909 1612 1964 Nati
1629 1908 1876 1979 quidem
1905 1908 2166 1966 vocabu-

507 1998 634 2058 lum
687 1996 832 2053 Filio
875 1995 1171 2062 convenit,
1247 1997 1622 2052 Procedentis
1678 2013 1818 2052 vero
1904 1997 2162 2068 Spiritui.

508 2087 771 2142 Rursum
798 2083 844 2138 si
891 2093 1101 2155 pergat
1143 2084 1537 2154 interrogans,
1570 2084 1717 2156 quid
1770 2086 1842 2140 sit
1881 2085 1978 2142 illa
2035 2101 2164 2158 pro.

507 2174 716 2239 cessio,
743 2187 1060 2246 pergamus
1097 2176 1154 2230 et
1180 2188 1290 2230 nos
1318 2173 1600 2242 dicentes,
1637 2173 1986 2230 invertendo
2015 2189 2162 2246 pau-

508 2262 721 2328 lulum,
747 2261 913 2339 quod
940 2261 1021 2316 ait
1045 2261 1360 2330 Gregorius
1373 2261 1706 2332 Tbeologus
1730 2279 1743 2317 :
1781 2263 1880 2318 Dic
1911 2268 1974 2316 tu
1993 2277 2167 2331 gene-

506 2351 804 2411 rationem
836 2349 985 2413 Filii,
1015 2353 1073 2408 et
1098 2365 1212 2408 nos
1240 2355 1519 2406 naturam
1544 2349 1894 2422 eloquamur
1932 2366 2167 2422 proces-

510 2440 698 2501 sionis
732 2437 1085 2516 Spiritus:et
1107 2454 1177 2496 ex
1207 2454 1377 2511 aequo
1391 2439 1797 2511 pugnabimus
1821 2440 1956 2512 (rr),
1979 2440 2038 2494 in
2061 2439 2164 2498 Dei

507 2527 793 2601 mysteria
823 2531 1112 2600 tanquam
1147 2542 1254 2599 per
1279 2533 1666 2583 transennam
1717 2529 2161 2599 prospicientes.

581 2618 772 2684 Quare
809 2619 1011 2676 autem
1056 2615 1234 2674 Filius
1290 2620 1348 2672 et
1401 2615 1650 2688 Spiritus
1705 2633 1827 2672 non
1885 2617 2165 2673 dicuntur

507 2707 738 2774 fratres,
763 2720 902 2764 cum
932 2704 1213 2762 eumdem
1235 2704 1498 2762 habeant
1519 2707 1748 2762 Patrem
1779 2706 1807 2762 ‘2
1862 2706 2012 2770 Quia
2040 2721 2161 2762 non

508 2794 724 2852 eodem
744 2793 928 2850 modo
954 2809 1026 2848 ex
1056 2792 1154 2850 illo
1179 2798 1317 2850 sunt
1350 2810 1364 2861 ;
1401 2793 1700 2866 siquidem
1747 2793 1844 2850 ille
1873 2795 2160 2860 nascitur,

507 2881 602 2938 hic
624 2897 761 2938 vero
787 2881 1074 2952 procedit.

581 2973 740 3028 Vers.
765 2970 954 3026 27.157
979 2999 1047 3009 -
1077 2968 1238 3025 estis.
1276 2971 1473 3026 Testes
1524 2986 1871 3028 sermonum
1930 2978 1984 3026 et
2025 2987 2164 3043 ope-
2204 2967 2211 3006 ⁵

2273 1819 2332 1874 ού
2399 1825 2639 1891 γεννᾶται
2692 1821 2761 1880 ὡς
2811 1820 2837 1870 6
2904 1821 3037 1889 Υἱός,
3105 1817 3213 1870 ἀλλ’
3288 1819 3614 1891 ἐκπορεύεται
3694 1822 3891 1889 τρόπον

2273 1909 2458 1980 ἕτερον.
2521 1911 2608 1960 Διό
2667 1916 2738 1977 τῷ
2788 1915 3016 1978 γεννητῷ
3081 1911 3171 1978 μὲν
3245 1907 3432 1968 κλῆσις
3484 1909 3626 1969 Υἱός.
3673 1913 3748 1974 τῷ
3807 1904 3892 1956 ix-

2274 2004 2507 2070 πορευτῷ
2549 1993 2608 2048 δὲ
2661 2003 2886 2066 Πνεῦμα.
2946 1996 3006 2047 Εἰ
3055 1992 3115 2048 δὲ
3173 2000 3564 2068 προσερωτήσει
3615 2000 3698 2054 τίς
3748 1993 3892 2047 ἐστιν

2275 2085 2404 2142 αὕτη
2472 2086 2501 2141 ἡ
2576 2088 2901 2156 ἑκπόρευσις,
2963 2092 3317 2156 προσεροῦμεν
3385 2086 3617 2156 ὅφησιν
3675 2083 3795 2155 (41)
3868 2085 3893 2133 6

2276 2173 2530 2244 Θεολόγος
2587 2177 2890 2246 Γρηγόριος,
2952 2176 3138 2248 μικρὸν
3198 2172 3574 2235 ὑπαλλάξαντες
3630 2174 3712 2224 ὅτι
3767 2172 3895 2226 Εἰπὲ

2276 2267 2342 2316 σὺ
2365 2267 2458 2320 τήν
2487 2267 2726 2333 γέννησιν
2755 2270 2847 2313 τοῦ
2870 2269 3014 2326 Υὶοῦ,
3039 2267 3128 2315 καὶ
3159 2263 3304 2333 ἡμεῖς
3326 2260 3776 2333 φυσιολογὴσομεν
3797 2265 3894 2318 τήν

2274 2350 2577 2423 ἐκπόριυσιν
2601 2359 2691 2403 τοῦ
2722 2353 3041 2422 Πνεύματος,
3064 2355 3153 2402 καὶ
3179 2349 3675 2426 παραπληκτίσομεν
3697 2351 3860 2407 inter.
3875 2371 3898 2411 ς

2274 2441 2346 2500 εἰς
2375 2445 2502 2492 Θεοῦ
2535 2444 2804 2514 μυστήρια
2831 2442 3274 2512 παρακύπτοντες.

2347 2623 2446 2672 Καὶ
2504 2613 2651 2669 διατί
2697 2617 2722 2666 6
2785 2617 2905 2676 Υἱός
2969 2620 3058 2668 καὶ
3112 2619 3170 2668 τό
3241 2621 3447 2686 Πνεῦμα
3512 2615 3571 2670 ού
3646 2613 3892 2686 λέγονται

2273 2702 2504 2777 ἀδελφοὶ,
2531 2709 2618 2757 τόν
2645 2707 2798 2756 αὐτὸν
2829 2706 3037 2775 ἔχοντες
3068 2708 3275 2778 Πατέρα
3302 2721 3314 2770 ;
3345 2708 3484 2756 Διότι
3513 2703 3572 2756 ού
3602 2707 3689 2759 τὸν
3725 2703 3890 2759 αὐτὸν

2269 2799 2458 2868 τρόπον
2481 2794 2611 2846 εἰσὶν
2637 2793 2689 2856 ἐξ
2714 2793 2874 2846 αὐτοῦ
2893 2811 2904 2824 ⁸
2941 2793 2965 2844 ὁ
2995 2795 3085 2864 μεν
3114 2795 3212 2868 γὰρ
3239 2799 3500 2864 γεννᾶται,
3529 2795 3586 2844 τό
3618 2788 3678 2844 δε
3699 2790 3889 2862 Exsup-

2273 2886 2464 2937 εύεται.

2347 2977 2447 3025 Καὶ
2490 3002 2558 3014 -—
2594 2970 2735 3027 ἐστέ.
2786 2974 2886 3023 Καὶ
2937 2971 3083 3041 ὑμεῖς
3125 2972 3385 3045 μάρτυρες
3429 2977 3531 3022 τῶν
3578 2968 3744 3040 λόγων
3794 2973 3875 3019 καὶ

506 3075 641 3119 rum
675 3073 970 3124 meorum,
1007 3073 1076 3115 ac
1102 3073 1252 3116 mea;
1280 3057 1500 3115 divinm
1531 3060 1804 3131 potentiae
1831 3059 1948 3114 ﬁde
1975 3059 2158 3129 digni,

2277 3063 2432 3134 ἔργων
2484 3079 2604 3132 μου,
2650 3064 2738 3112 καὶ
2787 3068 2882 3121 τῆς
2911 3058 3041 3131 ἐμῆς
3083 3061 3393 3132 θεοπρεποῦς
3442 3056 3713 3129 δυνάμεως
3746 3057 3878 3118 ἀξιό-

510 3148 656 3220 quia
676 3146 754 3203 ab
779 3146 944 3202 initio
969 3145 1409 3217 praedicationis
1464 3163 1854 3219 meorumque
1915 3147 2166 3204 miracu-

508 3236 706 3294 lorum
734 3251 972 3294 mecum
1001 3235 1162 3301 estis,
1194 3241 1251 3291 et
1273 3235 1523 3292 omnino
1577 3235 1796 3291 multos
1844 3237 1921 3292 ad
1983 3237 2164 3292 ﬁdem

506 3311 835 3386 adducetis,
865 3339 1060 3396 neque
1089 3323 1248 3380 enim
1281 3339 1491 3380 omnes
1531 3324 1795 3380 Similiter
1835 3326 1975 3381 mali
2003 3330 2160 3382 sunt.

581 3416 730 3470 CAP.
761 3413 898 3468 XVI.
940 3414 1096 3468 Vers.
1133 3418 1180 3468 I.
1235 3413 1380 3468 Haec
1429 3444 1499 3454 -—
1546 3413 1956 3482 o/fendamini.
2019 3415 2164 3472 Cum

509 3501 706 3560 malos
735 3500 997 3560 videritis
1030 3505 1455 3577 persequentes
1502 3518 1632 3571 vos,
1693 3518 1762 3558 ac
1793 3503 2012 3574 injuria
2034 3502 2162 3559 atii-

510 3590 730 3647 cientes
759 3590 863 3645 sed
895 3595 1322 3661 cognoscentes
1349 3593 1471 3660 (ss),
1498 3590 1664 3663 quod
1696 3590 2028 3647 Paracletus
2059 3608 2162 3647 vo-

507 3679 603 3737 bis
635 3678 972 3744 auxilietur,
1005 3678 1168 3736 bono
1198 3677 1322 3736 sitis
1346 3679 1568 3750 animo,
1594 3695 1664 3735 ac
1687 3680 1926 3736 viriliter
1947 3680 2158 3750 agatis.

583 3770 740 3824 Vers.
774 3767 825 3824 2.
858 3768 1056 3824 Extra
1086 3783 1421 3840 synagogas
1451 3800 1520 3810 —
1549 3784 1669 3824 vos.
1697 3769 2046 3825 Praedictum
2074 3776 2164 3826 est

509 3857 670 3918 enim
699 3859 767 3924 ¹³,
791 3857 958 3931 quod
984 3861 1318 3913 statuerunt
1339 3856 1546 3922 Judmi,
1592 3862 1655 3912 ut
1685 3857 1736 3914 si
1790 3858 1924 3930 quis
1976 3859 2164 3914 conti-

509 3951 728 4004 teretur
755 3947 956 4020 ipsum
1021 3961 1150 4001 esse
1199 3945 1515 4011 Christum,
1561 3951 1728 4002 extra
1780 3948 2162 4018 Synagogam

511 4035 838 4106 ejiceretur.

582 4125 741 4178 Vers.
774 4128 826 4177 2.
857 4121 968 4178 Sed
1015 4151 1086 4162 —
1138 4121 1276 4178 Deo.
1329 4121 1445 4177 Sed
1471 4122 1828 4194 procedente
1874 4127 2157 4194 tempore,

510 4209 722 4291 inquit,
782 4209 933 4268 adeo
980 4210 1299 4274 insanient,
1347 4216 1632 4282 tantoque
1675 4211 1874 4266 studio
1902 4218 2162 4268 vestram

512 4299 878 4356 aﬂ‘ectabunt
915 4304 1191 4363 mortem,
1247 4304 1309 4356 ut
1357 4315 1494 4355 eum
1547 4299 1651 4371 qui
1707 4317 1809 4354 vos
1859 4301 2159 4365 occiderit,

2271 3167 2474 3208 maror,
2539 3145 2678 3200 διότι
2730 3148 2821 3199 ἄπ’
2875 3145 3052 3220 ἀρχῆς
3105 3154 3196 3198 τοῦ
3248 3150 3591 3221 κηρύγματος
3646 3151 3734 3197 καὶ
3789 3153 3889 3197 τῶν

2277 3239 2555 3308 θαυμάτων
2624 3236 2734 3308 μετ’
2801 3232 2925 3308 ἐμοῦ
2974 3237 3106 3304 ἐστε,
3169 3240 3258 3288 καὶ
3305 3235 3526 3296 πολλοὺς
3590 3236 3700 3302 (42)
3757 3237 3893 3285 πείν-

2272 3345 2369 3387 τως
2400 3324 2676 3399 ἀγρεύσετε
2711 3328 2842 3396 πρός
2871 3329 2964 3383 τὴν
2995 3329 3173 3380 πίστιν
3209 3343 3219 3352 ·
3253 3324 3312 3377 ού
3337 3327 3438 3398 γὰρ
3469 3327 3649 3384 πάντες
3689 3321 3894 3394 ὁμοίως

2272 3418 2515 3489 πονηροί.

2341 3510 2520 3556 Ταῦτα
2557 3533 2627 3542 -
2681 3497 3126 3560 σκανδαλισθῆτε.
3177 3500 3338 3554 Ὀταν
3389 3498 3545 3559 ἴδητε
3602 3503 3724 3561 τοῦς
3782 3519 3887 3554 πο-

2270 3595 2452 3665 νηρούς
2485 3588 2764 3650 διώκοντας
2791 3592 2924 3662 ὑμᾶς
2963 3593 3053 3641 καὶ
3082 3597 3391 3656 κακοῦντας,
3426 3588 3532 3642 ἀλλ’
3570 3591 3653 3642 ἱνα
3678 3594 3884 3658 γινώσ-

2270 3700 2441 3743 κοντες
2473 3682 2552 3733 ὅτι
2583 3682 2608 3732 6
2639 3679 2980 3755 Παράκλητος
3003 3678 3267 3752 ἐπικουρεῖ
3308 3680 3446 3751 ὑμῖν,
3477 3677 3764 3749 εὖψυχεῖτε
3791 3683 3878 3730 καὶ

2273 3767 2607 3842 ἀνδρίζεσθε.

2345 3859 2811 3930 ’Δποσυναγώγους
2845 3888 2910 3898 --
2943 3856 3099 3929 ὑμᾶς.
3142 3861 3453 3932 Προείρηται
3500 3857 3602 3929 γὰρ
3633 3857 3721 3909 ότι
3754 3877 3870 3910 συν-

2271 3949 2438 4000 ἑθεντο
2463 3951 2513 3998 οἶ
2539 3943 2808 4017 Ἰουδαῖοι,
2837 3947 2938 4010 ἵνα,
2971 3946 3056 3998 ἐάν
3088 3965 3168 4008 τις
3199 3946 3355 3998 αὐτὸν
3389 3945 3688 4018 ὁμολογήσῃ
3718 3953 3882 4020 Χρισ-

2271 4041 2378 4101 τὸν,
2407 4035 2819 4107 ἀποσυνάγωγος
2854 4038 3087 4105 γένηται.

2343 4124 2475 4177 Ἀλλ’
2505 4156 2576 4164 —
2607 4132 2739 4195 Θεῷ.
2779 4122 2940 4178 Ἀλλά
2991 4128 3262 4198 προίόντος
3299 4130 3389 4175 τοῦ
3430 4128 3649 4195 χρόνοῠ,
3700 4127 3881 4194 φησιν,

2271 4221 2516 4265 τοσοῦτον
2560 4211 2940 4284 ἐκμανήσονται
2985 4217 3076 4265 καὶ
3125 4207 3584 4284 περισπούδαστον
3636 4217 3889 4269 ποιῆσον.

2271 4321 2359 4353 ται
2403 4304 2488 4354 τὸν
2542 4303 2757 4354 θάνατον
2815 4302 2976 4372 ὑμῶν,
3032 4303 3163 4354 ὥστε
3218 4303 3305 4352 τόν
3346 4297 3711 4355 ἀποκτείνοντα
3769 4301 3882 4370 (43)

511 4393 716 4464 putent
743 4388 1100 4445 sacriﬁcium
1141 4403 1211 4442 ac
1237 4386 1543 4443 victimam
1591 4387 1878 4444 obtulisse
1927 4392 2066 4456 Deo,
2109 4397 2164 4446 et

2277 4392 2406 4462 ὑμᾶς
2467 4386 2636 4442 δοκεῖν
2694 4392 2878 4442 θυσίαν
2927 4394 3234 4462 προσφέρειν
3282 4397 3356 4459 τῷ
3405 4396 3533 4458 Θεῷ,
3586 4394 3679 4439 καὶ
3733 4396 3882 4460 vopi-

511 4479 830 4554 opinentur
851 4477 1100 4533 coluisse
1125 4492 1262 4532 eum
1303 4475 1515 4548 magis,
1541 4477 1712 4551 eique
1743 4477 2059 4549 placuisse,
2103 4488 2164 4536 ut

510 4568 614 4643 qui
639 4566 982 4623 seductores
1005 4581 1075 4622 ac
1107 4565 1414 4636 pestiferos
1473 4566 1773 4624 occiderit.
1834 4568 2161 4640 Postquam

509 4655 784 4731 praedixit
809 4656 1022 4720 tristia,
1050 4654 1216 4714 addit
1239 4654 1453 4713 iterum
1495 4655 1982 4713 consolationem.

524 4803 526 4808 '
583 4796 634 4835 ’⁸
671 4793 844 4853 Joan.
886 4809 967 4862 1x,
998 4798 1087 4851 20.-

2276 4483 2379 4542 ζειν
2429 4478 2656 4532 εὐσεϐεῖν
2702 4477 2892 4550 μᾶλλον
2936 4483 3023 4531 καὶ
3082 4478 3375 4540 εὐαρεστεῖν
3421 4476 3580 4547 αὐτῷ,
3630 4479 3696 4537 ὡς
3757 4475 3880 4530 ἁπο-

2273 4571 2537 4621 κτείνοντα
2616 4567 2860 4637 πλάνους,
2915 4571 3002 4622 καὶ
3061 4566 3343 4638 λυμεῶνας,
3401 4571 3490 4619 καὶ
3559 4567 3869 4635 θεοστυγεῖς.

2273 4661 2537 4729 Προειπὼν
2587 4653 2646 4709 δὲ
2690 4659 2756 4710 τὰ
2806 4655 3035 4732 λυπηρὰ,
3079 4657 3258 4727 ἐπείγει
3312 4655 3466 4709 πάλιν
3518 4655 3864 4730 παραμυθίαν.

1723 4894 1939 4964 Variae
1976 4895 2306 4968 lectiones
2349 4906 2415 4965 et
2449 4905 2658 4977 notae.

582 5036 702 5108 (40)
729 5035 966 5092 Inclusa
995 5034 1215 5108 absunt
1241 5039 1308 5092 Α.

581 5106 894 5181 (“Locus
925 5106 1185 5182 Gregorii
1213 5106 1487 5182 Nazianz.‘
1512 5106 1572 5162 in
1617 5113 1768 5164 orat.
1818 5108 1892 5182 d_e
1947 5109 2166 5182 Spiritu

509 5175 740 5243 sancto,
782 5195 841 5251 p.
894 5175 1195 5242 22I,'init.
1246 5178 1336 5251 ita
1393 5177 1573 5234 habet
1621 5197 1633 5232 :
1686 5184 1778 5240 Τίς
1813 5175 1899 5231 οὖν
1939 5175 2164 5238 η’ἐκπό-

507 5270 683 5326 ρευσις
732 5247 902 5316 ςἐἰπε
957 5253 1021 5302 σὺ
1087 5253 1181 5326 την
1236 5247 1544 5326 ἁγεννη-σίαν
1597 5258 1688 5303 τοῦ
1748 5256 1969 5326 Πατρός,
2018 5251 2163 5326 κάγὼ

508 5321 602 5381 τὴν
654 5325 893 5392 γέννησιν
957 5328 1048 5373 τοῦ
1079 5323 1206 5375 Υἱοῦ
1259 5321 1648 5394 φυσιολογήσω,
1713 5327 1802 5376 καὶ
1862 5321 1965 5382 τὴν
2015 5321 2166 5377 ἐκπό-

541 5569 552 5582 .
581 5497 700 5583 (ιτς)¹
723 5499 801 5555 Et
827 5513 898 5556 ea.
921 5513 1083 5583 a3qu
1100 5497 1493 5583 pugnabimus
1521 5499 2066 5583 ~‘prospicientes.
2097 5503 2164 5583 Et

507 5569 792 5640 similiter,
838 5569 1012 5649 quasi
1047 5569 1389 5640 delirantes,
1443 5569 1891 5629 conabimu'r—
1939 5573 2165 5648 prospi-

507 5657 662 5707 cere.

2273 5057 2448 5113 ρευσιν
2494 5045 2587 5091 τοῦ
2619 5045 2936 5112 Πνευματος,
2968 5041 3052 5090 καὶ
3081 5035 3583 5113 παραπληκτισομεν
3623 5058 3777 5113 αμφω
3809 5037 3883 5102 εἰς

2275 5112 2427 5184 ΘεοῦΔ
2435 5115 2707 5184 μυστήρια
2730 5112 3172 5184 παρακύπτοντες,

2368 5129 2407 5162 ιυ
2477 5129 2707 5180 υστηρια
2730 5129 3142 5184 παρακυπτοντες

2368 5129 2474 5326 4Ξῖ
2488 5181 2666 5251 Πάλιν,
2708 5197 2818 5253 pro
2843 5180 3061 5243 πολλούς
3087 5187 3142 5234 Β.

2368 5257 2432 5308 43
2489 5253 2889 5307 Ἀποκτείναντα
2908 5254 2976 5321 Α,
3014 5257 3077 5310 ut
3098 5269 3142 5309 e:

2368 5252 2458 5321 43)
2489 5252 2889 5307 Ἀποκτείναντα
2908 5254 2976 5321 Α,
3014 5257 3077 5310 ut
3098 5255 3188 5309 est
3212 5252 3274 5313 in
3304 5255 3489 5311 textu.

2341 5501 2447 5575 (ss)
2495 5502 2613 5560 Sed
2633 5508 3068 5575 cognoscentes.
3097 5500 3208 5558 Ἵνα
3230 5516 3357 5560 non
3386 5500 3678 5575 expressit
3707 5506 3891 5562 inter-

2271 5574 2430 5649 pres,
2451 5590 2521 5633 ac
2545 5574 2884 5633 redundare
2907 5575 3169 5635 videtur.
