4130 6320
199 370 226 430 ¹Ι
240 363 340 430 424

1226 362 1591 431 COMMENT.
1631 370 1704 429 IN
1740 356 2086 429 JOANNEM.
2121 403 2191 414 —
2219 362 2376 428 CAP.
2418 360 2573 431 xvi.

3434 360 3576 429 μοι

278 503 385 553 Καὶ
416 528 481 540 -
508 497 615 573 ἐμέ.
666 499 740 552 Δι’
770 497 856 560 οῦς
885 504 1052 551 ταῦτα
1090 500 1478 558 ὑποστήσεσθε.
1522 503 1624 553 Καὶ
1664 497 1812 573 ἀρκεῖ

1998 498 2159 553 Vers.
2213 501 2265 553 3.
2293 498 2365 552 Et
2389 528 2458 538 -
2510 512 2621 556 me.
2677 498 2922 573 Propter
2968 482 3125 573 quos
3162 498 3291 557 haec
3321 499 3577 557 sustine-

201 589 329 662 ὑμῖν
370 588 437 649 εἰς
467 589 798 664 παράκλησιν
830 592 888 641 τὸ
922 585 994 641 δι’
1023 590 1162 661 ἡμᾶς
1192 597 1359 641 ταῦτα
1388 592 1638 661 πάσχειν,
1694 587 1809 639 Ούκ

201 680 439 750 ἔγνωσαν
470 674 531 731 δί
553 681 639 731 τὸν
676 682 881 750 Πατέρα
930 674 1055 731 ούδέ
1095 676 1181 750 ἐμὲ
1227 678 1445 748 ἑκόντες,
1478 681 1543 739 ὡς
1573 677 1808 731 ἐθελοκα-

201 775 433 829 κοῦντες.

280 946 437 1000 Ἀλλὰ
463 978 522 988 -
549 948 691 1018 ὑμῖν.
719 945 850 1009 Ἵνα,
879 948 999 998 ὅταν
1030 946 1149 1018 ἢθη
1181 946 1206 996 ὁ
1247 948 1431 1019 καιρὸς
1460 950 1554 1007 τῆς
1586 943 1811 1007 διώξεως

204 1041 299 1087 καὶ
326 1035 635 1110 ἀναιρέσεως
674 1037 835 1107 ὑμῶν,
871 1038 1223 1109 μνημονεύητε
1270 1035 1435 1087 αὐτῶν
1474 1036 1542 1085 ὧν
1583 1032 1650 1092 δὴ
1694 1035 1809 1105 (44)

1916 585 2053 642 bitis
2086 605 2098 641 :
2133 592 2188 643 et
2229 586 2368 642 satis
2407 591 2495 643 est
2539 587 2708 643 vobis
2766 589 2843 645 ad
2886 587 3381 656 consolationem,
3415 588 3578 661 quod

1915 674 2044 729 hac
2075 679 2316 746 propter
2343 689 2455 729 nos
2493 675 2825 746 patiamini.
2864 677 3002 733 Non
3033 682 3325 734 noverunt
3376 681 3575 735 autem

1917 764 2181 827 Patrem,
2213 777 2400 833 neque
2423 778 2531 829 me,
2581 763 2758 837 idque
2784 764 3131 833 voluntarie,
3175 771 3386 839 sponte
3413 766 3577 824 vide-

1917 852 2052 908 licet
2113 852 2403 909 deteriora
2458 856 2771 910 sectantes.

1988 942 2146 995 Vers.
2199 943 2256 997 4.
2285 939 2397 996 Sed
2420 971 2489 981 —
2518 942 2696 998 vobis.
2760 944 2846 1013 Ut,
2878 958 3013 1000 cum
3050 943 3277 1000 venerit
3333 947 3574 1017 tempus

1916 1029 2343 1100 persecutionis
2419 1045 2490 1086 ac
2557 1032 2761 1086 mortis
2827 1036 3050 1099 vestrae,
3103 1032 3574 1089 reminiscamini

204 1122 465 1182 λελάληκα
511 1126 655 1196 ὑμῖν,
686 1128 848 1195 ἤγουν
881 1126 964 1175 ἵνα
1026 1127 1381 1196 μνημονεύητε
1434 1124 1513 1176 ὄτι
1544 1123 1643 1194 ἐγὼ
1671 1119 1811 1175 εἷπον

1938 1132 2125 1173 serum
2153 1134 2290 1190 quae
2330 1118 2601 1175 videlicet
2630 1120 2867 1177 locutus
2893 1137 3025 1177 sum
3056 1121 3223 1177 vobis
3266 1139 3280 1177 :
3323 1122 3465 1188 sive,
3505 1126 3573 1178 ut

207 1214 333 1285 ύμῖν
357 1216 545 1279 πάντα,
580 1216 649 1274 ὡς
678 1216 850 1265 πάντα
888 1208 1058 1278 εἰδὼς,
1108 1218 1200 1264 καὶ
1228 1214 1309 1264 ἶνα
1339 1214 1440 1265 ἀπὸ
1478 1220 1569 1272 τῆς
1596 1210 1814 1272 ἀληθοῦς

206 1304 631 1375 προαγορεύσειικ
660 1310 759 1354 τῶν
792 1303 904 1373 (45)
937 1303 1261 1375 σκυθρωπῶν
1303 1302 1507 1371 ἡγῆσθέ
1530 1319 1594 1372 με
1624 1303 1812 1352 πιστὸν

205 1395 300 1443 καὶ
324 1389 408 1443 ἐπὶ
454 1398 567 1451 ταῖς
601 1389 817 1462 ἀγαθαῖς
847 1389 1193 1461 ἐπαγγελίαις.
1234 1389 1293 1441 Ὀ
1349 1392 1450 1463 γὰρ
1508 1387 1717 1441 ἀπατῶν
1753 1388 1811 1441 ού

207 1478 449 1553 προλέγει
479 1482 545 1532 τὰ
575 1479 842 1551 ἀπάγοντα
864 1487 960 1540 τῆς
987 1481 1105 1550 (46)
1143 1477 1364 1544 ἀπάτης,
1399 1476 1528 1529 ἀλλὰ
1579 1482 1712 1549 μόνα
1748 1479 1813 1529 τά

207 1568 438 1623 ἕλκοντα.

280 1752 456 1799 Ταῦτα
495 1743 554 1799 δε
584 1752 673 1799 καὶ
721 1750 787 1799 τὰ
816 1754 1033 1799 τοιαῦτα
1086 1754 1313 1817 συνεχῶς
1358 1745 1531 1806 αὐτοῖς
1571 1744 1810 1816 ἑπιλιῖγει,

211 1838 316 1903 ἱνα,
353 1837 472 1888 ὅταν
501 1837 762 1907 πάσχωσι
791 1840 862 1908 μὴ
921 1836 1258 1907 θορύϐωνται,
1290 1832 1588 1906 προειδότες
1640 1841 1811 1899 τοῦτο,
1843 1852 1883 1905 Β

212 1919 355 1992 μηδὲ
385 1924 777 1996 μαλακίςωνται
813 1929 1157 1995 γινώσκοντες
1190 1926 1268 1975 ὃτι
1301 1920 1393 1974 ὃῖά
1421 1926 1508 1974 τὸν
1536 1925 1665 1974 Θεὸν
1717 1924 1815 1973 πά-

217 2015 596 2084 σχουσι.Μὲγα
620 2016 722 2087 γὰρ
752 2015 1020 2087 φάρμακον
1052 2011 1099 2063 ἐν
1127 2020 1234 2074 τοῖς
1262 2013 1387 2084 ὑπὲρ
1412 2018 1598 2085 ἀρετῆς
1621 2010 1808 2082 ἀγῶσι,

217 2105 279 2153 τὸ
309 2107 583 2172 γινώσκειν
615 2103 741 2175 ὑπὲρ
795 2107 931 2163 τίνος
970 2103 995 2153 ὁ
1024 2100 1181 2172 ἀγών,
1239 2105 1339 2153 Καὶ
1380 2103 1515 2172 ἡμᾶς
1546 2097 1653 2169 οὖν,
1685 2102 1811 2174 ὑπὲρ

216 2188 378 2241 καλοῦ
408 2193 738 2261 πάσχοντας,
762 2192 1174 2263 παραμυθείσθω
1193 2196 1249 2241 το
1277 2196 1551 2259 γινώσκειν
1577 2191 1656 2240 ὅτι
1685 2190 1812 2263 ὑπὲρ

216 2278 377 2331 καλοῦ
402 2281 681 2352 πάσχομεν
712 2298 725 2312 ⁸
761 2279 805 2331 εἰ
849 2282 950 2352 γὰρ
982 2280 1109 2351 ὑπὲρ
1141 2277 1414 2349 ἀγαπητοῦ
1464 2298 1538 2339 τις
1587 2280 1814 2349 πάσχων

214 2372 418 2442 χαίρει,
482 2367 651 2439 πολλῷ
707 2366 898 2440 μᾶλλον
954 2369 1081 2439 ὑπὲρ
1155 2375 1247 2419 τοῦ
1313 2374 1447 2420 Θεοῦ
1520 2371 1610 2418 καὶ
1686 2368 1811 2438 ὑπὲρ

217 2455 371 2529 ἀρετῆ
385 2475 426 2516 ς.

286 2550 466 2597 Ταῦτα
496 2575 565 2585 -
603 2548 764 2616 ἤμην.
805 2543 926 2597 ’Ὁτι
977 2545 1091 2617 μεθ’
1137 2546 1281 2617 ὑμῶν
1328 2548 1419 2595 καὶ⁵
1457 2543 1550 2596 οῦκ
1588 2542 1814 2614 ἐμέλλετε

214 2633 351 2685 οὕτω
371 2635 573 2699 παθεῖν,
608 2635 700 2695 ἕως
732 2634 844 2706 μεθ’
874 2636 1016 2705 ὑμῶν
1046 2637 1205 2704 ἤμην.
1238 2638 1345 2685 Νῦν
1372 2628 1431 2684 δέ
1467 2638 1631 2683 ταῦτα
1659 2631 1810 2701 λέγω,

216 2718 358 2773 διότι
387 2722 695 2795 χωρίζομαι
715 2724 879 2794 ὑμῶν,
936 2726 1026 2773 καὶ
1085 2720 1385 2792 ἐγγίζουσιν
1432 2716 1539 2777 ἤδη
1573 2721 1639 2771 τά
1670 2716 1814 2771 δεινὰ

219 2810 361 2881 ὑμῖν,

289 2902 390 2949 Καὶ
441 2902 544 2969 μὴν
588 2902 677 2949 καὶ
716 2898 769 2960 ἐξ
798 2897 995 2972 ἀρχῆς,
1035 2899 1117 2949 ὅτε
1183 2896 1414 2949 ἐκάλεσεν
1472 2895 1675 2961 αὐτοὺς,
1724 2900 1814 2947 καὶ

214 2985 312 3059 [εἰς
362 2986 478 3058 (47)
534 2984 827 3048 ἀποστοξην
881 2985 1098 3059 ἔταξεν,]
1157 2981 1291 3038 εἶπεν
1351 2984 1521 3045 αὐτοῖς
1561 2985 1672 3056 (4-8)
1734 2985 1814 3036 ὅτι

219 3071 358 3128 Ἰδοὺ
412 3073 511 3145 ἐγὼ
554 3073 848 3126 ἀποστέλλω
932 3076 1062 3146 ὑμᾶς
1132 3077 1199 3134 ὡς
1270 3072 1509 3147 πρόϐατα
1562 3072 1610 3125 ἐν
1673 3077 1815 3144 μέσῳ

215 3164 382 3215 λύκων
438 3181 450 3192 '
493 3168 583 3214 καὶ
625 3165 704 3215 ὅτι
758 3160 1177 3237 Παραὸὼσουσιν
1232 3163 1362 3234 ὑμᾶς
1422 3163 1491 3223 εἰς
1545 3159 1812 3234 συνέδρια,

220 3257 309 3304 καὶ
399 3250 447 3303 ἓν
519 3259 636 3315 ταῖς
726 3259 1059 3322 συναγωγαῖς

223 3341 425 3414 [ὑμᾶς’
486 3341 598 3413 (49)
661 3345 750 3392 καὶ
811 3343 890 3392 ὅτι
944 3340 1060 3392 Ἐπὶ
1123 3342 1381 3412 ἡγεμόνας
1432 3344 1517 3392 καὶ
1580 3339 1819 3412 βασιλεῖς

223 3428 528 3499 ἀχθήσεσθε
579 3429 737 3481 ἕνεκεν
789 3428 914 3501 ὶμοῦ
940 3467 952 3479 .
986 3433 1076 3480 καὶ
1141 3430 1221 3481 ὅτι
1262 3428 1484 3481 ’Ἑσεσθε
1512 3432 1818 3501 μισούμενοι

222 3519 321 3569 ύπό
351 3520 550 3569 πάντων
596 3514 690 3569 διὰ
722 3520 780 3569 τὸ
830 3519 989 3589 ὄνομά
1020 3537 1119 3589 μου
1150 3536 1162 3549 '
1196 3522 1285 3569 καὶ
1324 3519 1401 3569 ὅτι
1456 3521 1540 3575 Μὴ
1590 3516 1819 3589 φοϐῆσθε

1132 3251 1299 3302 αὐτῶν
1386 3257 1817 3323 μαστιγώσουσιν

223 3604 323 3657 ἀπὸ
376 3615 477 3657 τῶν
506 3605 908 3659 ἀποκτεινόντων
946 3610 1004 3658 τὸ
1038 3615 1190 3678 σῶμα
1223 3623 1234 3635 ·
1263 3611 1279 3671 ]
1320 3611 1409 3657 καὶ
1455 3606 1615 3658 πολλά
1643 3613 1816 3659 τοιαῦ-

222 3712 305 3747 τα.

293 3788 409 3844 Πῶς
437 3779 525 3835 οὖν
556 3780 691 3836 εἶπεν
721 3786 801 3836 ὅτι
833 3791 1013 3837 Ταῦτα
1050 3785 1171 3855 ὑμῖν
1203 3784 1255 3847 ἐξ
1308 3783 1485 3858 ἀρχῆς
1514 3783 1607 3835 ούκ
1634 3781 1771 3836 εἶπον
1800 3799 1813 3849 ;

225 3877 362 3925 Διοτι
386 3870 606 3923 ἐνταῦθα
630 3876 688 3924 τὸ
714 3880 890 3925 Ταῦτα
928 3874 1075 3947 ἔτερα
1110 3874 1230 3947 παρ’
1262 3872 1427 3926 ἐκεῖνα
1484 3870 1655 3936 δηλοῖ,
1686 3878 1818 3945 φημὶ

226 3959 292 4019 δὴ
324 3965 380 4013 τό
413 3979 425 3991 ’
457 3961 593 4013 Ἀλλ’
646 3964 859 4033 ἔρχεται
908 3964 1037 4036 ὥρα,
1090 3965 1252 4014 εἶτουν
1300 3962 1529 4033 Ἐγγίζει
1558 3981 1570 3993 ·
1599 3965 1764 4013 καὶτὸ
1800 3977 1814 3991 ·

223 4049 333 4103 Ἵνα
358 4056 462 4111 πᾶς
490 4052 515 4101 ὁ
547 4049 851 4112 ἀποκτείνας
888 4052 1019 4123 ὑμᾶς
1038 4048 1191 4124 [δόξῃ
1244 4052 1362 4121 (50)
1392 4050 1625 4123 λατρείαν
1651 4069 1817 4124 προσ.

228 4145 390 4213 φέρειν
417 4148 489 4211 τῷ
517 4139 669 4211 Θεῷ.]
695 4146 874 4192 Ταῦτα
917 4142 1019 4214 γάρ
1059 4147 1147 4190 νῦν
1192 4136 1325 4191 εἶπεν
1366 4139 1557 4205 αύτοῖς,
1601 4138 1820 4213 φοϐερώ-

225 4247 347 4300 τερα
376 4228 576 4281 ἐκείνων
603 4232 743 4283 ὄντα.

298 4324 406 4369 Νῦν
464 4348 531 4357 -
585 4316 800 4387 ὑπάγεις
854 4333 868 4383 ;
919 4314 1067 4369 Ἰδὼν
1119 4316 1321 4379 αύτούς
1369 4317 1525 4377 οὕτως
1576 4317 1676 4368 ύπό
1732 4323 1824 4377 τῆς

228 4405 456 4476 ἀθυμίας
512 4406 1052 4471 καταπαλαισθέντας,
1117 4408 1185 4467 ὡς
1257 4405 1486 4477 ἀφώνους
1560 4407 1819 4477 γενέσθαι,

227 4500 410 4567 καὶμὴ
456 4492 718 4547 δύνασθαι
744 4495 884 4564 αὐτῷ
914 4494 1243 4569 προσλαλεῖν,
1295 4491 1542 4555 ὀνειδίζει
1591 4500 1682 4553 τὴν
1720 4498 1823 4547 απὸ

226 4592 315 4644 τῆς
378 4586 628 4647 τοιαύτης
682 4583 906 4656 ἀθυμίας
957 4588 1133 4657 σιγὴν,
1181 4584 1339 4657 λέγων
1381 4602 1394 4615 '
1452 4591 1560 4638 Νῦν
1612 4584 1724 4657 (51)
1764 4581 1823 4637 δι

298 4734 344 4770 ¹⁴
382 4735 576 4792 Matth.
608 4752 666 4801 ι,
712 4739 795 4792 I6.
926 4735 973 4769 ¹⁵
1004 4732 1148 4791 ibid.
1180 4735 1269 4799 17,
1308 4738 1391 4801 18,
1422 4739 1510 4792 '22.

1851 3203 1889 3256 (ἶ

1857 4451 1902 4505 D

1920 1207 2331 1273 recordemini,
2366 1209 2532 1280 quod
2585 1224 2698 1279 ego
2747 1210 3122 1282 preedixerim
3169 1210 3341 1267 vobis
3370 1212 3577 1268 omnia

1918 1303 2210 1368 tanquam
2260 1298 2539 1353 universa
2595 1314 2966 1369 cognoscens
2999 1317 3013 1355 :
3046 1306 3103 1356 et
3134 1305 3195 1357 ut
3233 1315 3269 1356 a
3299 1316 3438 1357 vera
3478 1301 3578 1357 tri.

1922 1385 2103 1440 stium
2136 1387 2652 1457 praenuntiatione,
2683 1386 2925 1445 ﬁdelem
2956 1404 3052 1445 me
3080 1389 3357 1446 habeatis
3388 1389 3575 1447 etiam

1920 1474 1982 1529 in
2002 1474 2300 1530 bonorum
2332 1476 2847 1546 promissionibus.
2866 1478 3014 1534 Nam
3040 1478 3322 1550 deceptor
3349 1478 3575 1551 (tt)non

1921 1573 1993 1614 ea
2022 1558 2306 1630 prmdicit,
2349 1576 2485 1632 quae
2516 1576 2552 1616 a
2580 1561 2931 1633 deceptione
2977 1560 3310 1630 abducunt,
3364 1562 3473 1619 sed
3503 1579 3575 1620 ea

1920 1651 2150 1703 tantum
2182 1662 2312 1719 quae
2342 1649 2663 1705 attrahunt.

1995 1736 2127 1791 Haec
2158 1752 2295 1791 vero
2325 1742 2381 1792 et
2420 1736 2635 1793 similia
2678 1737 3014 1811 frequenter
3038 1739 3121 1795 eis
3159 1740 3432 1807 inculcat,
3484 1745 3570 1807 ut,

1921 1823 2067 1879 dum
2092 1825 2251 1895 passi
2283 1825 2518 1890 fuerint,
2543 1840 2664 1881 non
2688 1827 3013 1891 turbentur,
3041 1844 3182 1884 cum
3198 1829 3312 1885 hoc
3334 1830 3576 1902 praesci-

1921 1914 2109 1970 verint
2149 1932 2161 1969 :
2197 1930 2388 1987 neque
2424 1921 2765 1988 torpescant
2808 1916 3077 1984 scientes,
3128 1920 3293 1991 quod
3330 1924 3577 1991 propter

1923 2004 2111 2060 Deum
2144 2006 2381 2076 passuri
2420 2006 2554 2061 sint.
2597 2008 2873 2077 Magnum
2908 2008 3208 2079 siquidem
3236 2009 3575 2066 remedium

1923 2099 2008 2148 est
2038 2094 2128 2148 his
2154 2093 2259 2165 qui
2290 2110 2398 2163 pro
2438 2095 2647 2150 virtute
2678 2095 2996 2167 decertant,
3062 2112 3420 2168 cognoscere
3464 2114 3577 2170 pro

1921 2196 2044 2253 quo
2084 2182 2157 2236 sit
2180 2187 2502 2237 certamen.
2536 2185 2604 2238 Et
2632 2183 2808 2239 nobis
2847 2200 2988 2255 ergo
3019 2200 3128 2256 pro
3174 2186 3428 2250 honesto
3467 2202 3579 2259 pa—

1924 2269 2202 2325 tientibus
2228 2271 2619 2328 consolationi
2641 2273 2731 2337 sit,
2760 2288 3121 2343 cognoscere
3142 2275 3309 2346 quod
3330 2291 3439 2347 pro
3469 2276 3578 2332 ho-

1922 2364 2091 2415 nesto
2116 2358 2244 2431 (ua)
2284 2361 2567 2431 patimur.
2606 2361 2758 2417 Nam
2785 2362 2833 2415 si
2871 2377 2981 2433 pro
3020 2362 3233 2419 dilecto
3286 2365 3422 2435 quis
3453 2365 3577 2435 pati

1924 2448 2164 2516 gaudet,
2200 2448 2387 2504 multo
2418 2448 2614 2518 magis
2639 2464 2749 2521 pro
2779 2453 2897 2506 Deo
2936 2454 2992 2505 et
3022 2465 3130 2521 pro
3162 2451 3399 2508 virtute.

1993 2538 2153 2591 Vers.
2184 2535 2236 2589 4.
2278 2536 2413 2593 Hae
2442 2567 2512 2577 -—
2541 2552 2730 2595 eram.
2782 2538 2927 2603 Quia
2967 2538 3274 2595 vobiscum
3311 2556 3478 2598 eram
3517 2545 3575 2599 et

1922 2624 2002 2680 ita
2041 2626 2280 2695 passuri
2311 2641 2433 2681 non
2462 2626 2657 2693 eratis,
2689 2627 2960 2700 quandiu
3006 2627 3317 2686 vobiscum
3355 2645 3574 2690 essem.

1923 2716 2087 2769 Nunc
2119 2719 2317 2770 autem
2356 2715 2484 2771 haec
2520 2716 2679 2783 dico,
2733 2716 2877 2790 quia
2904 2732 3151 2790 separor
3187 2734 3222 2774 a
3272 2719 3465 2786 vobis,
3516 2726 3576 2777 et

1915 2802 2043 2874 jam
2072 2803 2296 2859 instant
2320 2804 2494 2859 vobis
2514 2805 2797 2877 pericula.

1994 2892 2170 2963 Atqui
2200 2892 2380 2948 etiam
2420 2893 2496 2949 ab
2524 2893 2716 2961 initio,
2759 2910 2898 2950 cum
2946 2896 3185 2952 vocavit
3236 2912 3361 2966 eos,
3414 2903 3470 2954 et
3514 2899 3576 2954 in

1925 2980 2326 3050 apostolatum
2360 2982 2678 3047 ordinavit,
2713 2983 2853 3039 dixit
2894 2985 3024 3039 eis:
3076 2987 3213 3042 Ecce
3261 3002 3365 3056 ego
3408 2988 3575 3043 mitto

1927 3084 2045 3135 vos,
2095 3076 2375 3141 tanquam
2404 3086 2535 3127 oves
2566 3071 2623 3126 in
2661 3073 2846 3129 medio
2875 3074 3151 3143 luporum
3183 3076 3251 3127 1‘.
3282 3077 3349 3131 Et
3379 3093 3392 3128 :
3433 3077 3575 3132 Tra-

1925 3159 2061 3215 dent
2074 3176 2168 3215 vos
2185 3161 2266 3217 ad
2282 3162 2556 3230 concilia,
2571 3162 2699 3218 etin
2714 3163 3033 3234 synagogis
3053 3165 3178 3220 suis
3196 3166 3578 3221 verberabant

1926 3266 2045 3320 vos,
2071 3253 2121 3306 et
2148 3250 2227 3305 ad
2265 3266 2429 3320 reges
2459 3258 2511 3306 et
2560 3253 2837 3319 praesides
2867 3253 3168 3309 ducemim'
3208 3259 3451 3322 propter
3486 3270 3578 3310 me

1925 3345 1979 3399 et
2029 3340 2190 3395 eritis
2245 3340 2375 3395 odio
2428 3340 2618 3395 habiti
2641 3341 2709 3394 ab
2756 3341 3022 3396 omnibus
3060 3348 3308 3412 propter
3363 3358 3574 3399 nomen

1925 3444 2111 3485 meum
2146 3429 2213 3481 1⁵.
2250 3432 2510 3499 Itemque
2542 3445 2553 3481 :
2587 3429 2678 3483 Ne
2698 3429 2845 3485 vobis
2879 3430 2954 3485 ab
2984 3430 3076 3486 his
3118 3431 3444 3497 timuerim,
3478 3446 3577 3502 qui

1926 3518 2201 3575 occidunt
2233 3531 2447 3587 corpus
2478 3518 2545 3583 ¹⁶,
2589 3533 2658 3573 ac
2685 3518 2874 3575 multa
2896 3518 3261 3589 hujusmodi.

1999 3782 2315 3849 Quomodo
2341 3799 2483 3853 ergo
2513 3784 2593 3840 ait
2621 3798 2632 3835 :
2660 3783 2797 3840 Hac
2821 3784 2982 3840 vobis
3001 3786 3070 3842 ab
3084 3785 3252 3841 initio
3263 3803 3383 3844 non
3400 3788 3530 3846 dixi
3551 3789 3580 3844 ἲ

1929 3874 2078 3939 Quia
2094 3872 2273 3928 dictio
2291 3872 2433 3943 haec,
2455 3873 2514 3927 in
2550 3874 2816 3943 praesenti
2863 3872 2979 3929 alia
2996 3875 3072 3930 ab
3095 3875 3207 3931 illis
3237 3876 3531 3947 signiﬁcat
3562 3893 3576 3933 :

1927 3962 2061 4017 dico
2092 3976 2255 4025 sane,
2286 3960 2391 4015 sed
2422 3960 2586 4017 Venit
2618 3960 2741 4016 sive
2759 3963 3207 4034 appropinquat
3238 3971 3482 4034 tempus,
3511 3972 3578 4022 ut

1931 4049 2191 4123 quisquis
2211 4048 2574 4119 interfecerit
2594 4065 2711 4116 vos,
2740 4050 3018 4107 videatur
3038 4053 3263 4109 cultum
3294 4062 3583 4123 prcestare

1935 4142 2049 4196 Deo
2079 4156 2090 4192 :
2112 4154 2254 4194 nam
2266 4139 2393 4194 haec
2414 4137 2559 4193 dixit
2576 4154 2753 4206 nunc,
2770 4155 2904 4213 quas
2924 4142 3392 4212 praecedentibus
3414 4148 3583 4201 erant

1932 4227 2420 4284 formidabiliora.

2005 4319 2165 4372 Vers.
2197 4318 2250 4371 5.
2290 4317 2467 4373 Nunc
2494 4348 2559 4357 —
2597 4318 2722 4373 abis
2747 4318 2775 4372 ?
2832 4318 3051 4375 Videns
3089 4336 3192 4375 eos
3230 4320 3289 4376 in
3349 4324 3581 4379 tantum

1936 4405 2166 4461 tristitia
2214 4405 2529 4477 absorptos
2562 4406 2692 4477 (vv),
2738 4411 2799 4462 ut
2827 4408 2976 4462 muti
3037 4407 3429 4471 efﬁcerentur,
3474 4427 3582 4466 nec

1935 4508 2291 4565 responsum
2311 4493 2517 4548 eidare
2543 4498 2813 4565 possent,
2837 4494 3153 4565 exprobrat
3181 4495 3263 4550 eis
3285 4496 3583 4554 silentium

1937 4599 1973 4639 a
2000 4581 2101 4638 tali
2145 4582 2380 4637 tristitia
2422 4586 2637 4647 ortum,
2682 4582 2886 4638 dicens
2930 4600 2943 4637 :
2984 4584 3159 4640 Nunc
3213 4589 3408 4641 autem
3438 4586 3584 4643 abeo

1633 4735 1683 4771 ¹⁶
1720 4733 1868 4792 ibid.
1899 4737 1993 4791 '28.

1472 4912 2036 4981 Variaalectiones
2060 4920 2337 4979 etnotae.

301 5082 417 5150 (44)
447 5078 679 5150 Δηλαὸἠ,
706 5082 837 5140 loco
870 5079 963 5150 δή,
996 5090 1059 5137 Α.

304 5153 417 5226 (45)
442 5156 668 5227 Ἐκθρῶν
698 5161 892 5220 antea,
918 5155 1023 5211 sed
1054 5170 1125 5211 ex
1162 5154 1525 5211 correctione
1556 5153 1829 5225 ejusdem

236 5241 474 5301 manus,
510 5228 853 5301 σκυθρωπῶν.
886 5232 943 5281 Β.

303 5299 415 5367 (46)
452 5294 685 5369 ’Δγάπής
732 5298 794 5353 in
834 5302 1110 5354 contextu
1164 5300 1220 5369 et
1277 5312 1453 5369 supra
1489 5294 1735 5369 ascitus,
1768 5303 1826 5349 Β.

241 5367 565 5442 Utrumque
594 5368 673 5428 ab
712 5370 916 5428 eadem
946 5384 1160 5426 manu.
1190 5367 1387 5426 Codex
1413 5369 1462 5426 Α
1487 5367 1663 5426 habet
1691 5367 1832 5422 ἀπά-

234 5458 329 5502 της
348 5444 601 5497 tantum.

302 5618 400 5687 (tt)
423 5618 728 5686 Deceptor.
765 5618 929 5674 Forte
954 5616 1113 5687 legit,
1134 5617 1160 5669 ὁ
1192 5586 1447 5671 ἀπατεὼν.

302 5689 434 5761 (ua)
464 5690 585 5761 Pro
612 5690 868 5761 honeste.
905 5691 973 5747 In
1001 5692 1199 5746 Graeco
1228 5694 1335 5755 est,
1366 5705 1475 5759 pro
1504 5692 1719 5745 amato.

304 5758 423 5835 (vv)
453 5759 794 5834 Apsorptos.
826 5760 1100 5819 Graecum
1139 5766 1326 5830 notat,
1358 5758 1515 5819 lucta
1545 5761 1745 5831 victos,
1768 5758 1831 5818 id

2032 5081 2122 5137 47)
2167 5080 2401 5135 Inclusa
2427 5079 2639 5136 desunt
2664 5083 2731 5134 A.

1952 5206 1962 5217 ,
2009 5152 2124 5217 (48)
2163 5152 2349 5214 Αύτοῖς
2381 5152 2594 5207 omittit
2632 5154 2696 5206 A.

2031 5224 2121 5294 49)
2196 5223 2432 5278 Inclusa
2496 5222 2712 5280 omittit
2775 5224 2845 5280 A.
2920 5225 3139 5283 Eorum
3190 5226 3322 5284 loco
3382 5232 3589 5288 autem

1935 5293 2120 5350 habet
2147 5299 2236 5346 καὶ
2268 5296 2334 5346 τὰ
2376 5293 2519 5356 ἑξῆς.

2007 5367 2121 5511 si

1938 5619 2043 5687 est,
2086 5618 2434 5686 prostratos.
2467 5615 2760 5688 Interpres
2781 5615 3017 5675 videtur
3044 5618 3345 5680 invenisse
3366 5640 3594 5679 καταπο-

1942 5689 2121 5749 θεδτας
2148 5691 2246 5744 aut
2273 5688 2797 5752 καταποτινσθέντας.
2869 5701 2881 5713 '

2162 5365 2399 5422 Inclusa
2427 5365 2648 5422 absunt
2672 5367 2743 5422 Α.

2164 5440 2225 5489 Δέ
2253 5436 2420 5493 abest
2458 5441 2522 5491 A.
