4130 6320
654 339 793 406 1428
1648 394 1661 406 ,
1972 332 2285 394 ΕΗΤΗΥΜ]

2357 329 2662 397 ZIGABEN
2669 335 2692 399 Ι
3875 339 3973 394 iiii

638 469 733 525 ad
763 483 890 525 eum
919 480 1022 538 qui
1060 463 1218 522 misit
1236 478 1340 531 me,
1373 470 1427 522 et
1458 479 1626 522 nemo
1653 463 1978 536 interrogat
2019 479 2129 530 me,
2183 465 2267 532 Qu

2340 468 2384 522 Α
2415 466 2599 538 ὑπάγω
2631 468 2762 542 πρὸς
2812 469 2898 519 τὸν
2928 466 3207 540 πέμψαντά
3254 486 3336 540 με,
3369 471 3458 521 καὶ
3505 463 3689 530 οὐδεὶς
3743 464 3897 540 ἐρωτᾷ
3918 485 3971 537 μετ

659 558 791 615 abis
867 557 898 611 ?

2419 561 2525 607 Ποῦ
2565 558 2777 626 ὑπάγεις
2810 572 2822 621 ;

723 643 905 717 Atqui
949 644 1155 699 Petrus
1185 642 1569 713 interrogavit
1593 659 1731 699 eum
1754 643 1961 698 dicens
1994 658 2004 695 ε
2040 642 2305 706 Domine,

2491 651 2590 697 Καὶ
2621 650 2722 716 μὴν
2776 647 2801 696 ὁ
2835 649 3026 718 Πέτρος
3056 645 3322 719 ἠρώτησεν
3374 645 3552 710 αὑτὸν,
3587 644 3749 698 εἰπών
3789 661 3802 673 ο
3837 646 3975 715 Κύριε,

643 750 764 808 quo
788 733 918 791 nbis
963 735 1007 768 ιτ
1037 732 1065 786 ‘I
1091 732 1210 788 Sed
1236 731 1317 788 ibi
1343 747 1488 788 sane
1505 735 1707 788 Petrus
1728 731 1955 794 dicens,
1992 731 2112 796 Quo
2137 731 2260 784 abis

2415 741 2516 785 ποῦ
2542 735 2760 804 ὑπάγεις
2787 751 2800 800 ;
2836 733 2969 787 Ἀλλ’
3001 732 3105 786 ἐκεῖ
3130 738 3219 806 μὲν
3245 736 3270 786 ὁ
3302 739 3486 809 Πέτρος
3508 734 3670 786 εἰπών
3705 752 3718 764 ·
3752 739 3855 784 Ποῦ
3881 733 3975 782 ὑπά-

651 826 727 881 de
765 823 898 880 loco
928 821 1354 891 interrogavit;
1386 821 1482 877 hic
1514 839 1668 886 vero,
1705 822 1828 888 Quo
1857 821 1977 876 abis
2006 819 2034 874 τ
2083 818 2282 889 εἱεηίίίι

2415 841 2522 892 γεις
2554 839 2567 888 ;
2596 827 2712 894 περὶ
2741 828 2901 874 τόπου
2933 823 3200 897 ἠρώτησεν
3244 841 3251 848 ·
3300 824 3521 874 ἐνταῦθα
3547 820 3610 875 δὲ
3640 825 3724 889 τὸ,
3751 828 3851 874 Ποῦ
3883 822 3976 870 ὑπά-

649 921 764 984 cat,
799 911 953 978 Quid
983 911 1113 980 agis
1140 912 1166 966 τ
1191 910 1394 966 Solent
1431 926 1694 982 namque
1750 911 1853 982 qui
1884 924 2039 978 aegre
2089 909 2280 964 ferunt

2414 929 2524 981 γεις
2557 929 2569 976 ;
2602 916 2658 962 τὸ
2687 917 2750 964 Τί
2797 918 2957 973 ποιεῖς
2987 913 3314 982 ;ὑποφαίνει.
3370 911 3601 964 Εἰὼθασι
3641 913 3750 984 γὰρ
3779 911 3827 961 οἱ
3855 905 3975 960 δεινο-

647 1005 731 1060 ita
759 1016 1040 1058 revocare
1070 1014 1231 1070 eum,
1263 1000 1368 1070 qui
1399 1006 1641 1070 repente
1670 998 1898 1070 prosilit
1921 999 1998 1054 ad
2029 1004 2278 1053 mortem

2415 1001 2698 1062 παθοιίντες
2725 1001 2886 1062 οὑτως
2918 999 3180 1072 ἐπιφωνεῖν
3229 1009 3300 1071 τῷ
3343 1004 3472 1075 πρὸς
3516 1002 3742 1052 θάνατον
3772 1001 3973 1072 opprimi.

650 1090 922 1164 Oportuit
949 1103 1093 1158 ergo
1125 1093 1181 1142 et
1209 1087 1533 1160 discipulos
1564 1088 1779 1153 dicere,
1814 1087 1930 1153 Quo
1959 1087 2086 1144 abis
2107 1087 2134 1142 ‘I
2159 1087 2281 1143 sive

2415 1083 2562 1140 Ἔδει
2592 1085 2679 1140 οὖν
2709 1093 2796 1140 καὶ
2848 1093 2967 1150 τοὺς
3006 1091 3246 1161 μαθητὰς
3290 1087 3560 1160 ἐπιλέγειν,
3612 1095 3728 1142 Ποῦ
3759 1088 3973 1157 ὑπάγεις;

647 1179 801 1247 Quid
831 1179 979 1250 agis,
1008 1193 1122 1233 nos
1160 1176 1504 1248 relinquens
1525 1176 1553 1231 ‘I

2416 1179 2598 1246 ἤγουν,
2630 1182 2693 1230 Τί
2721 1185 2888 1240 ποιεῖς
2917 1177 3284 1250 ἀπολιμπάνων
3309 1180 3483 1249 vuig;

716 1271 910 1325 Potest
935 1281 1179 1338 quoque
1209 1272 1266 1320 et
1293 1264 1410 1320 alio
1442 1265 1625 1320 modo
1657 1265 1797 1332 dici,
1829 1264 1995 1337 quod
2035 1280 2171 1320 cum
2202 1263 2304 1320 Pe-

2484 1264 2638 1319 ’Έστι
2673 1262 2732 1319 δε
2759 1271 2850 1319 καὶ
2887 1267 3068 1341 ἐτέρως
3097 1268 3274 1334 εἰπεῖν,
3302 1270 3399 1333 ὅτι,
3431 1263 3612 1325 ἐπειδή
3639 1270 3762 1318 τότε
3794 1271 3879 1315 τοῦ

643 1361 736 1414 tro
795 1357 1194 1424 interrogante
1249 1369 1372 1409 non
1426 1353 1850 1426 respondisset,
1917 1369 2040 1426 quo
2093 1353 2274 1409 abiret

2411 1373 2535 1428 τρου
2567 1356 2944 1429 ἐρωτήσαντος,
2978 1357 3072 1408 οὐκ
3112 1355 3440 1432 ἀπεκρίνατο,
3470 1375 3570 1408 που
3601 1356 3822 1426 ὑπάγει,
3847 1350 3972 1424 ἐχρῆν

643 1444 908 1518 Oportuit
945 1459 1016 1498 eo
1072 1457 1311 1498 rursum
1355 1443 1738 1512 interrogare.

1446 1458 1738 1512 errogare.
2410 1443 2597 1506 αὑτούς
2621 1443 2772 1496 πάλιν
2801 1443 3077 1518 ἐρωτῆσαι.

716 1537 879 1590 Vers.
922 1536 978 1589 6.
1007 1532 1127 1588 Sed
1157 1561 1211 1572 —
1237 1546 1365 1589 cor.
1398 1531 1744 1588 Admodum
1773 1531 2107 1588 contristati
2139 1531 2297 1596 estis,

2480 1532 2616 1586 Ἀλλ’
2648 1564 2714 1574 -
2745 1532 2990 1608 καρδίαν.
3021 1531 3228 1608 Σφόδρα
3257 1533 3562 1605 ἐλυπήθητε,
3604 1539 3701 1586 καὶ
3743 1529 3835 1585 διὰ
3857 1538 3974 1582 τοῦτο

640 1628 700 1682 et
726 1627 1040 1697 propterea
1072 1621 1275 1676 siletis.

980 1637 1040 1677 ea
1072 1621 1275 1676 silctis.
2409 1629 2611 1694 σιγᾶτε.

711 1713 872 1768 Vers.
933 1716 991 1767 7.
1069 1709 1179 1766 Sed
1245 1739 1312 1749 —
1363 1709 1542 1765 vobis.
1603 1709 1808 1779 Utpote
1866 1708 2001 1780 ipsa
2060 1708 2296 1764 veritas.

2479 1712 2600 1764 Αλλ¹
2631 1744 2698 1754 —
2754 1715 2896 1786 ὑμῖν.
2947 1713 3032 1774 Ὠς
3085 1713 3448 1771 αὑτοάλήθεια,
3508 1711 3613 1766 Κᾶν
3657 1713 3763 1786 γὰρ
3819 1710 3975 1782 μνριά-

639 1804 998 1874 Quanquam
1040 1799 1200 1854 enim
1227 1797 1387 1853 mille
1411 1797 1605 1854 modis
1627 1798 1787 1854 anxii
1819 1797 1962 1863 sitis,
1992 1797 2270 1852 veritaten

2346 1818 2379 1872 Β
2407 1821 2489 1863 κις
2523 1801 2776 1866 λυπῆσθε,
2829 1807 2922 1861 τὴν
2971 1801 3212 1860 ἀλήθειαν
3265 1802 3416 1873 λέγω,
3456 1808 3545 1854 καὶ
3581 1801 3682 1853 οὑκ
3719 1798 3977 1872 ἀποκρύψω

635 1891 856 1962 dicam,
877 1905 986 1945 nec
1013 1887 1204 1943 tristia
1222 1886 1559 1955 occultabo,
1589 1887 1740 1942 sicut
1765 1888 1811 1942 ii
1827 1889 1929 1959 qui
1943 1887 2019 1942 ad
2043 1886 2266 1956 gratian

2407 1893 2472 1942 τὰ
2527 1889 2755 1964 λυπηρὰ,
2809 1893 2878 1953 ὡς
2928 1893 2976 1942 οἱ
3017 1891 3243 1962 λέγοντες
3292 1894 3423 1964 πρὸς
3477 1892 3662 1962 χάριν,
3711 1885 3822 1941 εἶτα
3873 1905 3975 1959 παρ-

635 1980 984 2053 loquuntur.
1017 1976 1240 2032 Deinde
1279 1975 1651 2032 consolando
1692 1976 1952 2030 ostendit
1983 1975 2182 2031 utilem
2213 1974 2264 2030 ei

2408 1987 2610 2053 ηγορῶν
2643 1976 2879 2032 δείκνυσι
2919 1979 3288 2033 λυσιτελοῡσαν
3326 1980 3504 2040 αὑτοῖς
3545 1983 3640 2036 τήν
3701 1973 3973 2047 ἀποδημίαν

633 2083 765 2126 esse
825 2082 998 2123 suam
1055 2064 1497 2138 profectionem.

956 2083 998 2120 n
1055 2064 1497 2138 profectionem.
2405 2068 2587 2122 αὑτοῦ.

705 2157 868 2213 Vers.
902 2160 965 2213 7.
999 2153 1255 2222 Expedit
1283 2183 1350 2194 —
1377 2168 1496 2208 vos.
1530 2153 1646 2208 Vos
1697 2153 1934 2224 quidem
1964 2153 2201 2224 optatis,
2232 2156 2297 2207 ut

2476 2163 2724 2234 Σνμφέριι
2765 2189 2831 2200 ·-
2891 2161 3045 2232 ὑμᾶς.
3101 2157 3266 2230 Ὑμεῖς
3311 2161 3402 2230 μὲν
3451 2155 3706 2229 βούλεσθε
3772 2158 3968 2206 συνεῖναί

631 2259 744 2315 ego
773 2257 971 2300 verser
999 2241 1330 2304 vobiscum,
1370 2256 1577 2296 verum
1604 2240 1766 2296 aliud
1833 2241 2003 2296 vobis
2033 2240 2262 2311 expedit

2403 2267 2466 2318 με
2507 2249 2665 2320 ὑμῖν·
2700 2251 2811 2300 ἔστι
2869 2244 2929 2301 δε
2985 2251 3043 2300 τὸ
3098 2251 3358 2322 συμφέρον
3414 2247 3576 2311 ἕτερον
3625 2265 3638 2277 ·
3703 2239 3965 2315 κηδομένου

629 2331 1031 2390 Procuratoris
1091 2335 1182 2386 est
1233 2335 1455 2393 autem,
1516 2345 1637 2385 non
1682 2328 1990 2399 indulgere
2036 2328 2260 2384 dilectis

2404 2334 2463 2390 δὲ
2518 2341 2576 2389 τὸ
2631 2342 2700 2409 μὴ
2758 2333 3030 2409 φείδεσθαι
3093 2346 3193 2388 τῶν
3239 2337 3607 2408 ἠγαπημένων,
3657 2336 3780 2386 ὅταν
3826 2330 3963 2400 ἀσύμ-

627 2437 765 2479 cum
797 2421 1027 2478 inutilia
1055 2418 1513 2490 concupiscunt.
1538 2421 1687 2475 Nam
1734 2419 1878 2490 quia
1924 2418 2184 2488 desuper
2211 2418 2258 2472 it.

2401 2445 2532 2498 φορα
2577 2424 2892 2498 βούλωνται,
2933 2426 3075 2478 Ἐπεὶ
3103 2429 3200 2500 γὰρ
3252 2421 3532 2483 εὐδόκησεν
3585 2425 3778 2475 ἄνωθεν
3806 2422 3834 2478 ἡ
3865 2418 3965 2488 ἁγία

625 2515 844 2568 sanctis
873 2508 1136 2565 Trinitati
1163 2508 1356 2563 visum
1386 2512 1496 2573 est,
1531 2513 1594 2562 ut
1625 2507 1792 2563 Pater
1816 2506 2064 2579 quidem
2097 2507 2173 2563 ad
2204 2508 2256 2562 Fi

2397 2517 2558 2588 Τριὰς
2606 2519 2694 2567 τὸν
2738 2518 2828 2587 μεν
2883 2519 3092 2586 Πατέφα
3166 2514 3378 2566 ἐλκύσαι
3446 2512 3638 2573 αὑτοὺς
3725 2513 3842 2584 πρὸς
3891 2511 3957 2557 τὸν

623 2599 778 2669 lium
808 2615 912 2655 eos
942 2597 1264 2655 attraheret
1289 2614 1306 2651 :
1340 2596 1516 2653 Filius
1543 2601 1744 2652 autem
1774 2595 1905 2652 illos
1931 2597 2188 2661 doceret,
2219 2611 2253 2651 a

2398 2606 2514 2656 Υἰόν
2554 2621 2566 2633 '
2597 2607 2682 2655 τὸν
2709 2601 2766 2655 δὶ
2792 2607 2908 2657 Υἶὸν
2940 2599 3162 2666 διδάξαι
3193 2603 3382 2664 αὑτούς
3423 2620 3434 2632 ⁸
3477 2605 3534 2653 τὸ
3599 2597 3660 2653 δε
3701 2605 3891 2668 Πνεῦμα
3913 2599 3955 2644 τὸ

624 2689 876 2762 Spiritus
907 2687 1333 2758 sanctusipsos
1353 2684 1654 2756 perﬁceret
1686 2701 1699 2741 :
1733 2691 1788 2740 et
1813 2685 1938 2755 jam
1971 2685 2094 2740 duo
2125 2702 2255 2741 com

2395 2693 2542 2764 ἅγιον
2586 2692 2856 2744 τελειῶσαι
2905 2692 3095 2754 αὑτούς
3155 2707 3167 2718 ’
3207 2697 3296 2744 καὶ
3347 2694 3412 2744 τὰ
3438 2693 3529 2763 μεν
3561 2687 3662 2742 δύο
3713 2684 3811 2746 ἤδη
3836 2689 3953 2756 γεγο-

623 2776 784 2850 pleta
812 2782 997 2841 erant,
1041 2774 1355 2846 oportebat
1394 2781 1448 2829 et
1490 2774 1729 2830 tertium
1756 2774 1978 2845 perﬁci,
2009 2790 2254 2830 consum

2393 2801 2542 2833 νασιν
2585 2799 2596 2810 ·
2631 2778 2738 2833 ἔδει
2765 2777 2822 2832 δὲ
2851 2783 3092 2851 γενέσθαι
3123 2786 3210 2832 καὶ
3264 2784 3321 2832 τὸ
3365 2784 3554 2853 τρίτον,
3617 2783 3712 2836 τὴν
3764 2773 3848 2828 διὰ
3882 2779 3949 2822 τοῦ

627 2866 954 2921 mationem
988 2863 1261 2920 videlicet
1293 2863 1544 2934 Spiritus
1583 2863 1769 2918 sancti
1803 2863 1956 2933 (xx).
1989 2865 2119 2918 Non
2160 2880 2258 2918 era

2393 2869 2546 2940 ἁγίου
2596 2873 2889 2941 Πνεύματος
2936 2869 3198 2922 τελείωσιν
3242 2890 3254 2900 °
3285 2869 3377 2921 οὑκ
3431 2864 3492 2926 ἧν
3548 2864 3610 2919 δὲ
3660 2867 3790 2926 εἰκός
3831 2869 3945 2914 τοῦτο

622 2957 824 3010 autem
858 2969 1121 3024 tequum,
1157 2958 1220 3006 ut
1249 2951 1363 3006 hoc
1389 2951 1574 3014 ﬁeret,
1607 2951 1720 3005 nisi
1747 2958 2069 3023 postquam
2103 2952 2244 3007 Filiu

2392 2956 2569 3016 ἐλθεῖν,
2617 2962 2688 3028 μὴ
2742 2956 3052 3018 ἀπελθόντος
3096 2965 3187 3009 τοῦ
3241 2959 3400 3010 Υἰού·
3451 2960 3612 3028 φησὶν
3659 2957 3738 3007 ὅτι
3790 2953 3942 3019 Συριγέ-

619 3043 987 3098 recessisset.
1003 3039 1252 3108 Expedit
1277 3041 1468 3109 itaque
1481 3039 1642 3094 vobis
1655 3046 1717 3093 ut
1740 3055 1843 3109 ego
1865 3040 2091 3095 abeam.
2120 3041 2250 3096 Sicu

2389 3065 2467 3120 ρει
2523 3048 2656 3118 ὒμῖν,
2720 3047 2803 3098 ἶνα
2853 3045 2952 3117 ἐγὼ
3010 3045 3232 3111 ἀπέλθω,
3313 3049 3404 3097 καὶ
3459 3047 3526 3096 τὰ
3598 3043 3736 3107 ἐξῆς.
3785 3040 3930 3105 Ὠσπερ

620 3130 802 3198 enim,
833 3129 894 3185 Si
921 3145 1016 3200 ego
1046 3145 1160 3184 non
1190 3127 1412 3196 abiero,
1446 3127 1791 3184 Paracletus
1829 3144 1948 3183 non
1983 3129 2168 3184 veniet
2200 3145 2251 3185 at

2310 3170 2351 3218 (ζ
2387 3136 2510 3208 γὰρ,
2562 3133 2678 3187 Ἐὰν
2761 3133 2862 3204 ἐγὼ
2939 3139 3009 3205 μὴ
3091 3133 3314 3200 ἀπέλθω,
3404 3134 3430 3184 ὁ
3487 3131 3822 3205 Παράκλητος
3874 3124 3932 3176 οὖι

619 3235 720 3276 vos
755 3219 874 3276 :ita
899 3219 1101 3288 etiam,
1155 3219 1205 3274 si
1236 3217 1576 3275 Paracletus
1608 3232 1729 3272 non
1765 3218 1986 3272 venerit
2029 3218 2103 3272 ad
2147 3234 2250 3274 vos

2310 3204 2351 3226 υ
2389 3221 2650 3275 ἐλεύσεται
2679 3227 2807 3298 πρὸς
2833 3225 2963 3294 ὑμᾶς
2987 3240 2998 3252 ·
3042 3224 3176 3275 οὑτω
3209 3233 3318 3288 καὶ,
3352 3220 3435 3274 ἐὰν
3475 3223 3500 3272 ὁ
3533 3220 3853 3293 Παράκλητος
3868 3214 3934 3265 οὑκ

616 3323 1010 3380 nequaquam
1065 3305 1475 3380 perﬁciemini.
1525 3309 1769 3362 Necesse
1835 3312 1920 3362 est
1991 3322 2156 3377 ergo,
2211 3325 2247 3362 u

2389 3309 2649 3364 ἐλεύσεται
2685 3297 2811 3386 πρὸς
2837 3313 2986 3384 ὑμᾶς,
3015 3311 3074 3363 οὑ
3101 3311 3519 3368 τελειωθήσεσθε.
3562 3312 3853 3380 Ἀναγκαῖον
3869 3297 3934 3353 οὖν

616 3412 731 3468 ego
787 3396 1021 3461 abeam,
1075 3395 1375 3467 completo
1427 3395 1550 3464 jam
1603 3410 1803 3467 opere,
1843 3396 2008 3467 quod
2040 3412 2135 3451 me
2189 3397 2247 3452 fa

2385 3398 2561 3452 λοιπὸν
2623 3400 2710 3473 ἐμὲ
2763 3399 3015 3465 ἀπελθεῖν,
3089 3400 3466 3472 πεπληρωκότα
3503 3402 3561 3451 τὸ
3609 3403 3748 3471 ἔργον
3788 3395 3810 3446 ὃ
3852 3390 3930 3443 ἔδει

617 3501 752 3543 cere
775 3485 1058 3558 oportuit,
1089 3489 1154 3541 ut
1170 3484 1321 3540 alius
1349 3485 1685 3540 exhortator
1715 3485 2016 3549 adveniat,
2049 3502 2248 3558 vosqut

2384 3493 2609 3548 ποιῆσαί
2639 3509 2722 3562 με,
2755 3489 2838 3541 ἵνα
2875 3489 2901 3541 ὁ
2924 3487 3075 3551 οῖλλος
3102 3488 3434 3562 παράκλητος
3463 3487 3582 3560 ἔλθῃ
3619 3492 3710 3540 καὶ
3734 3483 3928 3547 τελειώσῃ

615 3574 913 3647 perﬁciat.

908 3613 913 3627 .
2385 3579 2539 3649 ὑμᾶς.

691 3665 848 3718 Vers.
882 3662 937 3718 8.
970 3664 1235 3735 Cumque
1262 3663 1480 3719 umeri!
1533 3692 1600 3703 —
1630 3663 1876 3732 judicio.
1927 3694 1993 3703 —
2028 3663 2274 3734 Arguet,

2460 3671 2560 3719 Καὶ
2611 3665 2765 3720 ἐλθὼν
2815 3698 2878 3707 -
2943 3672 3186 3742 κρίσεως.
3267 3697 3336 3706 —
3415 3666 3664 3737 Ἐλὲγξεὶ,
3747 3661 3932 3714 τουτέστι

617 3751 733 3807 hoc
765 3756 874 3816 est,
906 3751 1336 3807 condemnabit
1365 3751 1609 3807 tandem
1642 3752 1770 3823 (yy)
1793 3751 2006 3817 malos,
2039 3753 2248 3808 inexcu

2390 3751 2752 3808 Καταδικάσει
2805 3755 2968 3808 τελεον
3019 3759 3141 3817 τοὺς
3204 3759 3482 3828 πονηροὺς,
3572 3752 3932 3821 ἀναπολογήτῢνς

617 3839 839 3896 sabiles
888 3841 1128 3912 penitus
1186 3839 1640 3905 demonstrabit,
1697 3857 1835 3896 cum
1890 3857 1984 3896 me
2039 3852 2248 3897 mortm

2385 3845 2720 3897 παντάπασιν
2771 3847 2886 3914 (52)
2944 3843 3207 3918 ἀποφήνῃ,
3262 3845 3405 3908 ὃταν,
3462 3843 3801 3901 ἀποθανόντος
3847 3853 3921 3908 μου,

616 3928 866 3985 eximias
891 3929 1206 4001 apparabit
1234 3929 1559 3986 doctrinas.
1592 3935 1650 3985 et
1680 3935 1741 3984 ut
1765 3930 1938 3999 signa
1975 3929 2123 3986 ﬁant
2152 3946 2247 3985 ma

2387 3935 2769 4006 παρασκευάσῃ
2829 3933 3036 4004 ὑψηλὰς
3093 3934 3206 4005 (53)
3239 3929 3591 3993 διδασκαλίας
3645 3937 3732 3985 καὶ
3759 3931 3925 4002 μέγιστι

613 4017 780 4074 xima
797 4019 873 4074 ad
891 4018 1006 4074 mei
1023 4019 1284 4074 nominis
1302 4019 1763 4074 invocationem.
1791 4019 1946 4084 Quid
1961 4035 2101 4090 ergo
2119 4025 2244 4091 post

2388 4029 2582 4093 σημεῖα
2633 4021 2978 4074 ἐπιτελεῖσθαι
3031 4022 3148 4094 (⁸54)
3187 4021 3271 4074 ἐπὶ
3324 4031 3387 4095 τῇ
3429 4021 3616 4080 κλήσει
3673 4028 3758 4074 τοῦ
3793 4017 3930 4083 ὀνόμα-

613 4106 730 4162 hac
759 4106 1082 4163 adversum
1116 4122 1211 4162 me
1229 4106 1448 4173 dicent,
1472 4107 1638 4178 quod
1690 4109 1765 4162 sit
1785 4109 1999 4164 rationi
2029 4124 2244 4164 consen

2385 4116 2468 4171 τός
2495 4129 2616 4182 μου.
2658 4115 2720 4164 Τί
2769 4115 2867 4183 γὰρ
2921 4109 3126 4183 ἐροῦσιν
3166 4113 3241 4163 ἔτι
3287 4111 3402 4163 κατ’
3447 4110 3570 4182 ἐμοῦ
3625 4111 3814 4178 εὔλογον
3841 4121 3852 4162 ;
3878 4096 3928 4149 οὗ

613 4199 860 4253 taneum
888 4195 916 4250 ‘I
942 4195 1122 4264 Cujus
1161 4196 1341 4250 etiam
1375 4197 1592 4250 mortui
1641 4211 1865 4264 nomen
1926 4197 2068 4251 talia
2124 4213 2244 4268 prte

2385 4204 2475 4251 καὶ
2505 4201 2849 4260 ἀποθανόντος
2910 4199 3198 4257 τηλικαῦτα
3227 4196 3449 4252 δύναται
3478 4203 3535 4252 τὸ
3589 4204 3748 4272 ὄνομα
3780 4197 3924 4266 μόνω

617 4289 774 4340 stare
806 4283 1020 4354 poterit
1046 4284 1073 4338 ‘2
1105 4283 1368 4355 profecto
1397 4283 1559 4338 nihil.
1593 4284 1815 4340 Deinde
1843 4301 1913 4340 ea
1965 4285 2146 4341 etiam
2176 4303 2244 4342 ex

2386 4294 2580 4350 Ὄντως
2617 4285 2786 4342 οὐδέν.
2834 4285 2962 4342 Εἶτα
3002 4287 3330 4363 ἐφερμηνεύει
3358 4294 3449 4340 καὶ
3475 4287 3548 4360 ἐφ’
3575 4290 3650 4349 οἷς
3679 4284 3841 4356 ἐλέγξει
3863 4274 3925 4327 “‘5‘

613 4372 848 4447 planat,
874 4371 950 4428 de
978 4371 1198 4444 quibus
1229 4371 1361 4427 illos
1409 4377 1637 4440 arguet.
2383 4379 2522 4439 τούς.

685 4462 852 4519 Vers.
879 4465 930 4517 6.
960 4464 1040 4518 De
1069 4492 1139 4502 —
1170 4477 1276 4518 me.
1311 4463 1454 4516 Nam
1501 4460 1902 4518 irremissibile
1931 4463 2038 4520 erit
2067 4480 2274 4536 pecca-
2305 4518 2316 4541 1

2305 4518 2349 4541 n
2456 4471 2581 4535 Περὶ
2607 4497 2675 4507 -
2706 4465 2816 4538 ἐμέ.
2851 4465 3107 4539 Ἀμαρτία
3134 4469 3236 4541 γὰρ
3268 4486 3646 4539 ασὺγγνωστος
3676 4469 3728 4518 τὸ
3749 4465 3810 4535 μὴ
3837 4470 3922 4508 πισ-

610 4555 766 4615 tum,
796 4549 996 4606 adhuc
1025 4550 1088 4606 in
1115 4566 1210 4606 me
1255 4566 1376 4605 non
1410 4550 1670 4606 credere.
2070 4518 2097 4536 Γ

1255 4566 1376 4605 non
1410 4550 1670 4606 credere.
2304 4518 2350 4573 Β
2381 4558 2542 4608 τεύειν
2572 4557 2650 4608 ἔτι
2680 4518 2750 4618 ,εξ
2779 4554 2884 4628 ἐμέ.

685 4642 844 4694 νοτε.
875 4641 960 4693 10.
997 4641 1080 4694 De
1108 4669 1176 4679 —
1208 4654 1316 4695 me.
1357 4640 1505 4694 Justi
1535 4655 1788 4710 namque
1822 4641 2108 4698 indicium
2161 4649 2270 4712 est,

2456 4649 2580 4718 Περὶ
2619 4675 2687 4684 -
2737 4663 2819 4716 με.
2851 4649 3064 4697 Δικαίου
3120 4647 3222 4719 γὰρ
3279 4650 3556 4718 γνώρισμα
3583 4649 3644 4698 τὸ
3675 4635 3916 4714 πορεύεσθαι

614 4727 900 4785 accedere
947 4727 1026 4782 ad
1056 4727 1265 4791 Deum,
1300 4727 1597 4799 simulque
1639 4744 1776 4784 cum
1809 4744 1880 4786 eo
1911 4746 2060 4786 esse.
2123 4735 2245 4789 Nan

2380 4737 2507 4807 πρὸς
2557 4736 2643 4785 τὸν
2691 4737 2820 4786 Θεὸν
2867 4740 2958 4786 καὶ
3015 4739 3246 4786 συνεῖναι
3300 4735 3461 4806 αὐτῷ.
3492 4742 3659 4788 Τοῦτο
3688 4737 3776 4806 γὰρ
3807 4721 3917 4778 διελεῖ

610 4816 727 4874 hoc
746 4816 1037 4886 signiﬁcat
1065 4833 1082 4870 :
1110 4817 1184 4871 Et
1215 4818 1465 4885 posthac
1485 4832 1604 4874 non
1637 4817 1906 4874 videbitis
1926 4835 2034 4876 me.
2067 4821 2241 4892 Itaqu

2382 4826 2438 4874 τὸ
2468 4837 2482 4852 ·
2519 4827 2620 4876 Καὶ
2663 4823 2836 4876 οὑκέτι
2893 4824 3125 4896 θεωρεῖτέ
3162 4841 3243 4895 με.
3302 4828 3404 4876 Καὶ
3443 4823 3640 4889 λοιπὸν,
3673 4823 3792 4894 εἰμή
3815 4818 3912 4884 ἧμιν

611 4906 730 4964 nisi
770 4904 969 4977 justus
1039 4920 1256 4971 essem,
1314 4921 1437 4962 non
1500 4906 1844 4962 accederem
1891 4909 1968 4964 ad
2031 4911 2213 4966 Deum

2382 4909 2607 4980 δίκαιος,
2667 4911 2763 4964 οὑκ
2820 4911 2880 4963 ἂν
2910 4910 3226 4987 ἐπορευόμην
3263 4916 3395 4989 πρὸς
3435 4916 3522 4965 τὸν
3554 4917 3753 4985 Πατέρα
3793 4923 3804 4936 ·
3839 4905 3918 4956 πῶς

681 5058 850 5115 Joan.
892 5072 1013 5130 xui,
1045 5060 1136 5114 36.

1829 5183 2051 5256 Varia:
2107 5188 2437 5260 lectiones
2481 5199 2548 5259 et
2583 5199 2788 5259 notae.

671 5377 1141 5462 '(52)"A‘1ropami
1197 5379 1642 5452 corrigendum,
1723 5381 1887 5454 quod
1939 5382 2262 5441 Hentenius

2375 5383 2738 5462 ἐπιτελεῖσθαι.
2761 5383 2954 5444 Malim
2976 5395 3120 5460 ergo
3143 5391 3283 5462 post
3307 5381 3681 5456 διδασκαλίας,
3707 5385 3918 5450 ἱιιῑειῬο·

608 5450 787 5529 etiam
821 5450 1020 5529 habet.
1144 5521 1160 5529 _
1365 5450 1378 5452 ⁷
1618 5524 1628 5529 Α
1685 5527 1693 5529 _
1739 5450 1798 5529 '_
1841 5520 1860 5529 _
1975 5524 1988 5529 _

1365 5450 1378 5452 v
1618 5524 1628 5529 ,
1685 5527 1693 5529 _
1739 5450 1798 5529 —-
1841 5520 1860 5529 _
1975 5524 1988 5529 _
2372 5460 2802 5529 nere-ﬂuebat.

676 5520 792 5592 (53)
848 5524 1074 5578 Durum
1144 5521 1282 5587 hoc,
1350 5524 1714 5596 παρασευάσέι
1767 5519 2130 5591 διδασαλὶκσς
2175 5532 2268 5582 καὶ

1350 5524 1714 5596 παρασευάσέι
1767 5519 2130 5591 διδασαλὶκσς
2175 5532 2268 5582 καὶ
2446 5519 2562 5604 (54)
2591 5529 2860 5585 Τελεῖσθαι
2897 5535 2956 5585 Β.

702 5643 812 5716 xx)
842 5645 1105 5719 Spiritus
1129 5643 1345 5719 sancti.
1390 5646 1766 5719 PerSpirtum
1798 5654 2106 5709 sanctum.

743 5720 802 5791 ῃ)
844 5716 1124 5775 Tandem.
1159 5717 1426 5776 Prorsus.
1454 5716 1620 5777 Forte
1643 5722 1787 5787 τελος
1827 5722 2111 5794 ;invenit.
