4130 6320
215 414 239 469 -l
251 413 352 469 423

1181 409 1555 471 COMMENT.
1602 409 1673 466 IN
1710 407 2062 465 JOANNEM.
2104 439 2173 452 ——
2211 407 2371 466 CAP.
2411 408 2555 465 XVI.

3434 405 3575 463 1426

212 540 313 612 γὰρ
366 536 425 589 ἂν
483 534 782 611 ἁμαρτωλὸς
833 540 922 589 καὶ
980 534 1165 596 πλοίνος
1220 541 1311 589 καὶ
1358 539 1648 611 παράνομος
1718 540 1801 587 καὶ

1926 534 2221 607 quomodo
2271 550 2536 607 namque
2598 536 2875 606 peccator
2936 547 3006 590 ac
3066 529 3366 601 seductor,
3424 534 3571 604 legis

215 627 439 688 ἀντίθεος
468 629 739 700 πορευθείη
776 629 901 702 πρὸς
940 629 1025 678 τὸν
1058 622 1259 677 δίκαιον
1308 631 1397 677 καὶ
1443 625 1681 685 ἀληθινὸν
1720 629 1809 677 καὶ

213 719 493 787 νομοθέτην
514 721 604 768 καὶ
635 720 762 769 Θεόν
786 732 799 782 ;

289 896 389 944 Καὶ
432 893 584 943 πόθεν
624 887 782 949 δῆλον
815 892 894 942 ὅτι
949 894 1081 963 πρὸς
1135 892 1221 942 τὸν
1276 893 1402 943 Θεὸν
1461 889 1573 960 (55)
1613 889 1811 950 ἀπῆλθε

212 985 303 1032 καὶ
357 984 590 1032 σύνεστιν
657 979 835 1050 αυτῷς
910 982 1102 1043 Πόθεν;
1159 980 1289 1031 Ἀπὸ
1361 987 1457 1040 τῆς
1512 987 1604 1031 τοῦ
1654 979 1807 1051 ἁγίου

215 1071 510 1140 Πνεύματος
560 1073 873 1141 μαρτυρίας,
926 1077 1016 1129 τῆς
1075 1065 1147 1120 δι’
1208 1066 1506 1140 ἐλλάμψεως
1562 1073 1651 1120 καὶ
1714 1087 1806 1124 ar.-

211 1162 391 1231 μείων,
448 1161 515 1219 ὡς
552 1162 877 1233 προείρηται,
930 1158 1015 1209 ἐπὶ
1064 1165 1134 1228 τῷ
1183 1157 1396 1230 ὀνόματι
1444 1157 1604 1209 αὐτοῦ
1660 1177 1808 1229 γινο-

210 1250 367 1320 μένης
394 1247 529 1319 (56).

283 1336 472 1389 Ούκέτι
536 1332 593 1388 δὲ
653 1337 887 1408 θεωρεῖτέ
951 1354 1031 1407 με,
1093 1338 1222 1406 μετά
1267 1344 1363 1396 τῆς
1417 1342 1504 1385 νῦν
1563 1331 1807 1392 δηλονότι

210 1421 429 1487 ἀδοξίας
474 1429 562 1476 καὶ
594 1424 869 1484 εὐτελείας·
906 1424 1106 1497 ἔμελλον
1154 1427 1254 1498 γάρ
1301 1424 1455 1475 αὑτὸν
1504 1425 1646 1498 ὁρᾴν,
1698 1422 1807 1475 ἀλλ’

209 1514 314 1585 οὐχ
346 1515 416 1575 ὡς
444 1516 499 1565 τὸ
527 1518 796 1587 πρότερον.

282 1607 407 1674 Περὶ
448 1633 504 1641 -
531 1607 783 1673 κέκριται,
815 1600 935 1653 Ὀτι
966 1603 991 1653 ὁ
1018 1598 1260 1664 διάϐολος
1307 1607 1679 1675 κατακέκριται
1716 1605 1804 1653 καὶ

210 1691 513 1748 ἐκϐέϐληται
558 1700 653 1753 τῆς
699 1688 1012 1752 δυναστείας
1050 1692 1227 1756 αὐτοῦ,
1277 1696 1465 1764 μηκέτι
1522 1689 1806 1762 δυνάμενος

209 1780 337 1841 ὅλως
381 1784 543 1852 φέρειν
599 1784 657 1831 τὸ
711 1779 828 1851 ἐμὸν
861 1783 1038 1851 ὄνομα,
1084 1780 1212 1832 ἀλλά
1262 1785 1564 1853 παραυτίκα
1613 1777 1807 1853 δραπε-

211 1872 386 1923 τεύων.
441 1876 556 1930 Πῶς
609 1868 663 1920 δ’
720 1870 781 1919 ἄν
836 1876 989 1921 τοῦτο
1044 1872 1306 1933 πέπονθεν,
1352 1870 1395 1922 εἰ
1453 1870 1594 1941 φίλον
1646 1868 1802 1920 αὐτὸν

210 1955 374 2029 εἶχον,
408 1960 475 2019 ὡς
519 1960 566 2008 οἱ
596 1962 810 2031 πονηροὶ
839 1957 1079 2029 λέγουσιν
1105 1976 1116 1987 ’
1152 1960 1232 2010 ὃτι
1279 1958 1327 2010 ἐν
1375 1979 1445 2031 τῳ
1502 1956 1801 2018 Βεελζεϐοὺλ

209 2049 432 2118 ἄρχοντι
462 2055 560 2098 τῶν
602 2044 886 2118 δαιμονίων
924 2046 1149 2098 ἐκϐάλλω
1184 2052 1250 2100 τά
1295 2045 1561 2121 δαιμόνια,
1596 2051 1685 2098 καὶ
1724 2048 1804 2099 ὅτι

211 2133 481 2207 δαιμόνιον
506 2138 634 2206 ἔχω,
668 2140 758 2187 καὶ
784 2138 849 2187 τὰ
877 2143 1095 2187 τοιαῦτα
1119 2153 1131 2201 ;

276 2313 386 2365 Ἵνα
456 2308 513 2364 δε
579 2314 666 2362 τὸν
746 2311 895 2381 λόγον
966 2311 1516 2385 ἀνακεφαλαιώσωμεν,
1594 2313 1801 2378 Ἐλθὼν,

209 2407 387 2473 φησὶν,
438 2402 461 2452 ὁ
531 2400 869 2475 Παράκλητος
920 2402 1107 2473 ἓλέγξει
1178 2407 1295 2463 τούς
1352 2406 1647 2476 πονηρούςο
1722 2403 1804 2454 ἐπὶ

208 2490 435 2561 ἁμαρτίᾳ
493 2493 582 2561 μὲν
613 2492 693 2541 ὅτι
747 2489 1127 2563 ἁμαρτάνουσι,
1178 2496 1248 2562 μὴ
1309 2494 1633 2551 πιστεύοντες
1690 2495 1799 2543 ἔτι·

208 2578 289 2631 ἐπὶ
317 2575 628 2651 δικαιοσύνῃ
664 2575 742 2645 δε,
773 2581 852 2631 ὅτι
885 2576 1090 2642 δίκαιος
1112 2579 1209 2650 ἐγὼ
1240 2584 1327 2631 καὶ
1354 2580 1458 2649 οὐχ
1485 2579 1800 2650 ἁμαρτωλὸς,

208 2670 275 2726 ὡς
315 2668 465 2718 αὐτοὶ
502 2668 776 2737 λέγουσιν’
833 2666 915 2719 ἐπὶ
956 2672 1128 2739 κρίσει
1186 2664 1244 2718 δὲ
1299 2671 1416 2725 ἤτοι
1468 2671 1799 2739 κατακρίσει,

208 2757 286 2806 ὅτι
328 2758 702 2830 κατακέκριται
731 2758 756 2807 ὁ
787 2758 968 2830 ἄρχων
998 2764 1096 2807 τῶν
1143 2752 1446 2827 δαιμονίων,
1497 2758 1561 2815 ὡς
1614 2754 1802 2828 ἐχθρὸς

207 2848 295 2895 καὶ
321 2843 378 2895 ού
406 2844 549 2915 φίλος
579 2864 699 2915 μου.

275 3020 391 3073 Ἐτι
436 3052 502 3060 —
554 3022 694 3095 ἄρτι.
756 3020 978 3083 Ἀτελεῖς
1032 3025 1166 3083 ὄντες
1215 3025 1309 3089 ἔτι,
1360 3027 1448 3075 καὶ
1492 3028 1649 3095 μήπω
1709 3021 1801 3076 διὰ

203 3118 302 3163 τῶν
357 3110 406 3162 ἐν
444 3118 516 3180 τῷ
562 3118 771 3183 σταυρῷ
826 3116 915 3163 καὶ
972 3120 1032 3183 τῇ
1096 3110 1379 3164 ἀναστάσει
1428 3132 1527 3185 μου
1576 3122 1799 3187 φρικτῶν

202 3204 291 3251 καὶ
321 3195 631 3273 παραδόξων
652 3199 1030 3271 προκόψαντες,
1056 3198 1194 3272 μηδὲ
1215 3198 1555 3274 ἐνδυσάμενοι
1577 3200 1799 3276 δύναμιν

204 3288 257 3350 ἐξ
281 3287 468 3358 ὕψους.

271 3376 431 3429 Ὀταν
505 3408 572 3416 -
622 3376 881 3434 ἀλήθειαν.
958 3378 1041 3440 Εἰς
1106 3382 1164 3430 τὸ
1221 3375 1411 3431 εἰδέναι
1468 3387 1641 3432 πᾶσαν
1704 3386 1798 3439 τὴν

206 3465 447 3523 ἀλήθειαν
512 3474 613 3517 τῶν
695 3468 839 3517 θείων
896 3462 1192 3539 δογμάτων,
1261 3474 1356 3527 τὴν
1424 3474 1799 3539 προσήκουσαν

208 3552 451 3612 δηλονότι
483 3556 839 3625 γνωρισθῆναι
889 3557 1028 3627 ὑμῖν.
1080 3554 1204 3608 Εἶτα
1239 3558 1320 3608 ἶνα
1368 3562 1464 3628 μὴ,
1513 3559 1800 3615 τηλικαῦτα

207 3647 325 3714 περὶ
373 3651 464 3694 τοῦ
526 3644 678 3714 ἁγίου
755 3647 1052 3716 Πνεύματος
1122 3645 1455 3713 ἀκούσαντες,
1519 3648 1697 3719 μεῖζον
1739 3652 1797 3701 τὸ

210 3738 417 3802 Πνεῦμα
440 3737 717 3803 νομίσωσι,
749 3739 834 3784 καὶ
860 3733 930 3794 εἰς
952 3732 1187 3805 ἐσχάτην
1220 3733 1456 3788 ἀσέϐειαν
1483 3734 1795 3808 ἐμπέσωσιν,

208 3820 391 3890 ἐπάγει
426 3822 696 3895 θεραπείαν
726 3827 815 3873 καί
840 3842 995 3894 φησιν
1021 3842 1034 3855 ο

279 3909 354 3960 Ou’
392 3941 457 3949 —
493 3909 698 3966 ἑαυτοῦ.
746 3909 944 3985 ”Ωσπερ
1000 3909 1114 3965 οὐδ’
1165 3912 1282 3985 ἐγὼ,
1314 3916 1484 3976 καθὼς
1538 3912 1799 3990 διαφόρως

205 3994 713 4072 προδιεστειλάμην
760 3996 911 4052 οὐδὲν
965 4004 1067 4076 γὰρ
1119 3999 1257 4055 ἴδιον
1286 4000 1459 4056 οὐδενὶ
1506 4012 1598 4065 τῆς
1650 4004 1801 4076 ἁγίας

203 4084 450 4162 Τριάδος,
495 4087 627 4146 πλὴν
659 4086 985 4159 ἀγεννησίας,
1022 4095 1111 4142 καὶ
1140 4096 1440 4162 γεννήσεως,
1498 4098 1588 4145 καὶ
1642 4092 1799 4146 ἔκπο-

202 4179 445 4251 ρεύσεως,
480 4176 605 4229 ἁλλά
629 4180 777 4229 κοινά
805 4180 972 4231 πάντα
1002 4179 1155 4252 αὐτῇ.

274 4442 403 4493 Ἀλλ’
461 4473 527 4484 -
580 4443 813 4503 λαλήσει.
886 4444 1028 4498 Ὀσα
1092 4445 1151 4498 ἂν
1232 4447 1431 4521 ἀκούσῃ
1506 4452 1648 4521 παρά
1707 4458 1799 4503 τοῦ

202 4535 423 4604 Πατρός,
459 4533 484 4583 ὁ
522 4538 610 4583 καὶ
668 4538 783 4605 περὶ
816 4534 1038 4605 ἐμαυτοῦ
1078 4536 1321 4597 πολλάκις
1370 4541 1572 4609 εἴρηκα,
1626 4535 1798 4595 δηλῶν

198 4624 255 4673 τὸ
298 4622 595 4692 ὁμοούσιον,
647 4627 735 4673 καὶ
771 4624 1006 4695 ὁμοφυὲς,
1051 4630 1140 4677 καὶ
1180 4629 1316 4694 ἴσον,
1362 4632 1452 4678 καὶ
1502 4625 1795 4701 ἀπαράλλα-

201 4729 343 4762 κτον.
374 4709 571 4782 Ὠσπερ
619 4714 720 4783 γὰρ
765 4713 790 4762 ὁ
820 4714 941 4774 Υἱὸς
969 4712 1227 4785 πλήρωμα
1254 4720 1412 4787 νόμου
1467 4722 1557 4767 καὶ
1601 4736 1798 4789 προφη-

404 4803 466 4851 τά
516 4807 742 4860 τυπικῶς
812 4797 1271 4874 προδιαγραφέντα
1342 4802 1633 4875 βεϐαιώσας
1704 4802 1797 4859 διὰ

204 4895 300 4947 τῆς
348 4887 621 4947 ἀληθείας·
680 4887 813 4939 οὕτω
871 4893 959 4940 καὶ
998 4893 1055 4941 τὸ
1108 4892 1239 4943 θεῖον
1281 4898 1488 4964 Πνεῦμα
1538 4892 1798 4968 πλήρωμα

202 4807 323 4865 τῶν,

277 5064 323 5100 ¹⁸
346 5064 543 5120 Matth.
574 5079 673 5132 xu,
706 5067 794 5120 24.
911 5067 955 5102 ιθ
978 5067 1144 5124 Joan.
1168 5083 1263 5139 vu,
1294 5067 1383 5135 20,

1921 630 2348 696 transgressor,
2426 625 2646 697 Deique
2731 623 3125 691 adversarius,
3232 625 3574 696 perveniret

1920 716 1997 771 ad
2066 731 2203 770 eum
2273 714 2378 787 qui
2441 714 2638 785 justus
2705 719 2813 786 est,
2884 727 3089 777 verax,
3154 712 3455 785 legislator
3499 728 3573 772 ac

1921 806 2123 861 Deus?

1994 894 2106 950 Sed
2146 895 2305 949 unde
2333 894 2711 950 manifestum
2737 894 2863 959 erit,
2883 895 3047 968 quod
3076 894 3155 952 ad
3185 897 3370 951 Deum
3394 892 3571 951 abeat

1920 989 1975 1039 et
2001 1000 2137 1039 cum
2166 999 2235 1041 eo
2266 984 2339 1038 sit
2365 984 2393 1037 ?
2425 985 2604 1038 Unde.
2634 984 2681 1037 A
2711 984 2959 1056 Spiritus
2986 985 3177 1040 sancti
3205 983 3569 1051 testimonio,

1922 1091 2023 1146 per
2055 1074 2515 1139 “lustrationem,
2566 1076 2631 1128 ut
2656 1073 2883 1130 dictum
2914 1078 3020 1140 est,
3052 1088 3122 1129 ac
3185 1073 3377 1143 signa,
3432 1088 3569 1145 quae

1918 1180 2024 1237 per
2048 1178 2270 1219 nomen
2296 1164 2424 1234 ejus
2449 1163 2718 1219 edentur.

1990 1342 2236 1398 Posthac
2263 1346 2461 1397 autem
2480 1357 2596 1399 non
2618 1342 2892 1398 videbitis
2912 1357 3029 1409 me,
3060 1356 3199 1397 cum
3224 1341 3340 1397 hac
3366 1340 3568 1398 videli-

1918 1437 2008 1487 cet
2038 1431 2360 1500 ignominia
2391 1435 2447 1486 et
2490 1431 2840 1501 ahjectione,
2874 1430 3173 1503 siquidem
3214 1430 3402 1486 visuri
3427 1445 3568 1486 eum

1917 1526 2104 1585 erant,
2138 1521 2239 1575 sed
2272 1536 2389 1575 non
2431 1524 2493 1576 ut
2521 1521 2709 1593 prius.

1978 1614 2141 1666 Vers.
2182 1612 2269 1664 11.
2308 1613 2388 1665 De
2413 1642 2476 1651 —
2488 1610 2789 1679 judicatus
2818 1614 2923 1666 est.
2951 1609 3100 1676 Quia
3129 1608 3406 1665 diabolus
3429 1624 3572 1665 con-

1917 1700 2231 1755 demnatus
2269 1704 2380 1763 est,
2415 1704 2470 1755 et
2507 1704 2816 1771 potentatu
2865 1716 2975 1755 suo
3017 1699 3256 1770 ejectus,
3298 1713 3421 1755 non
3462 1714 3569 1771 po-

1914 1792 2043 1847 tens
2075 1790 2322 1859 posthac
2352 1805 2541 1844 meum
2577 1789 2827 1845 omnino
2857 1786 3008 1845 ferre
3036 1804 3279 1853 nomen,
3314 1788 3421 1844 sed
3448 1791 3571 1843 sta-

1845 1878 1884 1932 B
1918 1878 2023 1934 tim
2067 1878 2299 1950 fugiens
2330 1894 2345 1933 :
2387 1878 2716 1949 quomodo,
2757 1878 3029 1943 obsecro,
3061 1877 3121 1933 id
3158 1877 3238 1932 illi
3265 1878 3569 1947 continge-

1828 3228 1870 3281 C

1830 4587 1873 4640 D

1916 1972 2020 2032 ret,
2053 1967 2100 2022 si
2141 1968 2393 2023 amicum
2425 1983 2563 2023 eum
2592 1966 2900 2031 haberem,
2935 1966 3114 2021 veluti
3165 1965 3369 2021 dicunt
3399 1966 3560 2033 mali,

1914 2056 2077 2129 quod
2109 2072 2209 2127 per
2246 2056 2551 2111 Beelzebul
2590 2056 2919 2127 principem
2985 2055 3424 2111 daemoniorum
3465 2055 3570 2126 eji-

1914 2146 2067 2202 ciam
2094 2146 2394 2201 daemonia
2426 2147 2493 2212 η,
2513 2144 2795 2218 quodque
2812 2145 3182 2201 daemonium
3198 2143 3462 2201 habeam
3492 2146 3567 2213 η,

1913 2239 1967 2290 et
1992 2239 2203 2291 cratera
2240 2233 2589 2306 hujusmodi
2614 2234 2642 2287 ?

1987 2327 2055 2379 Ut
2110 2327 2312 2379 autem
2371 2338 2713 2378 sermonem
2770 2322 3118 2377 summatim
3166 2321 3564 2392 colligamus:

1917 2413 2064 2468 Cum
2094 2412 2314 2469 venerit
2367 2410 2726 2474 Paracletus,
2762 2417 2971 2479 arguet
3028 2410 3307 2466 mundum
3340 2411 3411 2466 de
3432 2424 3567 2480 pec-

1914 2507 2064 2565 cato,
2108 2500 2251 2572 quia
2301 2504 2563 2571 peccant,
2598 2498 2701 2569 qui
2755 2498 2952 2554 adhuc
2983 2513 3105 2553 non
3161 2498 3413 2554 credunt
3446 2514 3462 2564 ;
3492 2498 3567 2555 de

1903 2589 2141 2658 justitia
2171 2594 2392 2652 autem,
2422 2588 2563 2659 quia
2585 2587 2784 2657 justus
2817 2601 2927 2655 ego
2958 2602 3093 2641 sum
3124 2590 3181 2642 et
3217 2602 3340 2642 non
3363 2602 3570 2659 pecca-

1913 2682 2021 2741 tor,
2073 2675 2223 2731 sicut
2261 2676 2373 2747 ipsi
2414 2676 2655 2744 dicunt;
2686 2675 2759 2729 de
2776 2672 3009 2744 judicio
3063 2689 3224 2740 vero,
3259 2675 3382 2730 sive
3411 2690 3564 2730 con-

1911 2764 2317 2829 demnatione,
2385 2763 2531 2836 quia
2603 2763 3043 2819 condemnatus
3122 2767 3213 2819 est
3280 2763 3565 2836 princeps

1910 2853 2363 2923 daemoniorum,
2403 2857 2695 2925 tanquam
2741 2852 3044 2918 inimicus,
3078 2856 3137 2909 et
3183 2867 3307 2909 non
3346 2852 3567 2909 amicus

1910 2958 2097 2999 meus.

1978 3031 2144 3089 Vers.
2198 3034 2281 3088 l2.
2327 3030 2528 3086 Adhuc
2565 3060 2632 3070 —
2682 3045 2860 3087 nunc.
2913 3029 3062 3086 Cum
3108 3029 3308 3086 adhuc
3350 3030 3571 3103 imper-

1908 3121 2038 3177 fecti
2070 3120 2215 3188 sitis,
2249 3124 2305 3176 et
2347 3120 2604 3175 necdum
2636 3134 2741 3191 per
2776 3119 3140 3175 horrendam
3194 3117 3300 3191 (zz)
3341 3118 3571 3191 passio-

1910 3226 2066 3274 nem,
2101 3226 2171 3267 ac
2208 3209 2582 3281 inopinatam
2622 3207 3110 3264 resurrectionem
3137 3223 3334 3263 meam
3367 3207 3568 3280 profe-

1908 3300 2134 3363 ceretis,
2167 3314 2361 3370 neque
2393 3297 2582 3353 induti
2627 3297 2751 3351 sitis
2780 3296 2993 3351 virtute
3024 3310 3094 3351 ex
3127 3295 3247 3352 alto
3279 3298 3353 3350 ’0.

1978 3390 2141 3443 Vers.
2188 3389 2275 3442 l3.
2323 3388 2471 3443 Cum
2516 3416 2583 3426 —
2625 3385 2949 3441 veritatem.
2993 3384 3081 3439 Ad
3129 3383 3263 3451 hoc,
3319 3388 3383 3441 ut
3420 3384 3569 3441 scia-

1908 3477 1981 3533 tis
2007 3492 2251 3532 omnem
2278 3475 2580 3530 veritatem
2606 3473 2944 3529 divinorum
2974 3472 3350 3543 dogmatum,
3378 3489 3567 3546 quam

1906 3564 2177 3621 videlicet
2206 3564 2439 3636 expedit
2462 3563 2635 3619 vobis
2662 3578 3042 3630 cognoscere.
3086 3561 3329 3628 Deinde,
3352 3578 3427 3618 ne
3462 3579 3566 3620 au-

1908 3654 2042 3709 ditis
2073 3653 2291 3710 talibus
2331 3652 2406 3707 de
2436 3652 2656 3725 Spiritu
2684 3655 2910 3719 sancto,
2946 3650 3240 3722 majorem
3266 3651 3563 3710 existima-

1907 3749 2037 3800 rent
2067 3760 2198 3799 esse
2244 3742 2553 3812 Spiritum,
2588 3744 2645 3796 et
2672 3740 2733 3796 in
2755 3744 3079 3797 extremam
3114 3738 3427 3797 inciderint
3452 3741 3568 3797 im-

1908 3833 2206 3905 pietatem,
2261 3829 2555 3886 medelam
2582 3829 2852 3900 adjungit
2881 3829 3087 3885 dicens
3117 3842 3134 3886 :

1978 3920 2142 3975 Vers.
2186 3919 2269 3974 13.
2311 3918 2448 3974 Νοη
2494 3949 2562 3959 -
2615 3917 2939 3987 semetipso.
2988 3916 3149 3974 Sicut
3193 3931 3386 3990 neque
3427 3932 3561 3989 ego,

1908 4008 2428 4081 quemadmodum
2501 4006 2683 4064 variis
2750 4007 2812 4063 in
2902 4005 3048 4063 locis
3112 4005 3560 4078 explicavimus.

1911 4098 2220 4172 Siquidem
2301 4096 2447 4153 nihil
2546 4095 2649 4151 ulli
2732 4098 2953 4151 sanctae
3019 4094 3318 4152 Trinitatis
3394 4111 3562 4169 pers-

1907 4203 2001 4243 nae
2056 4185 2367 4260 proprium
2410 4190 2516 4247 est,
2562 4189 2777 4257 praeter
2823 4184 3372 4251 innascibilitatem,
3413 4185 3564 4243 nati-

1909 4278 2148 4332 vitatem
2200 4279 2256 4332 et
2314 4275 2786 4347 processionem,
2847 4272 2951 4329 sed
2997 4272 3207 4329 omnia
3262 4273 3348 4330 eis
3401 4288 3564 4331 com-

1908 4365 2135 4421 munia.

1976 4452 2148 4508 Vers.
2205 4453 2285 4507 l3.
2328 4452 2438 4509 Sed
2482 4482 2551 4494 --
2597 4449 2887 4523 loquetur.
2934 4449 3315 4522 Quaecunque
3359 4449 3563 4507 audie-

1907 4541 1983 4597 rit
2011 4557 2046 4595 a
2076 4540 2266 4605 Patre,
2302 4541 2452 4595 sicut
2481 4541 2659 4596 etiam
2686 4539 3026 4611 frequenter
3062 4538 3138 4593 de
3169 4538 3401 4610 meipso
3436 4538 3558 4594 dixi

1909 4629 2251 4699 signiﬁcans
2314 4628 2664 4685 substantia:
2724 4642 2792 4682 ac
2878 4631 3103 4681 natura!
3159 4625 3553 4695 identitatem,

1907 4717 2327 4789 aequalitatem,
2426 4733 2497 4773 ac
2588 4714 3007 4771 omnimodam
3084 4714 3554 4774 similitudinem.

1908 4805 2428 4871 Quemadmodum
2476 4805 2637 4860 enim
2707 4803 2885 4859 Filius
2959 4802 3221 4875 impletio
3274 4803 3421 4873 legis
3470 4808 3558 4861 est

1905 4911 1976 4953 ac
2023 4894 2399 4967 prophetam,
2472 4894 2711 4951 veritate
2769 4891 3151 4958 conﬁrmans,
3216 4908 3347 4965 qum
3391 4893 3558 4965 prius

1497 5072 1545 5107 ³ο
1581 5072 1719 5127 Luc.
1747 5086 1912 5143 xxiv,
1939 5070 2032 5130 49.

1416 5272 1633 5342 Varias
1672 5274 2000 5343 lectiones
2031 5284 2095 5341 et
2132 5284 2334 5343 notae.

266 5465 379 5549 (55)_
420 5468 503 5521 Ita
532 5468 595 5521 A.
634 5465 916 5549 SedOCod.
956 5470 992 5549 β
1024 5466 1085 5549 in
1112 5473 1393 5549 contextu
1421 5469 1625 5536 habet,
1660 5473 1794 5549 πρὸς

193 5541 302 5605 τόν,
330 5541 386 5593 et
405 5552 608 5609 supra,
640 5537 729 5596 αὐ.
753 5537 792 5593 i.
826 5554 878 5594 θ.
912 5538 1087 5605 αὐτόν,
1123 5543 1178 5596 et
1204 5545 1353 5596 Θεὸν.

1972 5471 2087 5545 (56)
2129 5474 2408 5546 Γενομένης
2433 5471 2528 5531 Δι’

271 5715 375 5793 (z_z)
411 5714 527 5793 Per.
554 5715 935 5783 horrendam,
972 5722 1081 5775 etc.
1112 5720 1212 5774 Per
1238 5734 1307 5775 ea
1333 5735 1464 5793 quae
1495 5720 1554 5775 in
1590 5736 1759 5778 cruce
1800 5726 1856 5779 et
1882 5723 2310 5781 resurrectione
2342 5736 2481 5779 mea
2530 5722 2802 5780 accident
2830 5710 3131 5780 horrenda
3151 5724 3208 5779 et
3236 5719 3557 5785 mirabilia,

200 5785 588 5860 proieceritis.
