4130 6320
242 400 387 458 1429

1227 400 1602 459 COMMENT.
1653 398 1725 455 IN
1764 399 2116 458 JOANNEM.
2156 430 2227 445 --
2265 396 2425 458 CAP.
2467 402 2616 460 XVI.

3474 392 3616 455 M30

242 533 350 589 τοῖς
379 528 659 600 μαθηταῖς⁶
693 529 751 579 τὸ
796 533 1006 600 Πνεῦμα
1035 521 1093 580 δὲ
1121 528 1180 579 τὸ
1223 525 1372 598 ἅγιον
1418 526 1719 601 εἰργάσατο,
1763 525 1846 579 ἵνα

1976 527 2110 599 bulis
2160 526 2412 600 operari,
2490 540 2558 584 ea
2620 532 2824 584 tamen
2879 520 3164 599 operatus
3204 524 3317 583 est'
3363 526 3612 599 Spiritus

242 618 487 689 μάθωμεν
536 621 625 668 καὶ
670 616 829 669 αὐτοῦ
872 621 966 674 τήν
1008 613 1229 687 δύναμιν
1273 620 1363 668 καὶ
1410 614 1676 686 θεότητα.]
1712 616 1851 669 Ἐπεὶ

241 708 344 778 γὰρ
377 711 494 777 περὶ
524 708 613 777 μεν
663 712 756 757 τοῦ
794 708 991 779 Πατρός
1040 701 1216 765 οὐδεὶς
1261 702 1567 776 ἀμφίϐαλλε,
1627 708 1746 773 περὶ
1794 700 1851 755 δὲ

241 802 337 847 τοὺ
367 796 490 847 Υἱοῦ
523 799 611 846 καὶ
661 802 753 847 τοῦ
784 794 937 866 ἁγίου
970 796 1265 865 Πνεύματος
1293 794 1531 864 ἠγνόουν,
1580 788 1674 845 διὰ
1699 800 1851 844 τοῦτο

243 886 273 934 ὁ
311 886 400 955 μεν
433 880 503 934 δι’
545 882 977 957 ἐνανθρωπήσεως
1016 882 1182 955 ὁμιλεῖ
1227 882 1422 953 αὐτοῖς,
1465 885 1525 933 τὸ
1575 878 1634 935 δε
1664 885 1852 956 τρόπον

242 972 412 1045 ἕτερον
438 973 759 1048 καταρτίζει.

320 1157 419 1207 Καὶ
473 1152 579 1205 ἐπεὶ
630 1156 746 1227 περὶ
794 1154 883 1224 μὲν
962 1159 1055 1204 τοῦ
1108 1155 1309 1225 Πατρός
1370 1150 1532 1203 πολλὰ
1598 1156 1851 1216 ἥκουσαν,

241 1245 330 1294 τὸν
381 1239 441 1294 δε
480 1243 597 1294 ria»
649 1240 893 1302 πολλάκις
953 1237 1089 1294 εἶδον
1133 1244 1423 1312 θεοπρεπῶς
1488 1239 1850 1315 ἐργαζόμενον,

242 1335 338 1389 τήν
386 1327 445 1382 δε
494 1338 583 1383 τοῦ
636 1330 784 1401 ἁγίου
832 1333 1126 1402 Πνεύματος
1175 1329 1321 1392 ἀξίαν
1376 1330 1495 1382 οὔτε
1545 1327 1617 1382 δι’
1666 1330 1847 1395 ἀκοῆς,

241 1423 361 1473 οὔτε
414 1416 489 1471 δι’
539 1419 705 1490 ὅψεως
759 1418 1056 1489 ἐγίνωσκον.
1116 1419 1292 1471 λοιπὸν
1351 1422 1493 1491 παρὰ
1539 1422 1725 1471 τούτου
1774 1437 1851 1470 τεο

238 1508 516 1574 λειοῡνται,
567 1509 650 1560 ἴνα
704 1513 793 1561 καὶ
847 1512 941 1565 τὴν
1006 1512 1191 1560 τούτου
1254 1511 1475 1565 θεὸτητα
1525 1513 1845 1581 γνωρίσωσι.

241 1601 338 1650 Διὰ
367 1606 521 1649 τοῦτο
549 1603 639 1649 καὶ
687 1596 769 1649 ἐπὶ
822 1604 913 1648 τοῦ
959 1599 1097 1649 θείου
1144 1596 1507 1669 βαπτίσματος
1538 1600 1569 1655 ἠ
1612 1598 1848 1668 ξωοπάρσ

240 1705 371 1756 οχος
408 1689 565 1757 Τριὰς
614 1684 1094 1757 παραλαμϐάνεται,
1154 1686 1258 1757 οὐχ
1317 1687 1385 1747 ὡς
1438 1693 1528 1737 τοῦ
1579 1686 1687 1747 ἐνὸς
1747 1689 1848 1756 μό-

239 1794 329 1825 νου
383 1780 451 1846 μὴ
493 1773 768 1849 ἀρκοῦντος
811 1774 877 1834 εἰς
923 1772 1279 1845 ἀναγέννησιν,
1338 1774 1446 1826 ἀλλ’
1496 1776 1578 1826 ἵνα
1621 1771 1654 1826 δ
1662 1777 1716 1825 ιὰ
1754 1781 1847 1835 τῆς

1963 620 2227 682 sanctus,
2246 622 2311 673 ut
2335 618 2463 688 ejus
2490 632 2730 689 quoque
2752 616 3055 672 discamus
3082 615 3412 687 potentiam
3433 626 3506 673 ac
3525 616 3613 671 di-

1962 708 2290 763 vinitatem.
2318 711 2467 764 Nam
2497 707 2644 780 quia
2669 707 2743 762 de
2772 707 2944 762 Patre
2973 705 3220 778 quidem
3250 705 3448 763 nullus
3490 708 3612 763 hm-

1962 796 2197 862 sitabat,
2218 796 2291 851 de
2326 796 2466 852 Filio
2495 800 2696 852 autem
2723 810 2792 850 ac
2809 795 3029 867 Spiritu
3049 801 3257 851 sancto
3274 794 3613 866 ignorantia

1960 886 2333 951 tenebantur,
2367 890 2682 957 propterea
2706 883 2800 939 ille
2831 898 2975 941 sane
3001 894 3109 956 per
3135 883 3614 942 incarnationem

1963 988 2095 1027 cum
2120 974 2204 1029 eis
2236 980 2622 1030 conversatus
2651 978 2757 1041 est,
2782 972 2891 1029 hic-
2906 987 3043 1029 vero
3074 971 3192 1028 alio
3245 972 3427 1029 modo
3479 984 3614 1044 per-

1964 1061 2114 1119 fecit.

2036 1154 2318 1207 Prazterea
2364 1150 2438 1206 de
2490 1154 2656 1207 Patre
2709 1150 2952 1222 quidem
3005 1148 3194 1205 multa
3249 1148 3613 1205 audierant:

1966 1239 2166 1294 Filium
2194 1254 2434 1312 quoque
2452 1239 2670 1311 saepius
2690 1238 2889 1294 divina
2922 1242 3270 1309 operantem
3291 1248 3615 1309 conspexe-

1960 1335 2092 1383 rant
2123 1346 2135 1384 :
2172 1329 2425 1399 Spiritus
2456 1330 2641 1384 sancti
2673 1332 2871 1384 autem
2894 1327 3263 1396 dignitatem,
3292 1340 3487 1398 neque
3512 1340 3615 1381 au-

1960 1416 2083 1471 ditu
2109 1434 2315 1488 ,neque
2332 1423 2572 1489 aspectu
2594 1417 3055 1487 cognoscebant.
3073 1416 3162 1471 Ab
3182 1417 3295 1471 hoc
3312 1416 3512 1488 itaque
3535 1415 3614 1487 (ο)

1960 1506 2435 1577 perﬁciuntur,ut
2447 1507 2495 1576 ej
2508 1520 2574 1561 us
2587 1521 2828 1577 quoque
2840 1504 3207 1561 divinitatem
3221 1508 3613 1573 cognoscant.

1959 1597 2273 1666 Propterea
2335 1596 2509 1651 etiam
2560 1595 2619 1651 in
2651 1596 2851 1649 divino
2906 1594 3269 1665 baptismate
3301 1592 3615 1649 viviﬁcans

1959 1683 2216 1739 Trinitas
2232 1685 2561 1740 assumitur
2592 1701 2604 1739 :
2634 1698 2752 1739 non
2775 1683 2941 1755 quod
2963 1698 3084 1739 una
3109 1683 3235 1738 sola
3258 1692 3509 1754 persona
3534 1681 3614 1740 ad

1957 1774 2464 1842 regenerationem
2491 1784 2613 1829 non
2630 1770 2902 1838 sufficiat,
2925 1771 3033 1827 sed
3055 1778 3236 1843 utper
3260 1770 3613 1827 invoo'catioo

240 1867 512 1925 κοινωνίας
559 1872 657 1915 τῶν
702 1864 1015 1922 ἂπικλήσεων
1064 1865 1095 1921 ἠ
1142 1868 1384 1915 κοινωνία
1432 1870 1528 1924 τῆς
1615 1864 1847 1924 θεότητος

1976 1862 2051 1917 iis
2069 1862 2671 1919 communicationem
2696 1861 2932 1918 Deitatis
2948 1859 3411 1918 communicatio
3432 1859 3616 1933 signia

243 1949 379 2011 δήλη
409 1956 528 2023 γένη
543 1951 671 2025 ratu]

314 2044 513 2114 Μικρὸν
545 2071 609 2081 -—
641 2059 722 2103 με.
749 2042 1074 2112 Τεθαμμενον
1099 2041 1198 2092 ὑπὸ
1234 2049 1358 2110 γῆν.

318 2134 417 2181 Καὶ
445 2148 527 2201 με.
560 2130 883 2183 ’Δναστάντα
910 2127 965 2180 ἐκ
994 2137 1203 2203 νεκρῶν.

311 2215 432 2268 Ὅτι
486 2246 549 2259 —-
606 2222 831 2292 Πατέρα.
887 2216 1137 2270 Διάϐασιν
1190 2224 1466 2289 πανταχοῦ
1524 2221 1581 2269 τὸ
1627 2235 1849 2290 πραγμα

240 2304 404 2369 καλεῖ,
468 2302 675 2367 δεικνὺς
757 2309 836 2359 ὅτι
907 2306 965 2358 οὐ
1039 2308 1498 2378 κατασχεθήσεται
1564 2308 1648 2359 επὶ
1717 2304 1846 2357 πολύ

236 2397 385 2466 παρά
414 2403 502 2446 τοῦ
545 2397 783 2448 θανάτου.
820 2400 1079 2469 Χαρίεντα
1126 2399 1218 2466 μεν
1270 2391 1357 2447 οὖν
1404 2401 1523 2466 περὶ
1560 2402 1652 2446 τοῦ
1690 2394 1847 2446 ἄλλον

240 2483 587 2557 Παρακλήτου
671 2484 1122 2555 ἐπαγγειλάμενος,
1221 2484 1429 2555 λυπηρὰ
1522 2483 1677 2535 πάλιν
1762 2481 1848 2534 ἐπ-

240 2576 427 2642 ήγαγε.
488 2578 587 2625 Καὶ
630 2572 877 2633 πολλάκις
917 2569 1025 2631 ἤδη
1074 2581 1227 2623 τοῦτο
1276 2576 1525 2629 πεποίηκε
1563 2576 1652 2623 καὶ
1686 2578 1845 2635 ποιεῖ,

238 2669 351 2721 τοῖς
402 2664 660 2733 θυμήρεσι
708 2665 773 2713 τὰ
835 2659 1073 2733 θυμαλγῆ
1157 2659 1469 2727 ἀναπλέκων,
1547 2656 1631 2711 οἶα
1694 2667 1846 2711 τοῦτο

240 2752 332 2821 μὶν
399 2759 710 2822 παρηγορῶν
762 2755 1203 2814 καταπίπτοντας,
1260 2756 1413 2801 τοῦτο
1463 2746 1521 2801 δε
1568 2750 1847 2820 γυμνάζων

242 2838 493 2898 ἑστῶτας.
548 2841 614 2890 Οἱ
652 2842 754 2911 γὰρ
812 2838 860 2890 ἐν
910 2845 1015 2899 τοῖς
1063 2839 1268 2913 ῥήμασι
1309 2842 1375 2889 τὰ
1414 2836 1706 2890 ἀπενκταῐα
1756 2856 1849 2908 με-

240 2928 545 2987 λετήσαντες
592 2927 932 3003 εὐφορὼτερον
989 2927 1191 2999 ἔμελλον
1245 2930 1408 2980 οἴσειν
1453 2929 1585 2979 αυτά
1636 2930 1685 2979 ἓν
1739 2932 1847 2989 τοῖς

241 3018 569 3087 πράγμασιν.

317 3103 472 3157 Εἶπον
518 3131 587 3148 --
628 3104 790 3161 λαλεῖ.
833 3101 1035 3158 Ἐδόκει
1063 3108 1163 3177 γὰρ
1196 3104 1374 3166 αὐτοῖς
1402 3104 1701 3179 παραϐολήν
1732 3124 1849 3157 τινα

241 3193 510 3246 κάνταῦθα
547 3195 727 3266 λέγειν,
760 3198 829 3256 ὡς
857 3200 945 3246 καὶ
971 3193 1019 3246 ἐν
1049 3203 1120 3265 τῷ
1150 3198 1285 3247 κατὰ
1310 3197 1577 3248 Ματθαῖον
1609 3200 1848 3269 προειρή-
1883 3226 1921 3273 ς,

243 3303 422 3354 καμεν.
458 3282 607 3344 Ἴσως
638 3281 696 3336 δε
724 3288 892 3336 καὶτὸ
924 3280 1150 3355 σφοδοὸν
1177 3293 1268 3345 τῆς
1293 3282 1523 3356 ἀθυμίας
1548 3289 1642 3342 τὴν
1670 3284 1847 3335 ἀναισ-

248 3375 436 3430 θησίαν
498 3376 692 3430 ταύτην
731 3371 1022 3430 ἐνεποίησεν
1071 3373 1265 3442 αὐτοῖς,
1335 3378 1425 3425 καὶ
1481 3375 1531 3425 οἱ
1604 3373 1850 3435 πολλάκις

244 3470 411 3514 ταῦτα
458 3460 772 3521 ἀκούσαντες
809 3461 943 3513 οὕτω
975 3457 1225 3513 διέκειντο
1271 3465 1333 3521 ὡς
1382 3458 1645 3533 μηδέποτε
1684 3458 1849 3533 μηδεν

246 3554 440 3604 τούτων
468 3550 762 3613 ἀκηκοότες.

320 3727 486 3801 Ἔγνω
514 3758 581 3770 --
606 3748 669 3801 με
692 3746 706 3797 ;
746 3726 871 3783 Εἶτα
902 3725 1227 3800 διερμηνευει
1247 3731 1305 3780 τὸ
1332 3728 1665 3800 ζητοῦμενον.

317 3908 488 3979 Ἀμὴν
530 3937 599 3947 -—-
647 3908 806 3978 ὑμεῖς.
860 3910 943 3964 Μὴ
980 3908 1283 3981 θεωροῦντες
1320 3924 1383 3978 με
1412 3908 1479 3967 ὥς
1536 3905 1849 3977 τεθαμμένον

252 3999 352 4048 ὑπό
390 4005 509 4067 γῆν.
994 3998 997 3999 ν

317 4084 374 4138 Ὀ
398 4082 456 4137 δι
481 4088 673 4156 κόσμος
702 4074 1020 4157 χαρήσεται.
1055 4085 1121 4136 Oi
1146 4089 1383 4156 πονηροὶ,
1411 4086 1480 4145 ὡς
1529 4082 1847 4154 ἀπαλλαγέν-

248 4193 324 4234 τες
350 4192 472 4245 μου.

316 4262 486 4335 Ὑμεῖς
516 4257 575 4314 δε
621 4260 1007 4320 λυπηθήσεσθε.
1052 4264 1191 4333 Πρὸς
1232 4265 1412 4334 καιρόν
1440 4280 1576 4315 τινα.
1626 4259 1760 4330 Ὀρα
1790 4256 1849 4313 δι

246 4360 350 4411 πῶς
394 4348 520 4419 εἶπε,
570 4350 828 4403 κλαύσετε
866 4355 955 4402 καὶ
1004 4352 1284 4425 θρηνήσετε
1322 4356 1411 4402 καὶ
1456 4350 1847 4418 λυπηθήσεσθε,

245 4440 523 4511 γυμνάζων
549 4439 734 4501 αὐτοὺς
766 4439 848 4491 ἐπὶ
878 4439 1024 4490 πλέον
1055 4440 1127 4501 εἰς
1156 4440 1417 4510 ὑπομονὴν
1448 4435 1541 4491 διὰ
1568 4447 1664 4499 τῆς
1723 4458 1849 4490 συν-

250 4533 426 4601 εχείας
455 4533 542 4580 καὶ
568 4527 853 4589 ἑπιτάσεως
882 4537 980 4579 τῶν
1014 4528 1347 4599 ἀλγυνόντων.
1882 4584 1925 4640 D

319 4705 457 4757 Ἀλλ’
526 4735 593 4745 -
648 4710 936 4775 γενήσεται.
1016 4704 1175 4758 Πάλιν
1261 4706 1582 4778 θεωρούντων
1637 4723 1718 4777 με,
1786 4708 1850 4766 ὡς

249 4794 545 4847 ἀναστάντα
591 4794 646 4844 ἐκ
682 4802 869 4867 νεκρῶν
920 4790 1050 4851 ήδη.
1101 4790 1228 4846 Εἶτα
1274 4796 1458 4850 τίθησι
1496 4797 1585 4844 καὶ
1616 4796 1726 4863 (ὀὺ)
1759 4812 1851 4847 κο-

250 4888 436 4957 σμικόν
468 4881 829 4955 ἀναντίρρητον
879 4880 1223 4957 παράδειγμα
1247 4890 1340 4943 τῆς
1386 4885 1480 4940 τὴν
1527 4880 1692 4939 λύπην
1724 4881 1852 4955 ἀφα-

246 4973 496 5034 νεξούσης
526 4978 724 5043 χαρᾶς.

1959 1951 2183 2008 ﬁcetur.

2029 2042 2196 2096 Vers.
2236 2041 2323 2097 16.
2351 2041 2584 2097 Pusillo
2612 2068 2682 2082 —
2708 2055 2817 2097 me.
2855 2038 2977 2096 Sub
3005 2042 3160 2096 terra
3192 2038 3517 2111 sepultum.

2027 2130 2188 2185 Vers.
2234 2127 2317 2184 16.
2349 2128 2429 2184 Et
2456 2157 2525 2171 --
2572 2143 2681 2185 me.
2717 2128 2825 2184 Ubi
2855 2143 2892 2184 a
2918 2128 3167 2184 mortuis
3213 2136 3610 2184 resurrexero.

2030 2220 2187 2273 Vers.
2216 2219 2299 2273 l6.
2332 2218 2477 2283 Quia
2501 2248 2568 2259 —
2608 2220 2866 2274 Patrem.
2899 2217 3203 2273 Passionis
3257 2214 3616 2289 mysterium

1959 2306 2215 2378 appellat
2251 2307 2472 2379 ubique
2498 2307 2834 2371 transitum,
2886 2306 3229 2371 ostendens,
3291 2304 3445 2377 quod
3493 2313 3616 2362 non

1960 2396 2150 2451 multo
2180 2401 2440 2467 tempore
2472 2395 2647 2450 morti
2677 2395 2785 2450 erit
2830 2394 3160 2464 subjectus.
3189 2395 3396 2466 itaque
3446 2396 3617 2465 post-

1959 2499 2143 2554 quam
2174 2483 2308 2538 lteta
2338 2484 2411 2538 de
2459 2482 2644 2538 altero
2675 2481 2980 2537 Paraoleto
3031 2480 3320 2551 promisit,
3370 2490 3615 2539 rursum

1961 2571 2145 2626 tristia
2196 2571 2438 2635 inducit,
2490 2570 2671 2642 idque
2720 2570 3058 2643 frequenter
3083 2576 3138 2624 et
3184 2569 3321 2624 fecit
3371 2569 3501 2640 jam
3558 2572 3616 2625 et

1958 2659 2116 2725 facit,
2181 2659 2328 2715 laetis
2384 2660 2577 2715 tristia
2625 2659 3012 2730 permiscens,
3069 2665 3132 2713 ut
3178 2652 3321 2714 hinc
3369 2650 3615 2730 quidem

1959 2746 2299 2803 consoletur
2350 2748 2637 2817 dejectos,
2691 2748 2830 2803 hinc
2879 2757 3018 2802 vero
3045 2750 3271 2803 stantes
3322 2749 3617 2802 exerceat.

1960 2836 2103 2891 Nam
2144 2835 2245 2908 qui
2276 2836 2337 2891 in
2360 2835 2547 2892 verbis
2577 2836 2876 2892 horrenda
2905 2836 3168 2907 primum
3193 2834 3415 2892 medita
3443 2830 3616 2892 tifue-

1957 2932 2112 2996 rant,
2152 2940 2224 2982 ea
2253 2925 2641 2999 postmodum
2672 2925 2730 2981 in
2779 2926 2959 2982 rebus
3017 2923 3385 2982 tolerabilius
3436 2923 3616 2982 laturi

1958 3020 2147 3073 erant.

2032 3106 2192 3160 Vers.
2239 3106 2320 3160 l7.
2362 3104 2658 3161 Dixerunt
2687 3133 2757 3146 —
2784 3103 2949 3160 Vers.
2983 3104 3051 3157 l8
3085 3104 3401 3175 .loquatur.
3428 3096 3620 3174 Siqui-

1959 3194 2097 3249 dem
2130 3192 2481 3264 parabolam
2512 3193 2596 3249 eis
2625 3193 2945 3249 videbatur
2974 3192 3243 3264 aliquam
3287 3190 3471 3248 etiam
3519 3190 3617 3247 hic

1960 3281 2172 3347 dicere,
2203 3284 2356 3339 sicut
2383 3290 2437 3337 et
2468 3283 2527 3337 in
2550 3282 2870 3352 Evangelio
2907 3282 3078 3352 juxta
3103 3280 3445 3337 Mattheum
3490 3291 3617 3351 pra)

1960 3371 2231 3426 diximus.
2265 3371 2556 3426 Fortassis
2593 3375 2794 3426 autem
2830 3376 2884 3425 et
2938 3368 3180 3424 tristitiae
3235 3368 3619 3425 vehementia

1961 3458 2467 3515 insensibilitatem
2506 3459 2659 3514 hanc
2691 3458 2774 3513 eis
2815 3458 3096 3529 injecerat
3127 3474 3140 3512 :
3175 3455 3348 3528 atqui
3372 3455 3618 3528 ἱερείου-

1960 3553 2047 3604 ter
2073 3549 2202 3604 haec
2264 3544 2597 3614 audierant,
2650 3548 2733 3604 sic
2776 3547 2968 3605 affecti
3001 3549 3187 3612 erant,
3236 3545 3413 3619 quasi
3460 3540 3617 3602 nihil

1959 3652 2227 3709 unquam
2257 3638 2475 3693 borum
2507 3636 2830 3693 audissent.

2028 3725 2197 3784 νοτε.
2249 3731 2333 3786 l9.
2366 3727 2635 3796 Cognovit
2670 3755 2738 3767 -—
2780 3725 2911 3782 me?
2942 3722 3158 3780 Deinde
3186 3721 3353 3796 quod
3381 3734 3617 3795 quaere-

1957 3815 2105 3871 bant
2136 3815 2576 3887 interpretatur.
3492 3852 3499 3859 .

2030 3905 2192 3961 Vers.
2224 3908 2314 3960 20.
2367 3905 2551 3961 Amen
2588 3932 2646 3945 -
2678 3918 2793 3962 vos.
2837 3903 2966 3960 Non
3006 3902 3272 3960 videntes
3329 3893 3446 3967 me,
3501 3899 3615 3958 sub

1959 3997 2113 4050 terra
2136 3992 2406 4049 videlicet
2436 3993 2757 4065 sepultum.
3394 4022 3404 4033 -

2029 4083 2190 4137 Vers.
2220 4083 2309 4138 20.
2350 4082 2607 4139 Mundus
2662 4094 2801 4139 vero
2839 4080 3132 4154 gaudebit,
3176 4076 3314 4137 Mati
3371 4074 3615 4144 scilicet.

1958 4175 2249 4243 tanquam
2281 4187 2317 4227 a
2346 4186 2441 4227 me
2465 4170 2717 4227 liberati.

2029 4260 2187 4315 Vers.
2218 4263 2306 4315 20.
2352 4261 2451 4315 Vos
2487 4266 2677 4317 autem
2703 4257 3214 4316 eontristabimim‘.
3247 4256 3337 4314 Ad
3368 4250 3618 4330 aliquod

1958 4353 2214 4420 tempus.
2252 4348 2392 4404 Vide
2421 4352 2639 4415 autem,
2670 4348 2975 4421 quomodo
3000 4346 3215 4404 dixerit
3243 4361 3258 4401 :
3292 4343 3617 4403 Plorabitie

1959 4439 2492 4495 ettamentabimini
2503 4455 2574 4496 ac
2596 4439 3102 4504 contristabimini,
3125 4436 3205 4492 ad
3234 4435 3616 4493 tolerantiam

1960 4528 2220 4599 amplius
2246 4543 2349 4583 eos
2377 4543 2716 4593 excercens,
2741 4542 2847 4599 per
2865 4526 3378 4583 continuationem
3406 4524 3491 4597 (Δ)
3512 4534 3619 4582 eoo

1961 4632 2092 4672 rum
2122 4632 2254 4689 quia
2293 4632 2542 4673 maerore
2580 4616 2862 4672 afﬁciant.

2030 4706 2190 4760 Vers.
2225 4708 2310 4761 20.
2344 4705 2455 4760 Sed
2482 4735 2550 4746 --
2582 4708 2859 4760 vertetur.
2892 4703 3043 4759 Cum
3068 4717 3167 4760 me
3191 4703 3409 4759 iterum
3445 4699 3611 4758 vide-

1959 4793 2095 4850 bitis
2121 4810 2191 4849 ex
2216 4795 2465 4851 mortuis
2494 4795 2930 4850 resuscitatum.
2970 4792 3192 4849 Deinde
3221 4792 3393 4865 ponit
3430 4790 3615 4847 etiam

1960 4883 2199 4952 vulgare
2229 4883 2303 4955 (e)
2333 4898 2404 4939 ac
2437 4882 2834 4939 certissimum
2865 4880 3209 4955 exemplum
3236 4880 3323 4939 de
3362 4872 3612 4953 gaudio,

1961 4972 2126 5046 quod
2167 4987 2481 5031 maerorem
2510 4986 2541 5030 e
2581 4972 2781 5030 medio
2811 4971 2981 5031 tollit.

1485 5174 1712 5243 Varias
1784 5174 2109 5244 lectiones
2158 5183 2223 5244 et
2282 5185 2485 5245 nota.

318 5378 433 5450 (60)
460 5382 678 5450 Μικρὸν,
710 5394 817 5450 pro
856 5382 1110 5452 κοσμικόν
1151 5382 1212 5430 Α.

314 5555 392 5626 (c)
424 5556 515 5611 Ab
543 5555 655 5612 hoc
679 5558 896 5627 itaque.
931 5556 1187 5627 Denique
1215 5555 1293 5610 ab
1322 5554 1454 5611 hoc.

316 5629 398 5698 (α)
433 5628 959 5684 Continuatiomm.
1007 5627 1526 5683 Continuationem
1566 5631 1621 5683 et
1660 5627 1847 5684 interi.

244 5700 488 5832 tipgnem.
524 5701 645 5755 Non
671 5701 901 5757 videtur
931 5700 1174 5770 legisse,
1210 5702 1299 5750 καὶ
1332 5698 1637 5766 ἐπιτάσιως,
1670 5699 1730 5754 id
1761 5703 1853 5755 est

244 5791 309 5823 αυ
350 5789 533 5831 ήσεως.
1530 5830 1539 5832 _

243 5789 533 5831 αυςησεως.

2033 5558 2107 5629 (e)
2154 5557 2419 5629 Vulgare.
2454 5560 2516 5613 In
2546 5560 2749 5617 Graeco
2779 5562 2886 5627 est,
2917 5530 3297 5619 mundanum.
3320 5548 3381 5613 id
3412 5557 3526 5621 est,
3544 5569 3621 5613 ex

1960 5629 2161 5694 rebus,
2191 5646 2325 5700 quas
2356 5630 2415 5684 in
2438 5631 2670 5689 mundo
2721 5631 2915 5690 solent
2960 5629 3244 5698 accidere,
3284 5629 3617 5701 repetitum.

1958 5702 2081 5756 Nisi
2120 5706 2287 5754 κοινόν
2325 5700 2595 5774 legerit.
3001 5773 3005 5783 ν
3356 5700 3375 5701 7
3424 5760 3440 5790 ι
