4130 6320
530 356 659 419 N3t

527 571 827 630 dolorum.

537 707 542 713 .
598 664 759 718 Vcrs.
822 666 911 716 2t.
968 662 1114 717 Cum
1170 694 1239 702 —
1299 664 1597 719 mundum.
1653 662 2180 729 Quemadmodum

525 750 725 807 brevis
750 749 843 807 ille
871 766 1110 816 mceror,
1138 752 1241 823 qui
1274 752 1504 808 mulieri
1552 754 1614 807 in
1665 758 1839 824 partu
1882 752 2181 808 laboranti

524 839 797 911 provenit
847 856 885 893 a
924 845 1132 911 partus
1182 840 1509 911 doloribus,
1556 857 1848 913 magnmu
1891 841 2045 913 parit
2106 842 2182 896 de

527 928 686 984 edita
723 927 890 997 prole
920 928 1205 998 gaudium
1250 944 1265 985 :
1306 931 1386 985 ita
1432 945 1675 1001 quoque
1733 930 1903 985 vobis
1956 934 2184 1001 tempo-

526 1016 666 1072 ralis
696 1016 771 1073 de
800 1022 990 1073 morte
1017 1032 1153 1073 mea
1184 1034 1421 1082 mceror,
1472 1022 1826 1090 perpetuum
1884 1019 2184 1091 generabit

526 1104 602 1170 de
637 1106 1065 1162 resurrectione
1097 1122 1231 1163 mea
1259 1107 1574 1176 gaudium.

601 1194 766 1250 Vers.
796 1194 1090 1249 22.Et—-
1142 1196 1321 1251 vobis.
1370 1199 1553 1251 Nemo
1598 1212 1635 1251 a
1685 1196 1859 1251 vobis
1907 1196 2181 1252 auferet:

529 1289 672 1339 tunc
700 1283 858 1339 enim
887 1298 1008 1340 non
1035 1284 1289 1355 amplius
1329 1285 1569 1349 moriar,
1613 1300 1722 1340 nec
1771 1285 2054 1357 deinceps
2087 1302 2183 1341 me

528 1370 935 1444 privabimini.
971 1372 1285 1437 Quomodo
1341 1378 1540 1429 autem
1600 1374 1669 1429 de
1720 1374 1966 1429 muliere
2014 1374 2182 1439 dixit,

529 1460 688 1533 quod
703 1461 1081 1533 gaudetquia
1102 1466 1278 1518 natus
1301 1467 1387 1517 est
1406 1462 1590 1518 homo
1609 1462 1670 1518 in
1700 1462 2015 1529 mundum,
2044 1479 2183 1519 cum

529 1564 654 1605 non
679 1553 994 1621 propterea
1020 1551 1295 1619 gaudeat,
1356 1551 1461 1606 sed
1510 1551 1672 1621 quod
1731 1550 1845 1605 sibi
1873 1558 2051 1607 natus
2112 1551 2184 1607 sit

530 1638 876 1709 puerulus?
915 1642 1035 1695 Hoc
1091 1639 1256 1708 dixit,
1326 1640 1615 1711 quoniam
1683 1639 1761 1695 ab
1814 1640 1985 1696 initio
2043 1641 2187 1697 dixit

534 1729 690 1783 Deus
709 1742 727 1783 :
747 1728 1001 1785 Crescite
1016 1735 1071 1785 et
1090 1728 1549 1799 multiplicamini
1564 1744 1629 1783 ac
1642 1729 1860 1799 replete
1878 1736 2093 1786 terram
2112 1731 2181 1801 ’1,

1846 354 2193 411 EUTHYMII
2236 355 2569 411 ZIGABENI

600 484 767 540 Vers.
805 485 898 540 2t.
941 481 1165 540 Mulier
1190 512 1264 526 -—
1318 484 1466 555 ejus.
1510 486 1769 557 Tempus
1808 483 2178 543 laboriosum
2207 485 2257 541 ιι

3838 358 4013 413 1432

2359 484 2419 537 Ἠ
2482 489 2612 556 γυνὴ
2669 515 2738 524 —
2822 483 3013 546 αὐτῆς,
3080 483 3140 537 Ὁ
3216 486 3395 558 καιρὸς
3459 492 3571 536 τῶν
3649 481 4009 537 ἐπωδύνων

2289 571 2487 627 ὠδίνων
2521 575 2657 645 (61).

2357 662 2517 715 Ὀταν
2546 695 2614 702 -
2644 668 2859 735 κόσμον.
2884 662 3085 737 Ὠσπερ
3108 672 3170 737 τῇ
3199 660 3467 736 ὠδινούσρ
3496 668 3762 733 γυναικὶ
3788 665 3825 721 ἡ
3878 664 4003 715 ἀπὸ

2288 761 2387 804 τῶν
2408 753 2521 821 (6'2)
2546 749 2746 805 ὠδίνων
2778 751 3013 826 βραχεῖα
3040 752 3176 811 )ύπη
3206 758 3358 823 ’γεννᾷ
3386 757 3484 809 την
3508 752 3606 805 ἐπὶ
3640 762 3739 823 τῷ
3776 760 4001 821 ’γε-πή-

2290 862 2416 914 ματι
2445 841 2669 913 μεγάλην
2700 845 2893 914 χαράν
2936 843 3071 894 οὕτω
3101 848 3189 895 καὶ
3219 844 3338 913 ὑμῖν
3388 843 3418 898 ἠ
3461 840 3573 893 ἀπὸ
3620 850 3742 893 τοῦ
3793 843 3995 893 θανά-

2288 950 2377 983 του
2409 950 2512 1003 μου
2548 936 2865 1003 πρόσκαιρος
2894 930 3030 988 λύπη
3061 936 3294 1003 γεννήσει
3320 934 3413 989 τὴν
3446 929 3533 982 ἐπὶ
3584 939 3656 1002 τῇ
3707 930 3995 982 ἀναστά-

2294 1040 2373 1073 σει
2401 1040 2501 1093 μου
2533 1016 2747 1078 διηνεκῆ
2783 1023 2979 1094 χαράν.

2367 1202 2467 1249 Καὶ
2511 1228 2578 1236 —
2617 1198 2779 1268 ὑμῶν.
2828 1193 3023 1257 Οὐδεὶς
3067 1195 3361 1268 ἀφαιρεῖται
3392 1198 3565 1267 ὑμῶν’
3598 1197 3827 1249 οὐκέτι
3865 1200 3989 1269 γὰρ

2294 1286 2675 1356 ἀποθανοῦμαι,
2733 1286 2909 1337 οὐκέτι
2959 1306 3021 1357 με
3063 1287 3485 1357 ζημιωθησεσθε.
3544 1292 3677 1346 Πῶς
3731 1283 3812 1338 δὲ
3850 1296 3990 1357 περι

2292 1385 2382 1436 τῆς
2411 1378 2653 1447 γυναικὸς
2685 1373 2819 1427 εἶπεν
2847 1377 2926 1425 ὅτι
2956 1380 3155 1449 χαίρει,
3192 1371 3329 1426 διότι
3354 1373 3609 1445 ἐγεννήθη
3645 1377 3987 1449 ἅνθρωπος

2293 1464 2364 1525 εἰς
2400 1467 2487 1516 τόν
2517 1468 2753 1533 κόσμον;
2789 1464 2863 1515 Οὐ
2897 1460 2990 1515 διὰ
3014 1471 3165 1515 τοῦτο
3202 1467 3303 1535 γὰρ
3349 1468 3552 1535 χαίρει,
3595 1462 3760 1515 ἀλλὰ
3812 1461 3985 1517 διότι

2292 1552 2533 1624 ἐγεννήθη
2576 1552 2701 1624 αὐτῇ
2754 1549 2995 1605 παιδίον
3052 1561 3203 1604 τοῦτο
3243 1550 3372 1615 εἷπε,
3400 1550 3542 1604 διότι
3574 1558 3925 1625 καταρχὰς
3956 1558 3981 1605 ό

2294 1644 2421 1703 Θεὸς
2454 1645 2671 1715 εἴρηκεν*
2721 1642 3030 1707 Αὐξάνεσθε,
3079 1646 3169 1693 καὶ
3196 1640 3534 1704 πληθύνεσθε,
3573 1648 3675 1693 καὶ
3717 1643 3985 1716 1:).pr-

2296 1749 2419 1782 σατε
2470 1735 2563 1787 τὴν
2609 1738 2724 1801 γῆν.
2779 1735 2878 1783 Καὶ
2921 1734 3319 1804 προηγουμένως
3350 1732 3437 1801 μὲν
3469 1730 3541 1790 εἰς
3572 1730 3671 1782 τόν
3730 1736 3981 1803 κόσμον

530 1822 584 1872 et
635 1817 697 1872 in
750 1816 962 1888 primis
1019 1818 1258 1889 quidem
1308 1818 1495 1874 homo
1563 1817 1833 1873 nascitur
1897 1818 1956 1874 in
2015 1833 2182 1873 mun-

2310 1825 2530 1886 γεννᾶται
2561 1821 2585 1870 ό
2607 1822 2872 1892 ἄνθρωπος
2898 1818 3167 1892 ἑπομένως,
3198 1816 3255 1872 δε
3281 1824 3369 1871 καὶ
3399 1818 3466 1878 εἰς
3498 1821 3825 1893 θεραπείαν
3857 1831 3979 1873 τῶν

529 1905 699 1973 dum,
726 1920 799 1961 ex
826 1906 1215 1979 consequenti
1236 1922 1374 1963 vero
1404 1907 1581 1963 etiam
1602 1905 1681 1962 ad
1698 1906 2053 1978 obsequium
2084 1924 2187 1980 pa-

523 1999 784 2057 rentum'

602 2082 791 2138 Simul
822 2087 1025 2139 autem
1055 2088 1110 2138 et
1141 2085 1463 2155 mysticum
1493 2085 1789 2156 quiddam
1820 2085 1961 2141 hinc
1992 2085 2184 2155 signi-

529 2172 760 2237 ﬁcatur,
792 2171 960 2243 quod
990 2172 1251 2227 Christus
1284 2188 1383 2242 per
1424 2179 1679 2229 mortem
1736 2176 1971 2245 genitus
2012 2174 2186 2245 quasi

529 2276 638 2334 per
688 2260 1019 2333 quemdam
1079 2266 1333 2327 uterum,
1389 2267 1447 2318 et
1490 2261 1697 2317 solutis
1728 2262 1940 2318 mortis
1970 2262 2186 2318 dolori-

529 2351 646 2407 bus
669 2354 841 2407 natus
872 2349 944 2405 sit
968 2365 1163 2408 novus
1213 2350 1399 2407 homo
1442 2351 1504 2406 in
1552 2352 1849 2406 mundum
1898 2367 2127 2408 novum
2171 2373 2183 2405 :

531 2438 966 2512 primogenitus
992 2454 1062 2495 ex
1087 2439 1330 2496 mortuis
1361 2440 1421 2496 in
1460 2455 1713 2510 regnum
1746 2440 2056 2497 caelorum.

604 2616 764 2671 Vers.
791 2618 881 2673 23.
908 2616 985 2671 Et
1030 2645 1101 2658 —
1152 2631 1269 2673 non
1297 2615 1644 2689 quidquam.
1698 2644 1762 2659 --
1816 2618 1887 2673 In
1928 2619 2035 2674 illo
2078 2616 2182 2683 die,

531 2704 649 2768 hoc
679 2708 787 2770 est,
818 2721 957 2761 cum
983 2707 1211 2762 venerit
1239 2706 1600 2771 Paracletus,
1630 2722 1748 2763 non
1776 2707 2051 2778 royabitis
2097 2721 2183 2763 me

534 2794 849 2866 quidquam
867 2809 1074 2850 eorum
1088 2810 1221 2865 quae
1241 2810 1402 2851 nunc
1423 2795 1671 2865 rogatis,
1694 2802 1854 2867 puta,
1877 2796 2000 2862 Quo
2012 2796 2139 2852 abis
2161 2797 2190 2851 ἲ

534 2886 625 2939 et:
660 2882 912 2939 Ostende
942 2884 1110 2939 nobis
1126 2884 1379 2947 Patrem,
1408 2899 1478 2940 ac
1510 2883 1839 2951 similia,de
1853 2885 2133 2941 omnibus
2154 2900 2191 2940 a

534 2971 834 3028 Paracleto
881 2970 1090 3027 edocti.

535 3102 545 3112 .
604 3058 709 3115 Vel
735 3059 918 3115 etiam
960 3058 1164 3115 aliter:
1221 3058 1348 3115 Non
1386 3075 1627 3115 necesse
1672 3059 1901 3116 habetis
1950 3077 2188 3117 mecum

2293 1912 2633 1982 γεννητόρων.

2364 2088 2506 2160 Ἅμα
2536 2085 2595 2140 δὲ
2638 2092 2725 2139 καὶ
2773 2107 2824 2138 τι
2872 2089 3126 2159 μυστικὸν
3174 2085 3397 2139 ἐντεῦθεν
3446 2087 3557 2156 (63)
3611 2084 3975 2146 ὑποδηλοῦ-

2296 2197 2400 2245 ται,
2451 2179 2531 2228 ὅτι
2586 2180 2653 2237 ὡς
2686 2173 2779 2228 διὰ
2832 2181 3034 2250 μήτρας
3065 2179 3223 2241 τινὸς,
3276 2174 3368 2227 am
3404 2184 3493 2227 τοῦ
3527 2178 3813 2241 θανάτου,
3880 2199 3973 2230 τεο

2296 2268 2445 2339 χθεὶς
2492 2268 2518 2317 ό
2568 2268 2814 2335 Χριστός,
2860 2268 3070 2325 καὶτὰς
3100 2261 3294 2325 ὠδῖνας
3322 2272 3414 2316 τοῦ
3455 2266 3685 2316 θανάτου
3733 2265 3965 2329 λύσας,

2297 2356 2538 2427 ἐγεννήθη
2598 2356 2868 2427 ἄνθρωπος
2910 2358 3082 2413 καινὸς
3138 2354 3208 2414 εἰς
3256 2357 3343 2406 τόν
3400 2358 3595 2424 κόσμον
3656 2358 3766 2405 τὸν
3827 2376 3965 2407 και-

2295 2450 2397 2510 νόν,
2462 2448 2789 2517 πρωτότοκος
2839 2442 2894 2495 ἐκ
2947 2451 3134 2515 νεκρῶν
3197 2443 3266 2503 εἰς
3318 2447 3411 2501 τὴν
3466 2442 3769 2515 βασιλείαν
3837 2455 3957 2496 τῶν

2296 2533 2547 2606 οὐρανῶν.

2370 2628 2470 2675 Καὶ
2525 2652 2593 2664 —
2651 2617 2822 2675 οὐδέν.
2882 2650 2949 2661 -
3017 2621 3097 2672 Ἐν
3156 2619 3320 2692 ἐκείνη
3380 2610 3696 2693 τῇ“ἠμέρᾳ,
3770 2642 3946 2674 τουτ-

2297 2716 2436 2763 έστιν
2481 2710 2707 2770 ἐλθόντος
2754 2717 2845 2762 τοῦ
2925 2709 3287 2783 Παρακ)ἠτου,
3349 2709 3442 2760 οὐκ
3494 2707 3811 2782 ἐρωτήσετέ
3868 2732 3939 2782 με

2297 2796 2447 2852 οὐδὲν
2483 2800 2550 2851 ὧν
2581 2798 2799 2871 ἐρωτᾶτε
2839 2806 2948 2865 νῦν,
2994 2800 3099 2851 οἷον
3137 2805 3241 2851 Ποῦ
3281 2800 3533 2868 {imi-Iug;
3580 2803 3700 2861 καὶ,
3742 2800 3934 2861 Δεῖξον

2297 2892 2417 2961 ὑμῖν
2446 2892 2530 2941 τόν
2562 2893 2789 2962 Πατέρα,
2822 2893 2911 2940 καὶ
2940 2891 3006 2940 τὰ
3035 2896 3271 2951 τοιαῦτα,
3319 2884 3707 2959 διδασκόμενοι
3746 2892 3933 2941 πάντα

2298 2981 2397 3031 ὑπὸ
2424 2986 2515 3031 τοῦ
2544 2977 2787 3052 Παρακλή
2796 2996 2885 3029 του
2899 3020 2911 3033 .

2374 3067 2466 3141 [Ὶὶ
2526 3069 2637 3137 (64)
2687 3072 2776 3117 καὶ
2825 3065 3025 3138 ἑτέρως,
3080 3066 3202 3136 Οὐχ
3258 3065 3391 3127 ἕξετε
3443 3069 3628 3139 χρείαν
3670 3064 3925 3138 ἐντυχεῖν

535 3149 762 3206 versari
793 3147 1196 3219 corporaliter,
1237 3164 1381 3205 nam
1426 3149 1541 3205 hoc
1584 3149 1877 3218 signiﬁcat
1908 3167 1921 3205 :
1947 3151 2041 3206 Me
2070 3167 2189 3207 non

2310 3176 2389 3208 αοι
2434 3164 2763 3228 σωματικῶς
2824 3162 2975 3206 τοῦτο
3006 3157 3105 3227 γὰρ
3140 3150 3297 3211 δηλοῖ
3338 3158 3418 3219 τὸ,
3474 3155 3589 3225 Ἐμὲ
3642 3154 3745 3205 οὐκ
3803 3156 3929 3228 ἐρω-

536 3239 810 3311 rogabitis
825 3236 1170 3309 quidquam,
1198 3238 1303 3293 sed
1331 3242 1563 3294 tantum
1594 3254 1815 3295 nomen
1848 3256 2046 3295 meum
2088 3256 2193 3296 no-

538 3327 857 3393 minantes,
888 3330 1105 3383 cuncta
1134 3326 1461 3399 accipietis,
1502 3342 1639 3400 quae
1670 3328 1954 3397 petieritis
1998 3349 2010 3387 :
2047 3330 2193 3386 sub-

535 3416 733 3490 jungit
761 3416 921 3473 enim
952 3434 966 3475 :

613 3509 775 3564 Vers.
804 3507 893 3561 23.
920 3506 1100 3562 Amen
1136 3535 1207 3547 —
1253 3506 1429 3563 vobis.
1483 3506 1664 3577 Cujus
1716 3512 1917 3563 autem
1971 3524 2194 3565 nomen

542 3600 706 3654 tanta
733 3600 948 3667 potest,
980 3595 1314 3651 certissime
1338 3597 1487 3651 Deus
1514 3600 1622 3654 est.
1666 3596 1806 3652 Ideo
1857 3598 2037 3654 etiam
2080 3602 2195 3655 Da-

539 3684 640 3741 vid
666 3684 841 3741 variis
890 3684 952 3740 in
998 3683 1145 3739 locis
1185 3683 1333 3740 illud
1383 3685 1666 3751 laudans,
1723 3700 1881 3741 nunc
1949 3688 2193 3760 quidem

540 3773 621 3830 ait
650 3791 665 3830 :
706 3773 888 3840 Quam
908 3773 1258 3830 admirabile
1286 3777 1365 3829 est
1411 3789 1617 3831 nomen
1647 3780 1808 3830 tuum
1832 3776 1891 3831 in
1919 3778 2193 3834 universa

537 3870 705 3920 terra
730 3864 778 3898 ³³
804 3859 1000 3917 lnunc
1021 3876 1162 3918 vero
1196 3879 1209 3931 ;
1244 3862 1600 3919 Ezaltatum
1619 3870 1699 3920 est
1731 3879 1931 3924 nomen
1960 3867 2087 3935 ejus
2112 3881 2197 3921 so-

543 3950 661 4007 lius
691 3950 763 4006 ³³.

609 4037 1053 4095 Advertendum
1079 4042 1168 4093 est
1196 4043 1417 4109 autem,
1436 4039 1603 4111 quod
1625 4039 1923 4097 interdum
1948 4041 2194 4113 quidem

538 4128 848 4185 dationem
886 4142 1095 4183 eorum
1134 4143 1270 4198 quin
1302 4132 1601 4199 petuntur,
1657 4130 1809 4185 Patri
1856 4130 2125 4186 attribuit
2178 4147 2191 4186 :

538 4214 910 4287 quandoque
933 4230 1073 4273 vero
1093 4214 1204 4269 sibi
1226 4215 1357 4287 ipsi,
1384 4215 1537 4271 sicut
1560 4223 1616 4271 et
1636 4216 1753 4272 alia
1772 4234 1935 4283 sane,
1957 4224 2198 4290 prOpter

538 4302 945 4375 mqualitatem
976 4301 1372 4374 eamdemque
1423 4305 1797 4374 potentiam;
1848 4306 1943 4361 hic
1992 4313 2195 4365 autem

541 4398 599 4449 et
628 4392 785 4448 Patri
813 4396 870 4448 et
899 4391 1010 4447 sibi
1038 4391 1175 4463 ipsi.
1205 4394 1358 4448 Nam
1380 4393 1461 4449 ait
1496 4412 1507 4449 :
1543 4392 1613 4446 In
1661 4395 1886 4452 nomine
1931 4412 2077 4453 meo.
2132 4401 2197 4453 Et

538 4480 674 4554 pari
701 4479 883 4537 modo
907 4479 1248 4549 dicendum,
1284 4480 1625 4555 ubicunque
1671 4482 1787 4539 hoc
1846 4484 2195 4557 adjunctum

543 4574 659 4627 est.

612 4660 660 4731 -ι-
711 4660 1090 4732 Quaecunque
1126 4630 1443 4716 conferunt
1471 4664 1529 4717 et
1557 4661 1719 4719 utilia
1747 4666 1911 4718 sunt.

617 4838 778 4893 Vers.
836 4838 924 4892 24.
982 4836 1289 4893 Hactenus
1348 4852 1488 4893 meo.
1554 4839 1733 4910 Atqui
1789 4840 2038 4911 quando
2092 4858 2193 4896 eos

545 4925 710 4984 misit
736 4924 879 4983 data
904 4928 1191 4997 potestate
1220 4924 1509 4983 adversus
1539 4926 1776 4999 spiritus
1818 4930 2187 4997 immundos,

642 5076 687 5114 ²¹
718 5075 862 5133 Gen.
894 5092 931 5142 ι,
963 5076 1053 5133 28.

2300 3250 2485 3302 τησετε
2512 3241 2681 3297 οὐδέν·
2727 3242 2855 3295 ἀλλὰ
2907 3250 3057 3315 μόνον
3106 3248 3164 3294 τό
3215 3244 3375 3315 ὄνομα
3406 3262 3504 3313 μου
3541 3242 3925 3313 ὀνομάζοντες,

2302 3334 2472 3386 πάντα
2498 3332 2728 3403 λήψεσθε
2750 3336 2817 3384 τὰ
2857 3334 3166 3404 ζητούμενον
3204 3331 3383 3403 ἐπάγει

2376 3512 2540 3583 ’Δμὴν
2574 3540 2638 3550 -
2688 3513 2830 3581 ὑμῖν.
2874 3510 2949 3563 Οὔ
2999 3508 3056 3563 δὲ
3104 3514 3161 3562 τὸ
3207 3514 3365 3581 ὄνομα
3413 3518 3649 3561 τοσαῦτα
3691 3506 3923 3563 δύναται

2305 3603 2431 3662 Θεὸς
2482 3598 2860 3673 ἁναντιῤῥήτως
2900 3598 3032 3651 ἐστί’
3086 3604 3173 3651 Διό
3221 3603 3311 3650 καὶ
3364 3600 3388 3649 ό
3429 3595 3584 3650 Δαυιό
3641 3595 3921 3671 διαφόρως

2303 3690 2471 3760 ὑμνῶν
2535 3688 2661 3741 αὐτό
2742 3708 2899 3759 φησιν
2965 3696 3051 3739 νῦν
3122 3692 3231 3759 μέν·
3311 3687 3398 3748 Ὠς
3465 3688 3778 3757 θαυμαστόν
3856 3694 3915 3739 τὸ

2304 3779 2463 3848 ὄνομα
2509 3796 2603 3828 σου
2658 3777 2705 3829 ἐν
2763 3779 2908 3849 πάσῃ
2964 3785 3023 3849 τῇ
3059 3785 3147 3848 ’γῇο
3181 3784 3269 3827 νῦν
3324 3772 3400 3828 δι’
3460 3778 3540 3827 ότι
3577 3774 3797 3846 ’Υψωθη
3854 3782 3913 3829 τό

2304 3871 2463 3938 ὄνομα
2484 3866 2643 3919 αὐτοῦ
2668 3872 2845 3938 μόνου.

2376 4046 2772 4117 Παρατηρητέον
2823 4040 2881 4095 δὲ
2930 4044 3009 4094 ὅτι
3051 4045 3175 4095 ποτε
3214 4045 3304 4114 μεν
3360 4050 3432 4112 τῷ
3474 4046 3639 4115 Πατρὶ
3688 4047 3786 4100 τὴν
3822 4042 3910 4097 δό-

2308 4150 2389 4183 σιν
2434 4140 2532 4183 τὼν
2591 4132 2898 4189 αἱτηθέντων
2957 4129 3257 4201 ἀνατίθησι,
3312 4133 3431 4183 ποτε
3472 4127 3530 4182 δε
3572 4130 3760 4199 ἐαυτῷ,
3803 4137 3907 4186 ὧσ-

2305 4239 2396 4292 περ
2449 4217 2516 4279 δὴ
2567 4226 2655 4272 καὶ
2704 4220 2886 4289 τᾶλλα,
2938 4216 3032 4272 διὰ
3080 4223 3137 4271 τό
3186 4223 3300 4271 ἴσον
3343 4224 3431 4271 καὶ
3478 4221 3776 4291 όμοσθενές·
3829 4221 3904 4272 ἐν·

2306 4311 2473 4361 ταυθα
2530 4307 2588 4361 δὲ
2642 4315 2731 4361 καὶ
2785 4318 2855 4379 τῷ
2917 4314 3078 4381 Πατρὶ
3147 4314 3237 4360 καὶ
3280 4309 3464 4361 ἑαυτω.
3501 4314 3637 4364 Φησὶ
3682 4312 3783 4379 ’γὰρ
3827 4314 3897 4361 ότι

2306 4399 2386 4451 Ἐν
2421 4407 2491 4468 τῷ
2523 4402 2735 4469 ὀνόματί
2766 4414 2884 4470 μου·
2916 4398 3104 4470 ὁμοίως
3138 4395 3196 4449 δε
3226 4403 3315 4449 καὶ
3490 4399 3609 4449 ἔνθα
3653 4396 3712 4447 ἂν
3748 4418 3895 4450 τουτο

2307 4487 2419 4559 (66)
2446 4489 2804 4548 συνέζευκται.

2379 4667 2583 4737 [Ὅσα
2638 4667 2750 4737 (6'7)
2815 4667 2876 4717 ἄν
2942 4665 3213 4723 αἰτήσητε·
3274 4666 3377 4718 ὅσα
3437 4668 3762 4739 συμφέροντα
3806 4672 3879 4717 καὶ

2306 4755 2554 4826 ὠφέλιμα.
2591 4758 2610 4823 ]

2376 4843 2501 4903 Ἕως
2555 4845 2675 4916 ἄρτι
2723 4875 2788 4885 -
2842 4864 2964 4915 μου.
3018 4848 3117 4897 Καὶ
3166 4848 3288 4916 μὴν,
3342 4845 3424 4896 ὅτε
3474 4842 3761 4896 ἀπέστειλεν
3804 4844 3881 4895 asi-

2303 4936 2437 5003 τοὺς,
2497 4929 2623 4995 δοὺς
2679 4932 2916 4994 ἐξουσίαν
2988 4933 3292 5004 πνευμάτων
3361 4931 3690 5007 ἀκαθάρτων,
3765 4936 3885 4986 ciin

1170 5078 1217 5113 ³³
1242 5077 1394 5135 Psal.
1424 5093 1547 5144 VIII,
1579 5081 1632 5134 2.
1666 5082 1711 5113 ³²
1740 5078 1895 5136 Psal.
1932 5097 2161 5137 CXLVIII.
2220 5084 2309 5138 13.

1747 5256 1974 5325 Variae
2001 5258 2325 5329 lectiones
2357 5272 2422 5328 et
2462 5270 2662 5328 notae.

641 5425 731 5483 61)
767 5421 1002 5477 ὀδυνῶν
1050 5426 1116 5480 Α.

643 5491 733 5554 62δ
766 5491 1003 5549 Ὀδυνῶν
1033 5496 1099 5552 Β.

643 5566 736 5625 63ἲ
776 5568 1035 5621 Ἐνταῦθα
1059 5566 1129 5624 Α.

643 5638 733 5697 64δ
773 5638 1010 5696 Inclusa
1035 5638 1257 5696 absunt
1280 5641 1347 5695 A.

763 5709 954 5775 Intell.
996 5710 1163 5787 ἑαυτῷ
1198 5713 1287 5767 καὶ
1314 5716 1387 5785 τῷ
1412 5712 1582 5786 Πατρὶ
1612 5709 1922 5772 ’ἁνατὶθησι.

2406 5431 2496 5505 66)
2522 5433 2591 5483 Τὸ
2622 5431 2671 5505 ἓν
2696 5437 2765 5501 τῷ
2797 5428 3013 5502 ὀνόματί
3034 5450 3153 5505 μου.
3187 5431 3301 5505 Sed
3329 5430 3650 5505 Hentenjus
3679 5430 3752 5505 ita
3776 5432 3886 5505 red-

2310 5502 2478 5569 didit,
2521 5518 2590 5557 ac
2622 5502 2668 5556 si
2702 5506 2833 5572 post
2858 5508 2947 5555 καί
2975 5502 3263 5559 invenerit
3290 5502 3508 5555 λεκτέον.
3537 5502 3653 5556 Sed
3684 5502 3737 5557 id
3774 5503 3883 5561 for-

2311 5579 2463 5630 tasse
2497 5574 2933 5645 perspicuitatis
2950 5590 3137 5631 causa
3168 5575 3243 5631 de
3271 5590 3379 5631 suo
3406 5573 3660 5645 addidit.

2382 5643 2654 5717 (suum
2683 5647 2933 5717 uterque
2962 5646 3154 5704 codex
3180 5647 3243 5703 in
3267 5662 3463 5718 marg.
3493 5643 3692 5702 habet.
