4130 6320
270 381 416 439 1433

1271 376 1641 433 COMMENT.
1685 378 1754 432 IN
1792 378 2144 436 JOANNEM.
2194 411 2262 421 -
2300 379 2454 435 CAP.
2502 378 2644 434 XVI.

3515 376 3655 438 1434

274 506 537 559 ἐκϐάλλειν
606 506 758 573 αὐτὰ,
825 509 917 559 καὶ
989 506 1281 578 θεραπεύειν
1338 510 1512 557 πᾶσαν
1589 508 1740 557 νόσον
1796 508 1877 558 καῖ

2007 509 2061 562 ut
2112 506 2388 577 ejicerent
2436 505 2586 573 illos,
2638 509 2695 561 et
2747 507 3024 562 curarent
3067 520 3312 563 omnem
3370 508 3655 567 morbum

273 604 454 649 πᾶσαν
502 596 780 669 μαλακίαν,
838 594 885 646 ἐν
950 602 1022 664 τῷ
1090 594 1303 665 ὀνόματι
1356 594 1515 646 αὐτοῦ
1577 593 1822 666 ἐνήργουν
1870 612 1883 624 ·

278 685 411 737 ἀλλὰ
463 692 574 738 τότε
636 686 693 737 οῦ
745 688 831 737 τὸν
891 688 1093 758 Πατέρα
1161 685 1377 756 ᾐτοῦντο
1445 682 1493 735 ἐν
1548 692 1619 754 τῷ
1672 683 1887 755 ὀνόματι

277 775 439 827 αὐτοῦ
452 818 464 830 .

355 865 553 918 Αἰτεῖτε
592 895 659 904 -
700 863 1093 939 πεπληρωμένη.
1125 860 1253 928 Ἵνα,
1280 865 1485 933 γνόντες
1511 864 1612 913 ὅσα
1635 866 1693 914 τό
1721 864 1884 933 ὄνομά

278 973 379 1025 μου
442 951 682 1021 δύναται,
739 956 914 1027 χαρὰν
961 953 1121 1023 ἔχητε
1175 950 1387 1015 τελείαν,
1441 954 1554 1008 ἤτοι
1606 951 1795 1010 πολλὴν
1850 956 1881 1010 ἣ

278 1041 508 1095 πλείονα.

352 1138 531 1184 Ταῦτα
606 1163 675 1172 --
752 1133 894 1202 ὑμῖν.
976 1133 1229 1183 Τουτέστι
1288 1134 1720 1201 συνεσκιασμένα,
1796 1134 1887 1181 καὶ

280 1221 339 1272 οῦ
366 1223 533 1278 πάντη
568 1228 730 1293 σαφῆ,
773 1216 931 1282 διότι,
989 1215 1286 1279 δεδοικότες
1316 1221 1390 1270 ἔτι
1419 1223 1508 1270 καὶ
1551 1218 1883 1290 ἀθυμοῦντες,

280 1309 339 1362 οὗ
389 1306 618 1362 δύνασθε
658 1313 937 1381 προσέχειν
968 1315 1069 1368 τοῖς
1107 1308 1419 1380 λεγομένοις,
1456 1312 1485 1365 ἧ
1516 1308 1683 1360 πολεῖν
1716 1307 1886 1359 ἐνωτί-

285 1400 501 1452 σασθαα

354 1487 485 1539 Ἀλλ’
509 1519 576 1526 -
594 1488 735 1558 ὑμῖν.
758 1492 1011 1559 Ἔρχεται
1040 1489 1235 1558 καιρὸς,
1270 1487 1294 1536 ό
1316 1493 1403 1545 τῆς
1430 1485 1761 1546 ἀναστάσεῶς
1781 1505 1881 1558 μου

282 1572 508 1641 δηλαδὴ,
539 1576 620 1628 ὅτε
646 1574 1096 1649 ἀπαρακαλύπτως
1124 1580 1213 1626 καὶ
1245 1583 1419 1645 σαφῶς
1444 1571 1647 1636 διδάξω
1673 1576 1809 1647 ὑμᾶς
1834 1574 1881 1626 ἐν

280 1664 500 1736 εὐθυμία
537 1669 833 1736 γενομένους
870 1660 999 1723 ἤδη.
1046 1669 1144 1716 Καὶ
1177 1667 1277 1736 γὰρ
1307 1666 1437 1735 μετὰ
1460 1669 1554 1720 τὴν
1595 1662 1882 1715 ἀνάστασιν

280 1754 364 1805 ἐπὶ
409 1755 798 1828 τεσσαράκοντα
828 1756 1019 1825 ἡμέρας
1064 1750 1123 1810 ἦν
1167 1752 1502 1824 ὀπτανόμενος
1551 1753 1744 1819 αὐτοῖς,
1793 1759 1884 1806 καὶ

277 1841 435 1912 λέγων
465 1845 531 1894 τὰ
554 1847 672 1914 περὶ
700 1849 791 1903 τῆς
843 1840 1116 1913 βασιλείας
1161 1850 1249 1893 του
1283 1848 1435 1906 Θεοῦ,
1477 1843 1614 1892 καθά
1663 1861 1818 1913 φησιν
1848 1845 1877 1900 ἡ

283 1929 463 2003 βίϐλος
493 1939 592 1983 τῶν
625 1930 882 2005 Πράξεων.

352 2020 433 2073 Ἐν
460 2050 525 2060 -—
560 2020 859 2077 αἰτήσεσθε.
888 2019 1107 2091 Ἡμέρα)
1146 2023 1234 2069 τόν
1264 2022 1444 2093 καιρόν
1471 2018 1718 2081 πολλάκις
1738 2022 1882 2072 εἴωθε

274 2110 457 2181 λέγειν.
492 2117 722 2180 Συνεχῶς
761 2106 818 2160 δὲ
849 2114 965 2183 περὶ
986 2118 1081 2170 τῆς
1112 2107 1159 2158 ἐν
1197 2116 1267 2178 τῷ
1309 2107 1520 2179 ὀνόματι
1551 2109 1710 2160 αὐτοῦ
1739 2109 1880 2167 αἰτή-

281 2219 400 2258 σεως
434 2198 587 2268 λέγει,
620 2198 955 2271 πληροφορῶν
987 2197 1179 2258 αὐτοὺς
1207 2202 1325 2268 περὶ
1368 2207 1463 2259 τῆς
1494 2194 1758 2269 δυνάμεως
1793 2199 1882 2250 αῦ-

275 2296 386 2352 τοῦ,
409 2293 497 2339 καὶ
522 2290 713 2359 θάρσος
745 2286 1023 2358 ἐμϐάλλων.

348 2382 445 2429 Καὶ
474 2408 544 2417 -
574 2378 732 2447 ὓμῶν,
766 2382 864 2429 Καὶ
891 2376 948 2427 οῦ
979 2375 1107 2447 λέγω
1133 2378 1252 2447 ὑμῖν
1282 2381 1396 2428 τότε
1441 2378 1518 2427 ὅτι
1547 2378 1683 2447 Ἐγὼ
1710 2396 1880 2452 παρα-

275 2467 474 2517 καλέσω
501 2468 587 2517 τὸν
620 2468 824 2538 Πατέρα
853 2470 971 2537 περὶ
1002 2467 1163 2536 ὑμῶν.

351 2554 511 2614 Αὐτὸς
566 2586 632 2594 —
696 2553 924 2616 ἐξῆλθον.
1003 2554 1171 2614 Αὐτός
1244 2556 1344 2627 γὰρ
1412 2554 1437 2604 ό
1503 2558 1680 2627 Πατὴρ
1750 2554 1881 2625 φιλεί

277 2644 405 2714 ὑμᾶς
433 2646 568 2712 τότε,
597 2644 665 2703 ὡς
688 2640 807 2712 ἐγὼ,
847 2640 1153 2714 ἐμμένοντας
1192 2649 1257 2715 τῇ
1303 2645 1428 2716 πρός
1471 2641 1556 2713 ἐμὲ
1608 2641 1751 2714 φιλία
1789 2648 1878 2695 καὶ

275 2735 475 2786 πίστει.

345 2819 591 2881 Ἐξῆλθον
662 2850 727 2859 -
794 2823 1016 2893 Πατέρα.
1085 2822 1154 2871 T6
1231 2818 1493 2887 Ἐξῆλθον,

278 2908 427 2971 λυθα,
479 2913 568 2959 καὶ
614 2909 852 2979 Ἀφίημι,
904 2914 994 2959 καὶ
1052 2911 1363 2980 Πορεύομαι,
1410 2912 1499 2959 καὶ
1550 2910 1613 2960 τά
1662 2916 1879 2961 τοιαῦτα

1571 2823 1659 2870 καὶ
1731 2818 1878 2877 Ἐλή-

278 2994 743 3066 συγκαταϐατικῶς
770 2996 905 3067 λέγει
937 2993 1030 3047 διὰ
1062 3002 1153 3054 τὴν
1201 2995 1464 3048 ἀσθένειαν
1514 3006 1607 3057 τῆς
1648 2993 1879 3059 διανοίας

274 3095 370 3138 τῶν
421 3088 688 3150 μαθητῶν,
723 3089 786 3145 ὡς
836 3082 1100 3159 διαφόρως
1133 3086 1429 3158 εἰρήκαμεν.
1464 3086 1548 3148 Ὠς
1580 3090 1678 3159 γὰρ
1726 3092 1874 3154 Θεὸς,

1996 611 2359 667 omnemque
2381 594 2736 666 languorem
2767 596 2836 658 ²⁴,
2862 595 2922 650 in
2954 595 3195 651 nomine
3226 596 3415 667 ipsius
3446 613 3656 669 opera-

1996 684 2464 741 bantur.Verum
2486 688 2627 739 tunc
2648 700 2769 739 non
2790 685 3072 756 petebant
3087 688 3319 740 Patrem
3335 684 3395 739 in
3409 687 3654 742 nomine

1997 774 2210 844 ipsius.

2069 863 2231 919 Vers.
2275 864 2362 918 24.
2408 865 2590 918 Petite
2618 894 2687 904 —
2730 865 3056 933 impletum.
3089 866 3177 929 Ut,
3201 867 3522 935 postquam
3556 881 3654 920 co-

1996 953 2317 1020 gnoveritis
2356 957 2586 1024 quanta
2617 953 2803 1022 possit
2849 968 3069 1008 nomen
3109 969 3333 1017 meum,
3360 952 3651 1021 gaudium

1994 1040 2264 1097 habeatis
2316 1041 2641 1113 perfectum
2704 1042 2823 1096 sive
2876 1041 3130 1097 multum
3179 1048 3281 1098 aut
3328 1042 3647 1112 copiosius.

2069 1129 2344 1186 Vers.25.
2390 1132 2531 1187 Haec
2558 1161 2628 1171 —
2674 1132 2854 1187 vobis.
2900 1133 3020 1187 Hoc
3050 1136 3159 1199 est,
3201 1130 3553 1187 obumbrata
3596 1134 3653 1186 et

1994 1234 2116 1274 non
2138 1221 2384 1276 omnino
2415 1219 2754 1290 manifesta,
2788 1219 2931 1292 quia
2980 1220 3178 1276 adhuc
3210 1224 3369 1275 metu
3409 1225 3464 1276 et
3508 1236 3651 1275 mos-

1993 1324 2124 1364 rore
2146 1308 2360 1373 aﬂecti,
2397 1310 2490 1364 his
2536 1326 2670 1380 quas
2714 1310 2992 1365 dicuntur
3017 1326 3136 1365 non
3167 1309 3414 1382 potestis
3442 1310 3658 1365 adver’

1994 1402 2134 1463 tere,
2168 1406 2270 1454 aut
2293 1399 2550 1470 amplius
2574 1400 2907 1471 percipere.

2065 1490 2226 1544 Vers.
2261 1494 2348 1543 25.
2382 1490 2500 1545 Sed
2537 1520 2608 1531 -—
2658 1489 2825 1544 vobis.
2879 1490 3065 1544 Instat
3093 1493 3347 1559 tempus,
3393 1504 3652 1544 resurre-

1992 1578 2200 1634 ctionis
2236 1592 2384 1632 mea?
2404 1577 2694 1643 videlicet,
2718 1577 2964 1648 quando
2996 1583 3195 1649 aperte
3234 1593 3304 1633 ac
3336 1577 3649 1633 manifeste

1992 1663 2212 1719 docebo
2242 1682 2370 1731 vos,
2413 1667 2540 1736 jam
2571 1668 2630 1722 in
2679 1666 2882 1722 laetitia
2921 1668 3295 1723 constitutos.
3344 1665 3643 1735 Siquidem

1991 1760 2127 1825 post
2154 1756 2647 1810 resurrectionem
2677 1771 2782 1826 per
2810 1755 3208 1826 quadraginta
3241 1754 3367 1809 dies
3398 1768 3651 1825 appare-

1990 1842 2095 1898 bat
2117 1842 2220 1909 eis,
2255 1849 2311 1899 et
2335 1845 2591 1901 docebat
2615 1846 2689 1901 de
2716 1861 2899 1918 regno
2931 1845 3051 1911 Dei,
3087 1847 3240 1901 sicut
3268 1848 3472 1900 narrat
3496 1844 3649 1900 liber

1990 1932 2275 1987 Actorum
2303 1934 2373 1987 ³⁵.

2066 2023 2221 2076 Vers.
2262 2026 2352 2079 26.
2384 2023 2449 2078 In
2485 2053 2551 2063 —
2597 2022 2823 2091 patetis.
2872 2023 3031 2079 Diem
3058 2027 3115 2079 et
3159 2023 3373 2078 horam
3403 2023 3477 2094 (Γ)
3499 2022 3648 2078 solet

1991 2109 2328 2181 frequenter
2346 2113 2544 2183 ipsum
2572 2116 2809 2184 tempus
2836 2112 3151 2184 appellare.
3192 2113 3417 2182 Saapius
3445 2117 3646 2167 autem

1990 2199 2063 2253 de
2117 2201 2395 2270 petitione
2448 2202 2507 2256 in
2559 2202 2803 2257 nomine
2838 2218 2947 2256 suo
2995 2202 3156 2265 dicit,
3213 2200 3490 2256 certiores
3543 2217 3646 2256 eos

1990 2288 2247 2343 reddens
2278 2290 2351 2343 de
2379 2290 2565 2361 ipsius
2598 2290 2809 2345 virtute
2839 2296 2895 2344 et
2925 2290 3210 2345 ﬁduciam
3238 2289 3534 2360 injiciens.

2063 2377 2220 2431 Vers.
2256 2382 2343 2433 26.
2370 2379 2449 2433 Et
2470 2392 2537 2417 —‘-
2570 2379 2753 2435 vobis.
2788 2381 2852 2433 Et
2884 2394 3005 2433 non
3024 2378 3221 2433 dicam
3253 2377 3419 2432 vobis
3459 2383 3598 2431 tunc
3627 2391 3643 2432 :

1991 2466 2283 2521 Precabor
2322 2466 2553 2521 Patrem
2589 2482 2697 2538 pro
2732 2466 2920 2523 vobis.

2064 2554 2222 2608 Vers.
2276 2556 2363 2609 27.
2407 2557 2634 2624 Ipse—
2685 2555 2862 2611 exivi.
2916 2558 3064 2610 Nam
3096 2555 3223 2625 ipse
3277 2554 3449 2609 Pater
3502 2559 3644 2610 tunc

1989 2657 2092 2695 vos
2129 2641 2375 2707 amabit,
2424 2642 2577 2697 sicut
2605 2657 2733 2712 ego,
2794 2647 3214 2715 permanentes
3258 2641 3535 2698 videlicet
3581 2642 3642 2697 in

1989 2744 2193 2784 amore
2233 2746 2300 2786 ac
2328 2730 2446 2785 ﬁde
2464 2745 2607 2803 erga
2630 2748 2748 2787 me.

2059 2818 2221 2873 Vers.
2252 2822 2340 2875 28.
2384 2821 2568 2877 Exivi
2596 2852 2663 2861 —
2692 2822 2946 2877 Patrem.
2980 2820 3170 2875 Verba
3210 2820 3359 2885 haec,
3394 2819 3568 2876 Exivi
3586 2824 3643 2876 et

1999 2908 2160 2975 Veni,
2192 2910 2480 2980 Relinque
2509 2915 2566 2964 et
2603 2910 2782 2974 Vada,
2818 2925 2886 2965 ac
2919 2909 3151 2975 similia,
3180 2909 3548 2965 demittendo
3580 2925 3641 2966 se

1988 2997 2148 3063 dicit,
2182 3003 2423 3070 propter
2456 2998 2857 3055 inﬁrmitatem
2889 2998 3289 3069 intelligentiae
3320 2998 3643 3069 discipulo-

1988 3103 2143 3152 rum,
2204 3088 2383 3143 veluti
2431 3088 2771 3160 frequenter
2821 3088 3108 3144 diximus.
3160 3091 3304 3143 Nam
3350 3091 3641 3159 tanquam

274 3181 359 3227 και
395 3173 441 3225 ἐν
469 3184 539 3245 τῷ
583 3180 749 3249 Πατρὶ
788 3171 869 3242 ἦν,
916 3180 1005 3225 καὶ
1052 3174 1099 3226 ἐν
1131 3183 1201 3245 τῷ
1234 3180 1414 3247 κόσμῳ
1440 3198 1452 3208 ·
1497 3174 1877 3251 ἀπερίγραπτον

2007 3178 2140 3231 )eus
2172 3182 2229 3231 et
2257 3176 2318 3231 in
2345 3179 2509 3232 Patre
2561 3183 2687 3233 erat
2722 3182 2779 3233 et
2808 3177 2867 3232 in
2913 3176 3141 3232 mundo
3174 3193 3189 3243 ;
3224 3177 3519 3249 siquidem
3547 3191 3640 3231 res

275 3268 370 3337 γὰρ
404 3266 432 3322 ἡ
470 3266 668 3325 θεότης.

346 3356 361 3424 [
412 3358 480 3406 T6
530 3357 618 3425 μεν
672 3353 791 3425 (68)
846 3350 953 3416 οὖν,
1010 3353 1271 3417 Ἐξῆλθοεν
1331 3358 1473 3427 παρά
1503 3363 1594 3407 τοῦ
1654 3360 1876 3429 Πατρός,

276 3440 427 3498 δηλοῖ
480 3446 535 3493 τό
586 3439 714 3493 εἶναι
783 3442 936 3493 αὐτόν
986 3445 1040 3494 ἐκ
1098 3452 1189 3502 τῆς
1255 3443 1437 3505 οὐσίας
1508 3452 1599 3495 τοῦ
1660 3448 1876 3517 Πατρός,

274 3535 432 3600 ἤγουν
487 3534 603 3583 Υἱόν
664 3536 880 3601 γνήσιον
940 3539 1029 3582 τοῦ
1090 3536 1331 3605 Πατρός·
1393 3536 1451 3584 τό
1508 3529 1567 3584 δὲ
1624 3533 1880 3591 Ἐλὴλυθα

274 3619 342 3679 εἰς
424 3623 508 3670 τόν
584 3624 801 3690 κόσμον,
889 3625 1207 3691 σημαντικόν
1283 3628 1375 3682 τῆς
1452 3621 1879 3693 ἑνανθρωπήσεως

273 3706 467 3758 αὑτοῦ·
515 3710 699 3779 ὁμοίως
759 3704 817 3760 δε
870 3712 958 3760 καὶ
1015 3713 1071 3759 τό
1135 3710 1351 3780 Ἀφίημι
1400 3715 1485 3760 τόν
1528 3714 1722 3780 κόσμον
1759 3728 1769 3738 ·
1820 3714 1878 3762 τὸ

273 3792 351 3857 δὲ,
422 3800 711 3871 Πορεύομαι
781 3800 909 3870 πρὸς
965 3801 1050 3848 τὸν
1130 3803 1353 3872 Πατέρα,
1417 3804 1712 3870 παρίστησι
1783 3803 1877 3857 τὴν

269 3883 698 3937 ἀποκατάστασιν
765 3893 856 3946 τῆς
930 3890 1183 3959 προτέρας
1260 3885 1496 3949 ἐξουσίας
1561 3893 1650 3940 καὶ
1718 3884 1877 3951 δόξῆς

270 3972 483 4045 αὐτοῦ]

341 4066 572 4132 Λέγουσι
626 4094 693 4102 -
752 4062 932 4135 λέγεις.
983 4094 1047 4105 -
1102 4072 1209 4117 Νῦν
1264 4074 1485 4139 φανερῶς
1538 4065 1729 4132 λαλεῖς,
1787 4070 1876 4119 καὶ

268 4147 419 4204 οὐδὲν
480 4156 914 4224 συνεσκιασμένον
966 4153 1126 4225 λέγεις
1168 4172 1179 4183 ⁸
1237 4157 1455 4227 ἔγνωμεν
1503 4157 1603 4226 γὰρ
1660 4152 1696 4207 ἂ
1745 4154 1876 4217 εἶπες

265 4249 373 4293 νῦν.

341 4336 443 4380 Νῦν
510 4361 576 4369 --
646 4329 835 4401 ἐρωτᾷ.
912 4340 1074 4384 Τοῦτο
1139 4332 1351 4402 λέγουσι
1426 4337 1873 4405 παρηγορηθέντες

265 4418 324 4469 ου
385 4428 578 4491 μικρῶς
633 4418 733 4471 ἀπὸ
792 4428 890 4471 τῶν
943 4423 1197 4494 ῥηθέντων
1253 4422 1437 4492 λόγων,
1503 4427 1565 4483 ὡς
1623 4427 1871 4495 μαθόντες

1986 3266 2120 3321 loco
2146 3282 2266 3321 non
2297 3267 2751 3337 circumscripta
2779 3272 2863 3322 est
2888 3267 3183 3320 divinitas.

2060 3356 2263 3426 Itaque
2288 3355 2456 3409 Exivi
2478 3370 2513 3410 a
2534 3356 2732 3418 Patre,
2758 3354 3059 3422 signiﬁcat
3098 3370 3225 3409 esse
3246 3370 3375 3409 eum
3407 3354 3481 3408 de
3505 3354 3641 3409 sub-

1992 3443 2203 3497 stantia
2239 3443 2441 3507 Patris,
2477 3442 2597 3498 sive
2636 3443 2963 3512 legitimum
2996 3442 3182 3498 Patris
3225 3443 3452 3498 Filium.
3499 3441 3641 3498 Veni

1988 3533 2047 3585 in
2067 3532 2374 3595 mundum,
2395 3531 2843 3600 signiﬁcativum
2862 3536 2950 3586 est
2965 3530 3392 3586 incarnationis
3410 3530 3597 3602 ipsius
3620 3546 3635 3597 ;

1989 3624 2046 3675 et
2068 3619 2333 3675 similiter
2371 3621 2532 3693 quod
2566 3621 2665 3688 ait,
2702 3620 2977 3690 Relinque
3003 3620 3305 3675 mundum.
3339 3619 3431 3674 Ait
3468 3619 3636 3687 illud,

1999 3710 2150 3766 Vada
2181 3711 2262 3766 ad
2278 3713 2534 3776 Patrem,
2561 3711 2935 3766 demonstrat
2956 3710 3388 3767 restitutionem
3428 3710 3640 3783 prioris

1988 3800 2265 3871 potentiae
2297 3816 2367 3856 ac
2397 3800 2599 3870 glorias
2629 3800 2841 3871 ipsms.

2058 4066 2215 4121 Vers.
2248 4068 2337 4121 29.
2380 4065 2676 4122 Dicunt—
2699 4066 2866 4121 dicis.
2902 4097 2969 4106 —
2992 4066 3171 4123 Nunc
3209 4066 3521 4136 manifeste
3562 4066 3639 4122 lo-

1984 4159 2201 4228 queris,
2226 4161 2281 4213 et
2309 4156 2455 4214 nihil
2483 4156 2782 4213 obtectum
2812 4155 2960 4212 dicis
2987 4176 3000 4225 ;
3024 4157 3423 4213 intelleximus
3452 4157 3634 4224 enim,

1984 4262 2118 4319 quas
2150 4261 2309 4301 nunc
2348 4245 2566 4300 dixisti.

2056 4335 2213 4390 Vers.
2246 4338 2333 4391 30.
2375 4336 2553 4389 Nunc
2581 4335 2917 4406 interroget.
2956 4336 3075 4390 Hoc
3106 4335 3327 4399 dicunt,
3362 4336 3638 4392 consola-

1984 4424 2137 4480 tione
2169 4439 2289 4478 non
2314 4424 2550 4479 modica
2573 4430 2818 4496 accepta
2850 4424 2926 4479 ab
2950 4424 3059 4490 his,
3091 4425 3492 4495 quoslocutus
3523 4429 3631 4491 est,

265 4510 346 4559 ὅτι
387 4505 761 4572 ἀναστήσεται,
796 4514 884 4561 καὶ
926 4510 1078 4560 πάλιν
1113 4507 1320 4572 διδάξει
1366 4512 1572 4581 αὐτοὺς,
1622 4518 1708 4565 καὶ
1739 4514 1816 4564 ότι
1846 4515 1870 4564 ό

2007 4512 2378 4579 ermombus,
2446 4517 2646 4583 utpote
2706 4512 3126 4581 intelligentes,
3175 4513 3340 4584 quod
3394 4529 3633 4568 rursum

267 4600 448 4667 Πατὴρ
500 4596 633 4667 φιλεί
687 4597 890 4658 αὐτούς.
951 4603 1019 4651 T6
1078 4603 1167 4671 μὲν
1223 4603 1323 4671 γάρ
1384 4598 1571 4653 ἐλπίδα
1626 4600 1871 4672 βοηθείας

266 4691 507 4756 παρεῖχε,
563 4689 619 4736 τό
681 4680 738 4737 δὲ
816 4686 1165 4760 πληροφορίαν
1220 4688 1376 4762 ὀρθῆς
1432 4694 1656 4750 πίστεως
1689 4708 1700 4719 ·
1756 4695 1871 4743 τότε

262 4775 365 4844 γάρ
430 4780 597 4824 ταῦτα
645 4773 878 4845 μάλιστα
937 4781 1227 4834 νενοήκασι.
1290 4783 1451 4831 ⁴ῒδασὶν
1505 4775 1591 4830 οὖν
1637 4780 1716 4829 ὅτι
1762 4786 1870 4831 Νῦν

262 4857 480 4932 οἴδαμεν
534 4864 614 4913 ὅτι
696 4859 846 4925 οἶδας
903 4866 1093 4928 πάντα,
1154 4870 1243 4917 καὶ
1321 4869 1386 4917 τὰ
1448 4866 1718 4941 ἀπόρρητα
1772 4876 1868 4919 τῶν

262 4947 566 5023 ἀνθρώπων,
612 4956 700 5003 καὶ
750 4952 808 5003 οὐ
861 4959 1045 5026 χρείαν
1107 4956 1265 5025 ἔχεις,
1321 4956 1402 5006 ἵνα
1456 4960 1538 5016 τίς
1598 4975 1655 5008 σε
1702 4956 1870 5030 ἐρωτᾷ

262 5042 381 5109 περὶ
452 5038 518 5087 ὧν
591 5038 835 5110 βούλεται
890 5043 1094 5114 μαθεῖν,
1168 5042 1295 5095 ἀλλά
1354 5046 1659 5116 προφθάνων
1730 5044 1867 5107 λύεις

255 5127 318 5180 τό
366 5124 699 5198 ζητούμενον.
749 5135 848 5183 Καὶ
905 5132 1050 5203 ἡμῶν
1099 5134 1200 5204 γὰρ
1251 5132 1612 5194 συζητούντων
1664 5138 1715 5186 τί
1753 5134 1867 5187 ἐστι

336 5299 384 5335 ²⁴
424 5302 623 5358 Matth.
655 5319 714 5360 x.
747 5310 793 5358 1.
945 5308 990 5341 ²⁵
1013 5308 1136 5363 Act.
1169 5309 1219 5376 l,
1253 5312 1281 5364 3
1307 5324 1475 5381 seqq.

1982 4607 2418 4656 resurrecturus
2461 4606 2637 4671 esset,
2682 4616 3045 4672 rursumque
3084 4618 3186 4657 eos
3221 4601 3543 4658 docturus:
3579 4608 3636 4657 et

1980 4689 2143 4761 quod
2176 4689 2343 4745 Pater
2391 4690 2553 4759 ipsos
2605 4692 2853 4745 amaret.
2887 4688 3035 4743 Illud
3090 4689 3385 4761 siquidem
3433 4689 3637 4746 auxilii

1981 4794 2151 4849 spem
2166 4776 2492 4848 praebebat,
2515 4776 2628 4831 hoc
2640 4781 2841 4833 autem
2858 4781 3031 4833 rectas
3044 4778 3182 4832 ﬁdei
3199 4778 3631 4845 certitudinem,

1979 4882 2122 4922 nam
2184 4871 2321 4921 tunc
2357 4865 2738 4937 potissimum
2776 4866 2901 4921 haec
2964 4865 3395 4923 intellexerunt.
3449 4867 3638 4925 Aiunt

1979 4972 2140 5027 ergo,
2196 4956 2370 5011 Nunc
2394 4955 2604 5011 scimus
2644 4955 2792 5026 quod
2840 4956 2947 5012 scis
2978 4958 3193 5022 omnia,
3233 4956 3413 5013 etiam
3447 4956 3638 5013 homi-

1978 5061 2122 5099 num
2150 5059 2373 5100 arcana
2398 5065 2410 5109 ;
2442 5058 2545 5100 nec
2570 5060 2708 5115 opus
2730 5050 2815 5100 est
2842 5044 2969 5109 tibi,
2998 5049 3065 5100 ut
3085 5045 3283 5117 quisic
3310 5044 3636 5117 interroget

1977 5134 2051 5189 de
2079 5133 2171 5189 his
2197 5149 2326 5205 quas
2366 5133 2595 5189 discere
2650 5132 2919 5200 voluerit,
2962 5134 3069 5190 sed
3112 5134 3481 5207 praeveniens
3521 5134 3638 5191 d18-

1496 5432 1713 5500 Varia:
1745 5435 2070 5503 lectiones
2100 5443 2159 5499 et
2204 5444 2405 5501 notae.

330 5567 445 5637 (68)
478 5567 710 5625 Inclusa
742 5572 964 5628 absunt
994 5576 1058 5628 A.

329 5740 402 5817 (Γ)
429 5745 505 5803 Et
536 5747 773 5807 horam.
806 5756 908 5807 Καί
935 5758 1071 5827 ippon
1096 5768 1219 5812 non
1246 5758 1335 5812 est
1354 5754 1415 5811 in
1447 5753 1677 5815 Graeco.
