4130 6320
538 332 675 403 ὶ435

1892 351 2243 409 EUTHYMII
2281 351 2611 413 ZIGABENI

3820 347 4001 403 uae

540 476 722 532 solvis
750 476 912 548 quod
939 478 1168 550 quaerit.
1204 481 1351 534 Nam
1385 483 1441 535 et
1469 477 1644 534 nobis
1677 479 2185 551 conquirentibus,

2311 484 2354 532 τό
2388 499 2400 513 ο
2443 483 2641 553 Μικρὸν
2673 483 2758 531 καὶ
2790 477 2850 531 οὐ
2882 480 3109 549 θεωρεῖτέ
3139 495 3222 549 με,
3266 481 3357 528 καὶ
3386 474 3551 528 πάλιν
3585 477 3843 549 μικρὸν,
3889 478 3998 524 καὶ

538 566 683 637 quid
714 570 888 631 esset,
934 568 1165 623 Pusillo
1200 576 1458 637 tempore
1485 583 1605 623 non
1650 568 1918 624 videbitis
1968 585 2077 639 me,
2136 573 2191 625 et

538 670 778 710 rursum
805 656 1016 725 pusillo
1035 660 1302 728 tempore,
1334 663 1387 713 et
1423 658 1687 713 videbitis
1719 673 1829 725 me,
1862 664 1919 713 et
1940 662 2188 723 caetera;

537 759 661 799 non
688 744 1088 815 interrogatus
1128 747 1538 817 interpretatus
1579 763 1641 802 es
1671 763 1759 814 ea,
1794 752 1849 803 et
1885 747 2192 820 quiescere

536 832 721 889 fecisti
738 840 998 890 mentem
1020 840 1308 891 nostram.

611 924 772 977 Vers.
829 928 914 979 30.
949 926 1063 981 Per
1118 925 1229 981 hoc
1283 957 1349 964 —
1402 926 1568 981 Vere.
1612 930 1697 982 31.
1754 924 2192 999 creditiSYIpsi

540 1011 836 1085 siquidem
869 1019 1150 1085 tanquam
1197 1015 1449 1084 gratiam
1492 1015 1759 1088 aliquam
1799 1015 1881 1070 illi
1907 1019 2193 1087 praestan-

538 1104 628 1157 tes
660 1101 935 1158 dixerunt
966 1120 979 1156 :
1015 1105 1094 1157 Ex
1146 1103 1259 1158 hoc
1292 1103 1545 1173 perfecte
1598 1104 1922 1168 credimus,
1956 1102 2118 1179 quod
2157 1120 2192 1159 a

540 1191 659 1245 Deo
687 1190 906 1245 missus
947 1193 1048 1258 sis,
1077 1192 1240 1264 quod
1282 1192 1456 1247 Filius
1500 1193 1598 1248 Dei
1633 1194 1732 1248 sis.
1766 1194 1896 1265 Ipse
1926 1208 2063 1249 vero
2094 1208 2189 1248 ex-

539 1279 800 1351 probans
818 1280 901 1334 eis
928 1280 1335 1352 imperfectam
1381 1281 1577 1338 adhuc
1605 1282 1807 1347 ﬁdem,
1852 1282 1973 1336 ait:
2018 1282 2191 1337 Modo

537 1369 794 1437 perfecte
806 1370 1335 1427 creditis.Necdum
1350 1372 1565 1437 adhuc,
1577 1377 1784 1442 arguet
1796 1373 1951 1427 enim
1968 1388 2034 1426 ac
2053 1386 2191 1426 con-

538 1457 735 1514 vincet
761 1474 867 1513 vos
900 1463 1134 1529 tempus
1156 1460 1317 1533 quod
1342 1461 1465 1531 jam
1492 1461 1687 1516 instat.

608 1546 771 1601 Vers.
833 1550 918 1602 3‘2.
984 1549 1134 1604 Ecce
1195 1550 1667 1620 —-relinquatis.
1730 1552 1985 1621 Tempus
2048 1548 2193 1604 dicit

540 1636 795 1709 impetus
828 1653 1033 1692 eorum
1067 1638 1170 1710 qui
1207 1655 1343 1693 cum
1375 1640 1676 1710 proditore
1720 1641 1953 1695 venturi
2002 1643 2190 1704 erant,

540 1741 679 1781 cum
741 1741 952 1782 omnes
1016 1727 1292 1799 discipuli
1350 1729 1478 1799 ejus
1509 1728 1711 1783 relicto
1755 1743 1825 1783 eo
1892 1728 2191 1798 fugerunt,

2298 569 2487 639 ὄψεσθέ
2515 588 2596 640 με,
2628 574 2717 621 καὶ
2744 572 2800 620 τὸ
2824 568 2939 630 ἑξῆς
2960 587 2971 599 ·
2993 572 3064 638 μὴ
3090 565 3365 641 ἐρωτηθεὶς
3393 567 3763 640 ἡρμήνενσας
3789 564 3991 629 αὐτὰ,

2296 663 2379 709 καὶ
2410 656 2703 720 ἀνέπαυσας
2735 659 2880 730 ἡμῶν
2910 661 3003 714 την
3035 653 3289 710 διάνοιαν.

2367 929 2449 981 Ἐν
2495 930 2662 998 τούτῳ
2704 956 2773 967 -
2811 928 3114 991 πιστεύετες
3146 923 3302 977 Αὐτοὶ
3351 926 3461 995 μὶν,
3518 925 3726 995 ὥσπερ
3778 924 3984 995 χάριν

2294 1020 2411 1069 τινὰ
2435 1020 2746 1089 παρέχοντες
2768 1015 2929 1085 αὐτῷ,
2958 1011 3096 1067 εἷπον
3114 1016 3193 1066 ὅτι
3215 1012 3344 1066 Ἀπὸ
3374 1015 3565 1065 τούτου
3594 1015 3983 1082 πιστεύομεν

2296 1106 2496 1167 ἰντελῶς
2541 1108 2621 1157 ὅτι
2665 1104 2718 1157 ἐκ
2764 1111 2858 1156 τοῦ
2905 1111 3039 1157 Θεοῦ
3078 1101 3394 1169 amat-dlis,
3444 1104 3527 1154 ὅτι
3569 1104 3717 1163 Υἱὸς
3772 1098 3831 1153 εἰ
3874 1109 3977 1152 τοῦ

2298 1202 2430 1249 Θεοῦ
2466 1212 2478 1224 ·
2521 1194 2678 1255 αὐτὸς
2726 1191 2804 1260 δὲ,
2858 1190 3127 1253 ὀνειδίζων
3170 1193 3349 1253 αὐτοῖς
3394 1191 3546 1249 ἀτελῆ
3598 1194 3692 1242 ἔτι
3728 1196 3975 1251 πίστιν,

2298 1288 2474 1357 φησὶν.
2524 1282 2679 1357 "Apri
2722 1285 2986 1334 πιστεύετε
3024 1280 3267 1347 ἓντελῶς;
3314 1278 3446 1335 Οὐδ’
3495 1282 3625 1353 ίρτι
3668 1297 3684 1309 ⁸
3747 1279 3979 1350 ἐλέγξει

2295 1376 2393 1445 γὰρ
2434 1375 2565 1445 ὑμᾶς
2592 1375 2616 1424 ὁ
2644 1372 2867 1444 ἑφεστως
2890 1368 2998 1430 ἤδη
3032 1376 3230 1443 καιρός.

2370 1548 2511 1603 Ἰδοὺ
2564 1581 2630 1589 —
2700 1548 2880 1621 ἀφῆτε.
2955 1552 3053 1600 Τὸν
3104 1551 3286 1620 καιρὸν
3359 1546 3493 1617 λέγει
3551 1554 3647 1606 τῆς
3741 1544 3973 1617 ἐφόδου

2299 1649 2398 1693 τῶν
2469 1638 2601 1711 ἀμφὶ
2677 1642 2763 1690 τὸν
2824 1633 3111 1710 προδότην,
3164 1639 3243 1689 ὅτε
3322 1639 3371 1688 οἱ
3440 1637 3695 1707 μαθηταὶ
3781 1635 3976 1687 αὐτοῦ

2299 1733 2486 1789 πάντες
2546 1727 2747 1800 ἀφέντες
2793 1726 2948 1778 αὐτὸν
3005 1729 3209 1798 ἔφυγον,
3271 1728 3337 1786 ὡς
3391 1723 3619 1797 ἔγραψεν
3690 1726 3726 1775 ὁ
3797 1731 3947 1776 Mar

538 1814 719 1870 veluti
773 1816 1006 1887 scripsit
1052 1816 1361 1871 Matthteus
1392 1820 1477 1885 ²⁶;
1525 1822 1664 1872 tunc
1691 1818 1852 1873 enim
1890 1817 2056 1873 timor
2083 1817 2192 1871 im-

2311 1819 2443 1877 θαίος
2473 1833 2485 1847 ⁸
2536 1822 2648 1869 τότε
2708 1818 2810 1888 γὰρ
2865 1816 2891 1866 ὁ
2949 1814 3104 1887 φόϐος
3143 1812 3293 1871 ἀτελῆ
3346 1817 3439 1871 τὴν
3494 1816 3695 1865 πίστιν
3764 1814 3973 1867 αὐτῶν

539 1903 865 1975 perfectam
913 1920 1115 1960 eorum
1172 1906 1354 1960 ﬁdem
1408 1907 1685 1973 ostendit,
1745 1922 1883 1962 cum
1938 1906 2015 1961 ad
2069 1921 2193 1962 mo-

540 1992 737 2048 dicum
764 1996 995 2065 tempus
1013 1993 1439 2049 oﬂ'endiculum
1474 1996 1633 2067 passi
1665 1996 1779 2051 sint
1817 1995 1890 2050 de
1917 1994 2193 2068 passione

539 2082 749 2154 ipsius.

615 2172 770 2225 Vers.
814 2174 901 2226 32.
958 2171 1033 2227 Et
1071 2201 1137 2211 —
1184 2177 1286 2228 est.
1318 2174 1563 2244 Semper
1614 2186 1842 2227 mecum
1896 2177 2190 2240 versatur,

541 2263 741 2332 utpote
780 2260 1215 2331 inseparabilis.

548 2348 553 2353 ⁷
613 2350 771 2405 Vers.
807 2354 891 2405 33.
916 2350 1057 2406 Haec
1104 2381 1172 2391 --
1195 2350 1479 2407 habeatis.
1514 2381 1579 2392 -
1608 2352 1746 2407 Haec
1801 2353 2034 2408 locutus
2061 2367 2192 2408 sum

542 2439 723 2504 vobis,
758 2455 872 2494 non
923 2440 1243 2511 perfectam
1289 2440 1449 2495 vobis
1480 2441 1719 2497 tradens
1767 2441 2049 2506 notitiam,
2086 2440 2193 2496 sed

542 2542 615 2583 ne
646 2531 886 2601 propter
906 2528 1290 2598 cogitationes
1310 2530 1619 2601 patiamini
1645 2530 1703 2585 in
1734 2546 1828 2586 me
1868 2529 2191 2585 offendicu-

544 2617 693 2683 lum,
725 2623 828 2672 aut
866 2617 1211 2681 turbemini,
1244 2635 1384 2673 cum
1431 2619 1925 2691 comprehendar,
1963 2618 2196 2689 ligabor

545 2710 603 2761 et
622 2705 907 2777 abducar,
938 2707 1173 2779 aliaque
1199 2709 1468 2764 humano
1498 2725 1659 2764 more
1688 2710 1892 2780 patiar.

616 2795 777 2850 Vers.
813 2799 900 2852 33.
952 2798 1018 2852 In
1062 2828 1128 2839 —
1163 2796 1467 2853 habebitis.
1509 2798 1631 2853 Non
1682 2798 1875 2853 solum
1925 2813 2061 2852 cum
2093 2811 2195 2869 pa-

543 2884 676 2949 tiar,
696 2899 904 2939 verum
935 2886 1110 2940 etiam
1142 2886 1407 2957 quandiu
1435 2886 1494 2941 in
1528 2888 1755 2942 mundo
1793 2887 1907 2942 hoc
1931 2885 2193 2952 fueritis;

544 2987 687 3027 nam
711 2989 974 3044 praesens
998 2974 1117 3028 vita
1143 2973 1400 3029 stadium
1428 2980 1513 3030 est
1538 2991 1606 3029 ac
1627 2974 1794 3030 locus
1826 2975 2198 3031 exercitatio-

545 3060 639 3116 nis
669 3061 1023 3116 athletarum
1060 3062 1176 3127 Dei,
1212 3062 1334 3117 sive
1372 3063 1697 3133 exploratio
1723 3079 1929 3119 eorum
1970 3064 2072 3136 qui
2099 3078 2195 3119 me

2301 1907 2502 1978 ἤλεγξε,
2537 1901 3015 1958 πανδαλισθέντων
3048 1908 3233 1977 μικρὸν
3263 1903 3378 1974 (69)
3406 1905 3489 1955 επὶ
3518 1911 3594 1973 τῷ
3629 1905 3822 1957 πάθει
3862 1906 3970 1957 αὐ-

2302 2004 2412 2051 τοῦ.

2374 2178 2474 2227 Καὶ
2504 2203 2564 2213 -
2596 2174 2728 2226 ἐστι.
2772 2176 2938 2226 Συνών
2964 2191 3053 2244 μοι
3089 2170 3187 2238 ἀεὶ,
3221 2175 3285 2233 ὡς
3311 2171 3636 2247 ἆχώριστος.

2370 2358 2549 2406 Ταῦτα
2578 2383 2645 2392 —-
2672 2354 2846 2423 ἔχητε.
2866 2382 2935 2391 -—
2963 2357 3142 2403 Ταῦτα
3170 2348 3424 2407 λελάληκα
3447 2350 3591 2421 ὑμῖν,
3624 2349 3689 2401 οὐ
3722 2351 3955 2403 τελείαν

2300 2449 2490 2513 γνῶσιν
2528 2437 2858 2505 παραδιδοὺς
2887 2442 3027 2512 ὑμῖν,
3076 2438 3181 2491 ἀλλ’
3217 2440 3299 2490 ἶνα
3327 2438 3406 2491 ἐπ’
3434 2438 3546 2510 ἐμοὶ
3573 2444 3650 2510 μὴ
3691 2444 3955 2492 στασιέ-

2304 2532 2428 2593 ζητε
2447 2538 2550 2592 τοῖς
2593 2531 2887 2602 λογισμοῖς,
2916 2527 3052 2601 μηδὲ
3082 2531 3448 2602 ταράσσησθε,
3486 2530 3565 2580 ὅτε
3608 2527 3948 2601 συλλαμϐά-

2302 2640 2455 2693 νομαι
2497 2626 2587 2673 καὶ
2635 2617 3051 2691 δεσμοῦμαιςκαὶ
3082 2617 3349 2690 ἀπάγομαι
3372 2622 3481 2686 ίκαὶ
3512 2617 3676 2669 τᾶλλα
3712 2622 3948 2690 περίσχεο

2305 2710 2766 2783 ἀνθρωποπρεπῶς.

2378 2800 2456 2852 Ἐν
2510 2829 2577 2840 —
2620 2798 2769 2860 ἕξετε.
2833 2796 2943 2849 Οὐκ
3001 2798 3085 2849 ὅτε
3152 2798 3351 2867 πάσχω
3416 2800 3589 2868 μόνον,
3646 2791 3769 2847 ἀλλ’
3835 2799 3942 2859 ἕως

2305 2889 2364 2942 ἃν
2413 2888 2460 2941 ἐν
2513 2895 2584 2957 τῷ
2627 2892 2807 2959 κόσμῳ
2855 2888 3020 2957 τούτῳ
3068 2885 3186 2938 ἔστέ
3212 2899 3227 2917 ⁸
3267 2881 3486 2937 στάδιόν
3532 2888 3636 2957 γὰρ
3666 2886 3695 2936 ὀ
3736 2894 3939 2957 παρὼν

2307 2978 2441 3052 βίος,
2509 2981 2599 3029 καὶ
2652 2981 3043 3048 γυμναστήριον
3114 2984 3214 3026 τῶν
3276 2974 3516 3033 ἀθλητῶν
3587 2981 3681 3026 τοῦ
3764 2980 3930 3041 Θεοῦ,

2305 3072 2393 3119 καὶ
2442 3062 2682 3138 δοκίμιον
2739 3073 2841 3117 τῶν
2891 3063 3209 3135 ἀγαπώντων
3259 3082 3340 3135 με.
3400 3063 3751 3139 [Προείρηταε
3803 3065 3933 3134 (70)

546 3148 821 3217 diligunt.
850 3148 1204 3205 Praedictum
1232 3157 1318 3205 est
1339 3152 1520 3215 enim,
1546 3151 1709 3223 quod
1729 3159 1899 3207 arcta
1913 3158 1998 3207 est
2017 3158 2194 3221 porta

2311 3158 2405 3230 γὰρ
2451 3156 2531 3207 ὅτι
2572 3155 2687 3225 (71)
2735 3158 2883 3211 Στενὴ
2929 3155 2958 3211 ἡ
3011 3152 3145 3210 πύλη
3187 3158 3277 3205 καὶ
3324 3153 3629 3224 τεθλιμμένη
3678 3154 3713 3209 ἦ
3764 3151 3920 3215 ὁδὸς,

547 3246 602 3296 et
626 3239 835 3295 stricta
865 3240 980 3303 via,
1015 3254 1145 3311 qua
1173 3240 1337 3295 ducit
1367 3240 1448 3295 ad
1476 3240 1653 3296 vitam
1670 3242 1736 3294 ³⁷.
1760 3244 1839 3296 Ne
1868 3247 2067 3297 autem
2092 3242 2194 3298 de-

541 3328 820 3401 jiciantur
836 3329 1170 3393 audientes,
1189 3329 1352 3401 quod
1367 3334 1487 3385 tota
1504 3330 1626 3385 vita
1649 3330 1887 3403 passuri
1907 3332 2025 3387 sint
2049 3329 2194 3388 aﬂli-

546 3418 792 3483 ctiones,
836 3418 1129 3474 confortat
1162 3435 1261 3474 eos
1290 3420 1515 3475 dicens.

616 3508 783 3561 Vers.
812 3510 899 3563 33.
929 3508 1048 3564 Sed
1078 3539 1145 3547 —
1186 3509 1495 3565 mundum.
1528 3512 1645 3565 Hoc
1676 3515 1763 3566 est
1805 3510 2092 3567 malitiam
2127 3525 2196 3567 ac

549 3595 775 3652 malum
806 3596 993 3660 illum,
1020 3598 1124 3669 qui
1149 3597 1326 3669 hujus
1342 3604 1507 3670 pater
1532 3603 1636 3654 est.
1672 3602 1818 3655 Nam
1842 3600 2195 3671 praedictum

548 3689 655 3749 est,
696 3684 857 3757 quod
898 3686 1174 3759 princeps
1213 3688 1419 3742 mundi
1451 3688 1631 3760 hujus
1664 3689 1967 3758 judicatus
2012 3696 2098 3745 est
2125 3691 2192 3756 ",

549 3774 669 3829 sive
688 3774 954 3830 devictus
996 3781 1099 3831 est.
1131 3780 1209 3832 Ne
1240 3792 1381 3848 ergo
1432 3777 1741 3833 timueritis
1774 3794 1787 3833 :
1821 3793 2198 3851 consequens

549 3863 707 3918 enim
750 3868 856 3929 est,
898 3865 1169 3921 vincente
1219 3870 1597 3939 praeceptore,
1641 3866 1819 3923 etiam
1870 3866 2197 3938 discipulos

547 3952 651 4024 qui
682 3968 817 4007 eum
842 3953 1151 4009 imitantur
1180 3954 1408 4010 vicisse.
1431 3954 1539 4023 Qui
1572 3970 1713 4025 ergo
1736 3954 1906 4012 malis
1936 3956 2199 4011 afﬁciunt

549 4044 607 4095 et
635 4040 917 4097 occidunt
942 4057 1180 4114 corpus,
1205 4043 1643 4115 superabantur
1663 4043 1741 4100 ab
1758 4046 1961 4100 anima
1978 4049 2193 4111 vestra,

548 4131 729 4199 atque
769 4129 847 4195 id,
900 4130 1066 4201 quod
1120 4132 1252 4203 capi
1302 4136 1513 4203 potest,
1568 4132 1777 4188 tollent
1809 4150 1822 4185 :
1850 4132 1928 4188 ab
1958 4148 2030 4188 ea
2060 4146 2198 4189 vero

546 4232 684 4288 quas
712 4218 844 4289 capi
874 4218 1097 4289 nequit,
1144 4221 1456 4277 manifeste
1495 4220 1899 4278 devincentur.

617 4304 775 4362 CAP.
815 4306 983 4362 XVII.
1014 4306 1177 4361 Vers.
1213 4313 1258 4361 t.
1292 4308 1425 4364 Have
1454 4309 2200 4367 —cwlum.Postadmoni—

548 4394 789 4467 tionem,
816 4395 894 4452 ad
910 4397 1257 4463 orationem,
1278 4403 1568 4470 tanquam
1587 4399 1790 4464 homo,
1813 4400 2196 4467 convertitur,

548 4486 849 4542 instruens
869 4485 1159 4555 homines,
1187 4492 1248 4542 ut
1266 4488 1323 4543 in
1351 4487 1775 4543 tentationibus
1803 4489 1879 4545 ad
1905 4491 2088 4545 Deum
2112 4505 2199 4546 re-

548 4575 814 4648 spiciant,
835 4577 1243 4651 omnibusque
1259 4577 1477 4634 relictis
1502 4578 1576 4634 ad
1595 4594 1730 4634 eum
1756 4580 2119 4649 confugiant,
2144 4585 2199 4637 et

550 4664 628 4721 ab
658 4680 730 4721 eo
771 4672 974 4738 petant
1024 4666 1332 4723 auxilium.
1369 4668 1471 4723 Hic
1498 4668 1701 4741 itaque
1735 4685 1973 4724 sursum
2010 4669 2200 4726 elevat

548 4753 774 4819 oculos,
808 4754 1021 4811 docens
1076 4755 1463 4812 intentionem
1495 4772 1564 4811 ac
1595 4756 2105 4814 indistractionem
2135 4757 2197 4813 in

549 4843 935 4899 orationibus.
988 4844 1138 4898 Alibi
1162 4859 1299 4899 vero
1347 4845 1593 4915 procidit
1623 4845 1681 4900 in
1715 4845 1929 4900 faciem
1962 4849 2031 4914 η,
2076 4853 2196 4901 sta-

619 4999 670 5035 “
698 4997 902 5055 Matth.
940 5013 1097 5066 nu,
1131 4998 1218 5054 5-6.
1367 4999 1413 5033 ³⁷
1454 4997 1651 5056 Matth.
1676 5013 1774 5064 vn,
1806 5001 1889 5055 14.

2036 5000 2087 5035 ³⁸
2114 4997 2285 5056 Joan.
2327 5013 2443 5055 xu.
2475 4998 2566 5054 it.

2304 3247 2333 3304 ἡ
2393 3245 2671 3314 ἀπάγουσα
2713 3242 2785 3303 εἰς
2822 3247 2915 3299 τὴν
2963 3244 3098 3304 ζωήν
3132 3258 3144 3270 ·
3200 3243 3281 3293 ἱνα
3311 3238 3370 3294 δε
3413 3245 3484 3313 μὴ
3533 3247 3923 3294 statera-eamea

2306 3332 2727 3395 ἁκούσαντεςξότι
2750 3328 2785 3383 δ
2790 3333 2842 3382 ιὰ
2872 3329 2993 3403 βίου
3025 3334 3217 3393 παντὸς
3248 3329 3601 3396 θλιϐἠσονται,
3635 3331 3925 3405 παραθαρ-

2302 3424 2439 3497 ῥύνει
2462 3420 2698 3492 αῦτούς.]

2376 3510 2532 3564 Ἀλλὰ
2586 3537 2655 3552 -
2697 3513 2919 3580 κόσμον,
2978 3513 3085 3566 Τὴν
3127 3513 3378 3583 πονηρίαν
3419 3513 3508 3561 καὶ
3549 3512 3638 3561 τὸν
3679 3514 3921 3583 πονηρὸν

2304 3603 2391 3653 τὸν
2446 3602 2641 3660 ταύτης
2690 3602 2907 3670 πατέρα.
2969 3603 3283 3671 Προείρηται
3334 3600 3436 3672 γὰρ
3490 3600 3568 3650 ὃτι
3630 3601 3656 3650 ὁ
3721 3600 3921 3671 ἅρχων

2304 3691 2396 3742 τὸῦ
2438 3692 2640 3760 κόσμου
2684 3690 2868 3739 τούτου
2912 3690 3167 3760 κέκριται,
3224 3690 3343 3745 ἤτοι
3391 3686 3914 3742 καταπεποίλαισται.

2305 3782 2389 3837 Μὴ
2445 3776 2677 3850 φοϐῆσθε
2730 3772 2817 3829 οὖν
2852 3794 2865 3808 ·
2905 3781 2997 3827 τοῦ
3055 3771 3385 3828 διδασκάλου
3424 3778 3524 3848 γὰρ
3572 3781 3909 3839 νικήσαντος,

2307 3866 2583 3919 ἀκόλουθον
2640 3869 2729 3918 καὶ
2787 3868 2909 3925 τοὺς
2972 3866 3209 3935 μαθητὰς
3263 3872 3499 3933 νικῆσαι,
3558 3870 3915 3937 μιμουμένους

2307 3955 2479 4009 αὐτόν.
2516 3956 2582 4005 Οἱ
2628 3956 2729 4027 γὰρ
2779 3958 3056 4013 κακοῦντες
3097 3958 3188 4005 καὶ
3235 3952 3617 4014 ἀποκτείνοντες
3660 3957 3720 4006 τὸ
3756 3962 3912 4027 σῶμα

2306 4045 2690 4102 ἡττηθήσονται
2740 4049 2830 4103 τῆς
2874 4040 3062 4113 ψυχῆς
3104 4042 3268 4113 ὑμῶν,
3326 4047 3416 4095 καὶ
3462 4046 3519 4095 τὸ
3575 4044 3665 4114 μὲν
3710 4042 3909 4101 ληπτὸν

2308 4133 2642 4206 αἱρήσουσιν,
2693 4133 2794 4184 ὑπὸ
2837 4127 2897 4183 δε
2940 4137 3030 4182 τοῦ
3062 4129 3296 4188 ἁλὸπτου
3343 4139 3630 4204 περιφανῶς
3661 4151 3907 4185 καταπα-

2306 4222 2495 4279 λαισθὴ
2506 4240 2704 4275 σονται.

2376 4317 2555 4363 Ταῦτα
2626 4339 2695 4349 -
2755 4308 2986 4374 οὐρανόν.
3054 4310 3196 4361 Μετὰ
3272 4313 3367 4368 τὴν
3443 4313 3751 4381 παραίνεσιν
3825 4310 3903 4363 ἰπὶ

2309 4400 2473 4471 εὐχὴν
2530 4402 2792 4473 τρέπεται,
2858 4400 2927 4459 ὡς
2987 4399 3277 4472 ἄνθρωπος,
3335 4395 3599 4451 παιδεύων
3651 4402 3776 4461 τοὺς
3825 4399 3902 4451 ἁν-

2311 4491 2540 4562 θρώπους
2587 4486 2636 4538 ἐν
2688 4495 2795 4549 τοῖς
2846 4493 3156 4559 πειρασμοῖς
3210 4490 3337 4561 πρὸς
3370 4491 3457 4539 τὸν
3499 4492 3624 4540 Θεὸν
3676 4486 3892 4559 βλέπειν,

2307 4584 2395 4630 καὶ
2440 4580 2609 4629 πάντα
2659 4576 2871 4640 ἀφέντας
2919 4576 2988 4637 εἰς
3042 4576 3197 4628 αὐτὸν
3244 4579 3604 4649 καταφεύγειν,
3648 4584 3739 4629 καὶ
3784 4578 3896 4651 παρ’

2309 4668 2468 4719 αὐτοῦ
2525 4667 2784 4719 αἰτεῖσθαι
2837 4664 3099 4737 βοήθειαν.
3170 4667 3431 4719 Ἐνταῦθα
3495 4670 3584 4738 μεν
3647 4664 3739 4719 οὖν
3800 4670 3893 4718 ἅνω

2309 4759 2443 4829 αἴρει
2517 4759 2639 4816 τοὺς
2712 4754 3025 4827 ὀφθαλμοὺς,
3090 4750 3363 4807 διδάσκων
3447 4760 3505 4807 τὸ
3573 4755 3761 4817 ἐκτενὲς
3809 4760 3888 4807 καὶ

2309 4846 2695 4920 ἀπερὶσπαστον
2745 4844 2795 4895 ἐν
2843 4851 2960 4906 ταῖς
2990 4844 3106 4915 (72)
3136 4844 3321 4917 εὐχαῖς
3354 4863 3367 4876 ·
3404 4844 3658 4917 [ἀλλαχοῦ
3690 4842 3749 4898 δῖ
3789 4844 3895 4918 (73)

2713 4998 2760 5033 “
2799 4995 2995 5055 Matth.
3023 5012 3187 5067 ηπ,
3222 4999 3311 5054 39.

1749 5176 1971 5244 Varia
1999 5176 2321 5243 lectiones
2348 5186 2412 5243 et
2448 5184 2649 5243 notae.

622 5370 1074 5463 Sttllntareliss
1094 5372 1409 5463 letales?!
1457 5376 1666 5463 χρόνον·
1714 5371 2083 5463 ,Α¹ίί,ξίιωθ²ἓ
2130 5372 2195 5429 in
2302 5371 2646 5463 sese???
2681 5369 3892 5463 lier9.9ih_ﬂ_9.i§il°995-a-Eitmtuejs-

550 5446 810 5519 mentem
853 5444 1051 5519 venire
1092 5446 1277 5515 possit
1308 5449 1409 5500 aut
1452 5444 1510 5497 οὖ
1572 5448 1776 5519 μικρόν,
1826 5450 1928 5499 aut
1955 5446 2086 5516 μετὰ
2109 5464 2194 5516 μι-

549 5517 692 5589 κρόν,
722 5515 1001 5570 nimirum
1033 5522 1243 5589 χρόνον.

620 5584 732 5643 (70)
754 5584 988 5641 Inclusa
1008 5589 1220 5643 omittit
1250 5590 1295 5642 A

644 5586 712 5639 70
754 5584 988 5641 Inclusa
1008 5584 1220 5643 omittit
1250 5590 1315 5642 A.

620 5584 733 5731 ἓῖό
768 5658 848 5711 Ex
874 5657 987 5712 hoc
1002 5656 1133 5731 loco
1156 5673 1333 5731 nemo
1355 5657 1608 5729 colligat,
1632 5658 2007 5731 Euthymium
2034 5658 2198 5731 apud

548 5726 883 5784 Matthteum
916 5727 1172 5800 probare
1212 5730 1311 5799 ὅτι,
1363 5744 1471 5801 pro
1497 5726 1589 5784 ‘ri.
1620 5732 1738 5786 Hoc
1768 5726 1926 5787 enim
1955 5731 2036 5783 ὃτι
2068 5726 2199 5787 cen-

2305 5459 2544 5500 crarum
2583 5460 2651 5499 ac
2690 5442 2987 5499 vocabula
3009 5442 3214 5516 aliquo
3246 5441 3425 5498 modo
3452 5441 3694 5497 laudata
3721 5443 3890 5512 signi-

2306 5516 2459 5571 ﬁcaL

2380 5586 2494 5658 (72)
2528 5592 2859 5658 Προσευχαῖς
2885 5590 2949 5641 Α.

2402 5591 2471 5640 72
2528 5592 2859 5658 Προσευχαῖς
2885 5590 2949 5641 Α.

2380 5586 2494 5729 ini
2522 5658 2787 5729 Omissis,
2831 5672 2971 5729 quas
2996 5656 3112 5729 ,hic
3139 5656 3371 5713 inclusa
3402 5661 3555 5725 sunt,
3578 5661 3715 5728 post
3744 5676 3885 5729 προσ·

2313 5725 2514 5801 ευχαίς,
2544 5727 2699 5800 legit,
2726 5733 2791 5781 τὸ
2818 5725 2881 5781 δθῡ
2906 5728 3145 5786 ελήλυθεν
3170 5730 3205 5787 ἡ
3234 5730 3428 5803 ὦραΑ.
