4130 6320
324 357 467 423 H31

1326 357 1706 417 COMMENT.
1743 356 1815 412 IN
1851 351 2213 417 JOANNEM.
2250 388 2319 403 —-
2350 358 2513 416 CAP.
2556 358 2721 416 XVII.

3546 353 3688 413 1438

316 488 498 542 πίπτει
552 485 637 541 ἐπὶ
676 489 978 560 πρόσωπον,
1026 486 1316 560 νομοθετῶν
1341 488 1655 539 ταπείνωσιν
1684 485 1774 536 καὶ
1802 502 1923 541 συνι-

2042 485 2205 541 tuens
2227 483 2624 557 dejectionem
2653 500 2726 542 ac
2753 484 2949 541 cordis
2977 482 3392 543 contritionem
3416 484 3689 555 tempore

326 578 512 654 τριϐὴν
542 575 765 648 καρδιας
793 578 843 632 ἐν
880 586 993 641 ταῖς
1024 581 1232 650 εὐχαῖς.
1272 577 1431 631 Ἦλθε
1453 580 1556 649 γὰρ
1595 576 1699 648 οὐχ
1740 576 1923 631 ἑαυτὸν

324 666 497 731 δεῖξαι
538 674 710 741 μόνον,
768 668 895 720 ἀλλὰ
934 674 1024 721 καὶ
1054 668 1240 743 ἀρετὴν
1271 665 1623 740 παραδοῦναι,
1652 669 1724 738 μὴ
1767 670 1921 737 μόνον

324 755 417 813 διὰ
445 760 709 832 ῥημάτων,
738 756 866 811 ἀλλὰ
902 763 990 811 καὶ
1042 754 1136 813 διὰ
1163 759 1499 830 πραγμάτων.
1521 762 1686 809 Τοῦτο
1708 756 1808 827 γὰρ
1842 750 1877 806 δ
1883 775 1923 805 ι-

327 842 597 901 δασκάλου
638 845 878 908 ἀληθοῦς.

402 939 504 992 Καὶ
544 966 594 977 -—
643 935 805 1009 cipe.)
828 935 886 991 Ἦ
912 942 1004 989 τοῦ
1034 937 1251 1001 πάθους,
1280 936 1309 994 ἡ
1342 941 1437 987 τοῦ
1466 935 1689 986 θανάτου
1719 936 1836 1005 περὶ
1861 932 1924 992 ἧς

328 1023 513 1095 ἔλεγεν,
566 1026 647 1081 ὅτι
698 1024 756 1079 ’0
808 1028 985 1099 καιρός
1025 1026 1051 1077 ὁ
1073 1024 1195 1097 ἐμὸς
1223 1027 1364 1077 οὔπω
1390 1026 1639 1099 πάρεστιν
1668 1040 1681 1053 ο
1719 1021 1769 1094 [ὁ
1805 1021 1924 1093 (74)

328 1117 529 1187 καιρός,
559 1112 616 1170 ὃν
643 1114 672 1167 6
698 1112 1007 1188 προσλαϐὼν
1054 1117 1181 1175 Θεὸς
1212 1114 1371 1186 ὥρισε
1415 1120 1489 1183 τῷ
1544 1110 1923 1187 προσληφθέντι

328 1201 635 1277 ἀνθρώπῳ]

399 1291 625 1354 Δόξασόν
662 1311 759 1347 σου
786 1295 872 1345 τόν
908 1293 1045 1345 Υὶόν.
1078 1298 1199 1352 Τοῖς
1244 1292 1372 1365 ὑπὲρ
1408 1297 1503 1342 τοῦ
1539 1294 1740 1362 κόσμου
1769 1290 1922 1342 πάθε·

329 1399 403 1432 σι.
429 1381 561 1443 Δόξα
600 1383 701 1455 γὰρ
729 1380 842 1454 ἐμοὶ
870 1389 943 1452 τῷ
971 1385 1203 1453 Δεσπότῃ
1259 1383 1489 1451 πάσχειν
1520 1380 1648 1453 ὑπὲρ
1678 1386 1776 1430 τῶν
1798 1375 1833 1430 δ
1837 1380 1922 1429 ού-

324 1467 424 1520 λων
454 1488 578 1541 μου,
626 1474 716 1522 καὶ
744 1474 1012 1543 γνωρίζειν
1051 1468 1274 1522 ἐντεῦθεν
1326 1476 1438 1529 τοῖς
1477 1470 1782 1541 ἀνθρώποις,
1810 1468 1923 1518 οἷαν

325 1559 436 1629 ἔχω
467 1556 879 1633 φιλανθρωπίαν,
926 1560 1059 1612 ὥστε
1088 1554 1451 1631 προσδραμεῖν
1484 1559 1656 1610 πάντα
1684 1558 1751 1609 τὰ
1778 1557 1920 1617 ἔθνη,

324 1652 414 1699 καὶ
474 1652 666 1718 γνῶναί
741 1667 805 1721 με
862 1653 1018 1704 Θεὸν.
1092 1647 1255 1719 [Φησὶ
1303 1648 1417 1718 (75)
1468 1649 1570 1720 γὰρ
1634 1647 1659 1698 6
1722 1644 1924 1707 Παῦλος

326 1738 406 1789 ὅτι
447 1736 631 1799 Οὕτως
675 1738 949 1809 ἠγάπησεν
1003 1738 1165 1809 ἡμᾶς,
1195 1738 1329 1789 ὥστε
1379 1733 1712 1811 παραδοῦναι
1742 1735 1920 1787 ἑαυτὸν

327 1826 452 1897 ὑπὲρ
492 1826 521 1883 ἡ
530 1834 655 1897 μῶν.

397 1912 485 1979 Ἦ,
546 1914 771 1978 Δόξασόν
831 1934 913 1988 με,
966 1922 1319 1988 τερατουργῶν
1377 1912 1424 1965 ἐν
1486 1920 1558 1984 τῷ
1610 1920 1776 1986 καιρῷ
1826 1919 1918 1964 τοῦ

330 2011 561 2078 σταυροῦ
608 2007 675 2057 τὰ
731 2004 922 2078 φοϐερὰ
989 2009 1079 2057 καὶ
1125 2002 1334 2066 ἐξαίσια
1395 2008 1606 2073 σημεῖα,
1671 2005 1762 2054 καὶ
1816 1997 1923 2055 δει-

325 2095 490 2144 κνύων
546 2095 601 2146 ἐκ
631 2096 826 2147 τούτων
856 2096 937 2147 ὃτι
962 2097 1181 2163 γνήσιος
1206 2094 1325 2152 Υἱός
1371 2110 1464 2142 σου
1509 2090 1637 2162 εἰμί.
1664 2096 1843 2142 Ταῦτα
1863 2085 1923 2142 δὲ

326 2184 527 2255 εἴρηται
552 2187 643 2235 καὶ
688 2184 807 2236 ἔνθα
844 2190 1011 2237 κεῖται
1051 2201 1107 2237 το
1149 2200 1162 2214 ·
1193 2188 1299 2234 Νῦν
1325 2176 1587 2243 ἐδοξάσθη
1629 2180 1655 2231 6
1682 2182 1804 2240 Υἱός
1829 2185 1923 2231 τοῦ

326 2270 640 2344 irrepant-om]

393 2359 503 2416 Ἵνα
542 2391 610 2403 --
654 2380 730 2415 σε.
783 2364 876 2415 Διὰ
930 2368 1021 2421 τῆς
1057 2360 1244 2414 ἑαυτοῦ
1274 2356 1429 2422 δόξης
1461 2376 1473 2388 ·
1508 2366 1608 2412 τῶν
1631 2360 1734 2430 γὰρ
1766 2357 1921 2411 ἐθνῶν

323 2454 672 2503 πιστευόντων
716 2451 783 2511 εἰς
840 2453 944 2522 ἔμε,
976 2455 1068 2502 καὶ
1121 2453 1187 2502 σὺ
1240 2445 1575 2521 δοξασθήσῃ.
1632 2453 1731 2501 Καὶ
1751 2447 1818 2507 εἰς
1863 2450 1921 2498 σε

322 2543 426 2615 γὰρ
478 2542 851 2604 πιστεύσουσε,
894 2544 988 2595 καὶ
1041 2536 1335 2601 δοξάσουσί
1386 2557 1464 2602 σε,
1527 2538 1592 2597 ὡς
1644 2544 1737 2587 τοῦ
1780 2532 1921 2588 ἰδίου

328 2649 422 2682 σου
468 2631 593 2685 Υἱοῡ
640 2632 712 2701 μὴ
782 2632 1087 2701 φεισάμενον
1144 2629 1274 2700 ὑπὲρ
1344 2626 1533 2693 αὐτῶν,
1590 2628 1681 2679 καὶ
1738 2626 1767 2681 ἡ
1823 2623 1921 2695 ἐμή

330 2715 461 2780 δόξα
504 2720 654 2769 ἔσται
705 2722 794 2770 καὶ
853 2722 942 2775 σή.
979 2716 1179 2790 [Ζητῶν
1211 2716 1324 2787 (76)
1365 2712 1471 2779 οὖν,
1514 2717 1581 2774 ὡς
1607 2709 1923 2779 δεδήλωται,

330 2803 675 2871 δοξασθῆναι,
725 2802 992 2861 δείκνυσιν
1037 2806 1117 2858 ὅτι
1156 2804 1239 2857 ἐπὶ
1280 2808 1365 2857 τὸν
1404 2805 1628 2876 σταυρόν
1675 2800 1925 2863 ἑκουσίως

328 2898 561 2966 ἔρχεται.
616 2891 743 2947 Εἶτα
772 2894 908 2966 λέγει
937 2898 1023 2947 καὶ
1051 2898 1143 2952 τὴν
1176 2892 1346 2947 αἰτίαν
1372 2889 1406 2944 δ
1412 2892 1445 2944 ι’
1476 2891 1536 2950 ἢν
1563 2892 1710 2952 ζητεῖ
1734 2886 1769 2943 δ
1772 2890 1925 2953 όξασφ

331 2984 534 3052 eius.)

400 3073 583 3133 Καθὼς
609 3102 672 3110 -
708 3076 917 3145 σαρκός.
967 3103 1030 3111 -
1086 3072 1287 3137 Καθὼς,
1320 3069 1433 3123 ἀντὶ
1463 3077 1554 3121 τοῦ
1576 3074 1735 3122 Διότι.
1762 3072 1927 3126 Φησὶν

2031 574 2338 629 orationis.
2392 576 2564 639 Venit
2612 575 2772 631 enim
2820 590 2943 630 non
2994 577 3247 639 tantum,
3297 577 3361 627 ut
3416 573 3686 644 seipsum

2031 662 2383 730 ostenderet,
2413 664 2514 719 sed
2534 669 2590 720 et
2612 664 2883 719 virtutem
2911 662 3183 729 traderet,
3214 678 3334 718 non
3364 662 3558 717 verbis
3593 677 3685 718 so-

2030 750 2176 818 lum,
2210 752 2314 809 sed
2362 758 2417 809 et
2442 753 2751 825 operibus.
2782 754 2933 809 Nam
2979 753 3094 808 hoc
3149 751 3270 807 veri
3303 751 3683 824 praeceptoris

2032 847 2136 897 est.

2102 931 2263 987 Vers.
2290 936 2334 986 ί.
2359 932 2432 987 Et
2459 962 2526 972 —-
2545 930 3044 995 hora.Passionis,
3075 935 3177 986 aut
3201 929 3426 999 mortis,
3457 928 3531 984 de
3561 942 3685 1001 qua

2030 1018 2262 1075 dixerat
2292 1037 2305 1074 :
2338 1022 2574 1091 Tempus
2605 1006 2793 1078 meum
2817 1020 3079 1076 nondum
3102 1018 3256 1075 adest
3286 1020 3334 1053 ³ο
3362 1037 3379 1090 ;
3425 1023 3683 1090 tempus,

2030 1108 2195 1180 quod
2217 1111 2370 1165 Deus
2396 1110 2499 1182 qui
2528 1108 3100 1183 assumpsithomini
3138 1112 3448 1181 assumpto
3477 1107 3685 1164 deﬁni-

2029 1196 2131 1254 vit.

2100 1288 2262 1343 Vers.
2281 1290 2331 1343 1.
2348 1288 2637 1357 Glomﬁca
2649 1288 2865 1345 Filium
2882 1286 3687 1359 tuum.Afﬂictionibus,quas

2030 1392 2138 1449 pro
2161 1380 2386 1433 mundo
2407 1378 2717 1450 perpetiar.
2744 1380 2881 1434 Nam
2908 1378 3073 1441 mihi,
3095 1378 3195 1449 qui
3222 1377 3507 1432 Dominus
3525 1392 3684 1439 sum,

2030 1465 2218 1536 gloria
2243 1471 2333 1522 est
2360 1467 2481 1539 pati
2511 1482 2621 1538 pro
2646 1467 2846 1532 servis,
2881 1470 2943 1522 ut
2963 1466 3104 1522 hinc
3142 1465 3484 1522 hominibus
3514 1465 3683 1520 inno-

2030 1559 2234 1625 tescat,
2260 1572 2383 1627 quo
2400 1555 2649 1612 affectus
2667 1556 2779 1611 sim
2802 1555 3117 1611 hominum
3142 1570 3367 1623 amore,
3396 1559 3457 1609 ut
3478 1570 3684 1609 accur-

2030 1651 2164 1701 rant
2192 1660 2402 1701 omnes
2436 1650 2663 1716 gentes,
2691 1650 2749 1701 et
2780 1660 2874 1700 me
2904 1646 3094 1701 Deum
3125 1660 3257 1700 esse
3289 1648 3677 1713 cognoscant.

2028 1734 2120 1790 Ait
2145 1734 2303 1790 enim
2330 1734 2545 1791 Paulus
2575 1736 2619 1770 ³1
2651 1734 2814 1805 quod
2841 1735 2923 1790 sic
2946 1732 3150 1789 dilexit
3173 1748 3303 1797 nos,
3340 1738 3402 1788 ut
3426 1731 3689 1788 traderet

1958 1834 2004 1890 Β
2032 1822 2295 1895 seipsum
2327 1838 2435 1894 pro
2461 1823 2655 1879 nobis.

2102 1911 2228 1983 Vel,
2250 1913 2522 1984 ϐιοῖ-ἰήσει
2535 1928 2644 1981 me,
2670 1912 2856 1968 edens
2873 1916 3142 1982 tempore
3160 1910 3460 1983 passionis
3482 1908 3684 1981 prodi-

2030 2001 2147 2071 gia,
2181 2017 2252 2057 ac
2280 2001 2560 2059 terribilia
2584 2000 3066 2073 admirandaque
3100 2000 3274 2070 signa
3307 2021 3321 2055 :
3363 2003 3418 2055 et
3467 2014 3540 2054 ex
3587 1997 3686 2053 his

2028 2091 2369 2156 ostendens,
2385 2091 2549 2163 quod
2563 2090 2844 2147 naturalis
2861 2089 2976 2145 sim
2997 2089 3179 2144 Filius
3205 2094 3364 2144 tuus.
3387 2090 3519 2143 Haec
3536 2101 3686 2159 quo-

2026 2193 2146 2250 que
2174 2178 2336 2235 dicta
2363 2182 2516 2249 sunt,
2549 2179 2653 2236 ubi
2678 2179 2956 2244 habetur,
2984 2179 3164 2235 Name
3199 2177 3568 2250 gloriﬁcatus
3600 2180 3687 2232 est

2026 2267 2219 2324 Filius
2253 2268 2500 2325 hominis
2534 2272 2603 2322 ⁸³.

2099 2356 2257 2412 Vers.
2288 2363 2336 2414 t.
2366 2357 2437 2415 Ut
2455 2388 2524 2397 —
2545 2364 2620 2415 te.
2639 2358 2747 2412 Per
2768 2372 2940 2412 suam
2972 2354 3260 2426 gloriam:
3287 2369 3425 2409 nam
3442 2352 3685 2409 creden—

2028 2445 2186 2501 tibus
2202 2446 2262 2501 in
2280 2460 2375 2501 me
2395 2445 2692 2515 gentibus,
2711 2450 2769 2499 et
2794 2450 2855 2499 tu
2881 2443 3333 2515 gloriﬁcaberis.
3369 2440 3683 2513 Siqiudem

2028 2533 2267 2589 credent
2297 2534 2356 2589 in
2383 2538 2437 2589 te
2467 2538 2522 2589 et
2551 2532 2961 2604 gloriﬁcabunt
2999 2537 3077 2597 te,
3109 2531 3213 2603 qui
3251 2529 3509 2602 proprio.
3540 2528 3684 2584 Filio

2028 2626 2131 2677 tuo
2163 2637 2271 2692 pro
2300 2622 2385 2676 eis
2413 2637 2532 2677 non
2564 2623 2901 2693 peperceris
2957 2640 2970 2677 :
3029 2634 3283 2691 meaque
3336 2616 3530 2690 gloria
3574 2615 3683 2673 erit

2030 2715 2083 2765 et
2105 2715 2224 2765 tua.
2256 2711 2532 2776 Quaereris
2551 2725 2712 2780 ergo,
2743 2714 2804 2766 ut
2832 2710 3308 2765 demonstratum
3334 2712 3443 2777 est,
3465 2704 3678 2775 gloriﬁ.

2030 2799 2168 2865 cari,
2184 2798 2443 2855 ostendit
2457 2799 2621 2871 quod
2642 2798 2721 2857 ad
2738 2814 2973 2855 crucem
2993 2802 3201 2869 sponte
3217 2795 3436 2853 veniat.
3461 2794 3683 2850 Deinde

2030 2888 2210 2945 etiam
2225 2904 2473 2946 causam
2492 2887 2899 2962 dicinropter
2911 2903 3094 2960 quam
3110 2885 3427 2958 gloriﬁcari
3438 2886 3685 2957 quaerat.

2106 3070 2269 3127 Vers.
2318 3069 2568 3127 Sicut—
2614 3069 2837 3126 carnis.
2888 3099 2960 3112 —
2994 3068 3184 3133 Sicut,
3234 3082 3344 3139 pro
3391 3065 3567 3132 Quia.
3595 3064 3687 3123 Ait

326 3160 412 3213 οὖν
447 3180 459 3193 ο
488 3161 716 3223 Δόξασόν
772 3180 864 3212 σου
916 3164 1002 3214 τὸν
1032 3162 1174 3227 Υὶὸν,
1210 3156 1353 3212 διότι
1378 3156 1580 3221 ἔδωκας
1603 3158 1744 3229 αὐτῷ
1780 3156 1923 3220 ἔξου-

2042 3175 2202 3229 ergo:
2225 3161 2528 3229 Gloriﬁcat
2543 3159 2769 3215 Filiam
2786 3165 2975 3229 tuum,
2992 3158 3130 3230 quia
3144 3156 3352 3213 dedisti
3366 3157 3415 3211 ei
3429 3159 3685 3227 potesta-

328 3256 447 3304 σίαν
476 3253 677 3303 πάντων
712 3257 814 3302 τῶν
843 3248 1018 3314 ἆθνῶν,
1048 3251 1183 3303 ὥστε
1210 3245 1534 3311 δοξάζεσθαι
1566 3249 1686 3321 παρ’
1733 3247 1919 3299 αὐτῶν.

324 3346 616 3416 Γέγραπται
646 3342 744 3414 γάρ
781 3360 793 3373 ·
827 3345 926 3394 Καὶ
956 3336 1117 3394 δώσω
1175 3344 1260 3393 σοὶ
1288 3341 1405 3397 ἔθνη
1462 3343 1556 3397 τὴν
1580 3337 1924 3412 κληρονομίαν

325 3450 420 3485 σου
467 3436 557 3482 καὶ
611 3435 704 3489 τὴν
755 3430 1087 3500 κατάσχεσίν
1147 3448 1243 3481 σου
1290 3431 1356 3481 τὰ
1410 3433 1610 3499 πέρατα
1656 3435 1750 3487 τῆς
1801 3433 1920 3498 γῆς.

325 3520 576 3595 [etiam
631 3538 727 3570 σου
756 3522 843 3570 τόν
890 3520 1032 3581 Υὶὸν,
1084 3514 1224 3570 διότι
1252 3514 1547 3577 εὐδόκησας
1572 3518 1927 3590 γνωρισθῆναι

325 3610 481 3662 αὐτόν
520 3613 609 3660 καὶ
673 3605 1001 3670 δοξασθῆναι
1037 3609 1181 3679 πάσῃ
1233 3615 1296 3676 τῇ
1357 3607 1653 3679 οἰκουμένῇ.
1709 3607 1813 3660 Καὶ
1867 3608 1927 3657 τὸ

325 3700 501 3759 ζητεῖν
542 3693 600 3749 δὲ
649 3693 994 3763 δοξασθῆναι,
1047 3700 1135 3749 καὶ
1165 3699 1222 3748 τό
1264 3695 1405 3766 λέγεν
1435 3697 1514 3748 ὅτι
1544 3691 1803 3759 ”Εδωκας,
1837 3698 1925 3747 καὶ

327 3787 393 3837 τὰ
422 3793 663 3853 τοιαῦτα,
722 3783 1194 3855 συγκαταϐατικῶς
1229 3783 1361 3854 λέγει
1419 3788 1508 3837 καὶ
1564 3783 1923 3854 σὶκονομικῶς,

328 3876 397 3936 ὡς
446 3871 706 3948 διαφόρως
786 3870 1307 3946 προδιεστειλάμεθα,
1366 3874 1396 3932 ἢ
1457 3876 1547 3925 καὶ
1605 3874 1675 3932 ὡς
1728 3872 1923 3943 ἄνθρω-

329 3963 462 4033 mm]

394 4051 596 4104 Ἶνα-
633 4052 853 4102 αἰώνιον.
913 4050 1076 4103 Ὀσον
1128 4053 1187 4103 τό
1248 4049 1325 4103 ἐπ’
1383 4051 1543 4120 αὐτῷ.
1600 4051 1658 4103 Εἰ
1713 4046 1774 4103 δέ
1797 4068 1926 4110 τινα

325 4143 442 4195 όῦτε
462 4140 798 4205 ἐπιστευσαν,
829 4143 944 4192 οὔτε
968 4139 1146 4193 ἔλαϐον
1173 4140 1315 4200 ζωὴν
1344 4139 1572 4205 αἰώνιον,
1610 4148 1709 4191 τῶν
1756 4140 1925 4191 τοιού-

323 4247 422 4280 των
462 4227 577 4281 ἐστὶ
598 4232 657 4281 τὸ
687 4229 944 4301 ἔγκλημα.
975 4228 1035 4281 Ὀ
1059 4232 1151 4302 μὶν
1174 4230 1275 4301 γὰρ
1308 4234 1490 4301 Πατήρ
1518 4225 1801 4285 εὐδόκησεν
1843 4230 1925 4280 ἵνα

324 4319 526 4371 πάντων
553 4319 578 4369 6
606 4320 729 4379 Υἱός
752 4317 1042 4390 ἄξουσιάσῃ
1083 4315 1117 4370 δ
1123 4320 1177 4370 ιὰ
1220 4326 1317 4380 τῆς
1343 4323 1588 4383 πίστεως,
1620 4323 1710 4371 καὶ
1738 4321 1924 4379 πάντες

323 4408 426 4459 ὑπὸ
457 4411 544 4460 τόν
578 4411 739 4479 ζυγὸν
787 4417 889 4460 τῶν
946 4406 1158 4460 ἐντολῶν
1202 4408 1365 4459 αὐτοῦ
1416 4411 1665 4479 γένωνται
1717 4424 1728 4435 ·
1781 4408 1922 4459 καὶὸ

2036 3258 2148 3306 tem
2187 3249 2458 3305 omnium
2491 3248 2782 3317 gentium,
2815 3252 2878 3303 ut
2903 3247 2981 3303 ab
3011 3246 3093 3302 eis
3133 3245 3505 3316 gloriﬁcatur.
3537 3245 3688 3300 Scri-

2034 3345 2199 3409 ptum
2216 3342 2306 3393 est
2324 3337 2481 3392 enim
2504 3353 2518 3393 :
2543 3338 2695 3393 dabo
2708 3336 2812 3391 tibi
2842 3342 3042 3406 gentes
3078 3334 3477 3391 hmreditatem
3493 3338 3683 3401 tuam,

2031 3432 2086 3484 et
2109 3427 2519 3495 possessionem
2541 3433 2703 3482 tuam
2728 3424 3002 3482 terminos
3021 3431 3194 3480 terrae
3210 3425 3279 3478 ⁸³.
3309 3453 3375 3465 -
3395 3422 3684 3490 Gloriﬁca

2032 3516 2254 3571 Filium
2273 3520 2456 3581 tuum,
2476 3514 2620 3587 quia
2631 3513 3059 3586 complacitum
3078 3517 3162 3568 est
3180 3511 3304 3578 tibi,
3320 3516 3527 3566 notum
3546 3526 3685 3568 eum

2031 3604 2154 3660 ﬁeri
2176 3620 2245 3659 ac
2271 3592 2583 3674 gloriﬁcari
2626 3603 2908 3658 universo
2956 3602 3107 3658 orbi.
3161 3602 3435 3666 Quaarere
3482 3604 3685 3656 autem

2034 3692 2350 3763 gloriﬁcari
2370 3710 2440 3749 ac
2456 3694 2651 3749 dicere
2668 3692 2895 3748 Dedisti
2905 3698 2960 3747 et
2981 3689 3215 3755 similia,
3235 3688 3602 3745 demittenda
3621 3702 3689 3743 se

2032 3782 2175 3840 dicit
2202 3799 2274 3839 ac
2302 3783 2753 3854 dispensatoris,
2802 3781 2970 3836 sicuti
3018 3779 3198 3836 variis
3253 3778 3314 3833 in
3360 3777 3508 3833 locis
3566 3775 3686 3832 dis-

2033 3873 2396 3946 putavimus.
2431 3876 2541 3928 Aut
2567 3872 2748 3928 etiam
2794 3876 3086 3944 tanquam
3113 3870 3301 3925 homo
3338 3868 3437 3925 ait.

2102 4052 2264 4109 Vers.
2294 4055 2439 4107 2.—.
2475 4051 2545 4109 Ut
2571 4057 2874 4107 aeternam.
2908 4050 3206 4115 Quantum
3236 4048 3297 4103 in
3325 4061 3386 4102 se
3404 4049 3511 4103 est.
3536 4048 3685 4103 Nam

2030 4140 2419 4214 lieetquidsm
2432 4155 2555 4195 non
2581 4138 2961 4204 crediderint,
2980 4153 3169 4208 neque
3201 4137 3386 4192 vitam
3406 4140 3684 4191 aaternam

2033 4230 2455 4303 acceperintJd
2468 4236 2667 4285 tamen
2679 4228 2917 4283 illorum
2933 4226 3113 4299 culpa
3129 4229 3247 4281 est:
3267 4224 3567 4298 siquidem
3587 4227 3687 4280 Pa-

2008 4330 2009 4333 ‘
2034 4320 2099 4375 tri
2121 4318 2541 4389 complacitum
2568 4324 2655 4372 est
2679 4321 2745 4372 ut
2764 4316 2945 4372 Filius
2967 4314 3207 4371 haberet
3225 4313 3497 4371 omnium
3524 4318 3686 4386 pote.

2031 4414 2241 4465 etatem
2257 4422 2363 4479 per
2373 4407 2572 4471 ﬁdem,
2591 4412 2647 4461 et
2660 4421 2865 4462 omnes
2883 4405 2999 4460 sub
3020 4405 3234 4475 jugum
3253 4408 3686 4475 praeceptorum

324 4498 445 4558 Υἱὸς
491 4493 551 4550 δε
605 4503 740 4550 πᾶσι
788 4493 883 4549 διὰ
930 4506 1028 4549 τῶν
1084 4495 1387 4549 ἀποστόλων
1437 4492 1636 4549 δέδωκε
1665 4500 1725 4547 τό
1749 4496 1922 4567 Εὐαγ-

2042 4500 2155 4568 ejus
2184 4497 2408 4553 ﬁerent.
2447 4495 2622 4551 Filius
2663 4508 2908 4567 quoque
2933 4492 3223 4549 universis
3247 4506 3355 4563 per
3378 4490 3685 4562 apostolos

323 4586 512 4657 γε’λιον,
567 4591 663 4643 τὴν
716 4588 1055 4657 θεογνωσίαν,
1104 4588 1217 4645 ἣτις
1259 4586 1375 4638 ἐστὶ
1434 4589 1541 4648 ζωὴ
1600 4585 1923 4647 αἰώνιος,ὡς

2042 4586 2197 4643 dedit
2241 4583 2647 4655 Evangelium,
2680 4583 2901 4654 Deique
2944 4581 3244 4646 notitiam,
3293 4595 3430 4652 qua:
3448 4585 3537 4635 est
3564 4579 3688 4635 vita

325 4674 569 4749 πρόξενος
598 4675 734 4735 ζωῆς
766 4673 1031 4747 αἰωνίου.[
1071 4676 1137 4726 Οἱ
1181 4670 1243 4727 δὲ
1289 4675 1406 4745 (ἹἹ)
1445 4679 1518 4747 μὴ
1563 4679 1918 4746 υποταγέντες,

328 4761 469 4837 μηδὲ
527 4760 965 4838 παραδεξάμενοι,
1051 4763 1197 4816 αὐτοί
1254 4772 1344 4824 τῆς
1423 4764 1617 4816 ἑαυτῶν
1667 4763 1924 4827 ἀπωλείας

332 4856 492 4905 αἴτιοι
523 4869 535 4882 ·
568 4849 758 4905 οὐδένα
784 4854 885 4924 γὰρ
917 4853 1110 4905 ἄκοντα
1146 4852 1549 4925 καταναγκάζει.
1581 4852 1766 4926 Αἰρετὴ
1819 4857 1921 4927 γὰρ

331 4944 360 4999 ἡ
396 4940 602 5019 ἄρισθ’]
1188 5017 1193 5023 ,
1400 4992 1405 4999 ι
1728 5018 1733 5021 ,

401 5029 542 5088 Αὓτη
601 5061 670 5071 -
699 5033 947 5104 Χριστόν.
1001 5034 1101 5083 Καὶ
1158 5034 1312 5092 ὅντως
1370 5030 1570 5091 αἰώνιος
1600 5030 1707 5091 ζωὴ
1742 5032 1771 5089 ἠ
1809 5032 1919 5083 θεο-

328 5123 549 5192 γνωσία,
581 5126 642 5192 τῇ
682 5122 860 5171 πίστει
911 5124 999 5172 καὶ
1044 5128 1143 5172 τῶν
1173 5121 1336 5193 ῖργων
1367 5116 1611 5178 δηλονότι
1642 5120 1921 5193 συνεζευγ-

397 5299 445 5333 “
482 5298 650 5354 Joan.
682 5313 781 5363 vn,
812 5299 866 5353 6.
1003 5302 1061 5355 3t
1101 5297 1292 5355 Galat.
1335 5314 1391 5364 ιι,
1421 5301 1491 5355 2O
1524 5316 1537 5367 ;
1574 5299 1785 5371 Ephes.
1818 5314 1872 5365 ν,
1907 5301 1963 5353 2.

2031 4683 2272 4740 atoma,
2299 4678 2503 4745 utpote
2527 4672 2713 4728 vitam
2733 4670 3063 4727 concilians
3092 4674 3369 4725 aeternam
3404 4686 3415 4725 :
3450 4668 3555 4741 qui
3584 4683 3687 4724 ao-

2031 4770 2152 4821 tem
2168 4778 2285 4819 non
2302 4767 2440 4818 sunt
2459 4760 2733 4832 subjecti,
2754 4774 2946 4831 neque
2963 4757 3113 4814 illud
3135 4762 3544 4830 susceperunt,
3570 4755 3687 4828 ipsi

2034 4852 2147 4909 sibi
2173 4850 2521 4925 perditionis
2572 4865 2758 4906 causa
2784 4852 2937 4915 sunt,
2989 4848 3283 4903 neminem
3311 4846 3470 4902 enim
3509 4846 3690 4918 cogit-

2032 4941 2301 4999 invitum.
2334 4943 2487 4998 Nam
2523 4939 2710 4995 virtus
2738 4935 3073 4995 voluntaria
3111 4940 3217 5013 est.

2106 5031 2262 5087 Vers.
2298 5033 2348 5086 3.
2371 5030 2601 5087 Hcec—
2619 5026 2923 5084 Christum
2958 5028 3197 5081 -Etvere
3208 5025 3328 5082 vita
3354 5028 3577 5081 aeterna
3600 5028 3692 5082 est

2033 5119 2137 5177 Dei
2159 5119 2433 5190 cognitio,
2458 5117 2573 5173 ﬁde
2595 5132 2664 5173 ac
2687 5115 2973 5188 operibus
2999 5114 3354 5187 conjunctis.
3378 5116 3527 5171 Nam
3544 5113 3690 5183 ﬁdes

2093 5297 2164 5353 32
2187 5299 2354 5353 Joan.
2383 5312 2507 5363 xm,
2540 5299 2625 5361 33,
2769 5292 2934 5357 Psal.
2987 5309 3044 5364 υ,
3075 5293 3129 5349 8.

1550 5475 1775 5544 Varia-3
1806 5475 2133 5545 lectiones
2166 5484 2233 5543 et
2272 5482 2478 5541 nota.

545 5670 781 5729 Inclusa
814 5671 1033 5729 omittit
1059 5675 1128 5730 Α.

554 5742 789 5802 Inclusa
812 5742 1030 5802 absunt
1054 5743 1121 5798 A.

400 5672 521 5817 8ἓῖ

2161 5671 2219 5743 6)
2246 5668 2488 5743 inclusa
2531 5669 2753 5743 desunt
2788 5672 2853 5725 Α.

2127 5740 2215 5814 77)
2243 5740 2479 5798 Inclusa
2500 5741 2793 5799 omitti”.
