  <div class='ocr_page' id='page_1' title='image "/cluster/home/n/w/nwhite01/storage/ocr_20150623/129/mdp.39015061528470/763.png"; bbox 0 0 4130 6320; ppageno 0'>
   <div class='ocr_carea' id='block_1_1' title="bbox 556 341 696 399">
    <p class='ocr_par' dir='ltr' id='par_1_1' title="bbox 556 341 696 399">
     <span class='ocr_line' id='line_1_1' title="bbox 556 341 696 399; baseline 0 0"><span class='ocrx_word' id='word_1_1' title='bbox 556 341 696 399; x_wconf 73' lang='lat' dir='ltr'><strong>M39</strong></span> 
     </span>
    </p>
   </div>
   <div class='ocr_carea' id='block_1_2' title="bbox 1872 343 2594 405">
    <p class='ocr_par' dir='ltr' id='par_1_2' title="bbox 1872 343 2594 405">
     <span class='ocr_line' id='line_1_2' title="bbox 1872 343 2594 405; baseline -0.001 -1"><span class='ocrx_word' id='word_1_2' title='bbox 1872 345 2222 404; x_wconf 83' lang='lat' dir='ltr'><strong>EUTHYMII</strong></span> <span class='ocrx_word' id='word_1_3' title='bbox 2265 343 2594 405; x_wconf 85' lang='lat' dir='ltr'><strong>ZIGABENI</strong></span> 
     </span>
    </p>
   </div>
   <div class='ocr_carea' id='block_1_3' title="bbox 3817 337 3944 397">
    <p class='ocr_par' dir='ltr' id='par_1_3' title="bbox 3817 337 3944 397">
     <span class='ocr_line' id='line_1_3' title="bbox 3817 337 3944 397; baseline -0.008 0"><span class='ocrx_word' id='word_1_4' title='bbox 3817 337 3944 397; x_wconf 68' lang='lat' dir='ltr'><strong>{MO</strong></span> 
     </span>
    </p>
   </div>
   <div class='ocr_carea' id='block_1_4' title="bbox 556 469 2219 549">
    <p class='ocr_par' dir='ltr' id='par_1_4' title="bbox 556 469 2212 546">
     <span class='ocr_line' id='line_1_4' title="bbox 556 469 2212 546; baseline 0.004 -21"><span class='ocrx_word' id='word_1_5' title='bbox 556 469 767 542; x_wconf 84' lang='lat' dir='ltr'><strong>inquit,</strong></span> <span class='ocrx_word' id='word_1_6' title='bbox 800 469 933 527; x_wconf 82' lang='lat' dir='ltr'><strong>Sine</strong></span> <span class='ocrx_word' id='word_1_7' title='bbox 955 471 1212 543; x_wconf 78' lang='lat' dir='ltr'><strong>eperibus</strong></span> <span class='ocrx_word' id='word_1_8' title='bbox 1242 481 1477 530; x_wconf 83' lang='lat' dir='ltr'><strong>mortua</strong></span> <span class='ocrx_word' id='word_1_9' title='bbox 1506 481 1588 532; x_wconf 82' lang='lat' dir='ltr'><strong>est</strong></span> <span class='ocrx_word' id='word_1_10' title='bbox 1619 475 1686 528; x_wconf 74' lang='lat'><strong>&quot;.</strong></span> <span class='ocrx_word' id='word_1_11' title='bbox 1721 476 1790 532; x_wconf 91' lang='lat' dir='ltr'><strong>Ut</strong></span> <span class='ocrx_word' id='word_1_12' title='bbox 1840 478 2212 546; x_wconf 77' lang='lat' dir='ltr'><strong>cognoscant</strong></span> 
     </span>
    </p>
   </div>
   <div class='ocr_carea' id='block_1_5' title="bbox 2314 469 3946 549">
    <p class='ocr_par' dir='ltr' id='par_1_5' title="bbox 2318 472 3946 549">
     <span class='ocr_line' id='line_1_5' title="bbox 2318 472 3946 549; baseline -0.006 -21"><span class='ocrx_word' id='word_1_13' title='bbox 2318 480 2499 547; x_wconf 83' lang='grc' dir='ltr'>μένων.</span> <span class='ocrx_word' id='word_1_14' title='bbox 2526 475 2584 529; x_wconf 82' lang='grc' dir='ltr'><strong>Ἠ</strong></span> <span class='ocrx_word' id='word_1_15' title='bbox 2614 479 2791 536; x_wconf 79' lang='grc' dir='ltr'><strong>πίστις</strong></span> <span class='ocrx_word' id='word_1_16' title='bbox 2829 476 2954 549; x_wconf 79' lang='grc' dir='ltr'>γὰρ.</span> <span class='ocrx_word' id='word_1_17' title='bbox 2997 477 3150 546; x_wconf 79' lang='grc' dir='ltr'>φησὶ,</span> <span class='ocrx_word' id='word_1_18' title='bbox 3184 477 3356 547; x_wconf 81' lang='grc' dir='ltr'>χωρὶς</span> <span class='ocrx_word' id='word_1_19' title='bbox 3411 480 3512 525; x_wconf 84' lang='grc' dir='ltr'>τῶν</span> <span class='ocrx_word' id='word_1_20' title='bbox 3575 472 3760 546; x_wconf 74' lang='grc' dir='ltr'>τργων</span> <span class='ocrx_word' id='word_1_21' title='bbox 3800 472 3946 540; x_wconf 73' lang='grc' dir='ltr'>νεκρά</span> 
     </span>
    </p>
   </div>
   <div class='ocr_carea' id='block_1_6' title="bbox 556 558 1779 628">
    <p class='ocr_par' dir='ltr' id='par_1_6' title="bbox 556 558 1779 628">
     <span class='ocr_line' id='line_1_6' title="bbox 556 558 1779 628; baseline 0.005 -16"><span class='ocrx_word' id='word_1_22' title='bbox 556 558 770 628; x_wconf 90' lang='lat' dir='ltr'><strong>Deum,</strong></span> <span class='ocrx_word' id='word_1_23' title='bbox 803 564 856 616; x_wconf 89' lang='lat' dir='ltr'><strong>te</strong></span> <span class='ocrx_word' id='word_1_24' title='bbox 888 561 1083 618; x_wconf 90' lang='lat' dir='ltr'><strong>solum</strong></span> <span class='ocrx_word' id='word_1_25' title='bbox 1115 579 1320 620; x_wconf 88' lang='lat' dir='ltr'><strong>verum</strong></span> <span class='ocrx_word' id='word_1_26' title='bbox 1351 568 1534 621; x_wconf 91' lang='lat' dir='ltr'><strong>Deum</strong></span> <span class='ocrx_word' id='word_1_27' title='bbox 1562 568 1620 621; x_wconf 90' lang='lat' dir='ltr'><strong>et</strong></span> <span class='ocrx_word' id='word_1_28' title='bbox 1663 581 1779 620; x_wconf 93' lang='lat' dir='ltr'><strong>me.</strong></span> 
     </span>
    </p>
   </div>
   <div class='ocr_carea' id='block_1_7' title="bbox 626 737 2211 807">
    <p class='ocr_par' dir='ltr' id='par_1_7' title="bbox 626 737 2211 807">
     <span class='ocr_line' id='line_1_7' title="bbox 626 737 2211 807; baseline 0.004 -15"><span class='ocrx_word' id='word_1_29' title='bbox 626 737 825 793; x_wconf 91' lang='lat' dir='ltr'><strong>Solum</strong></span> <span class='ocrx_word' id='word_1_30' title='bbox 851 744 1050 794; x_wconf 93' lang='lat' dir='ltr'><strong>autem</strong></span> <span class='ocrx_word' id='word_1_31' title='bbox 1072 756 1279 797; x_wconf 88' lang='lat' dir='ltr'><strong>verum</strong></span> <span class='ocrx_word' id='word_1_32' title='bbox 1300 744 1486 798; x_wconf 89' lang='lat' dir='ltr'><strong>Deum</strong></span> <span class='ocrx_word' id='word_1_33' title='bbox 1509 743 1656 798; x_wconf 83' lang='lat' dir='ltr'><strong>dixit</strong></span> <span class='ocrx_word' id='word_1_34' title='bbox 1672 744 1922 807; x_wconf 80' lang='lat' dir='ltr'><strong>Patrem,</strong></span> <span class='ocrx_word' id='word_1_35' title='bbox 1950 743 2028 798; x_wconf 90' lang='lat' dir='ltr'><strong>ad</strong></span> <span class='ocrx_word' id='word_1_36' title='bbox 2042 742 2211 798; x_wconf 82' lang='lat' dir='ltr'><strong>diﬂ‘e-</strong></span> 
     </span>
    </p>
   </div>
   <div class='ocr_carea' id='block_1_8' title="bbox 553 827 2208 904">
    <p class='ocr_par' dir='ltr' id='par_1_8' title="bbox 553 827 2208 904">
     <span class='ocr_line' id='line_1_8' title="bbox 553 827 2208 904; baseline 0.004 -24"><span class='ocrx_word' id='word_1_37' title='bbox 553 827 804 882; x_wconf 90' lang='lat' dir='ltr'><strong>rentiam</strong></span> <span class='ocrx_word' id='word_1_38' title='bbox 837 828 985 884; x_wconf 84' lang='lat' dir='ltr'><strong>falso</strong></span> <span class='ocrx_word' id='word_1_39' title='bbox 1011 829 1303 886; x_wconf 87' lang='lat' dir='ltr'><strong>dictorum</strong></span> <span class='ocrx_word' id='word_1_40' title='bbox 1327 831 1576 888; x_wconf 91' lang='lat' dir='ltr'><strong>deorum</strong></span> <span class='ocrx_word' id='word_1_41' title='bbox 1603 848 1752 896; x_wconf 86' lang='lat' dir='ltr'><strong>;non</strong></span> <span class='ocrx_word' id='word_1_42' title='bbox 1776 848 2052 888; x_wconf 89' lang='lat' dir='ltr'><strong>verorum</strong></span> <span class='ocrx_word' id='word_1_43' title='bbox 2079 833 2208 904; x_wconf 86' lang='lat' dir='ltr'><strong>qui-</strong></span> 
     </span>
    </p>
   </div>
   <div class='ocr_carea' id='block_1_9' title="bbox 553 915 2202 992">
    <p class='ocr_par' dir='ltr' id='par_1_9' title="bbox 553 915 2202 992">
     <span class='ocr_line' id='line_1_9' title="bbox 553 915 2202 992; baseline 0.004 -24"><span class='ocrx_word' id='word_1_44' title='bbox 553 915 714 981; x_wconf 88' lang='lat' dir='ltr'><strong>dem,</strong></span> <span class='ocrx_word' id='word_1_45' title='bbox 743 917 846 971; x_wconf 90' lang='lat' dir='ltr'><strong>sed</strong></span> <span class='ocrx_word' id='word_1_46' title='bbox 903 923 1097 973; x_wconf 88' lang='lat' dir='ltr'><strong>tamen</strong></span> <span class='ocrx_word' id='word_1_47' title='bbox 1139 919 1455 975; x_wconf 85' lang='lat' dir='ltr'><strong>dictorum.</strong></span> <span class='ocrx_word' id='word_1_48' title='bbox 1513 924 1636 976; x_wconf 86' lang='lat' dir='ltr'><strong>Non</strong></span> <span class='ocrx_word' id='word_1_49' title='bbox 1678 925 1880 978; x_wconf 89' lang='lat' dir='ltr'><strong>autem</strong></span> <span class='ocrx_word' id='word_1_50' title='bbox 1937 921 2202 992; x_wconf 89' lang='lat' dir='ltr'><strong>seipsum</strong></span> 
     </span>
    </p>
   </div>
   <div class='ocr_carea' id='block_1_10' title="bbox 556 1004 2207 1082">
    <p class='ocr_par' dir='ltr' id='par_1_10' title="bbox 556 1004 2207 1082">
     <span class='ocr_line' id='line_1_10' title="bbox 556 1004 2207 1082; baseline 0.004 -23"><span class='ocrx_word' id='word_1_51' title='bbox 556 1009 710 1059; x_wconf 81' lang='lat' dir='ltr'><strong>esset</strong></span> <span class='ocrx_word' id='word_1_52' title='bbox 738 1004 928 1070; x_wconf 90' lang='lat' dir='ltr'><strong>clusit,</strong></span> <span class='ocrx_word' id='word_1_53' title='bbox 958 1009 1102 1078; x_wconf 89' lang='lat' dir='ltr'><strong>quin</strong></span> <span class='ocrx_word' id='word_1_54' title='bbox 1136 1024 1305 1063; x_wconf 86' lang='lat' dir='ltr'><strong>verus</strong></span> <span class='ocrx_word' id='word_1_55' title='bbox 1367 1013 1517 1064; x_wconf 88' lang='lat' dir='ltr'><strong>Deus</strong></span> <span class='ocrx_word' id='word_1_56' title='bbox 1546 1015 1689 1066; x_wconf 83' lang='lat' dir='ltr'><strong>Nam</strong></span> <span class='ocrx_word' id='word_1_57' title='bbox 1735 1025 2000 1082; x_wconf 91' lang='lat' dir='ltr'><strong>quonam</strong></span> <span class='ocrx_word' id='word_1_58' title='bbox 2036 1014 2207 1080; x_wconf 87' lang='lat' dir='ltr'><strong>pacto</strong></span> 
     </span>
    </p>
   </div>
   <div class='ocr_carea' id='block_1_11' title="bbox 556 1091 2206 1168">
    <p class='ocr_par' dir='ltr' id='par_1_11' title="bbox 556 1091 2206 1168">
     <span class='ocr_line' id='line_1_11' title="bbox 556 1091 2206 1168; baseline 0.005 -21"><span class='ocrx_word' id='word_1_59' title='bbox 556 1091 617 1147; x_wconf 91' lang='lat' dir='ltr'>id</span> <span class='ocrx_word' id='word_1_60' title='bbox 655 1093 848 1149; x_wconf 84' lang='lat' dir='ltr'><strong>facere</strong></span> <span class='ocrx_word' id='word_1_61' title='bbox 875 1095 1076 1166; x_wconf 91' lang='lat' dir='ltr'><strong>potuit,</strong></span> <span class='ocrx_word' id='word_1_62' title='bbox 1118 1097 1284 1168; x_wconf 91' lang='lat' dir='ltr'><strong>quod</strong></span> <span class='ocrx_word' id='word_1_63' title='bbox 1316 1113 1375 1152; x_wconf 91' lang='lat' dir='ltr'><strong>se</strong></span> <span class='ocrx_word' id='word_1_64' title='bbox 1407 1099 1712 1154; x_wconf 80' lang='lat' dir='ltr'><strong>veritatem</strong></span> <span class='ocrx_word' id='word_1_65' title='bbox 1759 1104 1936 1154; x_wconf 86' lang='lat' dir='ltr'><strong>vocat</strong></span> <span class='ocrx_word' id='word_1_66' title='bbox 1964 1100 2206 1155; x_wconf 87' lang='lat' dir='ltr'><strong>dicens:</strong></span> 
     </span>
    </p>
   </div>
   <div class='ocr_carea' id='block_1_12' title="bbox 559 1181 2208 1259">
    <p class='ocr_par' dir='ltr' id='par_1_12' title="bbox 559 1181 2208 1259">
     <span class='ocr_line' id='line_1_12' title="bbox 559 1181 2208 1259; baseline 0.004 -24"><span class='ocrx_word' id='word_1_67' title='bbox 559 1181 678 1252; x_wconf 83' lang='lat' dir='ltr'><strong>Ego</strong></span> <span class='ocrx_word' id='word_1_68' title='bbox 689 1197 817 1237; x_wconf 84' lang='lat' dir='ltr'><strong>sum</strong></span> <span class='ocrx_word' id='word_1_69' title='bbox 833 1185 1048 1240; x_wconf 78' lang='lat' dir='ltr'><strong>veritas</strong></span> <span class='ocrx_word' id='word_1_70' title='bbox 1060 1185 1107 1220; x_wconf 81' lang='grc'><strong><em>³⁵</em></strong></span> <span class='ocrx_word' id='word_1_71' title='bbox 1125 1192 1200 1250; x_wconf 88' lang='lat' dir='ltr'><strong>;et</strong></span> <span class='ocrx_word' id='word_1_72' title='bbox 1212 1203 1272 1241; x_wconf 92' lang='lat' dir='ltr'><strong>se</strong></span> <span class='ocrx_word' id='word_1_73' title='bbox 1289 1188 1438 1242; x_wconf 81' lang='lat' dir='ltr'><strong>Patri</strong></span> <span class='ocrx_word' id='word_1_74' title='bbox 1453 1187 1736 1258; x_wconf 60' lang='lat' dir='ltr'><strong>pradicet</strong></span> <span class='ocrx_word' id='word_1_75' title='bbox 1748 1187 2208 1259; x_wconf 73' lang='lat' dir='ltr'><strong>tequalem,cum</strong></span> 
     </span>
    </p>
   </div>
   <div class='ocr_carea' id='block_1_13' title="bbox 558 1271 2209 1347">
    <p class='ocr_par' dir='ltr' id='par_1_13' title="bbox 558 1271 2209 1347">
     <span class='ocr_line' id='line_1_13' title="bbox 558 1271 2209 1347; baseline 0.005 -22"><span class='ocrx_word' id='word_1_76' title='bbox 558 1271 759 1326; x_wconf 91' lang='lat' dir='ltr'><strong>multis</strong></span> <span class='ocrx_word' id='word_1_77' title='bbox 783 1271 912 1327; x_wconf 87' lang='lat' dir='ltr'><strong>aliis</strong></span> <span class='ocrx_word' id='word_1_78' title='bbox 939 1275 998 1328; x_wconf 91' lang='lat' dir='ltr'><strong>in</strong></span> <span class='ocrx_word' id='word_1_79' title='bbox 1020 1274 1180 1341; x_wconf 90' lang='lat' dir='ltr'><strong>locis,</strong></span> <span class='ocrx_word' id='word_1_80' title='bbox 1207 1282 1328 1332; x_wconf 91' lang='lat' dir='ltr'><strong>tum</strong></span> <span class='ocrx_word' id='word_1_81' title='bbox 1347 1277 1449 1331; x_wconf 91' lang='lat' dir='ltr'><strong>ubi</strong></span> <span class='ocrx_word' id='word_1_82' title='bbox 1472 1277 1552 1332; x_wconf 90' lang='lat' dir='ltr'><strong>ait</strong></span> <span class='ocrx_word' id='word_1_83' title='bbox 1574 1293 1588 1330; x_wconf 89' lang='lat'><strong>:</strong></span> <span class='ocrx_word' id='word_1_84' title='bbox 1614 1278 1734 1347; x_wconf 85' lang='lat' dir='ltr'><strong>Ego</strong></span> <span class='ocrx_word' id='word_1_85' title='bbox 1754 1292 1785 1333; x_wconf 91' lang='lat' dir='ltr'><strong>e</strong></span> <span class='ocrx_word' id='word_1_86' title='bbox 1800 1279 2007 1333; x_wconf 81' lang='lat' dir='ltr'><strong>tPater</strong></span> <span class='ocrx_word' id='word_1_87' title='bbox 2028 1293 2209 1333; x_wconf 85' lang='lat' dir='ltr'><strong>unum</strong></span> 
     </span>
    </p>
   </div>
   <div class='ocr_carea' id='block_1_14' title="bbox 556 1362 2206 1436">
    <p class='ocr_par' dir='ltr' id='par_1_14' title="bbox 556 1362 2206 1436">
     <span class='ocr_line' id='line_1_14' title="bbox 556 1362 2206 1436; baseline 0.004 -22"><span class='ocrx_word' id='word_1_88' title='bbox 556 1375 752 1415; x_wconf 85' lang='lat' dir='ltr'><strong>sumus</strong></span> <span class='ocrx_word' id='word_1_89' title='bbox 768 1362 853 1416; x_wconf 68' lang='lat'><strong>3°?</strong></span> <span class='ocrx_word' id='word_1_90' title='bbox 869 1365 995 1417; x_wconf 88' lang='lat' dir='ltr'><strong>Non</strong></span> <span class='ocrx_word' id='word_1_91' title='bbox 1023 1363 1136 1419; x_wconf 86' lang='lat' dir='ltr'><strong>hoc</strong></span> <span class='ocrx_word' id='word_1_92' title='bbox 1151 1381 1292 1432; x_wconf 90' lang='lat' dir='ltr'><strong>ergo</strong></span> <span class='ocrx_word' id='word_1_93' title='bbox 1314 1381 1466 1420; x_wconf 83' lang='lat' dir='ltr'><strong>nunc</strong></span> <span class='ocrx_word' id='word_1_94' title='bbox 1484 1365 1661 1420; x_wconf 90' lang='lat' dir='ltr'><strong>etiam</strong></span> <span class='ocrx_word' id='word_1_95' title='bbox 1689 1368 1762 1420; x_wconf 94' lang='lat' dir='ltr'><strong>de</strong></span> <span class='ocrx_word' id='word_1_96' title='bbox 1795 1382 1856 1420; x_wconf 92' lang='lat' dir='ltr'><strong>se</strong></span> <span class='ocrx_word' id='word_1_97' title='bbox 1889 1367 2018 1436; x_wconf 88' lang='lat' dir='ltr'><strong>ipso</strong></span> <span class='ocrx_word' id='word_1_98' title='bbox 2041 1366 2206 1431; x_wconf 77' lang='lat' dir='ltr'><strong>dixit,</strong></span> 
     </span>
    </p>
   </div>
   <div class='ocr_carea' id='block_1_15' title="bbox 560 1450 2199 1524">
    <p class='ocr_par' dir='ltr' id='par_1_15' title="bbox 560 1450 2199 1524">
     <span class='ocr_line' id='line_1_15' title="bbox 560 1450 2199 1524; baseline 0.006 -22"><span class='ocrx_word' id='word_1_99' title='bbox 560 1453 620 1504; x_wconf 92' lang='lat' dir='ltr'><strong>ut</strong></span> <span class='ocrx_word' id='word_1_100' title='bbox 642 1450 797 1519; x_wconf 90' lang='lat' dir='ltr'><strong>quod</strong></span> <span class='ocrx_word' id='word_1_101' title='bbox 827 1465 899 1505; x_wconf 85' lang='lat' dir='ltr'><strong>ex</strong></span> <span class='ocrx_word' id='word_1_102' title='bbox 926 1451 1016 1506; x_wconf 90' lang='lat' dir='ltr'><strong>his</strong></span> <span class='ocrx_word' id='word_1_103' title='bbox 1041 1469 1172 1523; x_wconf 62' lang='lat' dir='ltr'><strong>qua;</strong></span> <span class='ocrx_word' id='word_1_104' title='bbox 1219 1453 1558 1524; x_wconf 86' lang='lat' dir='ltr'><strong>frequenter</strong></span> <span class='ocrx_word' id='word_1_105' title='bbox 1586 1453 1787 1510; x_wconf 86' lang='lat' dir='ltr'><strong>docuit</strong></span> <span class='ocrx_word' id='word_1_106' title='bbox 1826 1461 2032 1510; x_wconf 87' lang='lat' dir='ltr'><strong>notum</strong></span> <span class='ocrx_word' id='word_1_107' title='bbox 2083 1460 2199 1513; x_wconf 89' lang='lat' dir='ltr'><strong>est.</strong></span> 
     </span>
    </p>
   </div>
   <div class='ocr_carea' id='block_1_16' title="bbox 561 1539 2211 1615">
    <p class='ocr_par' dir='ltr' id='par_1_16' title="bbox 561 1539 2211 1615">
     <span class='ocr_line' id='line_1_16' title="bbox 561 1539 2211 1615; baseline 0.005 -23"><span class='ocrx_word' id='word_1_108' title='bbox 561 1539 863 1608; x_wconf 85' lang='lat' dir='ltr'><strong>Siquidem</strong></span> <span class='ocrx_word' id='word_1_109' title='bbox 882 1555 1075 1613; x_wconf 91' lang='lat' dir='ltr'><strong>neque</strong></span> <span class='ocrx_word' id='word_1_110' title='bbox 1097 1543 1348 1613; x_wconf 80' lang='lat' dir='ltr'><strong>Spiritus</strong></span> <span class='ocrx_word' id='word_1_111' title='bbox 1371 1543 1559 1598; x_wconf 91' lang='lat' dir='ltr'><strong>sancti</strong></span> <span class='ocrx_word' id='word_1_112' title='bbox 1577 1543 1673 1599; x_wconf 91' lang='lat' dir='ltr'><strong>hic</strong></span> <span class='ocrx_word' id='word_1_113' title='bbox 1695 1544 1985 1608; x_wconf 84' lang='lat' dir='ltr'><strong>meminit,</strong></span> <span class='ocrx_word' id='word_1_114' title='bbox 2007 1547 2211 1615; x_wconf 79' lang='lat' dir='ltr'><strong>utpote</strong></span> 
     </span>
    </p>
   </div>
   <div class='ocr_carea' id='block_1_17' title="bbox 560 1627 2212 1706">
    <p class='ocr_par' dir='ltr' id='par_1_17' title="bbox 560 1627 2212 1706">
     <span class='ocr_line' id='line_1_17' title="bbox 560 1627 2212 1706; baseline 0.005 -24"><span class='ocrx_word' id='word_1_115' title='bbox 560 1627 631 1683; x_wconf 92' lang='lat' dir='ltr'><strong>de</strong></span> <span class='ocrx_word' id='word_1_116' title='bbox 655 1643 777 1699; x_wconf 91' lang='lat' dir='ltr'><strong>quo</strong></span> <span class='ocrx_word' id='word_1_117' title='bbox 805 1630 1237 1698; x_wconf 82' lang='lat' dir='ltr'><strong>signiﬁcaverat</strong></span> <span class='ocrx_word' id='word_1_118' title='bbox 1265 1634 1325 1688; x_wconf 93' lang='lat' dir='ltr'><strong>in</strong></span> <span class='ocrx_word' id='word_1_119' title='bbox 1350 1634 1442 1688; x_wconf 90' lang='lat' dir='ltr'><strong>his</strong></span> <span class='ocrx_word' id='word_1_120' title='bbox 1464 1651 1592 1705; x_wconf 70' lang='lat' dir='ltr'><strong>qua:</strong></span> <span class='ocrx_word' id='word_1_121' title='bbox 1641 1633 1943 1700; x_wconf 88' lang='lat' dir='ltr'><strong>docuerat,</strong></span> <span class='ocrx_word' id='word_1_122' title='bbox 1994 1650 2212 1706; x_wconf 86' lang='lat' dir='ltr'><strong>nempe</strong></span> 
     </span>
    </p>
   </div>
   <div class='ocr_carea' id='block_1_18' title="bbox 560 1719 2211 1795">
    <p class='ocr_par' dir='ltr' id='par_1_18' title="bbox 560 1719 2211 1795">
     <span class='ocr_line' id='line_1_18' title="bbox 560 1719 2211 1795; baseline 0.005 -24"><span class='ocrx_word' id='word_1_123' title='bbox 560 1732 697 1771; x_wconf 89' lang='lat' dir='ltr'><strong>cum</strong></span> <span class='ocrx_word' id='word_1_124' title='bbox 729 1719 986 1775; x_wconf 88' lang='lat' dir='ltr'><strong>essetille</strong></span> <span class='ocrx_word' id='word_1_125' title='bbox 1004 1722 1355 1786; x_wconf 88' lang='lat' dir='ltr'><strong>Paracletus,</strong></span> <span class='ocrx_word' id='word_1_126' title='bbox 1376 1723 1479 1795; x_wconf 89' lang='lat' dir='ltr'><strong>qui</strong></span> <span class='ocrx_word' id='word_1_127' title='bbox 1501 1723 1744 1778; x_wconf 88' lang='lat' dir='ltr'><strong>duceret</strong></span> <span class='ocrx_word' id='word_1_128' title='bbox 1764 1739 1868 1779; x_wconf 91' lang='lat' dir='ltr'><strong>eos</strong></span> <span class='ocrx_word' id='word_1_129' title='bbox 1889 1723 1950 1778; x_wconf 91' lang='lat' dir='ltr'><strong>in</strong></span> <span class='ocrx_word' id='word_1_130' title='bbox 1968 1739 2211 1780; x_wconf 91' lang='lat' dir='ltr'><strong>omnem</strong></span> 
     </span>
    </p>
   </div>
   <div class='ocr_carea' id='block_1_19' title="bbox 559 1807 1578 1880">
    <p class='ocr_par' dir='ltr' id='par_1_19' title="bbox 559 1807 1578 1880">
     <span class='ocr_line' id='line_1_19' title="bbox 559 1807 1578 1880; baseline 0.006 -20"><span class='ocrx_word' id='word_1_131' title='bbox 559 1807 885 1872; x_wconf 86' lang='lat' dir='ltr'><strong>veritatem,</strong></span> <span class='ocrx_word' id='word_1_132' title='bbox 921 1809 1072 1865; x_wconf 88' lang='lat' dir='ltr'><strong>sicut</strong></span> <span class='ocrx_word' id='word_1_133' title='bbox 1101 1811 1440 1880; x_wconf 63' lang='lat' dir='ltr'><strong>praedictum</strong></span> <span class='ocrx_word' id='word_1_134' title='bbox 1469 1817 1578 1866; x_wconf 90' lang='lat' dir='ltr'><strong>est.</strong></span> 
     </span>
    </p>
   </div>
   <div class='ocr_carea' id='block_1_20' title="bbox 633 1897 2214 1970">
    <p class='ocr_par' dir='ltr' id='par_1_20' title="bbox 633 1897 2214 1970">
     <span class='ocr_line' id='line_1_20' title="bbox 633 1897 2214 1970; baseline 0.005 -22"><span class='ocrx_word' id='word_1_135' title='bbox 633 1897 791 1950; x_wconf 88' lang='lat' dir='ltr'><strong>Vers.</strong></span> <span class='ocrx_word' id='word_1_136' title='bbox 807 1900 858 1952; x_wconf 82' lang='grc'><strong>4.</strong></span> <span class='ocrx_word' id='word_1_137' title='bbox 873 1897 996 1968; x_wconf 87' lang='lat' dir='ltr'><strong>Ego</strong></span> <span class='ocrx_word' id='word_1_138' title='bbox 1017 1929 1076 1938; x_wconf 86' lang='lat'><strong>—-</strong></span> <span class='ocrx_word' id='word_1_139' title='bbox 1094 1907 1340 1956; x_wconf 84' lang='lat' dir='ltr'><strong>terram.</strong></span> <span class='ocrx_word' id='word_1_140' title='bbox 1358 1902 1623 1970; x_wconf 80' lang='lat' dir='ltr'><strong>—Super</strong></span> <span class='ocrx_word' id='word_1_141' title='bbox 1640 1906 1863 1957; x_wconf 78' lang='lat' dir='ltr'><strong>terram</strong></span> <span class='ocrx_word' id='word_1_142' title='bbox 1877 1901 2040 1956; x_wconf 86' lang='lat' dir='ltr'><strong>dixit.</strong></span> <span class='ocrx_word' id='word_1_143' title='bbox 2064 1904 2214 1957; x_wconf 86' lang='lat' dir='ltr'><strong>Nam</strong></span> 
     </span>
    </p>
   </div>
   <div class='ocr_carea' id='block_1_21' title="bbox 2319 561 3944 637">
    <p class='ocr_par' dir='ltr' id='par_1_21' title="bbox 2319 561 3944 637">
     <span class='ocr_line' id='line_1_21' title="bbox 2319 561 3944 637; baseline -0.006 -19"><span class='ocrx_word' id='word_1_144' title='bbox 2319 567 2478 619; x_wconf 81' lang='grc' dir='ltr'>ἐστιν.</span> <span class='ocrx_word' id='word_1_145' title='bbox 2509 565 2619 618; x_wconf 84' lang='grc' dir='ltr'>Ἰνα</span> <span class='ocrx_word' id='word_1_146' title='bbox 2639 571 2941 637; x_wconf 75' lang='grc' dir='ltr'><strong>γινώσκωσι</strong></span> <span class='ocrx_word' id='word_1_147' title='bbox 2959 568 3107 635; x_wconf 82' lang='grc' dir='ltr'><strong>Θεὸν,</strong></span> <span class='ocrx_word' id='word_1_148' title='bbox 3143 568 3201 616; x_wconf 68' lang='grc' dir='ltr'><strong>σε</strong></span> <span class='ocrx_word' id='word_1_149' title='bbox 3225 567 3312 616; x_wconf 78' lang='grc' dir='ltr'>τόν</span> <span class='ocrx_word' id='word_1_150' title='bbox 3337 569 3493 636; x_wconf 81' lang='grc' dir='ltr'>μόνον</span> <span class='ocrx_word' id='word_1_151' title='bbox 3518 561 3798 619; x_wconf 79' lang='grc' dir='ltr'>ἀληθινὸν</span> <span class='ocrx_word' id='word_1_152' title='bbox 3826 563 3944 612; x_wconf 78' lang='grc' dir='ltr'>Θεὸν</span> 
     </span>
    </p>
   </div>
   <div class='ocr_carea' id='block_1_22' title="bbox 2319 655 2537 726">
    <p class='ocr_par' dir='ltr' id='par_1_22' title="bbox 2319 655 2537 726">
     <span class='ocr_line' id='line_1_22' title="bbox 2319 655 2537 726; baseline 0.005 -21"><span class='ocrx_word' id='word_1_153' title='bbox 2319 658 2403 705; x_wconf 83' lang='grc' dir='ltr'><strong>καὶ</strong></span> <span class='ocrx_word' id='word_1_154' title='bbox 2425 655 2537 726; x_wconf 83' lang='grc' dir='ltr'><strong>ἐμέ.</strong></span> 
     </span>
    </p>
   </div>
   <div class='ocr_carea' id='block_1_23' title="bbox 2389 731 3942 813">
    <p class='ocr_par' dir='ltr' id='par_1_23' title="bbox 2389 731 3942 813">
     <span class='ocr_line' id='line_1_23' title="bbox 2389 731 3942 813; baseline -0.004 -18"><span class='ocrx_word' id='word_1_155' title='bbox 2389 748 2554 796; x_wconf 83' lang='grc' dir='ltr'><strong>Μόνον</strong></span> <span class='ocrx_word' id='word_1_156' title='bbox 2584 739 2643 795; x_wconf 69' lang='grc' dir='ltr'>δὲ</span> <span class='ocrx_word' id='word_1_157' title='bbox 2680 742 2918 801; x_wconf 83' lang='grc' dir='ltr'>ἀληθινὸν</span> <span class='ocrx_word' id='word_1_158' title='bbox 2949 746 3078 795; x_wconf 82' lang='grc' dir='ltr'><strong>Θεὸν</strong></span> <span class='ocrx_word' id='word_1_159' title='bbox 3129 740 3236 794; x_wconf 84' lang='grc' dir='ltr'>εἶπε</span> <span class='ocrx_word' id='word_1_160' title='bbox 3264 745 3352 793; x_wconf 90' lang='grc' dir='ltr'>τὸν</span> <span class='ocrx_word' id='word_1_161' title='bbox 3393 744 3618 813; x_wconf 88' lang='grc' dir='ltr'>Πατέρα</span> <span class='ocrx_word' id='word_1_162' title='bbox 3651 740 3796 810; x_wconf 85' lang='grc' dir='ltr'>πρὸς</span> <span class='ocrx_word' id='word_1_163' title='bbox 3833 731 3942 790; x_wconf 82' lang='grc' dir='ltr'>δια-</span> 
     </span>
    </p>
   </div>
   <div class='ocr_carea' id='block_1_24' title="bbox 2321 825 3943 904">
    <p class='ocr_par' dir='ltr' id='par_1_24' title="bbox 2321 825 3943 904">
     <span class='ocr_line' id='line_1_24' title="bbox 2321 825 3943 904; baseline -0.004 -22"><span class='ocrx_word' id='word_1_164' title='bbox 2321 831 2507 889; x_wconf 80' lang='grc' dir='ltr'><strong>στολὴν</strong></span> <span class='ocrx_word' id='word_1_165' title='bbox 2538 840 2635 882; x_wconf 84' lang='grc' dir='ltr'><strong>τὼν</strong></span> <span class='ocrx_word' id='word_1_166' title='bbox 2668 828 3020 904; x_wconf 72' lang='grc' dir='ltr'>ψευδωνύμων</span> <span class='ocrx_word' id='word_1_167' title='bbox 3072 833 3214 894; x_wconf 85' lang='grc' dir='ltr'>θεῶν,</span> <span class='ocrx_word' id='word_1_168' title='bbox 3248 839 3347 881; x_wconf 87' lang='grc' dir='ltr'>τῶν</span> <span class='ocrx_word' id='word_1_169' title='bbox 3379 829 3473 881; x_wconf 74' lang='grc' dir='ltr'>οὐκ</span> <span class='ocrx_word' id='word_1_170' title='bbox 3503 833 3690 880; x_wconf 79' lang='grc' dir='ltr'>ὄντων</span> <span class='ocrx_word' id='word_1_171' title='bbox 3724 829 3842 898; x_wconf 66' lang='grc' dir='ltr'><strong>μὲν,</strong></span> <span class='ocrx_word' id='word_1_172' title='bbox 3867 825 3943 876; x_wconf 80' lang='grc' dir='ltr'>λε-</span> 
     </span>
    </p>
   </div>
   <div class='ocr_carea' id='block_1_25' title="bbox 2315 914 3943 992">
    <p class='ocr_par' dir='ltr' id='par_1_25' title="bbox 2315 914 3943 992">
     <span class='ocr_line' id='line_1_25' title="bbox 2315 914 3943 992; baseline -0.005 -20"><span class='ocrx_word' id='word_1_173' title='bbox 2315 925 2542 992; x_wconf 76' lang='grc' dir='ltr'>γομένων</span> <span class='ocrx_word' id='word_1_174' title='bbox 2575 917 2654 974; x_wconf 87' lang='grc' dir='ltr'>δέ.</span> <span class='ocrx_word' id='word_1_175' title='bbox 2687 920 2762 972; x_wconf 78' lang='grc' dir='ltr'><strong>Οὐ</strong></span> <span class='ocrx_word' id='word_1_176' title='bbox 2793 924 2890 992; x_wconf 83' lang='grc' dir='ltr'><strong>μὴν</strong></span> <span class='ocrx_word' id='word_1_177' title='bbox 2939 919 3118 972; x_wconf 78' lang='grc' dir='ltr'>ἑαυτὸν</span> <span class='ocrx_word' id='word_1_178' title='bbox 3145 917 3344 981; x_wconf 79' lang='grc' dir='ltr'>ἐξέϐαλε</span> <span class='ocrx_word' id='word_1_179' title='bbox 3383 918 3476 970; x_wconf 77' lang='grc' dir='ltr'>τοῦ</span> <span class='ocrx_word' id='word_1_180' title='bbox 3517 918 3672 970; x_wconf 84' lang='grc' dir='ltr'>εἶναι</span> <span class='ocrx_word' id='word_1_181' title='bbox 3708 914 3943 972; x_wconf 74' lang='grc' dir='ltr'>ἀληθινόν</span> 
     </span>
    </p>
   </div>
   <div class='ocr_carea' id='block_1_26' title="bbox 2319 1003 3940 1080">
    <p class='ocr_par' dir='ltr' id='par_1_26' title="bbox 2319 1003 3940 1080">
     <span class='ocr_line' id='line_1_26' title="bbox 2319 1003 3940 1080; baseline -0.006 -18"><span class='ocrx_word' id='word_1_182' title='bbox 2319 1015 2464 1062; x_wconf 57' lang='lat' dir='ltr'><strong>ese».</strong></span> <span class='ocrx_word' id='word_1_183' title='bbox 2496 1016 2608 1070; x_wconf 82' lang='grc' dir='ltr'>Πώς</span> <span class='ocrx_word' id='word_1_184' title='bbox 2638 1012 2738 1080; x_wconf 78' lang='grc' dir='ltr'>γάρ</span> <span class='ocrx_word' id='word_1_185' title='bbox 2771 1025 2785 1076; x_wconf 89' lang='grc'><strong>;</strong></span> <span class='ocrx_word' id='word_1_186' title='bbox 2817 1010 2871 1070; x_wconf 85' lang='grc' dir='ltr'>ὃς</span> <span class='ocrx_word' id='word_1_187' title='bbox 2891 1027 2951 1079; x_wconf 86' lang='grc' dir='ltr'><strong>γε</strong></span> <span class='ocrx_word' id='word_1_188' title='bbox 2999 1007 3242 1066; x_wconf 79' lang='grc' dir='ltr'>ἀλήθειαν</span> <span class='ocrx_word' id='word_1_189' title='bbox 3273 1008 3453 1060; x_wconf 84' lang='grc' dir='ltr'>ἐαυτὸν</span> <span class='ocrx_word' id='word_1_190' title='bbox 3504 1006 3700 1070; x_wconf 81' lang='grc' dir='ltr'>καλεῖ,</span> <span class='ocrx_word' id='word_1_191' title='bbox 3736 1003 3897 1075; x_wconf 73' lang='grc' dir='ltr'>λέγων</span> <span class='ocrx_word' id='word_1_192' title='bbox 3929 1020 3940 1032; x_wconf 89' lang='grc'><strong>·</strong></span> 
     </span>
    </p>
   </div>
   <div class='ocr_carea' id='block_1_27' title="bbox 2318 1096 3942 1170">
    <p class='ocr_par' dir='ltr' id='par_1_27' title="bbox 2318 1096 3942 1170">
     <span class='ocr_line' id='line_1_27' title="bbox 2318 1096 3942 1170; baseline -0.005 -19"><span class='ocrx_word' id='word_1_193' title='bbox 2318 1104 2448 1170; x_wconf 85' lang='grc' dir='ltr'><strong>Ἐγώ</strong></span> <span class='ocrx_word' id='word_1_194' title='bbox 2465 1099 2572 1170; x_wconf 82' lang='grc' dir='ltr'>εἰμι</span> <span class='ocrx_word' id='word_1_195' title='bbox 2602 1101 2631 1156; x_wconf 82' lang='grc' dir='ltr'>ἡ</span> <span class='ocrx_word' id='word_1_196' title='bbox 2662 1098 2876 1156; x_wconf 79' lang='grc' dir='ltr'>ἀλήθεια</span> <span class='ocrx_word' id='word_1_197' title='bbox 2909 1115 2922 1130; x_wconf 83' lang='grc'><strong><em>⁸</em></strong></span> <span class='ocrx_word' id='word_1_198' title='bbox 2953 1104 3044 1151; x_wconf 85' lang='grc' dir='ltr'>καὶ</span> <span class='ocrx_word' id='word_1_199' title='bbox 3073 1102 3187 1150; x_wconf 91' lang='grc' dir='ltr'>’ίσον</span> <span class='ocrx_word' id='word_1_200' title='bbox 3219 1097 3397 1150; x_wconf 82' lang='grc' dir='ltr'>ἑαυτὸν</span> <span class='ocrx_word' id='word_1_201' title='bbox 3418 1116 3490 1168; x_wconf 81' lang='grc' dir='ltr'><strong>τῳ</strong></span> <span class='ocrx_word' id='word_1_202' title='bbox 3516 1099 3717 1168; x_wconf 82' lang='grc' dir='ltr'>Πατρὶ</span> <span class='ocrx_word' id='word_1_203' title='bbox 3764 1096 3942 1166; x_wconf 30' lang='grc' dir='ltr'>κηρὺτν</span> 
     </span>
    </p>
   </div>
   <div class='ocr_carea' id='block_1_28' title="bbox 2317 1185 3941 1261">
    <p class='ocr_par' dir='ltr' id='par_1_28' title="bbox 2317 1185 3941 1261">
     <span class='ocr_line' id='line_1_28' title="bbox 2317 1185 3941 1261; baseline -0.005 -21"><span class='ocrx_word' id='word_1_204' title='bbox 2317 1207 2414 1255; x_wconf 88' lang='grc' dir='ltr'>τει,</span> <span class='ocrx_word' id='word_1_205' title='bbox 2448 1187 2470 1261; x_wconf 96' lang='grc'>[</span> <span class='ocrx_word' id='word_1_206' title='bbox 2501 1187 2740 1250; x_wconf 80' lang='grc' dir='ltr'>ἐνᾶΑλοις</span> <span class='ocrx_word' id='word_1_207' title='bbox 2765 1207 2820 1240; x_wconf 90' lang='grc' dir='ltr'><strong>τε</strong></span> <span class='ocrx_word' id='word_1_208' title='bbox 2849 1189 3062 1256; x_wconf 83' lang='grc'><strong>(78-79)</strong></span> <span class='ocrx_word' id='word_1_209' title='bbox 3103 1187 3323 1252; x_wconf 83' lang='grc' dir='ltr'><strong>πολλοῖς,</strong></span> <span class='ocrx_word' id='word_1_210' title='bbox 3373 1191 3462 1238; x_wconf 82' lang='grc' dir='ltr'>καὶ</span> <span class='ocrx_word' id='word_1_211' title='bbox 3519 1205 3572 1238; x_wconf 89' lang='grc' dir='ltr'><strong>εν</strong></span> <span class='ocrx_word' id='word_1_212' title='bbox 3627 1185 3722 1246; x_wconf 83' lang='grc' dir='ltr'>οἷς</span> <span class='ocrx_word' id='word_1_213' title='bbox 3771 1187 3941 1254; x_wconf 64' lang='grc' dir='ltr'>φησὶν,</span> 
     </span>
    </p>
   </div>
   <div class='ocr_carea' id='block_1_29' title="bbox 2319 1269 3943 1351">
    <p class='ocr_par' dir='ltr' id='par_1_29' title="bbox 2319 1269 3943 1351">
     <span class='ocr_line' id='line_1_29' title="bbox 2319 1269 3943 1351; baseline -0.005 -23"><span class='ocrx_word' id='word_1_214' title='bbox 2319 1279 2454 1348; x_wconf 83' lang='grc' dir='ltr'><strong>Ἐγὼ</strong></span> <span class='ocrx_word' id='word_1_215' title='bbox 2507 1283 2594 1329; x_wconf 83' lang='grc' dir='ltr'>καὶ</span> <span class='ocrx_word' id='word_1_216' title='bbox 2643 1279 2668 1328; x_wconf 87' lang='grc' dir='ltr'><strong><em>ὁ</em></strong></span> <span class='ocrx_word' id='word_1_217' title='bbox 2717 1281 2895 1351; x_wconf 82' lang='grc' dir='ltr'>Πατὴρ</span> <span class='ocrx_word' id='word_1_218' title='bbox 2935 1278 2984 1329; x_wconf 83' lang='grc' dir='ltr'>ἓν</span> <span class='ocrx_word' id='word_1_219' title='bbox 3040 1275 3211 1348; x_wconf 76' lang='grc' dir='ltr'>ἐσμεν.</span> <span class='ocrx_word' id='word_1_220' title='bbox 3268 1276 3378 1328; x_wconf 77' lang='grc' dir='ltr'><strong>Οὐκ</strong></span> <span class='ocrx_word' id='word_1_221' title='bbox 3436 1271 3576 1327; x_wconf 84' lang='grc' dir='ltr'>εἶπεν</span> <span class='ocrx_word' id='word_1_222' title='bbox 3643 1269 3748 1325; x_wconf 82' lang='grc' dir='ltr'>οὖν</span> <span class='ocrx_word' id='word_1_223' title='bbox 3803 1278 3943 1322; x_wconf 75' lang='grc' dir='ltr'>τοῦτο</span> 
     </span>
    </p>
   </div>
   <div class='ocr_carea' id='block_1_30' title="bbox 2318 1360 3942 1438">
    <p class='ocr_par' dir='ltr' id='par_1_30' title="bbox 2318 1360 3942 1438">
     <span class='ocr_line' id='line_1_30' title="bbox 2318 1360 3942 1438; baseline -0.004 -20"><span class='ocrx_word' id='word_1_224' title='bbox 2318 1373 2407 1419; x_wconf 86' lang='grc' dir='ltr'>καὶ</span> <span class='ocrx_word' id='word_1_225' title='bbox 2432 1371 2549 1438; x_wconf 89' lang='grc' dir='ltr'>περὶ</span> <span class='ocrx_word' id='word_1_226' title='bbox 2594 1367 2779 1418; x_wconf 76' lang='grc' dir='ltr'>ἑαυτοῦ</span> <span class='ocrx_word' id='word_1_227' title='bbox 2811 1374 2920 1433; x_wconf 79' lang='grc' dir='ltr'><strong>νῦν,</strong></span> <span class='ocrx_word' id='word_1_228' title='bbox 2971 1369 3035 1426; x_wconf 81' lang='grc' dir='ltr'>ὡς</span> <span class='ocrx_word' id='word_1_229' title='bbox 3081 1362 3189 1425; x_wconf 77' lang='grc' dir='ltr'><strong>ἤδη</strong></span> <span class='ocrx_word' id='word_1_230' title='bbox 3236 1370 3495 1438; x_wconf 76' lang='grc' dir='ltr'><strong>γνώριμον</strong></span> <span class='ocrx_word' id='word_1_231' title='bbox 3545 1363 3646 1435; x_wconf 72' lang='grc' dir='ltr'><strong>ἀφ’</strong></span> <span class='ocrx_word' id='word_1_232' title='bbox 3705 1363 3781 1413; x_wconf 83' lang='grc' dir='ltr'><strong>ὧν</strong></span> <span class='ocrx_word' id='word_1_233' title='bbox 3830 1360 3942 1413; x_wconf 75' lang='grc' dir='ltr'>πόλ-</span> 
     </span>
    </p>
   </div>
   <div class='ocr_carea' id='block_1_31' title="bbox 2317 1451 3945 1528">
    <p class='ocr_par' dir='ltr' id='par_1_31' title="bbox 2317 1451 3945 1528">
     <span class='ocr_line' id='line_1_31' title="bbox 2317 1451 3945 1528; baseline -0.004 -22"><span class='ocrx_word' id='word_1_234' title='bbox 2317 1455 2460 1515; x_wconf 79' lang='grc' dir='ltr'>λάκις</span> <span class='ocrx_word' id='word_1_235' title='bbox 2514 1452 2744 1517; x_wconf 84' lang='grc' dir='ltr'>ἐδιδαξε.</span> <span class='ocrx_word' id='word_1_236' title='bbox 2782 1460 2882 1508; x_wconf 79' lang='grc' dir='ltr'><strong>Καὶ</strong></span> <span class='ocrx_word' id='word_1_237' title='bbox 2928 1458 3028 1528; x_wconf 84' lang='grc' dir='ltr'>γὰρ</span> <span class='ocrx_word' id='word_1_238' title='bbox 3088 1451 3211 1507; x_wconf 72' lang='grc' dir='ltr'>οὐδε</span> <span class='ocrx_word' id='word_1_239' title='bbox 3267 1461 3359 1506; x_wconf 85' lang='grc' dir='ltr'>τοῦ</span> <span class='ocrx_word' id='word_1_240' title='bbox 3416 1453 3573 1524; x_wconf 80' lang='grc' dir='ltr'>ἁγίου</span> <span class='ocrx_word' id='word_1_241' title='bbox 3636 1454 3945 1522; x_wconf 75' lang='grc' dir='ltr'>Πνεύματος</span> 
     </span>
    </p>
   </div>
   <div class='ocr_carea' id='block_1_32' title="bbox 2321 1536 3942 1617">
    <p class='ocr_par' dir='ltr' id='par_1_32' title="bbox 2321 1536 3942 1617">
     <span class='ocr_line' id='line_1_32' title="bbox 2321 1536 3942 1617; baseline -0.005 -21"><span class='ocrx_word' id='word_1_242' title='bbox 2321 1543 2692 1616; x_wconf 73' lang='grc' dir='ltr'><strong>ἐμνημόνευσεν</strong></span> <span class='ocrx_word' id='word_1_243' title='bbox 2734 1542 2969 1609; x_wconf 79' lang='grc' dir='ltr'>ἐνταῦθα,</span> <span class='ocrx_word' id='word_1_244' title='bbox 3029 1546 3098 1605; x_wconf 85' lang='grc' dir='ltr'>ὡς</span> <span class='ocrx_word' id='word_1_245' title='bbox 3145 1548 3236 1595; x_wconf 81' lang='grc' dir='ltr'>καὶ</span> <span class='ocrx_word' id='word_1_246' title='bbox 3295 1547 3408 1617; x_wconf 82' lang='grc' dir='ltr'>περὶ</span> <span class='ocrx_word' id='word_1_247' title='bbox 3434 1544 3634 1594; x_wconf 84' lang='grc' dir='ltr'>τούτου</span> <span class='ocrx_word' id='word_1_248' title='bbox 3693 1536 3942 1597; x_wconf 77' lang='grc' dir='ltr'><strong>δηλώσας</strong></span> 
     </span>
    </p>
   </div>
   <div class='ocr_carea' id='block_1_33' title="bbox 2322 1623 3945 1705">
    <p class='ocr_par' dir='ltr' id='par_1_33' title="bbox 2322 1623 3945 1705">
     <span class='ocr_line' id='line_1_33' title="bbox 2322 1623 3945 1705; baseline -0.004 -20"><span class='ocrx_word' id='word_1_249' title='bbox 2322 1633 2406 1705; x_wconf 76' lang='grc' dir='ltr'><strong>ἀφ’</strong></span> <span class='ocrx_word' id='word_1_250' title='bbox 2447 1634 2514 1684; x_wconf 86' lang='grc' dir='ltr'>ὧν</span> <span class='ocrx_word' id='word_1_251' title='bbox 2545 1630 2773 1703; x_wconf 77' lang='grc' dir='ltr'><strong>ἐδίδαξε,</strong></span> <span class='ocrx_word' id='word_1_252' title='bbox 2821 1638 2908 1686; x_wconf 84' lang='grc' dir='ltr'>καὶ</span> <span class='ocrx_word' id='word_1_253' title='bbox 2974 1635 3043 1693; x_wconf 83' lang='grc' dir='ltr'>ὡς</span> <span class='ocrx_word' id='word_1_254' title='bbox 3088 1632 3249 1684; x_wconf 79' lang='grc' dir='ltr'>αὐτοῦ</span> <span class='ocrx_word' id='word_1_255' title='bbox 3296 1639 3388 1683; x_wconf 85' lang='grc' dir='ltr'>τοῦ</span> <span class='ocrx_word' id='word_1_256' title='bbox 3427 1629 3804 1704; x_wconf 77' lang='grc' dir='ltr'>Παρακλήτου</span> <span class='ocrx_word' id='word_1_257' title='bbox 3828 1623 3945 1682; x_wconf 81' lang='grc' dir='ltr'>οδη-</span> 
     </span>
    </p>
   </div>
   <div class='ocr_carea' id='block_1_34' title="bbox 2319 1719 3941 1795">
    <p class='ocr_par' dir='ltr' id='par_1_34' title="bbox 2319 1719 3941 1795">
     <span class='ocr_line' id='line_1_34' title="bbox 2319 1719 3941 1795; baseline -0.006 -19"><span class='ocrx_word' id='word_1_258' title='bbox 2319 1729 2572 1795; x_wconf 78' lang='grc' dir='ltr'>γήσοντος</span> <span class='ocrx_word' id='word_1_259' title='bbox 2611 1723 2798 1785; x_wconf 76' lang='grc' dir='ltr'>αὐτοὺς</span> <span class='ocrx_word' id='word_1_260' title='bbox 2829 1722 2896 1784; x_wconf 82' lang='grc' dir='ltr'>εἰς</span> <span class='ocrx_word' id='word_1_261' title='bbox 2933 1729 3107 1775; x_wconf 87' lang='grc' dir='ltr'>πᾶσαν</span> <span class='ocrx_word' id='word_1_262' title='bbox 3158 1725 3247 1780; x_wconf 80' lang='grc' dir='ltr'>τὴν</span> <span class='ocrx_word' id='word_1_263' title='bbox 3280 1720 3543 1786; x_wconf 78' lang='grc' dir='ltr'>ἀλήθειαν,</span> <span class='ocrx_word' id='word_1_264' title='bbox 3575 1719 3776 1779; x_wconf 80' lang='grc' dir='ltr'>καθὼς</span> <span class='ocrx_word' id='word_1_265' title='bbox 3828 1735 3941 1788; x_wconf 75' lang='grc' dir='ltr'>προ-</span> 
     </span>
    </p>
   </div>
   <div class='ocr_carea' id='block_1_35' title="bbox 2246 1811 2572 1887">
    <p class='ocr_par' dir='ltr' id='par_1_35' title="bbox 2246 1811 2572 1887">
     <span class='ocr_line' id='line_1_35' title="bbox 2246 1811 2572 1887; baseline 0.003 -23"><span class='ocrx_word' id='word_1_266' title='bbox 2246 1818 2290 1872; x_wconf 82' lang='grc' dir='ltr'><strong>Β</strong></span> <span class='ocrx_word' id='word_1_267' title='bbox 2323 1811 2572 1887; x_wconf 87' lang='grc' dir='ltr'>είρηται.]</span> 
     </span>
    </p>
   </div>
   <div class='ocr_carea' id='block_1_36' title="bbox 2396 1891 3938 1972">
    <p class='ocr_par' dir='ltr' id='par_1_36' title="bbox 2396 1891 3938 1972">
     <span class='ocr_line' id='line_1_36' title="bbox 2396 1891 3938 1972; baseline -0.007 -18"><span class='ocrx_word' id='word_1_268' title='bbox 2396 1901 2528 1972; x_wconf 84' lang='grc' dir='ltr'><strong>Ἐγὼ</strong></span> <span class='ocrx_word' id='word_1_269' title='bbox 2583 1932 2650 1942; x_wconf 92' lang='grc'><strong><em>-</em></strong></span> <span class='ocrx_word' id='word_1_270' title='bbox 2707 1909 2828 1972; x_wconf 82' lang='grc' dir='ltr'>γῆς.</span> <span class='ocrx_word' id='word_1_271' title='bbox 2891 1930 2959 1940; x_wconf 89' lang='lat'><strong>-—</strong></span> <span class='ocrx_word' id='word_1_272' title='bbox 3021 1900 3140 1951; x_wconf 84' lang='grc' dir='ltr'><strong>Ἐπὶ</strong></span> <span class='ocrx_word' id='word_1_273' title='bbox 3204 1905 3297 1959; x_wconf 78' lang='grc' dir='ltr'>τῆς</span> <span class='ocrx_word' id='word_1_274' title='bbox 3347 1905 3443 1969; x_wconf 78' lang='grc' dir='ltr'>γῆς</span> <span class='ocrx_word' id='word_1_275' title='bbox 3506 1894 3645 1960; x_wconf 82' lang='grc' dir='ltr'>εἶπε,</span> <span class='ocrx_word' id='word_1_276' title='bbox 3700 1891 3852 1948; x_wconf 82' lang='grc' dir='ltr'><strong>διότι</strong></span> <span class='ocrx_word' id='word_1_277' title='bbox 3896 1894 3938 1944; x_wconf 80' lang='grc' dir='ltr'><strong>ἐν</strong></span> 
     </span>
    </p>
   </div>
   <div class='ocr_carea' id='block_1_37' title="bbox 567 1984 2214 2058">
    <p class='ocr_par' dir='ltr' id='par_1_37' title="bbox 567 1984 2214 2058">
     <span class='ocr_line' id='line_1_37' title="bbox 567 1984 2214 2058; baseline 0.004 -20"><span class='ocrx_word' id='word_1_278' title='bbox 567 1984 627 2039; x_wconf 89' lang='lat' dir='ltr'><strong>in</strong></span> <span class='ocrx_word' id='word_1_279' title='bbox 660 1984 809 2040; x_wconf 65' lang='lat' dir='ltr'><strong>caelo</strong></span> <span class='ocrx_word' id='word_1_280' title='bbox 841 1985 1203 2055; x_wconf 86' lang='lat' dir='ltr'><strong>gloriﬁcatus</strong></span> <span class='ocrx_word' id='word_1_281' title='bbox 1235 1988 1437 2053; x_wconf 83' lang='lat' dir='ltr'><strong>fuerat,</strong></span> <span class='ocrx_word' id='word_1_282' title='bbox 1471 2005 1542 2044; x_wconf 83' lang='lat' dir='ltr'><strong>ex</strong></span> <span class='ocrx_word' id='word_1_283' title='bbox 1577 1997 1790 2045; x_wconf 89' lang='lat' dir='ltr'><strong>natura</strong></span> <span class='ocrx_word' id='word_1_284' title='bbox 1818 1989 2050 2045; x_wconf 84' lang='lat' dir='ltr'><strong>habens</strong></span> <span class='ocrx_word' id='word_1_285' title='bbox 2089 1990 2214 2058; x_wconf 92' lang='lat' dir='ltr'><strong>glo-</strong></span> 
     </span>
    </p>
   </div>
   <div class='ocr_carea' id='block_1_38' title="bbox 566 2073 2217 2150">
    <p class='ocr_par' dir='ltr' id='par_1_38' title="bbox 566 2073 2217 2150">
     <span class='ocr_line' id='line_1_38' title="bbox 566 2073 2217 2150; baseline 0.004 -23"><span class='ocrx_word' id='word_1_286' title='bbox 566 2073 719 2128; x_wconf 89' lang='lat' dir='ltr'><strong>riam</strong></span> <span class='ocrx_word' id='word_1_287' title='bbox 743 2079 798 2129; x_wconf 89' lang='lat' dir='ltr'><strong>et</strong></span> <span class='ocrx_word' id='word_1_288' title='bbox 818 2075 896 2128; x_wconf 92' lang='lat' dir='ltr'><strong>ab</strong></span> <span class='ocrx_word' id='word_1_289' title='bbox 921 2076 1149 2144; x_wconf 84' lang='lat' dir='ltr'><strong>angelis</strong></span> <span class='ocrx_word' id='word_1_290' title='bbox 1169 2078 1470 2132; x_wconf 86' lang='lat' dir='ltr'><strong>adoratus.</strong></span> <span class='ocrx_word' id='word_1_291' title='bbox 1503 2081 1626 2134; x_wconf 85' lang='lat' dir='ltr'><strong>Non</strong></span> <span class='ocrx_word' id='word_1_292' title='bbox 1648 2095 1791 2149; x_wconf 87' lang='lat' dir='ltr'><strong>ergo</strong></span> <span class='ocrx_word' id='word_1_293' title='bbox 1809 2079 1876 2134; x_wconf 91' lang='lat' dir='ltr'><strong>de</strong></span> <span class='ocrx_word' id='word_1_294' title='bbox 1899 2078 1993 2134; x_wconf 87' lang='lat' dir='ltr'><strong>illa</strong></span> <span class='ocrx_word' id='word_1_295' title='bbox 2024 2079 2217 2150; x_wconf 88' lang='lat' dir='ltr'><strong>loqui-</strong></span> 
     </span>
    </p>
   </div>
   <div class='ocr_carea' id='block_1_39' title="bbox 568 2162 2218 2237">
    <p class='ocr_par' dir='ltr' id='par_1_39' title="bbox 568 2162 2218 2237">
     <span class='ocr_line' id='line_1_39' title="bbox 568 2162 2218 2237; baseline 0.005 -21"><span class='ocrx_word' id='word_1_296' title='bbox 568 2165 663 2216; x_wconf 87' lang='lat' dir='ltr'><strong>tur</strong></span> <span class='ocrx_word' id='word_1_297' title='bbox 691 2162 900 2232; x_wconf 84' lang='lat' dir='ltr'><strong>gloria,</strong></span> <span class='ocrx_word' id='word_1_298' title='bbox 935 2180 1117 2234; x_wconf 90' lang='lat' dir='ltr'><strong>quam</strong></span> <span class='ocrx_word' id='word_1_299' title='bbox 1145 2181 1214 2220; x_wconf 82' lang='lat' dir='ltr'><strong>ex</strong></span> <span class='ocrx_word' id='word_1_300' title='bbox 1240 2165 1573 2221; x_wconf 85' lang='lat' dir='ltr'><strong>substantia</strong></span> <span class='ocrx_word' id='word_1_301' title='bbox 1603 2168 1678 2237; x_wconf 91' lang='lat' dir='ltr'><strong>(g)</strong></span> <span class='ocrx_word' id='word_1_302' title='bbox 1707 2184 1815 2222; x_wconf 91' lang='lat' dir='ltr'><strong>sua</strong></span> <span class='ocrx_word' id='word_1_303' title='bbox 1845 2167 2218 2224; x_wconf 74' lang='lat' dir='ltr'><strong>haereditario</strong></span> 
     </span>
    </p>
   </div>
   <div class='ocr_carea' id='block_1_40' title="bbox 563 2249 2222 2324">
    <p class='ocr_par' dir='ltr' id='par_1_40' title="bbox 563 2249 2222 2324">
     <span class='ocr_line' id='line_1_40' title="bbox 563 2249 2222 2324; baseline 0.005 -21"><span class='ocrx_word' id='word_1_304' title='bbox 563 2249 694 2320; x_wconf 87' lang='lat' dir='ltr'><strong>jure</strong></span> <span class='ocrx_word' id='word_1_305' title='bbox 721 2251 981 2320; x_wconf 86' lang='lat' dir='ltr'><strong>possidet</strong></span> <span class='ocrx_word' id='word_1_306' title='bbox 1007 2268 1020 2317; x_wconf 91' lang='lat'><strong>;</strong></span> <span class='ocrx_word' id='word_1_307' title='bbox 1043 2269 1183 2307; x_wconf 88' lang='lat' dir='ltr'><strong>nam</strong></span> <span class='ocrx_word' id='word_1_308' title='bbox 1206 2253 1389 2324; x_wconf 90' lang='lat' dir='ltr'><strong>illam,</strong></span> <span class='ocrx_word' id='word_1_309' title='bbox 1421 2260 1476 2309; x_wconf 92' lang='lat' dir='ltr'><strong>et</strong></span> <span class='ocrx_word' id='word_1_310' title='bbox 1503 2256 1547 2309; x_wconf 93' lang='lat' dir='ltr'><strong>si</strong></span> <span class='ocrx_word' id='word_1_311' title='bbox 1571 2271 1748 2310; x_wconf 89' lang='lat' dir='ltr'><strong>nemo</strong></span> <span class='ocrx_word' id='word_1_312' title='bbox 1775 2271 1912 2310; x_wconf 89' lang='lat' dir='ltr'><strong>eum</strong></span> <span class='ocrx_word' id='word_1_313' title='bbox 1935 2255 2222 2324; x_wconf 86' lang='lat' dir='ltr'><strong>gloriﬁcet</strong></span> 
     </span>
    </p>
   </div>
   <div class='ocr_carea' id='block_1_41' title="bbox 570 2337 2219 2415">
    <p class='ocr_par' dir='ltr' id='par_1_41' title="bbox 570 2337 2219 2415">
     <span class='ocr_line' id='line_1_41' title="bbox 570 2337 2219 2415; baseline 0.005 -23"><span class='ocrx_word' id='word_1_314' title='bbox 570 2337 808 2409; x_wconf 89' lang='lat' dir='ltr'><strong>plenam</strong></span> <span class='ocrx_word' id='word_1_315' title='bbox 838 2339 1040 2406; x_wconf 86' lang='lat' dir='ltr'><strong>habet,</strong></span> <span class='ocrx_word' id='word_1_316' title='bbox 1076 2341 1180 2396; x_wconf 91' lang='lat' dir='ltr'><strong>sed</strong></span> <span class='ocrx_word' id='word_1_317' title='bbox 1212 2343 1365 2396; x_wconf 90' lang='lat' dir='ltr'><strong>hanc</strong></span> <span class='ocrx_word' id='word_1_318' title='bbox 1395 2343 1555 2408; x_wconf 90' lang='lat' dir='ltr'><strong>dicit,</strong></span> <span class='ocrx_word' id='word_1_319' title='bbox 1588 2360 1723 2415; x_wconf 71' lang='lat' dir='ltr'><strong>quae</strong></span> <span class='ocrx_word' id='word_1_320' title='bbox 1773 2344 1850 2399; x_wconf 87' lang='lat' dir='ltr'><strong>ab</strong></span> <span class='ocrx_word' id='word_1_321' title='bbox 1907 2344 2219 2400; x_wconf 90' lang='lat' dir='ltr'><strong>hominum</strong></span> 
     </span>
    </p>
   </div>
   <div class='ocr_carea' id='block_1_42' title="bbox 570 2427 2220 2502">
    <p class='ocr_par' dir='ltr' id='par_1_42' title="bbox 570 2427 2220 2502">
     <span class='ocr_line' id='line_1_42' title="bbox 570 2427 2220 2502; baseline 0.005 -23"><span class='ocrx_word' id='word_1_322' title='bbox 570 2427 721 2482; x_wconf 88' lang='lat' dir='ltr'><strong>cultu</strong></span> <span class='ocrx_word' id='word_1_323' title='bbox 735 2429 1223 2502; x_wconf 89' lang='lat' dir='ltr'><strong>resultat.Nempe</strong></span> <span class='ocrx_word' id='word_1_324' title='bbox 1237 2431 1350 2487; x_wconf 87' lang='lat' dir='ltr'><strong>tale</strong></span> <span class='ocrx_word' id='word_1_325' title='bbox 1363 2437 1447 2487; x_wconf 90' lang='lat' dir='ltr'><strong>est</strong></span> <span class='ocrx_word' id='word_1_326' title='bbox 1462 2438 1518 2487; x_wconf 91' lang='lat' dir='ltr'><strong>et</strong></span> <span class='ocrx_word' id='word_1_327' title='bbox 1533 2432 1675 2488; x_wconf 92' lang='lat' dir='ltr'><strong>illud</strong></span> <span class='ocrx_word' id='word_1_328' title='bbox 1687 2433 1984 2500; x_wconf 81' lang='lat' dir='ltr'><strong>,Gloriﬁca</strong></span> <span class='ocrx_word' id='word_1_329' title='bbox 1995 2434 2220 2488; x_wconf 79' lang='lat' dir='ltr'><strong>Filium</strong></span> 
     </span>
    </p>
   </div>
   <div class='ocr_carea' id='block_1_43' title="bbox 572 2518 2219 2595">
    <p class='ocr_par' dir='ltr' id='par_1_43' title="bbox 572 2518 2219 2595">
     <span class='ocr_line' id='line_1_43' title="bbox 572 2518 2219 2595; baseline 0.005 -26"><span class='ocrx_word' id='word_1_330' title='bbox 572 2521 760 2570; x_wconf 84' lang='lat' dir='ltr'><strong>tuum.</strong></span> <span class='ocrx_word' id='word_1_331' title='bbox 791 2518 854 2572; x_wconf 90' lang='lat' dir='ltr'><strong>Et</strong></span> <span class='ocrx_word' id='word_1_332' title='bbox 873 2522 937 2572; x_wconf 90' lang='lat' dir='ltr'><strong>ut</strong></span> <span class='ocrx_word' id='word_1_333' title='bbox 957 2518 1111 2574; x_wconf 88' lang='lat' dir='ltr'><strong>scias</strong></span> <span class='ocrx_word' id='word_1_334' title='bbox 1134 2519 1286 2590; x_wconf 93' lang='lat' dir='ltr'><strong>quod</strong></span> <span class='ocrx_word' id='word_1_335' title='bbox 1312 2521 1387 2576; x_wconf 89' lang='lat' dir='ltr'><strong>de</strong></span> <span class='ocrx_word' id='word_1_336' title='bbox 1406 2521 1516 2578; x_wconf 86' lang='lat' dir='ltr'><strong>hac</strong></span> <span class='ocrx_word' id='word_1_337' title='bbox 1538 2521 1726 2592; x_wconf 87' lang='lat' dir='ltr'><strong>gloria</strong></span> <span class='ocrx_word' id='word_1_338' title='bbox 1751 2521 2051 2595; x_wconf 88' lang='lat' dir='ltr'><strong>loquatur,</strong></span> <span class='ocrx_word' id='word_1_339' title='bbox 2083 2521 2219 2578; x_wconf 89' lang='lat' dir='ltr'><strong>sub-</strong></span> 
     </span>
    </p>
   </div>
   <div class='ocr_carea' id='block_1_44' title="bbox 565 2603 807 2674">
    <p class='ocr_par' dir='ltr' id='par_1_44' title="bbox 565 2603 807 2674">
     <span class='ocr_line' id='line_1_44' title="bbox 565 2603 807 2674; baseline 0.008 -16"><span class='ocrx_word' id='word_1_340' title='bbox 565 2603 766 2674; x_wconf 86' lang='lat' dir='ltr'><strong>jungit</strong></span> <span class='ocrx_word' id='word_1_341' title='bbox 794 2622 807 2660; x_wconf 89' lang='lat'><strong>:</strong></span> 
     </span>
    </p>
   </div>
   <div class='ocr_carea' id='block_1_45' title="bbox 2325 1979 3941 2063">
    <p class='ocr_par' dir='ltr' id='par_1_45' title="bbox 2325 1979 3941 2063">
     <span class='ocr_line' id='line_1_45' title="bbox 2325 1979 3941 2063; baseline 0.001 -21"><span class='ocrx_word' id='word_1_342' title='bbox 2325 1999 2396 2060; x_wconf 84' lang='grc' dir='ltr'>τῷ</span> <span class='ocrx_word' id='word_1_343' title='bbox 2438 1990 2636 2063; x_wconf 75' lang='grc' dir='ltr'>οὐρανῷ</span> <span class='ocrx_word' id='word_1_344' title='bbox 2678 1985 3014 2054; x_wconf 83' lang='grc' dir='ltr'>ἐδεδόξαστο,</span> <span class='ocrx_word' id='word_1_345' title='bbox 3061 1990 3110 2039; x_wconf 83' lang='grc' dir='ltr'><strong>ἓν</strong></span> <span class='ocrx_word' id='word_1_346' title='bbox 3169 2005 3224 2040; x_wconf 91' lang='grc' dir='ltr'><strong>τε</strong></span> <span class='ocrx_word' id='word_1_347' title='bbox 3267 1987 3384 2059; x_wconf 88' lang='grc'><strong>(80)</strong></span> <span class='ocrx_word' id='word_1_348' title='bbox 3423 1989 3574 2059; x_wconf 76' lang='grc' dir='ltr'>φύσει</span> <span class='ocrx_word' id='word_1_349' title='bbox 3633 1990 3742 2042; x_wconf 74' lang='grc' dir='ltr'>τὴν</span> <span class='ocrx_word' id='word_1_350' title='bbox 3790 1979 3941 2044; x_wconf 71' lang='grc' dir='ltr'>δόξαν</span> 
     </span>
    </p>
   </div>
   <div class='ocr_carea' id='block_1_46' title="bbox 2327 2068 3937 2151">
    <p class='ocr_par' dir='ltr' id='par_1_46' title="bbox 2327 2068 3937 2151">
     <span class='ocr_line' id='line_1_46' title="bbox 2327 2068 3937 2151; baseline -0.006 -20"><span class='ocrx_word' id='word_1_351' title='bbox 2327 2082 2482 2150; x_wconf 72' lang='grc' dir='ltr'><strong>ἔχων,</strong></span> <span class='ocrx_word' id='word_1_352' title='bbox 2541 2084 2631 2130; x_wconf 86' lang='grc' dir='ltr'>καὶ</span> <span class='ocrx_word' id='word_1_353' title='bbox 2682 2080 2826 2151; x_wconf 86' lang='grc' dir='ltr'>παρὰ</span> <span class='ocrx_word' id='word_1_354' title='bbox 2889 2086 2988 2130; x_wconf 88' lang='grc' dir='ltr'>τῶν</span> <span class='ocrx_word' id='word_1_355' title='bbox 3043 2075 3268 2147; x_wconf 71' lang='grc' dir='ltr'>ἀγγέλων</span> <span class='ocrx_word' id='word_1_356' title='bbox 3319 2077 3806 2146; x_wconf 81' lang='grc' dir='ltr'>προσκυνούμενος.</span> <span class='ocrx_word' id='word_1_357' title='bbox 3869 2068 3937 2122; x_wconf 69' lang='grc' dir='ltr'><strong>Οὐ</strong></span> 
     </span>
    </p>
   </div>
   <div class='ocr_carea' id='block_1_47' title="bbox 2326 2159 3939 2242">
    <p class='ocr_par' dir='ltr' id='par_1_47' title="bbox 2326 2159 3939 2242">
     <span class='ocr_line' id='line_1_47' title="bbox 2326 2159 3939 2242; baseline -0.006 -23"><span class='ocrx_word' id='word_1_358' title='bbox 2326 2173 2494 2220; x_wconf 81' lang='grc' dir='ltr'>τοίνυν</span> <span class='ocrx_word' id='word_1_359' title='bbox 2541 2173 2658 2242; x_wconf 87' lang='grc' dir='ltr'>περὶ</span> <span class='ocrx_word' id='word_1_360' title='bbox 2695 2165 2888 2228; x_wconf 80' lang='grc' dir='ltr'>ἐκείνης</span> <span class='ocrx_word' id='word_1_361' title='bbox 2930 2175 3025 2227; x_wconf 84' lang='grc' dir='ltr'>τῆς</span> <span class='ocrx_word' id='word_1_362' title='bbox 3084 2162 3242 2228; x_wconf 81' lang='grc' dir='ltr'><strong>δόξης</strong></span> <span class='ocrx_word' id='word_1_363' title='bbox 3291 2164 3448 2236; x_wconf 88' lang='grc' dir='ltr'>λέγει,</span> <span class='ocrx_word' id='word_1_364' title='bbox 3512 2171 3604 2223; x_wconf 77' lang='grc' dir='ltr'>τῆς</span> <span class='ocrx_word' id='word_1_365' title='bbox 3672 2169 3742 2233; x_wconf 72' lang='grc' dir='ltr'>τῇ</span> <span class='ocrx_word' id='word_1_366' title='bbox 3791 2159 3939 2228; x_wconf 70' lang='grc' dir='ltr'>οὐσίᾳ</span> 
     </span>
    </p>
   </div>
   <div class='ocr_carea' id='block_1_48' title="bbox 2329 2245 3936 2328">
    <p class='ocr_par' dir='ltr' id='par_1_48' title="bbox 2329 2245 3936 2328">
     <span class='ocr_line' id='line_1_48' title="bbox 2329 2245 3936 2328; baseline -0.006 -20"><span class='ocrx_word' id='word_1_367' title='bbox 2329 2257 2487 2308; x_wconf 78' lang='grc' dir='ltr'>αὑτοῦ</span> <span class='ocrx_word' id='word_1_368' title='bbox 2537 2255 3032 2328; x_wconf 73' lang='grc' dir='ltr'>συγκεκληρωμένης</span> <span class='ocrx_word' id='word_1_369' title='bbox 3065 2274 3077 2286; x_wconf 80' lang='grc'><em>’</em></span> <span class='ocrx_word' id='word_1_370' title='bbox 3122 2253 3316 2311; x_wconf 81' lang='grc' dir='ltr'>ἐκείνην</span> <span class='ocrx_word' id='word_1_371' title='bbox 3372 2256 3495 2327; x_wconf 79' lang='grc' dir='ltr'>γὰρ,</span> <span class='ocrx_word' id='word_1_372' title='bbox 3527 2257 3614 2304; x_wconf 78' lang='grc' dir='ltr'>καὶ</span> <span class='ocrx_word' id='word_1_373' title='bbox 3675 2251 3723 2302; x_wconf 81' lang='grc' dir='ltr'>εἰ</span> <span class='ocrx_word' id='word_1_374' title='bbox 3753 2245 3936 2321; x_wconf 74' lang='grc' dir='ltr'>μηδεὶς</span> 
     </span>
    </p>
   </div>
   <div class='ocr_carea' id='block_1_49' title="bbox 2330 2341 3932 2416">
    <p class='ocr_par' dir='ltr' id='par_1_49' title="bbox 2330 2341 3932 2416">
     <span class='ocr_line' id='line_1_49' title="bbox 2330 2341 3932 2416; baseline -0.007 -18"><span class='ocrx_word' id='word_1_375' title='bbox 2330 2343 2572 2408; x_wconf 79' lang='grc' dir='ltr'>ἐδόξαζεν</span> <span class='ocrx_word' id='word_1_376' title='bbox 2595 2345 2768 2414; x_wconf 73' lang='grc' dir='ltr'>αὐτόν,</span> <span class='ocrx_word' id='word_1_377' title='bbox 2799 2347 2910 2416; x_wconf 82' lang='grc' dir='ltr'>ἔχει</span> <span class='ocrx_word' id='word_1_378' title='bbox 2930 2348 3334 2416; x_wconf 76' lang='grc' dir='ltr'><strong>πεπληρωμένην</strong></span> <span class='ocrx_word' id='word_1_379' title='bbox 3357 2362 3368 2374; x_wconf 92' lang='grc'><strong>·</strong></span> <span class='ocrx_word' id='word_1_380' title='bbox 3396 2341 3523 2394; x_wconf 76' lang='grc' dir='ltr'>ἀλλὰ</span> <span class='ocrx_word' id='word_1_381' title='bbox 3551 2343 3762 2396; x_wconf 75' lang='grc' dir='ltr'>ταύτην</span> <span class='ocrx_word' id='word_1_382' title='bbox 3792 2342 3932 2409; x_wconf 70' lang='grc' dir='ltr'>φησι,</span> 
     </span>
    </p>
   </div>
   <div class='ocr_carea' id='block_1_50' title="bbox 2329 2424 3932 2508">
    <p class='ocr_par' dir='ltr' id='par_1_50' title="bbox 2329 2424 3932 2508">
     <span class='ocr_line' id='line_1_50' title="bbox 2329 2424 3932 2508; baseline -0.007 -22"><span class='ocrx_word' id='word_1_383' title='bbox 2329 2441 2422 2493; x_wconf 77' lang='grc' dir='ltr'>τήν</span> <span class='ocrx_word' id='word_1_384' title='bbox 2448 2435 2549 2487; x_wconf 79' lang='grc' dir='ltr'><strong>ἀπό</strong></span> <span class='ocrx_word' id='word_1_385' title='bbox 2578 2441 2675 2496; x_wconf 89' lang='grc' dir='ltr'>τῆς</span> <span class='ocrx_word' id='word_1_386' title='bbox 2707 2433 2949 2508; x_wconf 76' lang='grc' dir='ltr'><strong>λατρείας</strong></span> <span class='ocrx_word' id='word_1_387' title='bbox 2975 2441 3076 2484; x_wconf 87' lang='grc' dir='ltr'><strong>τῶν</strong></span> <span class='ocrx_word' id='word_1_388' title='bbox 3107 2431 3388 2505; x_wconf 78' lang='grc' dir='ltr'>ἀνθρώπων</span> <span class='ocrx_word' id='word_1_389' title='bbox 3425 2448 3742 2502; x_wconf 78' lang='grc' dir='ltr'>γινομενην.</span> <span class='ocrx_word' id='word_1_390' title='bbox 3795 2426 3818 2500; x_wconf 95' lang='grc'>[</span> <span class='ocrx_word' id='word_1_391' title='bbox 3843 2424 3932 2477; x_wconf 71' lang='grc' dir='ltr'><strong>Οεὶο</strong></span> 
     </span>
    </p>
   </div>
   <div class='ocr_carea' id='block_1_51' title="bbox 2329 2519 3920 2592">
    <p class='ocr_par' dir='ltr' id='par_1_51' title="bbox 2329 2519 3920 2592">
     <span class='ocr_line' id='line_1_51' title="bbox 2329 2519 3920 2592; baseline -0.005 -16"><span class='ocrx_word' id='word_1_392' title='bbox 2329 2532 2451 2576; x_wconf 86' lang='grc' dir='ltr'>κοῦν</span> <span class='ocrx_word' id='word_1_393' title='bbox 2477 2525 2590 2592; x_wconf 83' lang='lat'><strong>(8|)</strong></span> <span class='ocrx_word' id='word_1_394' title='bbox 2620 2529 2848 2575; x_wconf 78' lang='grc' dir='ltr'>τοιοῦτόν</span> <span class='ocrx_word' id='word_1_395' title='bbox 2866 2521 2978 2575; x_wconf 92' lang='grc' dir='ltr'>ἐστι</span> <span class='ocrx_word' id='word_1_396' title='bbox 3003 2526 3093 2574; x_wconf 84' lang='grc' dir='ltr'>καὶ</span> <span class='ocrx_word' id='word_1_397' title='bbox 3120 2526 3178 2573; x_wconf 82' lang='grc' dir='ltr'><strong>τό</strong></span> <span class='ocrx_word' id='word_1_398' title='bbox 3213 2538 3226 2551; x_wconf 75' lang='grc'>⁸</span> <span class='ocrx_word' id='word_1_399' title='bbox 3261 2520 3485 2583; x_wconf 81' lang='grc' dir='ltr'>Δόξασόν</span> <span class='ocrx_word' id='word_1_400' title='bbox 3520 2538 3619 2571; x_wconf 93' lang='grc' dir='ltr'><strong>σου</strong></span> <span class='ocrx_word' id='word_1_401' title='bbox 3652 2522 3750 2570; x_wconf 86' lang='grc' dir='ltr'>τὸν</span> <span class='ocrx_word' id='word_1_402' title='bbox 3786 2519 3920 2569; x_wconf 80' lang='grc' dir='ltr'>Υὶόν.</span> 
     </span>
    </p>
   </div>
   <div class='ocr_carea' id='block_1_52' title="bbox 2333 2602 3927 2686">
    <p class='ocr_par' dir='ltr' id='par_1_52' title="bbox 2333 2602 3927 2686">
     <span class='ocr_line' id='line_1_52' title="bbox 2333 2602 3927 2686; baseline -0.006 -21"><span class='ocrx_word' id='word_1_403' title='bbox 2333 2619 2433 2667; x_wconf 75' lang='grc' dir='ltr'><strong>Καὶ</strong></span> <span class='ocrx_word' id='word_1_404' title='bbox 2456 2615 2538 2664; x_wconf 87' lang='grc' dir='ltr'><strong>ἱνα</strong></span> <span class='ocrx_word' id='word_1_405' title='bbox 2561 2615 2733 2685; x_wconf 78' lang='grc' dir='ltr'>μάθῃς</span> <span class='ocrx_word' id='word_1_406' title='bbox 2776 2613 2857 2664; x_wconf 87' lang='grc' dir='ltr'>ὃτι</span> <span class='ocrx_word' id='word_1_407' title='bbox 2917 2616 3038 2686; x_wconf 84' lang='grc' dir='ltr'>περὶ</span> <span class='ocrx_word' id='word_1_408' title='bbox 3068 2613 3264 2671; x_wconf 75' lang='grc' dir='ltr'>ταύτης</span> <span class='ocrx_word' id='word_1_409' title='bbox 3305 2617 3402 2672; x_wconf 75' lang='grc' dir='ltr'>τῆς</span> <span class='ocrx_word' id='word_1_410' title='bbox 3448 2606 3608 2672; x_wconf 81' lang='grc' dir='ltr'>δόξης</span> <span class='ocrx_word' id='word_1_411' title='bbox 3645 2611 3832 2680; x_wconf 68' lang='grc' dir='ltr'>φησιν,</span> <span class='ocrx_word' id='word_1_412' title='bbox 3855 2602 3927 2654; x_wconf 69' lang='grc' dir='ltr'>ἐπε</span> 
     </span>
    </p>
   </div>
   <div class='ocr_carea' id='block_1_53' title="bbox 2329 2702 3780 2796">
    <p class='ocr_par' dir='ltr' id='par_1_53' title="bbox 2329 2702 3780 2796">
     <span class='ocr_line' id='line_1_53' title="bbox 2329 2702 3780 2796; baseline 0 0"><span class='ocrx_word' id='word_1_413' title='bbox 2329 2702 2565 2796; x_wconf 49' lang='grc' dir='ltr'><strong>ἠνοίγη]</strong></span> <span class='ocrx_word' id='word_1_414' title='bbox 2941 2793 2948 2796; x_wconf 92' lang='lat'>_</span> <span class='ocrx_word' id='word_1_415' title='bbox 3114 2791 3173 2796; x_wconf 32' lang='grc' dir='ltr'><strong>ί,</strong></span> <span class='ocrx_word' id='word_1_416' title='bbox 3299 2792 3308 2796; x_wconf 81' lang='lat'><strong>-</strong></span> 
     </span>
    </p>
   </div>
   <div class='ocr_carea' id='block_1_54' title="bbox 2399 2790 3926 2865">
    <p class='ocr_par' dir='ltr' id='par_1_54' title="bbox 2399 2790 3926 2865">
     <span class='ocr_line' id='line_1_54' title="bbox 2399 2790 3926 2865; baseline -0.008 -21"><span class='ocrx_word' id='word_1_417' title='bbox 2399 2795 2469 2844; x_wconf 88' lang='grc' dir='ltr'><strong>Τὸ</strong></span> <span class='ocrx_word' id='word_1_418' title='bbox 2524 2794 2671 2865; x_wconf 80' lang='grc' dir='ltr'>ἔργον</span> <span class='ocrx_word' id='word_1_419' title='bbox 2710 2820 2778 2830; x_wconf 93' lang='grc'><strong><em>-</em></strong></span> <span class='ocrx_word' id='word_1_420' title='bbox 2829 2793 3056 2848; x_wconf 79' lang='grc' dir='ltr'>ποιήσω.</span> <span class='ocrx_word' id='word_1_421' title='bbox 3111 2791 3182 2842; x_wconf 88' lang='grc' dir='ltr'><strong>Τὸ</strong></span> <span class='ocrx_word' id='word_1_422' title='bbox 3248 2792 3497 2860; x_wconf 75' lang='grc' dir='ltr'>κηρυγμα</span> <span class='ocrx_word' id='word_1_423' title='bbox 3551 2793 3652 2838; x_wconf 83' lang='grc' dir='ltr'>τοῦ</span> <span class='ocrx_word' id='word_1_424' title='bbox 3712 2790 3926 2852; x_wconf 66' lang='lat' dir='ltr'><strong>Etim:-</strong></span> 
     </span>
    </p>
   </div>
   <div class='ocr_carea' id='block_1_55' title="bbox 2331 2865 3921 2952">
    <p class='ocr_par' dir='ltr' id='par_1_55' title="bbox 2331 2865 3921 2952">
     <span class='ocr_line' id='line_1_55' title="bbox 2331 2865 3921 2952; baseline -0.008 -21"><span class='ocrx_word' id='word_1_425' title='bbox 2331 2879 2464 2932; x_wconf 90' lang='grc' dir='ltr'>λίου.</span> <span class='ocrx_word' id='word_1_426' title='bbox 2502 2884 2602 2933; x_wconf 79' lang='grc' dir='ltr'><strong>Καὶ</strong></span> <span class='ocrx_word' id='word_1_427' title='bbox 2649 2884 2751 2951; x_wconf 82' lang='grc' dir='ltr'><strong>μὴν</strong></span> <span class='ocrx_word' id='word_1_428' title='bbox 2802 2877 2976 2952; x_wconf 77' lang='grc' dir='ltr'>ἀρχὴν</span> <span class='ocrx_word' id='word_1_429' title='bbox 3030 2879 3105 2930; x_wconf 72' lang='grc' dir='ltr'><strong>ἔτι</strong></span> <span class='ocrx_word' id='word_1_430' title='bbox 3157 2879 3215 2930; x_wconf 88' lang='grc' dir='ltr'>τὸ</span> <span class='ocrx_word' id='word_1_431' title='bbox 3267 2882 3488 2950; x_wconf 78' lang='grc' dir='ltr'>πρᾶγμα</span> <span class='ocrx_word' id='word_1_432' title='bbox 3534 2871 3675 2946; x_wconf 81' lang='grc' dir='ltr'>εἶχε,</span> <span class='ocrx_word' id='word_1_433' title='bbox 3710 2880 3822 2932; x_wconf 83' lang='grc' dir='ltr'>πῶς</span> <span class='ocrx_word' id='word_1_434' title='bbox 3848 2865 3921 2921; x_wconf 75' lang='grc' dir='ltr'>οὖν</span> 
     </span>
    </p>
   </div>
   <div class='ocr_carea' id='block_1_56' title="bbox 2331 2966 3920 3040">
    <p class='ocr_par' dir='ltr' id='par_1_56' title="bbox 2331 2966 3920 3040">
     <span class='ocr_line' id='line_1_56' title="bbox 2331 2966 3920 3040; baseline -0.009 -18"><span class='ocrx_word' id='word_1_435' title='bbox 2331 2969 2462 3040; x_wconf 82' lang='grc' dir='ltr'>λέγει</span> <span class='ocrx_word' id='word_1_436' title='bbox 2507 2968 2808 3022; x_wconf 82' lang='grc' dir='ltr'>Ἐτελείωσοὶ</span> <span class='ocrx_word' id='word_1_437' title='bbox 2865 2984 2878 3035; x_wconf 88' lang='grc'><strong>;</strong></span> <span class='ocrx_word' id='word_1_438' title='bbox 2937 2966 3057 3019; x_wconf 79' lang='grc' dir='ltr'><strong>Ὀτι</strong></span> <span class='ocrx_word' id='word_1_439' title='bbox 3112 2973 3213 3020; x_wconf 85' lang='grc' dir='ltr'><strong>πᾶν</strong></span> <span class='ocrx_word' id='word_1_440' title='bbox 3273 2969 3331 3018; x_wconf 88' lang='grc' dir='ltr'>τὸ</span> <span class='ocrx_word' id='word_1_441' title='bbox 3407 2968 3592 3018; x_wconf 74' lang='grc' dir='ltr'>ἑαυτοῦ</span> <span class='ocrx_word' id='word_1_442' title='bbox 3654 2966 3920 3017; x_wconf 69' lang='grc' dir='ltr'>πεποίηκέ»</span> 
     </span>
    </p>
   </div>
   <div class='ocr_carea' id='block_1_57' title="bbox 2333 3055 2462 3117">
    <p class='ocr_par' dir='ltr' id='par_1_57' title="bbox 2333 3055 2462 3117">
     <span class='ocr_line' id='line_1_57' title="bbox 2333 3055 2462 3117; baseline -0.039 0"><span class='ocrx_word' id='word_1_443' title='bbox 2333 3055 2462 3117; x_wconf 77' lang='grc' dir='ltr'>ἤδη.</span> 
     </span>
    </p>
   </div>
   <div class='ocr_carea' id='block_1_58' title="bbox 2263 3142 3412 3228">
    <p class='ocr_par' dir='ltr' id='par_1_58' title="bbox 2263 3142 3412 3228">
     <span class='ocr_line' id='line_1_58' title="bbox 2263 3142 3412 3228; baseline -0.001 -28"><span class='ocrx_word' id='word_1_444' title='bbox 2263 3173 2302 3228; x_wconf 79' lang='lat' dir='ltr'>C</span> <span class='ocrx_word' id='word_1_445' title='bbox 2405 3154 2446 3200; x_wconf 81' lang='grc' dir='ltr'>Η</span> <span class='ocrx_word' id='word_1_446' title='bbox 2464 3151 2520 3200; x_wconf 88' lang='grc' dir='ltr'>τό</span> <span class='ocrx_word' id='word_1_447' title='bbox 2543 3145 2780 3218; x_wconf 76' lang='grc' dir='ltr'><strong>ἐσόμενον</strong></span> <span class='ocrx_word' id='word_1_448' title='bbox 2809 3147 2877 3208; x_wconf 86' lang='grc' dir='ltr'>ὡς</span> <span class='ocrx_word' id='word_1_449' title='bbox 2902 3147 3234 3216; x_wconf 81' lang='grc' dir='ltr'>γεγενημένον</span> <span class='ocrx_word' id='word_1_450' title='bbox 3249 3142 3412 3215; x_wconf 81' lang='grc' dir='ltr'>λέγει.</span> 
     </span>
    </p>
   </div>
   <div class='ocr_carea' id='block_1_59' title="bbox 2402 3225 3915 3308">
    <p class='ocr_par' dir='ltr' id='par_1_59' title="bbox 2402 3225 3915 3308">
     <span class='ocr_line' id='line_1_59' title="bbox 2402 3225 3915 3308; baseline -0.008 -19"><span class='ocrx_word' id='word_1_451' title='bbox 2402 3237 2468 3289; x_wconf 82' lang='grc' dir='ltr'><strong>Ἦ</strong></span> <span class='ocrx_word' id='word_1_452' title='bbox 2506 3243 2657 3288; x_wconf 82' lang='grc' dir='ltr'>τοῦτο</span> <span class='ocrx_word' id='word_1_453' title='bbox 2684 3234 2817 3288; x_wconf 83' lang='grc' dir='ltr'>εἶπεν</span> <span class='ocrx_word' id='word_1_454' title='bbox 2844 3237 2914 3296; x_wconf 85' lang='grc' dir='ltr'>ὡς</span> <span class='ocrx_word' id='word_1_455' title='bbox 2941 3239 3035 3292; x_wconf 82' lang='grc' dir='ltr'>τὴν</span> <span class='ocrx_word' id='word_1_456' title='bbox 3064 3234 3218 3308; x_wconf 77' lang='grc' dir='ltr'>ῥίζαν</span> <span class='ocrx_word' id='word_1_457' title='bbox 3243 3241 3342 3286; x_wconf 86' lang='grc' dir='ltr'>τῶν</span> <span class='ocrx_word' id='word_1_458' title='bbox 3374 3231 3580 3302; x_wconf 83' lang='grc' dir='ltr'>ἀγαθῶν</span> <span class='ocrx_word' id='word_1_459' title='bbox 3612 3225 3915 3283; x_wconf 74' lang='grc' dir='ltr'>καταϐαλλό-</span> 
     </span>
    </p>
   </div>
   <div class='ocr_carea' id='block_1_60' title="bbox 2332 3322 3518 3398">
    <p class='ocr_par' dir='ltr' id='par_1_60' title="bbox 2332 3322 3518 3398">
     <span class='ocr_line' id='line_1_60' title="bbox 2332 3322 3518 3398; baseline -0.004 -20"><span class='ocrx_word' id='word_1_460' title='bbox 2332 3345 2499 3398; x_wconf 80' lang='grc' dir='ltr'>μενος,</span> <span class='ocrx_word' id='word_1_461' title='bbox 2523 3329 2640 3386; x_wconf 78' lang='grc' dir='ltr'>ἣτις</span> <span class='ocrx_word' id='word_1_462' title='bbox 2667 3326 2873 3383; x_wconf 78' lang='grc' dir='ltr'>πάντως</span> <span class='ocrx_word' id='word_1_463' title='bbox 2902 3322 3071 3394; x_wconf 80' lang='grc' dir='ltr'>ἔμελλε</span> <span class='ocrx_word' id='word_1_464' title='bbox 3095 3329 3518 3394; x_wconf 77' lang='grc' dir='ltr'>καρποφορῆσαι.</span> 
     </span>
    </p>
   </div>
   <div class='ocr_carea' id='block_1_61' title="bbox 2406 3397 3910 3485">
    <p class='ocr_par' dir='ltr' id='par_1_61' title="bbox 2406 3397 3910 3485">
     <span class='ocr_line' id='line_1_61' title="bbox 2406 3397 3910 3485; baseline -0.006 -20"><span class='ocrx_word' id='word_1_465' title='bbox 2406 3415 2570 3475; x_wconf 69' lang='grc' dir='ltr'>Αὐτός</span> <span class='ocrx_word' id='word_1_466' title='bbox 2595 3409 2682 3466; x_wconf 81' lang='grc' dir='ltr'>οὖν</span> <span class='ocrx_word' id='word_1_467' title='bbox 2707 3417 2794 3464; x_wconf 89' lang='grc' dir='ltr'><strong>τὸν</strong></span> <span class='ocrx_word' id='word_1_468' title='bbox 2827 3416 3032 3485; x_wconf 79' lang='grc' dir='ltr'>Πατέρα</span> <span class='ocrx_word' id='word_1_469' title='bbox 3060 3408 3306 3473; x_wconf 87' lang='grc' dir='ltr'>ἐδόξασεν</span> <span class='ocrx_word' id='word_1_470' title='bbox 3349 3408 3432 3461; x_wconf 84' lang='grc' dir='ltr'><strong>ἐπὶ</strong></span> <span class='ocrx_word' id='word_1_471' title='bbox 3463 3416 3553 3468; x_wconf 79' lang='grc' dir='ltr'>τῆς</span> <span class='ocrx_word' id='word_1_472' title='bbox 3577 3417 3707 3479; x_wconf 74' lang='grc' dir='ltr'>γῆς,</span> <span class='ocrx_word' id='word_1_473' title='bbox 3739 3409 3803 3466; x_wconf 80' lang='grc' dir='ltr'>ὡς</span> <span class='ocrx_word' id='word_1_474' title='bbox 3821 3397 3910 3460; x_wconf 68' lang='grc' dir='ltr'><strong>ἤδη</strong></span> 
     </span>
    </p>
   </div>
   <div class='ocr_carea' id='block_1_62' title="bbox 2331 3491 3911 3575">
    <p class='ocr_par' dir='ltr' id='par_1_62' title="bbox 2331 3491 3911 3575">
     <span class='ocr_line' id='line_1_62' title="bbox 2331 3491 3911 3575; baseline -0.009 -21"><span class='ocrx_word' id='word_1_475' title='bbox 2331 3508 2588 3575; x_wconf 84' lang='grc' dir='ltr'>γνωρίσας</span> <span class='ocrx_word' id='word_1_476' title='bbox 2619 3501 2774 3552; x_wconf 71' lang='grc' dir='ltr'>αὑτὸν</span> <span class='ocrx_word' id='word_1_477' title='bbox 2803 3502 2947 3573; x_wconf 82' lang='grc' dir='ltr'>πάσῃ</span> <span class='ocrx_word' id='word_1_478' title='bbox 2977 3507 3035 3572; x_wconf 78' lang='grc' dir='ltr'>τῇ</span> <span class='ocrx_word' id='word_1_479' title='bbox 3070 3499 3344 3570; x_wconf 75' lang='grc' dir='ltr'><strong>οἰκουμένῃ</strong></span> <span class='ocrx_word' id='word_1_480' title='bbox 3379 3495 3473 3550; x_wconf 81' lang='grc' dir='ltr'><strong>διὰ</strong></span> <span class='ocrx_word' id='word_1_481' title='bbox 3499 3505 3592 3548; x_wconf 72' lang='grc' dir='ltr'>τοῦ</span> <span class='ocrx_word' id='word_1_482' title='bbox 3619 3491 3911 3566; x_wconf 69' lang='grc' dir='ltr'>Εὐαγγελίον</span> 
     </span>
    </p>
   </div>
   <div class='ocr_carea' id='block_1_63' title="bbox 2334 3583 3912 3663">
    <p class='ocr_par' dir='ltr' id='par_1_63' title="bbox 2334 3583 3912 3663">
     <span class='ocr_line' id='line_1_63' title="bbox 2334 3583 3912 3663; baseline -0.008 -20"><span class='ocrx_word' id='word_1_483' title='bbox 2334 3592 2360 3643; x_wconf 87' lang='grc' dir='ltr'>ὁ</span> <span class='ocrx_word' id='word_1_484' title='bbox 2388 3590 2556 3663; x_wconf 82' lang='grc' dir='ltr'>ἔμελλε</span> <span class='ocrx_word' id='word_1_485' title='bbox 2583 3591 2917 3662; x_wconf 77' lang='grc' dir='ltr'>κηρυχθῆναι</span> <span class='ocrx_word' id='word_1_486' title='bbox 2947 3586 2994 3640; x_wconf 90' lang='grc' dir='ltr'><strong>ἐν</strong></span> <span class='ocrx_word' id='word_1_487' title='bbox 3021 3587 3119 3658; x_wconf 86' lang='grc' dir='ltr'>ὅλῳ</span> <span class='ocrx_word' id='word_1_488' title='bbox 3145 3595 3216 3657; x_wconf 77' lang='grc' dir='ltr'>τῷ</span> <span class='ocrx_word' id='word_1_489' title='bbox 3241 3591 3423 3658; x_wconf 81' lang='grc' dir='ltr'>κόσμῳ</span> <span class='ocrx_word' id='word_1_490' title='bbox 3449 3583 3485 3638; x_wconf 91' lang='grc' dir='ltr'><strong>δ</strong></span> <span class='ocrx_word' id='word_1_491' title='bbox 3489 3588 3543 3637; x_wconf 78' lang='grc' dir='ltr'><strong>ιὰ</strong></span> <span class='ocrx_word' id='word_1_492' title='bbox 3576 3594 3682 3637; x_wconf 83' lang='grc' dir='ltr'>τῶν</span> <span class='ocrx_word' id='word_1_493' title='bbox 3716 3584 3912 3635; x_wconf 75' lang='grc' dir='ltr'>ἀποστό-</span> 
     </span>
    </p>
   </div>
   <div class='ocr_carea' id='block_1_64' title="bbox 2333 3674 3914 3753">
    <p class='ocr_par' dir='ltr' id='par_1_64' title="bbox 2333 3674 3914 3753">
     <span class='ocr_line' id='line_1_64' title="bbox 2333 3674 3914 3753; baseline -0.004 -20"><span class='ocrx_word' id='word_1_494' title='bbox 2333 3680 2450 3734; x_wconf 85' lang='grc' dir='ltr'><strong>λων.</strong></span> <span class='ocrx_word' id='word_1_495' title='bbox 2484 3683 2572 3741; x_wconf 73' lang='grc' dir='ltr'>Εἰς</span> <span class='ocrx_word' id='word_1_496' title='bbox 2591 3686 2766 3732; x_wconf 83' lang='grc' dir='ltr'>πᾶσαν</span> <span class='ocrx_word' id='word_1_497' title='bbox 2791 3681 2916 3753; x_wconf 81' lang='grc' dir='ltr'>γάρ,</span> <span class='ocrx_word' id='word_1_498' title='bbox 2970 3683 3124 3749; x_wconf 70' lang='grc' dir='ltr'>φησὶ,</span> <span class='ocrx_word' id='word_1_499' title='bbox 3159 3681 3249 3735; x_wconf 74' lang='grc' dir='ltr'><strong>τὴν</strong></span> <span class='ocrx_word' id='word_1_500' title='bbox 3287 3685 3388 3747; x_wconf 87' lang='grc' dir='ltr'><strong>γῆν</strong></span> <span class='ocrx_word' id='word_1_501' title='bbox 3417 3674 3620 3738; x_wconf 75' lang='grc' dir='ltr'>ἐξῆλθεν</span> <span class='ocrx_word' id='word_1_502' title='bbox 3655 3676 3682 3727; x_wconf 86' lang='grc' dir='ltr'><strong><em>ὁ</em></strong></span> <span class='ocrx_word' id='word_1_503' title='bbox 3713 3675 3914 3745; x_wconf 72' lang='grc' dir='ltr'>φθόγγος</span> 
     </span>
    </p>
   </div>
   <div class='ocr_carea' id='block_1_65' title="bbox 2336 3763 3912 3841">
    <p class='ocr_par' dir='ltr' id='par_1_65' title="bbox 2336 3763 3912 3841">
     <span class='ocr_line' id='line_1_65' title="bbox 2336 3763 3912 3841; baseline -0.004 -20"><span class='ocrx_word' id='word_1_504' title='bbox 2336 3769 2522 3835; x_wconf 73' lang='grc' dir='ltr'>αὐτῶν,</span> <span class='ocrx_word' id='word_1_505' title='bbox 2554 3773 2644 3820; x_wconf 76' lang='grc' dir='ltr'>καὶ</span> <span class='ocrx_word' id='word_1_506' title='bbox 2703 3768 2770 3828; x_wconf 87' lang='grc' dir='ltr'><strong>εἰς</strong></span> <span class='ocrx_word' id='word_1_507' title='bbox 2807 3770 2876 3820; x_wconf 84' lang='grc' dir='ltr'>τὰ</span> <span class='ocrx_word' id='word_1_508' title='bbox 2925 3770 3126 3841; x_wconf 83' lang='grc' dir='ltr'>πέρατα</span> <span class='ocrx_word' id='word_1_509' title='bbox 3163 3773 3253 3826; x_wconf 84' lang='grc' dir='ltr'>τῆς</span> <span class='ocrx_word' id='word_1_510' title='bbox 3279 3766 3580 3836; x_wconf 81' lang='grc' dir='ltr'>οἰκουμένης</span> <span class='ocrx_word' id='word_1_511' title='bbox 3609 3767 3683 3816; x_wconf 81' lang='grc' dir='ltr'>τὰ</span> <span class='ocrx_word' id='word_1_512' title='bbox 3726 3763 3912 3836; x_wconf 70' lang='grc' dir='ltr'><strong>ῥήματα</strong></span> 
     </span>
    </p>
   </div>
   <div class='ocr_carea' id='block_1_66' title="bbox 2337 3845 3910 3922">
    <p class='ocr_par' dir='ltr' id='par_1_66' title="bbox 2337 3845 3910 3922">
     <span class='ocr_line' id='line_1_66' title="bbox 2337 3845 3910 3922; baseline -0.008 -11"><span class='ocrx_word' id='word_1_513' title='bbox 2337 3860 2528 3914; x_wconf 80' lang='grc' dir='ltr'>αὐτῶν.</span> <span class='ocrx_word' id='word_1_514' title='bbox 2587 3853 2842 3919; x_wconf 81' lang='grc' dir='ltr'>Ἐδόξασε</span> <span class='ocrx_word' id='word_1_515' title='bbox 2897 3852 2956 3908; x_wconf 70' lang='grc' dir='ltr'>δὲ</span> <span class='ocrx_word' id='word_1_516' title='bbox 3008 3854 3187 3922; x_wconf 77' lang='grc' dir='ltr'>αὐτόν,</span> <span class='ocrx_word' id='word_1_517' title='bbox 3239 3859 3330 3906; x_wconf 83' lang='grc' dir='ltr'>καὶ</span> <span class='ocrx_word' id='word_1_518' title='bbox 3386 3857 3451 3914; x_wconf 84' lang='grc' dir='ltr'>ὡς</span> <span class='ocrx_word' id='word_1_519' title='bbox 3491 3856 3559 3905; x_wconf 78' lang='grc' dir='ltr'>τὰ</span> <span class='ocrx_word' id='word_1_520' title='bbox 3594 3855 3769 3904; x_wconf 80' lang='grc' dir='ltr'>πάντα</span> <span class='ocrx_word' id='word_1_521' title='bbox 3793 3845 3910 3910; x_wconf 63' lang='grc' dir='ltr'><strong>αύτῷ</strong></span> 
     </span>
    </p>
   </div>
   <div class='ocr_carea' id='block_1_67' title="bbox 2337 3939 3911 4020">
    <p class='ocr_par' dir='ltr' id='par_1_67' title="bbox 2337 3939 3911 4020">
     <span class='ocr_line' id='line_1_67' title="bbox 2337 3939 3911 4020; baseline -0.008 -20"><span class='ocrx_word' id='word_1_522' title='bbox 2337 3947 2762 4020; x_wconf 71' lang='grc' dir='ltr'><strong>ἐπιγραφόμενος,</strong></span> <span class='ocrx_word' id='word_1_523' title='bbox 2837 3949 2926 3997; x_wconf 82' lang='grc' dir='ltr'>καὶ</span> <span class='ocrx_word' id='word_1_524' title='bbox 2990 3946 3086 4004; x_wconf 81' lang='grc' dir='ltr'><strong>τὰς</strong></span> <span class='ocrx_word' id='word_1_525' title='bbox 3154 3939 3525 4008; x_wconf 76' lang='grc' dir='ltr'>διδασκαλίας,</span> <span class='ocrx_word' id='word_1_526' title='bbox 3580 3945 3676 3994; x_wconf 80' lang='grc' dir='ltr'><strong>καὶ</strong></span> <span class='ocrx_word' id='word_1_527' title='bbox 3721 3940 3783 3990; x_wconf 81' lang='grc' dir='ltr'>τὰ</span> <span class='ocrx_word' id='word_1_528' title='bbox 3830 3951 3911 3989; x_wconf 74' lang='grc' dir='ltr'><strong>ση-</strong></span> 
     </span>
    </p>
   </div>
   <div class='ocr_carea' id='block_1_68' title="bbox 641 2781 2224 2854">
    <p class='ocr_par' dir='ltr' id='par_1_68' title="bbox 641 2781 2224 2854">
     <span class='ocr_line' id='line_1_68' title="bbox 641 2781 2224 2854; baseline 0.007 -21"><span class='ocrx_word' id='word_1_529' title='bbox 641 2781 808 2838; x_wconf 90' lang='lat' dir='ltr'><strong>Vers.</strong></span> <span class='ocrx_word' id='word_1_530' title='bbox 840 2785 891 2837; x_wconf 79' lang='grc'><strong>4.</strong></span> <span class='ocrx_word' id='word_1_531' title='bbox 927 2782 1076 2854; x_wconf 83' lang='lat' dir='ltr'><strong>Opus</strong></span> <span class='ocrx_word' id='word_1_532' title='bbox 1101 2815 1168 2824; x_wconf 89' lang='lat'>—</span> <span class='ocrx_word' id='word_1_533' title='bbox 1192 2785 1467 2854; x_wconf 78' lang='lat' dir='ltr'><strong>facerem.</strong></span> <span class='ocrx_word' id='word_1_534' title='bbox 1518 2785 2006 2843; x_wconf 69' lang='lat' dir='ltr'><strong>Prmdicationem</strong></span> <span class='ocrx_word' id='word_1_535' title='bbox 2036 2787 2224 2844; x_wconf 85' lang='lat' dir='ltr'><strong>Evan-</strong></span> 
     </span>
    </p>
   </div>
   <div class='ocr_carea' id='block_1_69' title="bbox 573 2869 2224 2948">
    <p class='ocr_par' dir='ltr' id='par_1_69' title="bbox 573 2869 2224 2948">
     <span class='ocr_line' id='line_1_69' title="bbox 573 2869 2224 2948; baseline 0.005 -25"><span class='ocrx_word' id='word_1_536' title='bbox 573 2869 731 2938; x_wconf 89' lang='lat' dir='ltr'><strong>gelii.</strong></span> <span class='ocrx_word' id='word_1_537' title='bbox 767 2873 941 2942; x_wconf 82' lang='lat' dir='ltr'><strong>Atqui</strong></span> <span class='ocrx_word' id='word_1_538' title='bbox 967 2889 1071 2928; x_wconf 84' lang='lat' dir='ltr'><strong>res</strong></span> <span class='ocrx_word' id='word_1_539' title='bbox 1084 2873 1279 2928; x_wconf 88' lang='lat' dir='ltr'><strong>adhuc</strong></span> <span class='ocrx_word' id='word_1_540' title='bbox 1299 2874 1358 2929; x_wconf 95' lang='lat' dir='ltr'><strong>in</strong></span> <span class='ocrx_word' id='word_1_541' title='bbox 1382 2874 1686 2947; x_wconf 90' lang='lat' dir='ltr'><strong>principiis</strong></span> <span class='ocrx_word' id='word_1_542' title='bbox 1715 2881 1839 2932; x_wconf 89' lang='lat' dir='ltr'><strong>erat</strong></span> <span class='ocrx_word' id='word_1_543' title='bbox 1869 2894 1882 2942; x_wconf 92' lang='lat'><strong>;</strong></span> <span class='ocrx_word' id='word_1_544' title='bbox 1913 2877 2224 2948; x_wconf 91' lang='lat' dir='ltr'><strong>quomodo</strong></span> 
     </span>
    </p>
   </div>
   <div class='ocr_carea' id='block_1_70' title="bbox 572 2959 2226 3036">
    <p class='ocr_par' dir='ltr' id='par_1_70' title="bbox 572 2959 2226 3036">
     <span class='ocr_line' id='line_1_70' title="bbox 572 2959 2226 3036; baseline 0.006 -24"><span class='ocrx_word' id='word_1_545' title='bbox 572 2973 714 3026; x_wconf 86' lang='lat' dir='ltr'><strong>ergo</strong></span> <span class='ocrx_word' id='word_1_546' title='bbox 732 2959 870 3014; x_wconf 91' lang='lat' dir='ltr'><strong>dicit</strong></span> <span class='ocrx_word' id='word_1_547' title='bbox 885 2960 1298 3018; x_wconf 83' lang='lat' dir='ltr'><strong>Consummavi</strong></span> <span class='ocrx_word' id='word_1_548' title='bbox 1312 2965 1338 3018; x_wconf 64' lang='grc' dir='ltr'>Τ</span> <span class='ocrx_word' id='word_1_549' title='bbox 1357 2963 1504 3028; x_wconf 89' lang='lat' dir='ltr'><strong>Quia</strong></span> <span class='ocrx_word' id='word_1_550' title='bbox 1520 2964 1815 3036; x_wconf 90' lang='lat' dir='ltr'><strong>quidquid</strong></span> <span class='ocrx_word' id='word_1_551' title='bbox 1834 2981 2077 3021; x_wconf 88' lang='lat' dir='ltr'><strong>suarum</strong></span> <span class='ocrx_word' id='word_1_552' title='bbox 2099 2971 2226 3022; x_wconf 86' lang='lat' dir='ltr'><strong>erat</strong></span> 
     </span>
    </p>
   </div>
   <div class='ocr_carea' id='block_1_71' title="bbox 572 3047 1402 3122">
    <p class='ocr_par' dir='ltr' id='par_1_71' title="bbox 572 3047 1402 3122">
     <span class='ocr_line' id='line_1_71' title="bbox 572 3047 1402 3122; baseline 0.008 -21"><span class='ocrx_word' id='word_1_553' title='bbox 572 3047 828 3118; x_wconf 90' lang='lat' dir='ltr'><strong>partium</strong></span> <span class='ocrx_word' id='word_1_554' title='bbox 860 3048 981 3120; x_wconf 86' lang='lat' dir='ltr'><strong>jam</strong></span> <span class='ocrx_word' id='word_1_555' title='bbox 1031 3051 1402 3122; x_wconf 86' lang='lat' dir='ltr'><strong>impleverat.</strong></span> 
     </span>
    </p>
   </div>
   <div class='ocr_carea' id='block_1_72' title="bbox 643 3138 1980 3213">
    <p class='ocr_par' dir='ltr' id='par_1_72' title="bbox 643 3138 1980 3213">
     <span class='ocr_line' id='line_1_72' title="bbox 643 3138 1980 3213; baseline 0.004 -22"><span class='ocrx_word' id='word_1_556' title='bbox 643 3140 755 3192; x_wconf 86' lang='lat' dir='ltr'><strong>Aut</strong></span> <span class='ocrx_word' id='word_1_557' title='bbox 780 3138 1041 3194; x_wconf 83' lang='lat' dir='ltr'><strong>futurum</strong></span> <span class='ocrx_word' id='word_1_558' title='bbox 1078 3139 1236 3205; x_wconf 89' lang='lat' dir='ltr'><strong>dicit,</strong></span> <span class='ocrx_word' id='word_1_559' title='bbox 1279 3146 1564 3212; x_wconf 89' lang='lat' dir='ltr'><strong>tanquam</strong></span> <span class='ocrx_word' id='word_1_560' title='bbox 1595 3142 1980 3213; x_wconf 76' lang='lat' dir='ltr'><strong>praeteritum.</strong></span> 
     </span>
    </p>
   </div>
   <div class='ocr_carea' id='block_1_73' title="bbox 647 3224 2222 3302">
    <p class='ocr_par' dir='ltr' id='par_1_73' title="bbox 647 3224 2222 3302">
     <span class='ocr_line' id='line_1_73' title="bbox 647 3224 2222 3302; baseline 0.006 -23"><span class='ocrx_word' id='word_1_561' title='bbox 647 3224 752 3280; x_wconf 88' lang='lat' dir='ltr'><strong>Vel</strong></span> <span class='ocrx_word' id='word_1_562' title='bbox 773 3227 885 3282; x_wconf 92' lang='lat' dir='ltr'><strong>hoc</strong></span> <span class='ocrx_word' id='word_1_563' title='bbox 898 3227 1046 3284; x_wconf 81' lang='lat' dir='ltr'><strong>dixit</strong></span> <span class='ocrx_word' id='word_1_564' title='bbox 1066 3229 1203 3300; x_wconf 88' lang='lat' dir='ltr'><strong>quia</strong></span> <span class='ocrx_word' id='word_1_565' title='bbox 1210 3230 1336 3300; x_wconf 88' lang='lat' dir='ltr'><strong>jam</strong></span> <span class='ocrx_word' id='word_1_566' title='bbox 1357 3230 1618 3286; x_wconf 88' lang='lat' dir='ltr'><strong>radicem</strong></span> <span class='ocrx_word' id='word_1_567' title='bbox 1633 3231 2222 3302; x_wconf 87' lang='lat' dir='ltr'><strong>bodnorumjecerat,</strong></span> 
     </span>
    </p>
   </div>
   <div class='ocr_carea' id='block_1_74' title="bbox 573 3317 1793 3391">
    <p class='ocr_par' dir='ltr' id='par_1_74' title="bbox 573 3317 1793 3391">
     <span class='ocr_line' id='line_1_74' title="bbox 573 3317 1793 3391; baseline 0.005 -22"><span class='ocrx_word' id='word_1_568' title='bbox 573 3331 710 3387; x_wconf 64' lang='lat' dir='ltr'><strong>quae</strong></span> <span class='ocrx_word' id='word_1_569' title='bbox 743 3317 926 3373; x_wconf 90' lang='lat' dir='ltr'><strong>onino</strong></span> <span class='ocrx_word' id='word_1_570' title='bbox 965 3317 1214 3374; x_wconf 88' lang='lat' dir='ltr'><strong>fructum</strong></span> <span class='ocrx_word' id='word_1_571' title='bbox 1247 3324 1372 3376; x_wconf 86' lang='lat' dir='ltr'><strong>erat</strong></span> <span class='ocrx_word' id='word_1_572' title='bbox 1411 3320 1793 3391; x_wconf 88' lang='lat' dir='ltr'><strong>productura.</strong></span> 
     </span>
    </p>
   </div>
   <div class='ocr_carea' id='block_1_75' title="bbox 648 3404 2228 3482">
    <p class='ocr_par' dir='ltr' id='par_1_75' title="bbox 648 3404 2228 3482">
     <span class='ocr_line' id='line_1_75' title="bbox 648 3404 2228 3482; baseline 0.007 -24"><span class='ocrx_word' id='word_1_573' title='bbox 648 3404 781 3474; x_wconf 92' lang='lat' dir='ltr'><strong>Ipse</strong></span> <span class='ocrx_word' id='word_1_574' title='bbox 807 3421 948 3475; x_wconf 90' lang='lat' dir='ltr'><strong>ergo</strong></span> <span class='ocrx_word' id='word_1_575' title='bbox 977 3409 1204 3462; x_wconf 86' lang='lat' dir='ltr'><strong>Patrem</strong></span> <span class='ocrx_word' id='word_1_576' title='bbox 1224 3407 1577 3477; x_wconf 83' lang='lat' dir='ltr'><strong>gloriﬁcavit</strong></span> <span class='ocrx_word' id='word_1_577' title='bbox 1598 3409 1656 3463; x_wconf 90' lang='lat' dir='ltr'><strong>in</strong></span> <span class='ocrx_word' id='word_1_578' title='bbox 1683 3414 1837 3465; x_wconf 86' lang='lat' dir='ltr'><strong>terra</strong></span> <span class='ocrx_word' id='word_1_579' title='bbox 1853 3415 2054 3482; x_wconf 89' lang='lat' dir='ltr'><strong>utpote</strong></span> <span class='ocrx_word' id='word_1_580' title='bbox 2084 3411 2228 3469; x_wconf 86' lang='lat' dir='ltr'><strong>data</strong></span> 
     </span>
    </p>
   </div>
   <div class='ocr_carea' id='block_1_76' title="bbox 568 3492 2222 3569">
    <p class='ocr_par' dir='ltr' id='par_1_76' title="bbox 568 3492 2222 3569">
     <span class='ocr_line' id='line_1_76' title="bbox 568 3492 2222 3569; baseline 0.005 -22"><span class='ocrx_word' id='word_1_581' title='bbox 568 3492 697 3564; x_wconf 91' lang='lat' dir='ltr'><strong>jam</strong></span> <span class='ocrx_word' id='word_1_582' title='bbox 728 3493 802 3549; x_wconf 92' lang='lat' dir='ltr'><strong>de</strong></span> <span class='ocrx_word' id='word_1_583' title='bbox 833 3510 904 3550; x_wconf 94' lang='lat' dir='ltr'><strong>eo</strong></span> <span class='ocrx_word' id='word_1_584' title='bbox 937 3496 1141 3550; x_wconf 88' lang='lat' dir='ltr'><strong>notitia</strong></span> <span class='ocrx_word' id='word_1_585' title='bbox 1174 3497 1450 3552; x_wconf 84' lang='lat' dir='ltr'><strong>universo</strong></span> <span class='ocrx_word' id='word_1_586' title='bbox 1495 3497 1626 3552; x_wconf 89' lang='lat' dir='ltr'><strong>orbi</strong></span> <span class='ocrx_word' id='word_1_587' title='bbox 1674 3513 1780 3569; x_wconf 90' lang='lat' dir='ltr'><strong>per</strong></span> <span class='ocrx_word' id='word_1_588' title='bbox 1838 3499 2222 3568; x_wconf 86' lang='lat' dir='ltr'><strong>Evangelium</strong></span> 
     </span>
    </p>
   </div>
   <div class='ocr_carea' id='block_1_77' title="bbox 572 3581 2227 3659">
    <p class='ocr_par' dir='ltr' id='par_1_77' title="bbox 572 3581 2227 3659">
     <span class='ocr_line' id='line_1_77' title="bbox 572 3581 2227 3659; baseline 0.005 -23"><span class='ocrx_word' id='word_1_589' title='bbox 572 3581 733 3653; x_wconf 92' lang='lat' dir='ltr'><strong>quod</strong></span> <span class='ocrx_word' id='word_1_590' title='bbox 764 3599 870 3654; x_wconf 90' lang='lat' dir='ltr'><strong>per</strong></span> <span class='ocrx_word' id='word_1_591' title='bbox 891 3585 1197 3654; x_wconf 89' lang='lat' dir='ltr'><strong>apostolos</strong></span> <span class='ocrx_word' id='word_1_592' title='bbox 1227 3586 1287 3640; x_wconf 89' lang='lat' dir='ltr'><strong>in</strong></span> <span class='ocrx_word' id='word_1_593' title='bbox 1320 3586 1594 3642; x_wconf 87' lang='lat' dir='ltr'><strong>universo</strong></span> <span class='ocrx_word' id='word_1_594' title='bbox 1635 3587 1864 3643; x_wconf 93' lang='lat' dir='ltr'><strong>mundo</strong></span> <span class='ocrx_word' id='word_1_595' title='bbox 1897 3589 2227 3659; x_wconf 71' lang='lat' dir='ltr'><strong>praedican-</strong></span> 
     </span>
    </p>
   </div>
   <div class='ocr_carea' id='block_1_78' title="bbox 572 3669 2226 3746">
    <p class='ocr_par' dir='ltr' id='par_1_78' title="bbox 572 3669 2226 3746">
     <span class='ocr_line' id='line_1_78' title="bbox 572 3669 2226 3746; baseline 0.006 -22"><span class='ocrx_word' id='word_1_596' title='bbox 572 3669 720 3725; x_wconf 92' lang='lat' dir='ltr'><strong>dum</strong></span> <span class='ocrx_word' id='word_1_597' title='bbox 749 3677 892 3726; x_wconf 90' lang='lat' dir='ltr'><strong>erat.</strong></span> <span class='ocrx_word' id='word_1_598' title='bbox 935 3675 1080 3728; x_wconf 87' lang='lat' dir='ltr'><strong>Nam</strong></span> <span class='ocrx_word' id='word_1_599' title='bbox 1120 3674 1186 3728; x_wconf 86' lang='lat' dir='ltr'><strong>In</strong></span> <span class='ocrx_word' id='word_1_600' title='bbox 1249 3689 1496 3739; x_wconf 85' lang='lat' dir='ltr'><strong>omnem,</strong></span> <span class='ocrx_word' id='word_1_601' title='bbox 1531 3675 1745 3746; x_wconf 90' lang='lat' dir='ltr'><strong>inquit,</strong></span> <span class='ocrx_word' id='word_1_602' title='bbox 1795 3683 2016 3733; x_wconf 82' lang='lat' dir='ltr'><strong>terram</strong></span> <span class='ocrx_word' id='word_1_603' title='bbox 2047 3679 2226 3734; x_wconf 70' lang='lat' dir='ltr'><strong>exivit</strong></span> 
     </span>
    </p>
   </div>
   <div class='ocr_carea' id='block_1_79' title="bbox 573 3763 2225 3830">
    <p class='ocr_par' dir='ltr' id='par_1_79' title="bbox 573 3763 2225 3830">
     <span class='ocr_line' id='line_1_79' title="bbox 573 3763 2225 3830; baseline 0.005 -15"><span class='ocrx_word' id='word_1_604' title='bbox 573 3775 753 3815; x_wconf 80' lang='lat' dir='ltr'><strong>sonus</strong></span> <span class='ocrx_word' id='word_1_605' title='bbox 777 3774 1000 3826; x_wconf 87' lang='lat' dir='ltr'><strong>eorum,</strong></span> <span class='ocrx_word' id='word_1_606' title='bbox 1020 3763 1157 3818; x_wconf 81' lang='lat' dir='ltr'><strong>etin</strong></span> <span class='ocrx_word' id='word_1_607' title='bbox 1172 3764 1320 3830; x_wconf 84' lang='lat' dir='ltr'><strong>ﬁnes</strong></span> <span class='ocrx_word' id='word_1_608' title='bbox 1340 3765 1494 3820; x_wconf 81' lang='lat' dir='ltr'><strong>orbis</strong></span> <span class='ocrx_word' id='word_1_609' title='bbox 1526 3770 1703 3821; x_wconf 61' lang='lat' dir='ltr'><strong>terra</strong></span> <span class='ocrx_word' id='word_1_610' title='bbox 1732 3767 1912 3823; x_wconf 86' lang='lat' dir='ltr'><strong>verba</strong></span> <span class='ocrx_word' id='word_1_611' title='bbox 1933 3783 2131 3824; x_wconf 87' lang='lat' dir='ltr'><strong>eorum</strong></span> <span class='ocrx_word' id='word_1_612' title='bbox 2153 3770 2225 3823; x_wconf 82' lang='grc'><strong>⁷³.</strong></span> 
     </span>
    </p>
   </div>
   <div class='ocr_carea' id='block_1_80' title="bbox 577 3849 2226 3921">
    <p class='ocr_par' dir='ltr' id='par_1_80' title="bbox 577 3849 2226 3921">
     <span class='ocr_line' id='line_1_80' title="bbox 577 3849 2226 3921; baseline 0.005 -20"><span class='ocrx_word' id='word_1_613' title='bbox 577 3849 725 3902; x_wconf 89' lang='lat' dir='ltr'><strong>Eum</strong></span> <span class='ocrx_word' id='word_1_614' title='bbox 747 3864 985 3920; x_wconf 89' lang='lat' dir='ltr'><strong>quoque</strong></span> <span class='ocrx_word' id='word_1_615' title='bbox 1003 3851 1378 3920; x_wconf 73' lang='lat' dir='ltr'><strong>gloriﬁcavnt,</strong></span> <span class='ocrx_word' id='word_1_616' title='bbox 1405 3853 1612 3910; x_wconf 91' lang='lat' dir='ltr'><strong>omnia</strong></span> <span class='ocrx_word' id='word_1_617' title='bbox 1640 3854 1692 3910; x_wconf 89' lang='lat' dir='ltr'><strong>ei</strong></span> <span class='ocrx_word' id='word_1_618' title='bbox 1719 3854 2092 3921; x_wconf 86' lang='lat' dir='ltr'><strong>ascribendo,</strong></span> <span class='ocrx_word' id='word_1_619' title='bbox 2112 3862 2226 3913; x_wconf 88' lang='lat' dir='ltr'><strong>tam</strong></span> 
     </span>
    </p>
   </div>
   <div class='ocr_carea' id='block_1_81' title="bbox 575 3936 1302 4011">
    <p class='ocr_par' dir='ltr' id='par_1_81' title="bbox 575 3936 1302 4011">
     <span class='ocr_line' id='line_1_81' title="bbox 575 3936 1302 4011; baseline 0.004 -19"><span class='ocrx_word' id='word_1_620' title='bbox 575 3936 878 3994; x_wconf 90' lang='lat' dir='ltr'><strong>doctrinas</strong></span> <span class='ocrx_word' id='word_1_621' title='bbox 907 3955 1087 4009; x_wconf 89' lang='lat' dir='ltr'><strong>quam</strong></span> <span class='ocrx_word' id='word_1_622' title='bbox 1113 3941 1302 4011; x_wconf 91' lang='lat' dir='ltr'><strong>signa.</strong></span> 
     </span>
    </p>
   </div>
   <div class='ocr_carea' id='block_1_82' title="bbox 2337 4043 2476 4111">
    <p class='ocr_par' dir='ltr' id='par_1_82' title="bbox 2337 4043 2476 4111">
     <span class='ocr_line' id='line_1_82' title="bbox 2337 4043 2476 4111; baseline 0 -22"><span class='ocrx_word' id='word_1_623' title='bbox 2337 4043 2476 4111; x_wconf 79' lang='grc' dir='ltr'>μεῖα.</span> 
     </span>
    </p>
   </div>
   <div class='ocr_carea' id='block_1_83' title="bbox 2413 4117 3903 4194">
    <p class='ocr_par' dir='ltr' id='par_1_83' title="bbox 2413 4117 3903 4194">
     <span class='ocr_line' id='line_1_83' title="bbox 2413 4117 3903 4194; baseline -0.005 -17"><span class='ocrx_word' id='word_1_624' title='bbox 2413 4129 2514 4177; x_wconf 75' lang='grc' dir='ltr'><strong>Καὶ</strong></span> <span class='ocrx_word' id='word_1_625' title='bbox 2553 4155 2616 4165; x_wconf 92' lang='grc'><strong>-</strong></span> <span class='ocrx_word' id='word_1_626' title='bbox 2679 4127 2782 4176; x_wconf 89' lang='grc' dir='ltr'>σοί.</span> <span class='ocrx_word' id='word_1_627' title='bbox 2841 4124 2979 4194; x_wconf 87' lang='grc' dir='ltr'><strong>Ἐγὼ</strong></span> <span class='ocrx_word' id='word_1_628' title='bbox 3026 4124 3115 4193; x_wconf 72' lang='grc' dir='ltr'><strong>μεν</strong></span> <span class='ocrx_word' id='word_1_629' title='bbox 3168 4117 3400 4183; x_wconf 75' lang='grc' dir='ltr'>ἐδόξασα</span> <span class='ocrx_word' id='word_1_630' title='bbox 3444 4138 3502 4172; x_wconf 92' lang='grc' dir='ltr'><strong>σε</strong></span> <span class='ocrx_word' id='word_1_631' title='bbox 3554 4117 3638 4170; x_wconf 84' lang='grc' dir='ltr'><strong>ἐπὶ</strong></span> <span class='ocrx_word' id='word_1_632' title='bbox 3689 4126 3780 4178; x_wconf 77' lang='grc' dir='ltr'>τῆς</span> <span class='ocrx_word' id='word_1_633' title='bbox 3811 4120 3903 4183; x_wconf 71' lang='grc' dir='ltr'><strong>γῆς,</strong></span> 
     </span>
    </p>
   </div>
   <div class='ocr_carea' id='block_1_84' title="bbox 2339 4205 3901 4284">
    <p class='ocr_par' dir='ltr' id='par_1_84' title="bbox 2339 4205 3901 4284">
     <span class='ocr_line' id='line_1_84' title="bbox 2339 4205 3901 4284; baseline -0.005 -18"><span class='ocrx_word' id='word_1_634' title='bbox 2339 4217 2402 4274; x_wconf 80' lang='grc' dir='ltr'>ὡς</span> <span class='ocrx_word' id='word_1_635' title='bbox 2431 4209 2766 4270; x_wconf 68' lang='grc' dir='ltr'>δεδήλωται*</span> <span class='ocrx_word' id='word_1_636' title='bbox 2801 4215 2866 4263; x_wconf 84' lang='grc' dir='ltr'>σὺ</span> <span class='ocrx_word' id='word_1_637' title='bbox 2926 4207 2984 4263; x_wconf 75' lang='grc' dir='ltr'><strong>δε</strong></span> <span class='ocrx_word' id='word_1_638' title='bbox 3033 4206 3260 4273; x_wconf 78' lang='grc' dir='ltr'>δόξασόν</span> <span class='ocrx_word' id='word_1_639' title='bbox 3318 4227 3382 4282; x_wconf 76' lang='grc' dir='ltr'>με</span> <span class='ocrx_word' id='word_1_640' title='bbox 3431 4211 3576 4284; x_wconf 86' lang='grc' dir='ltr'>παρὰ</span> <span class='ocrx_word' id='word_1_641' title='bbox 3638 4211 3828 4272; x_wconf 83' lang='grc' dir='ltr'>σεαυτῷ</span> <span class='ocrx_word' id='word_1_642' title='bbox 3853 4205 3901 4268; x_wconf 63' lang='grc' dir='ltr'><strong>τῇ</strong></span> 
     </span>
    </p>
   </div>
   <div class='ocr_carea' id='block_1_85' title="bbox 2342 4293 3904 4375">
    <p class='ocr_par' dir='ltr' id='par_1_85' title="bbox 2342 4293 3904 4375">
     <span class='ocr_line' id='line_1_85' title="bbox 2342 4293 3904 4375; baseline -0.005 -21"><span class='ocrx_word' id='word_1_643' title='bbox 2342 4300 2468 4375; x_wconf 82' lang='grc' dir='ltr'>δόξῃ</span> <span class='ocrx_word' id='word_1_644' title='bbox 2501 4309 2591 4361; x_wconf 83' lang='grc' dir='ltr'>τῆς</span> <span class='ocrx_word' id='word_1_645' title='bbox 2623 4303 2879 4365; x_wconf 83' lang='grc' dir='ltr'>θεότητος,</span> <span class='ocrx_word' id='word_1_646' title='bbox 2996 4295 3142 4371; x_wconf 82' lang='grc' dir='ltr'>εἶχον</span> <span class='ocrx_word' id='word_1_647' title='bbox 3192 4300 3293 4371; x_wconf 90' lang='grc' dir='ltr'>πρό</span> <span class='ocrx_word' id='word_1_648' title='bbox 3322 4305 3415 4350; x_wconf 83' lang='grc' dir='ltr'>τοῦ</span> <span class='ocrx_word' id='word_1_649' title='bbox 3451 4301 3676 4370; x_wconf 81' lang='grc' dir='ltr'>κόσμου.</span> <span class='ocrx_word' id='word_1_650' title='bbox 3709 4293 3904 4356; x_wconf 74' lang='grc' dir='ltr'>Δόξασόν</span> 
     </span>
    </p>
   </div>
   <div class='ocr_carea' id='block_1_86' title="bbox 2341 4379 3902 4464">
    <p class='ocr_par' dir='ltr' id='par_1_86' title="bbox 2341 4379 3902 4464">
     <span class='ocr_line' id='line_1_86' title="bbox 2341 4379 3902 4464; baseline -0.01 -20"><span class='ocrx_word' id='word_1_651' title='bbox 2341 4411 2402 4464; x_wconf 81' lang='grc' dir='ltr'><strong>με</strong></span> <span class='ocrx_word' id='word_1_652' title='bbox 2440 4394 2525 4442; x_wconf 90' lang='grc' dir='ltr'>τόν</span> <span class='ocrx_word' id='word_1_653' title='bbox 2554 4392 2822 4462; x_wconf 82' lang='grc' dir='ltr'>ἄνθρωπον</span> <span class='ocrx_word' id='word_1_654' title='bbox 2849 4391 2992 4461; x_wconf 83' lang='grc' dir='ltr'>παρὰ</span> <span class='ocrx_word' id='word_1_655' title='bbox 3051 4395 3274 4457; x_wconf 82' lang='grc' dir='ltr'>σεαυτῷ,</span> <span class='ocrx_word' id='word_1_656' title='bbox 3324 4395 3416 4448; x_wconf 85' lang='grc' dir='ltr'>τῆς</span> <span class='ocrx_word' id='word_1_657' title='bbox 3461 4389 3604 4460; x_wconf 81' lang='grc' dir='ltr'>παρὰ</span> <span class='ocrx_word' id='word_1_658' title='bbox 3658 4390 3742 4438; x_wconf 85' lang='grc' dir='ltr'><strong>σοὶ</strong></span> <span class='ocrx_word' id='word_1_659' title='bbox 3779 4379 3902 4455; x_wconf 81' lang='grc' dir='ltr'>βασι·</span> 
     </span>
    </p>
   </div>
   <div class='ocr_carea' id='block_1_87' title="bbox 2339 4475 3899 4553">
    <p class='ocr_par' dir='ltr' id='par_1_87' title="bbox 2339 4475 3899 4553">
     <span class='ocr_line' id='line_1_87' title="bbox 2339 4475 3899 4553; baseline -0.004 -21"><span class='ocrx_word' id='word_1_660' title='bbox 2339 4481 2489 4542; x_wconf 84' lang='grc' dir='ltr'>λικῆς</span> <span class='ocrx_word' id='word_1_661' title='bbox 2534 4475 2796 4553; x_wconf 79' lang='grc' dir='ltr'>καθέδρας</span> <span class='ocrx_word' id='word_1_662' title='bbox 2827 4476 3076 4540; x_wconf 82' lang='grc' dir='ltr'><strong>ἀξιωσας,</strong></span> <span class='ocrx_word' id='word_1_663' title='bbox 3117 4482 3236 4552; x_wconf 77' lang='grc' dir='ltr'>περὶ</span> <span class='ocrx_word' id='word_1_664' title='bbox 3271 4477 3330 4529; x_wconf 85' lang='grc' dir='ltr'>οὗ</span> <span class='ocrx_word' id='word_1_665' title='bbox 3377 4495 3534 4549; x_wconf 69' lang='grc' dir='ltr'>φησιν</span> <span class='ocrx_word' id='word_1_666' title='bbox 3555 4477 3581 4528; x_wconf 83' lang='grc' dir='ltr'><strong><em>ὁ</em></strong></span> <span class='ocrx_word' id='word_1_667' title='bbox 3614 4478 3866 4547; x_wconf 58' lang='grc' dir='ltr'>Προγήτης</span> <span class='ocrx_word' id='word_1_668' title='bbox 3889 4480 3899 4491; x_wconf 87' lang='grc'><strong>⁹</strong></span> 
     </span>
    </p>
   </div>
   <div class='ocr_carea' id='block_1_88' title="bbox 2344 4559 3897 4642">
    <p class='ocr_par' dir='ltr' id='par_1_88' title="bbox 2344 4559 3897 4642">
     <span class='ocr_line' id='line_1_88' title="bbox 2344 4559 3897 4642; baseline -0.005 -21"><span class='ocrx_word' id='word_1_669' title='bbox 2344 4567 2490 4622; x_wconf 84' lang='grc' dir='ltr'>Εἶπεν</span> <span class='ocrx_word' id='word_1_670' title='bbox 2522 4570 2546 4619; x_wconf 90' lang='grc' dir='ltr'>ό</span> <span class='ocrx_word' id='word_1_671' title='bbox 2581 4571 2765 4642; x_wconf 80' lang='grc' dir='ltr'>Κύριος</span> <span class='ocrx_word' id='word_1_672' title='bbox 2820 4574 2892 4636; x_wconf 82' lang='grc' dir='ltr'>τῷ</span> <span class='ocrx_word' id='word_1_673' title='bbox 2952 4571 3126 4640; x_wconf 77' lang='grc' dir='ltr'>Κυρίῳ</span> <span class='ocrx_word' id='word_1_674' title='bbox 3181 4585 3304 4637; x_wconf 78' lang='grc' dir='ltr'>μου,</span> <span class='ocrx_word' id='word_1_675' title='bbox 3354 4569 3618 4618; x_wconf 74' lang='grc' dir='ltr'>τουτέστιν</span> <span class='ocrx_word' id='word_1_676' title='bbox 3673 4566 3701 4615; x_wconf 87' lang='grc' dir='ltr'><em>ὁ</em></span> <span class='ocrx_word' id='word_1_677' title='bbox 3756 4559 3897 4625; x_wconf 66' lang='grc' dir='ltr'>Πατήρ</span> 
     </span>
    </p>
   </div>
   <div class='ocr_carea' id='block_1_89' title="bbox 2341 4645 3895 4727">
    <p class='ocr_par' dir='ltr' id='par_1_89' title="bbox 2341 4645 3895 4727">
     <span class='ocr_line' id='line_1_89' title="bbox 2341 4645 3895 4727; baseline -0.002 -18"><span class='ocrx_word' id='word_1_678' title='bbox 2341 4665 2412 4727; x_wconf 82' lang='grc' dir='ltr'>τῷ</span> <span class='ocrx_word' id='word_1_679' title='bbox 2443 4660 2567 4727; x_wconf 81' lang='grc' dir='ltr'><strong>Υἱῷ,</strong></span> <span class='ocrx_word' id='word_1_680' title='bbox 2622 4657 2797 4708; x_wconf 82' lang='grc' dir='ltr'>Κάθου</span> <span class='ocrx_word' id='word_1_681' title='bbox 2842 4653 2897 4706; x_wconf 82' lang='grc' dir='ltr'>ἐκ</span> <span class='ocrx_word' id='word_1_682' title='bbox 2945 4651 3127 4717; x_wconf 83' lang='grc' dir='ltr'>δεξιῶν</span> <span class='ocrx_word' id='word_1_683' title='bbox 3173 4673 3272 4726; x_wconf 83' lang='grc' dir='ltr'>μου</span> <span class='ocrx_word' id='word_1_684' title='bbox 3298 4671 3312 4683; x_wconf 78' lang='grc'><strong><em>⁸</em></strong></span> <span class='ocrx_word' id='word_1_685' title='bbox 3339 4649 3562 4716; x_wconf 87' lang='grc' dir='ltr'>δόξασόν</span> <span class='ocrx_word' id='word_1_686' title='bbox 3584 4672 3647 4724; x_wconf 85' lang='grc' dir='ltr'>με</span> <span class='ocrx_word' id='word_1_687' title='bbox 3689 4659 3747 4722; x_wconf 75' lang='grc' dir='ltr'><strong>τῇ</strong></span> <span class='ocrx_word' id='word_1_688' title='bbox 3780 4645 3895 4714; x_wconf 68' lang='grc' dir='ltr'>δόξῖδς</span> 
     </span>
    </p>
   </div>
   <div class='ocr_carea' id='block_1_90' title="bbox 2342 4731 3894 4819">
    <p class='ocr_par' dir='ltr' id='par_1_90' title="bbox 2342 4731 3894 4819">
     <span class='ocr_line' id='line_1_90' title="bbox 2342 4731 3894 4819; baseline -0.006 -21"><span class='ocrx_word' id='word_1_689' title='bbox 2342 4747 2542 4819; x_wconf 74' lang='grc' dir='ltr'>ᾖεῖχον</span> <span class='ocrx_word' id='word_1_690' title='bbox 2587 4747 2656 4806; x_wconf 85' lang='grc' dir='ltr'>ὡς</span> <span class='ocrx_word' id='word_1_691' title='bbox 2715 4747 2865 4808; x_wconf 86' lang='grc' dir='ltr'>Θεὸς,</span> <span class='ocrx_word' id='word_1_692' title='bbox 2919 4746 3019 4818; x_wconf 88' lang='grc' dir='ltr'>πρὸ</span> <span class='ocrx_word' id='word_1_693' title='bbox 3071 4751 3162 4795; x_wconf 84' lang='grc' dir='ltr'>τοῦ</span> <span class='ocrx_word' id='word_1_694' title='bbox 3199 4746 3286 4795; x_wconf 89' lang='grc' dir='ltr'><strong>τὸν</strong></span> <span class='ocrx_word' id='word_1_695' title='bbox 3342 4747 3540 4814; x_wconf 86' lang='grc' dir='ltr'>κόσμον</span> <span class='ocrx_word' id='word_1_696' title='bbox 3596 4739 3746 4807; x_wconf 80' lang='grc' dir='ltr'>εἶναι,</span> <span class='ocrx_word' id='word_1_697' title='bbox 3790 4731 3894 4800; x_wconf 75' lang='grc' dir='ltr'><strong>ποιρά</strong></span> 
     </span>
    </p>
   </div>
   <div class='ocr_carea' id='block_1_91' title="bbox 652 4115 2228 4194">
    <p class='ocr_par' dir='ltr' id='par_1_91' title="bbox 652 4115 2228 4194">
     <span class='ocr_line' id='line_1_91' title="bbox 652 4115 2228 4194; baseline 0.006 -26"><span class='ocrx_word' id='word_1_698' title='bbox 652 4115 818 4170; x_wconf 87' lang='lat' dir='ltr'><strong>Vers.</strong></span> <span class='ocrx_word' id='word_1_699' title='bbox 849 4117 904 4172; x_wconf 85' lang='lat'><strong>5.</strong></span> <span class='ocrx_word' id='word_1_700' title='bbox 936 4117 1012 4173; x_wconf 79' lang='lat' dir='ltr'><strong>Et</strong></span> <span class='ocrx_word' id='word_1_701' title='bbox 1038 4149 1105 4158; x_wconf 98' lang='lat'><em>—</em></span> <span class='ocrx_word' id='word_1_702' title='bbox 1137 4125 1210 4175; x_wconf 82' lang='lat' dir='ltr'><strong>te.</strong></span> <span class='ocrx_word' id='word_1_703' title='bbox 1242 4121 1361 4192; x_wconf 83' lang='lat' dir='ltr'><strong>Ego</strong></span> <span class='ocrx_word' id='word_1_704' title='bbox 1391 4120 1634 4192; x_wconf 91' lang='lat' dir='ltr'><strong>quidem</strong></span> <span class='ocrx_word' id='word_1_705' title='bbox 1671 4121 2016 4194; x_wconf 83' lang='lat' dir='ltr'><strong>gloriﬁcavit</strong></span> <span class='ocrx_word' id='word_1_706' title='bbox 2063 4127 2118 4179; x_wconf 90' lang='lat' dir='ltr'><strong>te</strong></span> <span class='ocrx_word' id='word_1_707' title='bbox 2166 4123 2228 4178; x_wconf 91' lang='lat' dir='ltr'><strong>in</strong></span> 
     </span>
    </p>
   </div>
   <div class='ocr_carea' id='block_1_92' title="bbox 582 4205 2232 4281">
    <p class='ocr_par' dir='ltr' id='par_1_92' title="bbox 582 4205 2232 4281">
     <span class='ocr_line' id='line_1_92' title="bbox 582 4205 2232 4281; baseline 0.005 -23"><span class='ocrx_word' id='word_1_708' title='bbox 582 4207 758 4266; x_wconf 90' lang='lat' dir='ltr'><strong>terra,</strong></span> <span class='ocrx_word' id='word_1_709' title='bbox 788 4209 849 4259; x_wconf 92' lang='lat' dir='ltr'><strong>ut</strong></span> <span class='ocrx_word' id='word_1_710' title='bbox 875 4205 1271 4274; x_wconf 84' lang='lat' dir='ltr'><strong>signiﬁcatum</strong></span> <span class='ocrx_word' id='word_1_711' title='bbox 1297 4215 1426 4265; x_wconf 87' lang='lat' dir='ltr'><strong>est:</strong></span> <span class='ocrx_word' id='word_1_712' title='bbox 1475 4227 1611 4265; x_wconf 85' lang='lat' dir='ltr'><strong>vero</strong></span> <span class='ocrx_word' id='word_1_713' title='bbox 1655 4210 1914 4281; x_wconf 84' lang='lat' dir='ltr'><strong>gloriﬁca</strong></span> <span class='ocrx_word' id='word_1_714' title='bbox 1958 4227 2053 4267; x_wconf 88' lang='lat' dir='ltr'><strong>me</strong></span> <span class='ocrx_word' id='word_1_715' title='bbox 2102 4212 2232 4281; x_wconf 89' lang='lat' dir='ltr'><strong>glo-</strong></span> 
     </span>
    </p>
   </div>
   <div class='ocr_carea' id='block_1_93' title="bbox 581 4290 2228 4366">
    <p class='ocr_par' dir='ltr' id='par_1_93' title="bbox 581 4290 2228 4366">
     <span class='ocr_line' id='line_1_93' title="bbox 581 4290 2228 4366; baseline 0.005 -20"><span class='ocrx_word' id='word_1_716' title='bbox 581 4291 669 4347; x_wconf 89' lang='lat' dir='ltr'><strong>ria</strong></span> <span class='ocrx_word' id='word_1_717' title='bbox 689 4290 1034 4364; x_wconf 88' lang='lat' dir='ltr'><strong>divinitatis,</strong></span> <span class='ocrx_word' id='word_1_718' title='bbox 1059 4311 1245 4366; x_wconf 89' lang='lat' dir='ltr'><strong>quam</strong></span> <span class='ocrx_word' id='word_1_719' title='bbox 1266 4295 1453 4352; x_wconf 90' lang='lat' dir='ltr'><strong>habui</strong></span> <span class='ocrx_word' id='word_1_720' title='bbox 1475 4305 1609 4353; x_wconf 90' lang='lat' dir='ltr'><strong>ante</strong></span> <span class='ocrx_word' id='word_1_721' title='bbox 1636 4299 1844 4353; x_wconf 91' lang='lat' dir='ltr'><strong>mundi</strong></span> <span class='ocrx_word' id='word_1_722' title='bbox 1867 4299 2228 4356; x_wconf 90' lang='lat' dir='ltr'><strong>constitutio-</strong></span> 
     </span>
    </p>
   </div>
   <div class='ocr_carea' id='block_1_94' title="bbox 581 4379 2230 4459">
    <p class='ocr_par' dir='ltr' id='par_1_94' title="bbox 581 4379 2230 4459">
     <span class='ocr_line' id='line_1_94' title="bbox 581 4379 2230 4459; baseline 0.005 -24"><span class='ocrx_word' id='word_1_723' title='bbox 581 4393 740 4435; x_wconf 91' lang='lat' dir='ltr'><strong>nem.</strong></span> <span class='ocrx_word' id='word_1_724' title='bbox 769 4379 1044 4438; x_wconf 89' lang='lat' dir='ltr'><strong>Gloriﬁca</strong></span> <span class='ocrx_word' id='word_1_725' title='bbox 1073 4399 1168 4438; x_wconf 90' lang='lat' dir='ltr'><strong>me</strong></span> <span class='ocrx_word' id='word_1_726' title='bbox 1200 4383 1496 4441; x_wconf 84' lang='lat' dir='ltr'><strong>hominem</strong></span> <span class='ocrx_word' id='word_1_727' title='bbox 1528 4388 1690 4458; x_wconf 91' lang='lat' dir='ltr'><strong>apud</strong></span> <span class='ocrx_word' id='word_1_728' title='bbox 1720 4386 1996 4457; x_wconf 86' lang='lat' dir='ltr'><strong>teipsum,</strong></span> <span class='ocrx_word' id='word_1_729' title='bbox 2047 4388 2230 4459; x_wconf 90' lang='lat' dir='ltr'><strong>regali</strong></span> 
     </span>
    </p>
   </div>
   <div class='ocr_carea' id='block_1_95' title="bbox 581 4467 2228 4548">
    <p class='ocr_par' dir='ltr' id='par_1_95' title="bbox 581 4467 2228 4548">
     <span class='ocr_line' id='line_1_95' title="bbox 581 4467 2228 4548; baseline 0.006 -26"><span class='ocrx_word' id='word_1_730' title='bbox 581 4467 731 4524; x_wconf 89' lang='lat' dir='ltr'><strong>solio</strong></span> <span class='ocrx_word' id='word_1_731' title='bbox 746 4468 995 4541; x_wconf 88' lang='lat' dir='ltr'><strong>dignum</strong></span> <span class='ocrx_word' id='word_1_732' title='bbox 1021 4472 1183 4542; x_wconf 91' lang='lat' dir='ltr'><strong>apud</strong></span> <span class='ocrx_word' id='word_1_733' title='bbox 1199 4478 1250 4528; x_wconf 91' lang='lat' dir='ltr'><strong>te</strong></span> <span class='ocrx_word' id='word_1_734' title='bbox 1259 4473 1536 4544; x_wconf 90' lang='lat' dir='ltr'><strong>judicans</strong></span> <span class='ocrx_word' id='word_1_735' title='bbox 1567 4475 1663 4540; x_wconf 87' lang='lat' dir='ltr'><strong>;de</strong></span> <span class='ocrx_word' id='word_1_736' title='bbox 1675 4491 1795 4546; x_wconf 90' lang='lat' dir='ltr'><strong>quo</strong></span> <span class='ocrx_word' id='word_1_737' title='bbox 1808 4476 2192 4548; x_wconf 88' lang='lat' dir='ltr'><strong>aitPropheta</strong></span> <span class='ocrx_word' id='word_1_738' title='bbox 2214 4493 2228 4533; x_wconf 92' lang='lat'><strong>:</strong></span> 
     </span>
    </p>
   </div>
   <div class='ocr_carea' id='block_1_96' title="bbox 579 4559 2234 4636">
    <p class='ocr_par' dir='ltr' id='par_1_96' title="bbox 579 4559 2234 4636">
     <span class='ocr_line' id='line_1_96' title="bbox 579 4559 2234 4636; baseline 0.006 -22"><span class='ocrx_word' id='word_1_739' title='bbox 579 4559 747 4614; x_wconf 72' lang='lat' dir='ltr'><strong>Dixit</strong></span> <span class='ocrx_word' id='word_1_740' title='bbox 760 4560 1044 4616; x_wconf 82' lang='lat' dir='ltr'><strong>Dominus</strong></span> <span class='ocrx_word' id='word_1_741' title='bbox 1058 4561 1293 4618; x_wconf 86' lang='lat' dir='ltr'><strong>Domino</strong></span> <span class='ocrx_word' id='word_1_742' title='bbox 1306 4579 1450 4630; x_wconf 88' lang='lat' dir='ltr'><strong>meo,</strong></span> <span class='ocrx_word' id='word_1_743' title='bbox 1466 4565 1578 4620; x_wconf 93' lang='lat' dir='ltr'><strong>hoc</strong></span> <span class='ocrx_word' id='word_1_744' title='bbox 1597 4569 1706 4631; x_wconf 90' lang='lat' dir='ltr'><strong>est,</strong></span> <span class='ocrx_word' id='word_1_745' title='bbox 1727 4567 1893 4620; x_wconf 89' lang='lat' dir='ltr'><strong>Pater</strong></span> <span class='ocrx_word' id='word_1_746' title='bbox 1907 4564 2067 4636; x_wconf 66' lang='lat' dir='ltr'><strong>Filio,</strong></span> <span class='ocrx_word' id='word_1_747' title='bbox 2083 4567 2234 4624; x_wconf 86' lang='lat' dir='ltr'><strong>Sede</strong></span> 
     </span>
    </p>
   </div>
   <div class='ocr_carea' id='block_1_97' title="bbox 579 4648 2233 4726">
    <p class='ocr_par' dir='ltr' id='par_1_97' title="bbox 579 4648 2233 4726">
     <span class='ocr_line' id='line_1_97' title="bbox 579 4648 2233 4726; baseline 0.007 -24"><span class='ocrx_word' id='word_1_748' title='bbox 579 4648 857 4705; x_wconf 75' lang='lat' dir='ltr'><strong>adexm&#39;s</strong></span> <span class='ocrx_word' id='word_1_749' title='bbox 873 4651 1014 4706; x_wconf 83' lang='lat' dir='ltr'><strong>meis</strong></span> <span class='ocrx_word' id='word_1_750' title='bbox 1035 4651 1104 4704; x_wconf 80' lang='grc'><strong>³⁸.</strong></span> <span class='ocrx_word' id='word_1_751' title='bbox 1126 4651 1394 4709; x_wconf 84' lang='lat' dir='ltr'><strong>Gloriﬁca</strong></span> <span class='ocrx_word' id='word_1_752' title='bbox 1425 4671 1516 4710; x_wconf 91' lang='lat' dir='ltr'><strong>me</strong></span> <span class='ocrx_word' id='word_1_753' title='bbox 1546 4654 1734 4723; x_wconf 88' lang='lat' dir='ltr'><strong>gloria</strong></span> <span class='ocrx_word' id='word_1_754' title='bbox 1751 4670 1935 4726; x_wconf 91' lang='lat' dir='ltr'><strong>quam</strong></span> <span class='ocrx_word' id='word_1_755' title='bbox 1959 4655 2146 4712; x_wconf 87' lang='lat' dir='ltr'><strong>habui</strong></span> <span class='ocrx_word' id='word_1_756' title='bbox 2169 4661 2233 4713; x_wconf 89' lang='lat' dir='ltr'><strong>ut</strong></span> 
     </span>
    </p>
   </div>
   <div class='ocr_carea' id='block_1_98' title="bbox 582 4738 2230 4815">
    <p class='ocr_par' dir='ltr' id='par_1_98' title="bbox 582 4738 2230 4815">
     <span class='ocr_line' id='line_1_98' title="bbox 582 4738 2230 4815; baseline 0.007 -24"><span class='ocrx_word' id='word_1_757' title='bbox 582 4738 761 4802; x_wconf 91' lang='lat' dir='ltr'><strong>Deus,</strong></span> <span class='ocrx_word' id='word_1_758' title='bbox 794 4739 1140 4810; x_wconf 89' lang='lat' dir='ltr'><strong>priusquam</strong></span> <span class='ocrx_word' id='word_1_759' title='bbox 1179 4741 1275 4796; x_wconf 90' lang='lat' dir='ltr'><strong>hic</strong></span> <span class='ocrx_word' id='word_1_760' title='bbox 1309 4744 1572 4799; x_wconf 90' lang='lat' dir='ltr'><strong>mundus</strong></span> <span class='ocrx_word' id='word_1_761' title='bbox 1626 4749 1798 4810; x_wconf 88' lang='lat' dir='ltr'><strong>esset,</strong></span> <span class='ocrx_word' id='word_1_762' title='bbox 1842 4745 2003 4815; x_wconf 88' lang='lat' dir='ltr'><strong>apud</strong></span> <span class='ocrx_word' id='word_1_763' title='bbox 2066 4751 2230 4802; x_wconf 90' lang='lat' dir='ltr'><strong>tuam</strong></span> 
     </span>
    </p>
   </div>
   <div class='ocr_carea' id='block_1_99' title="bbox 655 4935 2219 5012">
    <p class='ocr_par' dir='ltr' id='par_1_99' title="bbox 655 4943 2168 5012">
     <span class='ocr_line' id='line_1_99' title="bbox 655 4943 2168 5012; baseline 0.003 -15"><span class='ocrx_word' id='word_1_764' title='bbox 655 4943 698 4976; x_wconf 79' lang='lat'>&quot;</span> <span class='ocrx_word' id='word_1_765' title='bbox 740 4944 860 5008; x_wconf 83' lang='lat' dir='ltr'><strong>Jac,</strong></span> <span class='ocrx_word' id='word_1_766' title='bbox 893 4959 948 5010; x_wconf 80' lang='grc' dir='ltr'><strong>ιι,</strong></span> <span class='ocrx_word' id='word_1_767' title='bbox 981 4943 1070 5000; x_wconf 86' lang='grc'><strong>20.</strong></span> <span class='ocrx_word' id='word_1_768' title='bbox 1099 4947 1145 4981; x_wconf 81' lang='grc'><strong>³⁸</strong></span> <span class='ocrx_word' id='word_1_769' title='bbox 1171 4948 1339 5002; x_wconf 88' lang='lat' dir='ltr'><strong>Joan.</strong></span> <span class='ocrx_word' id='word_1_770' title='bbox 1381 4963 1497 5012; x_wconf 71' lang='lat' dir='ltr'><strong>11v,</strong></span> <span class='ocrx_word' id='word_1_771' title='bbox 1551 4951 1601 5002; x_wconf 90' lang='lat'><strong>6.</strong></span> <span class='ocrx_word' id='word_1_772' title='bbox 1737 4948 1956 5004; x_wconf 78' lang='lat' dir='ltr'><strong>“Joan.</strong></span> <span class='ocrx_word' id='word_1_773' title='bbox 1990 4962 2042 5012; x_wconf 85' lang='lat' dir='ltr'><strong>x,</strong></span> <span class='ocrx_word' id='word_1_774' title='bbox 2082 4951 2168 5005; x_wconf 87' lang='lat'><strong>30.</strong></span> 
     </span>
    </p>
   </div>
   <div class='ocr_carea' id='block_1_100' title="bbox 2314 4935 3898 5012">
    <p class='ocr_par' dir='ltr' id='par_1_100' title="bbox 2314 4935 3898 5012">
     <span class='ocr_line' id='line_1_100' title="bbox 2314 4935 3898 5012; baseline -0.008 -8"><span class='ocrx_word' id='word_1_775' title='bbox 2314 4951 2338 4984; x_wconf 61' lang='grc' dir='ltr'><strong>ιτ</strong></span> <span class='ocrx_word' id='word_1_776' title='bbox 2383 4948 2544 5009; x_wconf 88' lang='lat' dir='ltr'><strong>Psal.</strong></span> <span class='ocrx_word' id='word_1_777' title='bbox 2601 4965 2760 5012; x_wconf 80' lang='lat' dir='ltr'><strong>xvul,</strong></span> <span class='ocrx_word' id='word_1_778' title='bbox 2794 4953 2824 5005; x_wconf 82' lang='lat'><strong>5</strong></span> <span class='ocrx_word' id='word_1_779' title='bbox 2859 4963 2874 5012; x_wconf 90' lang='lat'><strong>;</strong></span> <span class='ocrx_word' id='word_1_780' title='bbox 2918 4949 3085 5006; x_wconf 81' lang='lat' dir='ltr'><strong>Rom.</strong></span> <span class='ocrx_word' id='word_1_781' title='bbox 3116 4964 3170 5012; x_wconf 76' lang='grc' dir='ltr'><strong>ι,</strong></span> <span class='ocrx_word' id='word_1_782' title='bbox 3237 4950 3317 5004; x_wconf 81' lang='grc'><strong>18.</strong></span> <span class='ocrx_word' id='word_1_783' title='bbox 3479 4945 3548 5001; x_wconf 91' lang='grc'><strong>38</strong></span> <span class='ocrx_word' id='word_1_784' title='bbox 3588 4935 3898 5000; x_wconf 72' lang='lat' dir='ltr'><strong>Psal.m,t-</strong></span> 
     </span>
    </p>
   </div>
   <div class='ocr_carea' id='block_1_101' title="bbox 1737 4948 3317 5017">
    <p class='ocr_par' dir='ltr' id='par_1_101' title="bbox 1737 4948 3317 5017">
     <span class='ocr_line' id='line_1_101' title="bbox 1737 4948 3317 5017; baseline 0.001 -14"><span class='ocrx_word' id='word_1_785' title='bbox 1737 4948 1956 5004; x_wconf 79' lang='lat' dir='ltr'><strong>“Joan.</strong></span> <span class='ocrx_word' id='word_1_786' title='bbox 1990 4962 2042 5016; x_wconf 85' lang='lat' dir='ltr'><strong>x,</strong></span> <span class='ocrx_word' id='word_1_787' title='bbox 2082 4951 2168 5005; x_wconf 87' lang='lat'><strong>30.</strong></span> <span class='ocrx_word' id='word_1_788' title='bbox 2297 4951 2338 4985; x_wconf 80' lang='grc'><strong>³⁷</strong></span> <span class='ocrx_word' id='word_1_789' title='bbox 2383 4948 2544 5009; x_wconf 87' lang='lat' dir='ltr'><strong>Psal.</strong></span> <span class='ocrx_word' id='word_1_790' title='bbox 2601 4965 2760 5017; x_wconf 82' lang='lat' dir='ltr'><strong>xvm,</strong></span> <span class='ocrx_word' id='word_1_791' title='bbox 2794 4953 2824 5005; x_wconf 83' lang='lat'><strong>5</strong></span> <span class='ocrx_word' id='word_1_792' title='bbox 2859 4963 2874 5016; x_wconf 90' lang='lat'><strong>;</strong></span> <span class='ocrx_word' id='word_1_793' title='bbox 2918 4949 3085 5006; x_wconf 81' lang='lat' dir='ltr'><strong>Rom.</strong></span> <span class='ocrx_word' id='word_1_794' title='bbox 3116 4964 3170 5014; x_wconf 76' lang='grc' dir='ltr'><strong>ι,</strong></span> <span class='ocrx_word' id='word_1_795' title='bbox 3237 4950 3317 5004; x_wconf 83' lang='grc'><strong>18.</strong></span> 
     </span>
    </p>
   </div>
   <div class='ocr_carea' id='block_1_102' title="bbox 1834 5151 2768 5222">
    <p class='ocr_par' dir='ltr' id='par_1_102' title="bbox 1834 5151 2768 5222">
     <span class='ocr_line' id='line_1_102' title="bbox 1834 5151 2768 5222; baseline 0.002 -4"><span class='ocrx_word' id='word_1_796' title='bbox 1834 5151 2050 5221; x_wconf 58' lang='lat' dir='ltr'><strong>Varia;</strong></span> <span class='ocrx_word' id='word_1_797' title='bbox 2087 5151 2418 5222; x_wconf 88' lang='lat' dir='ltr'><strong>lectiones</strong></span> <span class='ocrx_word' id='word_1_798' title='bbox 2459 5161 2526 5221; x_wconf 90' lang='lat' dir='ltr'><strong>et</strong></span> <span class='ocrx_word' id='word_1_799' title='bbox 2565 5159 2768 5221; x_wconf 65' lang='lat' dir='ltr'><strong>notae.</strong></span> 
     </span>
    </p>
   </div>
   <div class='ocr_carea' id='block_1_103' title="bbox 682 5316 2447 5392">
    <p class='ocr_par' dir='ltr' id='par_1_103' title="bbox 682 5316 2447 5392">
     <span class='ocr_line' id='line_1_103' title="bbox 682 5316 2447 5392; baseline 0.001 -19"><span class='ocrx_word' id='word_1_800' title='bbox 682 5318 776 5392; x_wconf 51' lang='lat'><strong>:18)</strong></span> <span class='ocrx_word' id='word_1_801' title='bbox 805 5316 918 5392; x_wconf 83' lang='lat'><strong>(79)</strong></span> <span class='ocrx_word' id='word_1_802' title='bbox 947 5318 1184 5392; x_wconf 89' lang='lat' dir='ltr'><strong>Inclusa</strong></span> <span class='ocrx_word' id='word_1_803' title='bbox 1215 5319 1435 5378; x_wconf 89' lang='lat' dir='ltr'><strong>absunt</strong></span> <span class='ocrx_word' id='word_1_804' title='bbox 1462 5321 1536 5376; x_wconf 82' lang='grc' dir='ltr'><strong>Α.</strong></span> <span class='ocrx_word' id='word_1_805' title='bbox 2349 5343 2447 5378; x_wconf 84' lang='grc' dir='ltr'>σει.</span> 
     </span>
    </p>
   </div>
   <div class='ocr_carea' id='block_1_104' title="bbox 657 5317 2219 5467">
    <p class='ocr_par' dir='ltr' id='par_1_104' title="bbox 657 5317 2219 5467">
     <span class='ocr_line' id='line_1_104' title="bbox 657 5317 1816 5460; baseline 0.004 -88"><span class='ocrx_word' id='word_1_806' title='bbox 657 5317 776 5460; x_wconf 44' lang='grc' dir='ltr'><strong>ἴτε)</strong></span> <span class='ocrx_word' id='word_1_807' title='bbox 805 5317 918 5392; x_wconf 83' lang='lat'><strong>(79)</strong></span> <span class='ocrx_word' id='word_1_808' title='bbox 947 5318 1184 5402; x_wconf 68' lang='lat' dir='ltr'><strong>Inclusa</strong></span> <span class='ocrx_word' id='word_1_809' title='bbox 1215 5319 1435 5378; x_wconf 89' lang='lat' dir='ltr'><strong>absunt</strong></span> <span class='ocrx_word' id='word_1_810' title='bbox 1462 5321 1536 5403; x_wconf 63' lang='grc' dir='ltr'><strong>Ατ</strong></span> <span class='ocrx_word' id='word_1_811' title='bbox 1806 5392 1816 5404; x_wconf 45' lang='grc'><em>,</em></span> 
     </span>
     <span class='ocr_line' id='line_1_105' title="bbox 682 5388 2219 5467; baseline 0.002 -23"><span class='ocrx_word' id='word_1_812' title='bbox 682 5388 750 5467; x_wconf 73' lang='lat'>89</span> <span class='ocrx_word' id='word_1_813' title='bbox 806 5393 1030 5467; x_wconf 82' lang='lat' dir='ltr'><strong>Nescio,</strong></span> <span class='ocrx_word' id='word_1_814' title='bbox 1065 5397 1263 5467; x_wconf 78' lang='lat' dir='ltr'><strong>utrum</strong></span> <span class='ocrx_word' id='word_1_815' title='bbox 1296 5395 1610 5467; x_wconf 77' lang='lat' dir='ltr'><strong>ﬂentenius</strong></span> <span class='ocrx_word' id='word_1_816' title='bbox 1639 5392 1845 5464; x_wconf 79' lang='lat' dir='ltr'><strong>legerit</strong></span> <span class='ocrx_word' id='word_1_817' title='bbox 1880 5401 1940 5467; x_wconf 74' lang='grc' dir='ltr'>τῇ</span> <span class='ocrx_word' id='word_1_818' title='bbox 1973 5412 2028 5467; x_wconf 68' lang='grc' dir='ltr'><strong>τε</strong></span> <span class='ocrx_word' id='word_1_819' title='bbox 2059 5395 2219 5467; x_wconf 77' lang='grc' dir='ltr'>φύσει</span> 
     </span>
    </p>
   </div>
   <div class='ocr_carea' id='block_1_105' title="bbox 2314 5317 3123 5467">
    <p class='ocr_par' dir='ltr' id='par_1_105' title="bbox 2349 5343 3123 5466">
     <span class='ocr_line' id='line_1_106' title="bbox 2349 5343 3123 5466; baseline -0.005 -16"><span class='ocrx_word' id='word_1_820' title='bbox 2349 5343 2530 5466; x_wconf 46' lang='lat'><strong>“2.81)</strong></span> <span class='ocrx_word' id='word_1_821' title='bbox 2560 5393 2788 5451; x_wconf 82' lang='lat' dir='ltr'><strong>Inclusa</strong></span> <span class='ocrx_word' id='word_1_822' title='bbox 2815 5391 3028 5450; x_wconf 82' lang='lat' dir='ltr'><strong>absunt</strong></span> <span class='ocrx_word' id='word_1_823' title='bbox 3058 5392 3123 5448; x_wconf 81' lang='grc' dir='ltr'><strong>Α.</strong></span> 
     </span>
    </p>
   </div>
   <div class='ocr_carea' id='block_1_106' title="bbox 587 5462 2235 5537">
    <p class='ocr_par' dir='ltr' id='par_1_106' title="bbox 587 5462 2235 5537">
     <span class='ocr_line' id='line_1_107' title="bbox 587 5462 2235 5537; baseline 0.001 -21"><span class='ocrx_word' id='word_1_824' title='bbox 587 5475 666 5517; x_wconf 90' lang='lat' dir='ltr'><strong>on</strong></span> <span class='ocrx_word' id='word_1_825' title='bbox 719 5462 776 5512; x_wconf 80' lang='grc' dir='ltr'>ἔκ</span> <span class='ocrx_word' id='word_1_826' title='bbox 839 5479 894 5514; x_wconf 86' lang='grc' dir='ltr'><strong>τε</strong></span> <span class='ocrx_word' id='word_1_827' title='bbox 935 5465 1153 5534; x_wconf 71' lang='grc' dir='ltr'>φύσεως.</span> <span class='ocrx_word' id='word_1_828' title='bbox 1214 5463 1440 5536; x_wconf 88' lang='lat' dir='ltr'><strong>Conjici</strong></span> <span class='ocrx_word' id='word_1_829' title='bbox 1514 5462 1938 5536; x_wconf 59' lang='lat' dir='ltr'><strong>etiam&#39;possit</strong></span> <span class='ocrx_word' id='word_1_830' title='bbox 1989 5462 2081 5518; x_wconf 71' lang='grc' dir='ltr'><strong>ἄτὲ</strong></span> <span class='ocrx_word' id='word_1_831' title='bbox 2138 5462 2235 5537; x_wconf 64' lang='lat' dir='ltr'><strong>«po-&#39;-</strong></span> 
     </span>
    </p>
   </div>
   <div class='ocr_carea' id='block_1_107' title="bbox 662 5635 3898 5722">
    <p class='ocr_par' dir='ltr' id='par_1_107' title="bbox 662 5635 3898 5722">
     <span class='ocr_line' id='line_1_108' title="bbox 662 5635 3898 5722; baseline -0.002 -30"><span class='ocrx_word' id='word_1_832' title='bbox 662 5636 746 5718; x_wconf 78' lang='lat' dir='ltr'><strong>(g)</strong></span> <span class='ocrx_word' id='word_1_833' title='bbox 779 5638 968 5705; x_wconf 83' lang='lat' dir='ltr'><strong>Quam</strong></span> <span class='ocrx_word' id='word_1_834' title='bbox 999 5653 1073 5722; x_wconf 56' lang='lat' dir='ltr'><strong>ea?</strong></span> <span class='ocrx_word' id='word_1_835' title='bbox 1123 5640 1476 5722; x_wconf 58' lang='lat' dir='ltr'><strong>suoslarttia,</strong></span> <span class='ocrx_word' id='word_1_836' title='bbox 1523 5641 1877 5722; x_wconf 42' lang='lat' dir='ltr'><strong>etc.‘__Qu_am</strong></span> <span class='ocrx_word' id='word_1_837' title='bbox 1917 5658 1953 5698; x_wconf 89' lang='lat' dir='ltr'><strong>a</strong></span> <span class='ocrx_word' id='word_1_838' title='bbox 2009 5646 2229 5700; x_wconf 89' lang='lat' dir='ltr'><strong>natura</strong></span> <span class='ocrx_word' id='word_1_839' title='bbox 2263 5640 2615 5712; x_wconf 88' lang='lat' dir='ltr'><strong>adjunctam</strong></span> <span class='ocrx_word' id='word_1_840' title='bbox 2653 5639 2938 5698; x_wconf 89' lang='lat' dir='ltr'><strong>habebat.</strong></span> <span class='ocrx_word' id='word_1_841' title='bbox 2972 5639 3037 5696; x_wconf 92' lang='lat' dir='ltr'><strong>ln</strong></span> <span class='ocrx_word' id='word_1_842' title='bbox 3085 5635 3382 5696; x_wconf 87' lang='lat' dir='ltr'><strong>vocabulo</strong></span> <span class='ocrx_word' id='word_1_843' title='bbox 3437 5636 3762 5710; x_wconf 76' lang='grc' dir='ltr'>συγκληροῦν</span> <span class='ocrx_word' id='word_1_844' title='bbox 3807 5637 3898 5688; x_wconf 85' lang='lat' dir='ltr'><strong>non</strong></span> 
     </span>
    </p>
   </div>
   <div class='ocr_carea' id='block_1_108' title="bbox 591 5709 1831 5782">
    <p class='ocr_par' dir='ltr' id='par_1_108' title="bbox 591 5709 1831 5782">
     <span class='ocr_line' id='line_1_109' title="bbox 591 5709 1831 5782; baseline 0.004 -18"><span class='ocrx_word' id='word_1_845' title='bbox 591 5709 814 5780; x_wconf 89' lang='lat' dir='ltr'><strong>ubique</strong></span> <span class='ocrx_word' id='word_1_846' title='bbox 843 5710 1108 5782; x_wconf 84' lang='lat' dir='ltr'><strong>urgenda</strong></span> <span class='ocrx_word' id='word_1_847' title='bbox 1137 5715 1225 5768; x_wconf 88' lang='lat' dir='ltr'><strong>est</strong></span> <span class='ocrx_word' id='word_1_848' title='bbox 1252 5710 1415 5769; x_wconf 90' lang='lat' dir='ltr'><strong>notio</strong></span> <span class='ocrx_word' id='word_1_849' title='bbox 1453 5710 1831 5770; x_wconf 60' lang='lat' dir='ltr'><strong>hereditatis.</strong></span> 
     </span>
    </p>
   </div>
  </div>
