4130 6320
240 348 385 416 iul

1227 341 1586 413 COMMENT.
1629 344 1698 411 ΙΝ
1736 340 2097 411 JOANNEM.
2139 385 2207 395 —
2246 353 2399 410 CAP.
2440 342 2628 414 XVII.

3477 354 3494 414 ί
3504 355 3609 418 442

251 493 314 557 τῇ
363 491 429 557 σῇ
472 482 703 556 ἐξουσίᾳ·
756 486 858 556 πρὸ
897 488 988 535 τοῦ
1031 484 1118 533 τόν
1156 485 1354 553 κόσμον
1391 483 1653 552 γενέσθαι,
1702 500 1847 533 τουτ-

1967 482 2313 551 potestatem
2321 479 2699 552 ;priusquam
2714 480 2810 536 hic
2824 481 3085 536 mundus
3097 481 3347 548 ﬁeret,id
3359 488 3547 549 est,an
3560 492 3609 540 te

252 577 365 625 ἐστι
414 576 513 647 πρὸ
555 574 757 625 πάντων
802 575 893 623 καὶ
937 570 1035 623 ἀεί.
1078 569 1159 642 [τό
1198 567 1256 622 δε
1288 569 1422 641 (82),
1460 574 1559 622 Καὶ
1587 576 1695 640 νῦν,
1738 567 1850 621 ἀντὶ

251 670 364 725 τοῦ,
397 666 615 714 Λοιπόν.

325 756 425 804 Καὶ
480 753 631 822 ἡμεῖς
680 754 851 802 τοίνυν
896 748 1255 819 ἀπολαύσομεν
1306 750 1497 809 ταύτης
1546 756 1640 809 τῆς
1690 743 1852 809 δόξης

251 838 335 892 ἐὰν
375 841 729 911 μιμησωμεθα
782 839 959 893 αὐτόν.
1025 843 1161 895 Φησὶ
1207 840 1306 911 γὰρ
1359 839 1385 888 ό
1436 836 1650 897 Παῦλος.
1697 840 1847 910 Εἴπερ

254 932 660 1001 συμπάσχομεν,
757 930 839 979 ἶνα
916 932 1005 979 καὶ
1096 922 1551 996 συνδοξασθῶμεν.
1638 929 1849 998 Μυρὶων

251 1019 355 1091 ἄρα
394 1013 635 1089 δακρύων
690 1016 824 1079 ἄξιοι
854 1018 1059 1078 πάντως
1095 1018 1163 1079 οἱ,
1207 1018 1473 1080 τοιαύτης,
1518 1018 1850 1087 προκειμένης

252 1103 433 1172 δόξης,
480 1105 805 1166 ἐκπίπτοντες
863 1105 1022 1165 αὐτῆς
1070 1102 1162 1156 διὰ
1209 1105 1490 1178 ῥᾳθυμίαν,
1540 1107 1631 1154 καὶ
1697 1099 1849 1159 δίκην

248 1199 566 1267 μαινομένων
640 1198 729 1246 καὶ
814 1192 1039 1252 ἀνοήτων
1137 1192 1545 1254 ἐπιϐουλεύοντες
1625 1192 1845 1252 ἑαυτοῖς.

254 1289 354 1337 Καὶ
384 1283 427 1336 εἰ
473 1288 545 1356 μὴ
585 1284 799 1344 κόλασις
847 1285 945 1358 γὰρ
999 1279 1081 1350 ἧν,
1122 1281 1432 1335 ἀθλιώτατοι
1470 1283 1539 1347 οἱ,
1590 1279 1851 1353 συμϐασι-

250 1373 431 1425 λεῦσαι
483 1377 571 1425 καὶ
630 1368 1054 1435 συνδοξασθῆναι
1097 1380 1168 1441 τῷ
1225 1373 1329 1441 Υἰῷ
1378 1377 1471 1422 τοῦ
1508 1377 1641 1422 Θεοῦ
1683 1373 1849 1442 παρόν

248 1463 567 1520 τηλικούτων
643 1461 850 1533 ἀγαθῶν
935 1460 1146 1522 ἑαυτούς
1227 1459 1652 1531 ἀποστεροῦντες.
1739 1459 1848 1510 Ούκ

250 1552 375 1613 ἄξια
424 1553 545 1624 γὰρ,
596 1555 749 1622 φησὶ,
808 1553 874 1602 τὰ
925 1551 1213 1622 παθήματα
1258 1556 1349 1601 τοῦ
1378 1556 1464 1599 νῦν
1494 1555 1681 1620 καιροῦ
1718 1551 1849 1620 πρὸς

248 1644 343 1698 τὴν
363 1638 648 1711 μέλλουσαν
690 1635 847 1701 δόξαν
873 1637 1303 1709 ἀποκαλυφθῆναι
1332 1637 1403 1698 εἰς
1427 1638 1608 1710 ἡμᾶς].

319 1818 650 1890 Ἐφανέρωσά
708 1845 766 1857 —-
826 1815 1136 1890 ἀνθρώποις.
1210 1816 1379 1868 Εἰπὼν
1434 1816 1513 1867 ὅτι
1573 1819 1642 1868 Τό
1699 1818 1845 1888 ἔργον
1883 1853 1925 1907 Β

246 1906 534 1974 ἐτελείωσα,
594 1905 920 1977 ἐπεξηγεῖται
974 1909 1060 1957 τὸν
1130 1905 1300 1976 λόγον.
1378 1909 1478 1958 Καὶ
1559 1909 1662 1976 μὴν
1737 1912 1846 1965 τοῖς

246 1992 526 2055 Ἰουδαίοις
602 1998 1013 2067 πεφανερωμένον
1115 1990 1174 2052 ἦν
1269 1996 1325 2045 τὸ
1416 1997 1576 2065 ὄνομα
1664 1993 1843 2046 αὐτοῦ·

245 2081 468 2156 ᾔδεισαν
496 2086 595 2157 γὰρ
624 2085 704 2135 ὅτι
735 2087 864 2145 Θεὸς
894 2082 1051 2135 ἔστιν·
1078 2082 1205 2134 ἀλλὰ
1230 2088 1347 2156 περὶ
1368 2090 1466 2135 τῶν
1491 2082 1653 2135 οῖλλων
1694 2081 1846 2134 ἐθνῶν

245 2171 402 2243 λέγει,
430 2170 507 2232 οἷς
541 2174 807 2243 ἄγνωστον
835 2180 985 2224 τοῦτο
1017 2169 1098 2229 ἧν.

317 2260 387 2314 ’Ἢ
441 2265 600 2334 ὄνομα
644 2260 778 2332 λέγει
824 2263 879 2313 τό
926 2263 1199 2334 πατρικὸν,
1242 2262 1323 2312 ὅτι
1370 2259 1480 2312 ἐστὶ
1510 2264 1690 2331 Πατὴρ
1724 2262 1846 2311 Υῑοῦ

244 2355 492 2421 γνησίου.
557 2357 721 2403 Τοῦτο
778 2352 880 2423 γὰρ
941 2348 1125 2422 ἀφανὲς
1176 2349 1353 2410 αύτοῖς
1400 2353 1452 2401 ὅν
1499 2349 1622 2421 παρ’
1686 2349 1847 2401 αὐτοῦ

247 2436 558 2510 ἐφανερώθη,

320 2527 421 2587 Ούς
450 2557 518 2566 -
539 2522 693 2583 ἦσαν.
727 2524 815 2587 Ὠς
837 2532 990 2580 Θεοῦ.

319 2619 416 2667 Καὶ
463 2644 535 2655 —-
593 2610 851 2675 δέδωκας.
906 2613 993 2675 Ὡς
1055 2617 1156 2685 ῖσῳ
1225 2616 1348 2687 Περὶ
1396 2620 1494 2662 τῶν
1548 2610 1845 2663 ἀποστόλων

247 2699 307 2755 δε
362 2705 387 2755 ό
443 2702 614 2775 λόγος.
680 2708 918 2756 Δείκνυσι
982 2698 1041 2754 δὲ
1100 2700 1365 2753 κάνταῦθα
1416 2702 1496 2751 ὁτι
1546 2700 1639 2750 ούκ
1706 2702 1841 2751 ἔστιν

246 2790 487 2853 ἀντίθεος,
550 2796 639 2843 καὶ
695 2793 775 2843 ὅτι
842 2789 1087 2863 βούλημά
1162 2788 1275 2841 ἐστι
1362 2796 1454 2840 τοῦ
1524 2791 1725 2862 Πατρός
1786 2793 1842 2841 τό

244 2882 506 2931 πιστεύειν
578 2879 763 2940 αὐτοὺς
820 2879 889 2941 εἰς
942 2883 1029 2931 τόν
1100 2883 1239 2931 Υίόνο
1293 2878 1337 2929 εἰ
1400 2880 1521 2950 γὰρ,
1589 2878 1657 2938 ὦς
1712 2896 1844 2938 τινες

245 2967 512 3041 ληροῦσιν,
570 2969 651 3020 ὅτε
696 2964 830 3025 ἦσαν
876 2975 968 3019 τοῦ
1030 2970 1248 3039 Πατρός,
1285 2967 1377 3019 ούκ
1408 2963 1541 3024 ἦσαν
1577 2973 1667 3017 τοῦ
1695 2968 1840 3032 Υἱοῦ,

239 3055 439 3122 λοιπόν,
496 3053 625 3117 δούς
672 3058 857 3116 αὐτούς
930 3057 1001 3126 τῷ
1054 3057 1177 3125 Υἰῷ,
1233 3054 1412 3118 ἐξέστη
1472 3058 1660 3120 αὐτῶν,
1720 3057 1841 3129 ὅπερ

240 3147 454 3198 ἄτοπον.
500 3140 738 3206 Δέδωκας
787 3140 845 3196 δέ
878 3163 986 3213 μοι,
1032 3140 1159 3211 εἶπε,
1210 3144 1322 3196 καθ’
1378 3144 1431 3195 ὃν
1484 3146 1655 3217 εἴρηκε
1691 3143 1841 3214 λόγον

239 3239 505 3307 πρότερον·
556 3235 635 3285 ὅτι
693 3229 880 3293 Ούδεὶς
936 3230 1157 3284 δύναται
1206 3232 1365 3285 ἐλθεῖν
1423 3236 1546 3307 πρὸς
1595 3231 1703 3305 ἐμὲ,
1756 3232 1840 3284 ἐὰν

240 3328 311 3397 μὴ
342 3324 366 3374 ὁ
400 3326 579 3395 Πατὴρ
612 3324 637 3372 ὀ
664 3322 874 3393 πέμψας
903 3340 966 3393 με
994 3321 1187 3393 ἐλκύσῃ
1217 3321 1393 3374 αὐτόν.

310 3410 469 3464 Ἀλλὰ
528 3419 638 3472 πῶς
704 3413 920 3483 εἴρηκεν
990 3408 1096 3471 Οῦς
1164 3406 1401 3471 δέδωκάς
1472 3429 1562 3481 μοι
1622 3408 1677 3461 ἐκ
1748 3418 1841 3463 τοῦ

239 3505 478 3572 κόσμους
545 3497 815 3573 προλαϐὼν
884 3500 986 3572 γὰρ
1053 3500 1144 3570 ἔφη
1210 3502 1335 3571 πρός
1389 3498 1574 3560 αύτούς
1625 3501 1702 3552 ὅτι
1755 3500 1842 3553 Ἐκ

238 3596 331 3641 τοῦ
386 3592 588 3659 κόσμου
640 3587 735 3639 ούκ
783 3586 916 3641 ἐστέ.
974 3591 1177 3659 Κόσμον
1226 3585 1328 3639 ἐκεῖ
1518 3592 1639 3649 τοὺς
1685 3608 1841 3647 πονη-

238 3680 362 3751 ροὺς
387 3677 671 3749 ὠνόμασεν,
714 3674 935 3728 ἐνταῦθα
974 3672 1032 3728 δε
1058 3675 1192 3747 λέγει
1220 3680 1315 3731 τὴν
1344 3681 1517 3728 κτίσιν
1550 3679 1765 3734 ταύτην,

313 3770 413 3818 Καὶ
444 3797 513 3805 -
541 3769 881 3838 τετηρήκασι.
915 3768 984 3817 Τό
1038 3764 1233 3836 enim
1282 3784 1376 3817 σου
1420 3764 1836 3838 πεπληρώκασιν,

1876 3207 1917 3259 C

238 3852 287 3906 ἕν
308 3862 379 3923 τῷ
408 3862 693 3906 πιστεῦσαι
720 3853 793 3915 εἰς
823 3852 928 3924 ἐμέ.

307 3949 414 3994 Νῦν
441 3974 506 3983 -
543 3941 676 3996 ἐστι.
706 3974 773 3982 -
802 3949 930 4009 Νῦν,
964 3945 1078 3999 ἦτοι
1102 3946 1232 4014 μετὰ
1258 3946 1315 3995 τό
1343 3945 1545 4015 μαθεῖν,
1571 3942 1838 4014 *Εγνωσαν

238 4033 318 4084 ὅτι
347 4034 517 4084 πάντα
555 4032 667 4102 (83)
696 4033 795 4083 ὅσα
827 4027 1066 4092 δέδωκάς
1088 4051 1197 4101 μοι,
1232 4036 1517 4085 τουτέστιν
1541 4032 1681 4085 Ὀσα
1709 4033 1839 4105 λέγω

238 4125 327 4172 καὶ
359 4117 626 4183 διδάσκω,
674 4118 774 4171 ἀπὸ
830 4128 923 4172 σοῦ
955 4120 1077 4187 εἰσι,
1121 4124 1188 4172 σά
1242 4122 1372 4173 εἰσιν
1404 4120 1709 4193 ἐντάλματα,
1750 4129 1839 4175 καὶ

238 4206 389 4261 οὐδὲν
415 4206 474 4262 ῖδ
480 4229 552 4261 ιον
584 4208 697 4281 ἐμοὶ
725 4210 753 4267 ἢ
791 4207 1055 4282 ἀλλότριόν
1100 4228 1217 4261 σου.
1250 4206 1377 4262 Εἶτα
1405 4210 1539 4281 λέγει
1564 4216 1654 4263 καὶ
1685 4214 1838 4265 πόθεν

237 4304 390 4350 τοῦτο
416 4301 666 4369 ἔγνωσαν.

303 4476 424 4529 Ὀτι
480 4509 547 4517 -
613 4476 934 4539 ἀπέστειλας,
1012 4484 1176 4533 Τοῦτο
1256 4480 1487 4547 ἔγνωσαν
1557 4478 1660 4531 ἀπὸ
1736 4487 1837 4530 τῶν

1959 568 2162 624 omnia
2186 572 2240 624 et
2262 584 2517 640 semper.
2541 569 2710 629 Quod
2728 575 2927 626 autem
2951 569 3182 638 dicitur,
3202 571 3275 626 Et
3298 588 3476 639 nunc,
3496 573 3611 630 hoc

1958 662 2063 727 est,
2094 656 2401 729 Deinceps.

2029 746 2095 801 Et
2123 761 2231 800 nos
2260 761 2401 816 ergo
2420 746 2533 800 hac
2554 747 2822 802 fruemur
2852 748 3056 817 gloria,
3094 749 3141 803 si
3163 765 3300 804 eum
3324 749 3611 808 fuerimus

1956 833 2193 889 imitati.
2216 833 2307 889 Ait
2337 834 2497 889 enim
2528 834 2780 893 Paulus:
2810 835 2870 890 Si
2893 842 3285 907 compatimur
3314 845 3375 893 ut
3402 847 3455 895 et
3481 857 3613 898 con-

1956 923 2360 992 gloriﬁcemur
2390 926 2459 978 ³9.
2496 924 2747 979 Omnino
2768 941 2913 980 sane
2934 926 3263 981 innumeris
3292 927 3451 997 digni
3474 936 3613 985 sunt

1958 1010 2249 1081 lacrymis,
2276 1012 2541 1084 quicum
2576 1015 2881 1084 proposita
2917 1016 2989 1068 sit
3015 1015 3359 1084 hujusmodi
3394 1018 3607 1086 gloria,

1960 1115 2070 1155 sua
2093 1101 2341 1169 segnitie
2358 1100 2435 1155 ab
2454 1118 2520 1156 ea
2540 1102 2882 1166 exciderint,
2910 1110 2965 1157 et
2989 1120 3155 1159 more
3182 1104 3609 1163 insanientium

1958 1203 2029 1243 ac
2062 1188 2429 1245 dementium
2463 1190 2575 1245 sibi
2606 1190 2753 1262 ipsis
2782 1191 3028 1247 insidias
3064 1195 3421 1264 paraverint.
3463 1200 3612 1253 Nam

1957 1277 2062 1332 etsi
2086 1277 2318 1333 nullum
2340 1285 2494 1334 esset
2511 1279 2889 1351 supplicium,
2910 1280 3226 1337 miserrimi
3246 1288 3444 1339 tamen
3459 1285 3615 1356 judi-

1957 1371 2229 1422 carentur
2262 1386 2273 1425 :
2303 1368 2406 1439 qui
2430 1384 2565 1422 cum
2590 1368 2700 1423 sibi
2722 1374 3000 1440 paratum
3017 1370 3240 1437 fuisset,
3268 1377 3330 1427 ut
3348 1390 3474 1427 cum
3498 1374 3613 1431 tilio

1956 1454 2056 1509 Dei
2074 1462 2505 1526 conregnarent
2518 1462 2575 1511 et
2588 1457 3193 1528 congloriﬁcarentur,
3209 1461 3319 1530 ipsi
3342 1478 3469 1517 sese
3489 1464 3614 1519 tali-

1954 1542 2070 1599 bus
2090 1544 2417 1614 privassent
2435 1544 2766 1601 bonis.Non
2787 1554 2919 1601 sunt
2938 1548 3098 1602 enim
3112 1550 3425 1619 condigme
3449 1552 3614 1621 afﬂi-

1955 1632 2169 1688 ctiones
2184 1632 2352 1703 hujus
2366 1635 2642 1701 temporis
2663 1634 2744 1689 ad
2757 1636 3035 1703 futuram
3074 1638 3477 1711 gloriam,un
3490 1656 3616 1698 ma-

1954 1720 2331 1790 nifestabitur
2355 1737 2491 1793 erga
2512 1738 2617 1778 nos
2650 1724 2723 1780 ιο.

2027 1810 2635 1879 Vers.6.Manifestavi
2650 1844 2715 1851 —
2734 1813 3083 1869 hominibus.
3103 1814 3429 1888 Postquam
3442 1819 3610 1875 dixit:

1958 1897 2115 1967 Opus
2134 1900 2557 1966 consummavi,
2580 1900 2862 1971 explanat
2882 1918 3041 1957 nunc
3061 1919 3418 1961 sermonem.
3438 1908 3616 1979 Atqui

1954 1986 2172 2041 Judaais
2204 1988 2650 2044 manifestatum
2704 1996 2829 2045 erat
2853 2007 3075 2046 nomen
3135 1993 3299 2063 ejus;
3329 2004 3616 2053 noverant

1957 2075 2114 2130 enim
2136 2076 2295 2148 quod
2328 2080 2480 2132 Deus
2510 2083 2681 2143 esset,
2716 2080 2815 2134 sed
2838 2079 2951 2134 hoc
2976 2079 3050 2134 de
3083 2081 3212 2136 aliis
3242 2082 3383 2139 dicit
3420 2085 3609 2155 genti-

1956 2163 2087 2229 bus,
2124 2164 2344 2236 quibus
2373 2165 2432 2220 id
2468 2166 2735 2236 ignotum
2767 2175 2910 2222 erat.

2029 2258 2138 2308 Aut
2173 2269 2396 2309 nomen
2428 2254 2569 2310 dicit
2596 2260 2933 2327 paternum,
2981 2259 3145 2330 quod
3173 2260 3342 2317 Pater
3377 2263 3453 2319 sit
3484 2264 3607 2320 Filii

1956 2341 2262 2397 naturalis.
2287 2344 2437 2399 Nam
2464 2360 2601 2399 cum
2624 2344 2685 2398 id
2716 2361 2815 2399 eos
2837 2346 3063 2411 lateret,
3098 2346 3175 2401 ab
3200 2347 3333 2417 ipso
3366 2351 3609 2406 manife-

1958 2435 2181 2485 statum
2212 2435 2322 2487 est.

2026 2518 2186 2572 Vers.
2212 2521 2262 2572 6.
2294 2519 2441 2585 Quos
2465 2549 2534 2560 -—
2554 2527 2745 2577 erant.
2774 2522 3083 2592 Tanquam
3115 2524 3235 2578 Dei.

2026 2606 2186 2660 Vers.
2208 2609 2259 2659 6.
2287 2608 2360 2661 Et
2385 2638 2448 2647 —
2467 2608 2701 2663 dedisti.
2720 2611 3031 2680 Tanquam
3048 2611 3281 2681 aequali.
3298 2615 3389 2668 Est
3404 2621 3605 2672 autem

1956 2695 2025 2749 de
2050 2694 2338 2764 apostolis
2369 2712 2584 2752 sermo.
2620 2698 2748 2762 Quo
2787 2698 2969 2753 etiam
3000 2700 3096 2755 hic
3140 2702 3414 2769 ostendit,
3444 2706 3607 2773 quod

1952 2800 2073 2839 non
2100 2784 2174 2838 sit
2192 2782 2311 2838 Deo
2334 2786 2687 2852 contrarius,
2707 2787 2992 2858 quodque
3013 2790 3195 2845 Patris
3218 2797 3309 2847 est
3336 2792 3607 2851 voluntas

1955 2878 2018 2927 ut
2045 2872 2290 2927 credant
2314 2874 2371 2928 in
2398 2874 2625 2929 Filium.
2652 2878 2797 2931 Nam
2828 2878 2895 2940 si,
2925 2882 2988 2931 ut
3012 2879 3261 2949 quidam
3286 2888 3603 2952 nugantur,

1953 2977 2091 3016 cum
2124 2962 2311 3016 Patris
2356 2967 2543 3033 erant,
2579 2979 2698 3019 non
2732 2971 2901 3019 erant
2939 2966 3085 3031 Filii,
3122 2984 3494 3041 consequens
3520 2979 3608 3029 est

1953 3056 2035 3115 ut,
2065 3066 2203 3105 cum
2232 3065 2335 3105 eos
2374 3050 2604 3107 dederit
2659 3053 2816 3116 Filio,
2868 3053 3212 3111 alienaverit
3262 3072 3406 3125 eos;
3449 3061 3606 3132 quod

1951 3138 2287 3194 absurdum
2318 3144 2426 3195 est.
2488 3140 2732 3206 Dedisti,
2766 3143 2977 3214 inquit,
3014 3146 3179 3209 mihi,
3216 3147 3390 3217 juxta
3424 3165 3605 3219 quem

1952 3229 2202 3283 modum
2235 3227 2411 3283 etiam
2436 3230 2601 3299 prius
2620 3230 2866 3295 dixerat,
2892 3232 3071 3287 Nemo
3089 3240 3277 3300 potest
3308 3238 3504 3293 venire
3528 3238 3608 3293 ad

1950 3332 2061 3381 me,
2094 3316 2207 3371 nisi
2230 3319 2431 3384 Pater,
2459 3319 2559 3387 qui
2586 3320 2746 3374 misit
2773 3335 2882 3382 me,
2918 3322 3167 3377 traxerit
3197 3337 3326 3378 eum
3356 3325 3425 3379 ιι.

2023 3405 2135 3461 Sed
2152 3406 2457 3477 quomodo
2473 3407 2623 3460 dixit
2646 3423 2658 3461 :
2682 3407 2833 3473 Quos
2864 3410 3074 3465 dedisti
3096 3411 3243 3466 mihi
3271 3412 3343 3468 de
3360 3415 3602 3480 mundo,

1951 3509 2086 3549 cum
2123 3494 2289 3565 prius
2330 3495 2640 3549 dixeritad
2666 3511 2768 3550 eos
2803 3518 2814 3549 :
2839 3496 2923 3553 De
2952 3499 3174 3553 mundo
3205 3516 3325 3555 non
3351 3503 3484 3556 estis
3510 3503 3557 3537 ⁴²
3578 3503 3605 3559 ‘2

1948 3582 2030 3637 lbi
2062 3582 2307 3654 quidem
2370 3583 2561 3638 malos
2592 3583 2908 3655 appellavit
2955 3586 3254 3643 mundum
3286 3604 3299 3645 :
3344 3588 3441 3645 hic
3468 3607 3605 3648 vero

1950 3670 2241 3726 fabricam
2272 3671 2471 3741 ipsam
2495 3672 2889 3728 mundialem.

2014 3761 2181 3816 Vers.
2203 3760 2258 3815 6.
2270 3761 2348 3815 Et
2363 3791 2431 3799 —
2448 3763 3244 3821 servaverunt.Voluntatem
3260 3771 3425 3823 tuam
3445 3785 3605 3827 com-

1948 3849 2279 3923 pleverunt,
2305 3850 2607 3905 credendo
2643 3851 2703 3905 in
2733 3867 2852 3907 me.

2022 3940 2177 3994 Vers.
2210 3944 2262 3993 7.
2295 3940 2468 3994 Nunc
2495 3970 2564 3979 —
2590 3946 2749 3996 sunt.
2772 3972 2841 3981 —
2865 3942 3065 4007 Nunc,
3099 3948 3413 4017 postquam
3444 3948 3602 4004 vide-

1946 4026 2078 4083 licet
2090 4026 2850 4098 didicerunt,cogn0verunt
2861 4032 3021 4102 quod
3032 4034 3231 4090 omnia
3244 4050 3374 4105 quas
3386 4036 3603 4093 dedisti

1946 4117 2115 4185 mihi,
2159 4116 2274 4171 hoc
2313 4122 2423 4181 est,
2456 4119 2831 4191 Quaecunque
2861 4120 2994 4175 dico
3043 4138 3112 4177 ac
3151 4122 3360 4189 doceo,
3412 4125 3517 4181 abs
3548 4130 3602 4184 te

1947 4211 2107 4273 sunt,
2142 4210 2241 4261 tua
2287 4212 2423 4261 sunt
2470 4213 2787 4278 praecepta,
2816 4215 2868 4264 et
2907 4209 3051 4264 nihil
3114 4211 3257 4267 mihi
3287 4215 3598 4285 proprium

1948 4299 2037 4351 est
2064 4300 2168 4349 aut
2193 4293 2454 4350 alienum
2485 4311 2522 4351 a
2554 4302 2633 4354 te.
2678 4297 2898 4353 Deinde
2929 4299 3113 4355 etiam
3142 4299 3281 4356 dicit
3315 4303 3467 4358 unde
3491 4304 3599 4360 hoc

1947 4386 2378 4451 cognoverunt.

2020 4471 2181 4525 Vers.
2215 4474 2268 4525 8.
2321 4471 2475 4539 Quia
2511 4502 2579 4513 —
2607 4472 2838 4530 misisti.
2899 4474 3020 4530 Hoc
3068 4483 3479 4546 cognoverunt
3528 4496 3602 4537 ex

232 4566 485 4639 ῥημάτων
536 4566 603 4615 ὧν
664 4562 874 4617 δέδωκα
943 4567 1141 4628 αύτοῖς.
1206 4571 1304 4618 Καὶ
1358 4569 1459 4639 γὰρ
1538 4564 1836 4642 διαρρήδην

1967 4559 2167 4625 verbis,
2209 4575 2345 4631 quas
2386 4560 2523 4617 dedi
2555 4562 2656 4616 eis.
2700 4562 3003 4632 Siquidem
3061 4574 3261 4635 aperte
3306 4567 3602 4627 docebam

236 4649 521 4706 ἐδίδασκον
577 4654 657 4705 ότι
694 4655 762 4704 σά
810 4654 941 4706 εἰσιν
982 4656 1082 4707 ὅσα
1122 4654 1252 4726 λέγω
1294 4660 1384 4706 καὶ
1441 4651 1709 4726 διδάσκω,
1749 4660 1838 4708 καὶ

236 4742 385 4795 αὐτοὶ
414 4741 595 4795 ἔλαϐον
624 4742 886 4803 εὐπειθῶς.

306 4838 486 4884 Ταῦτα
539 4828 597 4884 δὲ
660 4835 750 4883 καὶ
815 4834 882 4883 τὰ
935 4838 1156 4884 τοιαῦτα
1213 4827 1510 4903 διαλέγεται
1565 4837 1697 4907 πρός
1750 4838 1837 4886 τόν

236 4924 461 4993 Πατέρα,
512 4916 759 4973 δεικνύων
832 4926 937 4981 τοῖς
996 4922 1255 4993 μαθηταῖς
1304 4922 1407 4973 οἷον
1466 4924 1581 4994 ἔχει
1632 4922 1837 4995 φὶλτρον

236 5007 426 5064 αὐτῶν.
476 5008 535 5062 Ὀ
584 5012 685 5081 γὰρ
736 5013 807 5081 μὴ
868 5013 1020 5081 μόνον
1063 5012 1130 5062 τὰ
1179 5009 1303 5085 παρ’
1342 5009 1530 5065 ἑαυτοῦ
1568 5015 1837 5088 παρέχων,

236 5096 364 5151 ἀλλά
450 5102 536 5150 καὶ
618 5096 769 5150 ἄλλον
848 5098 918 5161 εἰς
993 5105 1145 5151 τοῦτο
1232 5098 1566 5174 παρακαλῶν,
1629 5099 1838 5154 πλείονα

236 5180 459 5240 δεικνύει
485 5189 574 5239 τόν
598 5187 782 5241 πόθον.

950 5330 998 5364 ⁸⁸
1022 5329 1167 5387 ibid.
1205 5332 1292 5386 18.

308 5330 354 5364 ³9
399 5329 563 5385 Rom.
601 5343 712 5383 vni.
752 5332 836 5383 17.
950 5330 998 5364 ⁸⁸
1022 5329 1167 5387 ibid.
1205 5332 1292 5386 18.
1403 5332 1447 5368 ⁴¹
1482 5330 1655 5389 Joan.
1683 5346 1775 5389 vn.
1807 5330 1899 5389 44.

1947 4655 2049 4705 tua
2076 4660 2206 4704 esse
2227 4665 2608 4721 quaecunque
2633 4650 2909 4707 dicebam
2943 4668 3013 4708 ac
3042 4653 3460 4723 docebam.Et
3485 4658 3604 4730 ipsi

1949 4744 2324 4810 acceperunt,
2350 4738 2523 4794 facile
2558 4739 2855 4810 persuasi.

2019 4828 2155 4882 Haec
2180 4832 2381 4883 autem
2409 4833 2465 4883 et
2494 4826 2710 4883 similia
2734 4828 2995 4901 loquitur
3020 4832 3094 4887 ad
3118 4831 3374 4902 Patrem,
3406 4840 3601 4893 osten-

1948 4917 2098 4974 dens
2127 4916 2457 4988 discipulis,
2491 4932 2672 4988 quem
2711 4934 2854 4988 erga
2872 4919 3006 4990 illos
3045 4921 3600 4997 haberetamorem.

1949 5008 2099 5062 Nam
2128 5006 2223 5078 qui
2260 5022 2382 5062 non
2411 5010 2645 5062 tantum
2687 5023 2799 5064 sua
2837 5008 3058 5077 tribuit,
3092 5011 3198 5067 sed
3226 5016 3284 5068 et
3312 5012 3499 5071 alium
3524 5018 3604 5076 ad

1946 5096 2062 5151 hoc
2091 5100 2386 5167 precatur,
2430 5094 3025 5155 vehementissimum
3064 5100 3321 5159 ostendit
3361 5102 3604 5162 deside-

1948 5202 2125 5242 rium.

2010 5332 2058 5368 ⁴²
2092 5331 2267 5388 Joan.
2294 5348 2387 5387 xv.
2425 5332 2504 5386 19.
2561 5406 2565 5411 Α

1432 5513 1657 5584 Variae
1693 5513 2025 5584 lectiones
2063 5523 2128 5582 et
2179 5524 2382 5582 notae.

307 5677 418 5746 (82)
450 5677 689 5735 Inclusa
720 5678 940 5736 absunt
963 5686 1029 5739 A.

306 5750 423 5830 (83)
474 5755 576 5806 Καὶ
621 5750 676 5821 ἄ,
706 5768 817 5828 pro
876 5754 996 5824 ὅσα,
1020 5806 1025 5809 .
1047 5756 1112 5813 Β.
1158 5751 1430 5831 Ἐγνωσαν
1456 5759 1684 5829 autem,
1712 5756 1849 5817 loco

1950 5684 2173 5767 ἔγνωκαν
2187 5684 2437 5767 versu],
2463 5700 2599 5743 cum
2629 5682 3057 5758 Chrysostomo
3099 5684 3259 5759 legit,
3293 5686 3396 5761 qui
3444 5700 3599 5749 vers.

1945 5755 2463 5828 Jet800nfudit,
2586 5808 2589 5813 λ
2745 5755 2759 5758 ⁷
3164 5755 3188 5759 ⁷
3310 5755 3333 5761 “
3426 5780 3527 5847 ,κ
