  <div class='ocr_page' id='page_1' title='image "/cluster/home/n/w/nwhite01/storage/ocr_20150623/129/mdp.39015061528470/765.png"; bbox 0 0 4130 6320; ppageno 0'>
   <div class='ocr_carea' id='block_1_1' title="bbox 554 352 3965 427">
    <p class='ocr_par' dir='ltr' id='par_1_1' title="bbox 554 352 3965 427">
     <span class='ocr_line' id='line_1_1' title="bbox 554 352 3965 427; baseline 0.003 -11"><span class='ocrx_word' id='word_1_1' title='bbox 554 352 692 417; x_wconf 69' lang='lat' dir='ltr'><strong>tua</strong></span> <span class='ocrx_word' id='word_1_2' title='bbox 1526 393 1537 404; x_wconf 77' lang='grc' dir='ltr'><strong>ο</strong></span> <span class='ocrx_word' id='word_1_3' title='bbox 1889 352 2241 425; x_wconf 77' lang='lat' dir='ltr'><strong>EUTHYMII</strong></span> <span class='ocrx_word' id='word_1_4' title='bbox 2276 358 2600 424; x_wconf 70' lang='lat' dir='ltr'><strong>ZiGABENl</strong></span> <span class='ocrx_word' id='word_1_5' title='bbox 3810 362 3965 427; x_wconf 58' lang='lat' dir='ltr'><strong>usi</strong></span> 
     </span>
    </p>
   </div>
   <div class='ocr_carea' id='block_1_2' title="bbox 624 486 2196 570">
    <p class='ocr_par' dir='ltr' id='par_1_2' title="bbox 624 486 2196 563">
     <span class='ocr_line' id='line_1_2' title="bbox 624 486 2196 563; baseline 0.004 -21"><span class='ocrx_word' id='word_1_6' title='bbox 624 486 788 542; x_wconf 84' lang='lat' dir='ltr'><strong>Vers.</strong></span> <span class='ocrx_word' id='word_1_7' title='bbox 817 486 870 541; x_wconf 85' lang='lat'><strong>9.</strong></span> <span class='ocrx_word' id='word_1_8' title='bbox 904 487 1031 557; x_wconf 80' lang='lat' dir='ltr'><strong>Ego</strong></span> <span class='ocrx_word' id='word_1_9' title='bbox 1054 519 1122 529; x_wconf 91' lang='lat'><strong>-—</strong></span> <span class='ocrx_word' id='word_1_10' title='bbox 1144 502 1301 559; x_wconf 85' lang='lat' dir='ltr'><strong>rogo.</strong></span> <span class='ocrx_word' id='word_1_11' title='bbox 1329 490 1437 544; x_wconf 86' lang='lat' dir='ltr'><strong>Pro</strong></span> <span class='ocrx_word' id='word_1_12' title='bbox 1462 489 1547 545; x_wconf 90' lang='lat' dir='ltr'><strong>eis</strong></span> <span class='ocrx_word' id='word_1_13' title='bbox 1564 493 1622 545; x_wconf 85' lang='lat' dir='ltr'><strong>te</strong></span> <span class='ocrx_word' id='word_1_14' title='bbox 1647 504 1880 562; x_wconf 83' lang='lat' dir='ltr'><strong>precor,</strong></span> <span class='ocrx_word' id='word_1_15' title='bbox 1915 495 2196 563; x_wconf 75' lang='lat' dir='ltr'><strong>tanquam</strong></span> 
     </span>
    </p>
   </div>
   <div class='ocr_carea' id='block_1_3' title="bbox 2320 486 3966 570">
    <p class='ocr_par' dir='ltr' id='par_1_3' title="bbox 2384 492 3966 570">
     <span class='ocr_line' id='line_1_3' title="bbox 2384 492 3966 570; baseline 0.002 -24"><span class='ocrx_word' id='word_1_16' title='bbox 2384 492 2520 565; x_wconf 74' lang='grc' dir='ltr'><strong>Ἐγὼ</strong></span> <span class='ocrx_word' id='word_1_17' title='bbox 2582 525 2651 534; x_wconf 90' lang='grc'><strong>-</strong></span> <span class='ocrx_word' id='word_1_18' title='bbox 2704 493 2897 568; x_wconf 77' lang='grc' dir='ltr'>ἐρωτῶ.</span> <span class='ocrx_word' id='word_1_19' title='bbox 2965 493 3114 568; x_wconf 65' lang='grc' dir='ltr'><strong>’Υπὲρ</strong></span> <span class='ocrx_word' id='word_1_20' title='bbox 3164 495 3334 548; x_wconf 74' lang='grc' dir='ltr'>αὐτῶν</span> <span class='ocrx_word' id='word_1_21' title='bbox 3390 496 3679 570; x_wconf 71' lang='grc' dir='ltr'>παρακαλῶ</span> <span class='ocrx_word' id='word_1_22' title='bbox 3737 513 3825 564; x_wconf 69' lang='grc' dir='ltr'><strong>σε,</strong></span> <span class='ocrx_word' id='word_1_23' title='bbox 3888 499 3966 558; x_wconf 76' lang='grc' dir='ltr'>ὦς</span> 
     </span>
    </p>
   </div>
   <div class='ocr_carea' id='block_1_4' title="bbox 550 576 2606 656">
    <p class='ocr_par' dir='ltr' id='par_1_4' title="bbox 550 576 2606 656">
     <span class='ocr_line' id='line_1_4' title="bbox 550 576 2606 656; baseline 0.001 -24"><span class='ocrx_word' id='word_1_24' title='bbox 550 576 755 632; x_wconf 90' lang='lat' dir='ltr'><strong>homo.</strong></span> <span class='ocrx_word' id='word_1_25' title='bbox 791 579 937 632; x_wconf 86' lang='lat' dir='ltr'><strong>Nam</strong></span> <span class='ocrx_word' id='word_1_26' title='bbox 964 581 1019 632; x_wconf 90' lang='lat' dir='ltr'><strong>et</strong></span> <span class='ocrx_word' id='word_1_27' title='bbox 1046 577 1142 633; x_wconf 88' lang='lat' dir='ltr'><strong>hic</strong></span> <span class='ocrx_word' id='word_1_28' title='bbox 1172 582 1227 633; x_wconf 90' lang='lat' dir='ltr'><strong>et</strong></span> <span class='ocrx_word' id='word_1_29' title='bbox 1256 578 1316 633; x_wconf 89' lang='lat' dir='ltr'><strong>in</strong></span> <span class='ocrx_word' id='word_1_30' title='bbox 1347 578 1620 651; x_wconf 74' lang='lat' dir='ltr'><strong>sequenti</strong></span> <span class='ocrx_word' id='word_1_31' title='bbox 1654 580 1946 636; x_wconf 76' lang='lat' dir='ltr'><strong>sententia</strong></span> <span class='ocrx_word' id='word_1_32' title='bbox 1976 580 2207 655; x_wconf 81' lang='lat' dir='ltr'><strong>capitur</strong></span> <span class='ocrx_word' id='word_1_33' title='bbox 2316 580 2555 656; x_wconf 80' lang='grc' dir='ltr'>ἀνθρωπο</span> <span class='ocrx_word' id='word_1_34' title='bbox 2568 603 2606 644; x_wconf 88' lang='grc' dir='ltr'><strong>ς.</strong></span> 
     </span>
    </p>
   </div>
   <div class='ocr_carea' id='block_1_5' title="bbox 554 666 1133 738">
    <p class='ocr_par' dir='ltr' id='par_1_5' title="bbox 554 666 1133 738">
     <span class='ocr_line' id='line_1_5' title="bbox 554 666 1133 738; baseline 0.005 -21"><span class='ocrx_word' id='word_1_35' title='bbox 554 674 722 738; x_wconf 82' lang='grc' dir='ltr'>ιρωτῶ</span> <span class='ocrx_word' id='word_1_36' title='bbox 753 681 863 737; x_wconf 89' lang='lat' dir='ltr'><strong>pro</strong></span> <span class='ocrx_word' id='word_1_37' title='bbox 887 666 1133 722; x_wconf 82' lang='lat' dir='ltr'><strong>obsecro.</strong></span> 
     </span>
    </p>
   </div>
   <div class='ocr_carea' id='block_1_6' title="bbox 622 756 2196 839">
    <p class='ocr_par' dir='ltr' id='par_1_6' title="bbox 622 756 2196 829">
     <span class='ocr_line' id='line_1_6' title="bbox 622 756 2196 829; baseline 0.003 -19"><span class='ocrx_word' id='word_1_38' title='bbox 622 756 788 810; x_wconf 86' lang='lat' dir='ltr'><strong>Vers.</strong></span> <span class='ocrx_word' id='word_1_39' title='bbox 822 759 874 811; x_wconf 87' lang='lat'><strong>9.</strong></span> <span class='ocrx_word' id='word_1_40' title='bbox 904 756 1040 811; x_wconf 87' lang='lat' dir='ltr'><strong>Non</strong></span> <span class='ocrx_word' id='word_1_41' title='bbox 1070 787 1139 797; x_wconf 94' lang='lat'><strong>—</strong></span> <span class='ocrx_word' id='word_1_42' title='bbox 1168 763 1325 813; x_wconf 81' lang='lat' dir='ltr'><strong>sunt.</strong></span> <span class='ocrx_word' id='word_1_43' title='bbox 1362 758 1488 813; x_wconf 89' lang='lat' dir='ltr'><strong>Non</strong></span> <span class='ocrx_word' id='word_1_44' title='bbox 1516 772 1626 829; x_wconf 82' lang='lat' dir='ltr'><strong>pro</strong></span> <span class='ocrx_word' id='word_1_45' title='bbox 1664 759 1896 814; x_wconf 91' lang='lat' dir='ltr'><strong>mundo</strong></span> <span class='ocrx_word' id='word_1_46' title='bbox 1927 759 2196 815; x_wconf 82' lang='lat' dir='ltr'><strong>universo</strong></span> 
     </span>
    </p>
   </div>
   <div class='ocr_carea' id='block_1_7' title="bbox 2320 756 3959 839">
    <p class='ocr_par' dir='ltr' id='par_1_7' title="bbox 2384 760 3959 839">
     <span class='ocr_line' id='line_1_7' title="bbox 2384 760 3959 839; baseline 0.002 -28"><span class='ocrx_word' id='word_1_47' title='bbox 2384 760 2461 811; x_wconf 62' lang='lat'><strong>0&#39;3</strong></span> <span class='ocrx_word' id='word_1_48' title='bbox 2500 790 2567 803; x_wconf 73' lang='grc' dir='ltr'><strong>«ι-</strong></span> <span class='ocrx_word' id='word_1_49' title='bbox 2597 760 2747 815; x_wconf 80' lang='grc' dir='ltr'>ιίσιν.</span> <span class='ocrx_word' id='word_1_50' title='bbox 2775 760 2850 813; x_wconf 84' lang='grc' dir='ltr'>Ού</span> <span class='ocrx_word' id='word_1_51' title='bbox 2882 766 2999 834; x_wconf 79' lang='grc' dir='ltr'><strong>περὶ</strong></span> <span class='ocrx_word' id='word_1_52' title='bbox 3036 768 3129 814; x_wconf 83' lang='grc' dir='ltr'>τοῦ</span> <span class='ocrx_word' id='word_1_53' title='bbox 3160 766 3363 834; x_wconf 77' lang='grc' dir='ltr'>κόσμου</span> <span class='ocrx_word' id='word_1_54' title='bbox 3395 767 3588 826; x_wconf 80' lang='grc' dir='ltr'>παντὸς</span> <span class='ocrx_word' id='word_1_55' title='bbox 3616 765 3959 839; x_wconf 60' lang='grc' dir='ltr'>παρακαλῶ,</span> 
     </span>
    </p>
   </div>
   <div class='ocr_carea' id='block_1_8' title="bbox 551 844 2196 925">
    <p class='ocr_par' dir='ltr' id='par_1_8' title="bbox 551 844 2196 920">
     <span class='ocr_line' id='line_1_8' title="bbox 551 844 2196 920; baseline 0.002 -21"><span class='ocrx_word' id='word_1_56' title='bbox 551 859 782 916; x_wconf 82' lang='lat' dir='ltr'><strong>precor,</strong></span> <span class='ocrx_word' id='word_1_57' title='bbox 804 844 908 899; x_wconf 92' lang='lat' dir='ltr'><strong>sed</strong></span> <span class='ocrx_word' id='word_1_58' title='bbox 926 860 1035 913; x_wconf 85' lang='lat' dir='ltr'><strong>pro</strong></span> <span class='ocrx_word' id='word_1_59' title='bbox 1051 845 1145 900; x_wconf 86' lang='lat' dir='ltr'><strong>his</strong></span> <span class='ocrx_word' id='word_1_60' title='bbox 1164 846 1267 918; x_wconf 91' lang='lat' dir='ltr'><strong>qui</strong></span> <span class='ocrx_word' id='word_1_61' title='bbox 1317 847 1569 902; x_wconf 89' lang='lat' dir='ltr'><strong>credunt</strong></span> <span class='ocrx_word' id='word_1_62' title='bbox 1604 846 1666 903; x_wconf 92' lang='lat' dir='ltr'><strong>in</strong></span> <span class='ocrx_word' id='word_1_63' title='bbox 1698 863 1792 903; x_wconf 92' lang='lat' dir='ltr'><strong>me</strong></span> <span class='ocrx_word' id='word_1_64' title='bbox 1818 866 1831 915; x_wconf 90' lang='lat'><strong>;</strong></span> <span class='ocrx_word' id='word_1_65' title='bbox 1865 863 2007 903; x_wconf 86' lang='lat' dir='ltr'><strong>nam</strong></span> <span class='ocrx_word' id='word_1_66' title='bbox 2024 848 2196 920; x_wconf 86' lang='lat' dir='ltr'><strong>quiin</strong></span> 
     </span>
    </p>
   </div>
   <div class='ocr_carea' id='block_1_9' title="bbox 2320 844 3959 925">
    <p class='ocr_par' dir='ltr' id='par_1_9' title="bbox 2320 847 3959 925">
     <span class='ocr_line' id='line_1_9' title="bbox 2320 847 3959 925; baseline 0.003 -25"><span class='ocrx_word' id='word_1_67' title='bbox 2320 847 2442 900; x_wconf 71' lang='grc' dir='ltr'>ἀλλὰ</span> <span class='ocrx_word' id='word_1_68' title='bbox 2476 852 2594 922; x_wconf 77' lang='grc' dir='ltr'><strong>περὶ</strong></span> <span class='ocrx_word' id='word_1_69' title='bbox 2642 858 2743 901; x_wconf 84' lang='grc' dir='ltr'>τῶν</span> <span class='ocrx_word' id='word_1_70' title='bbox 2789 856 3136 903; x_wconf 75' lang='grc' dir='ltr'><strong>πιστευόντων</strong></span> <span class='ocrx_word' id='word_1_71' title='bbox 3187 851 3260 913; x_wconf 76' lang='grc' dir='ltr'><strong>εἰς</strong></span> <span class='ocrx_word' id='word_1_72' title='bbox 3446 855 3513 905; x_wconf 84' lang='grc' dir='ltr'><strong>Οἱ</strong></span> <span class='ocrx_word' id='word_1_73' title='bbox 3553 855 3659 925; x_wconf 69' lang='grc' dir='ltr'><strong>γὰρ</strong></span> <span class='ocrx_word' id='word_1_74' title='bbox 3693 858 3780 925; x_wconf 79' lang='grc' dir='ltr'><em>μὴ</em></span> <span class='ocrx_word' id='word_1_75' title='bbox 3816 872 3959 905; x_wconf 68' lang='grc' dir='ltr'>πισ-</span> 
     </span>
    </p>
   </div>
   <div class='ocr_carea' id='block_1_10' title="bbox 550 934 2196 1014">
    <p class='ocr_par' dir='ltr' id='par_1_10' title="bbox 550 934 2196 1009">
     <span class='ocr_line' id='line_1_10' title="bbox 550 934 2196 1009; baseline 0.004 -22"><span class='ocrx_word' id='word_1_76' title='bbox 550 948 645 988; x_wconf 88' lang='lat' dir='ltr'><strong>me</strong></span> <span class='ocrx_word' id='word_1_77' title='bbox 662 948 781 988; x_wconf 93' lang='lat' dir='ltr'><strong>non</strong></span> <span class='ocrx_word' id='word_1_78' title='bbox 801 934 1060 998; x_wconf 86' lang='lat' dir='ltr'><strong>credunt,</strong></span> <span class='ocrx_word' id='word_1_79' title='bbox 1085 935 1295 990; x_wconf 90' lang='lat' dir='ltr'><strong>nolunt</strong></span> <span class='ocrx_word' id='word_1_80' title='bbox 1313 940 1375 991; x_wconf 91' lang='lat' dir='ltr'><strong>ut</strong></span> <span class='ocrx_word' id='word_1_81' title='bbox 1393 950 1501 1007; x_wconf 87' lang='lat' dir='ltr'><strong>pro</strong></span> <span class='ocrx_word' id='word_1_82' title='bbox 1524 935 1611 991; x_wconf 88' lang='lat' dir='ltr'><strong>eis</strong></span> <span class='ocrx_word' id='word_1_83' title='bbox 1641 953 1828 992; x_wconf 87' lang='lat' dir='ltr'><strong>orem.</strong></span> <span class='ocrx_word' id='word_1_84' title='bbox 1854 939 2196 1009; x_wconf 74' lang='lat' dir='ltr'><strong>Frequenter</strong></span> 
     </span>
    </p>
   </div>
   <div class='ocr_carea' id='block_1_11' title="bbox 2320 934 3956 1014">
    <p class='ocr_par' dir='ltr' id='par_1_11' title="bbox 2320 938 3956 1014">
     <span class='ocr_line' id='line_1_11' title="bbox 2320 938 3956 1014; baseline 0.002 -24"><span class='ocrx_word' id='word_1_85' title='bbox 2320 941 2542 999; x_wconf 73' lang='grc' dir='ltr'>τεύοντες</span> <span class='ocrx_word' id='word_1_86' title='bbox 2574 938 2631 990; x_wconf 80' lang='grc' dir='ltr'><strong>ού</strong></span> <span class='ocrx_word' id='word_1_87' title='bbox 2664 938 2899 991; x_wconf 74' lang='grc' dir='ltr'><strong>θέλουσιν</strong></span> <span class='ocrx_word' id='word_1_88' title='bbox 2927 940 3010 991; x_wconf 84' lang='grc' dir='ltr'>ἶνα</span> <span class='ocrx_word' id='word_1_89' title='bbox 3037 945 3155 1013; x_wconf 79' lang='grc' dir='ltr'><strong>περὶ</strong></span> <span class='ocrx_word' id='word_1_90' title='bbox 3182 940 3347 992; x_wconf 68' lang='grc' dir='ltr'>αὐτῶν</span> <span class='ocrx_word' id='word_1_91' title='bbox 3376 942 3679 1014; x_wconf 78' lang='grc' dir='ltr'>παρακαλῶ.</span> <span class='ocrx_word' id='word_1_92' title='bbox 3722 948 3956 1003; x_wconf 57' lang='lat' dir='ltr'><strong>ﬂuvii;</strong></span> 
     </span>
    </p>
   </div>
   <div class='ocr_carea' id='block_1_12' title="bbox 550 1023 2196 1105">
    <p class='ocr_par' dir='ltr' id='par_1_12' title="bbox 550 1023 2196 1094">
     <span class='ocr_line' id='line_1_12' title="bbox 550 1023 2196 1094; baseline 0.003 -17"><span class='ocrx_word' id='word_1_93' title='bbox 550 1028 751 1078; x_wconf 89' lang='lat' dir='ltr'><strong>autem</strong></span> <span class='ocrx_word' id='word_1_94' title='bbox 809 1024 975 1094; x_wconf 88' lang='lat' dir='ltr'><strong>ponit</strong></span> <span class='ocrx_word' id='word_1_95' title='bbox 1022 1023 1271 1078; x_wconf 80' lang='lat' dir='ltr'><strong>verbum</strong></span> <span class='ocrx_word' id='word_1_96' title='bbox 1328 1025 1556 1091; x_wconf 79' lang='lat' dir='ltr'><strong>dedisti,</strong></span> <span class='ocrx_word' id='word_1_97' title='bbox 1606 1032 1667 1080; x_wconf 90' lang='lat' dir='ltr'><strong>ut</strong></span> <span class='ocrx_word' id='word_1_98' title='bbox 1696 1026 1926 1081; x_wconf 84' lang='lat' dir='ltr'><strong>ﬁrmius</strong></span> <span class='ocrx_word' id='word_1_99' title='bbox 1951 1024 2196 1093; x_wconf 82' lang='lat' dir='ltr'><strong>discant,</strong></span> 
     </span>
    </p>
   </div>
   <div class='ocr_carea' id='block_1_13' title="bbox 2320 1023 3951 1105">
    <p class='ocr_par' dir='ltr' id='par_1_13' title="bbox 2320 1023 3951 1105">
     <span class='ocr_line' id='line_1_13' title="bbox 2320 1023 3951 1105; baseline 0.003 -27"><span class='ocrx_word' id='word_1_100' title='bbox 2320 1023 2374 1078; x_wconf 73' lang='grc' dir='ltr'><strong>δὲ</strong></span> <span class='ocrx_word' id='word_1_101' title='bbox 2418 1028 2601 1084; x_wconf 82' lang='grc' dir='ltr'>τίθησι</span> <span class='ocrx_word' id='word_1_102' title='bbox 2658 1031 2717 1079; x_wconf 78' lang='grc' dir='ltr'>τό</span> <span class='ocrx_word' id='word_1_103' title='bbox 2764 1025 3024 1094; x_wconf 70' lang='grc' dir='ltr'><strong>Δέδωκςξς,</strong></span> <span class='ocrx_word' id='word_1_104' title='bbox 3091 1030 3172 1081; x_wconf 81' lang='grc' dir='ltr'>ἵνα</span> <span class='ocrx_word' id='word_1_105' title='bbox 3226 1031 3437 1102; x_wconf 78' lang='grc' dir='ltr'>μάθωσι</span> <span class='ocrx_word' id='word_1_106' title='bbox 3484 1029 3832 1105; x_wconf 74' lang='grc' dir='ltr'>βεϐαιότερον</span> <span class='ocrx_word' id='word_1_107' title='bbox 3868 1034 3951 1083; x_wconf 79' lang='grc' dir='ltr'>ὅτι</span> 
     </span>
    </p>
   </div>
   <div class='ocr_carea' id='block_1_14' title="bbox 549 1111 2196 1190">
    <p class='ocr_par' dir='ltr' id='par_1_14' title="bbox 549 1111 2196 1184">
     <span class='ocr_line' id='line_1_14' title="bbox 549 1111 2196 1184; baseline 0.002 -17"><span class='ocrx_word' id='word_1_108' title='bbox 549 1111 716 1184; x_wconf 89' lang='lat' dir='ltr'><strong>quod</strong></span> <span class='ocrx_word' id='word_1_109' title='bbox 764 1112 944 1168; x_wconf 84' lang='lat' dir='ltr'><strong>Patris</strong></span> <span class='ocrx_word' id='word_1_110' title='bbox 1000 1112 1277 1168; x_wconf 80' lang='lat' dir='ltr'><strong>voluntas</strong></span> <span class='ocrx_word' id='word_1_111' title='bbox 1317 1114 1388 1169; x_wconf 86' lang='lat' dir='ltr'><strong>sit</strong></span> <span class='ocrx_word' id='word_1_112' title='bbox 1420 1118 1482 1169; x_wconf 93' lang='lat' dir='ltr'><strong>ut</strong></span> <span class='ocrx_word' id='word_1_113' title='bbox 1538 1114 1815 1171; x_wconf 83' lang='lat' dir='ltr'><strong>credatur</strong></span> <span class='ocrx_word' id='word_1_114' title='bbox 1879 1116 1938 1170; x_wconf 92' lang='lat' dir='ltr'><strong>in</strong></span> <span class='ocrx_word' id='word_1_115' title='bbox 1973 1114 2196 1171; x_wconf 83' lang='lat' dir='ltr'><strong>Filium.</strong></span> 
     </span>
    </p>
   </div>
   <div class='ocr_carea' id='block_1_15' title="bbox 2320 1111 3944 1190">
    <p class='ocr_par' dir='ltr' id='par_1_15' title="bbox 2320 1115 3944 1190">
     <span class='ocr_line' id='line_1_15' title="bbox 2320 1115 3944 1190; baseline 0.004 -24"><span class='ocrx_word' id='word_1_116' title='bbox 2320 1115 2513 1187; x_wconf 66' lang='grc' dir='ltr'>θέλημα</span> <span class='ocrx_word' id='word_1_117' title='bbox 2559 1124 2651 1167; x_wconf 82' lang='grc' dir='ltr'>τοῦ</span> <span class='ocrx_word' id='word_1_118' title='bbox 2710 1120 2914 1190; x_wconf 80' lang='grc' dir='ltr'><strong>Πατρός</strong></span> <span class='ocrx_word' id='word_1_119' title='bbox 2973 1120 3082 1169; x_wconf 80' lang='grc' dir='ltr'>ἐστι</span> <span class='ocrx_word' id='word_1_120' title='bbox 3141 1121 3199 1170; x_wconf 82' lang='grc' dir='ltr'>τὸ</span> <span class='ocrx_word' id='word_1_121' title='bbox 3258 1122 3518 1171; x_wconf 69' lang='grc' dir='ltr'>πιστεύειν</span> <span class='ocrx_word' id='word_1_122' title='bbox 3557 1119 3629 1180; x_wconf 77' lang='grc' dir='ltr'><strong>εἰς</strong></span> <span class='ocrx_word' id='word_1_123' title='bbox 3666 1140 3767 1172; x_wconf 84' lang='grc' dir='ltr'><strong>τον</strong></span> <span class='ocrx_word' id='word_1_124' title='bbox 3796 1124 3944 1174; x_wconf 79' lang='grc' dir='ltr'><strong>Υἱὸν.</strong></span> 
     </span>
    </p>
   </div>
   <div class='ocr_carea' id='block_1_16' title="bbox 551 1201 2205 1272">
    <p class='ocr_par' dir='ltr' id='par_1_16' title="bbox 551 1201 2205 1272">
     <span class='ocr_line' id='line_1_16' title="bbox 551 1201 2205 1272; baseline 0.002 -17"><span class='ocrx_word' id='word_1_125' title='bbox 551 1202 765 1256; x_wconf 84' lang='lat' dir='ltr'><strong>Verum</strong></span> <span class='ocrx_word' id='word_1_126' title='bbox 792 1202 949 1272; x_wconf 89' lang='lat' dir='ltr'><strong>quia,</strong></span> <span class='ocrx_word' id='word_1_127' title='bbox 984 1201 1226 1265; x_wconf 77' lang='lat' dir='ltr'><strong>Dedisti,</strong></span> <span class='ocrx_word' id='word_1_128' title='bbox 1262 1208 1318 1257; x_wconf 92' lang='lat' dir='ltr'><strong>et</strong></span> <span class='ocrx_word' id='word_1_129' title='bbox 1347 1203 1455 1258; x_wconf 85' lang='lat' dir='ltr'><strong>Tui</strong></span> <span class='ocrx_word' id='word_1_130' title='bbox 1483 1209 1643 1269; x_wconf 80' lang='lat' dir='ltr'><strong>sunt,</strong></span> <span class='ocrx_word' id='word_1_131' title='bbox 1694 1219 1763 1259; x_wconf 91' lang='lat' dir='ltr'><strong>ac</strong></span> <span class='ocrx_word' id='word_1_132' title='bbox 1794 1203 2033 1268; x_wconf 83' lang='lat' dir='ltr'><strong>similia,</strong></span> <span class='ocrx_word' id='word_1_133' title='bbox 2065 1204 2205 1259; x_wconf 89' lang='lat' dir='ltr'><strong>insi-</strong></span> 
     </span>
    </p>
   </div>
   <div class='ocr_carea' id='block_1_17' title="bbox 540 1290 2201 1363">
    <p class='ocr_par' dir='ltr' id='par_1_17' title="bbox 540 1290 2201 1363">
     <span class='ocr_line' id='line_1_17' title="bbox 540 1290 2201 1363; baseline 0.001 -18"><span class='ocrx_word' id='word_1_134' title='bbox 540 1290 847 1362; x_wconf 86' lang='lat' dir='ltr'><strong>pientibus</strong></span> <span class='ocrx_word' id='word_1_135' title='bbox 908 1303 1125 1361; x_wconf 88' lang='lat' dir='ltr'><strong>pravas</strong></span> <span class='ocrx_word' id='word_1_136' title='bbox 1194 1296 1551 1361; x_wconf 77' lang='lat' dir='ltr'><strong>generatum</strong></span> <span class='ocrx_word' id='word_1_137' title='bbox 1580 1297 1749 1348; x_wconf 86' lang='lat' dir='ltr'><strong>erant</strong></span> <span class='ocrx_word' id='word_1_138' title='bbox 1807 1293 2201 1363; x_wconf 87' lang='lat' dir='ltr'><strong>suspiciones,</strong></span> 
     </span>
    </p>
   </div>
   <div class='ocr_carea' id='block_1_18' title="bbox 548 1378 2204 1453">
    <p class='ocr_par' dir='ltr' id='par_1_18' title="bbox 548 1378 2204 1453">
     <span class='ocr_line' id='line_1_18' title="bbox 548 1378 2204 1453; baseline 0.002 -20"><span class='ocrx_word' id='word_1_139' title='bbox 548 1393 761 1450; x_wconf 85' lang='lat' dir='ltr'><strong>nempe</strong></span> <span class='ocrx_word' id='word_1_140' title='bbox 781 1378 946 1450; x_wconf 86' lang='lat' dir='ltr'><strong>quod</strong></span> <span class='ocrx_word' id='word_1_141' title='bbox 974 1379 1162 1449; x_wconf 84' lang='lat' dir='ltr'><strong>major</strong></span> <span class='ocrx_word' id='word_1_142' title='bbox 1182 1385 1239 1434; x_wconf 90' lang='lat' dir='ltr'><strong>et</strong></span> <span class='ocrx_word' id='word_1_143' title='bbox 1269 1379 1572 1451; x_wconf 83' lang='lat' dir='ltr'><strong>antiquior</strong></span> <span class='ocrx_word' id='word_1_144' title='bbox 1601 1386 1761 1437; x_wconf 87' lang='lat' dir='ltr'><strong>esset</strong></span> <span class='ocrx_word' id='word_1_145' title='bbox 1786 1380 1972 1436; x_wconf 84' lang='lat' dir='ltr'><strong>Patris</strong></span> <span class='ocrx_word' id='word_1_146' title='bbox 2001 1385 2204 1453; x_wconf 90' lang='lat' dir='ltr'><strong>poten-</strong></span> 
     </span>
    </p>
   </div>
   <div class='ocr_carea' id='block_1_19' title="bbox 548 1466 1275 1535">
    <p class='ocr_par' dir='ltr' id='par_1_19' title="bbox 548 1466 1275 1535">
     <span class='ocr_line' id='line_1_19' title="bbox 548 1466 1275 1535; baseline -0.001 -11"><span class='ocrx_word' id='word_1_147' title='bbox 548 1468 650 1535; x_wconf 85' lang='lat' dir='ltr'><strong>tia,</strong></span> <span class='ocrx_word' id='word_1_148' title='bbox 682 1467 794 1523; x_wconf 88' lang='lat' dir='ltr'><strong>has</strong></span> <span class='ocrx_word' id='word_1_149' title='bbox 835 1467 1005 1523; x_wconf 79' lang='lat' dir='ltr'><strong>solvit</strong></span> <span class='ocrx_word' id='word_1_150' title='bbox 1028 1466 1235 1523; x_wconf 91' lang='lat' dir='ltr'><strong>dicens</strong></span> <span class='ocrx_word' id='word_1_151' title='bbox 1263 1491 1275 1523; x_wconf 91' lang='lat'><strong>:</strong></span> 
     </span>
    </p>
   </div>
   <div class='ocr_carea' id='block_1_20' title="bbox 620 1556 2203 1631">
    <p class='ocr_par' dir='ltr' id='par_1_20' title="bbox 620 1556 2203 1631">
     <span class='ocr_line' id='line_1_20' title="bbox 620 1556 2203 1631; baseline 0.003 -22"><span class='ocrx_word' id='word_1_152' title='bbox 620 1556 785 1612; x_wconf 87' lang='lat' dir='ltr'><strong>Vers.</strong></span> <span class='ocrx_word' id='word_1_153' title='bbox 817 1558 903 1612; x_wconf 90' lang='grc' dir='ltr'><strong>1ο.</strong></span> <span class='ocrx_word' id='word_1_154' title='bbox 944 1557 1023 1613; x_wconf 84' lang='lat' dir='ltr'><strong>Et</strong></span> <span class='ocrx_word' id='word_1_155' title='bbox 1059 1586 1130 1597; x_wconf 96' lang='lat'><strong>—</strong></span> <span class='ocrx_word' id='word_1_156' title='bbox 1158 1571 1309 1613; x_wconf 88' lang='lat' dir='ltr'><strong>mea.</strong></span> <span class='ocrx_word' id='word_1_157' title='bbox 1368 1557 1552 1613; x_wconf 84' lang='lat' dir='ltr'><strong>Vides</strong></span> <span class='ocrx_word' id='word_1_158' title='bbox 1608 1558 1907 1615; x_wconf 89' lang='lat' dir='ltr'><strong>honorum</strong></span> <span class='ocrx_word' id='word_1_159' title='bbox 1960 1558 2203 1631; x_wconf 65' lang='lat' dir='ltr'><strong>aequali-</strong></span> 
     </span>
    </p>
   </div>
   <div class='ocr_carea' id='block_1_21' title="bbox 538 1645 2198 1718">
    <p class='ocr_par' dir='ltr' id='par_1_21' title="bbox 538 1645 2198 1718">
     <span class='ocr_line' id='line_1_21' title="bbox 538 1645 2198 1718; baseline 0 -16"><span class='ocrx_word' id='word_1_160' title='bbox 538 1650 726 1702; x_wconf 73' lang='lat' dir='ltr'><strong>tatem</strong></span> <span class='ocrx_word' id='word_1_161' title='bbox 766 1646 795 1703; x_wconf 71' lang='grc' dir='ltr'><strong>γ</strong></span> <span class='ocrx_word' id='word_1_162' title='bbox 826 1660 968 1701; x_wconf 90' lang='lat' dir='ltr'><strong>nam</strong></span> <span class='ocrx_word' id='word_1_163' title='bbox 1014 1645 1125 1701; x_wconf 84' lang='lat' dir='ltr'><strong>hoc</strong></span> <span class='ocrx_word' id='word_1_164' title='bbox 1156 1646 1455 1718; x_wconf 78' lang='lat' dir='ltr'><strong>signiﬁcat</strong></span> <span class='ocrx_word' id='word_1_165' title='bbox 1492 1661 1654 1702; x_wconf 90' lang='lat' dir='ltr'><strong>nunc</strong></span> <span class='ocrx_word' id='word_1_166' title='bbox 1694 1646 1808 1702; x_wconf 90' lang='lat' dir='ltr'><strong>ista</strong></span> <span class='ocrx_word' id='word_1_167' title='bbox 1866 1647 2198 1702; x_wconf 79' lang='lat' dir='ltr'><strong>conversio.</strong></span> 
     </span>
    </p>
   </div>
   <div class='ocr_carea' id='block_1_22' title="bbox 549 1733 2200 1807">
    <p class='ocr_par' dir='ltr' id='par_1_22' title="bbox 549 1733 2200 1807">
     <span class='ocr_line' id='line_1_22' title="bbox 549 1733 2200 1807; baseline 0.001 -18"><span class='ocrx_word' id='word_1_168' title='bbox 549 1733 697 1789; x_wconf 88' lang='lat' dir='ltr'><strong>Cum</strong></span> <span class='ocrx_word' id='word_1_169' title='bbox 729 1734 889 1788; x_wconf 87' lang='lat' dir='ltr'><strong>enim</strong></span> <span class='ocrx_word' id='word_1_170' title='bbox 921 1733 1085 1797; x_wconf 82' lang='lat' dir='ltr'><strong>dixit,</strong></span> <span class='ocrx_word' id='word_1_171' title='bbox 1125 1735 1233 1788; x_wconf 85' lang='lat' dir='ltr'><strong>Tui</strong></span> <span class='ocrx_word' id='word_1_172' title='bbox 1251 1742 1404 1800; x_wconf 83' lang='lat' dir='ltr'><strong>sunt,</strong></span> <span class='ocrx_word' id='word_1_173' title='bbox 1441 1734 1717 1799; x_wconf 84' lang='lat' dir='ltr'><strong>ostendit,</strong></span> <span class='ocrx_word' id='word_1_174' title='bbox 1740 1734 1904 1807; x_wconf 89' lang='lat' dir='ltr'><strong>quod</strong></span> <span class='ocrx_word' id='word_1_175' title='bbox 1932 1736 2107 1791; x_wconf 89' lang='lat' dir='ltr'><strong>etiam</strong></span> <span class='ocrx_word' id='word_1_176' title='bbox 2138 1735 2200 1791; x_wconf 86' lang='lat' dir='ltr'><strong>hi</strong></span> 
     </span>
    </p>
   </div>
   <div class='ocr_carea' id='block_1_23' title="bbox 2309 1201 3947 1279">
    <p class='ocr_par' dir='ltr' id='par_1_23' title="bbox 2309 1201 3947 1279">
     <span class='ocr_line' id='line_1_23' title="bbox 2309 1201 3947 1279; baseline 0.004 -24"><span class='ocrx_word' id='word_1_177' title='bbox 2309 1202 2480 1276; x_wconf 75' lang='grc' dir='ltr'><strong>[Ἐπεὶ</strong></span> <span class='ocrx_word' id='word_1_178' title='bbox 2520 1204 2633 1273; x_wconf 76' lang='grc'>(84)</span> <span class='ocrx_word' id='word_1_179' title='bbox 2682 1201 2740 1257; x_wconf 60' lang='grc' dir='ltr'><strong>δί</strong></span> <span class='ocrx_word' id='word_1_180' title='bbox 2781 1209 2835 1257; x_wconf 87' lang='grc' dir='ltr'>τὸ</span> <span class='ocrx_word' id='word_1_181' title='bbox 2896 1203 3133 1267; x_wconf 76' lang='grc' dir='ltr'><strong>Δέδωκάς</strong></span> <span class='ocrx_word' id='word_1_182' title='bbox 3170 1227 3278 1279; x_wconf 78' lang='grc' dir='ltr'>μοι,</span> <span class='ocrx_word' id='word_1_183' title='bbox 3317 1213 3408 1260; x_wconf 77' lang='grc' dir='ltr'><strong>καὶ</strong></span> <span class='ocrx_word' id='word_1_184' title='bbox 3435 1212 3495 1260; x_wconf 87' lang='grc' dir='ltr'>τό</span> <span class='ocrx_word' id='word_1_185' title='bbox 3539 1214 3627 1261; x_wconf 77' lang='grc' dir='ltr'><strong>Σοὶ</strong></span> <span class='ocrx_word' id='word_1_186' title='bbox 3675 1209 3817 1278; x_wconf 78' lang='grc' dir='ltr'>εἱσι,</span> <span class='ocrx_word' id='word_1_187' title='bbox 3851 1216 3947 1261; x_wconf 75' lang='grc' dir='ltr'><strong>καὶ</strong></span> 
     </span>
    </p>
   </div>
   <div class='ocr_carea' id='block_1_24' title="bbox 2312 1288 3945 1369">
    <p class='ocr_par' dir='ltr' id='par_1_24' title="bbox 2312 1288 3945 1369">
     <span class='ocr_line' id='line_1_24' title="bbox 2312 1288 3945 1369; baseline 0.004 -25"><span class='ocrx_word' id='word_1_188' title='bbox 2312 1295 2376 1345; x_wconf 83' lang='grc' dir='ltr'>τὰ</span> <span class='ocrx_word' id='word_1_189' title='bbox 2401 1288 2616 1345; x_wconf 76' lang='grc' dir='ltr'>τοιαῦτα</span> <span class='ocrx_word' id='word_1_190' title='bbox 2661 1292 2861 1365; x_wconf 80' lang='grc' dir='ltr'><strong>ἔμελλον</strong></span> <span class='ocrx_word' id='word_1_191' title='bbox 2902 1293 3191 1366; x_wconf 71' lang='grc' dir='ltr'><strong>ἐμποιῆσαι</strong></span> <span class='ocrx_word' id='word_1_192' title='bbox 3237 1304 3342 1357; x_wconf 86' lang='grc' dir='ltr'>τοῖς</span> <span class='ocrx_word' id='word_1_193' title='bbox 3386 1295 3655 1359; x_wconf 77' lang='grc' dir='ltr'>ἀσυνέτοις</span> <span class='ocrx_word' id='word_1_194' title='bbox 3688 1297 3945 1369; x_wconf 61' lang='grc' dir='ltr'>ὑποψίας</span> 
     </span>
    </p>
   </div>
   <div class='ocr_carea' id='block_1_25' title="bbox 2312 1382 3947 1459">
    <p class='ocr_par' dir='ltr' id='par_1_25' title="bbox 2312 1382 3947 1459">
     <span class='ocr_line' id='line_1_25' title="bbox 2312 1382 3947 1459; baseline 0.004 -26"><span class='ocrx_word' id='word_1_195' title='bbox 2312 1401 2541 1455; x_wconf 83' lang='grc' dir='ltr'>πονηρας</span> <span class='ocrx_word' id='word_1_196' title='bbox 2570 1384 2649 1434; x_wconf 83' lang='grc' dir='ltr'>ὅτι</span> <span class='ocrx_word' id='word_1_197' title='bbox 2678 1384 2870 1454; x_wconf 73' lang='grc' dir='ltr'><strong>μείζων</strong></span> <span class='ocrx_word' id='word_1_198' title='bbox 2896 1385 2925 1441; x_wconf 80' lang='grc' dir='ltr'><strong>ἠ</strong></span> <span class='ocrx_word' id='word_1_199' title='bbox 2953 1382 3165 1446; x_wconf 73' lang='grc' dir='ltr'>ἐξουσία</span> <span class='ocrx_word' id='word_1_200' title='bbox 3190 1391 3279 1437; x_wconf 81' lang='grc' dir='ltr'>τοῦ</span> <span class='ocrx_word' id='word_1_201' title='bbox 3312 1389 3513 1459; x_wconf 81' lang='grc' dir='ltr'><strong>Πατρός</strong></span> <span class='ocrx_word' id='word_1_202' title='bbox 3534 1390 3625 1439; x_wconf 74' lang='grc' dir='ltr'><strong>καὶ</strong></span> <span class='ocrx_word' id='word_1_203' title='bbox 3644 1405 3947 1459; x_wconf 70' lang='grc' dir='ltr'>προγενεσ-</span> 
     </span>
    </p>
   </div>
   <div class='ocr_carea' id='block_1_26' title="bbox 2308 1470 3025 1545">
    <p class='ocr_par' dir='ltr' id='par_1_26' title="bbox 2308 1470 3025 1545">
     <span class='ocr_line' id='line_1_26' title="bbox 2308 1470 3025 1545; baseline 0.006 -23"><span class='ocrx_word' id='word_1_204' title='bbox 2308 1475 2449 1545; x_wconf 81' lang='grc' dir='ltr'>τέρα,</span> <span class='ocrx_word' id='word_1_205' title='bbox 2473 1470 2581 1523; x_wconf 79' lang='grc' dir='ltr'>λύει</span> <span class='ocrx_word' id='word_1_206' title='bbox 2606 1474 2801 1533; x_wconf 89' lang='grc' dir='ltr'>ταύτας</span> <span class='ocrx_word' id='word_1_207' title='bbox 2823 1471 3025 1543; x_wconf 59' lang='grc' dir='ltr'><strong>λέγων]</strong></span> 
     </span>
    </p>
   </div>
   <div class='ocr_carea' id='block_1_27' title="bbox 2386 1557 3950 1637">
    <p class='ocr_par' dir='ltr' id='par_1_27' title="bbox 2386 1557 3950 1637">
     <span class='ocr_line' id='line_1_27' title="bbox 2386 1557 3950 1637; baseline 0.003 -25"><span class='ocrx_word' id='word_1_208' title='bbox 2386 1564 2484 1613; x_wconf 78' lang='grc' dir='ltr'>Καὶ</span> <span class='ocrx_word' id='word_1_209' title='bbox 2532 1588 2599 1621; x_wconf 68' lang='grc' dir='ltr'><strong>-τ</strong></span> <span class='ocrx_word' id='word_1_210' title='bbox 2648 1559 2763 1632; x_wconf 74' lang='grc' dir='ltr'><strong>ἐμά.</strong></span> <span class='ocrx_word' id='word_1_211' title='bbox 2825 1557 2978 1623; x_wconf 75' lang='grc' dir='ltr'>Εἶδες</span> <span class='ocrx_word' id='word_1_212' title='bbox 3032 1560 3296 1634; x_wconf 75' lang='grc' dir='ltr'><strong>ἰσοτιμίαν</strong></span> <span class='ocrx_word' id='word_1_213' title='bbox 3338 1579 3352 1628; x_wconf 89' lang='grc'>;</span> <span class='ocrx_word' id='word_1_214' title='bbox 3408 1570 3561 1615; x_wconf 79' lang='grc' dir='ltr'>τοῦτο</span> <span class='ocrx_word' id='word_1_215' title='bbox 3612 1566 3723 1637; x_wconf 72' lang='grc' dir='ltr'><strong>γὰρ</strong></span> <span class='ocrx_word' id='word_1_216' title='bbox 3777 1562 3950 1621; x_wconf 65' lang='grc' dir='ltr'>δηλοῖ</span> 
     </span>
    </p>
   </div>
   <div class='ocr_carea' id='block_1_28' title="bbox 2308 1645 3943 1723">
    <p class='ocr_par' dir='ltr' id='par_1_28' title="bbox 2308 1645 3943 1723">
     <span class='ocr_line' id='line_1_28' title="bbox 2308 1645 3943 1723; baseline 0.004 -26"><span class='ocrx_word' id='word_1_217' title='bbox 2308 1654 2395 1698; x_wconf 80' lang='grc' dir='ltr'>νῦν</span> <span class='ocrx_word' id='word_1_218' title='bbox 2452 1649 2483 1705; x_wconf 80' lang='grc' dir='ltr'>ἡ</span> <span class='ocrx_word' id='word_1_219' title='bbox 2545 1650 2882 1723; x_wconf 76' lang='grc' dir='ltr'>ἀντιστροφή.</span> <span class='ocrx_word' id='word_1_220' title='bbox 2963 1648 3134 1701; x_wconf 75' lang='grc' dir='ltr'><strong>Εἰπὼν</strong></span> <span class='ocrx_word' id='word_1_221' title='bbox 3190 1653 3281 1722; x_wconf 66' lang='grc' dir='ltr'><strong>μὶν</strong></span> <span class='ocrx_word' id='word_1_222' title='bbox 3332 1645 3419 1703; x_wconf 77' lang='grc' dir='ltr'>οὖν</span> <span class='ocrx_word' id='word_1_223' title='bbox 3473 1653 3553 1703; x_wconf 82' lang='grc' dir='ltr'>ὅτι</span> <span class='ocrx_word' id='word_1_224' title='bbox 3611 1656 3703 1703; x_wconf 78' lang='grc' dir='ltr'><strong>Σοί</strong></span> <span class='ocrx_word' id='word_1_225' title='bbox 3768 1652 3943 1716; x_wconf 72' lang='grc' dir='ltr'>εἰσιν,</span> 
     </span>
    </p>
   </div>
   <div class='ocr_carea' id='block_1_29' title="bbox 2310 1731 3950 1807">
    <p class='ocr_par' dir='ltr' id='par_1_29' title="bbox 2310 1731 3950 1807">
     <span class='ocr_line' id='line_1_29' title="bbox 2310 1731 3950 1807; baseline 0.003 -21"><span class='ocrx_word' id='word_1_226' title='bbox 2310 1731 2498 1796; x_wconf 79' lang='grc' dir='ltr'><strong>ἔδειξεν</strong></span> <span class='ocrx_word' id='word_1_227' title='bbox 2578 1737 2659 1786; x_wconf 84' lang='grc' dir='ltr'>ὅτι</span> <span class='ocrx_word' id='word_1_228' title='bbox 2720 1740 2807 1786; x_wconf 79' lang='grc' dir='ltr'><strong>καὶ</strong></span> <span class='ocrx_word' id='word_1_229' title='bbox 2859 1732 3091 1797; x_wconf 73' lang='grc' dir='ltr'><strong>δοθέντες</strong></span> <span class='ocrx_word' id='word_1_230' title='bbox 3164 1736 3306 1807; x_wconf 82' lang='grc' dir='ltr'>αύτῷ</span> <span class='ocrx_word' id='word_1_231' title='bbox 3377 1747 3471 1798; x_wconf 85' lang='grc' dir='ltr'>τῆς</span> <span class='ocrx_word' id='word_1_232' title='bbox 3532 1737 3782 1800; x_wconf 76' lang='grc' dir='ltr'>ἐξουσίας</span> <span class='ocrx_word' id='word_1_233' title='bbox 3844 1748 3950 1792; x_wconf 73' lang='grc' dir='ltr'>τοῦ</span> 
     </span>
    </p>
   </div>
   <div class='ocr_carea' id='block_1_30' title="bbox 545 1820 2196 1899">
    <p class='ocr_par' dir='ltr' id='par_1_30' title="bbox 545 1824 2196 1897">
     <span class='ocr_line' id='line_1_30' title="bbox 545 1824 2196 1897; baseline 0 -18"><span class='ocrx_word' id='word_1_234' title='bbox 545 1825 648 1896; x_wconf 86' lang='lat' dir='ltr'><strong>qui</strong></span> <span class='ocrx_word' id='word_1_235' title='bbox 690 1824 803 1878; x_wconf 84' lang='lat' dir='ltr'><strong>sibi</strong></span> <span class='ocrx_word' id='word_1_236' title='bbox 829 1824 952 1878; x_wconf 89' lang='lat' dir='ltr'><strong>dati</strong></span> <span class='ocrx_word' id='word_1_237' title='bbox 982 1828 1138 1887; x_wconf 87' lang='lat' dir='ltr'><strong>sunt,</strong></span> <span class='ocrx_word' id='word_1_238' title='bbox 1165 1828 1429 1894; x_wconf 67' lang='lat' dir='ltr'><strong>paterna:</strong></span> <span class='ocrx_word' id='word_1_239' title='bbox 1460 1824 1577 1879; x_wconf 91' lang='lat' dir='ltr'><strong>sint</strong></span> <span class='ocrx_word' id='word_1_240' title='bbox 1603 1825 1934 1897; x_wconf 84' lang='lat' dir='ltr'><strong>potestatis,</strong></span> <span class='ocrx_word' id='word_1_241' title='bbox 1964 1840 2038 1879; x_wconf 90' lang='lat' dir='ltr'><strong>ne</strong></span> <span class='ocrx_word' id='word_1_242' title='bbox 2064 1825 2196 1897; x_wconf 90' lang='lat' dir='ltr'><strong>quis</strong></span> 
     </span>
    </p>
   </div>
   <div class='ocr_carea' id='block_1_31' title="bbox 2320 1820 3947 1899">
    <p class='ocr_par' dir='ltr' id='par_1_31' title="bbox 2320 1820 3947 1899">
     <span class='ocr_line' id='line_1_31' title="bbox 2320 1820 3947 1899; baseline 0.003 -24"><span class='ocrx_word' id='word_1_243' title='bbox 2320 1828 2515 1896; x_wconf 82' lang='grc' dir='ltr'>Πατρός</span> <span class='ocrx_word' id='word_1_244' title='bbox 2562 1824 2710 1876; x_wconf 84' lang='grc' dir='ltr'>εἰσιν.</span> <span class='ocrx_word' id='word_1_245' title='bbox 2772 1822 2883 1877; x_wconf 86' lang='grc' dir='ltr'>Ἰνα</span> <span class='ocrx_word' id='word_1_246' title='bbox 2930 1820 2991 1877; x_wconf 66' lang='grc' dir='ltr'><strong>δὲ</strong></span> <span class='ocrx_word' id='word_1_247' title='bbox 3042 1830 3115 1897; x_wconf 74' lang='grc' dir='ltr'><strong>μὴ</strong></span> <span class='ocrx_word' id='word_1_248' title='bbox 3170 1830 3361 1899; x_wconf 76' lang='grc' dir='ltr'>νομίσῃ</span> <span class='ocrx_word' id='word_1_249' title='bbox 3412 1845 3491 1888; x_wconf 87' lang='grc' dir='ltr'><strong>τις</strong></span> <span class='ocrx_word' id='word_1_250' title='bbox 3548 1826 3791 1880; x_wconf 73' lang='grc' dir='ltr'>ἐντεῦθεν</span> <span class='ocrx_word' id='word_1_251' title='bbox 3858 1831 3947 1880; x_wconf 82' lang='grc' dir='ltr'>ὅτι</span> 
     </span>
    </p>
   </div>
   <div class='ocr_carea' id='block_1_32' title="bbox 544 1913 2199 1983">
    <p class='ocr_par' dir='ltr' id='par_1_32' title="bbox 544 1913 2199 1983">
     <span class='ocr_line' id='line_1_32' title="bbox 544 1913 2199 1983; baseline 0.002 -16"><span class='ocrx_word' id='word_1_252' title='bbox 544 1928 688 1982; x_wconf 88' lang='lat' dir='ltr'><strong>ergo</strong></span> <span class='ocrx_word' id='word_1_253' title='bbox 710 1913 1096 1983; x_wconf 88' lang='lat' dir='ltr'><strong>potentiorem</strong></span> <span class='ocrx_word' id='word_1_254' title='bbox 1128 1917 1363 1983; x_wconf 88' lang='lat' dir='ltr'><strong>putaret</strong></span> <span class='ocrx_word' id='word_1_255' title='bbox 1390 1913 1639 1979; x_wconf 89' lang='lat' dir='ltr'><strong>Patrem,</strong></span> <span class='ocrx_word' id='word_1_256' title='bbox 1664 1913 1897 1969; x_wconf 88' lang='lat' dir='ltr'><strong>addidit</strong></span> <span class='ocrx_word' id='word_1_257' title='bbox 1934 1915 2042 1969; x_wconf 83' lang='lat' dir='ltr'><strong>:Et</strong></span> <span class='ocrx_word' id='word_1_258' title='bbox 2072 1929 2199 1971; x_wconf 83' lang='lat' dir='ltr'><strong>mea</strong></span> 
     </span>
    </p>
   </div>
   <div class='ocr_carea' id='block_1_33' title="bbox 545 2003 2201 2075">
    <p class='ocr_par' dir='ltr' id='par_1_33' title="bbox 545 2003 2201 2075">
     <span class='ocr_line' id='line_1_33' title="bbox 545 2003 2201 2075; baseline 0.001 -18"><span class='ocrx_word' id='word_1_259' title='bbox 545 2004 745 2058; x_wconf 83' lang='lat' dir='ltr'><strong>omnia</strong></span> <span class='ocrx_word' id='word_1_260' title='bbox 777 2010 879 2056; x_wconf 87' lang='lat' dir='ltr'><strong>tua</strong></span> <span class='ocrx_word' id='word_1_261' title='bbox 897 2006 1052 2063; x_wconf 81' lang='lat' dir='ltr'><strong>sunt,</strong></span> <span class='ocrx_word' id='word_1_262' title='bbox 1074 2006 1126 2057; x_wconf 84' lang='lat' dir='ltr'><strong>et</strong></span> <span class='ocrx_word' id='word_1_263' title='bbox 1145 2007 1247 2056; x_wconf 84' lang='lat' dir='ltr'><strong>tua</strong></span> <span class='ocrx_word' id='word_1_264' title='bbox 1264 2016 1392 2057; x_wconf 85' lang='lat' dir='ltr'><strong>mea</strong></span> <span class='ocrx_word' id='word_1_265' title='bbox 1411 2008 1569 2057; x_wconf 82' lang='lat' dir='ltr'><strong>sunt.</strong></span> <span class='ocrx_word' id='word_1_266' title='bbox 1604 2003 1807 2075; x_wconf 87' lang='lat' dir='ltr'><strong>Itaque</strong></span> <span class='ocrx_word' id='word_1_267' title='bbox 1838 2004 2013 2058; x_wconf 88' lang='lat' dir='ltr'><strong>etiam</strong></span> <span class='ocrx_word' id='word_1_268' title='bbox 2035 2010 2201 2059; x_wconf 90' lang='lat' dir='ltr'><strong>ante-</strong></span> 
     </span>
    </p>
   </div>
   <div class='ocr_carea' id='block_1_34' title="bbox 546 2090 2192 2163">
    <p class='ocr_par' dir='ltr' id='par_1_34' title="bbox 546 2090 2192 2163">
     <span class='ocr_line' id='line_1_34' title="bbox 546 2090 2192 2163; baseline 0.001 -18"><span class='ocrx_word' id='word_1_269' title='bbox 546 2104 729 2163; x_wconf 88' lang='lat' dir='ltr'><strong>quam</strong></span> <span class='ocrx_word' id='word_1_270' title='bbox 758 2092 1058 2155; x_wconf 86' lang='lat' dir='ltr'><strong>darentur,</strong></span> <span class='ocrx_word' id='word_1_271' title='bbox 1086 2090 1205 2145; x_wconf 88' lang='lat' dir='ltr'><strong>Filii</strong></span> <span class='ocrx_word' id='word_1_272' title='bbox 1237 2094 1426 2155; x_wconf 88' lang='lat' dir='ltr'><strong>erant,</strong></span> <span class='ocrx_word' id='word_1_273' title='bbox 1462 2096 1519 2145; x_wconf 91' lang='lat' dir='ltr'><strong>et</strong></span> <span class='ocrx_word' id='word_1_274' title='bbox 1541 2096 1865 2162; x_wconf 88' lang='lat' dir='ltr'><strong>postquam</strong></span> <span class='ocrx_word' id='word_1_275' title='bbox 1893 2092 2017 2147; x_wconf 91' lang='lat' dir='ltr'><strong>dati</strong></span> <span class='ocrx_word' id='word_1_276' title='bbox 2039 2096 2192 2153; x_wconf 89' lang='lat' dir='ltr'><strong>sunt,</strong></span> 
     </span>
    </p>
   </div>
   <div class='ocr_carea' id='block_1_35' title="bbox 546 2179 2194 2251">
    <p class='ocr_par' dir='ltr' id='par_1_35' title="bbox 546 2179 2194 2251">
     <span class='ocr_line' id='line_1_35' title="bbox 546 2179 2194 2251; baseline 0.001 -17"><span class='ocrx_word' id='word_1_277' title='bbox 546 2179 729 2234; x_wconf 87' lang='lat' dir='ltr'><strong>Patris</strong></span> <span class='ocrx_word' id='word_1_278' title='bbox 763 2185 1238 2251; x_wconf 89' lang='lat' dir='ltr'><strong>permanserunt,</strong></span> <span class='ocrx_word' id='word_1_279' title='bbox 1265 2179 1381 2233; x_wconf 89' lang='lat' dir='ltr'><strong>hoc</strong></span> <span class='ocrx_word' id='word_1_280' title='bbox 1422 2184 1527 2244; x_wconf 90' lang='lat' dir='ltr'><strong>est,</strong></span> <span class='ocrx_word' id='word_1_281' title='bbox 1583 2194 1820 2251; x_wconf 89' lang='lat' dir='ltr'><strong>semper</strong></span> <span class='ocrx_word' id='word_1_282' title='bbox 1851 2180 2194 2247; x_wconf 89' lang='lat' dir='ltr'><strong>amborum,</strong></span> 
     </span>
    </p>
   </div>
   <div class='ocr_carea' id='block_1_36' title="bbox 548 2266 2196 2341">
    <p class='ocr_par' dir='ltr' id='par_1_36' title="bbox 548 2266 2196 2341">
     <span class='ocr_line' id='line_1_36' title="bbox 548 2266 2196 2341; baseline 0.001 -18"><span class='ocrx_word' id='word_1_283' title='bbox 548 2271 753 2340; x_wconf 86' lang='lat' dir='ltr'><strong>utpote</strong></span> <span class='ocrx_word' id='word_1_284' title='bbox 789 2266 1113 2339; x_wconf 68' lang='lat' dir='ltr'><strong>mqualium</strong></span> <span class='ocrx_word' id='word_1_285' title='bbox 1145 2267 1205 2322; x_wconf 92' lang='lat' dir='ltr'><strong>in</strong></span> <span class='ocrx_word' id='word_1_286' title='bbox 1230 2267 1565 2323; x_wconf 87' lang='lat' dir='ltr'><strong>honoribus</strong></span> <span class='ocrx_word' id='word_1_287' title='bbox 1595 2273 1651 2323; x_wconf 89' lang='lat' dir='ltr'><strong>et</strong></span> <span class='ocrx_word' id='word_1_288' title='bbox 1681 2267 1879 2324; x_wconf 89' lang='lat' dir='ltr'><strong>bonis.</strong></span> <span class='ocrx_word' id='word_1_289' title='bbox 1912 2271 2024 2324; x_wconf 86' lang='lat' dir='ltr'><strong>Eos</strong></span> <span class='ocrx_word' id='word_1_290' title='bbox 2054 2285 2196 2341; x_wconf 84' lang='lat' dir='ltr'><strong>ergo</strong></span> 
     </span>
    </p>
   </div>
   <div class='ocr_carea' id='block_1_37' title="bbox 544 2356 2196 2429">
    <p class='ocr_par' dir='ltr' id='par_1_37' title="bbox 544 2356 2196 2429">
     <span class='ocr_line' id='line_1_37' title="bbox 544 2356 2196 2429; baseline -0.001 -15"><span class='ocrx_word' id='word_1_291' title='bbox 544 2357 692 2414; x_wconf 87' lang='lat' dir='ltr'><strong>mihi</strong></span> <span class='ocrx_word' id='word_1_292' title='bbox 731 2356 964 2421; x_wconf 87' lang='lat' dir='ltr'><strong>dedisti,</strong></span> <span class='ocrx_word' id='word_1_293' title='bbox 1011 2357 1116 2429; x_wconf 88' lang='lat' dir='ltr'><strong>qui</strong></span> <span class='ocrx_word' id='word_1_294' title='bbox 1145 2357 1262 2412; x_wconf 90' lang='lat' dir='ltr'><strong>mei</strong></span> <span class='ocrx_word' id='word_1_295' title='bbox 1292 2362 1477 2413; x_wconf 89' lang='lat' dir='ltr'><strong>erant.</strong></span> <span class='ocrx_word' id='word_1_296' title='bbox 1513 2356 1739 2413; x_wconf 78' lang='lat' dir='ltr'><strong>Dedisti</strong></span> <span class='ocrx_word' id='word_1_297' title='bbox 1760 2372 1901 2414; x_wconf 83' lang='lat' dir='ltr'><strong>vero</strong></span> <span class='ocrx_word' id='word_1_298' title='bbox 1926 2357 2045 2414; x_wconf 86' lang='lat' dir='ltr'><strong>dixi</strong></span> <span class='ocrx_word' id='word_1_299' title='bbox 2078 2359 2196 2414; x_wconf 82' lang='lat' dir='ltr'><strong>dis-</strong></span> 
     </span>
    </p>
   </div>
   <div class='ocr_carea' id='block_1_38' title="bbox 544 2444 2198 2520">
    <p class='ocr_par' dir='ltr' id='par_1_38' title="bbox 544 2444 2198 2520">
     <span class='ocr_line' id='line_1_38' title="bbox 544 2444 2198 2520; baseline 0.001 -18"><span class='ocrx_word' id='word_1_300' title='bbox 544 2445 902 2520; x_wconf 89' lang='lat' dir='ltr'><strong>pensatorie,</strong></span> <span class='ocrx_word' id='word_1_301' title='bbox 926 2449 988 2499; x_wconf 93' lang='lat' dir='ltr'><strong>ut</strong></span> <span class='ocrx_word' id='word_1_302' title='bbox 1004 2449 1387 2514; x_wconf 88' lang='lat' dir='ltr'><strong>cognoscant,</strong></span> <span class='ocrx_word' id='word_1_303' title='bbox 1418 2444 1586 2517; x_wconf 89' lang='lat' dir='ltr'><strong>quod</strong></span> <span class='ocrx_word' id='word_1_304' title='bbox 1609 2460 1729 2501; x_wconf 90' lang='lat' dir='ltr'><strong>non</strong></span> <span class='ocrx_word' id='word_1_305' title='bbox 1754 2449 1959 2517; x_wconf 70' lang='lat' dir='ltr'><strong>praeter</strong></span> <span class='ocrx_word' id='word_1_306' title='bbox 1984 2446 2198 2504; x_wconf 84' lang='lat' dir='ltr'><strong>volun-</strong></span> 
     </span>
    </p>
   </div>
   <div class='ocr_carea' id='block_1_39' title="bbox 545 2532 1444 2591">
    <p class='ocr_par' dir='ltr' id='par_1_39' title="bbox 545 2532 1444 2591">
     <span class='ocr_line' id='line_1_39' title="bbox 545 2532 1444 2591; baseline -0.003 0"><span class='ocrx_word' id='word_1_307' title='bbox 545 2539 723 2591; x_wconf 90' lang='lat' dir='ltr'><strong>tatem</strong></span> <span class='ocrx_word' id='word_1_308' title='bbox 752 2539 917 2589; x_wconf 90' lang='lat' dir='ltr'><strong>tuam</strong></span> <span class='ocrx_word' id='word_1_309' title='bbox 936 2532 1045 2587; x_wconf 87' lang='lat' dir='ltr'><strong>hos</strong></span> <span class='ocrx_word' id='word_1_310' title='bbox 1076 2533 1444 2589; x_wconf 83' lang='lat' dir='ltr'><strong>attraxerim.</strong></span> 
     </span>
    </p>
   </div>
   <div class='ocr_carea' id='block_1_40' title="bbox 615 2622 2194 2694">
    <p class='ocr_par' dir='ltr' id='par_1_40' title="bbox 615 2622 2194 2694">
     <span class='ocr_line' id='line_1_40' title="bbox 615 2622 2194 2694; baseline 0.001 -16"><span class='ocrx_word' id='word_1_311' title='bbox 615 2622 778 2678; x_wconf 88' lang='lat' dir='ltr'><strong>Vers.</strong></span> <span class='ocrx_word' id='word_1_312' title='bbox 813 2625 894 2677; x_wconf 80' lang='lat' dir='ltr'><strong>to.</strong></span> <span class='ocrx_word' id='word_1_313' title='bbox 931 2622 1006 2677; x_wconf 79' lang='lat' dir='ltr'><strong>Et</strong></span> <span class='ocrx_word' id='word_1_314' title='bbox 1030 2652 1097 2661; x_wconf 94' lang='lat'><strong>—-</strong></span> <span class='ocrx_word' id='word_1_315' title='bbox 1124 2622 1221 2678; x_wconf 85' lang='lat' dir='ltr'><strong>eis.</strong></span> <span class='ocrx_word' id='word_1_316' title='bbox 1255 2622 1444 2678; x_wconf 85' lang='lat' dir='ltr'><strong>Etiam</strong></span> <span class='ocrx_word' id='word_1_317' title='bbox 1477 2626 1831 2694; x_wconf 89' lang='lat' dir='ltr'><strong>potestatem</strong></span> <span class='ocrx_word' id='word_1_318' title='bbox 1875 2622 2105 2679; x_wconf 90' lang='lat' dir='ltr'><strong>habens</strong></span> <span class='ocrx_word' id='word_1_319' title='bbox 2136 2623 2194 2680; x_wconf 93' lang='lat' dir='ltr'><strong>in</strong></span> 
     </span>
    </p>
   </div>
   <div class='ocr_carea' id='block_1_41' title="bbox 543 2711 2199 2787">
    <p class='ocr_par' dir='ltr' id='par_1_41' title="bbox 543 2711 2199 2787">
     <span class='ocr_line' id='line_1_41' title="bbox 543 2711 2199 2787; baseline -0.001 -18"><span class='ocrx_word' id='word_1_320' title='bbox 543 2712 637 2770; x_wconf 92' lang='lat' dir='ltr'><strong>his</strong></span> <span class='ocrx_word' id='word_1_321' title='bbox 664 2728 800 2785; x_wconf 63' lang='lat' dir='ltr'><strong>quas</strong></span> <span class='ocrx_word' id='word_1_322' title='bbox 832 2717 933 2767; x_wconf 91' lang='lat' dir='ltr'><strong>tua</strong></span> <span class='ocrx_word' id='word_1_323' title='bbox 962 2716 1115 2777; x_wconf 91' lang='lat' dir='ltr'><strong>sunt,</strong></span> <span class='ocrx_word' id='word_1_324' title='bbox 1150 2712 1303 2766; x_wconf 89' lang='lat' dir='ltr'><strong>sicut</strong></span> <span class='ocrx_word' id='word_1_325' title='bbox 1337 2713 1398 2767; x_wconf 92' lang='lat' dir='ltr'><strong>in</strong></span> <span class='ocrx_word' id='word_1_326' title='bbox 1423 2711 1516 2767; x_wconf 80' lang='lat' dir='ltr'><strong>bis</strong></span> <span class='ocrx_word' id='word_1_327' title='bbox 1546 2728 1679 2785; x_wconf 68' lang='lat' dir='ltr'><strong>quae</strong></span> <span class='ocrx_word' id='word_1_328' title='bbox 1705 2728 1839 2769; x_wconf 92' lang='lat' dir='ltr'><strong>mea</strong></span> <span class='ocrx_word' id='word_1_329' title='bbox 1872 2712 2199 2787; x_wconf 89' lang='lat' dir='ltr'><strong>:quemad-</strong></span> 
     </span>
    </p>
   </div>
   <div class='ocr_carea' id='block_1_42' title="bbox 544 2799 2199 2872">
    <p class='ocr_par' dir='ltr' id='par_1_42' title="bbox 544 2799 2199 2872">
     <span class='ocr_line' id='line_1_42' title="bbox 544 2799 2199 2872; baseline -0.001 -15"><span class='ocrx_word' id='word_1_330' title='bbox 544 2802 794 2857; x_wconf 90' lang='lat' dir='ltr'><strong>modum</strong></span> <span class='ocrx_word' id='word_1_331' title='bbox 820 2805 878 2855; x_wconf 87' lang='lat' dir='ltr'><strong>et</strong></span> <span class='ocrx_word' id='word_1_332' title='bbox 906 2805 968 2855; x_wconf 91' lang='lat' dir='ltr'><strong>tu</strong></span> <span class='ocrx_word' id='word_1_333' title='bbox 1019 2799 1079 2855; x_wconf 90' lang='lat' dir='ltr'><strong>in</strong></span> <span class='ocrx_word' id='word_1_334' title='bbox 1117 2799 1209 2855; x_wconf 91' lang='lat' dir='ltr'><strong>his</strong></span> <span class='ocrx_word' id='word_1_335' title='bbox 1267 2815 1402 2872; x_wconf 69' lang='lat' dir='ltr'><strong>qua:</strong></span> <span class='ocrx_word' id='word_1_336' title='bbox 1456 2816 1593 2856; x_wconf 88' lang='lat' dir='ltr'><strong>mea</strong></span> <span class='ocrx_word' id='word_1_337' title='bbox 1623 2804 1780 2866; x_wconf 88' lang='lat' dir='ltr'><strong>sunt,</strong></span> <span class='ocrx_word' id='word_1_338' title='bbox 1826 2801 1977 2856; x_wconf 88' lang='lat' dir='ltr'><strong>sicut</strong></span> <span class='ocrx_word' id='word_1_339' title='bbox 2006 2801 2067 2857; x_wconf 88' lang='lat' dir='ltr'><strong>in</strong></span> <span class='ocrx_word' id='word_1_340' title='bbox 2105 2801 2199 2857; x_wconf 88' lang='lat' dir='ltr'><strong>his</strong></span> 
     </span>
    </p>
   </div>
   <div class='ocr_carea' id='block_1_43' title="bbox 543 2897 835 2962">
    <p class='ocr_par' dir='ltr' id='par_1_43' title="bbox 543 2897 835 2962">
     <span class='ocr_line' id='line_1_43' title="bbox 543 2897 835 2962; baseline -0.007 -17"><span class='ocrx_word' id='word_1_341' title='bbox 543 2907 676 2962; x_wconf 69' lang='lat' dir='ltr'><strong>quas</strong></span> <span class='ocrx_word' id='word_1_342' title='bbox 716 2897 835 2945; x_wconf 86' lang='lat' dir='ltr'><strong>tua.</strong></span> 
     </span>
    </p>
   </div>
   <div class='ocr_carea' id='block_1_44' title="bbox 619 2976 2196 3049">
    <p class='ocr_par' dir='ltr' id='par_1_44' title="bbox 619 2976 2196 3049">
     <span class='ocr_line' id='line_1_44' title="bbox 619 2976 2196 3049; baseline 0.001 -16"><span class='ocrx_word' id='word_1_343' title='bbox 619 2978 737 3044; x_wconf 91' lang='lat' dir='ltr'><strong>Vel,</strong></span> <span class='ocrx_word' id='word_1_344' title='bbox 764 2976 1130 3047; x_wconf 88' lang='lat' dir='ltr'><strong>gloriﬁcatus</strong></span> <span class='ocrx_word' id='word_1_345' title='bbox 1154 2992 1287 3031; x_wconf 90' lang='lat' dir='ltr'><strong>sum</strong></span> <span class='ocrx_word' id='word_1_346' title='bbox 1327 2976 1388 3032; x_wconf 92' lang='lat' dir='ltr'><strong>in</strong></span> <span class='ocrx_word' id='word_1_347' title='bbox 1415 2976 1741 3049; x_wconf 88' lang='lat' dir='ltr'><strong>discipulis,</strong></span> <span class='ocrx_word' id='word_1_348' title='bbox 1775 2980 1879 3049; x_wconf 92' lang='lat' dir='ltr'><strong>qui</strong></span> <span class='ocrx_word' id='word_1_349' title='bbox 1902 2979 2045 3033; x_wconf 85' lang='lat' dir='ltr'><strong>mihi</strong></span> <span class='ocrx_word' id='word_1_350' title='bbox 2071 2978 2196 3035; x_wconf 90' lang='lat' dir='ltr'><strong>dati</strong></span> 
     </span>
    </p>
   </div>
   <div class='ocr_carea' id='block_1_45' title="bbox 544 3064 2197 3137">
    <p class='ocr_par' dir='ltr' id='par_1_45' title="bbox 544 3064 2197 3137">
     <span class='ocr_line' id='line_1_45' title="bbox 544 3064 2197 3137; baseline 0 -15"><span class='ocrx_word' id='word_1_351' title='bbox 544 3071 701 3134; x_wconf 88' lang='lat' dir='ltr'><strong>sunt,</strong></span> <span class='ocrx_word' id='word_1_352' title='bbox 725 3064 1186 3137; x_wconf 80' lang='lat' dir='ltr'><strong>agnoscentibus</strong></span> <span class='ocrx_word' id='word_1_353' title='bbox 1206 3080 1300 3119; x_wconf 89' lang='lat' dir='ltr'><strong>me</strong></span> <span class='ocrx_word' id='word_1_354' title='bbox 1319 3064 1636 3119; x_wconf 89' lang='lat' dir='ltr'><strong>Dominum</strong></span> <span class='ocrx_word' id='word_1_355' title='bbox 1654 3081 1853 3131; x_wconf 88' lang='lat' dir='ltr'><strong>suum,</strong></span> <span class='ocrx_word' id='word_1_356' title='bbox 1875 3066 2197 3123; x_wconf 86' lang='lat' dir='ltr'><strong>etadoran-</strong></span> 
     </span>
    </p>
   </div>
   <div class='ocr_carea' id='block_1_46' title="bbox 542 3152 1663 3225">
    <p class='ocr_par' dir='ltr' id='par_1_46' title="bbox 542 3152 1663 3225">
     <span class='ocr_line' id='line_1_46' title="bbox 542 3152 1663 3225; baseline -0.007 -12"><span class='ocrx_word' id='word_1_357' title='bbox 542 3157 699 3213; x_wconf 88' lang='lat' dir='ltr'><strong>tibus</strong></span> <span class='ocrx_word' id='word_1_358' title='bbox 726 3171 797 3210; x_wconf 90' lang='lat' dir='ltr'><strong>ac</strong></span> <span class='ocrx_word' id='word_1_359' title='bbox 837 3152 1298 3225; x_wconf 64' lang='lat' dir='ltr'><strong>praedicantibus</strong></span> <span class='ocrx_word' id='word_1_360' title='bbox 1339 3169 1433 3209; x_wconf 90' lang='lat' dir='ltr'><strong>me</strong></span> <span class='ocrx_word' id='word_1_361' title='bbox 1456 3153 1663 3208; x_wconf 89' lang='lat' dir='ltr'><strong>Deum.</strong></span> 
     </span>
    </p>
   </div>
   <div class='ocr_carea' id='block_1_47' title="bbox 613 3242 2190 3314">
    <p class='ocr_par' dir='ltr' id='par_1_47' title="bbox 613 3242 2190 3314">
     <span class='ocr_line' id='line_1_47' title="bbox 613 3242 2190 3314; baseline 0.001 -17"><span class='ocrx_word' id='word_1_362' title='bbox 613 3245 782 3300; x_wconf 87' lang='lat' dir='ltr'><strong>Vers.</strong></span> <span class='ocrx_word' id='word_1_363' title='bbox 816 3247 896 3298; x_wconf 85' lang='lat' dir='ltr'><strong>II.</strong></span> <span class='ocrx_word' id='word_1_364' title='bbox 930 3243 1007 3296; x_wconf 82' lang='lat' dir='ltr'><strong>Et</strong></span> <span class='ocrx_word' id='word_1_365' title='bbox 1037 3271 1105 3282; x_wconf 89' lang='grc'><strong><em>--</em></strong></span> <span class='ocrx_word' id='word_1_366' title='bbox 1140 3243 1379 3297; x_wconf 85' lang='lat' dir='ltr'><strong>mundo.</strong></span> <span class='ocrx_word' id='word_1_367' title='bbox 1436 3242 1622 3298; x_wconf 89' lang='lat' dir='ltr'><strong>Paulo</strong></span> <span class='ocrx_word' id='word_1_368' title='bbox 1663 3247 1797 3314; x_wconf 91' lang='lat' dir='ltr'><strong>post</strong></span> <span class='ocrx_word' id='word_1_369' title='bbox 1844 3242 2190 3300; x_wconf 85' lang='lat' dir='ltr'><strong>moriturus.</strong></span> 
     </span>
    </p>
   </div>
   <div class='ocr_carea' id='block_1_48' title="bbox 544 3331 2191 3399">
    <p class='ocr_par' dir='ltr' id='par_1_48' title="bbox 544 3331 2191 3399">
     <span class='ocr_line' id='line_1_48' title="bbox 544 3331 2191 3399; baseline -0.001 -9"><span class='ocrx_word' id='word_1_370' title='bbox 544 3336 797 3391; x_wconf 81' lang='lat' dir='ltr'><strong>Rursum</strong></span> <span class='ocrx_word' id='word_1_371' title='bbox 826 3338 1024 3388; x_wconf 85' lang='lat' dir='ltr'><strong>autem</strong></span> <span class='ocrx_word' id='word_1_372' title='bbox 1064 3346 1401 3386; x_wconf 88' lang='lat' dir='ltr'><strong>sermonem</strong></span> <span class='ocrx_word' id='word_1_373' title='bbox 1432 3331 1506 3386; x_wconf 91' lang='lat' dir='ltr'><strong>de</strong></span> <span class='ocrx_word' id='word_1_374' title='bbox 1560 3337 1749 3387; x_wconf 88' lang='lat' dir='ltr'><strong>morte</strong></span> <span class='ocrx_word' id='word_1_375' title='bbox 1781 3348 1893 3387; x_wconf 88' lang='lat' dir='ltr'><strong>sua</strong></span> <span class='ocrx_word' id='word_1_376' title='bbox 1945 3332 2191 3399; x_wconf 90' lang='lat' dir='ltr'><strong>inducit,</strong></span> 
     </span>
    </p>
   </div>
   <div class='ocr_carea' id='block_1_49' title="bbox 541 3420 2191 3493">
    <p class='ocr_par' dir='ltr' id='par_1_49' title="bbox 541 3420 2191 3493">
     <span class='ocr_line' id='line_1_49' title="bbox 541 3420 2191 3493; baseline -0.002 -13"><span class='ocrx_word' id='word_1_377' title='bbox 541 3422 1073 3481; x_wconf 88' lang='lat' dir='ltr'><strong>commendaturus</strong></span> <span class='ocrx_word' id='word_1_378' title='bbox 1106 3436 1209 3475; x_wconf 92' lang='lat' dir='ltr'><strong>eos</strong></span> <span class='ocrx_word' id='word_1_379' title='bbox 1236 3425 1527 3493; x_wconf 89' lang='lat' dir='ltr'><strong>tanquam</strong></span> <span class='ocrx_word' id='word_1_380' title='bbox 1554 3420 1741 3476; x_wconf 90' lang='lat' dir='ltr'><strong>homo</strong></span> <span class='ocrx_word' id='word_1_381' title='bbox 1772 3421 1891 3477; x_wconf 90' lang='lat' dir='ltr'><strong>Deo</strong></span> <span class='ocrx_word' id='word_1_382' title='bbox 1913 3436 1981 3477; x_wconf 86' lang='lat' dir='ltr'><strong>ac</strong></span> <span class='ocrx_word' id='word_1_383' title='bbox 2014 3421 2191 3478; x_wconf 90' lang='lat' dir='ltr'><strong>Patri.</strong></span> 
     </span>
    </p>
   </div>
   <div class='ocr_carea' id='block_1_50' title="bbox 543 3509 2191 3583">
    <p class='ocr_par' dir='ltr' id='par_1_50' title="bbox 543 3509 2191 3583">
     <span class='ocr_line' id='line_1_50' title="bbox 543 3509 2191 3583; baseline 0 -16"><span class='ocrx_word' id='word_1_384' title='bbox 543 3514 630 3569; x_wconf 80' lang='lat' dir='ltr'><strong>Ait</strong></span> <span class='ocrx_word' id='word_1_385' title='bbox 653 3527 815 3583; x_wconf 86' lang='lat' dir='ltr'><strong>ergo,</strong></span> <span class='ocrx_word' id='word_1_386' title='bbox 844 3511 971 3565; x_wconf 83' lang='lat' dir='ltr'><strong>Jam</strong></span> <span class='ocrx_word' id='word_1_387' title='bbox 996 3525 1117 3565; x_wconf 83' lang='lat' dir='ltr'><strong>non</strong></span> <span class='ocrx_word' id='word_1_388' title='bbox 1146 3525 1268 3565; x_wconf 88' lang='lat' dir='ltr'><strong>sum</strong></span> <span class='ocrx_word' id='word_1_389' title='bbox 1307 3511 1370 3565; x_wconf 85' lang='lat' dir='ltr'><strong>in</strong></span> <span class='ocrx_word' id='word_1_390' title='bbox 1402 3510 1643 3579; x_wconf 88' lang='lat' dir='ltr'><strong>mundo,</strong></span> <span class='ocrx_word' id='word_1_391' title='bbox 1691 3509 1845 3566; x_wconf 90' lang='lat' dir='ltr'><strong>sicut</strong></span> <span class='ocrx_word' id='word_1_392' title='bbox 1881 3510 2191 3579; x_wconf 88' lang='lat' dir='ltr'><strong>hactenus,</strong></span> 
     </span>
    </p>
   </div>
   <div class='ocr_carea' id='block_1_51' title="bbox 541 3598 2194 3671">
    <p class='ocr_par' dir='ltr' id='par_1_51' title="bbox 541 3598 2194 3671">
     <span class='ocr_line' id='line_1_51' title="bbox 541 3598 2194 3671; baseline -0.002 -13"><span class='ocrx_word' id='word_1_393' title='bbox 541 3619 678 3659; x_wconf 91' lang='lat' dir='ltr'><strong>cum</strong></span> <span class='ocrx_word' id='word_1_394' title='bbox 732 3601 817 3657; x_wconf 91' lang='lat' dir='ltr'><strong>eis</strong></span> <span class='ocrx_word' id='word_1_395' title='bbox 858 3614 1181 3655; x_wconf 86' lang='lat' dir='ltr'><strong>conversar</strong></span> <span class='ocrx_word' id='word_1_396' title='bbox 1234 3602 1292 3654; x_wconf 86' lang='lat' dir='ltr'><strong>et</strong></span> <span class='ocrx_word' id='word_1_397' title='bbox 1326 3598 1713 3665; x_wconf 80' lang='lat' dir='ltr'><strong>confirmans,</strong></span> <span class='ocrx_word' id='word_1_398' title='bbox 1768 3598 2069 3671; x_wconf 89' lang='lat' dir='ltr'><strong>inungens</strong></span> <span class='ocrx_word' id='word_1_399' title='bbox 2126 3616 2194 3657; x_wconf 92' lang='lat' dir='ltr'><strong>ac</strong></span> 
     </span>
    </p>
   </div>
   <div class='ocr_carea' id='block_1_52' title="bbox 542 3688 1054 3748">
    <p class='ocr_par' dir='ltr' id='par_1_52' title="bbox 542 3688 1054 3748">
     <span class='ocr_line' id='line_1_52' title="bbox 542 3688 1054 3748; baseline -0.014 0"><span class='ocrx_word' id='word_1_400' title='bbox 542 3691 861 3748; x_wconf 89' lang='lat' dir='ltr'><strong>consolans</strong></span> <span class='ocrx_word' id='word_1_401' title='bbox 904 3688 1054 3743; x_wconf 91' lang='lat' dir='ltr'><strong>illos.</strong></span> 
     </span>
    </p>
   </div>
   <div class='ocr_carea' id='block_1_53' title="bbox 612 3775 2195 3841">
    <p class='ocr_par' dir='ltr' id='par_1_53' title="bbox 612 3775 2195 3841">
     <span class='ocr_line' id='line_1_53' title="bbox 612 3775 2195 3841; baseline -0.001 -5"><span class='ocrx_word' id='word_1_402' title='bbox 612 3779 775 3835; x_wconf 84' lang='lat' dir='ltr'><strong>Vers.</strong></span> <span class='ocrx_word' id='word_1_403' title='bbox 806 3778 892 3833; x_wconf 86' lang='grc'><strong>11.</strong></span> <span class='ocrx_word' id='word_1_404' title='bbox 943 3777 1020 3833; x_wconf 83' lang='grc' dir='ltr'>Ει</span> <span class='ocrx_word' id='word_1_405' title='bbox 1076 3807 1146 3817; x_wconf 93' lang='lat'><strong>-</strong></span> <span class='ocrx_word' id='word_1_406' title='bbox 1197 3782 1352 3832; x_wconf 82' lang='lat' dir='ltr'><strong>sunt.</strong></span> <span class='ocrx_word' id='word_1_407' title='bbox 1400 3775 1678 3833; x_wconf 87' lang='lat' dir='ltr'><strong>Nondum</strong></span> <span class='ocrx_word' id='word_1_408' title='bbox 1728 3777 2073 3841; x_wconf 89' lang='lat' dir='ltr'><strong>morientes,</strong></span> <span class='ocrx_word' id='word_1_409' title='bbox 2138 3784 2195 3834; x_wconf 86' lang='lat' dir='ltr'><strong>et</strong></span> 
     </span>
    </p>
   </div>
   <div class='ocr_carea' id='block_1_54' title="bbox 540 3865 2190 3942">
    <p class='ocr_par' dir='ltr' id='par_1_54' title="bbox 540 3865 2190 3942">
     <span class='ocr_line' id='line_1_54' title="bbox 540 3865 2190 3942; baseline -0.001 -17"><span class='ocrx_word' id='word_1_410' title='bbox 540 3873 857 3942; x_wconf 87' lang='lat' dir='ltr'><strong>propterea</strong></span> <span class='ocrx_word' id='word_1_411' title='bbox 887 3874 988 3922; x_wconf 88' lang='lat' dir='ltr'><strong>tuo</strong></span> <span class='ocrx_word' id='word_1_412' title='bbox 1018 3871 1196 3936; x_wconf 88' lang='lat' dir='ltr'><strong>egent</strong></span> <span class='ocrx_word' id='word_1_413' title='bbox 1245 3865 1484 3921; x_wconf 81' lang='lat' dir='ltr'><strong>auxilio.</strong></span> <span class='ocrx_word' id='word_1_414' title='bbox 1518 3867 1661 3921; x_wconf 89' lang='lat' dir='ltr'><strong>Cum</strong></span> <span class='ocrx_word' id='word_1_415' title='bbox 1697 3870 1895 3922; x_wconf 85' lang='lat' dir='ltr'><strong>autem</strong></span> <span class='ocrx_word' id='word_1_416' title='bbox 1926 3866 2190 3934; x_wconf 88' lang='lat' dir='ltr'><strong>dixisset,</strong></span> 
     </span>
    </p>
   </div>
   <div class='ocr_carea' id='block_1_55' title="bbox 538 3955 2191 4026">
    <p class='ocr_par' dir='ltr' id='par_1_55' title="bbox 538 3955 2191 4026">
     <span class='ocr_line' id='line_1_55' title="bbox 538 3955 2191 4026; baseline -0.002 -11"><span class='ocrx_word' id='word_1_417' title='bbox 538 3960 671 4015; x_wconf 87' lang='lat' dir='ltr'><strong>Jam</strong></span> <span class='ocrx_word' id='word_1_418' title='bbox 699 3972 815 4013; x_wconf 81' lang='lat' dir='ltr'><strong>non</strong></span> <span class='ocrx_word' id='word_1_419' title='bbox 840 3972 968 4013; x_wconf 86' lang='lat' dir='ltr'><strong>sum</strong></span> <span class='ocrx_word' id='word_1_420' title='bbox 994 3955 1057 4011; x_wconf 80' lang='lat' dir='ltr'><strong>in</strong></span> <span class='ocrx_word' id='word_1_421' title='bbox 1089 3955 1332 4021; x_wconf 85' lang='lat' dir='ltr'><strong>mundo,</strong></span> <span class='ocrx_word' id='word_1_422' title='bbox 1364 3955 1781 4026; x_wconf 86' lang='lat' dir='ltr'><strong>interpretatur</strong></span> <span class='ocrx_word' id='word_1_423' title='bbox 1805 3955 1920 4011; x_wconf 90' lang='lat' dir='ltr'><strong>hoc</strong></span> <span class='ocrx_word' id='word_1_424' title='bbox 1944 3956 2149 4010; x_wconf 91' lang='lat' dir='ltr'><strong>dicens</strong></span> <span class='ocrx_word' id='word_1_425' title='bbox 2177 3973 2191 4011; x_wconf 91' lang='lat'>:</span> 
     </span>
    </p>
   </div>
   <div class='ocr_carea' id='block_1_56' title="bbox 612 4042 2191 4109">
    <p class='ocr_par' dir='ltr' id='par_1_56' title="bbox 612 4042 2191 4109">
     <span class='ocr_line' id='line_1_56' title="bbox 612 4042 2191 4109; baseline -0.002 -6"><span class='ocrx_word' id='word_1_426' title='bbox 612 4047 776 4103; x_wconf 84' lang='lat' dir='ltr'><strong>Vers.</strong></span> <span class='ocrx_word' id='word_1_427' title='bbox 819 4048 907 4103; x_wconf 91' lang='grc'><strong>11.</strong></span> <span class='ocrx_word' id='word_1_428' title='bbox 940 4045 1018 4101; x_wconf 82' lang='grc' dir='ltr'>Ει</span> <span class='ocrx_word' id='word_1_429' title='bbox 1058 4076 1124 4086; x_wconf 91' lang='lat'><strong>—-</strong></span> <span class='ocrx_word' id='word_1_430' title='bbox 1156 4045 1337 4100; x_wconf 80' lang='lat' dir='ltr'><strong>venio.</strong></span> <span class='ocrx_word' id='word_1_431' title='bbox 1373 4044 1533 4099; x_wconf 89' lang='lat' dir='ltr'><strong>Sicut</strong></span> <span class='ocrx_word' id='word_1_432' title='bbox 1584 4043 1763 4098; x_wconf 87' lang='lat' dir='ltr'><strong>Filius</strong></span> <span class='ocrx_word' id='word_1_433' title='bbox 1804 4042 1882 4099; x_wconf 89' lang='lat' dir='ltr'><strong>ad</strong></span> <span class='ocrx_word' id='word_1_434' title='bbox 1935 4043 2191 4109; x_wconf 86' lang='lat' dir='ltr'><strong>Patrem,</strong></span> 
     </span>
    </p>
   </div>
   <div class='ocr_carea' id='block_1_57' title="bbox 538 4132 1834 4204">
    <p class='ocr_par' dir='ltr' id='par_1_57' title="bbox 538 4132 1834 4204">
     <span class='ocr_line' id='line_1_57' title="bbox 538 4132 1834 4204; baseline -0.004 -13"><span class='ocrx_word' id='word_1_435' title='bbox 538 4140 954 4192; x_wconf 90' lang='lat' dir='ltr'><strong>consummato</strong></span> <span class='ocrx_word' id='word_1_436' title='bbox 979 4135 1105 4203; x_wconf 89' lang='lat' dir='ltr'><strong>jam</strong></span> <span class='ocrx_word' id='word_1_437' title='bbox 1139 4148 1338 4204; x_wconf 88' lang='lat' dir='ltr'><strong>opere,</strong></span> <span class='ocrx_word' id='word_1_438' title='bbox 1381 4136 1446 4186; x_wconf 92' lang='lat' dir='ltr'><strong>ut</strong></span> <span class='ocrx_word' id='word_1_439' title='bbox 1472 4132 1697 4187; x_wconf 90' lang='lat' dir='ltr'><strong>dictum</strong></span> <span class='ocrx_word' id='word_1_440' title='bbox 1728 4137 1834 4188; x_wconf 92' lang='lat' dir='ltr'><strong>est.</strong></span> 
     </span>
    </p>
   </div>
   <div class='ocr_carea' id='block_1_58' title="bbox 614 4221 2193 4279">
    <p class='ocr_par' dir='ltr' id='par_1_58' title="bbox 614 4221 2193 4279">
     <span class='ocr_line' id='line_1_58' title="bbox 614 4221 2193 4279; baseline -0.001 -1"><span class='ocrx_word' id='word_1_441' title='bbox 614 4223 779 4279; x_wconf 90' lang='lat' dir='ltr'><strong>Vers.</strong></span> <span class='ocrx_word' id='word_1_442' title='bbox 808 4225 893 4276; x_wconf 82' lang='lat' dir='ltr'><strong>ii.</strong></span> <span class='ocrx_word' id='word_1_443' title='bbox 925 4224 1102 4277; x_wconf 80' lang='lat' dir='ltr'><strong>Pater</strong></span> <span class='ocrx_word' id='word_1_444' title='bbox 1138 4251 1206 4260; x_wconf 91' lang='lat'><strong>—-</strong></span> <span class='ocrx_word' id='word_1_445' title='bbox 1242 4236 1351 4277; x_wconf 85' lang='lat' dir='ltr'><strong>me.</strong></span> <span class='ocrx_word' id='word_1_446' title='bbox 1384 4224 1488 4275; x_wconf 88' lang='lat' dir='ltr'><strong>Per</strong></span> <span class='ocrx_word' id='word_1_447' title='bbox 1512 4236 1734 4275; x_wconf 89' lang='lat' dir='ltr'><strong>nomen</strong></span> <span class='ocrx_word' id='word_1_448' title='bbox 1784 4225 1954 4275; x_wconf 89' lang='lat' dir='ltr'><strong>tuum</strong></span> <span class='ocrx_word' id='word_1_449' title='bbox 2003 4221 2193 4276; x_wconf 86' lang='lat' dir='ltr'><strong>omni-</strong></span> 
     </span>
    </p>
   </div>
   <div class='ocr_carea' id='block_1_59' title="bbox 542 4308 2195 4386">
    <p class='ocr_par' dir='ltr' id='par_1_59' title="bbox 542 4308 2195 4386">
     <span class='ocr_line' id='line_1_59' title="bbox 542 4308 2195 4386; baseline -0.001 -19"><span class='ocrx_word' id='word_1_450' title='bbox 542 4317 778 4386; x_wconf 88' lang='lat' dir='ltr'><strong>potens,</strong></span> <span class='ocrx_word' id='word_1_451' title='bbox 809 4310 974 4382; x_wconf 90' lang='lat' dir='ltr'><strong>quod</strong></span> <span class='ocrx_word' id='word_1_452' title='bbox 1017 4314 1073 4365; x_wconf 89' lang='lat' dir='ltr'><strong>et</strong></span> <span class='ocrx_word' id='word_1_453' title='bbox 1124 4323 1236 4378; x_wconf 90' lang='lat' dir='ltr'><strong>ego</strong></span> <span class='ocrx_word' id='word_1_454' title='bbox 1266 4312 1484 4364; x_wconf 89' lang='lat' dir='ltr'><strong>natura</strong></span> <span class='ocrx_word' id='word_1_455' title='bbox 1520 4308 1743 4363; x_wconf 85' lang='lat' dir='ltr'><strong>habeo.</strong></span> <span class='ocrx_word' id='word_1_456' title='bbox 1798 4308 1948 4364; x_wconf 85' lang='lat' dir='ltr'><strong>Nam</strong></span> <span class='ocrx_word' id='word_1_457' title='bbox 1989 4314 2044 4365; x_wconf 90' lang='lat' dir='ltr'><strong>et</strong></span> <span class='ocrx_word' id='word_1_458' title='bbox 2083 4325 2195 4382; x_wconf 92' lang='lat' dir='ltr'><strong>ego</strong></span> 
     </span>
    </p>
   </div>
   <div class='ocr_carea' id='block_1_60' title="bbox 542 4396 2198 4464">
    <p class='ocr_par' dir='ltr' id='par_1_60' title="bbox 542 4396 2198 4464">
     <span class='ocr_line' id='line_1_60' title="bbox 542 4396 2198 4464; baseline -0.002 -6"><span class='ocrx_word' id='word_1_459' title='bbox 542 4405 697 4458; x_wconf 90' lang='lat' dir='ltr'><strong>Deus</strong></span> <span class='ocrx_word' id='word_1_460' title='bbox 728 4417 885 4455; x_wconf 90' lang='lat' dir='ltr'><strong>sum.</strong></span> <span class='ocrx_word' id='word_1_461' title='bbox 917 4400 1128 4454; x_wconf 86' lang='lat' dir='ltr'><strong>Iterum</strong></span> <span class='ocrx_word' id='word_1_462' title='bbox 1145 4403 1344 4453; x_wconf 88' lang='lat' dir='ltr'><strong>autem</strong></span> <span class='ocrx_word' id='word_1_463' title='bbox 1375 4397 1475 4463; x_wconf 85' lang='lat' dir='ltr'><strong>ait,</strong></span> <span class='ocrx_word' id='word_1_464' title='bbox 1494 4396 1749 4464; x_wconf 83' lang='lat' dir='ltr'><strong>donasti,</strong></span> <span class='ocrx_word' id='word_1_465' title='bbox 1782 4412 1856 4452; x_wconf 90' lang='lat' dir='ltr'><strong>ne</strong></span> <span class='ocrx_word' id='word_1_466' title='bbox 1888 4397 2007 4455; x_wconf 91' lang='lat' dir='ltr'><strong>Deo</strong></span> <span class='ocrx_word' id='word_1_467' title='bbox 2034 4399 2198 4455; x_wconf 80' lang='lat' dir='ltr'><strong>vide-</strong></span> 
     </span>
    </p>
   </div>
   <div class='ocr_carea' id='block_1_61' title="bbox 540 4486 2195 4557">
    <p class='ocr_par' dir='ltr' id='par_1_61' title="bbox 540 4486 2195 4557">
     <span class='ocr_line' id='line_1_61' title="bbox 540 4486 2195 4557; baseline -0.003 -9"><span class='ocrx_word' id='word_1_468' title='bbox 540 4498 702 4548; x_wconf 89' lang='lat' dir='ltr'><strong>retur</strong></span> <span class='ocrx_word' id='word_1_469' title='bbox 739 4506 873 4546; x_wconf 90' lang='lat' dir='ltr'><strong>esse</strong></span> <span class='ocrx_word' id='word_1_470' title='bbox 900 4487 1247 4545; x_wconf 89' lang='lat' dir='ltr'><strong>contrarius.</strong></span> <span class='ocrx_word' id='word_1_471' title='bbox 1282 4486 1405 4557; x_wconf 90' lang='lat' dir='ltr'><strong>Vel,</strong></span> <span class='ocrx_word' id='word_1_472' title='bbox 1430 4486 1591 4557; x_wconf 88' lang='lat' dir='ltr'><strong>quod</strong></span> <span class='ocrx_word' id='word_1_473' title='bbox 1617 4486 1830 4543; x_wconf 88' lang='lat' dir='ltr'><strong>dedisti</strong></span> <span class='ocrx_word' id='word_1_474' title='bbox 1859 4486 2028 4556; x_wconf 91' lang='lat' dir='ltr'><strong>mihi,</strong></span> <span class='ocrx_word' id='word_1_475' title='bbox 2068 4493 2195 4544; x_wconf 85' lang='lat' dir='ltr'><strong>tan-</strong></span> 
     </span>
    </p>
   </div>
   <div class='ocr_carea' id='block_1_62' title="bbox 543 4579 1019 4654">
    <p class='ocr_par' dir='ltr' id='par_1_62' title="bbox 543 4579 1019 4654">
     <span class='ocr_line' id='line_1_62' title="bbox 543 4579 1019 4654; baseline -0.006 -19"><span class='ocrx_word' id='word_1_476' title='bbox 543 4595 732 4654; x_wconf 89' lang='lat' dir='ltr'><strong>quam</strong></span> <span class='ocrx_word' id='word_1_477' title='bbox 768 4579 1019 4635; x_wconf 89' lang='lat' dir='ltr'><strong>homini.</strong></span> 
     </span>
    </p>
   </div>
   <div class='ocr_carea' id='block_1_63' title="bbox 614 4664 2195 4737">
    <p class='ocr_par' dir='ltr' id='par_1_63' title="bbox 614 4664 2195 4737">
     <span class='ocr_line' id='line_1_63' title="bbox 614 4664 2195 4737; baseline -0.002 -13"><span class='ocrx_word' id='word_1_478' title='bbox 614 4671 779 4724; x_wconf 86' lang='lat' dir='ltr'><strong>Vers.</strong></span> <span class='ocrx_word' id='word_1_479' title='bbox 809 4673 862 4723; x_wconf 85' lang='lat' dir='ltr'><strong>ll</strong></span> <span class='ocrx_word' id='word_1_480' title='bbox 898 4667 966 4724; x_wconf 78' lang='lat' dir='ltr'><strong>Ut</strong></span> <span class='ocrx_word' id='word_1_481' title='bbox 996 4668 1113 4723; x_wconf 80' lang='lat' dir='ltr'><strong>sint</strong></span> <span class='ocrx_word' id='word_1_482' title='bbox 1140 4681 1344 4722; x_wconf 79' lang='lat' dir='ltr'><strong>unum.</strong></span> <span class='ocrx_word' id='word_1_483' title='bbox 1372 4664 1607 4722; x_wconf 86' lang='lat' dir='ltr'><strong>Unitate</strong></span> <span class='ocrx_word' id='word_1_484' title='bbox 1634 4664 1799 4731; x_wconf 87' lang='lat' dir='ltr'><strong>ﬁdei,</strong></span> <span class='ocrx_word' id='word_1_485' title='bbox 1830 4680 1967 4737; x_wconf 79' lang='lat' dir='ltr'><strong>quas</strong></span> <span class='ocrx_word' id='word_1_486' title='bbox 2006 4664 2067 4721; x_wconf 90' lang='lat' dir='ltr'><strong>in</strong></span> <span class='ocrx_word' id='word_1_487' title='bbox 2098 4680 2195 4721; x_wconf 91' lang='lat' dir='ltr'><strong>me</strong></span> 
     </span>
    </p>
   </div>
   <div class='ocr_carea' id='block_1_64' title="bbox 543 4752 2196 4827">
    <p class='ocr_par' dir='ltr' id='par_1_64' title="bbox 543 4752 2196 4827">
     <span class='ocr_line' id='line_1_64' title="bbox 543 4752 2196 4827; baseline -0.004 -12"><span class='ocrx_word' id='word_1_488' title='bbox 543 4762 649 4824; x_wconf 89' lang='lat' dir='ltr'><strong>est,</strong></span> <span class='ocrx_word' id='word_1_489' title='bbox 691 4762 749 4814; x_wconf 88' lang='lat' dir='ltr'><strong>et</strong></span> <span class='ocrx_word' id='word_1_490' title='bbox 778 4760 986 4813; x_wconf 89' lang='lat' dir='ltr'><strong>mutua</strong></span> <span class='ocrx_word' id='word_1_491' title='bbox 1014 4755 1347 4820; x_wconf 88' lang='lat' dir='ltr'><strong>dilectione,</strong></span> <span class='ocrx_word' id='word_1_492' title='bbox 1383 4754 1459 4810; x_wconf 90' lang='lat' dir='ltr'><strong>de</strong></span> <span class='ocrx_word' id='word_1_493' title='bbox 1510 4768 1632 4827; x_wconf 91' lang='lat' dir='ltr'><strong>qua</strong></span> <span class='ocrx_word' id='word_1_494' title='bbox 1679 4752 1955 4827; x_wconf 88' lang='lat' dir='ltr'><strong>superius</strong></span> <span class='ocrx_word' id='word_1_495' title='bbox 2006 4752 2196 4810; x_wconf 88' lang='lat' dir='ltr'><strong>multa</strong></span> 
     </span>
    </p>
   </div>
   <div class='ocr_carea' id='block_1_65' title="bbox 544 4848 1018 4920">
    <p class='ocr_par' dir='ltr' id='par_1_65' title="bbox 544 4848 1018 4920">
     <span class='ocr_line' id='line_1_65' title="bbox 544 4848 1018 4920; baseline -0.006 -16"><span class='ocrx_word' id='word_1_496' title='bbox 544 4848 629 4905; x_wconf 88' lang='lat' dir='ltr'><strong>eis</strong></span> <span class='ocrx_word' id='word_1_497' title='bbox 638 4849 1018 4920; x_wconf 68' lang='lat' dir='ltr'><strong>praseeperat.</strong></span> 
     </span>
    </p>
   </div>
   <div class='ocr_carea' id='block_1_66' title="bbox 612 4931 2198 5004">
    <p class='ocr_par' dir='ltr' id='par_1_66' title="bbox 612 4931 2198 5004">
     <span class='ocr_line' id='line_1_66' title="bbox 612 4931 2198 5004; baseline -0.001 -13"><span class='ocrx_word' id='word_1_498' title='bbox 612 4937 781 4993; x_wconf 87' lang='lat' dir='ltr'><strong>Vers.</strong></span> <span class='ocrx_word' id='word_1_499' title='bbox 808 4937 905 4994; x_wconf 79' lang='grc'><strong>11.</strong></span> <span class='ocrx_word' id='word_1_500' title='bbox 932 4934 1101 4992; x_wconf 78' lang='lat' dir='ltr'><strong>Sicut</strong></span> <span class='ocrx_word' id='word_1_501' title='bbox 1126 4948 1252 4990; x_wconf 75' lang='lat' dir='ltr'><strong>nos.</strong></span> <span class='ocrx_word' id='word_1_502' title='bbox 1283 4931 1553 4988; x_wconf 67' lang='lat' dir='ltr'><strong>Praedixit</strong></span> <span class='ocrx_word' id='word_1_503' title='bbox 1578 4932 1761 5003; x_wconf 91' lang='lat' dir='ltr'><strong>enim,</strong></span> <span class='ocrx_word' id='word_1_504' title='bbox 1788 4932 1908 5004; x_wconf 80' lang='lat' dir='ltr'><strong>Ego</strong></span> <span class='ocrx_word' id='word_1_505' title='bbox 1939 4938 1992 4989; x_wconf 84' lang='lat' dir='ltr'><strong>et</strong></span> <span class='ocrx_word' id='word_1_506' title='bbox 2013 4931 2198 4989; x_wconf 83' lang='lat' dir='ltr'><strong>Pater</strong></span> 
     </span>
    </p>
   </div>
   <div class='ocr_carea' id='block_1_67' title="bbox 543 5020 2193 5085">
    <p class='ocr_par' dir='ltr' id='par_1_67' title="bbox 543 5020 2193 5085">
     <span class='ocr_line' id='line_1_67' title="bbox 543 5020 2193 5085; baseline -0.004 -1"><span class='ocrx_word' id='word_1_507' title='bbox 543 5041 730 5085; x_wconf 76' lang='lat' dir='ltr'><strong>unum</strong></span> <span class='ocrx_word' id='word_1_508' title='bbox 759 5040 956 5081; x_wconf 76' lang='lat' dir='ltr'><strong>sumus</strong></span> <span class='ocrx_word' id='word_1_509' title='bbox 983 5026 1053 5081; x_wconf 75' lang='grc'><strong>⁸⁸.</strong></span> <span class='ocrx_word' id='word_1_510' title='bbox 1086 5023 1253 5080; x_wconf 86' lang='lat' dir='ltr'><strong>Prius</strong></span> <span class='ocrx_word' id='word_1_511' title='bbox 1275 5025 1475 5079; x_wconf 86' lang='lat' dir='ltr'><strong>autem</strong></span> <span class='ocrx_word' id='word_1_512' title='bbox 1498 5020 1625 5078; x_wconf 88' lang='lat' dir='ltr'><strong>aliis</strong></span> <span class='ocrx_word' id='word_1_513' title='bbox 1652 5021 1713 5078; x_wconf 91' lang='lat' dir='ltr'><strong>in</strong></span> <span class='ocrx_word' id='word_1_514' title='bbox 1744 5021 1889 5078; x_wconf 88' lang='lat' dir='ltr'><strong>locis</strong></span> <span class='ocrx_word' id='word_1_515' title='bbox 1910 5021 2193 5077; x_wconf 86' lang='lat' dir='ltr'><strong>disserui-</strong></span> 
     </span>
    </p>
   </div>
   <div class='ocr_carea' id='block_1_68' title="bbox 618 5179 1060 5245">
    <p class='ocr_par' dir='ltr' id='par_1_68' title="bbox 618 5179 1060 5245">
     <span class='ocr_line' id='line_1_68' title="bbox 618 5179 1060 5245; baseline -0.002 -13"><span class='ocrx_word' id='word_1_516' title='bbox 618 5182 662 5215; x_wconf 68' lang='grc'>⁸³</span> <span class='ocrx_word' id='word_1_517' title='bbox 693 5179 861 5235; x_wconf 83' lang='lat' dir='ltr'><strong>Joan.</strong></span> <span class='ocrx_word' id='word_1_518' title='bbox 886 5194 945 5245; x_wconf 86' lang='lat' dir='ltr'><strong>x,</strong></span> <span class='ocrx_word' id='word_1_519' title='bbox 972 5179 1060 5233; x_wconf 90' lang='lat'><strong>30.</strong></span> 
     </span>
    </p>
   </div>
   <div class='ocr_carea' id='block_1_69' title="bbox 2228 4547 2275 4603">
    <p class='ocr_par' dir='ltr' id='par_1_69' title="bbox 2228 4547 2275 4603">
     <span class='ocr_line' id='line_1_69' title="bbox 2228 4547 2275 4603; baseline 0 0"><span class='ocrx_word' id='word_1_520' title='bbox 2228 4547 2275 4603; x_wconf 93' lang='lat' dir='ltr'><strong>D</strong></span> 
     </span>
    </p>
   </div>
   <div class='ocr_carea' id='block_1_70' title="bbox 2309 1912 3948 1989">
    <p class='ocr_par' dir='ltr' id='par_1_70' title="bbox 2309 1912 3948 1989">
     <span class='ocr_line' id='line_1_70' title="bbox 2309 1912 3948 1989; baseline 0.004 -26"><span class='ocrx_word' id='word_1_521' title='bbox 2309 1912 2837 1987; x_wconf 77' lang='grc' dir='ltr'>ἐξουσιαστικὼττρος</span> <span class='ocrx_word' id='word_1_522' title='bbox 2893 1912 3036 1964; x_wconf 71' lang='grc' dir='ltr'>ἐστιν</span> <span class='ocrx_word' id='word_1_523' title='bbox 3094 1915 3120 1964; x_wconf 89' lang='grc' dir='ltr'><strong><em>ὁ</em></strong></span> <span class='ocrx_word' id='word_1_524' title='bbox 3176 1919 3378 1989; x_wconf 83' lang='grc' dir='ltr'>Πατὴρ,</span> <span class='ocrx_word' id='word_1_525' title='bbox 3435 1918 3759 1988; x_wconf 67' lang='grc' dir='ltr'>προσέθηκε·</span> <span class='ocrx_word' id='word_1_526' title='bbox 3831 1923 3948 1969; x_wconf 72' lang='grc' dir='ltr'><strong>Καὶ</strong></span> 
     </span>
    </p>
   </div>
   <div class='ocr_carea' id='block_1_71' title="bbox 2306 2000 3946 2077">
    <p class='ocr_par' dir='ltr' id='par_1_71' title="bbox 2306 2000 3946 2077">
     <span class='ocr_line' id='line_1_71' title="bbox 2306 2000 3946 2077; baseline 0.005 -26"><span class='ocrx_word' id='word_1_527' title='bbox 2306 2003 2368 2051; x_wconf 80' lang='grc' dir='ltr'>τὰ</span> <span class='ocrx_word' id='word_1_528' title='bbox 2411 2000 2508 2072; x_wconf 74' lang='grc' dir='ltr'><strong>ἐμὰ</strong></span> <span class='ocrx_word' id='word_1_529' title='bbox 2556 2003 2744 2065; x_wconf 72' lang='grc' dir='ltr'>πάντα,</span> <span class='ocrx_word' id='word_1_530' title='bbox 2781 2004 2848 2052; x_wconf 78' lang='grc' dir='ltr'>σά</span> <span class='ocrx_word' id='word_1_531' title='bbox 2900 2000 3032 2065; x_wconf 75' lang='grc' dir='ltr'>ἔστι,</span> <span class='ocrx_word' id='word_1_532' title='bbox 3094 2005 3272 2054; x_wconf 76' lang='grc' dir='ltr'>καὶτὰ</span> <span class='ocrx_word' id='word_1_533' title='bbox 3319 2005 3389 2054; x_wconf 81' lang='grc' dir='ltr'>σὸι</span> <span class='ocrx_word' id='word_1_534' title='bbox 3431 2002 3547 2074; x_wconf 72' lang='grc' dir='ltr'><strong>ἐμά.</strong></span> <span class='ocrx_word' id='word_1_535' title='bbox 3585 2002 3780 2074; x_wconf 60' lang='lat' dir='ltr'><strong>[Tia-rs</strong></span> <span class='ocrx_word' id='word_1_536' title='bbox 3812 2005 3946 2077; x_wconf 76' lang='lat'><strong>(85)</strong></span> 
     </span>
    </p>
   </div>
   <div class='ocr_carea' id='block_1_72' title="bbox 2305 2087 3941 2165">
    <p class='ocr_par' dir='ltr' id='par_1_72' title="bbox 2305 2087 3941 2165">
     <span class='ocr_line' id='line_1_72' title="bbox 2305 2087 3941 2165; baseline 0.003 -24"><span class='ocrx_word' id='word_1_537' title='bbox 2305 2096 2395 2142; x_wconf 79' lang='grc' dir='ltr'><strong>καὶ</strong></span> <span class='ocrx_word' id='word_1_538' title='bbox 2450 2093 2550 2164; x_wconf 86' lang='grc' dir='ltr'><strong>πρὸ</strong></span> <span class='ocrx_word' id='word_1_539' title='bbox 2605 2098 2697 2142; x_wconf 82' lang='grc' dir='ltr'>τοῦ</span> <span class='ocrx_word' id='word_1_540' title='bbox 2750 2087 2971 2147; x_wconf 81' lang='grc' dir='ltr'>δοθῆναι</span> <span class='ocrx_word' id='word_1_541' title='bbox 3028 2097 3120 2142; x_wconf 83' lang='grc' dir='ltr'>τοῦ</span> <span class='ocrx_word' id='word_1_542' title='bbox 3164 2094 3289 2144; x_wconf 83' lang='grc' dir='ltr'><strong>Υἰοῡ</strong></span> <span class='ocrx_word' id='word_1_543' title='bbox 3341 2089 3496 2160; x_wconf 76' lang='grc' dir='ltr'>ἦσαν,</span> <span class='ocrx_word' id='word_1_544' title='bbox 3540 2099 3632 2144; x_wconf 78' lang='grc' dir='ltr'><strong>καὶ</strong></span> <span class='ocrx_word' id='word_1_545' title='bbox 3677 2099 3826 2165; x_wconf 69' lang='grc' dir='ltr'><strong>μετὰ</strong></span> <span class='ocrx_word' id='word_1_546' title='bbox 3877 2100 3941 2146; x_wconf 76' lang='grc' dir='ltr'>τὸ</span> 
     </span>
    </p>
   </div>
   <div class='ocr_carea' id='block_1_73' title="bbox 2307 2175 3945 2256">
    <p class='ocr_par' dir='ltr' id='par_1_73' title="bbox 2307 2175 3945 2256">
     <span class='ocr_line' id='line_1_73' title="bbox 2307 2175 3945 2256; baseline 0.002 -25"><span class='ocrx_word' id='word_1_547' title='bbox 2307 2175 2528 2237; x_wconf 84' lang='grc' dir='ltr'>δοθῆναι</span> <span class='ocrx_word' id='word_1_548' title='bbox 2584 2186 2675 2231; x_wconf 86' lang='grc' dir='ltr'>τοῦ</span> <span class='ocrx_word' id='word_1_549' title='bbox 2740 2182 2966 2250; x_wconf 77' lang='grc' dir='ltr'>Πατρός,</span> <span class='ocrx_word' id='word_1_550' title='bbox 3030 2184 3297 2233; x_wconf 67' lang='grc' dir='ltr'>τουτέστιν</span> <span class='ocrx_word' id='word_1_551' title='bbox 3352 2180 3430 2233; x_wconf 75' lang='grc' dir='ltr'><strong>ἀεὶ</strong></span> <span class='ocrx_word' id='word_1_552' title='bbox 3483 2181 3797 2256; x_wconf 72' lang='grc' dir='ltr'><strong>ἀμφοτέρων</strong></span> <span class='ocrx_word' id='word_1_553' title='bbox 3867 2187 3945 2245; x_wconf 74' lang='grc' dir='ltr'><strong>ὡς</strong></span> 
     </span>
    </p>
   </div>
   <div class='ocr_carea' id='block_1_74' title="bbox 2307 2263 3943 2341">
    <p class='ocr_par' dir='ltr' id='par_1_74' title="bbox 2307 2263 3943 2341">
     <span class='ocr_line' id='line_1_74' title="bbox 2307 2263 3943 2341; baseline 0.004 -23"><span class='ocrx_word' id='word_1_554' title='bbox 2307 2266 2577 2339; x_wconf 80' lang='grc' dir='ltr'>ἰσοτίμων.</span> <span class='ocrx_word' id='word_1_555' title='bbox 2646 2263 2887 2329; x_wconf 78' lang='grc' dir='ltr'><strong>Δέδωκας</strong></span> <span class='ocrx_word' id='word_1_556' title='bbox 2953 2263 3042 2319; x_wconf 84' lang='grc' dir='ltr'>οὖν</span> <span class='ocrx_word' id='word_1_557' title='bbox 3122 2287 3214 2340; x_wconf 78' lang='grc' dir='ltr'>μοι</span> <span class='ocrx_word' id='word_1_558' title='bbox 3267 2273 3388 2331; x_wconf 81' lang='grc' dir='ltr'>τοὺς</span> <span class='ocrx_word' id='word_1_559' title='bbox 3451 2268 3620 2341; x_wconf 71' lang='grc' dir='ltr'>ἐμούς.</span> <span class='ocrx_word' id='word_1_560' title='bbox 3676 2267 3943 2333; x_wconf 53' lang='lat' dir='ltr'><strong>Aidanum</strong></span> 
     </span>
    </p>
   </div>
   <div class='ocr_carea' id='block_1_75' title="bbox 2306 2352 3942 2433">
    <p class='ocr_par' dir='ltr' id='par_1_75' title="bbox 2306 2352 3942 2433">
     <span class='ocr_line' id='line_1_75' title="bbox 2306 2352 3942 2433; baseline 0.003 -24"><span class='ocrx_word' id='word_1_561' title='bbox 2306 2352 2365 2409; x_wconf 70' lang='grc' dir='ltr'><strong>δί</strong></span> <span class='ocrx_word' id='word_1_562' title='bbox 2411 2353 2552 2408; x_wconf 74' lang='grc' dir='ltr'>εἷπον</span> <span class='ocrx_word' id='word_1_563' title='bbox 2609 2356 2965 2428; x_wconf 74' lang='grc' dir='ltr'>οἰκονομικῶς,</span> <span class='ocrx_word' id='word_1_564' title='bbox 3026 2357 3108 2407; x_wconf 78' lang='grc' dir='ltr'>ἵνα</span> <span class='ocrx_word' id='word_1_565' title='bbox 3164 2366 3360 2428; x_wconf 75' lang='grc' dir='ltr'>γνῶσιν</span> <span class='ocrx_word' id='word_1_566' title='bbox 3411 2360 3490 2411; x_wconf 85' lang='grc' dir='ltr'>ὅτι</span> <span class='ocrx_word' id='word_1_567' title='bbox 3540 2356 3600 2410; x_wconf 69' lang='grc' dir='ltr'>οὐ</span> <span class='ocrx_word' id='word_1_568' title='bbox 3649 2364 3808 2433; x_wconf 76' lang='grc' dir='ltr'><strong>παρὰ</strong></span> <span class='ocrx_word' id='word_1_569' title='bbox 3874 2368 3942 2414; x_wconf 85' lang='grc' dir='ltr'>τό</span> 
     </span>
    </p>
   </div>
   <div class='ocr_carea' id='block_1_76' title="bbox 2307 2444 3333 2520">
    <p class='ocr_par' dir='ltr' id='par_1_76' title="bbox 2307 2444 3333 2520">
     <span class='ocr_line' id='line_1_76' title="bbox 2307 2444 3333 2520; baseline 0.001 -23"><span class='ocrx_word' id='word_1_570' title='bbox 2307 2448 2396 2497; x_wconf 82' lang='grc' dir='ltr'>σὸν</span> <span class='ocrx_word' id='word_1_571' title='bbox 2432 2445 2629 2517; x_wconf 75' lang='grc' dir='ltr'>θέλημα</span> <span class='ocrx_word' id='word_1_572' title='bbox 2658 2448 2873 2506; x_wconf 81' lang='grc' dir='ltr'>τούτους</span> <span class='ocrx_word' id='word_1_573' title='bbox 2905 2444 3333 2520; x_wconf 75' lang='grc' dir='ltr'><strong>ἐπισπασάμην].</strong></span> 
     </span>
    </p>
   </div>
   <div class='ocr_carea' id='block_1_77' title="bbox 2381 2621 3944 2696">
    <p class='ocr_par' dir='ltr' id='par_1_77' title="bbox 2381 2621 3944 2696">
     <span class='ocr_line' id='line_1_77' title="bbox 2381 2621 3944 2696; baseline 0.003 -22"><span class='ocrx_word' id='word_1_574' title='bbox 2381 2627 2478 2675; x_wconf 81' lang='grc' dir='ltr'><strong>Καὶ</strong></span> <span class='ocrx_word' id='word_1_575' title='bbox 2522 2653 2587 2663; x_wconf 89' lang='lat'><strong>-—</strong></span> <span class='ocrx_word' id='word_1_576' title='bbox 2618 2621 2815 2685; x_wconf 73' lang='grc' dir='ltr'>αὐτοῖς.</span> <span class='ocrx_word' id='word_1_577' title='bbox 2873 2626 2975 2675; x_wconf 73' lang='grc' dir='ltr'><strong>Καὶ</strong></span> <span class='ocrx_word' id='word_1_578' title='bbox 3019 2621 3260 2685; x_wconf 69' lang='grc' dir='ltr'>ἐξουσίαν</span> <span class='ocrx_word' id='word_1_579' title='bbox 3304 2625 3414 2696; x_wconf 79' lang='grc' dir='ltr'><strong>ἔχω</strong></span> <span class='ocrx_word' id='word_1_580' title='bbox 3454 2621 3506 2676; x_wconf 74' lang='grc' dir='ltr'>ἓν</span> <span class='ocrx_word' id='word_1_581' title='bbox 3552 2630 3662 2685; x_wconf 86' lang='grc' dir='ltr'>τοῖς</span> <span class='ocrx_word' id='word_1_582' title='bbox 3693 2633 3822 2689; x_wconf 83' lang='grc' dir='ltr'>σοῖς</span> <span class='ocrx_word' id='word_1_583' title='bbox 3865 2628 3944 2689; x_wconf 76' lang='grc' dir='ltr'><strong>ὡς</strong></span> 
     </span>
    </p>
   </div>
   <div class='ocr_carea' id='block_1_78' title="bbox 2306 2710 3527 2784">
    <p class='ocr_par' dir='ltr' id='par_1_78' title="bbox 2306 2710 3527 2784">
     <span class='ocr_line' id='line_1_78' title="bbox 2306 2710 3527 2784; baseline 0.004 -21"><span class='ocrx_word' id='word_1_584' title='bbox 2306 2710 2465 2782; x_wconf 76' lang='grc' dir='ltr'>ἐμοῖς,</span> <span class='ocrx_word' id='word_1_585' title='bbox 2494 2710 2666 2784; x_wconf 74' lang='grc' dir='ltr'>ὥσπέρ</span> <span class='ocrx_word' id='word_1_586' title='bbox 2696 2716 2784 2763; x_wconf 82' lang='grc' dir='ltr'>καὶ</span> <span class='ocrx_word' id='word_1_587' title='bbox 2817 2715 2882 2763; x_wconf 86' lang='grc' dir='ltr'>σὺ</span> <span class='ocrx_word' id='word_1_588' title='bbox 2912 2714 2962 2765; x_wconf 65' lang='grc' dir='ltr'>ἓν</span> <span class='ocrx_word' id='word_1_589' title='bbox 2993 2719 3104 2774; x_wconf 88' lang='grc' dir='ltr'>τοῖς</span> <span class='ocrx_word' id='word_1_590' title='bbox 3132 2711 3277 2784; x_wconf 75' lang='grc' dir='ltr'>ἐμοῖς</span> <span class='ocrx_word' id='word_1_591' title='bbox 3302 2714 3369 2774; x_wconf 73' lang='grc' dir='ltr'>ὡς</span> <span class='ocrx_word' id='word_1_592' title='bbox 3394 2720 3527 2775; x_wconf 84' lang='grc' dir='ltr'>σοῖς.</span> 
     </span>
    </p>
   </div>
   <div class='ocr_carea' id='block_1_79' title="bbox 2374 2973 3938 3050">
    <p class='ocr_par' dir='ltr' id='par_1_79' title="bbox 2374 2973 3938 3050">
     <span class='ocr_line' id='line_1_79' title="bbox 2374 2973 3938 3050; baseline 0.002 -21"><span class='ocrx_word' id='word_1_593' title='bbox 2374 2975 2464 3042; x_wconf 85' lang='grc' dir='ltr'><strong>Ἥ,</strong></span> <span class='ocrx_word' id='word_1_594' title='bbox 2505 2973 2835 3047; x_wconf 75' lang='grc' dir='ltr'><strong>δεδόξασμαι</strong></span> <span class='ocrx_word' id='word_1_595' title='bbox 2885 2976 2929 3027; x_wconf 79' lang='lat' dir='ltr'><strong>iv</strong></span> <span class='ocrx_word' id='word_1_596' title='bbox 2957 2983 3062 3037; x_wconf 85' lang='grc' dir='ltr'>τοῖς</span> <span class='ocrx_word' id='word_1_597' title='bbox 3107 2974 3310 3030; x_wconf 82' lang='grc' dir='ltr'>δοθεῐσί</span> <span class='ocrx_word' id='word_1_598' title='bbox 3347 2996 3437 3049; x_wconf 76' lang='grc' dir='ltr'>μοι</span> <span class='ocrx_word' id='word_1_599' title='bbox 3474 2980 3753 3050; x_wconf 78' lang='grc' dir='ltr'>μαθηταίς</span> <span class='ocrx_word' id='word_1_600' title='bbox 3812 2983 3938 3032; x_wconf 72' lang='grc' dir='ltr'><strong>ἐπι-</strong></span> 
     </span>
    </p>
   </div>
   <div class='ocr_carea' id='block_1_80' title="bbox 2302 3066 3935 3140">
    <p class='ocr_par' dir='ltr' id='par_1_80' title="bbox 2302 3066 3935 3140">
     <span class='ocr_line' id='line_1_80' title="bbox 2302 3066 3935 3140; baseline 0.002 -24"><span class='ocrx_word' id='word_1_601' title='bbox 2302 3073 2488 3136; x_wconf 71' lang='grc' dir='ltr'>γνοῦσι</span> <span class='ocrx_word' id='word_1_602' title='bbox 2562 3069 2651 3137; x_wconf 68' lang='grc' dir='ltr'><strong>μὲν</strong></span> <span class='ocrx_word' id='word_1_603' title='bbox 2730 3068 2917 3139; x_wconf 77' lang='grc' dir='ltr'>Κύριον</span> <span class='ocrx_word' id='word_1_604' title='bbox 3001 3066 3193 3117; x_wconf 77' lang='grc' dir='ltr'>ἑαυτῶν</span> <span class='ocrx_word' id='word_1_605' title='bbox 3239 3072 3329 3118; x_wconf 80' lang='grc' dir='ltr'>καὶ</span> <span class='ocrx_word' id='word_1_606' title='bbox 3406 3076 3780 3140; x_wconf 74' lang='grc' dir='ltr'><strong>προσκυνοῦσι</strong></span> <span class='ocrx_word' id='word_1_607' title='bbox 3836 3074 3935 3121; x_wconf 73' lang='grc' dir='ltr'><strong>καὶ</strong></span> 
     </span>
    </p>
   </div>
   <div class='ocr_carea' id='block_1_81' title="bbox 2231 3158 2889 3254">
    <p class='ocr_par' dir='ltr' id='par_1_81' title="bbox 2231 3158 2889 3254">
     <span class='ocr_line' id='line_1_81' title="bbox 2231 3158 2889 3254; baseline 0.005 -50"><span class='ocrx_word' id='word_1_608' title='bbox 2231 3194 2272 3254; x_wconf 80' lang='lat' dir='ltr'>C</span> <span class='ocrx_word' id='word_1_609' title='bbox 2303 3158 2627 3228; x_wconf 79' lang='grc' dir='ltr'>κηρύττουσί</span> <span class='ocrx_word' id='word_1_610' title='bbox 2654 3173 2716 3225; x_wconf 81' lang='grc' dir='ltr'><strong>με</strong></span> <span class='ocrx_word' id='word_1_611' title='bbox 2743 3158 2889 3207; x_wconf 83' lang='grc' dir='ltr'>Θεὸν.</span> 
     </span>
    </p>
   </div>
   <div class='ocr_carea' id='block_1_82' title="bbox 2380 3242 3930 3318">
    <p class='ocr_par' dir='ltr' id='par_1_82' title="bbox 2380 3242 3930 3318">
     <span class='ocr_line' id='line_1_82' title="bbox 2380 3242 3930 3318; baseline 0.001 -23"><span class='ocrx_word' id='word_1_612' title='bbox 2380 3248 2476 3295; x_wconf 79' lang='grc' dir='ltr'><strong>Καὶ</strong></span> <span class='ocrx_word' id='word_1_613' title='bbox 2530 3272 2593 3282; x_wconf 95' lang='grc'><strong>-</strong></span> <span class='ocrx_word' id='word_1_614' title='bbox 2640 3246 2842 3313; x_wconf 80' lang='grc' dir='ltr'><strong>κόσμῳ.</strong></span> <span class='ocrx_word' id='word_1_615' title='bbox 2921 3245 3065 3295; x_wconf 77' lang='grc' dir='ltr'>Μετὰ</span> <span class='ocrx_word' id='word_1_616' title='bbox 3133 3246 3320 3318; x_wconf 68' lang='grc' dir='ltr'>μικρὸν</span> <span class='ocrx_word' id='word_1_617' title='bbox 3377 3242 3746 3301; x_wconf 76' lang='grc' dir='ltr'>ἀποθνήσκων,</span> <span class='ocrx_word' id='word_1_618' title='bbox 3806 3249 3930 3298; x_wconf 64' lang='grc' dir='ltr'><strong>Πέι</strong></span> 
     </span>
    </p>
   </div>
   <div class='ocr_carea' id='block_1_83' title="bbox 2302 3328 3929 3403">
    <p class='ocr_par' dir='ltr' id='par_1_83' title="bbox 2302 3328 3929 3403">
     <span class='ocr_line' id='line_1_83' title="bbox 2302 3328 3929 3403; baseline 0.001 -20"><span class='ocrx_word' id='word_1_619' title='bbox 2302 3331 2378 3383; x_wconf 77' lang='grc' dir='ltr'><strong>λιν</strong></span> <span class='ocrx_word' id='word_1_620' title='bbox 2406 3332 2514 3401; x_wconf 86' lang='grc'>(86)</span> <span class='ocrx_word' id='word_1_621' title='bbox 2548 3328 2607 3383; x_wconf 71' lang='grc' dir='ltr'><strong>δὲ</strong></span> <span class='ocrx_word' id='word_1_622' title='bbox 2645 3331 2845 3403; x_wconf 69' lang='grc' dir='ltr'>εἰσάγιι</span> <span class='ocrx_word' id='word_1_623' title='bbox 2871 3334 2927 3383; x_wconf 88' lang='grc' dir='ltr'>τὸ</span> <span class='ocrx_word' id='word_1_624' title='bbox 2956 3336 3073 3403; x_wconf 78' lang='grc' dir='ltr'><strong>περὶ</strong></span> <span class='ocrx_word' id='word_1_625' title='bbox 3118 3339 3212 3383; x_wconf 80' lang='grc' dir='ltr'>τοῦ</span> <span class='ocrx_word' id='word_1_626' title='bbox 3245 3334 3466 3384; x_wconf 77' lang='grc' dir='ltr'>θανάτου</span> <span class='ocrx_word' id='word_1_627' title='bbox 3496 3332 3678 3397; x_wconf 74' lang='grc' dir='ltr'>αὑτοῦ,</span> <span class='ocrx_word' id='word_1_628' title='bbox 3714 3333 3929 3403; x_wconf 69' lang='grc' dir='ltr'><strong>μέλλων</strong></span> 
     </span>
    </p>
   </div>
   <div class='ocr_carea' id='block_1_84' title="bbox 2304 3420 3919 3494">
    <p class='ocr_par' dir='ltr' id='par_1_84' title="bbox 2304 3420 3919 3494">
     <span class='ocr_line' id='line_1_84' title="bbox 2304 3420 3919 3494; baseline 0.002 -22"><span class='ocrx_word' id='word_1_629' title='bbox 2304 3421 2513 3485; x_wconf 69' lang='grc' dir='ltr'>αὐτούς,</span> <span class='ocrx_word' id='word_1_630' title='bbox 2546 3423 2610 3480; x_wconf 84' lang='grc' dir='ltr'>ὡς</span> <span class='ocrx_word' id='word_1_631' title='bbox 2635 3421 2920 3493; x_wconf 78' lang='grc' dir='ltr'>ἄνθρωπος,</span> <span class='ocrx_word' id='word_1_632' title='bbox 2967 3420 3298 3492; x_wconf 79' lang='grc' dir='ltr'>παραθέσθαι</span> <span class='ocrx_word' id='word_1_633' title='bbox 3317 3427 3389 3491; x_wconf 81' lang='grc' dir='ltr'>τῷ</span> <span class='ocrx_word' id='word_1_634' title='bbox 3419 3426 3533 3491; x_wconf 81' lang='grc' dir='ltr'><strong>Θεῷ</strong></span> <span class='ocrx_word' id='word_1_635' title='bbox 3586 3426 3677 3472; x_wconf 78' lang='grc' dir='ltr'><strong>καὶ</strong></span> <span class='ocrx_word' id='word_1_636' title='bbox 3714 3427 3919 3494; x_wconf 51' lang='grc' dir='ltr'>Περὶ.</span> 
     </span>
    </p>
   </div>
   <div class='ocr_carea' id='block_1_85' title="bbox 2303 3507 3926 3583">
    <p class='ocr_par' dir='ltr' id='par_1_85' title="bbox 2303 3507 3926 3583">
     <span class='ocr_line' id='line_1_85' title="bbox 2303 3507 3926 3583; baseline 0.001 -21"><span class='ocrx_word' id='word_1_637' title='bbox 2303 3513 2467 3567; x_wconf 47' lang='lat' dir='ltr'><strong>ﬁne-iv</strong></span> <span class='ocrx_word' id='word_1_638' title='bbox 2499 3508 2588 3561; x_wconf 83' lang='grc' dir='ltr'>οὖν</span> <span class='ocrx_word' id='word_1_639' title='bbox 2612 3511 2693 3561; x_wconf 87' lang='grc' dir='ltr'>ὅτι</span> <span class='ocrx_word' id='word_1_640' title='bbox 2736 3509 2927 3561; x_wconf 75' lang='grc' dir='ltr'><strong>Οὐκέτι</strong></span> <span class='ocrx_word' id='word_1_641' title='bbox 2957 3509 3072 3577; x_wconf 85' lang='lat'><strong>(87)</strong></span> <span class='ocrx_word' id='word_1_642' title='bbox 3103 3509 3208 3581; x_wconf 76' lang='grc' dir='ltr'><strong>εἰμὶ</strong></span> <span class='ocrx_word' id='word_1_643' title='bbox 3248 3507 3297 3561; x_wconf 70' lang='grc' dir='ltr'>ἄν</span> <span class='ocrx_word' id='word_1_644' title='bbox 3327 3517 3400 3579; x_wconf 83' lang='grc' dir='ltr'>τῷ</span> <span class='ocrx_word' id='word_1_645' title='bbox 3429 3513 3633 3581; x_wconf 79' lang='grc' dir='ltr'><strong>κόσμω,</strong></span> <span class='ocrx_word' id='word_1_646' title='bbox 3670 3512 3926 3583; x_wconf 71' lang='grc' dir='ltr'>καθάπερ</span> 
     </span>
    </p>
   </div>
   <div class='ocr_carea' id='block_1_86' title="bbox 2302 3597 3926 3671">
    <p class='ocr_par' dir='ltr' id='par_1_86' title="bbox 2302 3597 3926 3671">
     <span class='ocr_line' id='line_1_86' title="bbox 2302 3597 3926 3671; baseline 0.001 -21"><span class='ocrx_word' id='word_1_647' title='bbox 2302 3600 2436 3671; x_wconf 76' lang='grc' dir='ltr'>ἄχρι</span> <span class='ocrx_word' id='word_1_648' title='bbox 2491 3604 2598 3667; x_wconf 79' lang='grc' dir='ltr'>νῦν,</span> <span class='ocrx_word' id='word_1_649' title='bbox 2639 3602 2824 3664; x_wconf 78' lang='grc' dir='ltr'>συνὼν,</span> <span class='ocrx_word' id='word_1_650' title='bbox 2877 3603 2967 3651; x_wconf 74' lang='grc' dir='ltr'><strong>καὶ</strong></span> <span class='ocrx_word' id='word_1_651' title='bbox 3019 3597 3306 3671; x_wconf 78' lang='grc' dir='ltr'>στηρίζων,</span> <span class='ocrx_word' id='word_1_652' title='bbox 3370 3603 3461 3650; x_wconf 75' lang='grc' dir='ltr'><strong>καὶ</strong></span> <span class='ocrx_word' id='word_1_653' title='bbox 3519 3597 3763 3670; x_wconf 63' lang='grc' dir='ltr'><strong>ἀλείφων,</strong></span> <span class='ocrx_word' id='word_1_654' title='bbox 3825 3605 3926 3652; x_wconf 71' lang='grc' dir='ltr'><strong>καὶ</strong></span> 
     </span>
    </p>
   </div>
   <div class='ocr_carea' id='block_1_87' title="bbox 2303 3686 2975 3762">
    <p class='ocr_par' dir='ltr' id='par_1_87' title="bbox 2303 3686 2975 3762">
     <span class='ocr_line' id='line_1_87' title="bbox 2303 3686 2975 3762; baseline -0.004 -22"><span class='ocrx_word' id='word_1_655' title='bbox 2303 3694 2611 3762; x_wconf 74' lang='grc' dir='ltr'>παρηγορῶν</span> <span class='ocrx_word' id='word_1_656' title='bbox 2634 3686 2815 3747; x_wconf 81' lang='grc' dir='ltr'>αὐτούς</span> <span class='ocrx_word' id='word_1_657' title='bbox 2840 3686 2975 3759; x_wconf 88' lang='grc'>(88).</span> 
     </span>
    </p>
   </div>
   <div class='ocr_carea' id='block_1_88' title="bbox 2378 3773 3929 3847">
    <p class='ocr_par' dir='ltr' id='par_1_88' title="bbox 2378 3773 3929 3847">
     <span class='ocr_line' id='line_1_88' title="bbox 2378 3773 3929 3847; baseline 0.001 -19"><span class='ocrx_word' id='word_1_658' title='bbox 2378 3777 2502 3846; x_wconf 77' lang='grc' dir='ltr'>[Καὶ</span> <span class='ocrx_word' id='word_1_659' title='bbox 2554 3775 2668 3847; x_wconf 84' lang='grc'>(89)</span> <span class='ocrx_word' id='word_1_660' title='bbox 2716 3806 2784 3817; x_wconf 89' lang='lat'><strong>-—</strong></span> <span class='ocrx_word' id='word_1_661' title='bbox 2832 3775 2953 3830; x_wconf 75' lang='grc' dir='ltr'>εἰσί.</span> <span class='ocrx_word' id='word_1_662' title='bbox 3006 3779 3179 3833; x_wconf 82' lang='grc' dir='ltr'><strong>Μὴπω</strong></span> <span class='ocrx_word' id='word_1_663' title='bbox 3221 3773 3657 3838; x_wconf 72' lang='grc' dir='ltr'>ἀποθνῆσκοντες,</span> <span class='ocrx_word' id='word_1_664' title='bbox 3687 3781 3789 3829; x_wconf 73' lang='grc' dir='ltr'>καὶ</span> <span class='ocrx_word' id='word_1_665' title='bbox 3822 3773 3929 3829; x_wconf 70' lang='grc' dir='ltr'>διὰ</span> 
     </span>
    </p>
   </div>
   <div class='ocr_carea' id='block_1_89' title="bbox 2303 3861 3927 3936">
    <p class='ocr_par' dir='ltr' id='par_1_89' title="bbox 2303 3861 3927 3936">
     <span class='ocr_line' id='line_1_89' title="bbox 2303 3861 3927 3936; baseline 0.001 -19"><span class='ocrx_word' id='word_1_666' title='bbox 2303 3872 2456 3917; x_wconf 86' lang='grc' dir='ltr'>τοῦτο</span> <span class='ocrx_word' id='word_1_667' title='bbox 2494 3873 2590 3926; x_wconf 86' lang='grc' dir='ltr'>τῆς</span> <span class='ocrx_word' id='word_1_668' title='bbox 2640 3872 2733 3925; x_wconf 81' lang='grc' dir='ltr'>σῆς</span> <span class='ocrx_word' id='word_1_669' title='bbox 2793 3861 2998 3917; x_wconf 79' lang='grc' dir='ltr'>δέονται</span> <span class='ocrx_word' id='word_1_670' title='bbox 3051 3862 3321 3936; x_wconf 83' lang='grc' dir='ltr'><strong>βοηθείας.</strong></span> <span class='ocrx_word' id='word_1_671' title='bbox 3370 3864 3539 3917; x_wconf 80' lang='grc' dir='ltr'>Εἰπὼν</span> <span class='ocrx_word' id='word_1_672' title='bbox 3579 3861 3639 3917; x_wconf 77' lang='grc' dir='ltr'><strong>δέ</strong></span> <span class='ocrx_word' id='word_1_673' title='bbox 3683 3866 3770 3916; x_wconf 78' lang='grc' dir='ltr'>ὅτι</span> <span class='ocrx_word' id='word_1_674' title='bbox 3805 3867 3927 3918; x_wconf 67' lang='grc' dir='ltr'><strong>Οὐκ</strong></span> 
     </span>
    </p>
   </div>
   <div class='ocr_carea' id='block_1_90' title="bbox 2305 3951 3562 4026">
    <p class='ocr_par' dir='ltr' id='par_1_90' title="bbox 2305 3951 3562 4026">
     <span class='ocr_line' id='line_1_90' title="bbox 2305 3951 3562 4026; baseline -0.001 -21"><span class='ocrx_word' id='word_1_675' title='bbox 2305 3954 2411 4026; x_wconf 80' lang='grc' dir='ltr'><strong>εἰμι</strong></span> <span class='ocrx_word' id='word_1_676' title='bbox 2440 3952 2488 4005; x_wconf 80' lang='grc' dir='ltr'>ἐν</span> <span class='ocrx_word' id='word_1_677' title='bbox 2518 3960 2588 4023; x_wconf 83' lang='grc' dir='ltr'>τῷ</span> <span class='ocrx_word' id='word_1_678' title='bbox 2618 3958 2821 4025; x_wconf 78' lang='grc' dir='ltr'><strong>κόσμῳ,</strong></span> <span class='ocrx_word' id='word_1_679' title='bbox 2857 3951 3182 4026; x_wconf 76' lang='grc' dir='ltr'>ἐφερμηνιύει</span> <span class='ocrx_word' id='word_1_680' title='bbox 3206 3962 3360 4005; x_wconf 68' lang='grc' dir='ltr'>τοῦτο</span> <span class='ocrx_word' id='word_1_681' title='bbox 3384 3952 3562 4024; x_wconf 69' lang='grc' dir='ltr'><strong>λέγων’</strong></span> 
     </span>
    </p>
   </div>
   <div class='ocr_carea' id='block_1_91' title="bbox 2378 4040 3926 4116">
    <p class='ocr_par' dir='ltr' id='par_1_91' title="bbox 2378 4040 3926 4116">
     <span class='ocr_line' id='line_1_91' title="bbox 2378 4040 3926 4116; baseline 0.003 -23"><span class='ocrx_word' id='word_1_682' title='bbox 2378 4046 2477 4094; x_wconf 76' lang='grc' dir='ltr'><strong>Καὶ</strong></span> <span class='ocrx_word' id='word_1_683' title='bbox 2524 4071 2594 4082; x_wconf 94' lang='grc'><strong>-</strong></span> <span class='ocrx_word' id='word_1_684' title='bbox 2639 4040 2908 4115; x_wconf 59' lang='grc' dir='ltr'>ἔρχομαι]</span> <span class='ocrx_word' id='word_1_685' title='bbox 2960 4040 3046 4103; x_wconf 83' lang='grc' dir='ltr'>Ὡς</span> <span class='ocrx_word' id='word_1_686' title='bbox 3091 4044 3211 4104; x_wconf 80' lang='grc' dir='ltr'><strong>Υἱὸς</strong></span> <span class='ocrx_word' id='word_1_687' title='bbox 3238 4045 3372 4115; x_wconf 83' lang='grc' dir='ltr'>πρὸς</span> <span class='ocrx_word' id='word_1_688' title='bbox 3408 4045 3636 4115; x_wconf 77' lang='grc' dir='ltr'>Πατέρα,</span> <span class='ocrx_word' id='word_1_689' title='bbox 3669 4046 3731 4094; x_wconf 86' lang='grc' dir='ltr'>τὸ</span> <span class='ocrx_word' id='word_1_690' title='bbox 3765 4046 3926 4116; x_wconf 73' lang='grc' dir='ltr'>ἔργον</span> 
     </span>
    </p>
   </div>
   <div class='ocr_carea' id='block_1_92' title="bbox 2304 4130 2947 4203">
    <p class='ocr_par' dir='ltr' id='par_1_92' title="bbox 2304 4130 2947 4203">
     <span class='ocr_line' id='line_1_92' title="bbox 2304 4130 2947 4203; baseline 0 -20"><span class='ocrx_word' id='word_1_691' title='bbox 2304 4130 2550 4183; x_wconf 58' lang='lat' dir='ltr'><strong>schidiae:</strong></span> <span class='ocrx_word' id='word_1_692' title='bbox 2559 4150 2598 4196; x_wconf 92' lang='grc' dir='ltr'>ς,</span> <span class='ocrx_word' id='word_1_693' title='bbox 2632 4133 2695 4190; x_wconf 83' lang='grc' dir='ltr'>ὡς</span> <span class='ocrx_word' id='word_1_694' title='bbox 2724 4133 2947 4203; x_wconf 77' lang='grc' dir='ltr'>εἰρηται.</span> 
     </span>
    </p>
   </div>
   <div class='ocr_carea' id='block_1_93' title="bbox 2378 4218 3921 4294">
    <p class='ocr_par' dir='ltr' id='par_1_93' title="bbox 2378 4218 3921 4294">
     <span class='ocr_line' id='line_1_93' title="bbox 2378 4218 3921 4294; baseline 0.001 -22"><span class='ocrx_word' id='word_1_695' title='bbox 2378 4221 2544 4294; x_wconf 74' lang='grc' dir='ltr'>Πάτερ</span> <span class='ocrx_word' id='word_1_696' title='bbox 2599 4250 2669 4260; x_wconf 91' lang='grc'><strong>-</strong></span> <span class='ocrx_word' id='word_1_697' title='bbox 2719 4238 2827 4282; x_wconf 81' lang='grc' dir='ltr'>μοι.</span> <span class='ocrx_word' id='word_1_698' title='bbox 2871 4220 2966 4270; x_wconf 82' lang='grc' dir='ltr'><strong>Διὰ</strong></span> <span class='ocrx_word' id='word_1_699' title='bbox 3011 4226 3104 4271; x_wconf 85' lang='grc' dir='ltr'>τοῦ</span> <span class='ocrx_word' id='word_1_700' title='bbox 3155 4218 3408 4292; x_wconf 80' lang='grc' dir='ltr'>ὀνόματός</span> <span class='ocrx_word' id='word_1_701' title='bbox 3454 4238 3549 4272; x_wconf 87' lang='grc' dir='ltr'><strong>σου</strong></span> <span class='ocrx_word' id='word_1_702' title='bbox 3580 4226 3672 4272; x_wconf 76' lang='grc' dir='ltr'>τοῦ</span> <span class='ocrx_word' id='word_1_703' title='bbox 3720 4239 3921 4275; x_wconf 76' lang='grc' dir='ltr'>παντο-</span> 
     </span>
    </p>
   </div>
   <div class='ocr_carea' id='block_1_94' title="bbox 2307 4306 3914 4383">
    <p class='ocr_par' dir='ltr' id='par_1_94' title="bbox 2307 4306 3914 4383">
     <span class='ocr_line' id='line_1_94' title="bbox 2307 4306 3914 4383; baseline 0.001 -21"><span class='ocrx_word' id='word_1_704' title='bbox 2307 4307 2541 4381; x_wconf 79' lang='grc' dir='ltr'>δυνάμου</span> <span class='ocrx_word' id='word_1_705' title='bbox 2572 4310 2598 4361; x_wconf 86' lang='grc' dir='ltr'>ὅ</span> <span class='ocrx_word' id='word_1_706' title='bbox 2641 4311 2750 4380; x_wconf 81' lang='grc' dir='ltr'><strong>ἔχω</strong></span> <span class='ocrx_word' id='word_1_707' title='bbox 2803 4311 2955 4381; x_wconf 77' lang='grc' dir='ltr'>φύσει</span> <span class='ocrx_word' id='word_1_708' title='bbox 3000 4306 3167 4379; x_wconf 75' lang='grc' dir='ltr'><strong>κάγώ.</strong></span> <span class='ocrx_word' id='word_1_709' title='bbox 3210 4307 3362 4382; x_wconf 82' lang='grc' dir='ltr'><strong>[Θεὸς</strong></span> <span class='ocrx_word' id='word_1_710' title='bbox 3410 4309 3522 4380; x_wconf 86' lang='grc'>(90)</span> <span class='ocrx_word' id='word_1_711' title='bbox 3568 4310 3669 4381; x_wconf 75' lang='grc' dir='ltr'>γὰρ</span> <span class='ocrx_word' id='word_1_712' title='bbox 3714 4309 3914 4383; x_wconf 65' lang='lat' dir='ltr'><strong>xit-Ida].</strong></span> 
     </span>
    </p>
   </div>
   <div class='ocr_carea' id='block_1_95' title="bbox 2306 4394 3916 4470">
    <p class='ocr_par' dir='ltr' id='par_1_95' title="bbox 2306 4394 3916 4470">
     <span class='ocr_line' id='line_1_95' title="bbox 2306 4394 3916 4470; baseline 0.001 -20"><span class='ocrx_word' id='word_1_713' title='bbox 2306 4399 2467 4452; x_wconf 82' lang='grc' dir='ltr'>Πάλιν</span> <span class='ocrx_word' id='word_1_714' title='bbox 2498 4394 2557 4450; x_wconf 71' lang='grc' dir='ltr'><strong>δὲ</strong></span> <span class='ocrx_word' id='word_1_715' title='bbox 2583 4401 2639 4450; x_wconf 83' lang='grc' dir='ltr'>τὸ</span> <span class='ocrx_word' id='word_1_716' title='bbox 2680 4394 2935 4462; x_wconf 76' lang='grc' dir='ltr'><strong>Δέδωχας,</strong></span> <span class='ocrx_word' id='word_1_717' title='bbox 2966 4399 3049 4450; x_wconf 84' lang='grc' dir='ltr'>ἶνα</span> <span class='ocrx_word' id='word_1_718' title='bbox 3076 4401 3148 4468; x_wconf 82' lang='grc' dir='ltr'><strong>μὴ</strong></span> <span class='ocrx_word' id='word_1_719' title='bbox 3182 4394 3311 4470; x_wconf 75' lang='grc' dir='ltr'><strong>δόξῃ</strong></span> <span class='ocrx_word' id='word_1_720' title='bbox 3345 4397 3593 4460; x_wconf 69' lang='grc' dir='ltr'>ἀντίθεος*</span> <span class='ocrx_word' id='word_1_721' title='bbox 3624 4400 3656 4457; x_wconf 69' lang='grc' dir='ltr'><strong>ἦ</strong></span> <span class='ocrx_word' id='word_1_722' title='bbox 3688 4399 3716 4449; x_wconf 87' lang='grc' dir='ltr'><strong><em>ὃ</em></strong></span> <span class='ocrx_word' id='word_1_723' title='bbox 3740 4396 3916 4452; x_wconf 76' lang='grc' dir='ltr'><strong>δέδω-</strong></span> 
     </span>
    </p>
   </div>
   <div class='ocr_carea' id='block_1_96' title="bbox 2307 4486 2943 4560">
    <p class='ocr_par' dir='ltr' id='par_1_96' title="bbox 2307 4486 2943 4560">
     <span class='ocr_line' id='line_1_96' title="bbox 2307 4486 2943 4560; baseline 0.002 -20"><span class='ocrx_word' id='word_1_724' title='bbox 2307 4489 2401 4549; x_wconf 63' lang='grc' dir='ltr'>κάς</span> <span class='ocrx_word' id='word_1_725' title='bbox 2428 4506 2538 4560; x_wconf 81' lang='grc' dir='ltr'>μοι,</span> <span class='ocrx_word' id='word_1_726' title='bbox 2565 4489 2632 4549; x_wconf 82' lang='grc' dir='ltr'><strong>ὡς</strong></span> <span class='ocrx_word' id='word_1_727' title='bbox 2668 4486 2943 4559; x_wconf 71' lang='grc' dir='ltr'>ἀνθρώπῳ.</span> 
     </span>
    </p>
   </div>
   <div class='ocr_carea' id='block_1_97' title="bbox 2374 4660 3915 4737">
    <p class='ocr_par' dir='ltr' id='par_1_97' title="bbox 2374 4660 3915 4737">
     <span class='ocr_line' id='line_1_97' title="bbox 2374 4660 3915 4737; baseline -0.001 -20"><span class='ocrx_word' id='word_1_728' title='bbox 2374 4664 2486 4717; x_wconf 85' lang='grc' dir='ltr'>Ἰνα</span> <span class='ocrx_word' id='word_1_729' title='bbox 2528 4661 2654 4716; x_wconf 77' lang='grc' dir='ltr'>ὦσιν</span> <span class='ocrx_word' id='word_1_730' title='bbox 2705 4666 2774 4719; x_wconf 83' lang='grc' dir='ltr'><strong>ἓν.</strong></span> <span class='ocrx_word' id='word_1_731' title='bbox 2824 4663 2936 4717; x_wconf 81' lang='grc' dir='ltr'>Ἵνα</span> <span class='ocrx_word' id='word_1_732' title='bbox 2978 4660 3106 4716; x_wconf 77' lang='grc' dir='ltr'>ὦσιν</span> <span class='ocrx_word' id='word_1_733' title='bbox 3136 4664 3207 4731; x_wconf 72' lang='grc' dir='ltr'><strong>ἓν,</strong></span> <span class='ocrx_word' id='word_1_734' title='bbox 3254 4670 3316 4736; x_wconf 72' lang='grc' dir='ltr'>τῇ</span> <span class='ocrx_word' id='word_1_735' title='bbox 3364 4663 3544 4716; x_wconf 78' lang='grc' dir='ltr'>ἑνὼσει</span> <span class='ocrx_word' id='word_1_736' title='bbox 3581 4670 3675 4725; x_wconf 71' lang='grc' dir='ltr'>τῆς</span> <span class='ocrx_word' id='word_1_737' title='bbox 3713 4664 3787 4725; x_wconf 72' lang='grc' dir='ltr'>εἰς</span> <span class='ocrx_word' id='word_1_738' title='bbox 3829 4662 3915 4737; x_wconf 52' lang='lat' dir='ltr'><strong>{ut</strong></span> 
     </span>
    </p>
   </div>
   <div class='ocr_carea' id='block_1_98' title="bbox 2303 4750 3917 4827">
    <p class='ocr_par' dir='ltr' id='par_1_98' title="bbox 2303 4750 3917 4827">
     <span class='ocr_line' id='line_1_98' title="bbox 2303 4750 3917 4827; baseline 0 -21"><span class='ocrx_word' id='word_1_739' title='bbox 2303 4758 2545 4819; x_wconf 84' lang='grc' dir='ltr'><strong>πίστεως,</strong></span> <span class='ocrx_word' id='word_1_740' title='bbox 2596 4757 2687 4805; x_wconf 82' lang='grc' dir='ltr'><strong>καὶ</strong></span> <span class='ocrx_word' id='word_1_741' title='bbox 2729 4760 2824 4815; x_wconf 83' lang='grc' dir='ltr'>τῆς</span> <span class='ocrx_word' id='word_1_742' title='bbox 2878 4752 2950 4814; x_wconf 76' lang='grc' dir='ltr'><strong>εἷς</strong></span> <span class='ocrx_word' id='word_1_743' title='bbox 2981 4751 3225 4813; x_wconf 76' lang='grc' dir='ltr'>ἀλλήλους</span> <span class='ocrx_word' id='word_1_744' title='bbox 3259 4751 3489 4824; x_wconf 71' lang='grc' dir='ltr'><strong>ἀγάπης,</strong></span> <span class='ocrx_word' id='word_1_745' title='bbox 3524 4751 3668 4827; x_wconf 72' lang='grc' dir='ltr'><strong>[περὶ</strong></span> <span class='ocrx_word' id='word_1_746' title='bbox 3696 4753 3818 4824; x_wconf 75' lang='grc'>(91)</span> <span class='ocrx_word' id='word_1_747' title='bbox 3856 4750 3917 4812; x_wconf 71' lang='grc' dir='ltr'>ξς</span> 
     </span>
    </p>
   </div>
   <div class='ocr_carea' id='block_1_99' title="bbox 2305 4840 3277 4915">
    <p class='ocr_par' dir='ltr' id='par_1_99' title="bbox 2305 4840 3277 4915">
     <span class='ocr_line' id='line_1_99' title="bbox 2305 4840 3277 4915; baseline 0 -20"><span class='ocrx_word' id='word_1_748' title='bbox 2305 4841 2537 4915; x_wconf 77' lang='grc' dir='ltr'>ἀνωτέρω</span> <span class='ocrx_word' id='word_1_749' title='bbox 2557 4841 2721 4895; x_wconf 82' lang='grc' dir='ltr'>πολλά</span> <span class='ocrx_word' id='word_1_750' title='bbox 2750 4840 2924 4902; x_wconf 77' lang='grc' dir='ltr'>αὐτοῖς</span> <span class='ocrx_word' id='word_1_751' title='bbox 2950 4840 3277 4915; x_wconf 50' lang='grc' dir='ltr'>ἐνετείλατο)</span> 
     </span>
    </p>
   </div>
   <div class='ocr_carea' id='block_1_100' title="bbox 2377 4929 3919 5005">
    <p class='ocr_par' dir='ltr' id='par_1_100' title="bbox 2377 4929 3919 5005">
     <span class='ocr_line' id='line_1_100' title="bbox 2377 4929 3919 5005; baseline -0.002 -19"><span class='ocrx_word' id='word_1_752' title='bbox 2377 4933 2562 4993; x_wconf 75' lang='grc' dir='ltr'>Καθὼς</span> <span class='ocrx_word' id='word_1_753' title='bbox 2636 4933 2806 5003; x_wconf 73' lang='grc' dir='ltr'><strong>ὑμεῖς.</strong></span> <span class='ocrx_word' id='word_1_754' title='bbox 2885 4929 3195 5004; x_wconf 74' lang='grc' dir='ltr'>[Προιίρηκε</span> <span class='ocrx_word' id='word_1_755' title='bbox 3266 4930 3382 5003; x_wconf 79' lang='grc'>(92)</span> <span class='ocrx_word' id='word_1_756' title='bbox 3451 4932 3576 5005; x_wconf 71' lang='grc' dir='ltr'><strong>’γάρ’</strong></span> <span class='ocrx_word' id='word_1_757' title='bbox 3637 4932 3720 4983; x_wconf 84' lang='grc' dir='ltr'>ὅτι</span> 
     </span>
    </p>
   </div>
   <div class='ocr_carea' id='block_1_101' title="bbox 2303 5014 3921 5096">
    <p class='ocr_par' dir='ltr' id='par_1_101' title="bbox 2303 5014 3921 5096">
     <span class='ocr_line' id='line_1_101' title="bbox 2303 5014 3921 5096; baseline 0.001 -22"><span class='ocrx_word' id='word_1_758' title='bbox 2303 5025 2395 5075; x_wconf 74' lang='grc' dir='ltr'><strong>καὶ</strong></span> <span class='ocrx_word' id='word_1_759' title='bbox 2450 5014 2476 5073; x_wconf 75' lang='grc'><strong>6</strong></span> <span class='ocrx_word' id='word_1_760' title='bbox 2535 5024 2713 5096; x_wconf 75' lang='grc' dir='ltr'>Πατὴρ</span> <span class='ocrx_word' id='word_1_761' title='bbox 2775 5021 2823 5073; x_wconf 75' lang='grc' dir='ltr'>ἓν</span> <span class='ocrx_word' id='word_1_762' title='bbox 2875 5021 3048 5093; x_wconf 52' lang='lat' dir='ltr'><strong>terim.</strong></span> <span class='ocrx_word' id='word_1_763' title='bbox 3131 5016 3642 5095; x_wconf 72' lang='grc' dir='ltr'>Προδιεστειλοὲμςθα</span> <span class='ocrx_word' id='word_1_764' title='bbox 3711 5017 3779 5074; x_wconf 71' lang='grc' dir='ltr'><strong>δὶ</strong></span> <span class='ocrx_word' id='word_1_765' title='bbox 3829 5026 3921 5075; x_wconf 68' lang='grc' dir='ltr'><strong>καὶ</strong></span> 
     </span>
    </p>
   </div>
   <div class='ocr_carea' id='block_1_102' title="bbox 1722 5296 2683 5378">
    <p class='ocr_par' dir='ltr' id='par_1_102' title="bbox 1722 5296 2683 5378">
     <span class='ocr_line' id='line_1_102' title="bbox 1722 5296 2683 5378; baseline -0.003 -14"><span class='ocrx_word' id='word_1_766' title='bbox 1722 5297 1945 5378; x_wconf 76' lang='lat' dir='ltr'><strong>Variae</strong></span> <span class='ocrx_word' id='word_1_767' title='bbox 1993 5296 2323 5368; x_wconf 88' lang='lat' dir='ltr'><strong>lectiones</strong></span> <span class='ocrx_word' id='word_1_768' title='bbox 2381 5305 2446 5365; x_wconf 86' lang='lat' dir='ltr'><strong>et</strong></span> <span class='ocrx_word' id='word_1_769' title='bbox 2483 5306 2683 5368; x_wconf 64' lang='lat' dir='ltr'><strong>notas.</strong></span> 
     </span>
    </p>
   </div>
   <div class='ocr_carea' id='block_1_103' title="bbox 616 5470 1339 5545">
    <p class='ocr_par' dir='ltr' id='par_1_103' title="bbox 616 5470 1339 5545">
     <span class='ocr_line' id='line_1_103' title="bbox 616 5470 1339 5545; baseline -0.01 -15"><span class='ocrx_word' id='word_1_770' title='bbox 616 5472 731 5545; x_wconf 83' lang='grc'>(84)</span> <span class='ocrx_word' id='word_1_771' title='bbox 760 5471 998 5530; x_wconf 88' lang='lat' dir='ltr'><strong>Inclusa</strong></span> <span class='ocrx_word' id='word_1_772' title='bbox 1031 5470 1248 5545; x_wconf 83' lang='lat' dir='ltr'><strong>omittit</strong></span> <span class='ocrx_word' id='word_1_773' title='bbox 1270 5470 1339 5545; x_wconf 75' lang='grc' dir='ltr'><strong>ᾼ.</strong></span> 
     </span>
    </p>
   </div>
   <div class='ocr_carea' id='block_1_104' title="bbox 642 5541 1341 5600">
    <p class='ocr_par' dir='ltr' id='par_1_104' title="bbox 642 5541 1341 5600">
     <span class='ocr_line' id='line_1_104' title="bbox 642 5541 1341 5600; baseline -0.006 0"><span class='ocrx_word' id='word_1_774' title='bbox 642 5541 731 5600; x_wconf 76' lang='grc'><strong>85)</strong></span> <span class='ocrx_word' id='word_1_775' title='bbox 754 5545 994 5599; x_wconf 87' lang='lat' dir='ltr'><strong>Inclusa</strong></span> <span class='ocrx_word' id='word_1_776' title='bbox 1019 5543 1243 5599; x_wconf 84' lang='lat' dir='ltr'><strong>absunt.</strong></span> <span class='ocrx_word' id='word_1_777' title='bbox 1272 5541 1341 5596; x_wconf 88' lang='lat' dir='ltr'><strong>A.</strong></span> 
     </span>
    </p>
   </div>
   <div class='ocr_carea' id='block_1_105' title="bbox 615 5547 1240 5690">
    <p class='ocr_par' dir='ltr' id='par_1_105' title="bbox 615 5547 1240 5690">
     <span class='ocr_line' id='line_1_105' title="bbox 642 5547 1240 5600; baseline -0.008 0"><span class='ocrx_word' id='word_1_778' title='bbox 642 5548 708 5600; x_wconf 82' lang='lat'><strong>85</strong></span> <span class='ocrx_word' id='word_1_779' title='bbox 754 5547 994 5599; x_wconf 91' lang='lat' dir='ltr'><strong>Inclusa</strong></span> <span class='ocrx_word' id='word_1_780' title='bbox 1019 5547 1240 5599; x_wconf 84' lang='lat' dir='ltr'><strong>absunt</strong></span> 
     </span>
     <span class='ocr_line' id='line_1_106' title="bbox 615 5547 1240 5690; baseline -0.005 -20"><span class='ocrx_word' id='word_1_781' title='bbox 615 5547 731 5690; x_wconf 65' lang='grc'>(86)</span> <span class='ocrx_word' id='word_1_782' title='bbox 754 5613 1145 5690; x_wconf 20' lang='grc' dir='ltr'>’Παλινέἐπαγει</span> <span class='ocrx_word' id='word_1_783' title='bbox 1175 5616 1240 5667; x_wconf 84' lang='grc' dir='ltr'><strong>Α.</strong></span> 
     </span>
    </p>
   </div>
   <div class='ocr_carea' id='block_1_106' title="bbox 552 5686 1267 5853">
    <p class='ocr_par' dir='ltr' id='par_1_106' title="bbox 552 5686 1267 5853">
     <span class='ocr_line' id='line_1_107' title="bbox 552 5686 1267 5758; baseline 0.004 -21"><span class='ocrx_word' id='word_1_784' title='bbox 552 5702 575 5737; x_wconf 66' lang='lat'><strong>.‘</strong></span> <span class='ocrx_word' id='word_1_785' title='bbox 627 5686 734 5758; x_wconf 72' lang='grc'>’87)</span> <span class='ocrx_word' id='word_1_786' title='bbox 752 5686 875 5740; x_wconf 84' lang='grc' dir='ltr'>Ὀτι</span> <span class='ocrx_word' id='word_1_787' title='bbox 902 5688 997 5740; x_wconf 80' lang='grc' dir='ltr'>οὐκ</span> <span class='ocrx_word' id='word_1_788' title='bbox 1028 5690 1133 5758; x_wconf 80' lang='grc' dir='ltr'><strong>εἰμί</strong></span> <span class='ocrx_word' id='word_1_789' title='bbox 1203 5691 1267 5740; x_wconf 83' lang='grc' dir='ltr'><strong>Δ.</strong></span> 
     </span>
     <span class='ocr_line' id='line_1_108' title="bbox 612 5695 1267 5853; baseline -0.012 -33"><span class='ocrx_word' id='word_1_790' title='bbox 612 5695 732 5853; x_wconf 50' lang='grc'>(88)</span> <span class='ocrx_word' id='word_1_791' title='bbox 776 5759 917 5817; x_wconf 87' lang='lat' dir='ltr'><strong>Post</strong></span> <span class='ocrx_word' id='word_1_792' title='bbox 965 5758 1178 5825; x_wconf 82' lang='grc' dir='ltr'>Δύτούς,</span> <span class='ocrx_word' id='word_1_793' title='bbox 1236 5770 1267 5812; x_wconf 90' lang='lat' dir='ltr'><strong>a</strong></span> 
     </span>
    </p>
   </div>
   <div class='ocr_carea' id='block_1_107' title="bbox 711 5472 731 5687">
    <p class='ocr_par' dir='ltr' id='par_1_107' title="bbox 711 5472 731 5687">
     <span class='ocr_line' id='line_1_109' title="bbox 711 5472 731 5687; baseline 0 0"><span class='ocrx_word' id='word_1_794' title='bbox 711 5472 731 5687; x_wconf 69' lang='grc' dir='ltr'>Ξ</span> 
     </span>
    </p>
   </div>
   <div class='ocr_carea' id='block_1_108' title="bbox 639 5748 2204 5841">
    <p class='ocr_par' dir='ltr' id='par_1_108' title="bbox 639 5748 2204 5841">
     <span class='ocr_line' id='line_1_110' title="bbox 639 5748 2204 5841; baseline -0.006 -26"><span class='ocrx_word' id='word_1_795' title='bbox 639 5748 732 5841; x_wconf 73' lang='lat' dir='ltr'><strong>s8)</strong></span> <span class='ocrx_word' id='word_1_796' title='bbox 776 5759 917 5817; x_wconf 83' lang='lat' dir='ltr'><strong>Post</strong></span> <span class='ocrx_word' id='word_1_797' title='bbox 965 5748 1178 5825; x_wconf 76' lang='grc' dir='ltr'>Δύτούς,</span> <span class='ocrx_word' id='word_1_798' title='bbox 1236 5752 1408 5812; x_wconf 89' lang='lat' dir='ltr'><strong>addit</strong></span> <span class='ocrx_word' id='word_1_799' title='bbox 1457 5753 1505 5809; x_wconf 83' lang='lat' dir='ltr'><strong>A</strong></span> <span class='ocrx_word' id='word_1_800' title='bbox 1553 5755 1670 5811; x_wconf 71' lang='lat' dir='ltr'><strong>:Té</strong></span> <span class='ocrx_word' id='word_1_801' title='bbox 1703 5748 1764 5807; x_wconf 65' lang='grc' dir='ltr'>δι</span> <span class='ocrx_word' id='word_1_802' title='bbox 1794 5756 1886 5808; x_wconf 74' lang='grc' dir='ltr'><strong>καὶ</strong></span> <span class='ocrx_word' id='word_1_803' title='bbox 1931 5754 2033 5828; x_wconf 71' lang='grc' dir='ltr'><strong>ἐγὼ</strong></span> <span class='ocrx_word' id='word_1_804' title='bbox 2068 5753 2204 5829; x_wconf 66' lang='grc' dir='ltr'>πρὸς</span> 
     </span>
    </p>
   </div>
   <div class='ocr_carea' id='block_1_109' title="bbox 2312 5467 2649 5537">
    <p class='ocr_par' dir='ltr' id='par_1_109' title="bbox 2312 5467 2649 5537">
     <span class='ocr_line' id='line_1_111' title="bbox 2312 5467 2649 5537; baseline 0 -16"><span class='ocrx_word' id='word_1_805' title='bbox 2312 5467 2371 5521; x_wconf 67' lang='grc' dir='ltr'>σὲ</span> <span class='ocrx_word' id='word_1_806' title='bbox 2399 5468 2649 5537; x_wconf 78' lang='grc' dir='ltr'>ἔρχομαι.</span> 
     </span>
    </p>
   </div>
   <div class='ocr_carea' id='block_1_110' title="bbox 2380 5485 3127 5609">
    <p class='ocr_par' dir='ltr' id='par_1_110' title="bbox 2380 5485 3127 5609">
     <span class='ocr_line' id='line_1_112' title="bbox 2380 5485 3127 5609; baseline 0.001 -17"><span class='ocrx_word' id='word_1_807' title='bbox 2380 5485 2762 5609; x_wconf 41' lang='lat' dir='ltr'><strong>afﬂigit,“</strong></span> <span class='ocrx_word' id='word_1_808' title='bbox 2801 5535 3022 5609; x_wconf 82' lang='lat' dir='ltr'><strong>absunt</strong></span> <span class='ocrx_word' id='word_1_809' title='bbox 3057 5537 3127 5593; x_wconf 87' lang='lat' dir='ltr'><strong>A.</strong></span> 
     </span>
    </p>
   </div>
   <div class='ocr_carea' id='block_1_111' title="bbox 2380 5608 3241 5825">
    <p class='ocr_par' dir='ltr' id='par_1_111' title="bbox 2380 5608 3241 5825">
     <span class='ocr_line' id='line_1_113' title="bbox 2396 5608 3241 5677; baseline -0.001 -11"><span class='ocrx_word' id='word_1_810' title='bbox 2396 5608 2493 5677; x_wconf 57' lang='grc'>⁷90)</span> <span class='ocrx_word' id='word_1_811' title='bbox 2527 5608 2763 5664; x_wconf 89' lang='lat' dir='ltr'><strong>Inclusa</strong></span> <span class='ocrx_word' id='word_1_812' title='bbox 2787 5608 3137 5665; x_wconf 84' lang='lat' dir='ltr'><strong>exciderunt</strong></span> <span class='ocrx_word' id='word_1_813' title='bbox 3169 5609 3241 5665; x_wconf 83' lang='lat' dir='ltr'><strong>A.</strong></span> 
     </span>
     <span class='ocr_line' id='line_1_114' title="bbox 2403 5679 3133 5737; baseline 0.001 -2"><span class='ocrx_word' id='word_1_814' title='bbox 2403 5680 2467 5735; x_wconf 81' lang='grc'><strong>91</strong></span> <span class='ocrx_word' id='word_1_815' title='bbox 2524 5679 2761 5737; x_wconf 90' lang='lat' dir='ltr'><strong>Inclusa</strong></span> <span class='ocrx_word' id='word_1_816' title='bbox 2798 5680 3025 5737; x_wconf 89' lang='lat' dir='ltr'><strong>absunt</strong></span> <span class='ocrx_word' id='word_1_817' title='bbox 3060 5682 3133 5736; x_wconf 80' lang='grc' dir='ltr'><strong>Α.</strong></span> 
     </span>
     <span class='ocr_line' id='line_1_115' title="bbox 2380 5611 3130 5825; baseline -0.003 -14"><span class='ocrx_word' id='word_1_818' title='bbox 2380 5611 2497 5825; x_wconf 56' lang='grc'>(02)</span> <span class='ocrx_word' id='word_1_819' title='bbox 2538 5751 2776 5811; x_wconf 74' lang='lat' dir='ltr'><strong>Inclusa</strong></span> <span class='ocrx_word' id='word_1_820' title='bbox 2804 5750 3130 5823; x_wconf 61' lang='lat' dir='ltr'><strong>ebenum.</strong></span> 
     </span>
    </p>
   </div>
   <div class='ocr_carea' id='block_1_112' title="bbox 2403 5679 3133 5737">
    <p class='ocr_par' dir='ltr' id='par_1_112' title="bbox 2403 5679 3133 5737">
     <span class='ocr_line' id='line_1_116' title="bbox 2403 5679 3133 5737; baseline 0.001 -2"><span class='ocrx_word' id='word_1_821' title='bbox 2403 5680 2493 5737; x_wconf 79' lang='grc'><strong>91)</strong></span> <span class='ocrx_word' id='word_1_822' title='bbox 2524 5679 2761 5737; x_wconf 90' lang='lat' dir='ltr'><strong>Inclusa</strong></span> <span class='ocrx_word' id='word_1_823' title='bbox 2798 5680 3025 5737; x_wconf 89' lang='lat' dir='ltr'><strong>absunt</strong></span> <span class='ocrx_word' id='word_1_824' title='bbox 3060 5682 3133 5736; x_wconf 80' lang='grc' dir='ltr'><strong>Α.</strong></span> 
     </span>
    </p>
   </div>
   <div class='ocr_carea' id='block_1_113' title="bbox 2405 5750 3130 5823">
    <p class='ocr_par' dir='ltr' id='par_1_113' title="bbox 2405 5750 3130 5823">
     <span class='ocr_line' id='line_1_117' title="bbox 2405 5750 3130 5823; baseline -0.003 -12"><span class='ocrx_word' id='word_1_825' title='bbox 2405 5750 2497 5823; x_wconf 74' lang='lat'><strong>92)</strong></span> <span class='ocrx_word' id='word_1_826' title='bbox 2538 5751 2776 5811; x_wconf 74' lang='lat' dir='ltr'><strong>Inclusa</strong></span> <span class='ocrx_word' id='word_1_827' title='bbox 2804 5750 3052 5823; x_wconf 64' lang='lat' dir='ltr'><strong>absunt.</strong></span> <span class='ocrx_word' id='word_1_828' title='bbox 3066 5755 3130 5809; x_wconf 82' lang='grc' dir='ltr'><strong>Δ.</strong></span> 
     </span>
    </p>
   </div>
  </div>
