4130 6320
293 305 434 371 1445

1281 306 1640 376 COMMENT;
1686 315 1754 377 IN
1795 303 2143 378 JOANNEM.
2189 346 2254 362 —--
2292 312 2455 374 CAP.
2498 307 2671 377 XVII.

3518 320 3659 391 “46

288 439 343 494 ἓν
390 439 565 503 ἄλλοις
595 442 678 500 ὅτι
707 443 766 501 τὸ
816 444 1003 504 Καθὼς
1039 444 1225 497 καὶτὰ
1262 449 1483 499 τοιαῦτα
1529 440 1615 500 ἐπὶ
1668 444 1757 515 μὲν
1803 449 1890 504 τῆς

2009 458 2160 510 mus,
2181 441 2345 515 quod
2366 445 2539 508 καθὼς
2559 444 2729 512 sicut,
2749 450 2806 505 et
2822 448 3059 515 similia,
3077 444 3153 508 de
3174 460 3386 513 sancta
3408 456 3657 527 quidem

291 530 443 601 ἁγίας
488 527 714 604 Τριάδος
772 531 991 589 ἰσότητα
1046 527 1318 596 δηλοῦσιν,
1375 531 1457 584 ἐπὶ
1514 529 1573 583 δὲ
1632 539 1763 585 Θεοῦ
1810 536 1899 585 καὶ

291 618 577 693 ἀνθρώπων
633 621 883 692 ὁμοίωσίν
949 640 1084 675 τινα.
1142 619 1227 674 Ἓν
1302 617 1390 672 οὖν
1445 620 1576 674 εἰσιν
1636 623 1661 674 6
1717 626 1897 695 Πατὴρ

292 713 381 761 καὶ
410 710 436 760 ό
464 707 633 781 Υἱὸς],
665 710 837 783 ὥσπερ
870 716 931 780 τῇ
964 708 1122 781 οὐσίᾳ
1166 714 1256 761 καὶ
1285 716 1397 771 τοῖς
1427 708 1620 774 ἄλλοις,
1646 711 1781 763 οὕτω
1809 721 1899 769 καὶ

292 804 358 868 τῇ
387 798 618 868 ὁμονοίᾳ.
658 800 850 850 Λοιπὸν
881 794 967 850 οὖν
993 801 1075 867 τὸ,
1102 802 1285 861 Καθὼς
1304 800 1473 870 ἡμεῖς,
1503 796 1596 851 διὰ
1628 803 1687 851 τὸ
1718 796 1898 852 ἀδιαί-

293 905 438 959 ρετον
467 892 557 939 καὶ
580 882 948 961 ἀδιοίῤῥηκτον.

365 973 488 1029 Ὀτε
513 1006 579 1014 --
612 994 727 1033 σου.
763 974 886 1028 Ὅτε
912 979 1052 1047 ἤμην
1082 975 1129 1027 ἐν
1160 983 1232 1047 τῷ
1273 980 1456 1048 κόσμῳ
1481 979 1548 1039 ὡς
1578 977 1847 1051 ἄνθρωπος
1881 998 1895 1013 ο

295 1061 377 1115 ἀεὶ
403 1066 501 1135 γὰρ
554 1063 658 1136 εἰμι
690 1067 757 1125 ὡς
806 1069 930 1125 Θεός
962 1080 973 1093 ·
1005 1067 1086 1116 ὅτε
1126 1063 1224 1136 ἐγὼ
1269 1065 1484 1138 ἐτήρουν
1516 1066 1704 1128 αὐτούς
1735 1065 1783 1118 ἒν
1832 1075 1893 1139 τῇ

296 1148 517 1224 δυνάμει
561 1172 677 1219 σου,
724 1156 885 1223 ἤγουν
936 1151 984 1209 ἓν
1032 1159 1157 1206 σοί·
1198 1156 1227 1213 ἠ
1271 1152 1366 1226 ἐμὴ
1403 1157 1504 1229 γὰρ
1557 1151 1774 1227 δύναμις
1805 1161 1895 1222 σὴ,

294 1245 385 1292 καὶ
415 1239 513 1311 ἐγὼ
540 1247 629 1292 καὶ
663 1245 727 1293 σὺ
754 1242 803 1293 ἓν
832 1240 1009 1314 ἐσμεν,

371 1335 471 1381 Καὶ
521 1332 590 1392 ὡς
637 1331 907 1403 ἄνθρωπος
951 1328 1010 1383 δὲ
1062 1340 1230 1384 ταῦτα
1258 1337 1347 1384 καὶ
1396 1334 1461 1384 τὰ
1514 1340 1735 1385 τοιαῦτα
1783 1329 1900 1385 δια-

294 1418 518 1488 λέγεται,
558 1424 648 1473 καὶ
697 1417 790 1472 διὰ
818 1424 911 1479 τήν
963 1419 1229 1473 ἀσθένειαν
1273 1429 1372 1476 τῶν
1402 1423 1669 1493 μαθητῶν.
1730 1421 1897 1495 [Ἑπεὶ

293 1510 396 1581 γὰρ
463 1509 602 1578 (93),
678 1508 840 1565 πολλὰ
905 1513 1023 1582 περὶ
1079 1517 1173 1571 τῆς
1234 1512 1357 1583 παρ’
1429 1511 1590 1564 αὐτοῦ
1648 1509 1898 1583 βοηθείας

297 1594 632 1662 ἀκούσαντες,
725 1601 816 1650 καὶ
900 1599 980 1651 ότι
1050 1598 1208 1651 Πάλιν
1290 1599 1488 1671 ὄψομαι
1570 1601 1725 1670 ὑμᾶς,
1808 1605 1897 1654 καὶ

294 1690 598 1758 χαρήσεται
652 1687 794 1758 ὑμῶν
850 1688 880 1745 ἡ
956 1684 1174 1760 καρδία,
1225 1692 1315 1741 καὶ
1374 1693 1467 1747 τὴν
1522 1692 1697 1762 χαρὰν
1756 1691 1896 1762 ὑμῶν

294 1769 471 1834 οὐδεὶς
523 1777 655 1847 αἵρεε
730 1774 818 1846 ἀφ’
875 1777 1017 1847 ὑμῶν
1051 1794 1062 1805 ·

293 1870 385 1921 τῆς
417 1861 642 1935 ἀθυμίας
680 1863 840 1916 τελεον
876 1882 886 1893 ·
921 1874 992 1935 τῷ
1024 1870 1193 1937 Πατρὶ
1224 1865 1399 1918 λοιπὸν
1430 1868 1556 1940 ὑπὲρ
1586 1868 1753 1919 αὐτῶν
1782 1864 1896 1920 δια-

293 1951 514 2022 λέγεται,
554 1953 635 2003 ἱνα
664 1953 758 2003 κᾶν
798 1960 923 2023 γοῦν
952 1962 1025 2024 τῷ
1075 1960 1241 2027 Πατρὶ
1272 1958 1672 2028 παρατιθέμενοι
1699 1956 1897 2031 θαρρὴο

296 2059 481 2093 σωσιν.
536 2041 747 2101 Ἀτελείς
774 2044 876 2115 γὰρ
903 2046 1040 2102 ὄντες
1090 2044 1194 2115 οὐχ
1240 2044 1383 2096 οὖπω
1424 2052 1527 2105 τοῖς
1558 2044 1778 2115 ὑψηλοῖς
1808 2052 1898 2099 καὶ

296 2131 598 2200 θεοπρεπέα-ι
620 2130 854 2203 μασιν
893 2133 1160 2185 ἐπίστευον
1191 2134 1260 2194 ὡς
1283 2140 1390 2195 τοίς
1415 2137 1790 2207 ταπεινοτέροις
1808 2140 1897 2187 καὶ

292 2217 602 2291 ἀνθρωποπρ
610 2220 805 2287 επέσιν]
819 2260 831 2272 .

366 2305 473 2368 Οὓς
516 2337 577 2349 --
624 2305 894 2368 ἀπωλείας.
939 2305 1164 2371 Ἰούδας,
1223 2311 1248 2362 ό
1296 2307 1580 2382 προδότης,
1638 2312 1664 2363 ὁ
1717 2311 1893 2383 φίλτα-

293 2414 381 2457 τος
440 2402 531 2453 τῆς
613 2393 884 2461 ἀπωλείας,
963 2398 989 2449 ὁ
1047 2397 1279 2469 φιληθεὶς
1335 2399 1466 2471 αὐτῇ
1521 2405 1610 2453 καὶ
1672 2400 1895 2472 φιλήσας

293 2483 483 2541 αὐτήν.
542 2484 819 2536 Ἀπωλειαν
869 2481 927 2537 δε
964 2490 1066 2538 νόει
1111 2491 1205 2545 τὴν
1256 2485 1355 2539 ἀπὸ
1385 2494 1476 2539 τοῦ
1525 2496 1658 2540 Θεοῦ
1702 2492 1893 2541 ἔκπτω-

298 2577 376 2624 σίν
431 2592 483 2626 τε
538 2577 629 2627 καὶ
676 2571 1036 2649 ἀλλοτρίωσιν,
1106 2578 1136 2632 ἤ
1209 2580 1299 2629 καὶ
1362 2579 1446 2628 τόν
1514 2573 1754 2631 διάϐολον
1824 2580 1891 2640 ὡς

293 2658 609 2712 ἀπολλύοντα
666 2665 786 2724 τοὺς
838 2663 1167 2735 πειθομένους
1220 2663 1376 2734 αύτῷ.
1437 2662 1720 2736 [“Απὼλετο
1770 2666 1891 2738 (94)

289 2751 388 2822 γὰρ
434 2750 460 2801 6
504 2746 715 2811 Ἰούδας
762 2750 1011 2811 ἑκουσίως
1056 2748 1150 2803 διὰ
1196 2752 1495 2824 φαυλότητα
1523 2758 1889 2825 προαιρέσεως.

295 2843 394 2892 Καὶ
440 2843 545 2909 μὴν
594 2845 683 2891 καὶ
739 2839 885 2892 ἄλλοι
933 2839 1035 2893 ἀπὸ
1091 2850 1188 2893 τῶν
1238 2840 1595 2913 ἐϐδομήκοντα
1644 2846 1889 2916 μαθητῶν

291 2925 571 2991 ἀπώλοντο,
606 2927 714 2979 ἀλλ’
746 2929 804 2982 ού
836 2934 971 2995 τότε,
1017 2929 1125 2983 ἀλλ’
1156 2931 1394 3006 ὕστερον.
1430 2937 1554 2986 Τότε
1592 2930 1650 2987 δι
1679 2939 1835 3006 μόνος
1861 2937 1887 2987 ὁ

287 3012 521 3089 προδότῃ
533 3036 554 3077 ς
586 3014 841 3089 ἀπώλετο]
855 3060 865 3069 .

2004 531 2281 587 Trinitate
2327 532 2503 597 dicta,
2555 534 2958 606 aequalitatem
3002 539 3378 610 signiﬁcent;
3418 544 3492 613 de
3536 546 3658 602 Deo

2007 635 2145 677 vero
2161 625 2219 677 et
2241 620 2606 688 hominibus,
2629 622 3077 695 similitudinem
3093 630 3441 701 quamdam.
3463 633 3659 693 Unum

2007 725 2150 779 ergo
2175 715 2312 764 sunt
2348 710 2511 767 Pater
2535 716 2592 767 et
2627 711 2816 781 Filius,
2847 715 2995 771 sicut
3019 720 3272 776 essentia
3303 728 3359 775 et
3389 721 3538 789 aliis,
3577 724 3660 783 ita

2007 799 2186 854 etiam
2220 799 2555 856 concordia.
2610 800 2758 857 Dicit
2802 803 3025 876 itaque,
3061 806 3221 864 Sicut
3258 826 3383 874 nos,
3415 818 3659 885 propter

2004 886 2417 943 indivisionem
2448 904 2517 945 ac
2546 889 3137 962 inseparabilitatem.

2084 974 2242 1031 Vers.
2280 979 2362 1032 t2.
2394 977 2537 1032 Cum
2586 984 2853 1035 -tuum.
2884 983 3031 1039 Cum
3077 1000 3269 1042 essem
3292 987 3352 1043 in
3405 990 3652 1057 mundo,

2007 1070 2072 1120 ut
2100 1064 2303 1131 homo,
2336 1066 2440 1138 qui
2466 1082 2693 1139 semper
2716 1068 2779 1125 in
2804 1086 2875 1127 eo
2906 1088 3061 1137 sum,
3092 1081 3154 1129 ut
3190 1077 3362 1141 Deus,
3387 1083 3526 1134 tunc
3546 1095 3658 1151 ego

2007 1153 2317 1211 servabam
2348 1171 2449 1211 eos
2469 1171 2576 1227 per
2601 1158 2882 1216 virtutem
2918 1166 3100 1232 tuam,
3123 1163 3247 1221 sive
3274 1182 3378 1236 per
3408 1174 3460 1224 te
3480 1186 3494 1237 ;
3512 1185 3658 1229 nam

2006 1259 2142 1299 mea
2165 1243 2346 1300 virtus
2377 1250 2477 1301 tua
2507 1248 2613 1311 est,
2644 1253 2700 1303 et
2731 1263 2842 1319 ego
2871 1256 2928 1307 et
2960 1258 3019 1307 tu
3043 1268 3218 1311 unum
3252 1271 3475 1313 sumus.

2078 1332 2215 1387 Haec
2238 1338 2438 1388 autem
2455 1340 2509 1389 et
2530 1334 2746 1392 similia
2764 1337 3043 1409 loquitur,
3068 1347 3125 1396 et
3142 1347 3427 1415 tanquam
3449 1347 3657 1418 homo,

2005 1424 2063 1477 et
2096 1426 2336 1493 propter
2371 1421 2809 1495 discipulorum
2833 1426 3315 1491 imbecillitatem.
3348 1434 3656 1505 Siquidem

2005 1511 2148 1583 quia
2194 1510 2397 1567 multis
2438 1511 2514 1568 de
2557 1513 2687 1583 ejus
2745 1516 2968 1575 auxilio
3010 1519 3249 1587 auditis,
3296 1528 3399 1579 et:
3441 1525 3657 1581 [terum

2005 1598 2202 1657 videbo
2248 1614 2366 1663 vos.
2421 1604 2475 1657 et
2508 1602 2779 1671 gaudebit
2828 1620 2929 1661 cor
2972 1615 3240 1677 vestrum,
3277 1618 3336 1667 et
3379 1615 3656 1681 gaudium

2003 1695 2256 1743 vestrum
2283 1703 2442 1744 nemo
2478 1691 2643 1748 tollet
2667 1706 2705 1747 a
2735 1692 2892 1748 vobis
2922 1694 2989 1759 “,
3023 1697 3294 1753 nondum
3325 1702 3579 1770 perfecte
3620 1720 3657 1762 a

1127 1776 1219 1828 οῦκ
1304 1775 1684 1849 ἀπηλλάγησαν
1753 1781 1890 1831 οὔπω

2009 1792 2260 1832 maerore
2280 1777 2507 1833 liberati
2525 1786 2719 1835 erant:
2745 1781 2900 1837 Patri
2922 1783 3203 1857 deinceps
3227 1804 3336 1858 pro
3364 1791 3447 1845 eis
3466 1791 3657 1864 loqui-

2008 1871 2116 1936 tur,
2138 1866 2615 1938 utPatriquoque
2627 1872 3029 1939 commendati,
3046 1874 3207 1930 bono
3220 1881 3652 1939 essentanimo.

2009 1957 2155 2010 Cum
2185 1955 2345 2010 enim
2379 1956 2723 2027 imperfecti,
2769 1969 2984 2027 essent,
3013 1979 3134 2018 non
3175 1966 3252 2023 ita
3294 1968 3655 2028 sublimibus

2006 2058 2075 2098 ac
2096 2043 2313 2099 divinis
2334 2044 2531 2103 verbis
2554 2048 2892 2115 credebant,
2917 2054 3432 2122 quemadmodum
3462 2059 3656 2119 humi-

2004 2130 2253 2192 lioribus
2291 2149 2363 2191 ac
2391 2150 2558 2191 more
2586 2135 2856 2197 humano
2884 2139 3072 2197 dictis.

2077 2310 2238 2367 Vers.
2297 2316 2377 2368 l2.
2430 2312 2585 2379 Quos
2631 2346 2701 2356 ——
2741 2318 3094 2386 perditionis
3138 2323 3323 2380 ludas
3368 2327 3650 2397 proditor,

2006 2400 2453 2457 amantissimus
2479 2402 2841 2470 perditionis,
2867 2407 3116 2464 dilectus
3136 2410 3215 2466 ab
3249 2427 3339 2482 ea,
3366 2414 3653 2488 illamque

2002 2485 2279 2557 diligens.
2311 2488 2714 2546 Perditionem
2745 2508 2882 2549 vero
2906 2495 3162 2567 intelligo
3201 2516 3398 2556 casum
3431 2511 3487 2560 et
3516 2485 3654 2561 alie-

2001 2574 2304 2633 nationem
2328 2591 2364 2631 a
2387 2576 2526 2643 Deo,
2551 2584 2652 2633 aut
2672 2579 2850 2636 etiam
2877 2582 3186 2641 diabolum
3208 2588 3434 2660 ipsum,
3451 2598 3650 2665 utpote

2001 2661 2343 2732 perdentem
2372 2664 2504 2720 illos
2524 2668 2629 2739 qui
2653 2669 2705 2724 ei
2730 2668 3033 2729 obediunt.
3054 2676 3223 2731 Periit
3246 2684 3444 2739 autem
3464 2661 3651 2741 ludas

2001 2756 2343 2821 spontanee,
2388 2762 2629 2827 propter
2678 2758 3003 2817 voluntatis
3050 2766 3419 2835 pravitatem.
3471 2773 3649 2844 Atqui

1999 2840 2176 2896 etiam
2192 2840 2290 2896 alii
2306 2842 2381 2899 de
2392 2846 2774 2917 septuaginta
2790 2850 3108 2919 perierunt,
3122 2870 3331 2915 verum
3347 2873 3469 2915 non
3488 2840 3648 2929 tunc,

1996 2945 2142 2991 nam
2175 2931 2339 2989 solus
2367 2935 2636 3006 proditor
2663 2942 2800 2996 tunc
2829 2942 3003 3011 periit

356 3110 463 3156 Ἰνα
493 3106 522 3162 ἡ
577 3110 749 3178 Γραφὴ
807 3106 1076 3180 πληρωθῇ;
1119 3108 1177 3160 Ἠ
1223 3115 1495 3176 Δαυῑτικὴ,
1528 3112 1557 3169 ἡ
1617 3111 1887 3183 πολλαχοῦ

2068 3110 2229 3167 Vers.
2275 3113 2363 3167 l2.
2419 3114 2491 3170 Ut
2540 3115 2854 3185 Scriptura
2896 3124 3296 3191 compleretur.
3343 3128 3643 3197 Davidica,

287 3198 405 3265 περὶ
430 3203 525 3255 τῆς
555 3192 810 3255 ἀπωλείας
841 3195 1001 3247 αὐτοῦ
1030 3192 1064 3248 δ
1070 3196 1480 3269 ιαλαμϐοὶνουσιιι,
1511 3206 1602 3253 καὶ
1626 3201 1815 3272 μᾶλλον
1839 3200 1885 3252 ἐν

284 3302 357 3353 τῳ
387 3281 646 3353 ἑκατοστῷ
678 3279 848 3354 ὀγδόῳ
867 3283 1077 3356 ψαλμῷ.
1109 3285 1386 3341 Κάνταῦθα
1406 3293 1573 3340 τοίνυν
1603 3294 1662 3342 τό
1694 3291 1777 3342 ἱνα
1793 3290 1886 3342 ούκ

287 3370 455 3432 αἰτίας
485 3374 593 3425 tori
629 3368 936 3437 δηλωτικὸν,
971 3371 1100 3426 ἀλλὰ
1128 3383 1221 3428 τοῦ
1264 3380 1465 3438 πάντως
1508 3380 1772 3450 ἐσομένου,
1805 3382 1886 3432 ὅτι

286 3456 456 3530 μέλλει
480 3461 510 3517 ἡ
548 3464 722 3531 Γραφὴ
750 3459 1109 3534 πληρωθῆναι.

359 3640 465 3685 Νῦν
522 3667 591 3676 -
664 3638 911 3712 ἔρχομαι.
985 3639 1142 3691 Πάλιν
1203 3644 1259 3693 τὸ
1314 3646 1449 3715 Πρός
1504 3663 1561 3696 σε
1633 3647 1879 3719 ἔρχομαι,

287 3723 461 3797 ὥσπερ
520 3730 609 3779 καὶ
660 3729 719 3778 τὸ
790 3729 937 3800 Παρὰ
994 3736 1084 3781 τοῦ
1160 3738 1293 3783 Θεοῦ
1350 3731 1582 3798 ἐξῆλθον,
1653 3739 1743 3786 καὶ
1820 3738 1884 3787 τὰ

287 3820 520 3879 τοιαῦτα,
554 3823 615 3886 τῇ
651 3822 898 3889 συνεχείᾳ
930 3820 1131 3880 πάντως
1160 3822 1243 3873 επὶ
1281 3820 1429 3874 πλέον
1457 3821 1680 3894 βεϐαιῶν
1707 3824 1885 3887 αὐτοῖς

284 3908 469 3971 ταῦτα,
515 3908 604 3957 καὶ
633 3903 744 3975 οἶμοι
774 3909 1110 3979 παραμυθίαν
1142 3910 1368 3963 ἐντεῦθεν
1399 3911 1457 3963 ού
1489 3917 1581 3970 τὴν
1611 3921 1885 3983 τυχοῦσαν

281 3994 548 4062 παρέχων.

357 4084 456 4131 Καὶ
513 4111 583 4123 —-
652 4081 847 4143 αὐτοῖς.
900 4090 1078 4138 Ταῦτα
1132 4085 1288 4151 λαλῶ,
1350 4090 1398 4139 ἓν
1455 4096 1527 4159 τῷ
1575 4095 1758 4164 κόσμῳ
1814 4098 1881 4145 ὧν

282 4168 375 4221 ἔτι.
440 4175 637 4231 Ταῦτα,
704 4179 872 4238 ποῖα;
922 4178 1012 4238 Τὸ,
1075 4178 1212 4249 Πρὸς
1267 4180 1323 4228 σε
1374 4179 1621 4250 ἔρχομαι,
1681 4187 1878 4249 καὶτὸ,

280 4260 522 4327 Τήρησον
586 4259 788 4320 αύτούς.
876 4268 1054 4314 Ταῦτα
1125 4260 1234 4327 οὖν,
1308 4271 1487 4333 φησὶν,
1570 4266 1725 4333 λαλῶ,
1800 4271 1882 4325 ἴνα

282 4346 453 4414 ἔχωσι
481 4351 573 4403 τὴν
615 4352 789 4423 χαρὰν
833 4354 925 4407 τὴν
972 4357 1089 4423 περὶ
1138 4352 1260 4423 ἐμοῦ
1288 4354 1511 4421 ὁλοτελῆ,
1547 4356 1880 4432 πληροφορη-

876 4268 1054 4314 Ταῦτα
1125 4260 1234 4327 οὖν,
1308 4271 1487 4336 φησὶν,

1996 3214 2131 3271 qua:
2161 3200 2498 3273 frequenter
2518 3204 2593 3259 de
2619 3206 2746 3276 ejus
2770 3209 3100 3278 perditione
3115 3212 3395 3284 loquitur,
3420 3224 3473 3277 et
3499 3235 3649 3290 prm-

1997 3290 2167 3359 cipue
2193 3290 2427 3362 psalmo
2462 3296 2788 3350 centesimo
2814 3304 3045 3354 octavo.
3081 3302 3145 3356 Et
3173 3300 3269 3358 hic
3300 3319 3441 3373 ergo
3466 3307 3645 3365 dictio

1994 3382 2075 3443 ut,
2116 3393 2239 3433 non
2286 3386 2374 3435 est
2430 3396 2626 3438 causas
2665 3384 3076 3455 signiﬁcativa,
3128 3390 3233 3446 sed
3279 3393 3431 3462 ejus,
3484 3399 3647 3467 quod

1993 3468 2239 3525 omnino
2289 3467 2557 3527 futurum
2585 3478 2727 3543 erat,
2769 3479 2914 3544 puta
2959 3477 3127 3549 quod
3152 3480 3455 3553 Scriptura
3483 3501 3645 3544 oom~

1992 3555 2269 3628 pleretur.

2063 3645 2226 3701 Vers.
2250 3645 2335 3712 13,
2353 3646 2539 3707 Nunc
2552 3678 2621 3687 —
2641 3650 2833 3708 venio.
2852 3653 3106 3710 Rursum
3121 3658 3333 3729 repetit
3352 3660 3459 3734 (Ιι),
3482 3663 3572 3718 Ad
3590 3669 3645 3722 te

1993 3734 2177 3799 venio,
2201 3734 2356 3791 sicut
2376 3740 2453 3804 et,
2470 3737 2517 3791 A
2538 3736 2656 3794 Deo
2677 3740 2857 3806 exivi,
2880 3741 3010 3798 haec
3029 3744 3509 3817 frequentissime
3528 3753 3644 3811 illis

1993 3822 2381 3890 conﬁrmans,
2432 3826 2609 3881 simul
2637 3828 2815 3887 etiam
2851 3832 3321 3894 consolationem
3350 3838 3489 3897 hinc
3527 3859 3643 3900 non

1992 3912 2304 3981 vulgarem
2336 3913 2625 3973 tribuens.

2063 4089 2224 4145 Vers.
2268 4092 2360 4148 13.
2412 4094 2485 4146 Et
2528 4122 2601 4135 --
2649 4097 2985 4167 semetipsis.
3038 4100 3169 4157 Haec
3214 4102 3448 4176 loquor,
3500 4124 3640 4165 cum

1992 4178 2188 4237 adhuc
2205 4181 2266 4236 in
2289 4182 2517 4239 muudo
2540 4200 2707 4251 sum;
2730 4185 2878 4253 hac,
2907 4205 3188 4260 quaenam
3210 4192 3238 4247 ?
3266 4195 3363 4250 Ad
3380 4203 3434 4251 te
3461 4200 3639 4267 venio,

1991 4271 2271 4335 et,Serva
2303 4286 2415 4327 eos.
2443 4275 2575 4329 Haec
2597 4289 2758 4345 ergo,
2786 4276 2997 4348 inquit,
3021 4278 3254 4352 loquor,
3284 4289 3343 4340 ut
3377 4286 3645 4346 habeant

1989 4358 2276 4427 gaudium
2292 4360 2366 4414 de
2388 4377 2483 4417 me
2508 4380 2520 4417 :
2548 4363 2804 4434 perfecte
2825 4368 3105 4425 certiores
3133 4370 3324 4427 effecti
3350 4375 3515 4445 quod
3545 4392 3642 4433 me

283 4434 445 4494 θέντες
476 4437 555 4487 ὅτι
594 4442 683 4489 καὶ
712 4440 798 4510 ἐμὲ
845 4439 902 4490 ού
949 4440 1152 4501 καθέξει
1201 4442 1226 4492 6
1276 4439 1429 4511 ᾅδης,
1476 4449 1565 4496 καί
1599 4464 1655 4498 σε
1706 4446 1880 4509 ἕξουσι

2009 4462 2112 4505 non
2140 4450 2409 4507 retinebit
2437 4451 2719 4519 infernus,
2764 4459 2822 4510 et
2861 4460 2913 4511 te
2941 4457 3253 4516 habebunt
3281 4434 3637 4532 adj‘utorem.

285 4519 501 4593 βοηθόν.
537 4525 592 4577 Εἰ
618 4528 741 4597 γὰρ,
774 4525 1058 4593 ἐπίστευον,
1093 4527 1240 4596 ἀλλὰ,
1262 4537 1422 4602 μήπω
1452 4538 1882 4608 καταρτισθέντες

280 4614 372 4661 καὶ
402 4608 734 4684 ἐκυμαίνοντο
764 4621 873 4677 τοῖς
903 4615 1171 4689 λογισμοῖς
1192 4619 1366 4687 πάλιν,
1399 4626 1489 4675 καὶ
1528 4623 1735 4697 ἠρεμεῖν
1785 4625 1879 4679 ούιι

282 4694 562 4758 ἠδύναντο.

357 4786 447 4859 [Ἤ
476 4790 609 4863 (95),
642 4793 819 4846 Ταῦτα
845 4791 1001 4859 λαλῶ,
1034 4796 1100 4847 τὰ
1128 4798 1346 4849 ταπεινὰ
1388 4802 1478 4851 καὶ
1518 4798 1881 4879 ἀνθρωποπρε·

277 4883 377 4941 πῆ,
429 4879 530 4945 ἶνα,
589 4877 980 4955 ἀναπαυομένης
1035 4891 1132 4946 τῆς
1174 4882 1422 4949 ἀσθενοῦς
1472 4891 1593 4951 τέως
1646 4877 1881 4957 διανοίας

348 5053 397 5090 ⁴⁸
420 5054 589 5113 Joan.
625 5057 841 5127 xv1,22.

1990 4537 2347 4609 Quanquam
2366 4540 2526 4597 enim
2548 4542 2889 4610 credebant,
2919 4546 3192 4604 nondum
3218 4554 3421 4619 tamen
3446 4560 3644 4611 mente

1988 4627 2321 4697 compositi,
2367 4629 2821 4701 cogitationibus
2860 4634 3057 4691 adhuc
3096 4635 3491 4710 ﬂuctuabant,
3530 4658 3645 4701 nec

1987 4715 2295 4787 quiescere
2324 4724 2624 4789 poterant.

2062 4804 2183 4871 Vel,
2212 4805 2347 4862 Hiec
2397 4807 2608 4881 loquor
2633 4809 2886 4869 humilia
2926 4828 2998 4870 ac
3029 4830 3196 4873 more
3244 4817 3514 4879 humano
3553 4827 3643 4895 ut,

1956 4899 2249 4969 ,ceesante
2278 4896 2346 4969 (ί)
2378 4896 2615 4959 interim
2646 4899 2985 4960 inﬁrmitate
3029 4907 3245 4964 mentis
3273 4924 3506 4977 eorum,
3533 4913 3642 4970 ab-

1412 5274 1415 5277 ,
1515 5191 1731 5266 Variae
1779 5198 2101 5272 lectiones
2134 5213 2431 5277 etnotae.

349 5358 464 5431 (93)
500 5360 737 5423 Inclusa
760 5363 985 5425 absunt
1017 5371 1081 5426 Α.

349 5433 465 5505 (94)
506 5434 737 5493 Inclusa
768 5437 991 5498 absunt
1020 5442 1088 5498 A.

344 5607 432 5757 ἑῇ)
458 5609 707 5682 Repetit,
736 5628 858 5669 non
887 5619 975 5673 est
1000 5616 1060 5673 in
1083 5603 1305 5677 Graeco.
1541 5670 1549 5682 .

368 5684 410 5754 ι)
444 5681 514 5740 Ut
544 5692 825 5753 cessante,
850 5692 961 5746 etc.
987 5690 1056 5747 Ut
1082 5692 1497 5757 acquiescente
1515 5693 1549 5751 i1

368 5681 410 5757 ί)
444 5681 514 5740 Ut
544 5681 825 5753 cessante,
850 5692 961 5746 etc.
987 5690 1056 5747 Ut
1082 5692 1497 5766 acquiescente
1515 5681 1756 5758 inﬁrma
1773 5698 1878 5759 ad-

2055 5381 2171 5457 (95)
2204 5381 2434 5440 Inclusa
2462 5383 2679 5443 absunt
2706 5388 2775 5443 Α.

1984 5629 2099 5719 bac
2134 5635 2331 5719 mente
2360 5648 2591 5714 eorum,
2636 5635 2805 5719 plene
2832 5615 3133 5719 (perfecte)
3180 5647 3506 5717 gaudeant,
3542 5664 3642 5710 me

1983 5717 2106 5761 non
2140 5710 2438 5762 contrario
2467 5717 2797 5782 apparente
2836 5710 2978 5775 Deo.
