4130 6320
633 343 766 410 1447

1944 336 2288 405 EUTHYMII
2331 337 2663 406 ZIGABENI

3883 346 3985 406 μβ

629 478 821 534 solute
839 476 1161 547 gaudeant,
1191 489 1266 530 ne
1291 490 1385 530 me
1405 473 1527 529 Deo
1551 471 1917 530 contrarium
1945 489 2078 529 esse
2097 475 2262 546 suspi

2396 476 2582 545 αὐτῶν,
2615 479 2882 549 χαίρωσιν
2913 475 3139 548 ἐντελῶς,
3183 479 3248 539 ὡς
3275 482 3347 551 μὴ
3383 474 3682 540 δοκοῦντός
3733 481 3835 550 μόυ
3883 476 3988 528 ἀντι-

629 571 855 622 centur.

701 658 856 711 Vers.
922 654 1001 709 14.
1034 654 1156 725 Ego
1177 684 1246 694 -
1274 653 1516 708 mundo.
1567 652 1799 708 Tradidi
1830 652 1912 708 eis
1945 667 2282 709 sermonem

628 751 796 800 tuum
850 743 1286 815 evangelicum,
1319 748 1375 797 et
1427 741 1572 797 mali
1621 741 1878 796 oderunt
1903 757 2027 812 eos,
2085 747 2147 796 ut
2179 742 2281 814 qui

626 851 748 890 non
779 836 893 889 sint
946 849 1016 889 ex
1052 832 1220 904 ipsis,
1254 837 1548 904 quantum
1602 829 1679 885 ad
1723 830 2130 886 innocentiam
2183 838 2283 886 aut

626 923 1086 995 simplicitatem.
1123 924 1265 976 Nam
1299 927 1353 975 et
1396 921 1455 974 in
1496 919 1971 990 praecedentibus
2021 920 2166 973 dixit
2204 920 2276 974 ad

625 1028 727 1067 eos
764 1029 776 1066 :
810 1011 872 1065 Si
915 1011 987 1067 de
1029 1011 1236 1065 mundo
1273 1010 1560 1078 fuissetis,
1611 1008 1863 1062 mundus
1913 1009 2077 1079 quod
2111 1025 2279 1063 suum

625 1108 784 1166 esset,
813 1101 1083 1169 diligeret
1115 1099 1180 1151 ‘5.
1211 1097 1379 1162 Nam,
1412 1097 1714 1161 mundum,
1761 1102 1818 1151 et
1865 1095 1944 1151 ibi
1975 1101 2032 1151 et
2054 1096 2151 1151 hic
2182 1113 2280 1151 vo-

623 1197 718 1245 cat
743 1189 956 1252 malos,
983 1192 1222 1259 propter
1244 1185 1445 1240 mundi
1477 1201 1546 1240 ac
1575 1185 1946 1255 voluptatum
1981 1201 2274 1240 amorem.

621 1279 640 1332 l
649 1285 824 1350 taque
838 1292 976 1332 cum
990 1279 1230 1348 propter
1241 1288 1566 1329 sermonem
1582 1280 1751 1328 tuum
1765 1272 1905 1328 odio
1919 1273 2274 1338 habeantur,

621 1366 854 1423 custodi
882 1365 1035 1422 illos.

693 1455 850 1508 Vers.
897 1453 979 1506 15.
1022 1451 1155 1506 Νοη
1181 1480 1249 1488 ——
1286 1449 1465 1504 malo.
1509 1447 1839 1504 Orationem
1892 1452 2135 1518 propter
2173 1463 2277 1502 eos

621 1543 924 1614 explanat,
949 1537 1438 1595 utconﬁdentiori
1457 1536 1650 1608 magis
1673 1537 1789 1592 sint
1815 1537 2040 1602 animo,
2071 1541 2275 1608 utpote

620 1647 742 1688 non
774 1631 970 1686 statim
1012 1627 1303 1693 morituri,
1334 1627 1684 1698 priusquam
1716 1625 2184 1698 praedicaverint,
2218 1632 2276 1682 et

619 1720 790 1793 quasi
832 1719 1014 1774 Patris
1045 1716 1316 1772 custodia
1345 1715 1596 1770 fruituri.
1632 1713 1698 1770 Et
1726 1714 1818 1770 hic
1857 1713 2020 1789 ἐρατῶ
2048 1714 2271 1784 signiﬁ-

619 1813 715 1864 cat
741 1807 1013 1863 obsecro.

695 1898 852 1952 Vers.
886 1896 972 1950 16.
1007 1896 1088 1950 De
1113 1925 1181 1935 —
1212 1899 1364 1949 sunt.
1399 1892 1561 1947 Idem
1595 1893 1790 1948 adhuc
1821 1894 1892 1962 (j)
1931 1892 2272 1963 frequenter

618 1986 777 2050 dicit,
819 1986 941 2041 sive
982 1984 1100 2039 ulla
1130 1982 1542 2038 immutatione
1579 1983 1744 2054 prius
1775 1981 1890 2036 illis
1931 1982 2269 2047 testiﬁcans,

615 2091 692 2131 ne
728 2075 1056 2136 turbentur,
1085 2073 1137 2126 si
1186 2073 1320 2127 odio
1352 2071 1709 2133 habeantur,
1741 2071 1991 2126 scientes
2021 2071 2269 2126 omnino

616 2165 976 2220 contrariam
1034 2178 1159 2217 esse
1229 2160 1425 2216 virtuti
1481 2159 1795 2215 malitiam.
1861 2160 2048 2214 Simul
2122 2175 2271 2231 quo-

616 2269 733 2326 que
759 2252 964 2308 laudat
984 2267 1083 2306 eos
1111 2249 1273 2322 apud
1302 2250 1553 2316 Patrem,
1581 2248 1758 2303 etiam
1785 2248 1924 2303 hinc
1950 2249 2267 2304 ostendens

615 2342 728 2398 illis
761 2341 1131 2397 dilectionem
1166 2354 1343 2394 suam
1373 2353 1514 2408 erga
1539 2337 1714 2409 ipsos.
1751 2337 1896 2392 Dicit
1923 2353 2065 2408 ergo
2095 2337 2265 2392 cccle-

615 2436 733 2487 stes
763 2447 866 2487 eos
886 2445 1017 2487 esse
1043 2429 1216 2496 cives,
1245 2443 1367 2484 non
1393 2427 1724 2496 mundana,
1753 2426 1859 2482 sed
1881 2426 2147 2482 ccelestia
2177 2443 2269 2483 sa-

658 2521 860 2576 ientes.

658 2538 860 2576 ientes.

613 2538 844 2664 pVers.
906 2610 996 2664 16.
1075 2607 1234 2663 Sicut
1307 2637 1375 2647 —
1446 2621 1596 2660 sum.
1676 2605 1859 2660 Etiam
1925 2604 2269 2661 consolatur

614 2715 717 2755 eos
747 2697 1127 2753 similitudine
1183 2695 1259 2751 ad
1310 2696 1600 2767 seipsum,
1653 2701 1708 2750 et
1759 2693 1837 2750 ad
1889 2694 2264 2750 tolerantiam

610 2788 843 2844 excitat.

680 2877 848 2932 Vers.
902 2877 986 2930 17.
1062 2873 1378 2942 Sanctiﬁca
1423 2903 1490 2912 —
1548 2879 1722 2929 tuam.
1786 2874 2031 2929 Sanctos
2084 2872 2262 2928 facito

605 2967 769 3040 ipsos
815 2982 918 3037 per
973 2964 1253 3036 Spiritum
1311 2962 1773 3025 sanctissimum,
1824 2977 1927 3034 per
1956 2967 2260 3018 veritatem

605 3056 960 3125 dogmatum
1025 3070 1038 3107 :
1109 3067 1250 3107 nam
1324 3066 1463 3105 vera
1539 3050 1824 3120 dogmata
1889 3050 2260 3106 sanctiﬁcant

604 3143 932 3200 hominem.
985 3141 1204 3196 Deinde
1252 3139 1611 3210 manifestat,
1661 3139 1806 3211 quid
1866 3139 2038 3205 dicat,
2103 3140 2261 3196 Veri-

606 3240 801 3290 tatem.

673 3321 839 3376 Vers.
872 3321 958 3375 17.
1000 3319 1195 3375 Sermo
1222 3349 1289 3358 —
1326 3324 1428 3373 est.
1469 3319 1675 3374 Sermo
1713 3317 2064 3386 dogmatum
2097 3322 2255 3383 tuus,

603 3411 724 3466 sive
755 3426 790 3464 a
820 3414 876 3464 te
915 3425 1020 3481 per
1051 3408 1336 3480 Spiritum
1365 3410 1649 3462 sanctum
1684 3405 1797 3461 illis
1833 3406 2080 3461 infusus.
2115 3409 2257 3460 Nam

601 3498 873 3571 superius
903 3498 1042 3553 dixit
1059 3497 1314 3566 Spiritus
1342 3496 1610 3552 veritatis
1635 3495 1809 3552 ducet
1830 3511 1933 3552 vos
1951 3495 2013 3550 in
2039 3509 2257 3550 omnem

600 3589 901 3646 veritatem
929 3587 998 3639 ιθ.

669 3765 846 3821 Aliter
875 3779 1118 3838 quoque
1152 3763 1456 3833 intelligite
1483 3777 1496 3818 :
1521 3763 1837 3832 Sancti/tea
1862 3778 1951 3819 eos
1975 3779 2085 3832 per
2106 3764 2257 3820 veri-

597 3860 775 3911 tatem
827 3863 1012 3918 tuam,
1054 3854 1168 3908 hoc
1207 3857 1316 3923 est,
1380 3855 1638 3922 Segrega
1688 3868 1790 3909 eos
1844 3868 1951 3924 per
1989 3855 2252 3923 Evange-

595 3943 740 3999 lium
769 3947 939 3997 tuum
965 3958 980 4008 ;
1003 3941 1195 3997 Sermo
1225 3955 1473 4012 namque
1498 3947 1652 4005 tuus,
1681 3945 1826 4012 puta
1850 3940 2249 4011 evangelicus,

599 4033 817 4089 veritas
844 4037 947 4088 est.

669 4121 852 4176 Patris
886 4124 1088 4176 autem
1121 4119 1200 4173 ait
1230 4134 1357 4173 esse
1401 4133 1762 4184 sermonem,
1795 4117 1945 4173 sicut
1979 4117 2158 4173 etiam
2189 4119 2248 4173 in

592 4210 1066 4282 praecedentibus
1127 4208 1329 4264 dixit:
1369 4209 1494 4277 Ego
1553 4223 1628 4264 ea:
1678 4207 1897 4276 meipso
1940 4223 2059 4263 non
2120 4225 2249 4264 sum

594 4301 843 4365 locutus,
865 4298 964 4352 sed
978 4299 1175 4360 Pater,
1201 4296 1305 4367 qui
1318 4296 1886 4364 misitme,ipsemihi
1898 4303 2248 4366 prwceptnm

591 4387 745 4443 dedit
771 4385 917 4457 quid
943 4385 1133 4441 dicam
1164 4391 1218 4439 et
1244 4385 1391 4454 quid
1417 4385 1628 4454 loquar
1657 4385 1725 4437 ‘7.

663 4478 824 4531 Vers.
857 4480 942 4531 l8.
981 4474 1139 4530 Sicut
1168 4473 1562 4529 —mundum.
1612 4473 1774 4528 Sicut
1821 4478 1881 4528 tu
1929 4473 2244 4530 hominum
2281 4462 2325 4516 D

590 4565 838 4638 cupiens
889 4564 1164 4633 salutem,
1219 4579 1316 4619 me
1359 4561 1569 4618 misisti
1626 4577 1641 4618 :
1700 4562 1784 4618 ita
1830 4567 1886 4618 et
1915 4579 2028 4634 ego
2083 4563 2246 4620 illam

591 4655 863 4727 cupiens,
893 4654 1024 4710 misi
1077 4669 1201 4708 eos.
1230 4651 1332 4707 Vel
1383 4651 1534 4707 sicut
1582 4657 1664 4718 tu,
1715 4652 1820 4724 qui
1869 4655 2034 4708 Pater
2079 4671 2246 4710 meus

591 4761 676 4812 es,
709 4742 926 4800 misisti
965 4758 1082 4810 me,
1131 4742 1212 4799 ita
1251 4745 1306 4796 et
1334 4756 1465 4812 ego,
1491 4741 1590 4813 qui
1629 4741 1800 4797 Pater
1843 4757 2052 4798 eorum
2085 4760 2243 4810 sum,

661 4922 710 4959 ⁴⁸
733 4921 906 4979 Joan.
936 4936 1038 4987 xv,
1074 4923 1161 4977 19.
1345 4919 1394 4956 ⁸⁸
1418 4919 1595 4976 Joan.
1622 4933 1742 4985 xvr,
1776 4923 1862 4976 13.

2395 565 2554 637 θεού].

2463 653 2597 724 Ἐγὼ
2629 686 2696 694 -
2720 660 2942 725 κόσμου.
2996 653 3207 710 Δέδωκα
3247 658 3424 720 αὐτοῖς
3471 661 3560 710 τόν
3596 658 3762 728 λόγον
3795 676 3884 708 σου
3924 661 3986 707 7's;-

2391 740 2735 811 εύαγγελικόν,
2779 749 2868 796 καὶ
2915 747 2962 796 οἱ
3008 753 3221 821 πονηροὶ
3269 747 3530 819 ἐμίσησαν
3581 748 3786 805 αὐτοὺς
3829 748 3892 804 ὡς
3933 750 3984 814 μή

2391 834 2534 890 ὄντας
2576 831 2627 894 ἐξ
2675 833 2841 884 αὐτῶν
2891 835 3010 886 ὅσον
3060 838 3144 887 ἐπὶ
3172 844 3232 907 τῇ
3294 835 3506 908 ἀκακία.
3569 843 3685 889 Καὶ
3747 834 3983 908 προλαξωυ

2388 922 2485 990 γὰρ
2537 918 2644 972 εἷπε
2683 927 2809 996 πρὸς
2852 923 3041 983 αὐτούς
3073 927 3151 975 ότι
3193 926 3253 978 Εἰ
3298 928 3351 976 ἐκ
3401 934 3487 977 τοῦ
3538 931 3766 997 κόσμου
3823 921 3921 986 ἦτε,
3969 926 3982 970 ς

2388 1013 2578 1080 κόσμος
2609 1008 2668 1060 ἆν
2711 1015 2768 1061 τό
2815 1008 2950 1062 ἵδιον
2995 1011 3170 1083 ἐφίλει.
3225 1019 3427 1085 Κόσμον
3469 1017 3573 1087 γὰρ
3627 1019 3725 1064 καὶ
3786 1011 3885 1064 ἐκεῖ
3918 1033 3982 1060 zz:

2387 1095 2604 1148 ἐνταῦθα
2645 1103 2760 1158 τούς
2808 1104 3065 1174 πονηρούς
3120 1101 3268 1152 καλεῖ
3309 1099 3400 1154 διὰ
3448 1107 3505 1154 τό
3555 1103 3892 1174 φιλόκοσμον
3919 1122 3981 1149 xx:

2387 1183 2674 1256 φιλήδονον.
2709 1193 2808 1240 Καὶ
2823 1188 3018 1250 λοιπόν,
3048 1192 3112 1250 ὡς
3134 1187 3229 1242 διὰ
3251 1194 3338 1242 τόν
3355 1191 3504 1262 λόγον
3530 1211 3636 1244 σου
3667 1193 3977 1263 μισηθέντας.

2387 1269 2702 1346 διαφύλαξόν
2732 1276 2937 1337 αὐτούς.

2455 1453 2566 1504 Ούκ
2603 1485 2667 1494 -
2700 1463 2942 1527 πονηροῦ.
2995 1461 3269 1523 Σαφηνίζει
3319 1462 3412 1514 τὴν
3443 1458 3608 1529 εὐχὴν
3668 1455 3748 1510 δι’
3803 1458 3980 1514 αὐτοὺς.

2385 1543 2467 1593 ἶνα
2499 1541 2659 1617 6αρῥὴ
2671 1562 2805 1595 σωσι
2829 1543 3040 1616 μᾶλλον,
3064 1548 3132 1608 ὡς
3164 1547 3257 1598 οὐκ
3281 1547 3468 1599 αὐτίκα
3497 1547 3873 1618 τεθνηξόμενοι
3903 1551 3978 1616 πρὸ

2381 1638 2470 1682 τοῦ
2508 1631 2754 1706 κηρύξαι,
2799 1632 2928 1685 ἀλλά
2956 1639 3164 1695 καὶτῆς
3207 1638 3352 1708 παρὰ
3384 1643 3473 1687 τοῦ
3518 1640 3740 1708 Πατρός
3774 1635 3981 1707 φυλακῆς

2383 1718 2776 1782 ἀπολαύσοντες.
2814 1721 3091 1776 Κάνταῦθα
3121 1720 3180 1775 δὲ
3223 1725 3252 1781 ἡ
3296 1723 3545 1796 ἐρώτησις
3589 1729 3698 1782 τὴν
3731 1723 3978 1796 rapax):-

2306 1835 2342 1888 Β
2384 1827 2464 1860 σιν
2501 1814 2761 1880 σημαίνει.

2453 1898 2538 1950 Ἐκ
2587 1930 2653 1938 -
2701 1899 2823 1954 εἰσι.
2877 1907 3109 1971 Συνεχῶς
3161 1905 3250 1953 καὶ
3301 1909 3454 1954 τοῦτο
3500 1901 3670 1973 λέγει,
3728 1919 3977 1974 προσμαρ-

2378 1995 2544 2060 τυρῶν
2585 1987 2760 2050 αὐτοῖς
2805 1992 2861 2040 τό
2913 1988 3192 2062 ἀπόνηρον,
3241 1991 3323 2041 ἴνα
3378 1989 3757 2062 βεϐαιωθῶσιν
3818 1989 3886 2047 εἰς
3931 2007 3973 2037 το

2377 2081 2448 2147 μὴ
2506 2075 2840 2150 θορυϐεῖσθαι
2900 2081 3223 2150 μισούμενοι,
3302 2076 3498 2141 εἰδότες
3553 2081 3637 2131 ὅτι
3715 2077 3974 2130 ἀντίκειται

2377 2173 2438 2236 τῇ
2494 2163 2648 2238 ἀρετῇ
2711 2169 2908 2227 πάντως
2960 2169 2988 2226 ἠ
3047 2173 3228 2222 κακία.
3295 2167 3439 2240 "Apta
3500 2166 3560 2220 δὲ
3643 2173 3742 2220 καὶ
3802 2167 3972 2218 ἐπαινεῖ

2377 2255 2566 2316 αύτούς
2625 2258 2764 2328 παρὰ
2806 2264 2878 2325 τῷ
2934 2261 3121 2329 Πατρὶ,
3180 2254 3426 2309 δεικνύων
3475 2257 3658 2317 αὐτοῖς
3721 2255 3969 2306 κάντεῦθῦ

2375 2348 2468 2402 τὴν
2505 2344 2576 2405 εἰς
2616 2345 2800 2404 αύτούς
2852 2346 3060 2416 ἀγάπην
3111 2346 3291 2398 αὑτοῦ.
3334 2351 3497 2404 Φησὶν
3555 2342 3649 2397 οὖν
3708 2348 3789 2397 ὃτι
3842 2344 3964 2415 ούρα-

2375 2432 2640 2485 νοπολίται
2659 2432 2774 2503 (96)
2806 2433 2956 2497 εἰσίν,
2983 2434 3040 2486 ού
3067 2438 3300 2507 κοσμικὰ
3321 2442 3642 2510 φρονοῦντες,
3681 2434 3813 2485 ἀλλὰ
3844 2432 3969 2502 οὖρά-

2374 2541 2478 2575 νια.

2450 2612 2632 2673 Καθὼς
2661 2642 2727 2651 -
2758 2611 2884 2683 εἰμί,
2917 2616 3016 2664 Καὶ
3044 2621 3106 2684 τῇ
3139 2616 3271 2686 πρὸς
3291 2612 3471 2666 ἑαυτὸν
3497 2613 3786 2684 ὁμοιότητι
3815 2627 3961 2682 παριε-

2372 2707 2516 2771 γορεῖ
2543 2703 2774 2763 τούτους,
2810 2705 2898 2752 καὶ
2930 2697 3174 2774 διεγείρει
3198 2705 3329 2777 πρὸς
3353 2703 3644 2774 ὑπομονήν.

2440 2877 2686 2948 Ἃγίασον
2727 2908 2790 2917 -
2826 2897 2940 2930 σου.
2967 2877 3168 2949 Ἀγίους
3198 2884 3413 2936 ποίησον
3451 2875 3545 2930 διὰ
3589 2885 3697 2930 τοῦ
3728 2879 3952 2944 παναγίον

2373 2971 2668 3040 Πνεύματος
2694 2967 2743 3018 ἐν
2769 2975 2830 3039 τῇ
2867 2967 3083 3039 ἀληθείᾳ
3107 2977 3205 3019 τῶν
3229 2965 3503 3039 δογμάτων
3538 2985 3550 2996 ·
3584 2971 3654 3019 τὰ
3681 2969 3785 3039 γὰρ
3814 2963 3950 3020 ama

2371 3053 2611 3127 δόγματα
2654 3056 2938 3127 ἀγιάζουσι
2984 3061 3070 3109 τόν
3109 3059 3396 3131 ἄνθρωπον.
3450 3053 3576 3110 Εἶτα
3628 3053 3880 3125 διασαφεῖ
3917 3069 3949 3100 τι

2369 3145 2501 3215 λέγει
2526 3143 2817 3202 Ἀλήθειαν.

2441 3241 2482 3286 0
2521 3234 2667 3304 λόγος
2708 3264 2774 3274 —
2825 3232 2984 3288 ἐστιν.
3038 3233 3096 3286 Ὀ
3144 3233 3306 3304 λόγος,
3380 3235 3405 3285 ό
3453 3241 3552 3285 τῶν
3598 3227 3945 3305 δογμάτων,ό

2371 3326 2480 3389 σός,
2535 3325 2696 3393 ἤγουν
2762 3323 2786 3373 ό
2839 3324 2981 3394 παρὰ
3038 3329 3132 3377 σοῦ
3183 3319 3277 3374 διὰ
3327 3330 3417 3374 τοῦ
3470 3322 3620 3393 ἁγίου
3684 3329 3945 3384 ﬂuentum;

2368 3411 2710 3482 ἐνηχούμενος
2773 3411 2966 3471 αὐτοῖς.
3036 3414 3225 3484 Εῖρηκε
3269 3413 3370 3484 γὰρ
3444 3409 3684 3484 ἀνωτέρω
3759 3411 3834 3464 ὅτι
3889 3406 3942 3455 Τό

2369 3508 2576 3572 Πνεῦμα
2625 3510 2713 3561 τῆς
2763 3499 2996 3561 ἀληθείας
3049 3497 3311 3572 ὁδηγήσει
3370 3501 3504 3572 ὑμᾶς
3533 3501 3604 3560 εἰς
3655 3506 3824 3551 πᾶσαν
3865 3498 3940 3563 τῂν

2369 3587 2460 3646 ἀλὴ
2472 3590 2628 3644 θειαν.

2434 3765 2648 3838 [Νοεῖτα
2677 3766 2786 3837 (97)
2822 3763 2880 3819 δὲ
2910 3771 2999 3818 καὶ
3031 3766 3208 3841 ἑτέρως
3236 3769 3295 3819 τό
3333 3767 3576 3838 ’Λγίασον
3604 3766 3790 3822 αύτούς
3818 3760 3863 3812 ἐν
3885 3765 3932 3827 τῇ

2363 3853 2578 3927 ἀληθείᾳ
2611 3874 2726 3921 σου,
2761 3854 2873 3907 ἀντὶ
2898 3863 3012 3923 τοῦ,
3042 3855 3317 3928 Ἀφόρισον
3345 3855 3524 3915 αὐτούς
3547 3853 3595 3906 ἐν
3633 3863 3709 3924 τῷ
3742 3851 3934 3918 Eur/7t-

2361 3943 2454 4014 λίῳ
2481 3963 2597 3997 σου.
2627 3943 2685 3996 Ὀ
2710 3943 2861 4015 λόγος
2885 3946 2987 4016 γὰρ
3019 3945 3044 3995 ό
3077 3949 3186 4009 σὸς,
3221 3947 3386 3996 εἶτ-ουν
3412 3945 3437 3995 ό
3458 3943 3803 4014 εῦαγγελικός,
3833 3936 3912 3992 ait}

2364 4033 2475 4085 θειά
2504 4031 2636 4086 ἐστι.

2430 4129 2532 4174 Τοῦ
2586 4125 2792 4194 Πατρός
2837 4117 2894 4174 δε
2946 4125 3032 4174 τὸν
3077 4121 3226 4192 λόγον
3276 4120 3405 4174 εἶναί
3450 4141 3602 4194 φησι,
3651 4121 3813 4177 καθὼς
3856 4117 3927 4164 καὶ

2359 4209 2627 4284 προλαϐὼν
2661 4207 2792 4263 εἶπεν
2825 4213 2904 4262 ὅτι
2933 4213 3066 4282 Ἐγὼ
3096 4210 3148 4273 ἐξ
3177 4213 3403 4283 ἐμαυτοῦ
3440 4211 3533 4263 οῦκ
3574 4209 3808 4276 ἐλάλησα,
3838 4200 3925 4253 ἀλλ’

2359 4301 2384 4351 ὁ
2427 4298 2633 4371 πέμψας
2663 4319 2724 4371 με
2756 4304 2956 4372 Πατὴρ,
2990 4299 3145 4362 αὐτὸς
3172 4319 3262 4371 μοι
3293 4298 3497 4358 ἐντολὴν
3527 4296 3711 4365 ἔδωκε,
3750 4300 3795 4348 τί
3824 4295 3919 4344 εἴπω

2357 4394 2446 4440 καὶ
2476 4394 2527 4440 τί
2555 4388 2682 4447 λαλὴ
2693 4388 2792 4462 σω]
2806 4433 2816 4443 .

2432 4480 2616 4539 Καθὼς
2671 4510 2715 4519 -
2779 4483 2992 4550 κόσμον.
3049 4480 3233 4540 Καθὼς
3284 4482 3370 4543 σὺ,
3429 4477 3580 4530 θέλων
3640 4483 3734 4536 τὴν
3785 4487 3913 4525 σωτις·

2355 4573 2471 4643 ρίαν
2538 4577 2636 4620 τῶν
2693 4567 2993 4641 ἀνθρώπων,
3062 4567 3149 4639 ἐμὲ
3207 4566 3511 4629 ἀπέστειλας
3543 4586 3558 4600 ·
3611 4569 3744 4620 οὕτω
3801 4557 3911 4627 κάγὼ

2358 4657 2509 4710 θελων
2560 4657 2722 4715 αὐτὴν
2761 4655 3038 4709 ἀπέστειλα
3086 4656 3310 4718 αύτούς·
3346 4661 3375 4714 ἧ
3427 4657 3602 4718 καθὼς
3650 4659 3737 4720 σὺ,
3768 4651 3904 4715 Πατήρ

2353 4765 2453 4820 μου
2513 4750 2596 4811 ὗν,
2653 4745 2738 4818 ἐμὲ
2790 4744 3090 4806 ἀπέστειλας
3132 4760 3147 4775 ⁸
3184 4748 3315 4798 οὕτω
3363 4744 3508 4816 κάγὼ
3557 4751 3738 4819 Πατὴρ
3782 4739 3904 4792 αὐτῶν

2047 4919 2096 4958 ⁴⁷
2121 4920 2296 4990 Joan,
2327 4936 2422 4988 xu,
2458 4924 2545 4978 49.

1789 5079 2012 5149 Variae
2051 5081 2378 5150 lectiones
2429 5093 2496 5150 et
2547 5093 2746 5150 notae.

661 5257 774 5327 (96)
807 5254 1106 5325 Chrysost.
1150 5257 1190 5327 ι.
1239 5251 1473 5327 Vlll,_p.
1791 5250 2026 5327 dixerat
2073 5271 2084 5310 :
2132 5251 2242 5327 Τῶν

587 5321 814 5402 ούρανῶν
838 5321 1334 5402 γξγτόνασιλπολςται.
1367 5321 1614 5402 llinc_illi
1649 5322 2048 5402 ούρανοπολῐται
2079 5323 2241 5394 apud

583 5394 914 5469 Theophyl.
957 5412 1018 5469 p.
1051 5395 1174 5452 801.
1205 5394 1312 5451 ﬁn.
1370 5394 1527 5465 apud
1579 5394 1859 5451 Ammon.
1917 5395 1979 5450 in
2034 5397 2236 5450 Caten.

657 5585 728 5657 (j)
757 5584 918 5640 Idem
943 5583 1159 5647 adhuc,
1195 5586 1304 5638 etc.
1338 5581 1628 5657 Continuo
1666 5581 1781 5638 hoc
1812 5597 2047 5657 quoque
2073 5581 2235 5648 dicit,

585 5652 808 5728 testans
837 5670 938 5711 eos
969 5671 1153 5728 puros
1191 5669 1322 5728 esse
1354 5671 1387 5728 a
1417 5653 1662 5723 malitia,
1696 5658 1760 5709 ut
1789 5652 2238 5728 confirmeptur.

580 5745 658 5790 ne
687 5724 1014 5793 turbentur,
1071 5727 1119 5782 si
1169 5724 1330 5781 odio.
1367 5727 1519 5781 Loco
1545 5732 1961 5802 προσμαρτυρῶν
2008 5724 2240 5782 videtur

2355 5252 2583 5319 Corder,
2620 5251 2838 5325 p._4l3.
2874 5323 2882 5325 _
3181 5323 3222 5325 Α
3411 5324 3416 5325 γ
3770 5321 3783 5325 _
3847 5317 3855 5325 .

2424 5325 2534 5395 (97)
2579 5321 2806 5382 Inclusa
2831 5323 3056 5396 absunt
3083 5329 3147 5396 Α.
3177 5323 3501 5381 Hentenius
3534 5340 3636 5396 per
3653 5321 3906 5382 confusio-

2352 5394 2490 5452 nem
2521 5395 2810 5452 vocalium
2841 5395 3073 5451 videtur
3102 5394 3313 5467 legisse
3339 5404 3524 5453 νοεῖτε.

2345 5580 2987 5723 ἒῗέζὶῗὲἓὲτιρέμαρτυρῶν.
3016 5581 3169 5649 Quid
3196 5597 3333 5640 vero
3361 5581 3495 5640 loco
3523 5580 3769 5662 ἁπόνηρον
3786 5575 3900 5646 lege-
