  <div class='ocr_page' id='page_1' title='image "/cluster/home/n/w/nwhite01/storage/ocr_20150623/129/mdp.39015061528470/768.png"; bbox 0 0 4130 6320; ppageno 0'>
   <div class='ocr_carea' id='block_1_1' title="bbox 194 309 340 372">
    <p class='ocr_par' dir='ltr' id='par_1_1' title="bbox 194 309 340 372">
     <span class='ocr_line' id='line_1_1' title="bbox 194 309 340 372; baseline 0 0"><span class='ocrx_word' id='word_1_1' title='bbox 194 309 340 372; x_wconf 70' lang='grc'>1449</span> 
     </span>
    </p>
   </div>
   <div class='ocr_carea' id='block_1_2' title="bbox 1164 306 2560 372">
    <p class='ocr_par' dir='ltr' id='par_1_2' title="bbox 1164 306 2560 372">
     <span class='ocr_line' id='line_1_2' title="bbox 1164 306 2560 372; baseline 0.001 -3"><span class='ocrx_word' id='word_1_2' title='bbox 1164 308 1533 370; x_wconf 80' lang='lat' dir='ltr'>COMMENT.</span> <span class='ocrx_word' id='word_1_3' title='bbox 1586 314 1655 369; x_wconf 90' lang='lat' dir='ltr'>IN</span> <span class='ocrx_word' id='word_1_4' title='bbox 1692 308 2036 370; x_wconf 85' lang='lat' dir='ltr'>JOANNEM.</span> <span class='ocrx_word' id='word_1_5' title='bbox 2076 346 2143 354; x_wconf 94' lang='lat'>—</span> <span class='ocrx_word' id='word_1_6' title='bbox 2182 306 2341 372; x_wconf 82' lang='lat' dir='ltr'>CAP.</span> <span class='ocrx_word' id='word_1_7' title='bbox 2397 308 2560 371; x_wconf 81' lang='lat' dir='ltr'>XVII.</span> 
     </span>
    </p>
   </div>
   <div class='ocr_carea' id='block_1_3' title="bbox 3422 325 3562 380">
    <p class='ocr_par' dir='ltr' id='par_1_3' title="bbox 3422 325 3562 380">
     <span class='ocr_line' id='line_1_3' title="bbox 3422 325 3562 380; baseline 0.007 -1"><span class='ocrx_word' id='word_1_8' title='bbox 3422 325 3444 379; x_wconf 61' lang='lat' dir='ltr'>&#39;l</span> <span class='ocrx_word' id='word_1_9' title='bbox 3457 326 3562 380; x_wconf 70' lang='grc'>450</span> 
     </span>
    </p>
   </div>
   <div class='ocr_carea' id='block_1_4' title="bbox 200 438 1817 515">
    <p class='ocr_par' dir='ltr' id='par_1_4' title="bbox 200 438 1798 512">
     <span class='ocr_line' id='line_1_4' title="bbox 200 438 1798 512; baseline 0.001 -20"><span class='ocrx_word' id='word_1_10' title='bbox 200 443 273 492; x_wconf 80' lang='grc' dir='ltr'>ὢν</span> <span class='ocrx_word' id='word_1_11' title='bbox 305 440 584 494; x_wconf 82' lang='grc' dir='ltr'>ἀπέστειλα</span> <span class='ocrx_word' id='word_1_12' title='bbox 616 440 825 502; x_wconf 87' lang='grc' dir='ltr'>αύτούς.</span> <span class='ocrx_word' id='word_1_13' title='bbox 855 438 1014 494; x_wconf 78' lang='grc' dir='ltr'>Ἀλλὰ</span> <span class='ocrx_word' id='word_1_14' title='bbox 1044 444 1109 492; x_wconf 84' lang='grc' dir='ltr'>σύ</span> <span class='ocrx_word' id='word_1_15' title='bbox 1135 442 1223 511; x_wconf 72' lang='grc' dir='ltr'>μὲν</span> <span class='ocrx_word' id='word_1_16' title='bbox 1250 445 1428 511; x_wconf 81' lang='grc' dir='ltr'>Πατήρ</span> <span class='ocrx_word' id='word_1_17' title='bbox 1461 460 1559 511; x_wconf 86' lang='grc' dir='ltr'>μου</span> <span class='ocrx_word' id='word_1_18' title='bbox 1593 442 1740 512; x_wconf 76' lang='grc' dir='ltr'>φύσει</span> <span class='ocrx_word' id='word_1_19' title='bbox 1782 456 1798 473; x_wconf 82' lang='grc'><strong><em>⁸</em></strong></span> 
     </span>
    </p>
   </div>
   <div class='ocr_carea' id='block_1_5' title="bbox 1938 438 3556 515">
    <p class='ocr_par' dir='ltr' id='par_1_5' title="bbox 1938 438 3556 515">
     <span class='ocr_line' id='line_1_5' title="bbox 1938 438 3556 515; baseline 0.008 -23"><span class='ocrx_word' id='word_1_20' title='bbox 1938 438 2043 493; x_wconf 79' lang='lat' dir='ltr'>nisi</span> <span class='ocrx_word' id='word_1_21' title='bbox 2075 456 2193 495; x_wconf 92' lang='lat' dir='ltr'>eos.</span> <span class='ocrx_word' id='word_1_22' title='bbox 2250 440 2363 496; x_wconf 87' lang='lat' dir='ltr'>Sed</span> <span class='ocrx_word' id='word_1_23' title='bbox 2396 445 2456 495; x_wconf 91' lang='lat' dir='ltr'>tu</span> <span class='ocrx_word' id='word_1_24' title='bbox 2485 440 2727 512; x_wconf 88' lang='lat' dir='ltr'>quidem</span> <span class='ocrx_word' id='word_1_25' title='bbox 2783 447 2998 499; x_wconf 86' lang='lat' dir='ltr'>natura</span> <span class='ocrx_word' id='word_1_26' title='bbox 3050 448 3216 502; x_wconf 88' lang='lat' dir='ltr'>Pater</span> <span class='ocrx_word' id='word_1_27' title='bbox 3255 464 3425 504; x_wconf 85' lang='lat' dir='ltr'>meus</span> <span class='ocrx_word' id='word_1_28' title='bbox 3475 467 3556 515; x_wconf 90' lang='lat' dir='ltr'>es,</span> 
     </span>
    </p>
   </div>
   <div class='ocr_carea' id='block_1_6' title="bbox 200 527 1801 604">
    <p class='ocr_par' dir='ltr' id='par_1_6' title="bbox 200 527 1801 604">
     <span class='ocr_line' id='line_1_6' title="bbox 200 527 1801 604; baseline -0.002 -21"><span class='ocrx_word' id='word_1_29' title='bbox 200 529 300 601; x_wconf 73' lang='grc' dir='ltr'>ἐγὼ</span> <span class='ocrx_word' id='word_1_30' title='bbox 340 527 398 583; x_wconf 73' lang='grc' dir='ltr'>δὲ</span> <span class='ocrx_word' id='word_1_31' title='bbox 446 536 625 604; x_wconf 76' lang='grc' dir='ltr'>Πατὴρ</span> <span class='ocrx_word' id='word_1_32' title='bbox 659 530 843 598; x_wconf 75' lang='grc' dir='ltr'>αὐτῶν,</span> <span class='ocrx_word' id='word_1_33' title='bbox 877 533 941 590; x_wconf 82' lang='grc' dir='ltr'>ως</span> <span class='ocrx_word' id='word_1_34' title='bbox 978 534 1193 589; x_wconf 78' lang='grc' dir='ltr'>κτίστης</span> <span class='ocrx_word' id='word_1_35' title='bbox 1233 534 1318 580; x_wconf 88' lang='grc' dir='ltr'>καὶ</span> <span class='ocrx_word' id='word_1_36' title='bbox 1371 534 1656 602; x_wconf 80' lang='grc' dir='ltr'>προνοητὴς</span> <span class='ocrx_word' id='word_1_37' title='bbox 1712 533 1801 580; x_wconf 86' lang='grc' dir='ltr'>καὶ</span> 
     </span>
    </p>
   </div>
   <div class='ocr_carea' id='block_1_7' title="bbox 202 614 1802 691">
    <p class='ocr_par' dir='ltr' id='par_1_7' title="bbox 202 614 1802 691">
     <span class='ocr_line' id='line_1_7' title="bbox 202 614 1802 691; baseline -0.003 -20"><span class='ocrx_word' id='word_1_38' title='bbox 202 616 550 680; x_wconf 75' lang='grc' dir='ltr'>διδάσκαλος.</span> <span class='ocrx_word' id='word_1_39' title='bbox 580 619 667 680; x_wconf 77' lang='grc' dir='ltr'>Ὠς</span> <span class='ocrx_word' id='word_1_40' title='bbox 696 623 900 691; x_wconf 72' lang='grc' dir='ltr'>γεγονὸς</span> <span class='ocrx_word' id='word_1_41' title='bbox 932 616 991 671; x_wconf 73' lang='grc' dir='ltr'>δὲ</span> <span class='ocrx_word' id='word_1_42' title='bbox 1032 618 1167 689; x_wconf 70' lang='grc' dir='ltr'>λέγει</span> <span class='ocrx_word' id='word_1_43' title='bbox 1197 622 1253 669; x_wconf 87' lang='grc' dir='ltr'>τὸ</span> <span class='ocrx_word' id='word_1_44' title='bbox 1310 624 1671 689; x_wconf 75' lang='grc' dir='ltr'>γενησόμενον,</span> <span class='ocrx_word' id='word_1_45' title='bbox 1710 614 1802 668; x_wconf 70' lang='grc' dir='ltr'>διὰ</span> 
     </span>
    </p>
   </div>
   <div class='ocr_carea' id='block_1_8' title="bbox 198 705 1800 781">
    <p class='ocr_par' dir='ltr' id='par_1_8' title="bbox 198 705 1800 781">
     <span class='ocr_line' id='line_1_8' title="bbox 198 705 1800 781; baseline 0.001 -21"><span class='ocrx_word' id='word_1_46' title='bbox 198 713 260 760; x_wconf 83' lang='grc' dir='ltr'>τό</span> <span class='ocrx_word' id='word_1_47' title='bbox 342 705 448 767; x_wconf 77' lang='grc' dir='ltr'>ἤδη</span> <span class='ocrx_word' id='word_1_48' title='bbox 544 708 741 781; x_wconf 79' lang='grc' dir='ltr'>μέλλειν</span> <span class='ocrx_word' id='word_1_49' title='bbox 822 708 1127 761; x_wconf 72' lang='grc' dir='ltr'>ἀποστεῖλαι</span> <span class='ocrx_word' id='word_1_50' title='bbox 1200 708 1385 768; x_wconf 83' lang='grc' dir='ltr'>αύτούς</span> <span class='ocrx_word' id='word_1_51' title='bbox 1465 710 1595 778; x_wconf 85' lang='grc' dir='ltr'>μετά</span> <span class='ocrx_word' id='word_1_52' title='bbox 1689 706 1800 777; x_wconf 84' lang='grc'>(98)</span> 
     </span>
    </p>
   </div>
   <div class='ocr_carea' id='block_1_9' title="bbox 203 793 1343 869">
    <p class='ocr_par' dir='ltr' id='par_1_9' title="bbox 203 793 1343 869">
     <span class='ocr_line' id='line_1_9' title="bbox 203 793 1343 869; baseline 0.004 -20"><span class='ocrx_word' id='word_1_53' title='bbox 203 802 411 869; x_wconf 84' lang='grc' dir='ltr'>μικρόν.</span> <span class='ocrx_word' id='word_1_54' title='bbox 1334 793 1343 801; x_wconf 7' lang='lat' dir='ltr'>il</span> 
     </span>
    </p>
   </div>
   <div class='ocr_carea' id='block_1_10' title="bbox 284 885 1797 959">
    <p class='ocr_par' dir='ltr' id='par_1_10' title="bbox 284 885 1797 959">
     <span class='ocr_line' id='line_1_10' title="bbox 284 885 1797 959; baseline -0.001 -20"><span class='ocrx_word' id='word_1_55' title='bbox 284 892 378 939; x_wconf 80' lang='grc' dir='ltr'>Καὶ</span> <span class='ocrx_word' id='word_1_56' title='bbox 415 919 481 928; x_wconf 88' lang='lat'>-—-</span> <span class='ocrx_word' id='word_1_57' title='bbox 530 886 770 959; x_wconf 76' lang='grc' dir='ltr'>ἐμαυτόν.</span> <span class='ocrx_word' id='word_1_58' title='bbox 806 886 937 958; x_wconf 68' lang='grc' dir='ltr'>Ἐγὼ</span> <span class='ocrx_word' id='word_1_59' title='bbox 983 892 1227 946; x_wconf 81' lang='grc' dir='ltr'>εκουσίως</span> <span class='ocrx_word' id='word_1_60' title='bbox 1276 889 1511 948; x_wconf 75' lang='grc' dir='ltr'>θυσιάζω</span> <span class='ocrx_word' id='word_1_61' title='bbox 1560 885 1797 959; x_wconf 85' lang='grc' dir='ltr'>ἐμαυτόν.</span> 
     </span>
    </p>
   </div>
   <div class='ocr_carea' id='block_1_11' title="bbox 199 974 1801 1049">
    <p class='ocr_par' dir='ltr' id='par_1_11' title="bbox 199 974 1801 1049">
     <span class='ocr_line' id='line_1_11' title="bbox 199 974 1801 1049; baseline -0.003 -20"><span class='ocrx_word' id='word_1_62' title='bbox 199 974 493 1048; x_wconf 72' lang='grc' dir='ltr'>Ἃγιασμόν</span> <span class='ocrx_word' id='word_1_63' title='bbox 534 978 635 1049; x_wconf 70' lang='grc' dir='ltr'>γὰρ</span> <span class='ocrx_word' id='word_1_64' title='bbox 666 976 886 1027; x_wconf 75' lang='grc' dir='ltr'>ἐνταῦθα</span> <span class='ocrx_word' id='word_1_65' title='bbox 918 978 1002 1027; x_wconf 87' lang='grc' dir='ltr'>τὸν</span> <span class='ocrx_word' id='word_1_66' title='bbox 1061 977 1353 1048; x_wconf 85' lang='grc' dir='ltr'>θυσιασμὸν</span> <span class='ocrx_word' id='word_1_67' title='bbox 1405 975 1559 1046; x_wconf 71' lang='grc' dir='ltr'>λέγει.</span> <span class='ocrx_word' id='word_1_68' title='bbox 1621 974 1801 1045; x_wconf 64' lang='grc' dir='ltr'>’Ἄγιον</span> 
     </span>
    </p>
   </div>
   <div class='ocr_carea' id='block_1_12' title="bbox 203 1063 1801 1140">
    <p class='ocr_par' dir='ltr' id='par_1_12' title="bbox 203 1063 1801 1140">
     <span class='ocr_line' id='line_1_12' title="bbox 203 1063 1801 1140; baseline -0.002 -23"><span class='ocrx_word' id='word_1_69' title='bbox 203 1068 305 1140; x_wconf 78' lang='grc' dir='ltr'>γὰρ</span> <span class='ocrx_word' id='word_1_70' title='bbox 344 1065 536 1137; x_wconf 69' lang='grc' dir='ltr'>λὲσγεται</span> <span class='ocrx_word' id='word_1_71' title='bbox 578 1068 667 1117; x_wconf 83' lang='grc' dir='ltr'>καὶ</span> <span class='ocrx_word' id='word_1_72' title='bbox 699 1066 727 1122; x_wconf 83' lang='grc' dir='ltr'>ἡ</span> <span class='ocrx_word' id='word_1_73' title='bbox 778 1066 954 1135; x_wconf 80' lang='grc' dir='ltr'>θυσία,</span> <span class='ocrx_word' id='word_1_74' title='bbox 986 1069 1073 1117; x_wconf 86' lang='grc' dir='ltr'>καὶ</span> <span class='ocrx_word' id='word_1_75' title='bbox 1125 1066 1238 1135; x_wconf 88' lang='lat'>(99)</span> <span class='ocrx_word' id='word_1_76' title='bbox 1284 1063 1441 1116; x_wconf 75' lang='grc' dir='ltr'>πολλὰ</span> <span class='ocrx_word' id='word_1_77' title='bbox 1474 1068 1715 1136; x_wconf 78' lang='grc' dir='ltr'>σημαίνει</span> <span class='ocrx_word' id='word_1_78' title='bbox 1744 1066 1801 1114; x_wconf 86' lang='grc' dir='ltr'>τὸ</span> 
     </span>
    </p>
   </div>
   <div class='ocr_carea' id='block_1_13' title="bbox 204 1156 373 1226">
    <p class='ocr_par' dir='ltr' id='par_1_13' title="bbox 204 1156 373 1226">
     <span class='ocr_line' id='line_1_13' title="bbox 204 1156 373 1226; baseline 0.006 -19"><span class='ocrx_word' id='word_1_79' title='bbox 204 1156 275 1226; x_wconf 69' lang='grc' dir='ltr'>ἀγ</span> <span class='ocrx_word' id='word_1_80' title='bbox 283 1174 373 1208; x_wconf 89' lang='grc' dir='ltr'>ιον.</span> 
     </span>
    </p>
   </div>
   <div class='ocr_carea' id='block_1_14' title="bbox 190 1330 1804 1405">
    <p class='ocr_par' dir='ltr' id='par_1_14' title="bbox 190 1330 1804 1405">
     <span class='ocr_line' id='line_1_14' title="bbox 190 1330 1804 1405; baseline -0.002 -18"><span class='ocrx_word' id='word_1_81' title='bbox 190 1334 191 1337; x_wconf 41' lang='grc'><em>“</em></span> <span class='ocrx_word' id='word_1_82' title='bbox 281 1333 486 1387; x_wconf 81' lang='grc' dir='ltr'>Ἵνα-</span> <span class='ocrx_word' id='word_1_83' title='bbox 530 1332 764 1405; x_wconf 80' lang='grc' dir='ltr'>ἀληθείᾳ.</span> <span class='ocrx_word' id='word_1_84' title='bbox 818 1330 928 1385; x_wconf 83' lang='grc' dir='ltr'>’Ἱνα</span> <span class='ocrx_word' id='word_1_85' title='bbox 955 1337 1045 1385; x_wconf 86' lang='grc' dir='ltr'>καὶ</span> <span class='ocrx_word' id='word_1_86' title='bbox 1098 1332 1246 1384; x_wconf 69' lang='grc' dir='ltr'>αὐτοὶ</span> <span class='ocrx_word' id='word_1_87' title='bbox 1303 1330 1403 1384; x_wconf 81' lang='grc' dir='ltr'>ὦσι</span> <span class='ocrx_word' id='word_1_88' title='bbox 1461 1331 1804 1404; x_wconf 83' lang='grc' dir='ltr'>τεθυμένοιέν</span> 
     </span>
    </p>
   </div>
   <div class='ocr_carea' id='block_1_15' title="bbox 206 1418 1805 1496">
    <p class='ocr_par' dir='ltr' id='par_1_15' title="bbox 206 1418 1805 1496">
     <span class='ocr_line' id='line_1_15' title="bbox 206 1418 1805 1496; baseline -0.002 -21"><span class='ocrx_word' id='word_1_89' title='bbox 206 1423 426 1495; x_wconf 72' lang='grc' dir='ltr'>ἀληθινῇ</span> <span class='ocrx_word' id='word_1_90' title='bbox 461 1424 637 1494; x_wconf 81' lang='grc' dir='ltr'>θυσίᾳ.</span> <span class='ocrx_word' id='word_1_91' title='bbox 677 1422 735 1473; x_wconf 82' lang='grc' dir='ltr'><em>Ἠ</em></span> <span class='ocrx_word' id='word_1_92' title='bbox 780 1424 880 1496; x_wconf 76' lang='grc' dir='ltr'>γὰρ</span> <span class='ocrx_word' id='word_1_93' title='bbox 943 1426 1129 1494; x_wconf 79' lang='grc' dir='ltr'>νομικὴ</span> <span class='ocrx_word' id='word_1_94' title='bbox 1184 1424 1342 1474; x_wconf 83' lang='grc' dir='ltr'>θυσία</span> <span class='ocrx_word' id='word_1_95' title='bbox 1396 1423 1551 1481; x_wconf 81' lang='grc' dir='ltr'>τύπος</span> <span class='ocrx_word' id='word_1_96' title='bbox 1600 1418 1679 1489; x_wconf 75' lang='grc' dir='ltr'>ἦν,</span> <span class='ocrx_word' id='word_1_97' title='bbox 1713 1424 1805 1473; x_wconf 87' lang='grc' dir='ltr'>ούκ</span> 
     </span>
    </p>
   </div>
   <div class='ocr_carea' id='block_1_16' title="bbox 208 1508 1805 1583">
    <p class='ocr_par' dir='ltr' id='par_1_16' title="bbox 208 1508 1805 1583">
     <span class='ocr_line' id='line_1_16' title="bbox 208 1508 1805 1583; baseline -0.002 -18"><span class='ocrx_word' id='word_1_98' title='bbox 208 1512 444 1571; x_wconf 73' lang='grc' dir='ltr'>ἀλήθεια.</span> <span class='ocrx_word' id='word_1_99' title='bbox 472 1510 581 1564; x_wconf 81' lang='grc' dir='ltr'>Ἵνα</span> <span class='ocrx_word' id='word_1_100' title='bbox 608 1508 665 1563; x_wconf 72' lang='grc' dir='ltr'>δὲ</span> <span class='ocrx_word' id='word_1_101' title='bbox 709 1508 809 1563; x_wconf 81' lang='grc' dir='ltr'>ὦσι</span> <span class='ocrx_word' id='word_1_102' title='bbox 836 1513 1120 1583; x_wconf 77' lang='grc' dir='ltr'>τεθυμένοι,</span> <span class='ocrx_word' id='word_1_103' title='bbox 1179 1513 1243 1571; x_wconf 83' lang='grc' dir='ltr'>ὡς</span> <span class='ocrx_word' id='word_1_104' title='bbox 1270 1518 1363 1571; x_wconf 82' lang='grc' dir='ltr'>τῆς</span> <span class='ocrx_word' id='word_1_105' title='bbox 1389 1510 1607 1581; x_wconf 76' lang='grc' dir='ltr'>κεφαλῆς</span> <span class='ocrx_word' id='word_1_106' title='bbox 1638 1514 1805 1562; x_wconf 71' lang='grc' dir='ltr'>αὐτῶν</span> 
     </span>
    </p>
   </div>
   <div class='ocr_carea' id='block_1_17' title="bbox 204 1604 469 1661">
    <p class='ocr_par' dir='ltr' id='par_1_17' title="bbox 204 1604 469 1661">
     <span class='ocr_line' id='line_1_17' title="bbox 204 1604 469 1661; baseline -0.008 -5"><span class='ocrx_word' id='word_1_107' title='bbox 204 1604 469 1661; x_wconf 84' lang='grc' dir='ltr'>τυθείσης.</span> 
     </span>
    </p>
   </div>
   <div class='ocr_carea' id='block_1_18' title="bbox 279 1688 1804 1763">
    <p class='ocr_par' dir='ltr' id='par_1_18' title="bbox 279 1688 1804 1763">
     <span class='ocr_line' id='line_1_18' title="bbox 279 1688 1804 1763; baseline 0 -22"><span class='ocrx_word' id='word_1_108' title='bbox 279 1696 346 1741; x_wconf 75' lang='grc' dir='ltr'>’Ἠ</span> <span class='ocrx_word' id='word_1_109' title='bbox 406 1693 470 1749; x_wconf 86' lang='grc' dir='ltr'>ὡς</span> <span class='ocrx_word' id='word_1_110' title='bbox 560 1694 649 1741; x_wconf 83' lang='grc' dir='ltr'>καὶ</span> <span class='ocrx_word' id='word_1_111' title='bbox 706 1689 852 1741; x_wconf 71' lang='grc' dir='ltr'>αὐτοὶ</span> <span class='ocrx_word' id='word_1_112' title='bbox 928 1690 1182 1761; x_wconf 84' lang='grc' dir='ltr'>θυόμενοι.</span> <span class='ocrx_word' id='word_1_113' title='bbox 1257 1688 1630 1761; x_wconf 74' lang='grc' dir='ltr'>Ἐλογίσθημέν</span> <span class='ocrx_word' id='word_1_114' title='bbox 1703 1692 1804 1763; x_wconf 78' lang='grc' dir='ltr'>γὰρ</span> 
     </span>
    </p>
   </div>
   <div class='ocr_carea' id='block_1_19' title="bbox 209 1778 1172 1851">
    <p class='ocr_par' dir='ltr' id='par_1_19' title="bbox 209 1778 1172 1851">
     <span class='ocr_line' id='line_1_19' title="bbox 209 1778 1172 1851; baseline 0.001 -22"><span class='ocrx_word' id='word_1_115' title='bbox 209 1783 390 1851; x_wconf 78' lang='grc' dir='ltr'>φησὶν,</span> <span class='ocrx_word' id='word_1_116' title='bbox 460 1780 529 1840; x_wconf 84' lang='grc' dir='ltr'>ὡς</span> <span class='ocrx_word' id='word_1_117' title='bbox 590 1778 828 1851; x_wconf 78' lang='grc' dir='ltr'>πρόϐατα</span> <span class='ocrx_word' id='word_1_118' title='bbox 891 1787 1092 1849; x_wconf 77' lang='grc' dir='ltr'>σφα-γῆς</span> <span class='ocrx_word' id='word_1_119' title='bbox 1160 1795 1172 1809; x_wconf 90' lang='grc'><strong>·</strong></span> 
     </span>
    </p>
   </div>
   <div class='ocr_carea' id='block_1_20' title="bbox 209 1867 1805 1940">
    <p class='ocr_par' dir='ltr' id='par_1_20' title="bbox 209 1867 1805 1940">
     <span class='ocr_line' id='line_1_20' title="bbox 209 1867 1805 1940; baseline -0.001 -20"><span class='ocrx_word' id='word_1_120' title='bbox 209 1870 276 1920; x_wconf 79' lang='grc' dir='ltr'>τὰ</span> <span class='ocrx_word' id='word_1_121' title='bbox 348 1867 474 1940; x_wconf 82' lang='grc' dir='ltr'>μέλη</span> <span class='ocrx_word' id='word_1_122' title='bbox 552 1868 629 1939; x_wconf 83' lang='grc' dir='ltr'>(Ι)</span> <span class='ocrx_word' id='word_1_123' title='bbox 706 1869 867 1939; x_wconf 79' lang='grc' dir='ltr'>ὑμῶν,</span> <span class='ocrx_word' id='word_1_124' title='bbox 948 1870 1134 1919; x_wconf 78' lang='grc' dir='ltr'>θυσίαν</span> <span class='ocrx_word' id='word_1_125' title='bbox 1210 1868 1405 1927; x_wconf 75' lang='grc' dir='ltr'>ζῶσαν.</span> <span class='ocrx_word' id='word_1_126' title='bbox 1484 1867 1635 1920; x_wconf 77' lang='grc' dir='ltr'>’Ἐστι</span> <span class='ocrx_word' id='word_1_127' title='bbox 1708 1872 1805 1940; x_wconf 70' lang='grc' dir='ltr'>γὰρ</span> 
     </span>
    </p>
   </div>
   <div class='ocr_carea' id='block_1_21' title="bbox 213 1953 1805 2031">
    <p class='ocr_par' dir='ltr' id='par_1_21' title="bbox 213 1953 1805 2031">
     <span class='ocr_line' id='line_1_21' title="bbox 213 1953 1805 2031; baseline -0.001 -22"><span class='ocrx_word' id='word_1_128' title='bbox 213 1958 432 2009; x_wconf 81' lang='grc' dir='ltr'>θύεσθαι</span> <span class='ocrx_word' id='word_1_129' title='bbox 515 1962 605 2008; x_wconf 84' lang='grc' dir='ltr'>καὶ</span> <span class='ocrx_word' id='word_1_130' title='bbox 670 1953 807 2028; x_wconf 78' lang='grc' dir='ltr'>δίχα</span> <span class='ocrx_word' id='word_1_131' title='bbox 887 1964 1114 2028; x_wconf 71' lang='grc' dir='ltr'>σφαγῆς.</span> <span class='ocrx_word' id='word_1_132' title='bbox 1182 1955 1292 2009; x_wconf 82' lang='grc' dir='ltr'>Ἵνα</span> <span class='ocrx_word' id='word_1_133' title='bbox 1348 1953 1426 2031; x_wconf 6' lang='grc' dir='ltr'>,δὲ</span> <span class='ocrx_word' id='word_1_134' title='bbox 1487 1962 1557 2029; x_wconf 80' lang='grc' dir='ltr'>μὴ</span> <span class='ocrx_word' id='word_1_135' title='bbox 1616 1961 1805 2029; x_wconf 71' lang='grc' dir='ltr'>νομίσῃ</span> 
     </span>
    </p>
   </div>
   <div class='ocr_carea' id='block_1_22' title="bbox 211 2044 1805 2120">
    <p class='ocr_par' dir='ltr' id='par_1_22' title="bbox 211 2044 1805 2120">
     <span class='ocr_line' id='line_1_22' title="bbox 211 2044 1805 2120; baseline -0.001 -23"><span class='ocrx_word' id='word_1_136' title='bbox 211 2065 294 2107; x_wconf 90' lang='grc' dir='ltr'>τις</span> <span class='ocrx_word' id='word_1_137' title='bbox 324 2047 450 2120; x_wconf 77' lang='grc' dir='ltr'>ὑπὲρ</span> <span class='ocrx_word' id='word_1_138' title='bbox 502 2054 598 2097; x_wconf 81' lang='grc' dir='ltr'>τῶν</span> <span class='ocrx_word' id='word_1_139' title='bbox 646 2044 942 2097; x_wconf 79' lang='grc' dir='ltr'>ἀποστόλων</span> <span class='ocrx_word' id='word_1_140' title='bbox 998 2050 1162 2117; x_wconf 89' lang='grc' dir='ltr'>μόνων</span> <span class='ocrx_word' id='word_1_141' title='bbox 1220 2053 1386 2097; x_wconf 78' lang='grc' dir='ltr'>ταῦτα</span> <span class='ocrx_word' id='word_1_142' title='bbox 1440 2045 1598 2117; x_wconf 76' lang='grc' dir='ltr'>λέγειν</span> <span class='ocrx_word' id='word_1_143' title='bbox 1635 2050 1805 2111; x_wconf 71' lang='grc' dir='ltr'>αὐτόν,</span> 
     </span>
    </p>
   </div>
   <div class='ocr_carea' id='block_1_23' title="bbox 215 2139 398 2207">
    <p class='ocr_par' dir='ltr' id='par_1_23' title="bbox 215 2139 398 2207">
     <span class='ocr_line' id='line_1_23' title="bbox 215 2139 398 2207; baseline 0.011 -21"><span class='ocrx_word' id='word_1_144' title='bbox 215 2139 398 2207; x_wconf 73' lang='grc' dir='ltr'>φησίν.</span> 
     </span>
    </p>
   </div>
   <div class='ocr_carea' id='block_1_24' title="bbox 288 2219 1807 2297">
    <p class='ocr_par' dir='ltr' id='par_1_24' title="bbox 288 2219 1807 2297">
     <span class='ocr_line' id='line_1_24' title="bbox 288 2219 1807 2297; baseline 0 -23"><span class='ocrx_word' id='word_1_145' title='bbox 288 2222 361 2274; x_wconf 66' lang='lat' dir='ltr'>Ou’</span> <span class='ocrx_word' id='word_1_146' title='bbox 390 2254 456 2262; x_wconf 93' lang='lat'><strong>—</strong></span> <span class='ocrx_word' id='word_1_147' title='bbox 485 2219 631 2279; x_wconf 83' lang='grc' dir='ltr'>ὦσιν,</span> <span class='ocrx_word' id='word_1_148' title='bbox 673 2222 815 2296; x_wconf 68' lang='grc' dir='ltr'>Ἀμα</span> <span class='ocrx_word' id='word_1_149' title='bbox 840 2228 929 2275; x_wconf 89' lang='grc' dir='ltr'>καὶ</span> <span class='ocrx_word' id='word_1_150' title='bbox 981 2225 1388 2297; x_wconf 77' lang='grc' dir='ltr'>παρεμυθήσατο</span> <span class='ocrx_word' id='word_1_151' title='bbox 1420 2223 1607 2286; x_wconf 76' lang='grc' dir='ltr'>αὐτούς</span> <span class='ocrx_word' id='word_1_152' title='bbox 1634 2223 1807 2288; x_wconf 81' lang='grc' dir='ltr'>πάλιν,</span> 
     </span>
    </p>
   </div>
   <div class='ocr_carea' id='block_1_25' title="bbox 214 2307 1813 2385">
    <p class='ocr_par' dir='ltr' id='par_1_25' title="bbox 214 2307 1813 2385">
     <span class='ocr_line' id='line_1_25' title="bbox 214 2307 1813 2385; baseline 0.002 -23"><span class='ocrx_word' id='word_1_153' title='bbox 214 2307 393 2373; x_wconf 84' lang='grc' dir='ltr'>δείξας</span> <span class='ocrx_word' id='word_1_154' title='bbox 421 2313 500 2364; x_wconf 61' lang='grc' dir='ltr'>ὅτι</span> <span class='ocrx_word' id='word_1_155' title='bbox 528 2308 621 2364; x_wconf 73' lang='grc' dir='ltr'>διὰ</span> <span class='ocrx_word' id='word_1_156' title='bbox 646 2320 737 2364; x_wconf 81' lang='grc' dir='ltr'>τοῦ</span> <span class='ocrx_word' id='word_1_157' title='bbox 767 2314 1099 2385; x_wconf 72' lang='grc' dir='ltr'>κηρύγματος</span> <span class='ocrx_word' id='word_1_158' title='bbox 1125 2312 1291 2364; x_wconf 71' lang='grc' dir='ltr'>αὐτῶν</span> <span class='ocrx_word' id='word_1_159' title='bbox 1321 2318 1409 2365; x_wconf 86' lang='grc' dir='ltr'>καὶ</span> <span class='ocrx_word' id='word_1_160' title='bbox 1438 2312 1583 2365; x_wconf 80' lang='grc' dir='ltr'>α”λλοι</span> <span class='ocrx_word' id='word_1_161' title='bbox 1610 2315 1813 2366; x_wconf 84' lang='grc' dir='ltr'>ἔσονται</span> 
     </span>
    </p>
   </div>
   <div class='ocr_carea' id='block_1_26' title="bbox 209 2402 466 2472">
    <p class='ocr_par' dir='ltr' id='par_1_26' title="bbox 209 2402 466 2472">
     <span class='ocr_line' id='line_1_26' title="bbox 209 2402 466 2472; baseline 0.012 -22"><span class='ocrx_word' id='word_1_162' title='bbox 209 2402 466 2472; x_wconf 86' lang='grc' dir='ltr'>μαθηταί.</span> 
     </span>
    </p>
   </div>
   <div class='ocr_carea' id='block_1_27' title="bbox 706 1868 1405 1939">
    <p class='ocr_par' dir='ltr' id='par_1_27' title="bbox 706 1868 1405 1939">
     <span class='ocr_line' id='line_1_27' title="bbox 706 1868 1405 1939; baseline 0.007 -22"><span class='ocrx_word' id='word_1_163' title='bbox 706 1869 867 1939; x_wconf 79' lang='grc' dir='ltr'>ὑμῶν,</span> <span class='ocrx_word' id='word_1_164' title='bbox 948 1870 1134 1919; x_wconf 78' lang='grc' dir='ltr'>θυσίαν</span> <span class='ocrx_word' id='word_1_165' title='bbox 1210 1868 1405 1927; x_wconf 75' lang='grc' dir='ltr'>ζῶσαν.</span> 
     </span>
    </p>
   </div>
   <div class='ocr_carea' id='block_1_28' title="bbox 287 2578 1808 2653">
    <p class='ocr_par' dir='ltr' id='par_1_28' title="bbox 287 2578 1808 2653">
     <span class='ocr_line' id='line_1_28' title="bbox 287 2578 1808 2653; baseline 0.001 -21"><span class='ocrx_word' id='word_1_166' title='bbox 287 2582 467 2641; x_wconf 84' lang='grc' dir='ltr'>Καθὼς</span> <span class='ocrx_word' id='word_1_167' title='bbox 530 2612 598 2620; x_wconf 92' lang='lat'><strong>—</strong></span> <span class='ocrx_word' id='word_1_168' title='bbox 670 2578 789 2633; x_wconf 80' lang='grc' dir='ltr'>ὦσι.</span> <span class='ocrx_word' id='word_1_169' title='bbox 846 2582 1022 2641; x_wconf 83' lang='grc' dir='ltr'>Καθὼς</span> <span class='ocrx_word' id='word_1_170' title='bbox 1080 2584 1144 2632; x_wconf 85' lang='grc' dir='ltr'>σύ</span> <span class='ocrx_word' id='word_1_171' title='bbox 1201 2579 1249 2631; x_wconf 84' lang='grc' dir='ltr'>ἐν</span> <span class='ocrx_word' id='word_1_172' title='bbox 1334 2588 1394 2652; x_wconf 72' lang='grc' dir='ltr'>τῇ</span> <span class='ocrx_word' id='word_1_173' title='bbox 1453 2580 1545 2653; x_wconf 77' lang='grc' dir='ltr'>ἐμῇ</span> <span class='ocrx_word' id='word_1_174' title='bbox 1613 2580 1808 2653; x_wconf 75' lang='grc' dir='ltr'>ἀγάπη,</span> 
     </span>
    </p>
   </div>
   <div class='ocr_carea' id='block_1_29' title="bbox 212 2667 1809 2742">
    <p class='ocr_par' dir='ltr' id='par_1_29' title="bbox 212 2667 1809 2742">
     <span class='ocr_line' id='line_1_29' title="bbox 212 2667 1809 2742; baseline 0 -21"><span class='ocrx_word' id='word_1_175' title='bbox 212 2667 359 2739; x_wconf 70' lang='grc' dir='ltr'>κάγὼ</span> <span class='ocrx_word' id='word_1_176' title='bbox 392 2668 439 2720; x_wconf 83' lang='grc' dir='ltr'>ἐν</span> <span class='ocrx_word' id='word_1_177' title='bbox 489 2678 552 2741; x_wconf 72' lang='grc' dir='ltr'>τῇ</span> <span class='ocrx_word' id='word_1_178' title='bbox 589 2677 679 2741; x_wconf 74' lang='grc' dir='ltr'>σῇ,</span> <span class='ocrx_word' id='word_1_179' title='bbox 714 2672 795 2721; x_wconf 89' lang='grc' dir='ltr'>ἱνα</span> <span class='ocrx_word' id='word_1_180' title='bbox 842 2676 931 2721; x_wconf 82' lang='grc' dir='ltr'>καὶ</span> <span class='ocrx_word' id='word_1_181' title='bbox 960 2670 1108 2722; x_wconf 67' lang='grc' dir='ltr'>αὐτοὶ</span> <span class='ocrx_word' id='word_1_182' title='bbox 1136 2668 1182 2719; x_wconf 80' lang='grc' dir='ltr'>ἐν</span> <span class='ocrx_word' id='word_1_183' title='bbox 1231 2671 1373 2740; x_wconf 75' lang='grc' dir='ltr'>ἡμῖν,</span> <span class='ocrx_word' id='word_1_184' title='bbox 1435 2673 1595 2740; x_wconf 76' lang='grc' dir='ltr'>ἤγουν</span> <span class='ocrx_word' id='word_1_185' title='bbox 1660 2669 1706 2721; x_wconf 81' lang='grc' dir='ltr'>ἐν</span> <span class='ocrx_word' id='word_1_186' title='bbox 1748 2678 1809 2742; x_wconf 77' lang='grc' dir='ltr'>τῇ</span> 
     </span>
    </p>
   </div>
   <div class='ocr_carea' id='block_1_30' title="bbox 217 2756 1815 2832">
    <p class='ocr_par' dir='ltr' id='par_1_30' title="bbox 217 2756 1815 2832">
     <span class='ocr_line' id='line_1_30' title="bbox 217 2756 1815 2832; baseline -0.001 -22"><span class='ocrx_word' id='word_1_187' title='bbox 217 2758 290 2817; x_wconf 79' lang='grc' dir='ltr'>εἰς</span> <span class='ocrx_word' id='word_1_188' title='bbox 349 2760 488 2830; x_wconf 74' lang='grc' dir='ltr'>ἡμᾶς</span> <span class='ocrx_word' id='word_1_189' title='bbox 550 2763 749 2824; x_wconf 87' lang='grc' dir='ltr'>πίστει,</span> <span class='ocrx_word' id='word_1_190' title='bbox 814 2759 862 2811; x_wconf 84' lang='grc' dir='ltr'>ἕν</span> <span class='ocrx_word' id='word_1_191' title='bbox 898 2756 1043 2813; x_wconf 83' lang='grc' dir='ltr'>ὦσιν.</span> <span class='ocrx_word' id='word_1_192' title='bbox 1094 2757 1275 2819; x_wconf 84' lang='grc' dir='ltr'>’Ὁντες</span> <span class='ocrx_word' id='word_1_193' title='bbox 1342 2761 1442 2832; x_wconf 70' lang='grc' dir='ltr'>γὰρ</span> <span class='ocrx_word' id='word_1_194' title='bbox 1519 2757 1565 2809; x_wconf 84' lang='grc' dir='ltr'>ἐν</span> <span class='ocrx_word' id='word_1_195' title='bbox 1622 2767 1683 2831; x_wconf 76' lang='grc' dir='ltr'>τῇ</span> <span class='ocrx_word' id='word_1_196' title='bbox 1744 2759 1815 2820; x_wconf 82' lang='grc' dir='ltr'>εἰς</span> 
     </span>
    </p>
   </div>
   <div class='ocr_carea' id='block_1_31' title="bbox 216 2840 1816 2919">
    <p class='ocr_par' dir='ltr' id='par_1_31' title="bbox 216 2840 1816 2919">
     <span class='ocr_line' id='line_1_31' title="bbox 216 2840 1816 2919; baseline 0.003 -24"><span class='ocrx_word' id='word_1_197' title='bbox 216 2848 357 2916; x_wconf 78' lang='grc' dir='ltr'>ἡμᾶς</span> <span class='ocrx_word' id='word_1_198' title='bbox 440 2847 615 2898; x_wconf 83' lang='grc' dir='ltr'>πίστέι</span> <span class='ocrx_word' id='word_1_199' title='bbox 679 2847 748 2914; x_wconf 80' lang='grc' dir='ltr'>ἓν,</span> <span class='ocrx_word' id='word_1_200' title='bbox 827 2849 1029 2899; x_wconf 82' lang='grc' dir='ltr'>ἔσονται</span> <span class='ocrx_word' id='word_1_201' title='bbox 1080 2851 1169 2898; x_wconf 87' lang='grc' dir='ltr'>καὶ</span> <span class='ocrx_word' id='word_1_202' title='bbox 1204 2840 1266 2899; x_wconf 62' lang='grc' dir='ltr'>’ἐν</span> <span class='ocrx_word' id='word_1_203' title='bbox 1317 2855 1378 2919; x_wconf 72' lang='grc' dir='ltr'>τῇ</span> <span class='ocrx_word' id='word_1_204' title='bbox 1436 2847 1505 2909; x_wconf 84' lang='grc' dir='ltr'>εἰς</span> <span class='ocrx_word' id='word_1_205' title='bbox 1568 2847 1816 2909; x_wconf 80' lang='grc' dir='ltr'>ἀλλήλους</span> 
     </span>
    </p>
   </div>
   <div class='ocr_carea' id='block_1_32' title="bbox 222 2934 1816 3010">
    <p class='ocr_par' dir='ltr' id='par_1_32' title="bbox 222 2934 1816 3010">
     <span class='ocr_line' id='line_1_32' title="bbox 222 2934 1816 3010; baseline 0.003 -25"><span class='ocrx_word' id='word_1_206' title='bbox 222 2934 423 3005; x_wconf 67' lang='grc' dir='ltr'>ἀγάπη,</span> <span class='ocrx_word' id='word_1_207' title='bbox 475 2936 550 2989; x_wconf 81' lang='grc' dir='ltr'>ἐν.</span> <span class='ocrx_word' id='word_1_208' title='bbox 589 2934 803 3007; x_wconf 84' lang='grc' dir='ltr'>[Εἵρηκε</span> <span class='ocrx_word' id='word_1_209' title='bbox 980 2938 1077 3010; x_wconf 73' lang='grc' dir='ltr'>γὰρ</span> <span class='ocrx_word' id='word_1_210' title='bbox 1136 2938 1212 2987; x_wconf 81' lang='grc' dir='ltr'>ὅτι</span> <span class='ocrx_word' id='word_1_211' title='bbox 1239 2935 1296 2987; x_wconf 73' lang='grc' dir='ltr'><strong>Ὀ</strong></span> <span class='ocrx_word' id='word_1_212' title='bbox 1326 2939 1460 3007; x_wconf 83' lang='grc' dir='ltr'>ἔχων</span> <span class='ocrx_word' id='word_1_213' title='bbox 1492 2939 1584 2997; x_wconf 80' lang='grc' dir='ltr'>τὰς</span> <span class='ocrx_word' id='word_1_214' title='bbox 1615 2936 1816 2998; x_wconf 71' lang='grc' dir='ltr'>ἐντολάς</span> 
     </span>
    </p>
   </div>
   <div class='ocr_carea' id='block_1_33' title="bbox 221 3027 1327 3096">
    <p class='ocr_par' dir='ltr' id='par_1_33' title="bbox 221 3027 1327 3096">
     <span class='ocr_line' id='line_1_33' title="bbox 221 3027 1327 3096; baseline 0.002 -22"><span class='ocrx_word' id='word_1_215' title='bbox 221 3042 321 3096; x_wconf 84' lang='grc' dir='ltr'>μου</span> <span class='ocrx_word' id='word_1_216' title='bbox 423 3027 513 3074; x_wconf 85' lang='grc' dir='ltr'>καὶ</span> <span class='ocrx_word' id='word_1_217' title='bbox 606 3033 775 3095; x_wconf 83' lang='grc' dir='ltr'>τηρῶν</span> <span class='ocrx_word' id='word_1_218' title='bbox 872 3027 1048 3088; x_wconf 71' lang='grc' dir='ltr'>αὐτὰς,</span> <span class='ocrx_word' id='word_1_219' title='bbox 1140 3027 1327 3086; x_wconf 83' lang='grc' dir='ltr'>ἐκεῖνός</span> 
     </span>
    </p>
   </div>
   <div class='ocr_carea' id='block_1_34' title="bbox 872 3024 1817 3098">
    <p class='ocr_par' dir='ltr' id='par_1_34' title="bbox 872 3024 1817 3098">
     <span class='ocr_line' id='line_1_34' title="bbox 872 3024 1817 3098; baseline 0.004 -24"><span class='ocrx_word' id='word_1_220' title='bbox 872 3024 1048 3088; x_wconf 69' lang='grc' dir='ltr'>αὑτὰς,</span> <span class='ocrx_word' id='word_1_221' title='bbox 1140 3027 1327 3086; x_wconf 84' lang='grc' dir='ltr'>ἐκεῖνός</span> <span class='ocrx_word' id='word_1_222' title='bbox 1420 3024 1561 3077; x_wconf 87' lang='grc' dir='ltr'>ἐστιν</span> <span class='ocrx_word' id='word_1_223' title='bbox 1610 3028 1634 3077; x_wconf 91' lang='grc' dir='ltr'>ό</span> <span class='ocrx_word' id='word_1_224' title='bbox 1692 3026 1817 3098; x_wconf 66' lang='grc' dir='ltr'>ἀγα-</span> 
     </span>
    </p>
   </div>
   <div class='ocr_carea' id='block_1_35' title="bbox 1911 528 3562 608">
    <p class='ocr_par' dir='ltr' id='par_1_35' title="bbox 1911 528 3562 608">
     <span class='ocr_line' id='line_1_35' title="bbox 1911 528 3562 608; baseline 0.007 -26"><span class='ocrx_word' id='word_1_225' title='bbox 1911 544 2021 597; x_wconf 88' lang='lat' dir='ltr'>ego</span> <span class='ocrx_word' id='word_1_226' title='bbox 2048 545 2182 583; x_wconf 90' lang='lat' dir='ltr'>vero</span> <span class='ocrx_word' id='word_1_227' title='bbox 2210 528 2378 584; x_wconf 84' lang='lat' dir='ltr'>Pater</span> <span class='ocrx_word' id='word_1_228' title='bbox 2401 544 2631 594; x_wconf 87' lang='lat' dir='ltr'>eorum,</span> <span class='ocrx_word' id='word_1_229' title='bbox 2656 535 2939 602; x_wconf 87' lang='lat' dir='ltr'>tanquam</span> <span class='ocrx_word' id='word_1_230' title='bbox 2958 540 3187 590; x_wconf 78' lang='lat' dir='ltr'>creator</span> <span class='ocrx_word' id='word_1_231' title='bbox 3214 540 3268 591; x_wconf 89' lang='lat' dir='ltr'>et</span> <span class='ocrx_word' id='word_1_232' title='bbox 3289 538 3562 608; x_wconf 79' lang='lat' dir='ltr'>provisor</span> 
     </span>
    </p>
   </div>
   <div class='ocr_carea' id='block_1_36' title="bbox 1911 617 3559 699">
    <p class='ocr_par' dir='ltr' id='par_1_36' title="bbox 1911 617 3559 699">
     <span class='ocr_line' id='line_1_36' title="bbox 1911 617 3559 699; baseline 0.007 -28"><span class='ocrx_word' id='word_1_233' title='bbox 1911 633 1981 671; x_wconf 91' lang='lat' dir='ltr'>ac</span> <span class='ocrx_word' id='word_1_234' title='bbox 2020 617 2320 687; x_wconf 80' lang='lat' dir='ltr'>magister.</span> <span class='ocrx_word' id='word_1_235' title='bbox 2359 620 2526 683; x_wconf 88' lang='lat' dir='ltr'>Quod</span> <span class='ocrx_word' id='word_1_236' title='bbox 2568 626 2769 675; x_wconf 90' lang='lat' dir='ltr'>autem</span> <span class='ocrx_word' id='word_1_237' title='bbox 2824 621 3084 678; x_wconf 86' lang='lat' dir='ltr'>futurum</span> <span class='ocrx_word' id='word_1_238' title='bbox 3120 630 3229 693; x_wconf 91' lang='lat' dir='ltr'>est,</span> <span class='ocrx_word' id='word_1_239' title='bbox 3267 630 3559 699; x_wconf 86' lang='lat' dir='ltr'>tanquam</span> 
     </span>
    </p>
   </div>
   <div class='ocr_carea' id='block_1_37' title="bbox 1910 704 3561 784">
    <p class='ocr_par' dir='ltr' id='par_1_37' title="bbox 1910 704 3561 784">
     <span class='ocr_line' id='line_1_37' title="bbox 1910 704 3561 784; baseline 0.007 -26"><span class='ocrx_word' id='word_1_240' title='bbox 1910 704 2136 760; x_wconf 81' lang='lat' dir='ltr'>factum</span> <span class='ocrx_word' id='word_1_241' title='bbox 2175 705 2335 771; x_wconf 87' lang='lat' dir='ltr'>dicit,</span> <span class='ocrx_word' id='word_1_242' title='bbox 2366 723 2435 763; x_wconf 93' lang='lat' dir='ltr'>eo</span> <span class='ocrx_word' id='word_1_243' title='bbox 2479 708 2642 779; x_wconf 90' lang='lat' dir='ltr'>quod</span> <span class='ocrx_word' id='word_1_244' title='bbox 2684 710 2812 780; x_wconf 90' lang='lat' dir='ltr'>jam</span> <span class='ocrx_word' id='word_1_245' title='bbox 2844 710 3024 782; x_wconf 90' lang='lat' dir='ltr'>paulo</span> <span class='ocrx_word' id='word_1_246' title='bbox 3075 719 3211 784; x_wconf 88' lang='lat' dir='ltr'>post</span> <span class='ocrx_word' id='word_1_247' title='bbox 3260 720 3411 771; x_wconf 86' lang='lat' dir='ltr'>esset</span> <span class='ocrx_word' id='word_1_248' title='bbox 3459 732 3561 771; x_wconf 90' lang='lat' dir='ltr'>eos</span> 
     </span>
    </p>
   </div>
   <div class='ocr_carea' id='block_1_38' title="bbox 1912 810 2226 849">
    <p class='ocr_par' dir='ltr' id='par_1_38' title="bbox 1912 810 2226 849">
     <span class='ocr_line' id='line_1_38' title="bbox 1912 810 2226 849; baseline 0.01 -3"><span class='ocrx_word' id='word_1_249' title='bbox 1912 810 2226 849; x_wconf 72' lang='lat' dir='ltr'>mlSSUI‘US.</span> 
     </span>
    </p>
   </div>
   <div class='ocr_carea' id='block_1_39' title="bbox 1986 883 3562 960">
    <p class='ocr_par' dir='ltr' id='par_1_39' title="bbox 1986 883 3562 960">
     <span class='ocr_line' id='line_1_39' title="bbox 1986 883 3562 960; baseline 0.008 -23"><span class='ocrx_word' id='word_1_250' title='bbox 1986 883 2126 938; x_wconf 89' lang='lat' dir='ltr'>Vers</span> <span class='ocrx_word' id='word_1_251' title='bbox 2175 884 2260 939; x_wconf 79' lang='lat'>19.</span> <span class='ocrx_word' id='word_1_252' title='bbox 2289 886 2368 940; x_wconf 86' lang='lat' dir='ltr'>Et</span> <span class='ocrx_word' id='word_1_253' title='bbox 2395 915 2461 929; x_wconf 89' lang='lat'><strong><em>—</em></strong></span> <span class='ocrx_word' id='word_1_254' title='bbox 2486 886 2784 956; x_wconf 81' lang='lat' dir='ltr'>meipsum.</span> <span class='ocrx_word' id='word_1_255' title='bbox 2810 891 2929 960; x_wconf 88' lang='lat' dir='ltr'>Ego</span> <span class='ocrx_word' id='word_1_256' title='bbox 2958 890 3292 947; x_wconf 85' lang='lat' dir='ltr'>voluntarie</span> <span class='ocrx_word' id='word_1_257' title='bbox 3320 892 3562 950; x_wconf 89' lang='lat' dir='ltr'>immolo</span> 
     </span>
    </p>
   </div>
   <div class='ocr_carea' id='block_1_40' title="bbox 1916 972 3564 1042">
    <p class='ocr_par' dir='ltr' id='par_1_40' title="bbox 1916 972 3564 1042">
     <span class='ocr_line' id='line_1_40' title="bbox 1916 972 3564 1042; baseline 0.008 -17"><span class='ocrx_word' id='word_1_258' title='bbox 1916 972 2227 1042; x_wconf 91' lang='lat' dir='ltr'>meipsum.</span> <span class='ocrx_word' id='word_1_259' title='bbox 2254 976 2397 1030; x_wconf 89' lang='lat' dir='ltr'>Nam</span> <span class='ocrx_word' id='word_1_260' title='bbox 2439 976 2553 1031; x_wconf 91' lang='lat' dir='ltr'>hoc</span> <span class='ocrx_word' id='word_1_261' title='bbox 2583 977 2641 1031; x_wconf 91' lang='lat' dir='ltr'>in</span> <span class='ocrx_word' id='word_1_262' title='bbox 2673 977 2800 1033; x_wconf 93' lang='lat' dir='ltr'>loco</span> <span class='ocrx_word' id='word_1_263' title='bbox 2840 980 3140 1036; x_wconf 84' lang='lat' dir='ltr'>victimam</span> <span class='ocrx_word' id='word_1_264' title='bbox 3173 981 3316 1036; x_wconf 83' lang='lat' dir='ltr'>dicit</span> <span class='ocrx_word' id='word_1_265' title='bbox 3348 983 3564 1038; x_wconf 88' lang='lat' dir='ltr'>sancti-</span> 
     </span>
    </p>
   </div>
   <div class='ocr_carea' id='block_1_41' title="bbox 1912 1060 3560 1142">
    <p class='ocr_par' dir='ltr' id='par_1_41' title="bbox 1912 1060 3560 1142">
     <span class='ocr_line' id='line_1_41' title="bbox 1912 1060 3560 1142; baseline 0.007 -27"><span class='ocrx_word' id='word_1_266' title='bbox 1912 1060 2270 1118; x_wconf 88' lang='lat' dir='ltr'>ﬁcationem.</span> <span class='ocrx_word' id='word_1_267' title='bbox 2321 1063 2603 1121; x_wconf 87' lang='lat' dir='ltr'>Sanctum</span> <span class='ocrx_word' id='word_1_268' title='bbox 2635 1068 2794 1123; x_wconf 91' lang='lat' dir='ltr'>enim</span> <span class='ocrx_word' id='word_1_269' title='bbox 2827 1068 3037 1125; x_wconf 90' lang='lat' dir='ltr'>dicitur</span> <span class='ocrx_word' id='word_1_270' title='bbox 3066 1075 3122 1125; x_wconf 91' lang='lat' dir='ltr'>et</span> <span class='ocrx_word' id='word_1_271' title='bbox 3168 1071 3302 1142; x_wconf 91' lang='lat' dir='ltr'>ipsa</span> <span class='ocrx_word' id='word_1_272' title='bbox 3330 1072 3560 1127; x_wconf 86' lang='lat' dir='ltr'>hostia:</span> 
     </span>
    </p>
   </div>
   <div class='ocr_carea' id='block_1_42' title="bbox 1915 1149 3563 1231">
    <p class='ocr_par' dir='ltr' id='par_1_42' title="bbox 1915 1149 3563 1231">
     <span class='ocr_line' id='line_1_42' title="bbox 1915 1149 3563 1231; baseline 0.008 -28"><span class='ocrx_word' id='word_1_273' title='bbox 1915 1149 2102 1206; x_wconf 87' lang='lat' dir='ltr'>multa</span> <span class='ocrx_word' id='word_1_274' title='bbox 2143 1168 2385 1225; x_wconf 91' lang='lat' dir='ltr'>quoque</span> <span class='ocrx_word' id='word_1_275' title='bbox 2417 1153 2694 1212; x_wconf 90' lang='lat' dir='ltr'>dicuntur</span> <span class='ocrx_word' id='word_1_276' title='bbox 2729 1162 2956 1223; x_wconf 89' lang='lat' dir='ltr'>sancta,</span> <span class='ocrx_word' id='word_1_277' title='bbox 2993 1163 3283 1231; x_wconf 89' lang='lat' dir='ltr'>tanquam</span> <span class='ocrx_word' id='word_1_278' title='bbox 3326 1161 3563 1231; x_wconf 90' lang='lat' dir='ltr'>signum</span> 
     </span>
    </p>
   </div>
   <div class='ocr_carea' id='block_1_43' title="bbox 1917 1238 2261 1295">
    <p class='ocr_par' dir='ltr' id='par_1_43' title="bbox 1917 1238 2261 1295">
     <span class='ocr_line' id='line_1_43' title="bbox 1917 1238 2261 1295; baseline 0.003 -3"><span class='ocrx_word' id='word_1_279' title='bbox 1917 1238 2261 1295; x_wconf 82' lang='lat' dir='ltr'>sanctitatis.</span> 
     </span>
    </p>
   </div>
   <div class='ocr_carea' id='block_1_44' title="bbox 1985 1329 3565 1409">
    <p class='ocr_par' dir='ltr' id='par_1_44' title="bbox 1985 1329 3565 1409">
     <span class='ocr_line' id='line_1_44' title="bbox 1985 1329 3565 1409; baseline 0.009 -29"><span class='ocrx_word' id='word_1_280' title='bbox 1985 1329 2143 1383; x_wconf 88' lang='lat' dir='ltr'>Vers.</span> <span class='ocrx_word' id='word_1_281' title='bbox 2193 1331 2279 1385; x_wconf 80' lang='grc'>19.</span> <span class='ocrx_word' id='word_1_282' title='bbox 2334 1332 2405 1387; x_wconf 93' lang='lat' dir='ltr'>Ut</span> <span class='ocrx_word' id='word_1_283' title='bbox 2450 1365 2517 1372; x_wconf 92' lang='lat'><strong><em>—</em></strong></span> <span class='ocrx_word' id='word_1_284' title='bbox 2559 1334 2872 1390; x_wconf 78' lang='lat' dir='ltr'>veritatem.</span> <span class='ocrx_word' id='word_1_285' title='bbox 2916 1339 2985 1391; x_wconf 93' lang='lat' dir='ltr'>Ut</span> <span class='ocrx_word' id='word_1_286' title='bbox 3020 1340 3078 1392; x_wconf 91' lang='lat' dir='ltr'>et</span> <span class='ocrx_word' id='word_1_287' title='bbox 3117 1338 3233 1409; x_wconf 90' lang='lat' dir='ltr'>ipsi</span> <span class='ocrx_word' id='word_1_288' title='bbox 3275 1339 3565 1395; x_wconf 87' lang='lat' dir='ltr'>immolati</span> 
     </span>
    </p>
   </div>
   <div class='ocr_carea' id='block_1_45' title="bbox 1915 1417 3567 1497">
    <p class='ocr_par' dir='ltr' id='par_1_45' title="bbox 1915 1417 3567 1497">
     <span class='ocr_line' id='line_1_45' title="bbox 1915 1417 3567 1497; baseline 0.008 -27"><span class='ocrx_word' id='word_1_289' title='bbox 1915 1417 2031 1472; x_wconf 89' lang='lat' dir='ltr'>sint</span> <span class='ocrx_word' id='word_1_290' title='bbox 2058 1434 2161 1489; x_wconf 89' lang='lat' dir='ltr'>per</span> <span class='ocrx_word' id='word_1_291' title='bbox 2190 1435 2394 1475; x_wconf 83' lang='lat' dir='ltr'>veram</span> <span class='ocrx_word' id='word_1_292' title='bbox 2424 1421 2683 1477; x_wconf 82' lang='lat' dir='ltr'>hostiam</span> <span class='ocrx_word' id='word_1_293' title='bbox 2714 1442 2726 1478; x_wconf 91' lang='lat'><strong>:</strong></span> <span class='ocrx_word' id='word_1_294' title='bbox 2762 1424 2964 1493; x_wconf 86' lang='lat' dir='ltr'>legalis</span> <span class='ocrx_word' id='word_1_295' title='bbox 3008 1426 3299 1497; x_wconf 89' lang='lat' dir='ltr'>siquidem</span> <span class='ocrx_word' id='word_1_296' title='bbox 3325 1428 3567 1484; x_wconf 80' lang='lat' dir='ltr'>victima</span> 
     </span>
    </p>
   </div>
   <div class='ocr_carea' id='block_1_46' title="bbox 1914 1504 3563 1585">
    <p class='ocr_par' dir='ltr' id='par_1_46' title="bbox 1914 1504 3563 1585">
     <span class='ocr_line' id='line_1_46' title="bbox 1914 1504 3563 1585; baseline 0.008 -27"><span class='ocrx_word' id='word_1_297' title='bbox 1914 1504 2109 1574; x_wconf 87' lang='lat' dir='ltr'>ﬁgura</span> <span class='ocrx_word' id='word_1_298' title='bbox 2152 1512 2293 1573; x_wconf 90' lang='lat' dir='ltr'>erat,</span> <span class='ocrx_word' id='word_1_299' title='bbox 2341 1525 2462 1564; x_wconf 91' lang='lat' dir='ltr'>non</span> <span class='ocrx_word' id='word_1_300' title='bbox 2511 1512 2742 1576; x_wconf 88' lang='lat' dir='ltr'>veritas,</span> <span class='ocrx_word' id='word_1_301' title='bbox 2786 1517 2844 1567; x_wconf 88' lang='lat' dir='ltr'>ut</span> <span class='ocrx_word' id='word_1_302' title='bbox 2877 1518 2932 1568; x_wconf 86' lang='lat' dir='ltr'>et</span> <span class='ocrx_word' id='word_1_303' title='bbox 2979 1514 3085 1584; x_wconf 89' lang='lat' dir='ltr'>ipsi</span> <span class='ocrx_word' id='word_1_304' title='bbox 3115 1516 3405 1571; x_wconf 91' lang='lat' dir='ltr'>immolati</span> <span class='ocrx_word' id='word_1_305' title='bbox 3429 1517 3563 1585; x_wconf 87' lang='lat' dir='ltr'>sint,</span> 
     </span>
    </p>
   </div>
   <div class='ocr_carea' id='block_1_47' title="bbox 1917 1594 3066 1669">
    <p class='ocr_par' dir='ltr' id='par_1_47' title="bbox 1917 1594 3066 1669">
     <span class='ocr_line' id='line_1_47' title="bbox 1917 1594 3066 1669; baseline 0.009 -22"><span class='ocrx_word' id='word_1_306' title='bbox 1917 1594 2109 1664; x_wconf 83' lang='lat' dir='ltr'>capite</span> <span class='ocrx_word' id='word_1_307' title='bbox 2139 1596 2414 1652; x_wconf 73' lang='lat' dir='ltr'>videlicet</span> <span class='ocrx_word' id='word_1_308' title='bbox 2444 1599 2714 1669; x_wconf 90' lang='lat' dir='ltr'>ipsorum</span> <span class='ocrx_word' id='word_1_309' title='bbox 2739 1601 3066 1657; x_wconf 89' lang='lat' dir='ltr'>immolato.</span> 
     </span>
    </p>
   </div>
   <div class='ocr_carea' id='block_1_48' title="bbox 1992 1683 3565 1760">
    <p class='ocr_par' dir='ltr' id='par_1_48' title="bbox 1992 1683 3565 1760">
     <span class='ocr_line' id='line_1_48' title="bbox 1992 1683 3565 1760; baseline 0.008 -24"><span class='ocrx_word' id='word_1_310' title='bbox 1992 1683 2092 1737; x_wconf 91' lang='lat' dir='ltr'>Vel</span> <span class='ocrx_word' id='word_1_311' title='bbox 2122 1685 2322 1751; x_wconf 89' lang='lat' dir='ltr'>etiam,</span> <span class='ocrx_word' id='word_1_312' title='bbox 2350 1691 2639 1758; x_wconf 82' lang='lat' dir='ltr'>tanquam</span> <span class='ocrx_word' id='word_1_313' title='bbox 2670 1693 2724 1743; x_wconf 87' lang='lat' dir='ltr'>et</span> <span class='ocrx_word' id='word_1_314' title='bbox 2753 1689 2867 1760; x_wconf 88' lang='lat' dir='ltr'>ipsi</span> <span class='ocrx_word' id='word_1_315' title='bbox 2899 1690 3208 1746; x_wconf 89' lang='lat' dir='ltr'>immolati.</span> <span class='ocrx_word' id='word_1_316' title='bbox 3240 1692 3447 1748; x_wconf 82' lang='lat' dir='ltr'>Habiti</span> <span class='ocrx_word' id='word_1_317' title='bbox 3474 1710 3565 1748; x_wconf 85' lang='lat' dir='ltr'>su-</span> 
     </span>
    </p>
   </div>
   <div class='ocr_carea' id='block_1_49' title="bbox 1242 1771 1817 1853">
    <p class='ocr_par' dir='ltr' id='par_1_49' title="bbox 1242 1783 1808 1853">
     <span class='ocr_line' id='line_1_49' title="bbox 1242 1783 1808 1853; baseline 0 -24"><span class='ocrx_word' id='word_1_318' title='bbox 1242 1783 1330 1830; x_wconf 83' lang='grc' dir='ltr'>καὶ</span> <span class='ocrx_word' id='word_1_319' title='bbox 1377 1799 1389 1809; x_wconf 63' lang='grc'><strong><em>⁵</em></strong></span> <span class='ocrx_word' id='word_1_320' title='bbox 1428 1784 1674 1853; x_wconf 84' lang='grc' dir='ltr'>Ιιαραστή</span> <span class='ocrx_word' id='word_1_321' title='bbox 1686 1798 1808 1831; x_wconf 85' lang='grc' dir='ltr'>σατε</span> 
     </span>
    </p>
   </div>
   <div class='ocr_carea' id='block_1_50' title="bbox 1938 1771 3571 1853">
    <p class='ocr_par' dir='ltr' id='par_1_50' title="bbox 1938 1771 3571 1848">
     <span class='ocr_line' id='line_1_50' title="bbox 1938 1771 3571 1848; baseline 0.01 -26"><span class='ocrx_word' id='word_1_322' title='bbox 1938 1786 2061 1835; x_wconf 86' lang='lat' dir='ltr'>nus,</span> <span class='ocrx_word' id='word_1_323' title='bbox 2082 1771 2288 1842; x_wconf 87' lang='lat' dir='ltr'>inquit,</span> <span class='ocrx_word' id='word_1_324' title='bbox 2305 1774 2451 1829; x_wconf 80' lang='lat' dir='ltr'>sicut</span> <span class='ocrx_word' id='word_1_325' title='bbox 2468 1792 2597 1831; x_wconf 85' lang='lat' dir='ltr'>oves</span> <span class='ocrx_word' id='word_1_326' title='bbox 2612 1777 2755 1831; x_wconf 66' lang='grc' dir='ltr'>ςαξόὶ</span> <span class='ocrx_word' id='word_1_327' title='bbox 2770 1779 3067 1846; x_wconf 67' lang='lat' dir='ltr'>deputatte</span> <span class='ocrx_word' id='word_1_328' title='bbox 3083 1780 3157 1848; x_wconf 75' lang='grc'>⁸⁸;</span> <span class='ocrx_word' id='word_1_329' title='bbox 3180 1785 3263 1835; x_wconf 89' lang='lat' dir='ltr'>et:</span> <span class='ocrx_word' id='word_1_330' title='bbox 3284 1782 3571 1839; x_wconf 67' lang='lat' dir='ltr'>Earhibete</span> 
     </span>
    </p>
   </div>
   <div class='ocr_carea' id='block_1_51' title="bbox 1920 1863 3565 1941">
    <p class='ocr_par' dir='ltr' id='par_1_51' title="bbox 1920 1863 3565 1941">
     <span class='ocr_line' id='line_1_51' title="bbox 1920 1863 3565 1941; baseline 0.009 -30"><span class='ocrx_word' id='word_1_331' title='bbox 1920 1863 2173 1917; x_wconf 86' lang='lat' dir='ltr'>membra</span> <span class='ocrx_word' id='word_1_332' title='bbox 2224 1867 2414 1920; x_wconf 77' lang='lat' dir='ltr'>vestra</span> <span class='ocrx_word' id='word_1_333' title='bbox 2462 1864 2711 1922; x_wconf 85' lang='lat' dir='ltr'>hostiam</span> <span class='ocrx_word' id='word_1_334' title='bbox 2744 1868 3021 1923; x_wconf 79' lang='lat' dir='ltr'>viventem</span> <span class='ocrx_word' id='word_1_335' title='bbox 3053 1870 3119 1918; x_wconf 65' lang='grc' dir='ltr'>δε.</span> <span class='ocrx_word' id='word_1_336' title='bbox 3176 1876 3370 1941; x_wconf 85' lang='lat' dir='ltr'>potest</span> <span class='ocrx_word' id='word_1_337' title='bbox 3408 1872 3565 1926; x_wconf 91' lang='lat' dir='ltr'>enim</span> 
     </span>
    </p>
   </div>
   <div class='ocr_carea' id='block_1_52' title="bbox 1921 1950 3571 2030">
    <p class='ocr_par' dir='ltr' id='par_1_52' title="bbox 1921 1950 3571 2030">
     <span class='ocr_line' id='line_1_52' title="bbox 1921 1950 3571 2030; baseline 0.008 -28"><span class='ocrx_word' id='word_1_338' title='bbox 1921 1950 2098 2004; x_wconf 88' lang='lat' dir='ltr'>etiam</span> <span class='ocrx_word' id='word_1_339' title='bbox 2176 1953 2299 2006; x_wconf 90' lang='lat' dir='ltr'>sine</span> <span class='ocrx_word' id='word_1_340' title='bbox 2362 1955 2521 2009; x_wconf 80' lang='lat' dir='ltr'>caede</span> <span class='ocrx_word' id='word_1_341' title='bbox 2597 1955 2897 2011; x_wconf 90' lang='lat' dir='ltr'>immolari</span> <span class='ocrx_word' id='word_1_342' title='bbox 2985 1957 3207 2015; x_wconf 89' lang='lat' dir='ltr'>hostia.</span> <span class='ocrx_word' id='word_1_343' title='bbox 3286 1962 3363 2015; x_wconf 90' lang='lat' dir='ltr'>Ne</span> <span class='ocrx_word' id='word_1_344' title='bbox 3440 1960 3571 2030; x_wconf 87' lang='lat' dir='ltr'>quis</span> 
     </span>
    </p>
   </div>
   <div class='ocr_carea' id='block_1_53' title="bbox 1921 2043 3566 2119">
    <p class='ocr_par' dir='ltr' id='par_1_53' title="bbox 1921 2043 3566 2119">
     <span class='ocr_line' id='line_1_53' title="bbox 1921 2043 3566 2119; baseline 0.007 -27"><span class='ocrx_word' id='word_1_345' title='bbox 1921 2043 2122 2093; x_wconf 87' lang='lat' dir='ltr'>autem</span> <span class='ocrx_word' id='word_1_346' title='bbox 2154 2055 2291 2095; x_wconf 90' lang='lat' dir='ltr'>eum</span> <span class='ocrx_word' id='word_1_347' title='bbox 2321 2047 2553 2113; x_wconf 86' lang='lat' dir='ltr'>putaret</span> <span class='ocrx_word' id='word_1_348' title='bbox 2580 2043 2708 2099; x_wconf 62' lang='lat' dir='ltr'>haec</span> <span class='ocrx_word' id='word_1_349' title='bbox 2737 2060 2845 2116; x_wconf 91' lang='lat' dir='ltr'>pro</span> <span class='ocrx_word' id='word_1_350' title='bbox 2874 2045 3013 2101; x_wconf 91' lang='lat' dir='ltr'>solis</span> <span class='ocrx_word' id='word_1_351' title='bbox 3039 2048 3324 2119; x_wconf 84' lang='lat' dir='ltr'>apostolis</span> <span class='ocrx_word' id='word_1_352' title='bbox 3352 2048 3566 2115; x_wconf 87' lang='lat' dir='ltr'>dicere,</span> 
     </span>
    </p>
   </div>
   <div class='ocr_carea' id='block_1_54' title="bbox 1921 2127 2171 2185">
    <p class='ocr_par' dir='ltr' id='par_1_54' title="bbox 1921 2127 2171 2185">
     <span class='ocr_line' id='line_1_54' title="bbox 1921 2127 2171 2185; baseline 0.02 -5"><span class='ocrx_word' id='word_1_353' title='bbox 1921 2127 2124 2183; x_wconf 87' lang='lat' dir='ltr'>subdit</span> <span class='ocrx_word' id='word_1_354' title='bbox 2150 2147 2171 2185; x_wconf 88' lang='lat'><strong><em>:</em></strong></span> 
     </span>
    </p>
   </div>
   <div class='ocr_carea' id='block_1_55' title="bbox 1993 2216 3573 2300">
    <p class='ocr_par' dir='ltr' id='par_1_55' title="bbox 1993 2216 3573 2300">
     <span class='ocr_line' id='line_1_55' title="bbox 1993 2216 3573 2300; baseline 0.008 -30"><span class='ocrx_word' id='word_1_355' title='bbox 1993 2216 2155 2273; x_wconf 84' lang='lat' dir='ltr'>Vers.</span> <span class='ocrx_word' id='word_1_356' title='bbox 2202 2218 2296 2275; x_wconf 75' lang='lat'>20.</span> <span class='ocrx_word' id='word_1_357' title='bbox 2329 2221 2462 2277; x_wconf 87' lang='lat' dir='ltr'>Non</span> <span class='ocrx_word' id='word_1_358' title='bbox 2494 2252 2559 2262; x_wconf 92' lang='lat'>—</span> <span class='ocrx_word' id='word_1_359' title='bbox 2589 2221 2747 2278; x_wconf 89' lang='lat' dir='ltr'>Vers.</span> <span class='ocrx_word' id='word_1_360' title='bbox 2782 2225 2870 2279; x_wconf 76' lang='lat' dir='ltr'>2t.</span> <span class='ocrx_word' id='word_1_361' title='bbox 2918 2224 3054 2281; x_wconf 89' lang='lat' dir='ltr'>sint.</span> <span class='ocrx_word' id='word_1_362' title='bbox 3113 2226 3297 2282; x_wconf 89' lang='lat' dir='ltr'>Simul</span> <span class='ocrx_word' id='word_1_363' title='bbox 3337 2243 3573 2300; x_wconf 86' lang='lat' dir='ltr'>quoque</span> 
     </span>
    </p>
   </div>
   <div class='ocr_carea' id='block_1_56' title="bbox 1924 2307 3574 2387">
    <p class='ocr_par' dir='ltr' id='par_1_56' title="bbox 1924 2307 3574 2387">
     <span class='ocr_line' id='line_1_56' title="bbox 1924 2307 3574 2387; baseline 0.007 -28"><span class='ocrx_word' id='word_1_364' title='bbox 1924 2320 2026 2359; x_wconf 91' lang='lat' dir='ltr'>eos</span> <span class='ocrx_word' id='word_1_365' title='bbox 2102 2307 2313 2364; x_wconf 89' lang='lat' dir='ltr'>iterum</span> <span class='ocrx_word' id='word_1_366' title='bbox 2382 2311 2726 2367; x_wconf 88' lang='lat' dir='ltr'>consolatus</span> <span class='ocrx_word' id='word_1_367' title='bbox 2818 2320 2925 2378; x_wconf 91' lang='lat' dir='ltr'>est,</span> <span class='ocrx_word' id='word_1_368' title='bbox 2994 2315 3316 2369; x_wconf 88' lang='lat' dir='ltr'>ostendens</span> <span class='ocrx_word' id='word_1_369' title='bbox 3406 2317 3574 2387; x_wconf 91' lang='lat' dir='ltr'>quod</span> 
     </span>
    </p>
   </div>
   <div class='ocr_carea' id='block_1_57' title="bbox 1922 2398 3574 2474">
    <p class='ocr_par' dir='ltr' id='par_1_57' title="bbox 1922 2398 3574 2474">
     <span class='ocr_line' id='line_1_57' title="bbox 1922 2398 3574 2474; baseline 0.007 -27"><span class='ocrx_word' id='word_1_370' title='bbox 1922 2408 2029 2464; x_wconf 89' lang='lat' dir='ltr'>per</span> <span class='ocrx_word' id='word_1_371' title='bbox 2056 2409 2265 2451; x_wconf 92' lang='lat' dir='ltr'>eorum</span> <span class='ocrx_word' id='word_1_372' title='bbox 2294 2398 2777 2469; x_wconf 71' lang='lat' dir='ltr'>praedicationem</span> <span class='ocrx_word' id='word_1_373' title='bbox 2808 2400 2905 2456; x_wconf 90' lang='lat' dir='ltr'>alii</span> <span class='ocrx_word' id='word_1_374' title='bbox 2952 2418 3189 2474; x_wconf 91' lang='lat' dir='ltr'>quoque</span> <span class='ocrx_word' id='word_1_375' title='bbox 3229 2406 3372 2459; x_wconf 87' lang='lat' dir='ltr'>ﬁent</span> <span class='ocrx_word' id='word_1_376' title='bbox 3400 2403 3574 2459; x_wconf 89' lang='lat' dir='ltr'>disci-</span> 
     </span>
    </p>
   </div>
   <div class='ocr_carea' id='block_1_58' title="bbox 1923 2481 2067 2553">
    <p class='ocr_par' dir='ltr' id='par_1_58' title="bbox 1923 2481 2067 2553">
     <span class='ocr_line' id='line_1_58' title="bbox 1923 2481 2067 2553; baseline 0 -16"><span class='ocrx_word' id='word_1_377' title='bbox 1923 2481 2067 2553; x_wconf 89' lang='lat' dir='ltr'>puli.</span> 
     </span>
    </p>
   </div>
   <div class='ocr_carea' id='block_1_59' title="bbox 1994 2571 3574 2653">
    <p class='ocr_par' dir='ltr' id='par_1_59' title="bbox 1994 2571 3574 2653">
     <span class='ocr_line' id='line_1_59' title="bbox 1994 2571 3574 2653; baseline 0.008 -28"><span class='ocrx_word' id='word_1_378' title='bbox 1994 2571 2157 2628; x_wconf 90' lang='lat' dir='ltr'>Vers.</span> <span class='ocrx_word' id='word_1_379' title='bbox 2208 2578 2302 2631; x_wconf 88' lang='lat' dir='ltr'>2t.</span> <span class='ocrx_word' id='word_1_380' title='bbox 2361 2575 2521 2630; x_wconf 81' lang='lat' dir='ltr'>Sicut</span> <span class='ocrx_word' id='word_1_381' title='bbox 2566 2577 2800 2633; x_wconf 82' lang='lat' dir='ltr'>—sint.</span> <span class='ocrx_word' id='word_1_382' title='bbox 2852 2577 3008 2634; x_wconf 86' lang='lat' dir='ltr'>Sicut</span> <span class='ocrx_word' id='word_1_383' title='bbox 3050 2580 3197 2635; x_wconf 85' lang='lat' dir='ltr'>tuin</span> <span class='ocrx_word' id='word_1_384' title='bbox 3229 2581 3344 2636; x_wconf 91' lang='lat' dir='ltr'>mei</span> <span class='ocrx_word' id='word_1_385' title='bbox 3384 2586 3440 2637; x_wconf 90' lang='lat' dir='ltr'>et</span> <span class='ocrx_word' id='word_1_386' title='bbox 3465 2597 3574 2653; x_wconf 90' lang='lat' dir='ltr'>ego</span> 
     </span>
    </p>
   </div>
   <div class='ocr_carea' id='block_1_60' title="bbox 1923 2660 3575 2741">
    <p class='ocr_par' dir='ltr' id='par_1_60' title="bbox 1923 2660 3575 2741">
     <span class='ocr_line' id='line_1_60' title="bbox 1923 2660 3575 2741; baseline 0.006 -26"><span class='ocrx_word' id='word_1_387' title='bbox 1923 2662 1982 2715; x_wconf 88' lang='lat' dir='ltr'>in</span> <span class='ocrx_word' id='word_1_388' title='bbox 2010 2660 2095 2715; x_wconf 87' lang='lat' dir='ltr'>tui</span> <span class='ocrx_word' id='word_1_389' title='bbox 2123 2661 2456 2729; x_wconf 87' lang='lat' dir='ltr'>dilectione,</span> <span class='ocrx_word' id='word_1_390' title='bbox 2482 2674 2544 2720; x_wconf 88' lang='lat' dir='ltr'>ut</span> <span class='ocrx_word' id='word_1_391' title='bbox 2565 2670 2620 2721; x_wconf 92' lang='lat' dir='ltr'>et</span> <span class='ocrx_word' id='word_1_392' title='bbox 2638 2666 2751 2738; x_wconf 89' lang='lat' dir='ltr'>ipsi</span> <span class='ocrx_word' id='word_1_393' title='bbox 2772 2666 2832 2722; x_wconf 93' lang='lat' dir='ltr'>in</span> <span class='ocrx_word' id='word_1_394' title='bbox 2852 2668 3048 2733; x_wconf 91' lang='lat' dir='ltr'>nobis,</span> <span class='ocrx_word' id='word_1_395' title='bbox 3078 2670 3198 2724; x_wconf 89' lang='lat' dir='ltr'>sive</span> <span class='ocrx_word' id='word_1_396' title='bbox 3220 2669 3283 2725; x_wconf 91' lang='lat' dir='ltr'>in</span> <span class='ocrx_word' id='word_1_397' title='bbox 3304 2669 3421 2725; x_wconf 88' lang='lat' dir='ltr'>ﬁde</span> <span class='ocrx_word' id='word_1_398' title='bbox 3440 2686 3575 2741; x_wconf 68' lang='lat' dir='ltr'>quae</span> 
     </span>
    </p>
   </div>
   <div class='ocr_carea' id='block_1_61' title="bbox 1924 2751 3576 2829">
    <p class='ocr_par' dir='ltr' id='par_1_61' title="bbox 1924 2751 3576 2829">
     <span class='ocr_line' id='line_1_61' title="bbox 1924 2751 3576 2829; baseline 0.005 -24"><span class='ocrx_word' id='word_1_399' title='bbox 1924 2751 2085 2805; x_wconf 90' lang='lat' dir='ltr'>estin</span> <span class='ocrx_word' id='word_1_400' title='bbox 2108 2766 2239 2822; x_wconf 88' lang='lat' dir='ltr'>nos,</span> <span class='ocrx_word' id='word_1_401' title='bbox 2285 2768 2470 2807; x_wconf 91' lang='lat' dir='ltr'>unum</span> <span class='ocrx_word' id='word_1_402' title='bbox 2505 2754 2637 2810; x_wconf 87' lang='lat' dir='ltr'>sint.</span> <span class='ocrx_word' id='word_1_403' title='bbox 2685 2756 2832 2811; x_wconf 81' lang='lat' dir='ltr'>Nam</span> <span class='ocrx_word' id='word_1_404' title='bbox 2865 2759 2959 2827; x_wconf 91' lang='lat' dir='ltr'>qui</span> <span class='ocrx_word' id='word_1_405' title='bbox 2988 2758 3046 2811; x_wconf 92' lang='lat' dir='ltr'>in</span> <span class='ocrx_word' id='word_1_406' title='bbox 3073 2758 3210 2823; x_wconf 90' lang='lat' dir='ltr'>ﬁde,</span> <span class='ocrx_word' id='word_1_407' title='bbox 3239 2774 3371 2829; x_wconf 79' lang='lat' dir='ltr'>quae</span> <span class='ocrx_word' id='word_1_408' title='bbox 3402 2764 3487 2813; x_wconf 88' lang='lat' dir='ltr'>est</span> <span class='ocrx_word' id='word_1_409' title='bbox 3514 2758 3576 2813; x_wconf 92' lang='lat' dir='ltr'>in</span> 
     </span>
    </p>
   </div>
   <div class='ocr_carea' id='block_1_62' title="bbox 1926 2846 3577 2917">
    <p class='ocr_par' dir='ltr' id='par_1_62' title="bbox 1926 2846 3577 2917">
     <span class='ocr_line' id='line_1_62' title="bbox 1926 2846 3577 2917; baseline 0.004 -23"><span class='ocrx_word' id='word_1_410' title='bbox 1926 2855 2035 2894; x_wconf 91' lang='lat' dir='ltr'>nos</span> <span class='ocrx_word' id='word_1_411' title='bbox 2068 2856 2251 2896; x_wconf 89' lang='lat' dir='ltr'>unum</span> <span class='ocrx_word' id='word_1_412' title='bbox 2288 2847 2445 2907; x_wconf 87' lang='lat' dir='ltr'>sunt,</span> <span class='ocrx_word' id='word_1_413' title='bbox 2477 2849 2648 2899; x_wconf 91' lang='lat' dir='ltr'>erunt</span> <span class='ocrx_word' id='word_1_414' title='bbox 2701 2860 2943 2917; x_wconf 90' lang='lat' dir='ltr'>quoque</span> <span class='ocrx_word' id='word_1_415' title='bbox 2976 2846 3036 2900; x_wconf 93' lang='lat' dir='ltr'>in</span> <span class='ocrx_word' id='word_1_416' title='bbox 3078 2854 3287 2903; x_wconf 89' lang='lat' dir='ltr'>mutua</span> <span class='ocrx_word' id='word_1_417' title='bbox 3327 2850 3472 2902; x_wconf 88' lang='lat' dir='ltr'>inter</span> <span class='ocrx_word' id='word_1_418' title='bbox 3513 2863 3577 2901; x_wconf 88' lang='lat' dir='ltr'>se</span> 
     </span>
    </p>
   </div>
   <div class='ocr_carea' id='block_1_63' title="bbox 1926 2928 3579 3005">
    <p class='ocr_par' dir='ltr' id='par_1_63' title="bbox 1926 2928 3579 3005">
     <span class='ocr_line' id='line_1_63' title="bbox 1926 2928 3579 3005; baseline 0.005 -23"><span class='ocrx_word' id='word_1_419' title='bbox 1926 2928 2239 2984; x_wconf 88' lang='lat' dir='ltr'>dilectione</span> <span class='ocrx_word' id='word_1_420' title='bbox 2268 2946 2477 2986; x_wconf 88' lang='lat' dir='ltr'>unum.</span> <span class='ocrx_word' id='word_1_421' title='bbox 2515 2932 2668 2988; x_wconf 82' lang='lat' dir='ltr'>Dixit</span> <span class='ocrx_word' id='word_1_422' title='bbox 2692 2935 2848 2988; x_wconf 87' lang='lat' dir='ltr'>enim</span> <span class='ocrx_word' id='word_1_423' title='bbox 2885 2958 2895 2989; x_wconf 89' lang='lat'>:</span> <span class='ocrx_word' id='word_1_424' title='bbox 2934 2936 3253 3005; x_wconf 64' lang='lat' dir='ltr'>Quifhabet</span> <span class='ocrx_word' id='word_1_425' title='bbox 3283 2943 3579 3005; x_wconf 78' lang='lat' dir='ltr'>praecepta</span> 
     </span>
    </p>
   </div>
   <div class='ocr_carea' id='block_1_64' title="bbox 1930 3021 3578 3094">
    <p class='ocr_par' dir='ltr' id='par_1_64' title="bbox 1930 3021 3578 3094">
     <span class='ocr_line' id='line_1_64' title="bbox 1930 3021 3578 3094; baseline 0.006 -23"><span class='ocrx_word' id='word_1_426' title='bbox 1930 3032 2052 3073; x_wconf 91' lang='lat' dir='ltr'>mea</span> <span class='ocrx_word' id='word_1_427' title='bbox 2086 3024 2138 3073; x_wconf 91' lang='lat' dir='ltr'>et</span> <span class='ocrx_word' id='word_1_428' title='bbox 2169 3026 2363 3075; x_wconf 82' lang='lat' dir='ltr'>servat</span> <span class='ocrx_word' id='word_1_429' title='bbox 2395 3035 2480 3083; x_wconf 88' lang='lat' dir='ltr'>ea,</span> <span class='ocrx_word' id='word_1_430' title='bbox 2517 3021 2609 3076; x_wconf 77' lang='lat' dir='ltr'>hic</span> <span class='ocrx_word' id='word_1_431' title='bbox 2641 3028 2723 3077; x_wconf 89' lang='lat' dir='ltr'>est</span> <span class='ocrx_word' id='word_1_432' title='bbox 2763 3025 2861 3093; x_wconf 84' lang='lat' dir='ltr'>qui</span> <span class='ocrx_word' id='word_1_433' title='bbox 2876 3024 3069 3094; x_wconf 77' lang='lat' dir='ltr'>diligit</span> <span class='ocrx_word' id='word_1_434' title='bbox 3092 3041 3177 3081; x_wconf 86' lang='lat' dir='ltr'>me</span> <span class='ocrx_word' id='word_1_435' title='bbox 3206 3028 3252 3059; x_wconf 79' lang='grc' dir='ltr'>⁵ο</span> <span class='ocrx_word' id='word_1_436' title='bbox 3278 3042 3291 3090; x_wconf 87' lang='lat'><strong>;</strong></span> <span class='ocrx_word' id='word_1_437' title='bbox 3320 3030 3378 3081; x_wconf 87' lang='lat' dir='ltr'>et</span> <span class='ocrx_word' id='word_1_438' title='bbox 3410 3043 3422 3079; x_wconf 91' lang='lat'><strong>:</strong></span> <span class='ocrx_word' id='word_1_439' title='bbox 3458 3026 3578 3081; x_wconf 86' lang='lat' dir='ltr'>Hoc</span> 
     </span>
    </p>
   </div>
   <div class='ocr_carea' id='block_1_65' title="bbox 220 3111 1817 3201">
    <p class='ocr_par' dir='ltr' id='par_1_65' title="bbox 220 3111 1817 3187">
     <span class='ocr_line' id='line_1_65' title="bbox 220 3111 1817 3187; baseline -0.011 -2"><span class='ocrx_word' id='word_1_440' title='bbox 220 3120 329 3165; x_wconf 76' lang='grc' dir='ltr'>πῶν</span> <span class='ocrx_word' id='word_1_441' title='bbox 351 3131 414 3184; x_wconf 83' lang='grc' dir='ltr'>με</span> <span class='ocrx_word' id='word_1_442' title='bbox 444 3130 455 3142; x_wconf 89' lang='grc'><strong>·</strong></span> <span class='ocrx_word' id='word_1_443' title='bbox 487 3116 575 3163; x_wconf 82' lang='grc' dir='ltr'>καί</span> <span class='ocrx_word' id='word_1_444' title='bbox 617 3112 798 3170; x_wconf 70' lang='grc' dir='ltr'>Ἀὕτη</span> <span class='ocrx_word' id='word_1_445' title='bbox 842 3111 982 3164; x_wconf 79' lang='grc' dir='ltr'>ἐστὶν</span> <span class='ocrx_word' id='word_1_446' title='bbox 1039 3115 1069 3170; x_wconf 79' lang='grc' dir='ltr'>ἡ</span> <span class='ocrx_word' id='word_1_447' title='bbox 1122 3112 1291 3171; x_wconf 77' lang='grc' dir='ltr'>ἐντολὴ</span> <span class='ocrx_word' id='word_1_448' title='bbox 1322 3115 1351 3170; x_wconf 77' lang='grc' dir='ltr'>ἡ</span> <span class='ocrx_word' id='word_1_449' title='bbox 1382 3113 1498 3186; x_wconf 79' lang='grc' dir='ltr'>ἐμὴ,</span> <span class='ocrx_word' id='word_1_450' title='bbox 1562 3117 1643 3166; x_wconf 83' lang='grc' dir='ltr'>ἱνα</span> <span class='ocrx_word' id='word_1_451' title='bbox 1689 3114 1817 3187; x_wconf 76' lang='grc' dir='ltr'>ἀγά-</span> 
     </span>
    </p>
   </div>
   <div class='ocr_carea' id='block_1_66' title="bbox 1938 3111 3575 3201">
    <p class='ocr_par' dir='ltr' id='par_1_66' title="bbox 1938 3113 3575 3183">
     <span class='ocr_line' id='line_1_66' title="bbox 1938 3113 3575 3183; baseline 0.005 -22"><span class='ocrx_word' id='word_1_452' title='bbox 1938 3113 2012 3162; x_wconf 82' lang='lat' dir='ltr'>est</span> <span class='ocrx_word' id='word_1_453' title='bbox 2041 3116 2377 3177; x_wconf 81' lang='lat' dir='ltr'>preceplum</span> <span class='ocrx_word' id='word_1_454' title='bbox 2417 3126 2625 3177; x_wconf 84' lang='lat' dir='ltr'>meum,</span> <span class='ocrx_word' id='word_1_455' title='bbox 2668 3120 2727 3167; x_wconf 86' lang='lat' dir='ltr'>ut</span> <span class='ocrx_word' id='word_1_456' title='bbox 2780 3113 3045 3183; x_wconf 77' lang='lat' dir='ltr'>diligatis</span> <span class='ocrx_word' id='word_1_457' title='bbox 3093 3130 3186 3169; x_wconf 87' lang='lat' dir='ltr'>vos</span> <span class='ocrx_word' id='word_1_458' title='bbox 3228 3116 3472 3172; x_wconf 80' lang='lat' dir='ltr'>invicem</span> <span class='ocrx_word' id='word_1_459' title='bbox 3507 3116 3575 3169; x_wconf 77' lang='grc'>⁵¹.</span> 
     </span>
    </p>
   </div>
   <div class='ocr_carea' id='block_1_67' title="bbox 220 3200 1820 3276">
    <p class='ocr_par' dir='ltr' id='par_1_67' title="bbox 220 3200 1820 3276">
     <span class='ocr_line' id='line_1_67' title="bbox 220 3200 1820 3276; baseline 0.001 -23"><span class='ocrx_word' id='word_1_460' title='bbox 220 3208 351 3253; x_wconf 83' lang='grc' dir='ltr'>πᾶτε</span> <span class='ocrx_word' id='word_1_461' title='bbox 401 3200 667 3261; x_wconf 72' lang='grc' dir='ltr'>ἀλλήλους.</span> <span class='ocrx_word' id='word_1_462' title='bbox 727 3200 816 3252; x_wconf 86' lang='grc' dir='ltr'>Ἐκ</span> <span class='ocrx_word' id='word_1_463' title='bbox 870 3209 963 3262; x_wconf 83' lang='grc' dir='ltr'>τῆς</span> <span class='ocrx_word' id='word_1_464' title='bbox 1008 3201 1212 3273; x_wconf 75' lang='grc' dir='ltr'>ἀγάπης</span> <span class='ocrx_word' id='word_1_465' title='bbox 1241 3206 1410 3254; x_wconf 83' lang='grc' dir='ltr'>τοίνυν</span> <span class='ocrx_word' id='word_1_466' title='bbox 1464 3208 1552 3255; x_wconf 86' lang='grc' dir='ltr'>καὶ</span> <span class='ocrx_word' id='word_1_467' title='bbox 1582 3205 1820 3276; x_wconf 81' lang='grc' dir='ltr'>ὁμονοίας</span> 
     </span>
    </p>
   </div>
   <div class='ocr_carea' id='block_1_68' title="bbox 226 3290 1819 3364">
    <p class='ocr_par' dir='ltr' id='par_1_68' title="bbox 226 3290 1819 3364">
     <span class='ocr_line' id='line_1_68' title="bbox 226 3290 1819 3364; baseline 0.001 -23"><span class='ocrx_word' id='word_1_468' title='bbox 226 3290 531 3364; x_wconf 74' lang='grc' dir='ltr'>ἀρξάμενος,</span> <span class='ocrx_word' id='word_1_469' title='bbox 588 3291 661 3351; x_wconf 85' lang='grc' dir='ltr'>είς</span> <span class='ocrx_word' id='word_1_470' title='bbox 719 3292 916 3348; x_wconf 70' lang='grc' dir='ltr'>ταύτην</span> <span class='ocrx_word' id='word_1_471' title='bbox 969 3291 1121 3343; x_wconf 84' lang='grc' dir='ltr'>πάλιν</span> <span class='ocrx_word' id='word_1_472' title='bbox 1182 3292 1477 3345; x_wconf 74' lang='grc' dir='ltr'>κατέκλεισε</span> <span class='ocrx_word' id='word_1_473' title='bbox 1527 3294 1819 3360; x_wconf 73' lang='grc' dir='ltr'>τὸνλόγον,</span> 
     </span>
    </p>
   </div>
   <div class='ocr_carea' id='block_1_69' title="bbox 226 3377 1823 3455">
    <p class='ocr_par' dir='ltr' id='par_1_69' title="bbox 226 3377 1823 3455">
     <span class='ocr_line' id='line_1_69' title="bbox 226 3377 1823 3455; baseline 0.001 -24"><span class='ocrx_word' id='word_1_474' title='bbox 226 3377 428 3440; x_wconf 77' lang='grc' dir='ltr'>δεικνύς</span> <span class='ocrx_word' id='word_1_475' title='bbox 516 3380 599 3431; x_wconf 84' lang='grc' dir='ltr'>ὁτέ</span> <span class='ocrx_word' id='word_1_476' title='bbox 666 3378 890 3451; x_wconf 67' lang='grc' dir='ltr'>θεοφιλὲς</span> <span class='ocrx_word' id='word_1_477' title='bbox 947 3385 1035 3432; x_wconf 85' lang='grc' dir='ltr'>καὶ</span> <span class='ocrx_word' id='word_1_478' title='bbox 1088 3379 1545 3455; x_wconf 68' lang='grc' dir='ltr'>περισπούδαστον</span> <span class='ocrx_word' id='word_1_479' title='bbox 1600 3384 1628 3440; x_wconf 79' lang='grc' dir='ltr'><strong>ἠ</strong></span> <span class='ocrx_word' id='word_1_480' title='bbox 1688 3380 1823 3453; x_wconf 77' lang='grc' dir='ltr'>ἀγά-</span> 
     </span>
    </p>
   </div>
   <div class='ocr_carea' id='block_1_70' title="bbox 224 3468 371 3540">
    <p class='ocr_par' dir='ltr' id='par_1_70' title="bbox 224 3468 371 3540">
     <span class='ocr_line' id='line_1_70' title="bbox 224 3468 371 3540; baseline -0.007 -19"><span class='ocrx_word' id='word_1_481' title='bbox 224 3488 296 3526; x_wconf 88' lang='grc' dir='ltr'>πη</span> <span class='ocrx_word' id='word_1_482' title='bbox 330 3468 371 3540; x_wconf 88' lang='grc'>].</span> 
     </span>
    </p>
   </div>
   <div class='ocr_carea' id='block_1_71' title="bbox 295 3556 1827 3627">
    <p class='ocr_par' dir='ltr' id='par_1_71' title="bbox 295 3556 1827 3627">
     <span class='ocr_line' id='line_1_71' title="bbox 295 3556 1827 3627; baseline 0.002 -18"><span class='ocrx_word' id='word_1_483' title='bbox 295 3556 404 3610; x_wconf 83' lang='grc' dir='ltr'>Ἵνα</span> <span class='ocrx_word' id='word_1_484' title='bbox 434 3590 502 3597; x_wconf 95' lang='lat'>—</span> <span class='ocrx_word' id='word_1_485' title='bbox 540 3556 865 3620; x_wconf 74' lang='grc' dir='ltr'>ἀπέστειλας.</span> <span class='ocrx_word' id='word_1_486' title='bbox 918 3589 987 3597; x_wconf 94' lang='lat'><strong>—</strong></span> <span class='ocrx_word' id='word_1_487' title='bbox 1024 3557 1151 3627; x_wconf 80' lang='grc' dir='ltr'>Ἵνα,</span> <span class='ocrx_word' id='word_1_488' title='bbox 1203 3562 1492 3621; x_wconf 78' lang='grc' dir='ltr'>πιστεύσας</span> <span class='ocrx_word' id='word_1_489' title='bbox 1536 3568 1643 3622; x_wconf 86' lang='grc' dir='ltr'>τοῖς</span> <span class='ocrx_word' id='word_1_490' title='bbox 1696 3559 1827 3613; x_wconf 87' lang='grc' dir='ltr'>ἀπο-</span> 
     </span>
    </p>
   </div>
   <div class='ocr_carea' id='block_1_72' title="bbox 230 3646 1826 3719">
    <p class='ocr_par' dir='ltr' id='par_1_72' title="bbox 230 3646 1826 3719">
     <span class='ocr_line' id='line_1_72' title="bbox 230 3646 1826 3719; baseline 0.002 -21"><span class='ocrx_word' id='word_1_491' title='bbox 230 3646 450 3712; x_wconf 85' lang='grc' dir='ltr'>στόλοις,</span> <span class='ocrx_word' id='word_1_492' title='bbox 515 3650 776 3719; x_wconf 79' lang='grc' dir='ltr'>πιστεύσῃ</span> <span class='ocrx_word' id='word_1_493' title='bbox 842 3647 921 3699; x_wconf 87' lang='grc' dir='ltr'>ὅτι</span> <span class='ocrx_word' id='word_1_494' title='bbox 986 3650 1049 3699; x_wconf 88' lang='grc' dir='ltr'>σύ</span> <span class='ocrx_word' id='word_1_495' title='bbox 1117 3668 1179 3719; x_wconf 87' lang='grc' dir='ltr'>με</span> <span class='ocrx_word' id='word_1_496' title='bbox 1255 3646 1578 3711; x_wconf 83' lang='grc' dir='ltr'>ἀπέστειλας.</span> <span class='ocrx_word' id='word_1_497' title='bbox 1664 3656 1826 3701; x_wconf 83' lang='grc' dir='ltr'>Τοῦτο</span> 
     </span>
    </p>
   </div>
   <div class='ocr_carea' id='block_1_73' title="bbox 222 3734 1827 3812">
    <p class='ocr_par' dir='ltr' id='par_1_73' title="bbox 222 3734 1827 3812">
     <span class='ocr_line' id='line_1_73' title="bbox 222 3734 1827 3812; baseline 0.002 -26"><span class='ocrx_word' id='word_1_498' title='bbox 222 3738 325 3809; x_wconf 70' lang='grc' dir='ltr'>γὰρ</span> <span class='ocrx_word' id='word_1_499' title='bbox 386 3736 630 3807; x_wconf 84' lang='grc' dir='ltr'>μέλλουσι</span> <span class='ocrx_word' id='word_1_500' title='bbox 677 3739 968 3808; x_wconf 86' lang='grc' dir='ltr'>κηρύττειν.</span> <span class='ocrx_word' id='word_1_501' title='bbox 1037 3734 1202 3789; x_wconf 74' lang='grc' dir='ltr'>Οὐδὲν</span> <span class='ocrx_word' id='word_1_502' title='bbox 1250 3741 1350 3812; x_wconf 69' lang='grc' dir='ltr'>γὰρ</span> <span class='ocrx_word' id='word_1_503' title='bbox 1407 3738 1565 3798; x_wconf 72' lang='grc' dir='ltr'>οὕτως</span> <span class='ocrx_word' id='word_1_504' title='bbox 1631 3738 1827 3811; x_wconf 81' lang='grc' dir='ltr'>ἔμελλεν</span> 
     </span>
    </p>
   </div>
   <div class='ocr_carea' id='block_1_74' title="bbox 226 3823 1829 3899">
    <p class='ocr_par' dir='ltr' id='par_1_74' title="bbox 226 3823 1829 3899">
     <span class='ocr_line' id='line_1_74' title="bbox 226 3823 1829 3899; baseline 0.001 -21"><span class='ocrx_word' id='word_1_505' title='bbox 226 3823 529 3898; x_wconf 76' lang='grc' dir='ltr'>ἐμποδίζειν</span> <span class='ocrx_word' id='word_1_506' title='bbox 584 3834 656 3896; x_wconf 84' lang='grc' dir='ltr'>τῷ</span> <span class='ocrx_word' id='word_1_507' title='bbox 736 3828 1037 3898; x_wconf 72' lang='grc' dir='ltr'>κηρύγματι</span> <span class='ocrx_word' id='word_1_508' title='bbox 1101 3828 1166 3887; x_wconf 85' lang='grc' dir='ltr'>ὡς</span> <span class='ocrx_word' id='word_1_509' title='bbox 1239 3830 1297 3877; x_wconf 85' lang='grc' dir='ltr'>τό</span> <span class='ocrx_word' id='word_1_510' title='bbox 1349 3823 1664 3899; x_wconf 75' lang='grc' dir='ltr'>διεσχίσθαι</span> <span class='ocrx_word' id='word_1_511' title='bbox 1714 3833 1829 3888; x_wconf 86' lang='grc' dir='ltr'>τοὺς</span> 
     </span>
    </p>
   </div>
   <div class='ocr_carea' id='block_1_75' title="bbox 229 3912 1829 3989">
    <p class='ocr_par' dir='ltr' id='par_1_75' title="bbox 229 3912 1829 3989">
     <span class='ocr_line' id='line_1_75' title="bbox 229 3912 1829 3989; baseline 0.001 -22"><span class='ocrx_word' id='word_1_512' title='bbox 229 3920 485 3989; x_wconf 79' lang='grc' dir='ltr'>κήρυκας,</span> <span class='ocrx_word' id='word_1_513' title='bbox 520 3922 582 3987; x_wconf 70' lang='grc' dir='ltr'>τῇ</span> <span class='ocrx_word' id='word_1_514' title='bbox 626 3934 680 3967; x_wconf 88' lang='grc' dir='ltr'>τε</span> <span class='ocrx_word' id='word_1_515' title='bbox 734 3912 963 3987; x_wconf 74' lang='grc' dir='ltr'>διαφορᾴ</span> <span class='ocrx_word' id='word_1_516' title='bbox 1006 3922 1095 3976; x_wconf 86' lang='grc' dir='ltr'>τῆς</span> <span class='ocrx_word' id='word_1_517' title='bbox 1151 3920 1395 3981; x_wconf 86' lang='grc' dir='ltr'>πίστεως,</span> <span class='ocrx_word' id='word_1_518' title='bbox 1458 3921 1547 3967; x_wconf 84' lang='grc' dir='ltr'>καὶ</span> <span class='ocrx_word' id='word_1_519' title='bbox 1593 3925 1652 3987; x_wconf 75' lang='grc' dir='ltr'>τῇ</span> <span class='ocrx_word' id='word_1_520' title='bbox 1704 3921 1829 3988; x_wconf 83' lang='grc' dir='ltr'>πρὸς</span> 
     </span>
    </p>
   </div>
   <div class='ocr_carea' id='block_1_76' title="bbox 231 4001 1825 4078">
    <p class='ocr_par' dir='ltr' id='par_1_76' title="bbox 231 4001 1825 4078">
     <span class='ocr_line' id='line_1_76' title="bbox 231 4001 1825 4078; baseline 0.001 -23"><span class='ocrx_word' id='word_1_521' title='bbox 231 4003 481 4065; x_wconf 80' lang='grc' dir='ltr'>ἀλλὴΑους</span> <span class='ocrx_word' id='word_1_522' title='bbox 578 4003 853 4076; x_wconf 77' lang='grc' dir='ltr'>ἀπεχθείᾳ,</span> <span class='ocrx_word' id='word_1_523' title='bbox 928 4001 1131 4069; x_wconf 72' lang='grc' dir='ltr'>ἐπειδὴ,</span> <span class='ocrx_word' id='word_1_524' title='bbox 1198 4008 1530 4076; x_wconf 81' lang='grc' dir='ltr'>μαχομένων,</span> <span class='ocrx_word' id='word_1_525' title='bbox 1600 4006 1825 4078; x_wconf 75' lang='grc' dir='ltr'>ἐροῦσιν,</span> 
     </span>
    </p>
   </div>
   <div class='ocr_carea' id='block_1_77' title="bbox 230 4090 1827 4169">
    <p class='ocr_par' dir='ltr' id='par_1_77' title="bbox 230 4090 1827 4169">
     <span class='ocr_line' id='line_1_77' title="bbox 230 4090 1827 4169; baseline 0.001 -24"><span class='ocrx_word' id='word_1_526' title='bbox 230 4094 324 4145; x_wconf 66' lang='grc' dir='ltr'>οὐκ</span> <span class='ocrx_word' id='word_1_527' title='bbox 380 4093 637 4167; x_wconf 78' lang='grc' dir='ltr'>εἰρηνικοῦ</span> <span class='ocrx_word' id='word_1_528' title='bbox 699 4090 824 4145; x_wconf 84' lang='grc' dir='ltr'>εἶναι</span> <span class='ocrx_word' id='word_1_529' title='bbox 881 4094 1234 4164; x_wconf 74' lang='grc' dir='ltr'>μαθητάςοεὶ</span> <span class='ocrx_word' id='word_1_530' title='bbox 1292 4091 1350 4146; x_wconf 77' lang='grc' dir='ltr'>δὲ</span> <span class='ocrx_word' id='word_1_531' title='bbox 1400 4094 1492 4145; x_wconf 85' lang='grc' dir='ltr'>ούκ</span> <span class='ocrx_word' id='word_1_532' title='bbox 1548 4094 1827 4169; x_wconf 71' lang='grc' dir='ltr'>εἰρηνικοῦ,</span> 
     </span>
    </p>
   </div>
   <div class='ocr_carea' id='block_1_78' title="bbox 230 4180 1831 4255">
    <p class='ocr_par' dir='ltr' id='par_1_78' title="bbox 230 4180 1831 4255">
     <span class='ocr_line' id='line_1_78' title="bbox 230 4180 1831 4255; baseline 0.001 -20"><span class='ocrx_word' id='word_1_533' title='bbox 230 4181 355 4235; x_wconf 71' lang='grc' dir='ltr'>οὐδὲ</span> <span class='ocrx_word' id='word_1_534' title='bbox 402 4186 545 4254; x_wconf 82' lang='grc' dir='ltr'>ποιρά</span> <span class='ocrx_word' id='word_1_535' title='bbox 603 4189 696 4234; x_wconf 81' lang='grc' dir='ltr'>σοῦ</span> <span class='ocrx_word' id='word_1_536' title='bbox 755 4182 1125 4243; x_wconf 83' lang='grc' dir='ltr'>ἀποσταλέντες</span> <span class='ocrx_word' id='word_1_537' title='bbox 1178 4201 1189 4212; x_wconf 90' lang='grc'><strong>·</strong></span> <span class='ocrx_word' id='word_1_538' title='bbox 1240 4184 1731 4255; x_wconf 75' lang='grc' dir='ltr'>ὁμογνωμονούντων</span> <span class='ocrx_word' id='word_1_539' title='bbox 1774 4180 1831 4236; x_wconf 75' lang='grc' dir='ltr'>δὲ</span> 
     </span>
    </p>
   </div>
   <div class='ocr_carea' id='block_1_79' title="bbox 230 4270 1833 4343">
    <p class='ocr_par' dir='ltr' id='par_1_79' title="bbox 230 4270 1833 4343">
     <span class='ocr_line' id='line_1_79' title="bbox 230 4270 1833 4343; baseline -0.001 -19"><span class='ocrx_word' id='word_1_540' title='bbox 230 4276 319 4324; x_wconf 81' lang='grc' dir='ltr'>καὶ</span> <span class='ocrx_word' id='word_1_541' title='bbox 361 4274 454 4332; x_wconf 81' lang='grc' dir='ltr'>τὰς</span> <span class='ocrx_word' id='word_1_542' title='bbox 520 4270 724 4333; x_wconf 82' lang='grc' dir='ltr'>ἐντολάς</span> <span class='ocrx_word' id='word_1_543' title='bbox 782 4292 882 4343; x_wconf 90' lang='grc' dir='ltr'>μου</span> <span class='ocrx_word' id='word_1_544' title='bbox 942 4271 1313 4342; x_wconf 80' lang='grc' dir='ltr'>φυλαττόντων,</span> <span class='ocrx_word' id='word_1_545' title='bbox 1363 4277 1650 4343; x_wconf 71' lang='grc' dir='ltr'>γνώσονται</span> <span class='ocrx_word' id='word_1_546' title='bbox 1710 4275 1833 4325; x_wconf 83' lang='grc' dir='ltr'>πάν-</span> 
     </span>
    </p>
   </div>
   <div class='ocr_carea' id='block_1_80' title="bbox 232 4358 1832 4433">
    <p class='ocr_par' dir='ltr' id='par_1_80' title="bbox 232 4358 1832 4433">
     <span class='ocr_line' id='line_1_80' title="bbox 232 4358 1832 4433; baseline 0 -20"><span class='ocrx_word' id='word_1_547' title='bbox 232 4380 315 4420; x_wconf 77' lang='grc' dir='ltr'>τες</span> <span class='ocrx_word' id='word_1_548' title='bbox 360 4362 438 4412; x_wconf 86' lang='grc' dir='ltr'>ὅτι</span> <span class='ocrx_word' id='word_1_549' title='bbox 492 4358 604 4433; x_wconf 84' lang='grc' dir='ltr'>ἐμοὶ</span> <span class='ocrx_word' id='word_1_550' title='bbox 659 4363 892 4432; x_wconf 87' lang='grc' dir='ltr'>μαθηταί</span> <span class='ocrx_word' id='word_1_551' title='bbox 940 4360 1062 4431; x_wconf 87' lang='grc' dir='ltr'>εἰσι,</span> <span class='ocrx_word' id='word_1_552' title='bbox 1094 4365 1182 4413; x_wconf 83' lang='grc' dir='ltr'>καὶ</span> <span class='ocrx_word' id='word_1_553' title='bbox 1239 4362 1319 4412; x_wconf 86' lang='grc' dir='ltr'>ὅτι</span> <span class='ocrx_word' id='word_1_554' title='bbox 1371 4362 1435 4412; x_wconf 91' lang='grc' dir='ltr'>σύ</span> <span class='ocrx_word' id='word_1_555' title='bbox 1484 4381 1547 4433; x_wconf 85' lang='grc' dir='ltr'>με</span> <span class='ocrx_word' id='word_1_556' title='bbox 1596 4360 1832 4413; x_wconf 79' lang='grc' dir='ltr'>ἀπέστει-</span> 
     </span>
    </p>
   </div>
   <div class='ocr_carea' id='block_1_81' title="bbox 229 4450 343 4509">
    <p class='ocr_par' dir='ltr' id='par_1_81' title="bbox 229 4450 343 4509">
     <span class='ocr_line' id='line_1_81' title="bbox 229 4450 343 4509; baseline -0.018 -7"><span class='ocrx_word' id='word_1_557' title='bbox 229 4450 343 4509; x_wconf 84' lang='grc' dir='ltr'>λας.</span> 
     </span>
    </p>
   </div>
   <div class='ocr_carea' id='block_1_82' title="bbox 1933 3198 3574 3274">
    <p class='ocr_par' dir='ltr' id='par_1_82' title="bbox 1933 3198 3574 3274">
     <span class='ocr_line' id='line_1_82' title="bbox 1933 3198 3574 3274; baseline 0.004 -24"><span class='ocrx_word' id='word_1_558' title='bbox 1933 3198 2079 3251; x_wconf 90' lang='lat' dir='ltr'>Cum</span> <span class='ocrx_word' id='word_1_559' title='bbox 2128 3212 2269 3268; x_wconf 90' lang='lat' dir='ltr'>ergo</span> <span class='ocrx_word' id='word_1_560' title='bbox 2334 3215 2369 3253; x_wconf 90' lang='lat' dir='ltr'>a</span> <span class='ocrx_word' id='word_1_561' title='bbox 2424 3198 2737 3255; x_wconf 86' lang='lat' dir='ltr'>dilectione</span> <span class='ocrx_word' id='word_1_562' title='bbox 2791 3207 2847 3256; x_wconf 90' lang='lat' dir='ltr'>et</span> <span class='ocrx_word' id='word_1_563' title='bbox 2890 3204 3210 3258; x_wconf 85' lang='lat' dir='ltr'>concordia</span> <span class='ocrx_word' id='word_1_564' title='bbox 3271 3204 3574 3274; x_wconf 88' lang='lat' dir='ltr'>inceperit,</span> 
     </span>
    </p>
   </div>
   <div class='ocr_carea' id='block_1_83' title="bbox 1932 3286 3579 3355">
    <p class='ocr_par' dir='ltr' id='par_1_83' title="bbox 1932 3286 3579 3355">
     <span class='ocr_line' id='line_1_83' title="bbox 1932 3286 3579 3355; baseline 0.004 -17"><span class='ocrx_word' id='word_1_565' title='bbox 1932 3299 2168 3339; x_wconf 88' lang='lat' dir='ltr'>rursum</span> <span class='ocrx_word' id='word_1_566' title='bbox 2211 3288 2269 3341; x_wconf 92' lang='lat' dir='ltr'>in</span> <span class='ocrx_word' id='word_1_567' title='bbox 2331 3286 2444 3341; x_wconf 88' lang='lat' dir='ltr'>hac</span> <span class='ocrx_word' id='word_1_568' title='bbox 2492 3289 2784 3344; x_wconf 90' lang='lat' dir='ltr'>conclusit</span> <span class='ocrx_word' id='word_1_569' title='bbox 2840 3306 3197 3355; x_wconf 90' lang='lat' dir='ltr'>sermonem,</span> <span class='ocrx_word' id='word_1_570' title='bbox 3258 3292 3579 3345; x_wconf 89' lang='lat' dir='ltr'>ostendens</span> 
     </span>
    </p>
   </div>
   <div class='ocr_carea' id='block_1_84' title="bbox 1933 3375 3581 3448">
    <p class='ocr_par' dir='ltr' id='par_1_84' title="bbox 1933 3375 3581 3448">
     <span class='ocr_line' id='line_1_84' title="bbox 1933 3375 3581 3448; baseline 0.005 -21"><span class='ocrx_word' id='word_1_571' title='bbox 1933 3375 2097 3445; x_wconf 89' lang='lat' dir='ltr'>quod</span> <span class='ocrx_word' id='word_1_572' title='bbox 2132 3376 2250 3430; x_wconf 92' lang='lat' dir='ltr'>Deo</span> <span class='ocrx_word' id='word_1_573' title='bbox 2282 3375 2465 3431; x_wconf 86' lang='lat' dir='ltr'>chara</span> <span class='ocrx_word' id='word_1_574' title='bbox 2487 3377 2558 3431; x_wconf 87' lang='lat' dir='ltr'>sit</span> <span class='ocrx_word' id='word_1_575' title='bbox 2580 3393 2648 3432; x_wconf 91' lang='lat' dir='ltr'>ac</span> <span class='ocrx_word' id='word_1_576' title='bbox 2670 3394 2892 3448; x_wconf 88' lang='lat' dir='ltr'>magno</span> <span class='ocrx_word' id='word_1_577' title='bbox 2916 3380 3110 3435; x_wconf 87' lang='lat' dir='ltr'>studio</span> <span class='ocrx_word' id='word_1_578' title='bbox 3135 3378 3467 3435; x_wconf 75' lang='lat' dir='ltr'>affectanda</span> <span class='ocrx_word' id='word_1_579' title='bbox 3495 3380 3581 3435; x_wconf 90' lang='lat' dir='ltr'>di-</span> 
     </span>
    </p>
   </div>
   <div class='ocr_carea' id='block_1_85' title="bbox 1935 3463 2133 3521">
    <p class='ocr_par' dir='ltr' id='par_1_85' title="bbox 1935 3463 2133 3521">
     <span class='ocr_line' id='line_1_85' title="bbox 1935 3463 2133 3521; baseline 0.02 -4"><span class='ocrx_word' id='word_1_580' title='bbox 1935 3463 2133 3521; x_wconf 82' lang='lat' dir='ltr'>lectio.</span> 
     </span>
    </p>
   </div>
   <div class='ocr_carea' id='block_1_86' title="bbox 2007 3552 3577 3628">
    <p class='ocr_par' dir='ltr' id='par_1_86' title="bbox 2007 3552 3577 3628">
     <span class='ocr_line' id='line_1_86' title="bbox 2007 3552 3577 3628; baseline 0.003 -22"><span class='ocrx_word' id='word_1_581' title='bbox 2007 3552 2171 3607; x_wconf 90' lang='lat' dir='ltr'>Vers.</span> <span class='ocrx_word' id='word_1_582' title='bbox 2205 3554 2294 3607; x_wconf 80' lang='grc'>21.</span> <span class='ocrx_word' id='word_1_583' title='bbox 2328 3554 2399 3609; x_wconf 89' lang='lat' dir='ltr'>Ut</span> <span class='ocrx_word' id='word_1_584' title='bbox 2425 3586 2492 3593; x_wconf 96' lang='lat'>—</span> <span class='ocrx_word' id='word_1_585' title='bbox 2510 3554 2755 3611; x_wconf 80' lang='lat' dir='ltr'>miseris.</span> <span class='ocrx_word' id='word_1_586' title='bbox 2775 3587 2842 3597; x_wconf 94' lang='lat'><strong><em>—</em></strong></span> <span class='ocrx_word' id='word_1_587' title='bbox 2877 3558 2966 3623; x_wconf 91' lang='lat' dir='ltr'>Ut,</span> <span class='ocrx_word' id='word_1_588' title='bbox 2992 3557 3241 3613; x_wconf 87' lang='lat' dir='ltr'>credens</span> <span class='ocrx_word' id='word_1_589' title='bbox 3265 3556 3577 3628; x_wconf 88' lang='lat' dir='ltr'>apostolis,</span> 
     </span>
    </p>
   </div>
   <div class='ocr_carea' id='block_1_87' title="bbox 1937 3641 3580 3718">
    <p class='ocr_par' dir='ltr' id='par_1_87' title="bbox 1937 3641 3580 3718">
     <span class='ocr_line' id='line_1_87' title="bbox 1937 3641 3580 3718; baseline 0.002 -21"><span class='ocrx_word' id='word_1_590' title='bbox 1937 3641 2136 3697; x_wconf 81' lang='lat' dir='ltr'>credat</span> <span class='ocrx_word' id='word_1_591' title='bbox 2168 3644 2321 3712; x_wconf 85' lang='lat' dir='ltr'>quod</span> <span class='ocrx_word' id='word_1_592' title='bbox 2346 3648 2409 3698; x_wconf 84' lang='lat' dir='ltr'>tu</span> <span class='ocrx_word' id='word_1_593' title='bbox 2439 3659 2528 3698; x_wconf 85' lang='lat' dir='ltr'>me</span> <span class='ocrx_word' id='word_1_594' title='bbox 2576 3645 2815 3700; x_wconf 77' lang='lat' dir='ltr'>miseris.</span> <span class='ocrx_word' id='word_1_595' title='bbox 2850 3649 2995 3701; x_wconf 90' lang='lat' dir='ltr'>Nam</span> <span class='ocrx_word' id='word_1_596' title='bbox 3035 3646 3150 3701; x_wconf 93' lang='lat' dir='ltr'>hoc</span> <span class='ocrx_word' id='word_1_597' title='bbox 3180 3647 3580 3718; x_wconf 62' lang='lat' dir='ltr'>praedicaturi,</span> 
     </span>
    </p>
   </div>
   <div class='ocr_carea' id='block_1_88' title="bbox 1939 3731 3586 3807">
    <p class='ocr_par' dir='ltr' id='par_1_88' title="bbox 1939 3731 3586 3807">
     <span class='ocr_line' id='line_1_88' title="bbox 1939 3731 3586 3807; baseline 0.004 -22"><span class='ocrx_word' id='word_1_598' title='bbox 1939 3734 2080 3785; x_wconf 86' lang='lat' dir='ltr'>sunt</span> <span class='ocrx_word' id='word_1_599' title='bbox 2122 3747 2133 3785; x_wconf 93' lang='lat'>:</span> <span class='ocrx_word' id='word_1_600' title='bbox 2164 3737 2220 3786; x_wconf 91' lang='lat' dir='ltr'>et</span> <span class='ocrx_word' id='word_1_601' title='bbox 2246 3731 2390 3787; x_wconf 85' lang='lat' dir='ltr'>nihil</span> <span class='ocrx_word' id='word_1_602' title='bbox 2413 3733 2563 3788; x_wconf 90' lang='lat' dir='ltr'>adeo</span> <span class='ocrx_word' id='word_1_603' title='bbox 2596 3734 2703 3787; x_wconf 89' lang='lat' dir='ltr'>erit</span> <span class='ocrx_word' id='word_1_604' title='bbox 2732 3734 3160 3805; x_wconf 90' lang='lat' dir='ltr'>impedimento</span> <span class='ocrx_word' id='word_1_605' title='bbox 3184 3736 3586 3807; x_wconf 70' lang='lat' dir='ltr'>praedicationi</span> 
     </span>
    </p>
   </div>
   <div class='ocr_carea' id='block_1_89' title="bbox 1938 3820 3586 3892">
    <p class='ocr_par' dir='ltr' id='par_1_89' title="bbox 1938 3820 3586 3892">
     <span class='ocr_line' id='line_1_89' title="bbox 1938 3820 3586 3892; baseline 0.004 -18"><span class='ocrx_word' id='word_1_606' title='bbox 1938 3822 2090 3874; x_wconf 89' lang='lat' dir='ltr'>sicut</span> <span class='ocrx_word' id='word_1_607' title='bbox 2118 3820 2341 3875; x_wconf 90' lang='lat' dir='ltr'>divisos</span> <span class='ocrx_word' id='word_1_608' title='bbox 2385 3838 2515 3876; x_wconf 90' lang='lat' dir='ltr'>esse</span> <span class='ocrx_word' id='word_1_609' title='bbox 2556 3822 2993 3892; x_wconf 67' lang='lat' dir='ltr'>praedicatores,</span> <span class='ocrx_word' id='word_1_610' title='bbox 3055 3825 3192 3879; x_wconf 83' lang='lat' dir='ltr'>ﬁdei</span> <span class='ocrx_word' id='word_1_611' title='bbox 3242 3825 3586 3880; x_wconf 87' lang='lat' dir='ltr'>diversitate</span> 
     </span>
    </p>
   </div>
   <div class='ocr_carea' id='block_1_90' title="bbox 1938 3911 3587 3969">
    <p class='ocr_par' dir='ltr' id='par_1_90' title="bbox 1938 3911 3587 3969">
     <span class='ocr_line' id='line_1_90' title="bbox 1938 3911 3587 3969; baseline 0.003 -5"><span class='ocrx_word' id='word_1_612' title='bbox 1938 3926 2008 3964; x_wconf 91' lang='lat' dir='ltr'>ac</span> <span class='ocrx_word' id='word_1_613' title='bbox 2074 3914 2282 3965; x_wconf 89' lang='lat' dir='ltr'>mutua</span> <span class='ocrx_word' id='word_1_614' title='bbox 2325 3911 2474 3965; x_wconf 89' lang='lat' dir='ltr'>inter</span> <span class='ocrx_word' id='word_1_615' title='bbox 2521 3928 2581 3965; x_wconf 90' lang='lat' dir='ltr'>se</span> <span class='ocrx_word' id='word_1_616' title='bbox 2626 3912 2952 3968; x_wconf 89' lang='lat' dir='ltr'>inimicitia.</span> <span class='ocrx_word' id='word_1_617' title='bbox 3006 3914 3060 3969; x_wconf 93' lang='lat' dir='ltr'>Si</span> <span class='ocrx_word' id='word_1_618' title='bbox 3124 3914 3279 3968; x_wconf 91' lang='lat' dir='ltr'>enim</span> <span class='ocrx_word' id='word_1_619' title='bbox 3332 3914 3482 3968; x_wconf 88' lang='lat' dir='ltr'>inter</span> <span class='ocrx_word' id='word_1_620' title='bbox 3526 3929 3587 3969; x_wconf 87' lang='lat' dir='ltr'>se</span> 
     </span>
    </p>
   </div>
   <div class='ocr_carea' id='block_1_91' title="bbox 1940 3998 3588 4073">
    <p class='ocr_par' dir='ltr' id='par_1_91' title="bbox 1940 3998 3588 4073">
     <span class='ocr_line' id='line_1_91' title="bbox 1940 3998 3588 4073; baseline 0.004 -22"><span class='ocrx_word' id='word_1_621' title='bbox 1940 3998 2356 4068; x_wconf 83' lang='lat' dir='ltr'>pugnaverint,</span> <span class='ocrx_word' id='word_1_622' title='bbox 2390 3998 2582 4054; x_wconf 87' lang='lat' dir='ltr'>dicent</span> <span class='ocrx_word' id='word_1_623' title='bbox 2612 4016 2714 4055; x_wconf 89' lang='lat' dir='ltr'>eos</span> <span class='ocrx_word' id='word_1_624' title='bbox 2754 4016 2869 4055; x_wconf 93' lang='lat' dir='ltr'>non</span> <span class='ocrx_word' id='word_1_625' title='bbox 2910 4018 3041 4057; x_wconf 90' lang='lat' dir='ltr'>esse</span> <span class='ocrx_word' id='word_1_626' title='bbox 3071 4002 3301 4073; x_wconf 84' lang='lat' dir='ltr'>paciﬁci</span> <span class='ocrx_word' id='word_1_627' title='bbox 3327 4003 3588 4071; x_wconf 81' lang='lat' dir='ltr'>magistri</span> 
     </span>
    </p>
   </div>
   <div class='ocr_carea' id='block_1_92' title="bbox 1940 4086 3578 4161">
    <p class='ocr_par' dir='ltr' id='par_1_92' title="bbox 1940 4086 3578 4161">
     <span class='ocr_line' id='line_1_92' title="bbox 1940 4086 3578 4161; baseline 0.004 -21"><span class='ocrx_word' id='word_1_628' title='bbox 1940 4086 2297 4158; x_wconf 88' lang='lat' dir='ltr'>discipulos:</span> <span class='ocrx_word' id='word_1_629' title='bbox 2339 4088 2500 4160; x_wconf 92' lang='lat' dir='ltr'>quod</span> <span class='ocrx_word' id='word_1_630' title='bbox 2529 4089 2577 4142; x_wconf 92' lang='lat' dir='ltr'>si</span> <span class='ocrx_word' id='word_1_631' title='bbox 2619 4105 2738 4143; x_wconf 93' lang='lat' dir='ltr'>non</span> <span class='ocrx_word' id='word_1_632' title='bbox 2764 4090 3013 4161; x_wconf 84' lang='lat' dir='ltr'>paciﬁci,</span> <span class='ocrx_word' id='word_1_633' title='bbox 3054 4108 3162 4146; x_wconf 89' lang='lat' dir='ltr'>nec</span> <span class='ocrx_word' id='word_1_634' title='bbox 3210 4097 3330 4146; x_wconf 89' lang='lat' dir='ltr'>ate</span> <span class='ocrx_word' id='word_1_635' title='bbox 3388 4091 3578 4147; x_wconf 90' lang='lat' dir='ltr'>missi.</span> 
     </span>
    </p>
   </div>
   <div class='ocr_carea' id='block_1_93' title="bbox 1943 4177 3591 4251">
    <p class='ocr_par' dir='ltr' id='par_1_93' title="bbox 1943 4177 3591 4251">
     <span class='ocr_line' id='line_1_93' title="bbox 1943 4177 3591 4251; baseline 0.003 -21"><span class='ocrx_word' id='word_1_636' title='bbox 1943 4177 1995 4231; x_wconf 91' lang='lat' dir='ltr'>Si</span> <span class='ocrx_word' id='word_1_637' title='bbox 2022 4192 2157 4231; x_wconf 90' lang='lat' dir='ltr'>vero</span> <span class='ocrx_word' id='word_1_638' title='bbox 2180 4179 2502 4232; x_wconf 88' lang='lat' dir='ltr'>concordes</span> <span class='ocrx_word' id='word_1_639' title='bbox 2526 4179 2801 4233; x_wconf 84' lang='lat' dir='ltr'>fuerintet</span> <span class='ocrx_word' id='word_1_640' title='bbox 2820 4186 3117 4251; x_wconf 71' lang='lat' dir='ltr'>praecepta</span> <span class='ocrx_word' id='word_1_641' title='bbox 3149 4196 3283 4235; x_wconf 92' lang='lat' dir='ltr'>mea</span> <span class='ocrx_word' id='word_1_642' title='bbox 3304 4181 3591 4237; x_wconf 88' lang='lat' dir='ltr'>custodie-</span> 
     </span>
    </p>
   </div>
   <div class='ocr_carea' id='block_1_94' title="bbox 1941 4266 3594 4342">
    <p class='ocr_par' dir='ltr' id='par_1_94' title="bbox 1941 4266 3594 4342">
     <span class='ocr_line' id='line_1_94' title="bbox 1941 4266 3594 4342; baseline 0.004 -23"><span class='ocrx_word' id='word_1_643' title='bbox 1941 4266 2076 4331; x_wconf 88' lang='lat' dir='ltr'>rint,</span> <span class='ocrx_word' id='word_1_644' title='bbox 2101 4282 2311 4321; x_wconf 93' lang='lat' dir='ltr'>omnes</span> <span class='ocrx_word' id='word_1_645' title='bbox 2342 4273 2703 4335; x_wconf 87' lang='lat' dir='ltr'>cognoscent</span> <span class='ocrx_word' id='word_1_646' title='bbox 2723 4268 2885 4339; x_wconf 89' lang='lat' dir='ltr'>quod</span> <span class='ocrx_word' id='word_1_647' title='bbox 2920 4269 3032 4323; x_wconf 93' lang='lat' dir='ltr'>mei</span> <span class='ocrx_word' id='word_1_648' title='bbox 3062 4271 3178 4324; x_wconf 90' lang='lat' dir='ltr'>sint</span> <span class='ocrx_word' id='word_1_649' title='bbox 3210 4269 3503 4342; x_wconf 85' lang='lat' dir='ltr'>discipuli,</span> <span class='ocrx_word' id='word_1_650' title='bbox 3538 4274 3594 4326; x_wconf 88' lang='lat' dir='ltr'>et</span> 
     </span>
    </p>
   </div>
   <div class='ocr_carea' id='block_1_95' title="bbox 1944 4354 2627 4425">
    <p class='ocr_par' dir='ltr' id='par_1_95' title="bbox 1944 4354 2627 4425">
     <span class='ocr_line' id='line_1_95' title="bbox 1944 4354 2627 4425; baseline 0.004 -16"><span class='ocrx_word' id='word_1_651' title='bbox 1944 4354 2108 4425; x_wconf 91' lang='lat' dir='ltr'>quod</span> <span class='ocrx_word' id='word_1_652' title='bbox 2142 4359 2201 4409; x_wconf 88' lang='lat' dir='ltr'>tu</span> <span class='ocrx_word' id='word_1_653' title='bbox 2236 4371 2332 4411; x_wconf 91' lang='lat' dir='ltr'>me</span> <span class='ocrx_word' id='word_1_654' title='bbox 2373 4356 2627 4414; x_wconf 85' lang='lat' dir='ltr'>miseris.</span> 
     </span>
    </p>
   </div>
   <div class='ocr_carea' id='block_1_96' title="bbox 310 4502 1817 4612">
    <p class='ocr_par' dir='ltr' id='par_1_96' title="bbox 310 4535 1817 4612">
     <span class='ocr_line' id='line_1_96' title="bbox 310 4535 1817 4612; baseline -0.001 -22"><span class='ocrx_word' id='word_1_655' title='bbox 310 4543 507 4590; x_wconf 82' lang='grc' dir='ltr'>Καὶ-</span> <span class='ocrx_word' id='word_1_656' title='bbox 554 4538 749 4599; x_wconf 74' lang='grc' dir='ltr'>αὐτοῖς.</span> <span class='ocrx_word' id='word_1_657' title='bbox 798 4542 901 4597; x_wconf 77' lang='grc' dir='ltr'>Τὴν</span> <span class='ocrx_word' id='word_1_658' title='bbox 956 4536 1055 4590; x_wconf 84' lang='grc' dir='ltr'>ἀπὸ</span> <span class='ocrx_word' id='word_1_659' title='bbox 1088 4547 1186 4590; x_wconf 86' lang='grc' dir='ltr'>τῶν</span> <span class='ocrx_word' id='word_1_660' title='bbox 1228 4535 1573 4612; x_wconf 72' lang='grc' dir='ltr'>διδαγμάτων</span> <span class='ocrx_word' id='word_1_661' title='bbox 1601 4544 1689 4591; x_wconf 86' lang='grc' dir='ltr'>καὶ</span> <span class='ocrx_word' id='word_1_662' title='bbox 1738 4549 1817 4591; x_wconf 70' lang='grc' dir='ltr'>τώπ</span> 
     </span>
    </p>
   </div>
   <div class='ocr_carea' id='block_1_97' title="bbox 1938 4502 3596 4612">
    <p class='ocr_par' dir='ltr' id='par_1_97' title="bbox 2018 4534 3596 4601">
     <span class='ocr_line' id='line_1_97' title="bbox 2018 4534 3596 4601; baseline 0.001 -12"><span class='ocrx_word' id='word_1_663' title='bbox 2018 4538 2175 4595; x_wconf 88' lang='lat' dir='ltr'>Vers.</span> <span class='ocrx_word' id='word_1_664' title='bbox 2206 4534 2391 4591; x_wconf 73' lang='lat' dir='ltr'>22.Et</span> <span class='ocrx_word' id='word_1_665' title='bbox 2431 4567 2495 4577; x_wconf 95' lang='lat'>—</span> <span class='ocrx_word' id='word_1_666' title='bbox 2537 4535 2636 4591; x_wconf 87' lang='lat' dir='ltr'>eis.</span> <span class='ocrx_word' id='word_1_667' title='bbox 2668 4538 2803 4601; x_wconf 83' lang='lat' dir='ltr'>Quae</span> <span class='ocrx_word' id='word_1_668' title='bbox 2835 4552 2871 4593; x_wconf 89' lang='lat' dir='ltr'>a</span> <span class='ocrx_word' id='word_1_669' title='bbox 2913 4536 3183 4592; x_wconf 89' lang='lat' dir='ltr'>doctrina</span> <span class='ocrx_word' id='word_1_670' title='bbox 3213 4541 3268 4592; x_wconf 91' lang='lat' dir='ltr'>et</span> <span class='ocrx_word' id='word_1_671' title='bbox 3292 4536 3596 4592; x_wconf 89' lang='lat' dir='ltr'>miraculis</span> 
     </span>
    </p>
   </div>
   <div class='ocr_carea' id='block_1_98' title="bbox 240 4626 1837 4702">
    <p class='ocr_par' dir='ltr' id='par_1_98' title="bbox 240 4626 1837 4702">
     <span class='ocr_line' id='line_1_98' title="bbox 240 4626 1837 4702; baseline 0 -22"><span class='ocrx_word' id='word_1_672' title='bbox 240 4630 538 4701; x_wconf 80' lang='grc' dir='ltr'>θαυμάτων,</span> <span class='ocrx_word' id='word_1_673' title='bbox 575 4626 597 4700; x_wconf 96' lang='grc'>[</span> <span class='ocrx_word' id='word_1_674' title='bbox 628 4628 657 4686; x_wconf 76' lang='grc' dir='ltr'>ἢ</span> <span class='ocrx_word' id='word_1_675' title='bbox 706 4628 783 4699; x_wconf 88' lang='grc'>(3)</span> <span class='ocrx_word' id='word_1_676' title='bbox 836 4631 921 4679; x_wconf 79' lang='grc' dir='ltr'>καὶ</span> <span class='ocrx_word' id='word_1_677' title='bbox 952 4632 1041 4685; x_wconf 77' lang='grc' dir='ltr'>τὴν</span> <span class='ocrx_word' id='word_1_678' title='bbox 1090 4626 1190 4680; x_wconf 83' lang='grc' dir='ltr'>ἀπὸ</span> <span class='ocrx_word' id='word_1_679' title='bbox 1245 4636 1336 4688; x_wconf 87' lang='grc' dir='ltr'>τῆς</span> <span class='ocrx_word' id='word_1_680' title='bbox 1394 4630 1651 4700; x_wconf 83' lang='grc' dir='ltr'>ὁμονοίας.</span> <span class='ocrx_word' id='word_1_681' title='bbox 1678 4628 1699 4702; x_wconf 90' lang='grc'>]</span> <span class='ocrx_word' id='word_1_682' title='bbox 1727 4630 1837 4681; x_wconf 73' lang='grc' dir='ltr'>Οὐκ</span> 
     </span>
    </p>
   </div>
   <div class='ocr_carea' id='block_1_99' title="bbox 238 4714 1839 4791">
    <p class='ocr_par' dir='ltr' id='par_1_99' title="bbox 238 4714 1839 4791">
     <span class='ocr_line' id='line_1_99' title="bbox 238 4714 1839 4791; baseline 0 -21"><span class='ocrx_word' id='word_1_683' title='bbox 238 4717 443 4770; x_wconf 85' lang='grc' dir='ltr'>ἔλαττον</span> <span class='ocrx_word' id='word_1_684' title='bbox 469 4719 569 4791; x_wconf 74' lang='grc' dir='ltr'>γὰρ</span> <span class='ocrx_word' id='word_1_685' title='bbox 603 4714 657 4767; x_wconf 81' lang='grc' dir='ltr'>ἐκ</span> <span class='ocrx_word' id='word_1_686' title='bbox 682 4718 879 4777; x_wconf 83' lang='grc' dir='ltr'>ταύτης</span> <span class='ocrx_word' id='word_1_687' title='bbox 910 4716 938 4775; x_wconf 76' lang='grc' dir='ltr'>ἦ</span> <span class='ocrx_word' id='word_1_688' title='bbox 965 4714 1019 4767; x_wconf 80' lang='grc' dir='ltr'>ἐκ</span> <span class='ocrx_word' id='word_1_689' title='bbox 1040 4719 1232 4769; x_wconf 83' lang='grc' dir='ltr'>τούτων</span> <span class='ocrx_word' id='word_1_690' title='bbox 1252 4714 1582 4780; x_wconf 81' lang='grc' dir='ltr'>δοξάζονται.</span> <span class='ocrx_word' id='word_1_691' title='bbox 1628 4714 1839 4771; x_wconf 79' lang='grc' dir='ltr'>Δέδωκα</span> 
     </span>
    </p>
   </div>
   <div class='ocr_carea' id='block_1_100' title="bbox 242 4800 1833 4879">
    <p class='ocr_par' dir='ltr' id='par_1_100' title="bbox 242 4800 1833 4879">
     <span class='ocr_line' id='line_1_100' title="bbox 242 4800 1833 4879; baseline 0 -21"><span class='ocrx_word' id='word_1_692' title='bbox 242 4804 301 4859; x_wconf 77' lang='grc' dir='ltr'>δὲ</span> <span class='ocrx_word' id='word_1_693' title='bbox 342 4806 467 4871; x_wconf 76' lang='grc' dir='ltr'>εἶπε,</span> <span class='ocrx_word' id='word_1_694' title='bbox 497 4800 817 4879; x_wconf 80' lang='grc' dir='ltr'>παραδηλῶν</span> <span class='ocrx_word' id='word_1_695' title='bbox 848 4804 1114 4857; x_wconf 83' lang='grc' dir='ltr'>κάνταῦθα</span> <span class='ocrx_word' id='word_1_696' title='bbox 1138 4810 1228 4859; x_wconf 84' lang='grc' dir='ltr'>καὶ</span> <span class='ocrx_word' id='word_1_697' title='bbox 1284 4810 1342 4858; x_wconf 89' lang='grc' dir='ltr'>τὸ</span> <span class='ocrx_word' id='word_1_698' title='bbox 1388 4806 1568 4859; x_wconf 78' lang='grc' dir='ltr'>ἑαυτοῦ</span> <span class='ocrx_word' id='word_1_699' title='bbox 1613 4806 1833 4879; x_wconf 81' lang='grc' dir='ltr'>ἀξίωμα,</span> 
     </span>
    </p>
   </div>
   <div class='ocr_carea' id='block_1_101' title="bbox 236 4895 1838 4973">
    <p class='ocr_par' dir='ltr' id='par_1_101' title="bbox 236 4895 1838 4973">
     <span class='ocr_line' id='line_1_101' title="bbox 236 4895 1838 4973; baseline 0.001 -26"><span class='ocrx_word' id='word_1_700' title='bbox 236 4900 329 4947; x_wconf 84' lang='grc' dir='ltr'>καὶ</span> <span class='ocrx_word' id='word_1_701' title='bbox 358 4898 416 4947; x_wconf 88' lang='grc' dir='ltr'>τὸ</span> <span class='ocrx_word' id='word_1_702' title='bbox 464 4898 595 4971; x_wconf 86' lang='grc' dir='ltr'>πρὸς</span> <span class='ocrx_word' id='word_1_703' title='bbox 625 4898 710 4947; x_wconf 88' lang='grc' dir='ltr'>τὸν</span> <span class='ocrx_word' id='word_1_704' title='bbox 740 4899 942 4972; x_wconf 83' lang='grc' dir='ltr'>Πατέρα</span> <span class='ocrx_word' id='word_1_705' title='bbox 971 4897 1240 4970; x_wconf 81' lang='grc' dir='ltr'>ὁμότιμον,</span> <span class='ocrx_word' id='word_1_706' title='bbox 1274 4898 1446 4973; x_wconf 83' lang='grc' dir='ltr'>ὥσπερ</span> <span class='ocrx_word' id='word_1_707' title='bbox 1468 4902 1557 4951; x_wconf 83' lang='grc' dir='ltr'>καὶ</span> <span class='ocrx_word' id='word_1_708' title='bbox 1584 4895 1631 4949; x_wconf 81' lang='grc' dir='ltr'>ἐν</span> <span class='ocrx_word' id='word_1_709' title='bbox 1670 4897 1838 4958; x_wconf 78' lang='grc' dir='ltr'>ἄλλοις</span> 
     </span>
    </p>
   </div>
   <div class='ocr_carea' id='block_1_102' title="bbox 236 4984 499 5045">
    <p class='ocr_par' dir='ltr' id='par_1_102' title="bbox 236 4984 499 5045">
     <span class='ocr_line' id='line_1_102' title="bbox 236 4984 499 5045; baseline -0.004 -6"><span class='ocrx_word' id='word_1_710' title='bbox 236 4984 499 5045; x_wconf 81' lang='grc' dir='ltr'>πολλάκις.</span> 
     </span>
    </p>
   </div>
   <div class='ocr_carea' id='block_1_103' title="bbox 313 5108 1398 5177">
    <p class='ocr_par' dir='ltr' id='par_1_103' title="bbox 313 5108 1398 5177">
     <span class='ocr_line' id='line_1_103' title="bbox 313 5108 1398 5177; baseline 0.004 -13"><span class='ocrx_word' id='word_1_711' title='bbox 313 5109 358 5145; x_wconf 76' lang='grc' dir='ltr'>ἰθ</span> <span class='ocrx_word' id='word_1_712' title='bbox 392 5108 545 5166; x_wconf 91' lang='lat' dir='ltr'>Psal.</span> <span class='ocrx_word' id='word_1_713' title='bbox 573 5126 726 5177; x_wconf 82' lang='lat' dir='ltr'>XLIII,</span> <span class='ocrx_word' id='word_1_714' title='bbox 758 5110 845 5167; x_wconf 72' lang='lat'>‘22.</span> <span class='ocrx_word' id='word_1_715' title='bbox 960 5114 1007 5148; x_wconf 81' lang='grc'>⁴⁹</span> <span class='ocrx_word' id='word_1_716' title='bbox 1042 5113 1185 5169; x_wconf 82' lang='lat' dir='ltr'>Rom</span> <span class='ocrx_word' id='word_1_717' title='bbox 1213 5129 1311 5177; x_wconf 81' lang='lat' dir='ltr'>xu,</span> <span class='ocrx_word' id='word_1_718' title='bbox 1348 5113 1398 5168; x_wconf 88' lang='grc'><strong>1.</strong></span> 
     </span>
    </p>
   </div>
   <div class='ocr_carea' id='block_1_104' title="bbox 1514 5111 2021 5175">
    <p class='ocr_par' dir='ltr' id='par_1_104' title="bbox 1514 5111 2021 5175">
     <span class='ocr_line' id='line_1_104' title="bbox 1514 5111 2021 5175; baseline -0.008 -5"><span class='ocrx_word' id='word_1_719' title='bbox 1514 5114 1560 5149; x_wconf 78' lang='grc' dir='ltr'>⁵ο</span> <span class='ocrx_word' id='word_1_720' title='bbox 1586 5115 1754 5169; x_wconf 82' lang='lat' dir='ltr'>Joan.</span> <span class='ocrx_word' id='word_1_721' title='bbox 1786 5128 1903 5175; x_wconf 71' lang='lat' dir='ltr'>xxv,</span> <span class='ocrx_word' id='word_1_722' title='bbox 1934 5111 2021 5166; x_wconf 83' lang='lat' dir='ltr'>2t.</span> 
     </span>
    </p>
   </div>
   <div class='ocr_carea' id='block_1_105' title="bbox 1947 4624 3599 4697">
    <p class='ocr_par' dir='ltr' id='par_1_105' title="bbox 1947 4624 3599 4697">
     <span class='ocr_line' id='line_1_105' title="bbox 1947 4624 3599 4697; baseline 0.001 -18"><span class='ocrx_word' id='word_1_723' title='bbox 1947 4624 2235 4697; x_wconf 81' lang='lat' dir='ltr'>procedit,</span> <span class='ocrx_word' id='word_1_724' title='bbox 2265 4630 2521 4695; x_wconf 69' lang='lat' dir='ltr'>autquaa</span> <span class='ocrx_word' id='word_1_725' title='bbox 2544 4640 2579 4680; x_wconf 88' lang='lat' dir='ltr'>a</span> <span class='ocrx_word' id='word_1_726' title='bbox 2613 4624 2933 4680; x_wconf 90' lang='lat' dir='ltr'>concordia</span> <span class='ocrx_word' id='word_1_727' title='bbox 2960 4641 3184 4697; x_wconf 89' lang='lat' dir='ltr'>;neque</span> <span class='ocrx_word' id='word_1_728' title='bbox 3201 4626 3356 4679; x_wconf 90' lang='lat' dir='ltr'>enim</span> <span class='ocrx_word' id='word_1_729' title='bbox 3385 4641 3452 4680; x_wconf 85' lang='lat' dir='ltr'>ex</span> <span class='ocrx_word' id='word_1_730' title='bbox 3486 4625 3599 4680; x_wconf 89' lang='lat' dir='ltr'>hac</span> 
     </span>
    </p>
   </div>
   <div class='ocr_carea' id='block_1_106' title="bbox 1948 4713 3603 4785">
    <p class='ocr_par' dir='ltr' id='par_1_106' title="bbox 1948 4713 3603 4785">
     <span class='ocr_line' id='line_1_106' title="bbox 1948 4713 3603 4785; baseline -0.001 -16"><span class='ocrx_word' id='word_1_731' title='bbox 1948 4714 2335 4785; x_wconf 87' lang='lat' dir='ltr'>minusquam</span> <span class='ocrx_word' id='word_1_732' title='bbox 2350 4730 2421 4768; x_wconf 84' lang='lat' dir='ltr'>ex</span> <span class='ocrx_word' id='word_1_733' title='bbox 2452 4713 2565 4769; x_wconf 88' lang='lat' dir='ltr'>illis</span> <span class='ocrx_word' id='word_1_734' title='bbox 2594 4713 3019 4783; x_wconf 84' lang='lat' dir='ltr'>gloriﬁcantur.</span> <span class='ocrx_word' id='word_1_735' title='bbox 3055 4715 3203 4770; x_wconf 80' lang='lat' dir='ltr'>Dedi</span> <span class='ocrx_word' id='word_1_736' title='bbox 3231 4719 3427 4770; x_wconf 91' lang='lat' dir='ltr'>autem</span> <span class='ocrx_word' id='word_1_737' title='bbox 3453 4714 3603 4769; x_wconf 81' lang='lat' dir='ltr'>dixit</span> 
     </span>
    </p>
   </div>
   <div class='ocr_carea' id='block_1_107' title="bbox 1951 4802 3605 4874">
    <p class='ocr_par' dir='ltr' id='par_1_107' title="bbox 1951 4802 3605 4874">
     <span class='ocr_line' id='line_1_107' title="bbox 1951 4802 3605 4874; baseline 0 -15"><span class='ocrx_word' id='word_1_738' title='bbox 1951 4804 2130 4861; x_wconf 89' lang='lat' dir='ltr'>etiam</span> <span class='ocrx_word' id='word_1_739' title='bbox 2154 4802 2270 4869; x_wconf 90' lang='lat' dir='ltr'>hic,</span> <span class='ocrx_word' id='word_1_740' title='bbox 2300 4809 2355 4859; x_wconf 88' lang='lat' dir='ltr'>et</span> <span class='ocrx_word' id='word_1_741' title='bbox 2386 4819 2556 4859; x_wconf 89' lang='lat' dir='ltr'>suam</span> <span class='ocrx_word' id='word_1_742' title='bbox 2578 4802 2893 4860; x_wconf 90' lang='lat' dir='ltr'>insinuans</span> <span class='ocrx_word' id='word_1_743' title='bbox 2926 4804 3296 4873; x_wconf 86' lang='lat' dir='ltr'>dignitatem,</span> <span class='ocrx_word' id='word_1_744' title='bbox 3326 4807 3382 4858; x_wconf 82' lang='lat' dir='ltr'>et</span> <span class='ocrx_word' id='word_1_745' title='bbox 3407 4818 3605 4874; x_wconf 81' lang='lat' dir='ltr'>aequa-</span> 
     </span>
    </p>
   </div>
   <div class='ocr_carea' id='block_1_108' title="bbox 1945 4892 3607 4967">
    <p class='ocr_par' dir='ltr' id='par_1_108' title="bbox 1945 4892 3607 4967">
     <span class='ocr_line' id='line_1_108' title="bbox 1945 4892 3607 4967; baseline 0.002 -19"><span class='ocrx_word' id='word_1_746' title='bbox 1945 4892 2063 4949; x_wconf 86' lang='lat' dir='ltr'>lem</span> <span class='ocrx_word' id='word_1_747' title='bbox 2086 4908 2222 4948; x_wconf 90' lang='lat' dir='ltr'>cum</span> <span class='ocrx_word' id='word_1_748' title='bbox 2240 4893 2404 4948; x_wconf 87' lang='lat' dir='ltr'>Patre</span> <span class='ocrx_word' id='word_1_749' title='bbox 2425 4892 2713 4949; x_wconf 88' lang='lat' dir='ltr'>honorem</span> <span class='ocrx_word' id='word_1_750' title='bbox 2738 4910 2755 4949; x_wconf 88' lang='lat'><strong><em>:</em></strong></span> <span class='ocrx_word' id='word_1_751' title='bbox 2777 4893 3295 4967; x_wconf 86' lang='lat' dir='ltr'>quemadmodum</span> <span class='ocrx_word' id='word_1_752' title='bbox 3334 4893 3607 4967; x_wconf 86' lang='lat' dir='ltr'>frequen-</span> 
     </span>
    </p>
   </div>
   <div class='ocr_carea' id='block_1_109' title="bbox 1942 4981 2479 5041">
    <p class='ocr_par' dir='ltr' id='par_1_109' title="bbox 1942 4981 2479 5041">
     <span class='ocr_line' id='line_1_109' title="bbox 1942 4981 2479 5041; baseline -0.007 0"><span class='ocrx_word' id='word_1_753' title='bbox 1942 4988 2031 5040; x_wconf 90' lang='lat' dir='ltr'>ter</span> <span class='ocrx_word' id='word_1_754' title='bbox 2060 4982 2192 5041; x_wconf 87' lang='lat' dir='ltr'>aliis</span> <span class='ocrx_word' id='word_1_755' title='bbox 2212 4983 2273 5038; x_wconf 91' lang='lat' dir='ltr'>in</span> <span class='ocrx_word' id='word_1_756' title='bbox 2313 4981 2479 5040; x_wconf 85' lang='lat' dir='ltr'>locis.</span> 
     </span>
    </p>
   </div>
   <div class='ocr_carea' id='block_1_110' title="bbox 2137 5109 2646 5179">
    <p class='ocr_par' dir='ltr' id='par_1_110' title="bbox 2137 5109 2646 5179">
     <span class='ocr_line' id='line_1_110' title="bbox 2137 5109 2646 5179; baseline 0.004 -14"><span class='ocrx_word' id='word_1_757' title='bbox 2137 5109 2182 5145; x_wconf 71' lang='grc'>⁵1</span> <span class='ocrx_word' id='word_1_758' title='bbox 2210 5109 2388 5166; x_wconf 88' lang='lat' dir='ltr'>Joan.</span> <span class='ocrx_word' id='word_1_759' title='bbox 2430 5126 2524 5179; x_wconf 83' lang='lat' dir='ltr'>xv,</span> <span class='ocrx_word' id='word_1_760' title='bbox 2561 5113 2646 5168; x_wconf 81' lang='grc'><strong>12.</strong></span> 
     </span>
    </p>
   </div>
   <div class='ocr_carea' id='block_1_111' title="bbox 1483 5264 2381 5334">
    <p class='ocr_par' dir='ltr' id='par_1_111' title="bbox 1483 5264 2381 5334">
     <span class='ocr_line' id='line_1_111' title="bbox 1483 5264 2381 5334; baseline -0.006 0"><span class='ocrx_word' id='word_1_761' title='bbox 1483 5265 1705 5334; x_wconf 66' lang='lat' dir='ltr'>Variae</span> <span class='ocrx_word' id='word_1_762' title='bbox 1731 5264 2054 5333; x_wconf 84' lang='lat' dir='ltr'>lectiones</span> <span class='ocrx_word' id='word_1_763' title='bbox 2088 5273 2150 5330; x_wconf 81' lang='lat' dir='ltr'>et</span> <span class='ocrx_word' id='word_1_764' title='bbox 2183 5273 2381 5330; x_wconf 75' lang='lat' dir='ltr'>notae.</span> 
     </span>
    </p>
   </div>
   <div class='ocr_carea' id='block_1_112' title="bbox 317 5404 918 5480">
    <p class='ocr_par' dir='ltr' id='par_1_112' title="bbox 317 5404 918 5480">
     <span class='ocr_line' id='line_1_112' title="bbox 317 5404 918 5480; baseline 0 -19"><span class='ocrx_word' id='word_1_765' title='bbox 317 5404 427 5480; x_wconf 88' lang='grc'>(98)</span> <span class='ocrx_word' id='word_1_766' title='bbox 475 5405 619 5480; x_wconf 54' lang='grc' dir='ltr'>μοιτά</span> <span class='ocrx_word' id='word_1_767' title='bbox 647 5411 830 5480; x_wconf 85' lang='grc' dir='ltr'>μικρὸν</span> <span class='ocrx_word' id='word_1_768' title='bbox 846 5479 850 5480; x_wconf 13' lang='grc' dir='ltr'><em>γ</em></span> <span class='ocrx_word' id='word_1_769' title='bbox 866 5412 918 5462; x_wconf 92' lang='lat' dir='ltr'>B.</span> 
     </span>
    </p>
   </div>
   <div class='ocr_carea' id='block_1_113' title="bbox 318 5478 1849 5551">
    <p class='ocr_par' dir='ltr' id='par_1_113' title="bbox 318 5478 1849 5551">
     <span class='ocr_line' id='line_1_113' title="bbox 318 5478 1849 5551; baseline 0.004 -20"><span class='ocrx_word' id='word_1_770' title='bbox 318 5478 430 5551; x_wconf 68' lang='lat'>(99)</span> <span class='ocrx_word' id='word_1_771' title='bbox 473 5478 766 5551; x_wconf 82' lang='lat' dir='ltr'>Interpres</span> <span class='ocrx_word' id='word_1_772' title='bbox 794 5479 891 5534; x_wconf 91' lang='lat' dir='ltr'>hic</span> <span class='ocrx_word' id='word_1_773' title='bbox 921 5494 1171 5551; x_wconf 84' lang='lat' dir='ltr'>prorsus</span> <span class='ocrx_word' id='word_1_774' title='bbox 1200 5478 1478 5537; x_wconf 83' lang='lat' dir='ltr'>dissentit</span> <span class='ocrx_word' id='word_1_775' title='bbox 1516 5497 1551 5538; x_wconf 92' lang='lat' dir='ltr'>a</span> <span class='ocrx_word' id='word_1_776' title='bbox 1594 5480 1728 5536; x_wconf 89' lang='lat' dir='ltr'>meis</span> <span class='ocrx_word' id='word_1_777' title='bbox 1750 5497 1849 5537; x_wconf 94' lang='lat' dir='ltr'>co-</span> 
     </span>
    </p>
   </div>
   <div class='ocr_carea' id='block_1_114' title="bbox 245 5494 1488 5623">
    <p class='ocr_par' dir='ltr' id='par_1_114' title="bbox 245 5494 1488 5623">
     <span class='ocr_line' id='line_1_114' title="bbox 318 5494 1478 5604; baseline 0.002 -71"><span class='ocrx_word' id='word_1_778' title='bbox 318 5494 430 5548; x_wconf 68' lang='grc' dir='ltr'>(νυ)</span> <span class='ocrx_word' id='word_1_779' title='bbox 473 5494 766 5604; x_wconf 50' lang='lat' dir='ltr'>interpres</span> <span class='ocrx_word' id='word_1_780' title='bbox 794 5494 891 5534; x_wconf 87' lang='lat' dir='ltr'>mc</span> <span class='ocrx_word' id='word_1_781' title='bbox 921 5494 1171 5551; x_wconf 85' lang='lat' dir='ltr'>prorsus</span> <span class='ocrx_word' id='word_1_782' title='bbox 1200 5494 1478 5537; x_wconf 80' lang='lat' dir='ltr'>dissentit</span> 
     </span>
     <span class='ocr_line' id='line_1_115' title="bbox 245 5549 1488 5623; baseline -0.001 -16"><span class='ocrx_word' id='word_1_783' title='bbox 245 5549 505 5623; x_wconf 75' lang='lat' dir='ltr'>dicihus.</span> <span class='ocrx_word' id='word_1_784' title='bbox 553 5551 623 5606; x_wconf 87' lang='lat' dir='ltr'>Se</span> <span class='ocrx_word' id='word_1_785' title='bbox 697 5549 825 5623; x_wconf 43' lang='lat' dir='ltr'>haec</span> <span class='ocrx_word' id='word_1_786' title='bbox 847 5551 1021 5607; x_wconf 87' lang='lat' dir='ltr'>lectio</span> <span class='ocrx_word' id='word_1_787' title='bbox 1051 5552 1244 5623; x_wconf 86' lang='lat' dir='ltr'>magis</span> <span class='ocrx_word' id='word_1_788' title='bbox 1276 5551 1488 5623; x_wconf 87' lang='lat' dir='ltr'>placet.</span> 
     </span>
    </p>
   </div>
   <div class='ocr_carea' id='block_1_115' title="bbox 320 5620 1847 5698">
    <p class='ocr_par' dir='ltr' id='par_1_115' title="bbox 320 5620 1847 5698">
     <span class='ocr_line' id='line_1_116' title="bbox 320 5620 1847 5698; baseline 0.003 -24"><span class='ocrx_word' id='word_1_789' title='bbox 320 5620 401 5693; x_wconf 86' lang='lat'>(1)</span> <span class='ocrx_word' id='word_1_790' title='bbox 444 5620 528 5677; x_wconf 90' lang='lat' dir='ltr'>Ita</span> <span class='ocrx_word' id='word_1_791' title='bbox 565 5636 637 5676; x_wconf 85' lang='lat' dir='ltr'>ex</span> <span class='ocrx_word' id='word_1_792' title='bbox 686 5621 1114 5694; x_wconf 85' lang='lat' dir='ltr'>Chrysostomo</span> <span class='ocrx_word' id='word_1_793' title='bbox 1159 5620 1398 5689; x_wconf 77' lang='lat' dir='ltr'>laudat,</span> <span class='ocrx_word' id='word_1_794' title='bbox 1432 5630 1575 5682; x_wconf 82' lang='lat' dir='ltr'>tom.</span> <span class='ocrx_word' id='word_1_795' title='bbox 1612 5623 1755 5693; x_wconf 87' lang='lat' dir='ltr'>VIII,</span> <span class='ocrx_word' id='word_1_796' title='bbox 1787 5640 1847 5698; x_wconf 91' lang='lat' dir='ltr'>p.</span> 
     </span>
    </p>
   </div>
   <div class='ocr_carea' id='block_1_116' title="bbox 573 5717 1236 5775">
    <p class='ocr_par' dir='ltr' id='par_1_116' title="bbox 573 5717 1236 5775">
     <span class='ocr_line' id='line_1_117' title="bbox 573 5717 1236 5775; baseline 0.002 -4"><span class='ocrx_word' id='word_1_797' title='bbox 573 5717 809 5774; x_wconf 78' lang='lat' dir='ltr'>PATROL.</span> <span class='ocrx_word' id='word_1_798' title='bbox 854 5718 959 5775; x_wconf 77' lang='lat' dir='ltr'>Gn.</span> <span class='ocrx_word' id='word_1_799' title='bbox 996 5718 1236 5775; x_wconf 86' lang='lat' dir='ltr'>CXXIX.</span> 
     </span>
    </p>
   </div>
   <div class='ocr_carea' id='block_1_117' title="bbox 1957 5405 2144 5464">
    <p class='ocr_par' dir='ltr' id='par_1_117' title="bbox 1957 5405 2144 5464">
     <span class='ocr_line' id='line_1_118' title="bbox 1957 5405 2144 5464; baseline -0.005 0"><span class='ocrx_word' id='word_1_800' title='bbox 1957 5405 2062 5464; x_wconf 68' lang='grc'>484</span> <span class='ocrx_word' id='word_1_801' title='bbox 2106 5410 2144 5463; x_wconf 85' lang='lat' dir='ltr'>C</span> 
     </span>
    </p>
   </div>
   <div class='ocr_carea' id='block_1_118' title="bbox 2054 5478 2733 5535">
    <p class='ocr_par' dir='ltr' id='par_1_118' title="bbox 2054 5478 2733 5535">
     <span class='ocr_line' id='line_1_119' title="bbox 2054 5478 2733 5535; baseline 0.001 -1"><span class='ocrx_word' id='word_1_802' title='bbox 2054 5482 2107 5535; x_wconf 71' lang='lat'>2)</span> <span class='ocrx_word' id='word_1_803' title='bbox 2151 5478 2386 5535; x_wconf 90' lang='lat' dir='ltr'>Inclusa</span> <span class='ocrx_word' id='word_1_804' title='bbox 2425 5478 2646 5534; x_wconf 89' lang='lat' dir='ltr'>absunt</span> <span class='ocrx_word' id='word_1_805' title='bbox 2667 5480 2733 5535; x_wconf 86' lang='lat' dir='ltr'>A.</span> 
     </span>
    </p>
   </div>
   <div class='ocr_carea' id='block_1_119' title="bbox 2054 5482 2732 5623">
    <p class='ocr_par' dir='ltr' id='par_1_119' title="bbox 2054 5482 2732 5623">
     <span class='ocr_line' id='line_1_120' title="bbox 2054 5482 2732 5535; baseline 0.003 -2"><span class='ocrx_word' id='word_1_806' title='bbox 2054 5483 2085 5533; x_wconf 78' lang='lat'><strong>2</strong></span> <span class='ocrx_word' id='word_1_807' title='bbox 2151 5482 2386 5535; x_wconf 90' lang='lat' dir='ltr'>Inclusa</span> <span class='ocrx_word' id='word_1_808' title='bbox 2425 5482 2646 5534; x_wconf 89' lang='lat' dir='ltr'>absunt</span> <span class='ocrx_word' id='word_1_809' title='bbox 2667 5482 2732 5535; x_wconf 86' lang='lat' dir='ltr'><strong>A.</strong></span> 
     </span>
     <span class='ocr_line' id='line_1_121' title="bbox 2054 5482 2732 5623; baseline 0.009 -18"><span class='ocrx_word' id='word_1_810' title='bbox 2054 5482 2107 5623; x_wconf 55' lang='lat'>3;</span> <span class='ocrx_word' id='word_1_811' title='bbox 2148 5551 2380 5608; x_wconf 91' lang='lat' dir='ltr'>Inclusa</span> <span class='ocrx_word' id='word_1_812' title='bbox 2418 5550 2631 5607; x_wconf 87' lang='lat' dir='ltr'>absunt</span> <span class='ocrx_word' id='word_1_813' title='bbox 2660 5557 2732 5611; x_wconf 82' lang='lat' dir='ltr'>A.</span> 
     </span>
    </p>
   </div>
   <div class='ocr_carea' id='block_1_120' title="bbox 3234 5721 3304 5778">
    <p class='ocr_par' dir='ltr' id='par_1_120' title="bbox 3234 5721 3304 5778">
     <span class='ocr_line' id='line_1_122' title="bbox 3234 5721 3304 5778; baseline 0.029 -2"><span class='ocrx_word' id='word_1_814' title='bbox 3234 5721 3304 5778; x_wconf 75' lang='grc'>46</span> 
     </span>
    </p>
   </div>
  </div>
