4130 6320
566 258 700 317 1451

636 386 783 443 Vers
809 388 899 441 22.
941 387 1012 443 Ut
1039 416 1106 427 ——
1143 402 1358 444 sumus.
1393 388 1514 445 Hoc
1554 388 1833 461 superius
1859 404 2103 462 quoque
2130 388 2217 443 di-
2249 389 2294 441 A

564 480 725 533 ctum
752 490 823 531 ac
850 475 1216 533 declaratum
1246 483 1333 533 est
1361 494 1373 532 :
1402 482 1459 534 et
1482 493 1643 534 nunc
1668 477 1826 533 idem
1854 478 2013 543 dicit,
2044 478 2218 533 vehe-

562 569 793 622 menter
815 566 1062 638 cupiens
1087 566 1351 639 imprimi
1379 567 1660 624 cordibus
1679 582 1908 633 eorum,
1933 573 2215 635 tanquam

562 652 824 710 maxime
863 656 1289 712 necessarium.

637 743 798 798 Vers.
834 746 922 800 23.
951 744 1068 814 Ego
1096 775 1166 785 —
1195 760 1297 801 me.
1334 744 1456 815 Ego
1477 744 1538 800 in
1567 745 1650 801 eis
1684 760 1922 815 maneo,
1963 750 2022 799 et
2051 748 2114 800 tu
2153 744 2214 800 in

559 847 679 898 me,
710 831 826 887 hoc
850 837 955 901 est,
988 848 1099 904 ego
1142 838 1198 889 et
1229 840 1288 890 tu
1319 834 1378 889 in
1410 834 1493 890 eis
1533 850 1863 900 manemus,
1909 833 2213 905 quomodo

560 936 704 992 ergo
730 936 853 977 non
884 936 986 978 eos
1014 924 1545 979 conservabimus?
1573 922 1726 979 Alibi
1752 938 1991 995 quoque
2020 922 2168 978 dixit
2195 940 2208 977 :

560 1009 620 1066 Si
646 1012 774 1082 quis
793 1010 985 1082 diligit
1002 1027 1111 1077 me,
1125 1027 1445 1069 sermonem
1461 1029 1647 1070 meum
1669 1014 1941 1077 servabit,
1956 1019 2009 1069 et
2028 1015 2213 1069 Pater

556 1114 710 1156 meus
737 1099 939 1169 diliget
959 1115 1111 1166 eum,
1131 1108 1182 1157 et
1198 1102 1275 1157 ad
1288 1117 1421 1157 eum
1444 1102 1737 1158 veniemus
1759 1117 1830 1159 ac
1849 1102 2208 1158 mansionem

558 1189 723 1257 apud
743 1204 871 1245 eum
889 1188 1179 1257 faciemus
1192 1191 1259 1244 ⁸³.
1288 1190 1400 1246 Sed
1423 1205 1535 1260 ego
1553 1189 1800 1262 quidem
1826 1191 1885 1246 in
1898 1190 1982 1245 eis
2004 1190 2210 1247 divino

555 1277 740 1333 modo
769 1280 1013 1350 propter
1039 1278 1243 1345 ﬁdem,
1276 1284 1338 1335 tu
1368 1294 1509 1336 vero
1531 1280 1591 1335 in
1625 1294 1719 1335 me
1744 1285 1997 1351 paterno
2024 1279 2208 1336 modo

555 1371 798 1440 propter
826 1373 1125 1424 naturam.

626 1546 787 1601 Vers.
838 1545 926 1599 23.
960 1546 1031 1602 Ut
1057 1576 1127 1587 —-
1177 1562 1386 1605 unum.
1416 1547 1483 1603 In
1512 1547 1821 1613 unitatem,
1862 1546 1924 1603 in
1965 1562 2209 1605 concor-

553 1631 730 1688 diam.
761 1633 1279 1698 Quemadmodum
1295 1635 1455 1692 enim
1481 1635 1690 1692 seditio
1718 1635 2006 1702 dissolvit,
2041 1636 2125 1693 sic
2154 1642 2212 1692 et

552 1722 874 1779 concordia
897 1729 1244 1796 congregat.

618 1811 779 1867 Vers.
805 1811 892 1868 23.
935 1813 1011 1868 Et
1052 1843 1120 1853 —
1162 1815 1392 1870 miseris
1428 1815 1539 1884 (Η-
1581 1814 1860 1886 Superius
1896 1816 2073 1871 etiam
2117 1815 2210 1869 di-

547 1906 714 1956 xerat
748 1916 760 1954 :
795 1901 868 1957 Ut
892 1902 1146 1957 mundus
1166 1904 1390 1969 credat,
1419 1919 1511 1959 me
1531 1919 1567 1959 a
1600 1909 1657 1959 te
1679 1904 1919 1959 missum
1943 1918 2065 1959 esse
2085 1906 2156 1958 ⁸³.
2191 1919 2213 1991 )

550 1989 767 2045 lterum
800 2005 942 2061 ergo
989 1990 1153 2046 idem
1188 1990 1351 2058 dicit,
1382 1998 1445 2047 ut
1473 1992 1703 2047 ﬁrmius
1742 1992 2069 2048 concordes
2094 1989 2211 2048 sint

546 2078 824 2133 certiores
848 2077 1038 2134 effecti
1068 2079 1230 2150 quod
1257 2095 1327 2136 ac
1351 2081 1613 2136 maxime
1639 2080 1716 2137 ad
1745 2081 1921 2135 ﬁdem
1948 2077 2210 2136 attrahat

544 2166 840 2223 homines.

617 2254 780 2311 Vers.
814 2256 901 2312 23.
934 2257 1094 2313 Et—
1123 2257 1408 2315 dilexisti.
1443 2260 1592 2314 Nam
1626 2258 1865 2331 signum
1892 2258 2000 2314 fuit
2030 2257 2209 2314 dilec-

546 2346 721 2402 tionis
748 2361 975 2413 eorum,
1027 2348 1192 2420 quod
1239 2364 1347 2404 nec
1373 2349 1618 2421 proprio
1665 2349 1805 2404 Filio
1836 2353 1939 2404 tuo
1969 2353 2208 2420 propter

544 2449 648 2491 eos
676 2436 1030 2507 peperceris.
1064 2437 1165 2492 Hic
1184 2453 1427 2511 quoque
1449 2439 1629 2494 dictio
1658 2439 1834 2503 sicut,
1866 2453 1987 2493 non
2009 2453 2207 2510 aequa-

544 2523 791 2583 litatem.
843 2525 947 2581 sed
1001 2525 1447 2583 similitudinem
1504 2527 1838 2600 quamdam
1887 2526 2203 2596 signiﬁcat,

544 2614 1053 2684 quemadmodum
1070 2615 1128 2671 in
1160 2617 1636 2688 praecedentibus
1661 2616 2051 2672 ostendimus.
2078 2618 2208 2671 Fre-

544 2708 796 2774 quenter
825 2709 1027 2760 autem
1058 2706 1173 2761 hoc
1198 2707 1386 2778 ponit,
1421 2706 1745 2762 consolans
1784 2721 1885 2762 eos
1918 2721 2024 2777 per
2046 2705 2203 2761 simi-

543 2791 855 2849 litudinem
875 2809 1061 2866 quam
1074 2794 1426 2867 ergaipsum
1442 2795 1666 2851 habent
1685 2794 2035 2851 etﬁduciam
2052 2811 2200 2867 prae-

541 2879 711 2937 bene.

615 2968 707 3024 Ad
749 2969 911 3025 hunc
949 2986 1144 3044 usque
1176 2971 1374 3028 locum
1412 2972 1487 3028 de
1517 2972 1828 3028 dilectione
1858 2990 1928 3029 ac
1959 2990 2199 3031 concor-

543 3057 642 3114 dia
674 3073 1009 3115 sermonem
1040 3061 1340 3117 extendit:
1371 3061 1653 3133 deinceps
1696 3078 1838 3117 vero
1869 3063 1943 3118 de
1977 3063 2196 3118 braviis
2239 3102 2278 3133 ,η

538 3162 782 3220 quoque
795 3152 851 3204 et
867 3152 1104 3206 coronis
1116 3150 1372 3217 disserit,
1390 3167 1520 3223 qum
1534 3167 1645 3223 por
1654 3156 1992 3220 presentem
2010 3152 2065 3208 vi
2075 3157 2194 3209 tam

542 3236 655 3293 illis
706 3238 971 3310 reposita
1025 3244 1182 3307 sunt,
1230 3244 1292 3296 ut
1335 3240 1687 3314 ampliorem
1739 3245 1981 3298 sumant
2041 3240 2191 3297 fidu-

540 3341 693 3383 cram
705 3369 717 3382 .

612 3417 770 3472 Vers.
812 3415 901 3472 24.
930 3419 1117 3474 Pater
1160 3448 1231 3460 —
1280 3434 1528 3475 mecum.
1586 3419 1648 3473 In
1690 3433 1877 3489 regno
1924 3418 2196 3475 videlicet

537 3509 978 3575 conregnantes
996 3505 1162 3562 mihi.

609 3594 770 3649 Vers.
799 3596 895 3652 24.
933 3595 1003 3652 Ut
1028 3626 1096 3637 -—
1124 3595 1290 3652 mihi.
1320 3595 1575 3652 Gloriam
1620 3595 1967 3662 divinitatis,
2007 3611 2191 3668 quam

536 3681 755 3739 dedisti
804 3683 971 3750 mihi,
1018 3700 1138 3741 non
1181 3690 1465 3758 tanquam
1505 3685 1720 3741 minori
1761 3690 1862 3741 aut
1898 3685 2193 3757 posterius

537 3772 756 3843 genito,
787 3773 893 3829 sed
940 3777 1231 3848 tanquam
1282 3774 1666 3847 principium,
1712 3775 1837 3829 sive
1887 3774 1938 3829 is
1962 3775 2065 3846 qui
2099 3791 2192 3830 me

535 3862 758 3931 genuit.
798 3863 1052 3928 Quando
1079 3870 1279 3921 autem
1309 3862 1469 3919 dedit
1496 3864 1524 3918 ?
1556 3863 1807 3929 Quando
1839 3863 2057 3919 scilicet
2095 3879 2192 3932 ge-

533 3952 680 4008 nuit.
714 3953 965 4019 Quando
991 3969 1133 4009 vero
1168 3954 1425 4024 genuit?
1484 3953 1745 4018 Quaestio
1796 3954 2038 4024 quando
2077 3953 2192 4008 hoc

532 4039 724 4108 fuerit,
748 4057 1085 4097 sermonem
1103 4040 1960 4113 habetincomprehensibilem
1981 4058 1995 4109 ;
2013 4042 2122 4096 sim
2134 4052 2190 4108 ul

532 4128 693 4183 enim
738 4134 796 4184 et
840 4135 966 4185 erat
1013 4135 1069 4185 et
1122 4130 1369 4199 genuit:
1416 4146 1525 4186 nec
1575 4129 1685 4185 fuit
1744 4134 2004 4201 tempus,
2068 4147 2190 4202 quo

532 4216 706 4272 Pater
722 4221 867 4287 erat,
899 4223 953 4274 et
979 4233 1101 4273 non
1127 4224 1254 4273 erat
1284 4222 1471 4273 Pater.
1519 4219 1669 4283 Quia
1707 4222 1907 4272 autem
1938 4219 2188 4275 verbum

532 4305 782 4373 Dedisti,
802 4322 940 4363 cum
954 4307 1029 4362 sit
1040 4321 1170 4362 sese
1183 4306 1567 4371 demittentis,
1585 4306 1952 4377 quibusdam
1968 4310 2093 4379 pari
2104 4315 2190 4365 tu-

530 4410 667 4450 rum
698 4400 823 4452 erat
839 4394 1285 4462 oﬁendiculum,
1317 4410 1439 4467 quo
1469 4395 1762 4451 videretur
1789 4396 2187 4453 minoritatem

532 4482 755 4540 addere
784 4484 946 4552 Filio,
988 4484 1128 4541 huic
1167 4500 1409 4558 quoque
1441 4486 1709 4540 medetur
1733 4484 1939 4541 dicens
1967 4501 1980 4541 :

603 4572 773 4629 Vers.
798 4575 891 4631 24.
932 4574 1080 4640 Quia
1111 4605 1175 4616 —
1198 4574 1503 4631 mundum.
1526 4577 1643 4630 Hoc
1666 4578 1754 4630 est
1785 4579 1919 4631 ante
1945 4575 2183 4631 saecula.

533 4664 684 4719 Nam
722 4662 805 4718 ita
850 4662 1183 4732 signiﬁcare
1230 4663 1380 4720 solet
1429 4663 1724 4735 Scriptura
1766 4664 2180 4723 aeternitatem.

530 4753 661 4809 Non
691 4751 839 4807 dixit
886 4757 1107 4819 autem,
1143 4754 1212 4809 Ut
1255 4753 1371 4808 sint
1395 4751 1717 4824 participes
1759 4752 1961 4822 glorias
2009 4770 2175 4820 mete,

531 4840 638 4896 sed
667 4840 740 4898 Ut
764 4840 1025 4898 videant.
1055 4841 1204 4896 Illud
1236 4856 1495 4913 namque
1526 4856 1708 4913 supra
1732 4841 1970 4897 illorum
1995 4841 2177 4898 facul-

529 4934 714 4987 tatem
747 4934 871 4986 erat
902 4950 915 4991 :
949 4930 1059 4987 hoc
1086 4946 1225 4987 vero
1250 4934 1374 4986 tota
1395 4928 1631 4986 illorum
1661 4929 1858 4987 fruitio
1876 4936 1982 4997 est,
2010 4931 2178 5004 quod

602 5082 844 5139 “Joan.
874 5097 993 5149 xiv,
1034 5083 1123 5137 23.
1243 5083 1289 5118 ⁵³
1332 5082 1503 5139 Joan.
1535 5097 1672 5147 xvu,
1708 5086 1795 5137 2t.

1886 258 2227 319 EUTHYMII
2268 260 2596 319 ZIGABENI

3838 262 3976 316 1452

2395 387 2506 440 Ἵνα
2593 418 2662 429 --
2734 386 2907 458 ἐσμέν.
2982 394 3147 439 Τοῦτο
3220 392 3310 439 καὶ
3386 386 3633 461 ἀνωτέρω
3723 390 3971 459 εἴρηται,

2324 482 2412 528 καὶ
2442 478 2779 551 ἡρμήνευται.
2827 477 2845 547 [
2897 481 2997 529 Καὶ
3034 483 3123 527 νῦν
3152 477 3228 547 (4)
3285 473 3344 529 δε
3389 484 3549 528 τοῦτο
3609 476 3790 547 λέγει,
3844 482 3971 547 σεξο-

2326 562 2429 637 δρα
2463 574 2615 618 τοῦτο
2645 564 2952 638 βουλόμενος
2999 564 3182 618 ἐνεῖναι
3230 570 3429 632 αὐτοῖς,
3481 568 3554 627 ὡς
3588 563 3971 634 ἀναγκαιόταο

2325 673 2430 706 τον.

2392 744 2522 815 Ἐγὼ
2569 774 2630 783 --
2683 742 2816 814 ἐμοί.
2868 744 3000 814 Ἐγὼ
3058 742 3106 795 ἐν
3160 743 3337 804 αὐτοῖς
3390 747 3545 815 μένω,
3609 748 3715 795 καὶ
3772 748 3850 795 σὺ
3919 743 3969 794 ἐν

2321 829 2453 903 ἐμοὶ,
2486 836 2775 897 τουτέστιν,
2805 830 2904 903 ἐγὼ
2949 836 3039 884 καὶ
3081 836 3147 884 σὺ
3197 831 3245 883 ἓν
3302 833 3475 892 αὐτοῖς
3543 836 3808 904 μένομεν,
3876 839 3964 883 καὶ

2320 929 2425 981 πῶς
2467 921 2526 972 οὐ
2564 926 2955 994 σνντηρήσομεν
2989 922 3066 991 (5)
3117 924 3303 983 αὐτούς
3344 938 3357 988 ;
3406 920 3536 994 [Καὶ
3586 920 3858 992 ἀλλαχοῦ
3908 918 3965 973 δὲ

2320 1012 2518 1082 εἴρηκεν
2591 1026 2604 1039 ·
2664 1011 2782 1063 Ἐάν
2855 1029 2937 1071 τις
3013 1008 3196 1081 ἀγαπᾷ
3273 1029 3355 1081 με,
3447 1013 3533 1062 τὸν
3602 1008 3777 1081 λόγον
3856 1029 3961 1081 μου

2317 1106 2557 1173 τηρήσει,
2627 1106 2717 1152 καὶ
2774 1101 2799 1152 ὁ
2874 1105 3057 1174 Πατήρ
3111 1120 3212 1171 μου
3267 1097 3527 1170 ἀγαπήσει
3590 1099 3790 1166 αὐτὸν,
3870 1105 3956 1150 κεί

2317 1192 2443 1262 πρὸς
2522 1189 2674 1241 αὐτὸν
2735 1187 3068 1261 ἐλευσόμεθα,
3157 1194 3247 1240 καὶ
3329 1192 3487 1260 μονὴν
3568 1190 3708 1261 παρ’
3811 1188 3961 1255 αὐτῷ

2316 1282 2623 1349 ποιήσομεν.
2678 1277 2816 1333 Ἀλλ’
2895 1276 2995 1349 ἐγὼ
3077 1280 3169 1350 μεν
3235 1280 3287 1329 ἓν
3338 1281 3510 1336 αὐτοῖς
3609 1279 3956 1341 θεοπρεπῶς,

2320 1362 2414 1419 διὰ
2453 1371 2545 1424 τὴν
2592 1371 2771 1420 πίστιν
2798 1382 2810 1396 ·
2846 1370 2911 1419 σὺ
2940 1364 2998 1419 δὲ
3028 1364 3077 1417 ἐν
3107 1366 3220 1439 ἐμοὶ
3249 1374 3648 1440 πατροπρεπῶς,
3707 1363 3817 1418 διὰ
3862 1372 3958 1423 τήν

2319 1455 2524 1529 φύσιν.]

2386 1545 2498 1598 Ἰνα
2534 1576 2601 1586 —-
2641 1547 2712 1600 ἓν.

2318 1638 2419 1709 γὰρ
2485 1637 2515 1692 ἡ
2602 1637 2805 1697 στάσις
2864 1632 3067 1688 διαλύει
3110 1635 3295 1699 οὕτως,

2797 1546 2881 1606 Εἰς
2945 1547 3147 1611 ἕνωσιν,
3226 1544 3298 1605 εἰς
3378 1545 3643 1616 ὁμόνοιαν.
3735 1544 3959 1617 Ὠσπερ

2249 1746 2291 1799 Β
2320 1730 2510 1797 κροτεῖ.

2396 1818 2494 1866 Καὶ
2526 1843 2591 1853 -
2636 1812 2959 1873 απεστιιλας.
3014 1812 3142 1885 [Καὶ
3184 1812 3260 1883 (6)
3330 1809 3561 1886 ἀνωτέρω
3602 1809 3755 1864 εἶπεν
3796 1829 3812 1843 ·
3844 1812 3959 1865 Ἵνα

2322 1906 2346 1955 ὁ
2371 1908 2566 1974 κόσμος
2593 1904 2848 1974 πιστεύσῃ
2881 1904 2960 1953 ὃτι
3001 1904 3065 1953 σύ
3104 1919 3169 1972 με
3230 1899 3552 1962 ἀπέστειλας.
3586 1901 3605 1970 ]
3645 1902 3835 1952 Πάλιν
3864 1900 3955 1954 οὖν

2319 1996 2377 2044 τὸ
2410 1991 2536 2043 αὐτό
2568 2009 2724 2062 φησιν
2760 1989 2888 2062 [ἵνα
2922 1988 3143 2062 βεϐαίως
3170 1989 3248 2058 (7)
3279 1990 3555 2061 ὁμονοῶσι,
3590 1988 3953 2064 πληροφορηο

2322 2082 2481 2142 θέντες
2512 2082 2593 2131 ὅτι
2622 2088 2771 2131 τοῦτο
2815 2078 3004 2151 μᾶλλον
3039 2081 3166 2152 πρὸς
3192 2082 3372 2129 πίστιν
3421 2076 3798 2130 ἐπισπάσεται
3831 2085 3951 2139 τοὺς

2320 2166 2667 2243 ἀνθρώπους.]

2390 2262 2585 2311 Καὶ-
2622 2258 2926 2329 ἠγάπησας.
2971 2259 3260 2329 Τεκμήριον
3288 2256 3386 2326 γὰρ
3444 2261 3540 2315 τῆς
3586 2253 3820 2325 ἀγάπης
3852 2259 3946 2308 αὐ-

2315 2355 2436 2413 τῶν,
2469 2350 2527 2399 τὸ
2575 2343 2713 2419 μηδέ
2740 2352 2828 2398 τοῦ
2872 2341 3012 2397 ἰδίου
3046 2364 3140 2396 σου
3170 2346 3294 2396 Υἱοῦ
3329 2344 3614 2416 φείσασθαι
3646 2345 3793 2419 ὑπὲρ
3856 2348 3948 2397 αὖ·

2314 2445 2430 2489 τῶν.
2468 2434 2746 2489 Κάνταῦθα
2772 2431 2830 2487 δὲ
2866 2437 2922 2486 τὸ
2953 2436 3142 2503 καθὼς,
3178 2432 3272 2484 οὐκ
3305 2432 3543 2497 ἰσότητα,
3584 2431 3701 2483 ἀλλ’
3740 2437 3941 2506 ὁμοίω-

2317 2531 2396 2578 σίν
2437 2545 2552 2577 τινα
2583 2522 2756 2590 δηλοῖ,
2810 2526 3042 2597 καθάπερ
3092 2520 3433 2597 προλαϐόντες
3474 2528 3943 2594 παρεσημειωσά-

2312 2617 2465 2687 μεθα.
2500 2613 2716 2681 [Τίθησι
2746 2612 2823 2685 (8)
2867 2609 2924 2665 δὲ
2950 2620 3101 2664 τοῦτο
3142 2620 3395 2682 συνεχῶς,
3445 2612 3945 2684 παραμυθούμενος

2313 2703 2499 2765 αὐτοὺς
2532 2700 2626 2755 διὰ
2650 2710 2740 2764 τῆς
2768 2705 2897 2777 πρὸς
2929 2702 3109 2754 ἑαυτὸν
3140 2702 3434 2772 ὁμοιώσεως
3457 2704 3548 2751 καὶ
3581 2699 3807 2774 θαρρεῖν
3841 2721 3945 2753 πα-

2310 2796 2501 2866 ρέχων.

2380 2973 2556 3044 Μέχρι
2585 2971 2771 3021 τούτου
2801 2970 2868 3021 τὰ
2904 2972 3022 3042 περὶ
3070 2987 3273 3039 αγαπης
3298 2972 3389 3020 καὶ
3415 2967 3658 3040 ὁμονοίας
3684 2978 3935 3043 περιττω-

2312 3078 2426 3123 σας,
2457 3055 2754 3130 διαλέγεται
2772 3057 2951 3110 λοιπὸν
2973 3060 3062 3109 καὶ
3075 3062 3190 3129 περὶ
3218 3065 3317 3109 τῶν
3347 3060 3479 3128 μετὰ
3507 3061 3603 3115 τὴν
3634 3066 3937 3132 παροῦσαν

2310 3151 2446 3210 ζωὴν
2477 3146 2821 3219 ἀποκειμένων
2868 3146 3047 3208 αὐτοῖς
3090 3144 3345 3220 βραϐιίων
3374 3150 3465 3198 καὶ
3496 3147 3797 3218 στεφάνων,
3848 3150 3937 3199 ἱνα

2305 3237 2452 3290 πλέον
2487 3235 2648 3312 θαρῥή
2659 3237 2838 3307 σωσι.]

2375 3417 2544 3491 Πάτερ
2571 3446 2639 3456 —
2667 3414 2812 3487 ἐμοῦ.
2842 3415 2924 3468 Ἐν
2946 3421 3008 3487 τῇ
3035 3413 3280 3488 βασιλείᾳ
3309 3432 3427 3481 σου,
3460 3411 3737 3483 δηλονότι,
3775 3435 3934 3489 συμ-

2305 3504 2659 3566 ϐασιλεύοντές
2688 3523 2799 3576 μοι.

2372 3592 2482 3647 Ἰνα
2513 3612 2717 3666 -μοι,
2764 3596 2869 3650 Τὴν
2916 3588 3075 3654 δόξαν
3133 3599 3231 3654 τῆς
3261 3593 3520 3655 θεότητος,
3565 3591 3627 3648 ἣν
3672 3588 3935 3657 δέδωκάς

2302 3702 2409 3755 μοι,
2445 3682 2549 3755 οὐχ
2606 3685 2676 3742 ὡς
2721 3680 2948 3733 ἐλάττονι
2984 3681 3015 3740 ἣ
3048 3682 3388 3754 ὑστερογενεί,
3433 3680 3536 3732 ἀλλ’
3591 3682 3663 3742 ὡς
3729 3686 3927 3750 αἴτιος,

2303 3775 2466 3825 εἷτουν
2519 3774 2586 3833 ὡς
2622 3790 2877 3843 γεννησας
2909 3789 2990 3842 με.
3036 3770 3193 3840 [Πότε
3222 3770 3297 3841 (9)
3353 3765 3412 3821 δὲ
3456 3765 3687 3821 δέδωκεν
3735 3788 3751 3837 ;
3795 3772 3933 3826 Ὀτι

2303 3858 2545 3920 δηλονότι
2607 3864 2878 3933 γεγέννηκε
2937 3875 2955 3892 ο
3019 3864 3143 3911 πότε
3208 3855 3269 3911 δε
3322 3863 3617 3930 γεγέννηκεν
3686 3876 3702 3926 ;
3762 3860 3930 3935 Ὑπὲρ

2300 3956 2359 4004 τὸ
2410 3958 2533 4005 πότε
2589 3954 2646 4004 τὸ
2721 3952 2982 4024 ἐρώτημα,
3048 3948 3201 4000 καὶὸ
3237 3947 3388 4019 λόγος
3429 3945 3723 4020 ἀνέφικτος.
3772 3949 3929 4025 “Αμα

2299 4045 2400 4116 γὰρ
2448 4045 2539 4093 καὶ
2598 4036 2677 4105 ἦν,
2730 4042 2816 4091 καὶ
2867 4042 3158 4110 γεγέννηκε,
3238 4041 3329 4089 καὶ
3381 4037 3476 4089 οὐκ
3533 4033 3615 4104 ἦν,
3674 4039 3767 4091 ὅτε
3822 4042 3923 4093 οὐκ

2302 4128 2361 4189 ἧν
2420 4134 2594 4202 Πατὴρ
2654 4130 2679 4180 ὀ
2734 4132 2935 4201 Πατήρ.
2994 4127 3139 4179 Ἐπεὶ
3228 4122 3288 4178 δὲ
3341 4129 3397 4177 τὸ
3452 4122 3717 4197 Δέδωκας,
3786 4147 3923 4200 συγ.

2298 4218 2645 4272 καταϐατικόν
2703 4217 2779 4285 ὃν,
2842 4215 3011 4289 ἔμελλέ
3060 4235 3174 4268 τισι
3216 4219 3403 4267 τίκτειν
3464 4211 3788 4285 σκάνδαλον,
3825 4215 3920 4270 δο-

2299 4317 2420 4362 κοῦν
2477 4308 2759 4361 ἐλάττωσιν
2802 4307 3102 4379 περιάπτειν
3135 4312 3208 4376 τῷ
3264 4306 3389 4375 Υἰῷ,
3438 4306 3711 4379 θεραπεύει
3750 4314 3912 4360 τοῦτο

2296 4398 2455 4471 λέγων

2365 4576 2487 4629 Ὀτι
2535 4606 2605 4617 -
2656 4578 2876 4647 κόσμου.
2926 4576 3198 4641 Τουτέστι,
3265 4574 3364 4645 πρὸ
3451 4572 3670 4626 αἰώνων.
3750 4575 3900 4627 Οὕτω

2294 4668 2394 4740 γὰρ
2441 4668 2471 4724 ἡ
2515 4668 2690 4740 Γραφὴ
2721 4660 2877 4722 δηλοῖ
2902 4666 2961 4715 τὸ
2992 4659 3198 4724 ἀῑδίως.
3231 4662 3343 4715 Οὐκ
3372 4658 3481 4715 εἷπε
3507 4659 3588 4729 δὲ,
3624 4664 3709 4716 ἵνα
3750 4668 3895 4735 prri-

2289 4774 2435 4827 χωσι
2477 4762 2569 4815 τῆς
2615 4750 2771 4816 δόξης
2825 4760 2920 4814 τῆς
2967 4750 3115 4823 ἐμῆς,
3168 4749 3276 4803 ἀλλ’
3333 4749 3448 4805 Ἰνα
3510 4753 3764 4827 θεωρῶσι.
3817 4756 3891 4805 Τὸ

2287 4848 2376 4917 μὲν
2419 4847 2516 4916 γὰρ
2584 4846 2710 4917 ὑπὲρ
2757 4841 2946 4903 αὐτοὺς
2993 4837 3075 4905 ἧν,

2286 4932 2477 4999 αὐτοῖς,
2509 4932 2533 4985 ὃ
2560 4937 2649 4987 καὶ
2679 4931 2883 4995 Παῠλὸς
2931 4948 3087 5005 φησιν

3157 4842 3217 4892 τὸ
3294 4835 3354 4893 δὲ
3404 4846 3553 4894 πᾶσα
3602 4839 3900 4906 ἀπόλαυσις

3131 4943 3147 4961 ⁸
3199 4929 3697 5004 ’Δνακεκαλυμμένῳ
3726 4950 3895 5004 προσ.

1725 5260 1949 5330 Variae
1998 5261 2324 5332 lectiones
2366 5272 2430 5330 et
2481 5272 2684 5331 notas.

601 5457 677 5529 (4)
705 5454 936 5514 Inclusa
978 5454 1195 5514 omittit
1226 5459 1293 5512 A.

601 5459 677 5601 (4)
705 5459 936 5514 Inclusa
978 5459 1195 5514 omittit
1226 5459 1293 5512 A.

601 5530 655 5598 (5
758 5534 1163 5604 Συντηρήσωμεν
1237 5531 1303 5584 Α.

527 5600 713 5657 clusa.

600 5671 675 5756 (6)
712 5668 942 5730 Inclusa
969 5670 1253 5730 omiserat
1277 5670 1636 5731 Hentenius.

1378 5528 1536 5584 Idem
1617 5544 1758 5587 mox
1823 5529 2042 5588 omittit
2091 5530 2183 5587 in-

2391 5460 2419 5513 7
2475 5459 2709 5515 Inclusa
2740 5459 2969 5514 absunt
3007 5459 3073 5512 A.

2368 5459 2446 5602 (8)
2489 5529 2727 5602 Inclusa
2766 5528 2987 5586 absunt
3016 5532 3085 5586 A.

2391 5460 2444 5515 7)
2475 5457 2709 5515 Inclusa
2740 5456 2969 5514 absunt
3007 5457 3073 5512 A.

2391 5461 2419 5513 7
2475 5461 2709 5515 Inclusa
2740 5461 2969 5514 absunt
3007 5461 3051 5512 A

2369 5461 2446 5677 (8)
2489 5529 2727 5587 Inclusa
2766 5528 2987 5586 absunt
3016 5532 3057 5584 A

2369 5606 2423 5670 (9
2485 5601 2719 5659 Inclusa
2744 5602 2964 5659 absunt
2987 5603 3057 5660 A.

3378 1636 3404 1692 ἡ
3462 1639 3759 1706 συμφωνία
3823 1655 3959 1706 συγ-
4054 1632 4055 1647 “
