4130 6320
235 362 257 423 οι
273 361 380 424 453

235 515 362 564 ωπῳ
439 499 534 552 τὴν
620 490 778 557 δόξαν
883 498 1076 566 Κυρίου
1167 493 1646 564 κατοπτριζόμενοι.

235 585 398 652 γέστη
471 586 572 656 γὰρ
643 587 794 645 ὅντως
872 581 1020 649 δόξα,

237 670 423 726 αὐτοῦ.

1103 586 1160 634 τὸ
1240 584 1441 656 Θεωρεῖν
1497 585 1590 638 τὴν
1678 575 1834 641 δόξαν

314 762 482 833 Πάτερ
543 757 730 815 δίκαιε.
793 766 998 814 Δίκαιον
1057 761 1210 813 αὐτὸν
1265 760 1400 832 λέγει
1456 766 1564 822 νῦν,
1642 760 1706 818 ὡς
1765 759 1839 809 θέ-

236 845 410 915 λοντα,
469 854 540 920 μὴ
596 856 774 922 μόνοις
821 848 1121 914 Ἰουδαίοις,
1162 843 1288 902 ἀλλὰ
1335 855 1495 902 πᾶσιν
1554 846 1840 921 ἀνθρώποις

239 933 648 1006 ἐπιγνωσθῆναι,
691 941 775 992 ἵνα
827 942 1006 1000 πάντες
1062 939 1352 1006 σώζωνται,
1409 941 1497 989 καὶ
1544 932 1725 1008 μηδεὶς
1765 932 1836 987 δι’

239 1025 455 1096 ἄγνοιαν
486 1026 762 1087 ἀπόληται.
795 1037 957 1082 Τοῦτο
986 1029 1097 1100 (10)
1119 1031 1220 1102 γὰρ
1250 1026 1541 1101 ἀκροτάτης
1569 1023 1840 1078 δικαιοσύ-

238 1132 333 1174 νης
355 1120 444 1167 καὶ
477 1114 820 1188 ἀγαθὸτητος.

319 1207 689 1278 Καὶ-ἔγνω,
727 1205 808 1279 [Ὁ
857 1211 945 1281 μὲν
999 1207 1148 1270 ἄλλος
1176 1209 1287 1279 (11)
1345 1211 1558 1278 κόσμος,
1614 1201 1728 1257 οὐδ’
1784 1204 1839 1256 ὅ-

239 1291 340 1355 λως
541 1296 588 1346 οἱ
620 1292 679 1348 δὲ
712 1293 960 1350 Ἰουδαῖοι
1015 1298 1148 1370 (13),
1208 1301 1411 1370 Πατέρα
1463 1314 1584 1368 μου,
1638 1291 1731 1346 διὰ
1781 1296 1838 1345 τὸ

242 1379 609 1457 ἐθελοκακεῖν.]

318 1562 459 1634 Ἐγὼ
486 1595 551 1604 -
579 1566 752 1636 ἔγνων.
786 1568 962 1622 Φύσει.

319 1657 420 1704 Καὶ
459 1685 526 1694 -
556 1652 876 1715 ἀπέστειλας.
908 1658 973 1708 Οἱ
1002 1657 1236 1728 μαθηταί
1279 1675 1378 1728 μου
1412 1657 1637 1726 ἔγνωσαν
1668 1660 1837 1722 τούτο,

243 1738 331 1812 ἀφ’
363 1742 430 1793 ὧν
457 1740 598 1795 εἷπον
627 1748 717 1796 xui
746 1743 942 1817 ἔπραξα
974 1747 1282 1819 Θεοπρεπῶς.

321 1923 423 1972 Καὶ
467 1952 536 1961 —
593 1940 705 1974 σου.
757 1924 825 1974 Τὸ
875 1930 970 1983 τῆς
1028 1927 1364 1995 πατρότητος.
1400 1929 1578 1974 Ταῦτα
1616 1924 1728 1991 (14)
1784 1919 1842 1975 δὲ

246 2013 340 2061 xui
394 2008 628 2085 ἀνωτέρω
687 2013 880 2084 εἴρηκε,
933 2016 1022 2064 xui
1073 2019 1160 2063 νῦν
1187 2010 1324 2083 λέγει
1361 2011 1513 2064 πάλιν
1545 2010 1842 2084 ἐπαναλαμ-

248 2096 412 2150 ϐάνων
421 2141 434 2152 .

323 2193 423 2240 Καὶ
473 2194 733 2262 γνωρίσω.
794 2189 912 2242 Ἐπὶ
960 2190 1108 2242 πλέον
1169 2186 1260 2242 διὰ
1311 2197 1402 2242 τοῦ
1473 2189 1625 2261 ἁγίου
1697 2192 1846 2242 Πνεύ-

247 2297 431 2347 ματος.
457 2277 613 2352 Ὁρᾷς
661 2279 742 2330 ὅτι
783 2280 956 2352 ὥσπερ
989 2281 1014 2330 ὸ
1050 2284 1227 2353 Πατήρ
1261 2279 1398 2351 λέγει
1429 2275 1522 2330 διὰ
1571 2286 1662 2330 τοῦ
1695 2279 1845 2350 ἁγίου

251 2368 566 2439 “redituros”
625 2367 758 2418 οὕτω
811 2372 899 2418 καὶ
955 2369 980 2419 ὁ
1038 2370 1157 2430 Υἱὸς
1193 2369 1438 2440 γνωρίζει
1489 2363 1562 2419 δι’
1614 2368 1771 2420 αύτού
1815 2366 1849 2418 ἃ

249 2453 496 2527 βούλεται
537 2463 644 2516 τοῖς
672 2457 952 2526 μαθηταῖς.
988 2455 1099 2528 Ἀφ’
1130 2457 1196 2507 ὧν
1237 2453 1382 2516 αὖθις
1411 2459 1469 2508 τὸ
1495 2456 1729 2528 ἰσότιμον
1761 2460 1848 2507 καὶ

250 2547 525 2618 σύμφωνον
552 2552 642 2604 τῆς
670 2544 824 2614 ἁγίας
848 2541 1076 2617 Τριάδος
1107 2541 1392 2597 δείκνυται.

605 2721 628 2739 τ’

319 2722 432 2775 Ἵνα
481 2753 547 2764 -
711 2728 974 2797 Γνωρίσω,
1023 2728 1201 2796 φησὶν,
1263 2723 1430 2785 αὐτοῖς
1478 2723 1561 2776 ἐπὶ
1604 2724 1751 2777 πλέον
1790 2728 1848 2776 τὸ

251 2813 413 2883 ὄνομα
476 2831 592 2881 σου,
641 2814 723 2864 ἱνα
769 2821 921 2864 τούτο
977 2821 1150 2884 σαφῶς
1196 2815 1558 2886 γνωρισοίντων
1598 2818 1685 2865 xui
1735 2810 1852 2865 citu-

254 2905 498 2968 γνόντων,
555 2902 632 2952 ὅτι
678 2906 892 2970 γνήσιος
943 2904 1062 2961 Υἱὸς
1109 2900 1209 2972 ἐγώ
1262 2903 1375 2973 (15)
1435 2921 1527 2954 σου
1573 2908 1660 2955 xui
1702 2905 1852 2975 φύσει

255 2987 545 3060 ἀγαπητὸς,
587 2991 616 3046 ἡ
667 2992 884 3047 τοιαύτη
929 2989 1125 3062 ἀγάπη,
1173 2992 1202 3049 ἡ
1253 2995 1449 3062 γνησία
1477 2997 1567 3042 καὶ
1599 2995 1767 3064 φύσει,
1804 2991 1850 3043 ἐν

255 3076 430 3136 αὐτοῖς
460 3080 536 3135 εἴη
565 3078 937 3150 γνωριζομένη.

1213 357 1574 422 COMMENT.
1619 366 1686 420 ΙΝ
1725 357 2078 420 JOANNEM.
2120 394 2186 403 —
2228 357 2381 418 CAP.
2421 358 2622 420 XVIII.

3466 363 3598 421 1454

1736 496 1834 543 ΜΞ·
1865 489 1912 543 Α
1951 498 2127 553 etiam
2153 497 2295 552 dicit
2321 499 2537 553 Paulus
2571 515 2582 553 :
2619 501 2845 556 Detecta
2872 499 3023 569 facie
3048 498 3299 570 gloriam
3329 500 3433 556 Dei
3463 517 3594 556 con-

1951 588 2288 656 templantes
2320 588 2387 642 5‘.
2424 588 2726 660 Siquidem
2756 604 2893 644 vere
2940 589 3206 644 maxima
3249 594 3336 644 est
3386 590 3595 660 gloria,

1948 675 2078 746 ejus
2110 675 2304 730 videre
2335 675 2610 745 gloriam.

2022 766 2178 820 Vers.
2343 766 2518 820 Pater
2543 769 2719 834 jusle.
2772 768 3008 821 Justum
3054 783 3192 822 eum
3232 783 3387 823 nunc
3435 767 3595 834 dicit,

1949 858 2147 924 utpote
2178 853 2479 909 volentem
2511 870 2631 910 non
2664 871 2700 911 a
2729 855 2867 910 solis
2896 856 3138 925 Iudaeis,
3171 872 3379 912 verum
3419 858 3598 913 etiam

1950 942 2028 996 ab
2058 942 2338 998 omnibus
2378 943 2728 999 hominibus
2772 944 3042 1014 agnosci,
3092 949 3156 1001 ut
3197 960 3408 1000 omnes
3449 946 3599 1002 salvi

1948 1031 2171 1096 ﬁerent,
2221 1036 2278 1086 et
2307 1032 2505 1088 nullus
2550 1049 2656 1104 per
2703 1034 3105 1103 ignorantiam
3154 1034 3410 1106 periret:
3454 1051 3600 1092 nam

1947 1120 2005 1175 id
2037 1127 2310 1176 extremae
2334 1121 2573 1190 justitiae
2605 1127 2690 1176 est
2722 1139 2791 1178 ac
2823 1123 3125 1179 bonitatis.

2020 1212 2180 1264 Vers.
2223 1212 2312 1266 25.
2335 1212 2416 1266 Et
2442 1242 2506 1250 —
2548 1212 2826 1282 cognovit.
2866 1212 3117 1268 Gentiles
3159 1211 3402 1284 quidem
3439 1212 3600 1268 nullo

1949 1299 2155 1367 modo,
2178 1315 2315 1354 cum
2338 1300 2594 1355 adorent
2624 1300 2784 1356 idola
2805 1319 2821 1371 ;
2852 1301 3040 1357 Judaei
3072 1317 3210 1357 vero
3232 1317 3349 1356 non
3385 1317 3600 1372 cogno-

1947 1392 2157 1444 verunt
2188 1392 2261 1454 te,
2293 1389 2439 1460 quia
2460 1392 2671 1461 sponte
2702 1393 3042 1461 peccantes,
3071 1395 3295 1461 negant
3315 1396 3368 1446 te
3396 1406 3599 1446 meum

1950 1492 2077 1532 esse
2108 1479 2364 1534 Patrem.

2020 1568 2179 1621 Vers.
2213 1568 2300 1622 25.
2331 1567 2453 1636 Ego
2485 1599 2551 1608 —
2584 1569 2849 1638 cognovi.
2881 1570 3122 1624 Natura.

2023 1655 2181 1709 Vers.
2210 1655 2297 1709 25.
2325 1656 2399 1710 Et
2425 1688 2492 1694 —
2524 1656 2748 1713 misisti.
2781 1656 3055 1727 Discipuli
3089 1657 3204 1712 mei
3234 1657 3348 1713 hoc
3375 1672 3602 1727 cogno-

1950 1749 2164 1800 verunt
2192 1761 2260 1799 ex
2293 1744 2387 1799 his
2415 1761 2548 1817 quae
2580 1761 2682 1801 eos
2711 1745 2908 1809 docui,
2938 1750 2994 1801 et
3023 1745 3227 1802 divino
3253 1747 3433 1803 modo
3463 1762 3602 1819 ope-

1877 1840 1921 1895 B
1950 1838 2116 1889 ratus
2145 1849 2299 1888 sum.

2023 1923 2185 1976 Vers.
2212 1924 2301 1977 26.
2351 1923 2428 1978 Et
2459 1955 2526 1962 —
2557 1929 2745 1979 tuum.
2789 1925 3016 1978 Nomen
3047 1923 3434 1994 paternitatis.
3470 1927 3604 1980 Haec

1953 2015 2152 2067 autem
2183 2011 2361 2066 etiam
2401 2012 2676 2084 superius
2707 2011 2875 2077 dixit,
2917 2015 2975 2066 et
3003 2027 3163 2067 nunc
3193 2013 3405 2068 iterum
3442 2028 3606 2083 repe-

1955 2104 2136 2155 tendo
2166 2099 2324 2156 dicit.

2029 2190 2194 2244 Vers.
2220 2189 2308 2246 26.
2339 2191 2404 2244 Et
2422 2196 2622 2246 notum
2631 2189 2880 2260 faciam.
2899 2190 3167 2262 Amplius
3195 2205 3298 2262 per
3322 2190 3606 2262 Spiritum

1958 2283 2251 2334 sanctum.
2308 2280 2500 2345 Vides,
2550 2279 2717 2351 quod
2773 2279 2923 2334 sicut
2976 2282 3145 2334 Pater
3198 2279 3461 2351 loquitur
3503 2295 3608 2350 per

1959 2367 2233 2438 Spiritum
2279 2373 2570 2432 sanctum,
2621 2368 2703 2423 ita
2744 2371 2796 2422 et
2846 2367 3024 2422 Filius
3069 2373 3281 2422 notum
3325 2367 3466 2423 facit
3508 2383 3609 2438 per

1957 2457 2156 2527 ipsum
2207 2456 2508 2525 discipulis
2556 2472 2692 2527 quae
2741 2455 2988 2511 voluerit
3028 2457 3055 2510 ?
3099 2472 3170 2510 ex
3220 2456 3439 2527 quibus
3489 2472 3611 2511 rur-

1960 2561 2094 2598 sum
2126 2544 2369 2599 honoris
2399 2544 2709 2616 aequalitas
2739 2560 2808 2600 ac
2839 2545 3159 2600 concordia
3186 2550 3404 2601 sanctae
3430 2545 3611 2600 Trini-

1959 2634 2094 2689 tatis
2123 2633 2474 2689 ostenditur.

2030 2725 2191 2778 Vers.
2238 2726 2325 2777 26.
2364 2723 2438 2780 Ut
2468 2755 2536 2762 —
2564 2723 2660 2779 sit.
2708 2727 2923 2780 Notum
2962 2723 3200 2788 faciam,
3231 2723 3446 2796 inquit,
3487 2739 3614 2780 am-

1961 2810 2117 2883 plius
2158 2827 2380 2866 nomen
2411 2817 2602 2881 tuum,
2656 2819 2719 2868 ut
2749 2829 2889 2868 cum
2939 2813 3054 2868 hoc
3097 2812 3491 2882 cognoverint
3544 2829 3612 2868 ac

1963 2899 2278 2955 didicerint
2299 2901 2462 2972 quod
2485 2901 2772 2957 naturalis
2796 2903 2906 2956 sim
2937 2902 3111 2957 Filius
3135 2905 3293 2968 tuus,
3321 2907 3376 2957 et
3397 2906 3615 2956 natura

1963 2989 2235 3058 dilectus,
2264 2989 2612 3060 hujusmodi
2655 2990 2910 3056 dilectio,
2957 3007 3091 3062 quae
3131 2991 3394 3060 ingenua
3439 2995 3526 3046 est
3555 2993 3610 3046 et

1963 3094 2070 3150 per
2095 3082 2388 3145 naturam,
2425 3079 2491 3134 sit
2524 3079 2583 3134 in
2609 3080 2692 3134 eis
2718 3096 2824 3150 per
2855 3079 3278 3149 cognitionem.

332 3164 488 3237 Κάγὼ
538 3164 587 3218 ἐν
635 3166 830 3228 αὐτοῖς.
877 3166 1031 3240 Κάγὼ
1099 3167 1146 3218 ἐν
1209 3168 1386 3230 αὐτοῖς
1441 3166 1480 3219 ὧ
1538 3169 1705 3236 πλέον,
1763 3168 1853 3224 διὰ

2038 3170 2195 3223 Vers.
2241 3173 2328 3224 26.
2366 3169 2440 3224 Et
2469 3184 2563 3240 ego
2590 3169 2647 3223 in
2681 3171 2784 3226 eis.
2825 3169 2892 3223 Et
2920 3185 3028 3238 ego
3059 3169 3118 3223 in
3151 3169 3232 3223 eis
3277 3169 3470 3237 magis
3505 3168 3618 3223 sim

260 3258 485 3316 πίστεως
556 3255 811 3326 μείζονος,
865 3257 954 3308 ire
1005 3258 1382 3332 γνωριζόμενος
1437 3258 1614 3319 αὐτοῖς
1671 3259 1856 3312 ἐντελέ-

261 3362 460 3418 στερον.
498 3343 656 3396 Πάλιν
709 3341 795 3396 οὖν
831 3345 898 3406 εἰς
955 3345 1160 3417 ἀγάπην
1191 3347 1454 3413 κατέληξε,
1499 3351 1693 3405 ταύτην
1751 3347 1858 3399 ἐπι-

262 3433 364 3492 θεὶς
390 3440 460 3503 τῷ
500 3432 633 3505 λόγῳ
671 3432 953 3489 τελείωσιν.
994 3435 1296 3494 Τελειωτικὴ
1328 3439 1429 3509 γὰρ
1474 3445 1572 3488 τῶν
1611 3435 1798 3512 ἀρετῶν
1825 3439 1853 3494 ἡ

262 3519 463 3593 ἀγάπη.

334 3617 513 3664 Ταῦτα
546 3643 600 3652 -
637 3611 818 3668 αὑτοῦ.
865 3617 1104 3670 Ζήτησον
1135 3616 1182 3666 ἐν
1231 3621 1303 3684 τῷ
1343 3613 1606 3686 ἑξηκοστῷ
1634 3616 1862 3688 τετάρτῳ

261 3699 523 3772 κεφαλαίῳ
553 3709 644 3753 τοῦ
669 3705 803 3755 κατά
823 3704 1090 3754 Ματθοιῖον
1117 3707 1172 3755 τό
1207 3721 1219 3732 ·
1251 3709 1352 3756 Καὶ
1380 3705 1694 3776 ὑμνήσαντες
1721 3703 1860 3766 ἐςῆλ·

268 3790 354 3840 θον
387 3789 454 3851 εἰς
480 3794 538 3842 τὸ
594 3795 705 3865 ὅρος
731 3800 830 3843 τῶν
886 3791 1122 3849 Ἐλαιῶν,
1180 3793 1314 3845 Ἐκεῖ
1349 3795 1448 3865 γὰρ
1507 3791 1733 3864 ἐξηγηθη
1776 3797 1864 3844 καὶ

265 3882 386 3951 περὶ
451 3883 665 3933 τούτων.
726 3880 881 3933 Ἀλλὰ
949 3886 1037 3933 καὶ
1080 3886 1197 3956 περὶ
1261 3890 1360 3934 τῶν
1392 3881 1508 3944 ἑξῆς
1553 3881 1866 3955 πλατύτερον

266 3986 321 4018 τε
370 3972 460 4020 καὶ
492 3967 850 4043 ἀκριϐέστερον
881 3969 928 4022 ἐν
972 3969 1137 4042 ἐνείνῳ
1166 3978 1235 4041 τῷ
1268 3970 1603 4043 εύαγγελιστῇ
1640 3967 1868 4028 δεδηλώ-

265 4075 448 4128 καμεν.

343 4143 502 4199 ’Ἦὸει
530 4177 598 4188 -
627 4151 802 4200 τόπον.
839 4147 967 4201 Εἶτα
990 4149 1143 4221 λέγει,
1186 4154 1274 4202 καὶ
1301 4151 1452 4202 πόθεν
1482 4156 1656 4202 τοῦτον
1699 4147 1871 4217 ἐγίνω-

273 4252 412 4287 σκεν.

342 4322 463 4376 ’Ότι
495 4357 560 4367 --
592 4325 777 4382 αύτού.
821 4327 1070 4389 Πολλάκις
1101 4328 1323 4387 ηὐλίσθη
1358 4327 1477 4382 ἐκεῖ.

345 4411 405 4465 Ὀ
448 4410 534 4466 οὖν
559 4413 764 4478 Ἰούδας
790 4448 858 4456 -
888 4418 1073 4473 ὅπλων,
1109 4420 1185 4470 Τὰ
1232 4416 1364 4470 ὅπλα
1389 4416 1659 4488 ἐπήγοντο,
1695 4411 1875 4468 δεδοι-

276 4504 424 4564 κότες
455 4508 574 4566 τοὺς
606 4504 877 4576 ἑπομένους
917 4505 1077 4576 αύτῷ.
1133 4507 1227 4558 Διὰ
1283 4514 1434 4558 τούτο
1490 4509 1590 4580 γὰρ
1617 4509 1706 4556 xui
1745 4502 1875 4578 ἀωρὶ

273 4599 373 4641 τῶν
399 4600 595 4644 νυκτῶν
623 4592 858 4652 ἐπῆλθον.

347 4679 429 4733 Ἐν
480 4689 553 4752 τῷ
606 4681 868 4754 ἑξηκοστῷ
915 4679 973 4736 δί
1025 4687 1240 4756 πέμπτῳ
1289 4683 1540 4755 κεφαλαίῳ
1597 4691 1689 4736 τοῦ
1744 4685 1878 4735 κατὰ

281 4767 555 4823 Ματθαῖον
607 4768 799 4844 ἐρῥήθη
874 4777 992 4846 περὶ
1059 4774 1273 4838 τούτων,
1350 4771 1494 4844 [ἔνθα
1545 4771 1660 4843 (16)
1710 4778 1879 4823 κεῖται

1567 4856 1771 4923 Ἰούδας
1813 4856 1879 4921 εἷς

278 4862 340 4909 τό
394 4873 410 4891 ⁸
466 4863 568 4912 Καὶ
626 4861 702 4911 ἔτι
757 4860 916 4913 αὐτοῦ
989 4860 1284 4932 λαλοῦντος,
1357 4858 1492 4930 ἰδού,

355 5063 402 5100 ⁶⁴
430 5063 476 5120 II
509 5064 638 5124 Cor.
670 5081 751 5134 ιιι,
787 5070 877 5123 18.
998 5069 1046 5104 ⁵⁵
1075 5067 1272 5126 Matth.
1303 5085 1456 5136 xxvn,
1483 5072 1568 5127 30.

1907 4548 1953 4602 D

1969 3270 2075 3326 per
2113 3255 2294 3311 ﬁdem
2336 3256 2649 3327 majorem,
2694 3261 2894 3328 utpote
2939 3256 3254 3327 perfectius
3294 3256 3377 3311 eis
3422 3261 3620 3310 notus.

1971 3345 2192 3400 Iterum
2219 3360 2361 3414 ergo
2392 3345 2451 3399 in
2478 3345 2853 3400 dilectionem
2883 3343 3228 3409 terminavit,
3251 3343 3409 3398 hanc
3433 3344 3623 3414 impo-

1971 3450 2114 3488 nens
2139 3433 2399 3488 sermoni
2423 3433 3021 3488 consummationem.
3043 3436 3189 3488 Nam
3215 3433 3495 3504 perfectio
3514 3433 3627 3489 vir-

1972 3526 2165 3578 tutum
2197 3527 2285 3577 est
2307 3522 2562 3577 dilectio.

2043 3612 2198 3667 CAP.
2249 3613 2432 3666 XVIII.
2467 3614 2623 3666 Vers.
2664 3617 2683 3666 1
2733 3611 2870 3667 Hac
2917 3643 2984 3650 ——
3017 3613 3166 3681 ejus.
3207 3613 3412 3676 Quazre
3458 3626 3626 3666 sexa-

1974 3701 2200 3771 gesimo
2236 3707 2448 3772 quarto
2474 3701 2666 3772 capite
2717 3699 3007 3769 Evangelii
3048 3702 3220 3772 juxta
3259 3700 3622 3767 Matthaeum,

1978 3791 2078 3845 ubi
2105 3792 2343 3862 ponitur
2371 3807 2383 3844 :
2408 3791 2485 3844 Et
2504 3791 2674 3846 dictis
2703 3791 2974 3845 laudibus
2993 3791 3264 3845 exierunt
3295 3791 3352 3844 in
3375 3796 3626 3845 montem

1979 3881 2282 3935 Oliuarum
2301 3879 2346 3913 ⁵⁵
2370 3902 2380 3944 ;
2399 3894 2539 3934 nam
2559 3878 2636 3934 ibi
2655 3878 2727 3932 de
2747 3878 2838 3932 his
2858 3885 3200 3932 enarratum
3222 3882 3329 3932 est.
3353 3879 3462 3931 Sed
3486 3878 3628 3932 etde

1977 3968 2046 4024 iis
2067 3985 2203 4040 quae
2251 3972 2604 4038 sequuntur,
2637 3967 2813 4022 latius
2858 3972 2914 4021 et
2943 3966 3205 4022 exactius
3235 3967 3296 4021 in
3326 3966 3427 4021 illo
3454 3981 3629 4020 evan-

1979 4056 2186 4128 gelista
2216 4056 2702 4126 significavimus.

2049 4147 2215 4200 Vers.
2274 4150 2325 4199 2.
2379 4145 2602 4201 Sciebat
2653 4176 2709 4184 —
2739 4146 2940 4200 locum.
3005 4143 3226 4200 Deinde
3275 4144 3453 4200 etiam
3486 4143 3632 4204 dicit

1981 4237 2138 4290 unde
2167 4235 2280 4289 hoc
2307 4235 2554 4289 sciebat.

2052 4324 2217 4380 Vers.
2251 4328 2303 4378 2.
2337 4323 2495 4390 Quod
2517 4351 2578 4358 —
2609 4339 2746 4378 suis.
2782 4326 3134 4395 Frequenter
3161 4326 3497 4378 versaretur
3525 4321 3630 4376 ibi.

2054 4414 2217 4469 Vers.
2248 4420 2276 4469 3
2308 4414 2495 4469 Judas
2535 4429 2662 4484 ergo
2695 4444 2760 4454 ——
2786 4416 2990 4468 armis.
3022 4415 3203 4466 Arma
3233 4412 3632 4478 adduxerunt,

1986 4504 2259 4558 timentes
2288 4518 2390 4557 eos
2418 4503 2521 4573 qui
2547 4500 2953 4573 sequebantur
2978 4501 3181 4554 Jesum
3219 4517 3230 4554 :
3256 4516 3400 4555 nam
3430 4503 3487 4554 et
3508 4514 3638 4570 pro-

1985 4598 2189 4665 pterea
2226 4592 2642 4662 intempestivo
2691 4591 2881 4646 noctis
2927 4594 3194 4661 tempore
3242 4589 3632 4644 advenerunt.

2057 4683 2134 4736 De
2154 4680 2244 4735 his
2267 4685 2466 4736 autem
2498 4680 2723 4735 dictum
2746 4684 2833 4734 est
2854 4679 3226 4749 sexagesimo
3239 4678 3447 4750 quinto
3464 4677 3639 4747 juxta

1989 4770 2324 4826 Matthaauln
2340 4770 2552 4841 capite,
2571 4769 2668 4825 ubi
2689 4769 2901 4824 dicitur
2926 4785 2938 4824 :
2963 4769 3038 4822 Et
3061 4768 3259 4824 adhuc
3273 4784 3332 4822 eo
3348 4769 3636 4837 loquente,

1989 4875 2114 4917 ecce
2132 4859 2321 4916 Iudas
2346 4874 2503 4915 unus
2528 4858 2599 4915 de
2622 4857 2912 4915 duodecim
2944 4857 3101 4914 venit
3132 4857 3178 4892 ⁵⁸
3207 4872 3222 4924 ;
3251 4871 3394 4913 nam
3422 4870 3552 4928 quae
3578 4855 3639 4912 in

1683 5069 1730 5105 ⁸⁸
1759 5067 1904 5125 ibid.
1928 5067 2017 5125 47.

1485 5274 1703 5344 Variae
1743 5273 2073 5343 lectiones
2133 5279 2201 5341 et
2238 5282 2439 5341 notae.

355 5468 467 5613 ξιο)
501 5476 579 5539 Δέ,
605 5471 735 5528 Ioco
752 5474 870 5547 γάρ,
909 5479 967 5529 Α.

390 5544 468 5613 tl)
501 5545 734 5600 Inclusa
795 5551 967 5602 absut

390 5543 1013 5614 t1)IncIusa'absunt
1060 5548 1132 5604 A.
1191 5543 1462 5603 Hentenii
1525 5544 1720 5602 versio
1787 5543 1886 5601 hic

295 5619 478 5673 etiam
509 5616 798 5673 dissentit.

360 5685 484 5769 (-12).
497 5687 704 5772 ‘In‘tell.
728 5690 919 5772 ipp:
942 5689 1462 5772 Iforte_Hentenius
1485 5687 1581 5746 hic
1614 5687 1886 5746 additum

285 5756 530 5827 inienit,
565 5756 660 5812 διὰ
687 5762 744 5812 τὸ
777 5756 1184 5836 εἰδωλολατρεῖν.

2067 5471 2179 5544 (13)
2214 5471 2336 5542 Οὐχ
2381 5472 2468 5541 ὡς,
2500 5470 3000 5544 interponendum
3050 5468 3303 5534 videtur,
3330 5472 3394 5525 ut
3440 5469 3513 5527 sit
3543 5463 3646 5542 οὐχ

1996 5542 2301 5616 ὼςἺΠατέρα
2321 5563 2441 5616 μου,
2476 5542 2657 5616 intell.
2693 5545 2942 5612 ἔγνωσαν.

2092 5618 2180 5683 14)
2212 5610 2502 5687 Γάρζξιοοο
2533 5610 2610 5678 δὲ,
2644 5619 2708 5668 Α.

2094 5689 2181 5759 ιε)
2213 5685 2436 5759 Σουᾴέγώ
2467 5687 2531 5739 Α.

2066 5755 2180 5832 (to)
2212 5755 2445 5814 Inclusa
2463 5755 2677 5814 omittit
2705 5757 2771 5814 Α.
