  <div class='ocr_page' id='page_1' title='image "/cluster/home/n/w/nwhite01/storage/ocr_20150623/129/mdp.39015061528470/771.png"; bbox 0 0 4130 6320; ppageno 0'>
   <div class='ocr_carea' id='block_1_1' title="bbox 530 322 670 384">
    <p class='ocr_par' dir='ltr' id='par_1_1' title="bbox 530 322 670 384">
     <span class='ocr_line' id='line_1_1' title="bbox 530 322 670 384; baseline -0.007 0"><span class='ocrx_word' id='word_1_1' title='bbox 530 322 670 384; x_wconf 71' lang='grc'><strong>1455</strong></span> 
     </span>
    </p>
   </div>
   <div class='ocr_carea' id='block_1_2' title="bbox 1850 316 2566 379">
    <p class='ocr_par' dir='ltr' id='par_1_2' title="bbox 1850 316 2566 379">
     <span class='ocr_line' id='line_1_2' title="bbox 1850 316 2566 379; baseline 0 -2"><span class='ocrx_word' id='word_1_2' title='bbox 1850 316 2193 379; x_wconf 75' lang='grc' dir='ltr'><strong>ΕΗΤΗΥΜΙΙ</strong></span> <span class='ocrx_word' id='word_1_3' title='bbox 2233 320 2566 379; x_wconf 89' lang='lat' dir='ltr'><strong>ZlGABENI</strong></span> 
     </span>
    </p>
   </div>
   <div class='ocr_carea' id='block_1_3' title="bbox 3800 300 3961 385">
    <p class='ocr_par' dir='ltr' id='par_1_3' title="bbox 3800 300 3961 385">
     <span class='ocr_line' id='line_1_3' title="bbox 3800 300 3961 385; baseline -0.012 0"><span class='ocrx_word' id='word_1_4' title='bbox 3800 300 3961 385; x_wconf 68' lang='lat'><strong>1456</strong></span> 
     </span>
    </p>
   </div>
   <div class='ocr_carea' id='block_1_4' title="bbox 526 444 2193 529">
    <p class='ocr_par' dir='ltr' id='par_1_4' title="bbox 526 448 2193 523">
     <span class='ocr_line' id='line_1_4' title="bbox 526 448 2193 523; baseline -0.002 -16"><span class='ocrx_word' id='word_1_5' title='bbox 526 453 728 509; x_wconf 91' lang='lat' dir='ltr'><strong>medio</strong></span> <span class='ocrx_word' id='word_1_6' title='bbox 761 455 922 517; x_wconf 91' lang='lat' dir='ltr'><strong>sunt,</strong></span> <span class='ocrx_word' id='word_1_7' title='bbox 946 449 1323 523; x_wconf 66' lang='lat' dir='ltr'><strong>praetermisit</strong></span> <span class='ocrx_word' id='word_1_8' title='bbox 1342 450 1631 516; x_wconf 79' lang='lat' dir='ltr'><strong>Joannes,</strong></span> <span class='ocrx_word' id='word_1_9' title='bbox 1658 454 1944 521; x_wconf 88' lang='lat' dir='ltr'><strong>tanquam</strong></span> <span class='ocrx_word' id='word_1_10' title='bbox 1972 448 2051 504; x_wconf 92' lang='lat' dir='ltr'><strong>ab</strong></span> <span class='ocrx_word' id='word_1_11' title='bbox 2072 448 2193 504; x_wconf 79' lang='lat' dir='ltr'><strong>aliis</strong></span> 
     </span>
    </p>
   </div>
   <div class='ocr_carea' id='block_1_5' title="bbox 2314 444 3966 529">
    <p class='ocr_par' dir='ltr' id='par_1_5' title="bbox 2314 444 3966 529">
     <span class='ocr_line' id='line_1_5' title="bbox 2314 444 3966 529; baseline 0.004 -29"><span class='ocrx_word' id='word_1_12' title='bbox 2314 458 2411 500; x_wconf 84' lang='grc' dir='ltr'>τῶν</span> <span class='ocrx_word' id='word_1_13' title='bbox 2462 444 2674 501; x_wconf 77' lang='grc' dir='ltr'>δώδεκα</span> <span class='ocrx_word' id='word_1_14' title='bbox 2709 446 2848 507; x_wconf 71' lang='grc' dir='ltr'>ἦλθε.</span> <span class='ocrx_word' id='word_1_15' title='bbox 2879 452 2956 503; x_wconf 85' lang='grc' dir='ltr'><strong>Τά</strong></span> <span class='ocrx_word' id='word_1_16' title='bbox 2999 454 3097 525; x_wconf 75' lang='grc' dir='ltr'>’γὰρ</span> <span class='ocrx_word' id='word_1_17' title='bbox 3143 451 3192 504; x_wconf 81' lang='grc' dir='ltr'><strong>έν</strong></span> <span class='ocrx_word' id='word_1_18' title='bbox 3254 461 3328 523; x_wconf 84' lang='grc' dir='ltr'>τῷ</span> <span class='ocrx_word' id='word_1_19' title='bbox 3367 457 3515 526; x_wconf 77' lang='grc' dir='ltr'>μέσῳ</span> <span class='ocrx_word' id='word_1_20' title='bbox 3546 447 3966 529; x_wconf 68' lang='grc' dir='ltr'>παρέδραμενέν</span> 
     </span>
    </p>
   </div>
   <div class='ocr_carea' id='block_1_6' title="bbox 533 536 2196 613">
    <p class='ocr_par' dir='ltr' id='par_1_6' title="bbox 533 536 2196 613">
     <span class='ocr_line' id='line_1_6' title="bbox 533 536 2196 613; baseline -0.005 -14"><span class='ocrx_word' id='word_1_21' title='bbox 533 546 830 607; x_wconf 82' lang='lat' dir='ltr'><strong>enarrata,</strong></span> <span class='ocrx_word' id='word_1_22' title='bbox 863 540 1031 613; x_wconf 91' lang='lat' dir='ltr'><strong>quod</strong></span> <span class='ocrx_word' id='word_1_23' title='bbox 1062 538 1402 612; x_wconf 84' lang='lat' dir='ltr'><strong>frequenter</strong></span> <span class='ocrx_word' id='word_1_24' title='bbox 1432 554 1502 595; x_wconf 91' lang='lat' dir='ltr'><strong>ac</strong></span> <span class='ocrx_word' id='word_1_25' title='bbox 1534 536 1736 594; x_wconf 90' lang='lat' dir='ltr'><strong>multis</strong></span> <span class='ocrx_word' id='word_1_26' title='bbox 1766 537 1906 593; x_wconf 82' lang='lat' dir='ltr'><strong>facit</strong></span> <span class='ocrx_word' id='word_1_27' title='bbox 1936 538 1998 594; x_wconf 90' lang='lat' dir='ltr'><strong>in</strong></span> <span class='ocrx_word' id='word_1_28' title='bbox 2030 536 2196 605; x_wconf 60' lang='lat' dir='ltr'><strong>locis,</strong></span> 
     </span>
    </p>
   </div>
   <div class='ocr_carea' id='block_1_7' title="bbox 601 714 2196 775">
    <p class='ocr_par' dir='ltr' id='par_1_7' title="bbox 601 714 2196 775">
     <span class='ocr_line' id='line_1_7' title="bbox 601 714 2196 775; baseline 0 0"><span class='ocrx_word' id='word_1_29' title='bbox 601 719 765 775; x_wconf 86' lang='lat' dir='ltr'><strong>Vers.</strong></span> <span class='ocrx_word' id='word_1_30' title='bbox 798 721 852 773; x_wconf 77' lang='grc'><strong>4.</strong></span> <span class='ocrx_word' id='word_1_31' title='bbox 888 718 1059 774; x_wconf 85' lang='lat' dir='ltr'><strong>Jesus</strong></span> <span class='ocrx_word' id='word_1_32' title='bbox 1103 746 1173 758; x_wconf 94' lang='lat'><strong>—</strong></span> <span class='ocrx_word' id='word_1_33' title='bbox 1244 717 1406 771; x_wconf 89' lang='lat' dir='ltr'><strong>Vers.</strong></span> <span class='ocrx_word' id='word_1_34' title='bbox 1458 720 1509 771; x_wconf 91' lang='lat'><strong>6.</strong></span> <span class='ocrx_word' id='word_1_35' title='bbox 1560 717 1623 770; x_wconf 86' lang='lat' dir='ltr'><strong>in</strong></span> <span class='ocrx_word' id='word_1_36' title='bbox 1677 721 1921 772; x_wconf 81' lang='lat' dir='ltr'><strong>terram.</strong></span> <span class='ocrx_word' id='word_1_37' title='bbox 1969 714 2196 775; x_wconf 78' lang='lat' dir='ltr'><strong>Sciens.</strong></span> 
     </span>
    </p>
   </div>
   <div class='ocr_carea' id='block_1_8' title="bbox 532 804 2198 880">
    <p class='ocr_par' dir='ltr' id='par_1_8' title="bbox 532 804 2198 880">
     <span class='ocr_line' id='line_1_8' title="bbox 532 804 2198 880; baseline -0.004 -15"><span class='ocrx_word' id='word_1_38' title='bbox 532 812 828 880; x_wconf 84' lang='lat' dir='ltr'><strong>tanquam</strong></span> <span class='ocrx_word' id='word_1_39' title='bbox 858 806 1028 875; x_wconf 90' lang='lat' dir='ltr'><strong>Deus,</strong></span> <span class='ocrx_word' id='word_1_40' title='bbox 1063 804 1342 861; x_wconf 86' lang='lat' dir='ltr'><strong>universa</strong></span> <span class='ocrx_word' id='word_1_41' title='bbox 1370 821 1506 877; x_wconf 69' lang='lat' dir='ltr'><strong>quae</strong></span> <span class='ocrx_word' id='word_1_42' title='bbox 1536 809 1787 860; x_wconf 90' lang='lat' dir='ltr'><strong>ventura</strong></span> <span class='ocrx_word' id='word_1_43' title='bbox 1817 808 1984 860; x_wconf 91' lang='lat' dir='ltr'><strong>erant</strong></span> <span class='ocrx_word' id='word_1_44' title='bbox 2016 820 2198 875; x_wconf 84' lang='lat' dir='ltr'><strong>super</strong></span> 
     </span>
    </p>
   </div>
   <div class='ocr_carea' id='block_1_9' title="bbox 532 893 2192 968">
    <p class='ocr_par' dir='ltr' id='par_1_9' title="bbox 532 893 2192 968">
     <span class='ocr_line' id='line_1_9' title="bbox 532 893 2192 968; baseline -0.002 -17"><span class='ocrx_word' id='word_1_45' title='bbox 532 912 614 964; x_wconf 90' lang='lat' dir='ltr'><strong>se,</strong></span> <span class='ocrx_word' id='word_1_46' title='bbox 674 912 948 968; x_wconf 88' lang='lat' dir='ltr'><strong>egressus</strong></span> <span class='ocrx_word' id='word_1_47' title='bbox 998 893 1293 966; x_wconf 81' lang='lat' dir='ltr'><strong>intrepide</strong></span> <span class='ocrx_word' id='word_1_48' title='bbox 1324 894 1712 964; x_wconf 78' lang='lat' dir='ltr'><strong>interrogavit</strong></span> <span class='ocrx_word' id='word_1_49' title='bbox 1740 909 1864 959; x_wconf 91' lang='lat' dir='ltr'><strong>eos,</strong></span> <span class='ocrx_word' id='word_1_50' title='bbox 1900 900 2192 965; x_wconf 87' lang='lat' dir='ltr'><strong>tanquam</strong></span> 
     </span>
    </p>
   </div>
   <div class='ocr_carea' id='block_1_10' title="bbox 540 982 2197 1055">
    <p class='ocr_par' dir='ltr' id='par_1_10' title="bbox 540 982 2197 1055">
     <span class='ocr_line' id='line_1_10' title="bbox 540 982 2197 1055; baseline -0.003 -14"><span class='ocrx_word' id='word_1_51' title='bbox 540 986 747 1043; x_wconf 92' lang='lat' dir='ltr'><strong>homo.</strong></span> <span class='ocrx_word' id='word_1_52' title='bbox 777 986 984 1043; x_wconf 88' lang='lat' dir='ltr'><strong>Stabat</strong></span> <span class='ocrx_word' id='word_1_53' title='bbox 1009 990 1209 1040; x_wconf 90' lang='lat' dir='ltr'><strong>autem</strong></span> <span class='ocrx_word' id='word_1_54' title='bbox 1257 989 1312 1039; x_wconf 90' lang='lat' dir='ltr'><strong>et</strong></span> <span class='ocrx_word' id='word_1_55' title='bbox 1368 983 1635 1055; x_wconf 88' lang='lat' dir='ltr'><strong>proditor</strong></span> <span class='ocrx_word' id='word_1_56' title='bbox 1675 999 1813 1037; x_wconf 92' lang='lat' dir='ltr'><strong>cum</strong></span> <span class='ocrx_word' id='word_1_57' title='bbox 1867 982 2011 1054; x_wconf 90' lang='lat' dir='ltr'><strong>ipsis</strong></span> <span class='ocrx_word' id='word_1_58' title='bbox 2069 999 2082 1037; x_wconf 89' lang='lat'><em>:</em></span> <span class='ocrx_word' id='word_1_59' title='bbox 2139 985 2197 1037; x_wconf 90' lang='lat' dir='ltr'><strong>et</strong></span> 
     </span>
    </p>
   </div>
   <div class='ocr_carea' id='block_1_11' title="bbox 538 1071 2194 1148">
    <p class='ocr_par' dir='ltr' id='par_1_11' title="bbox 538 1071 2194 1148">
     <span class='ocr_line' id='line_1_11' title="bbox 538 1071 2194 1148; baseline -0.003 -17"><span class='ocrx_word' id='word_1_60' title='bbox 538 1090 734 1148; x_wconf 90' lang='lat' dir='ltr'><strong>neque</strong></span> <span class='ocrx_word' id='word_1_61' title='bbox 751 1075 844 1130; x_wconf 92' lang='lat' dir='ltr'><strong>hic</strong></span> <span class='ocrx_word' id='word_1_62' title='bbox 871 1073 1063 1146; x_wconf 92' lang='lat' dir='ltr'><strong>potuit</strong></span> <span class='ocrx_word' id='word_1_63' title='bbox 1087 1088 1224 1128; x_wconf 92' lang='lat' dir='ltr'><strong>eum</strong></span> <span class='ocrx_word' id='word_1_64' title='bbox 1254 1071 1518 1128; x_wconf 89' lang='lat' dir='ltr'><strong>indicare</strong></span> <span class='ocrx_word' id='word_1_65' title='bbox 1547 1088 1670 1143; x_wconf 66' lang='lat' dir='ltr'><strong>prae</strong></span> <span class='ocrx_word' id='word_1_66' title='bbox 1701 1073 2063 1127; x_wconf 78' lang='lat' dir='ltr'><strong>conscientia</strong></span> <span class='ocrx_word' id='word_1_67' title='bbox 2086 1072 2194 1141; x_wconf 86' lang='lat' dir='ltr'><strong>(k),</strong></span> 
     </span>
    </p>
   </div>
   <div class='ocr_carea' id='block_1_12' title="bbox 530 1161 2192 1236">
    <p class='ocr_par' dir='ltr' id='par_1_12' title="bbox 530 1161 2192 1236">
     <span class='ocr_line' id='line_1_12' title="bbox 530 1161 2192 1236; baseline -0.003 -14"><span class='ocrx_word' id='word_1_68' title='bbox 530 1171 635 1222; x_wconf 91' lang='lat' dir='ltr'><strong>aut</strong></span> <span class='ocrx_word' id='word_1_69' title='bbox 660 1169 900 1236; x_wconf 83' lang='lat' dir='ltr'><strong>propter</strong></span> <span class='ocrx_word' id='word_1_70' title='bbox 926 1163 1055 1233; x_wconf 87' lang='lat' dir='ltr'><strong>ejus</strong></span> <span class='ocrx_word' id='word_1_71' title='bbox 1084 1178 1318 1217; x_wconf 90' lang='lat' dir='ltr'><strong>vocem.</strong></span> <span class='ocrx_word' id='word_1_72' title='bbox 1352 1162 1637 1227; x_wconf 80' lang='lat' dir='ltr'><strong>Ostendit,</strong></span> <span class='ocrx_word' id='word_1_73' title='bbox 1680 1162 1844 1234; x_wconf 89' lang='lat' dir='ltr'><strong>quod</strong></span> <span class='ocrx_word' id='word_1_74' title='bbox 1891 1161 2192 1217; x_wconf 86' lang='lat' dir='ltr'><strong>nolentem</strong></span> 
     </span>
    </p>
   </div>
   <div class='ocr_carea' id='block_1_13' title="bbox 528 1249 2196 1323">
    <p class='ocr_par' dir='ltr' id='par_1_13' title="bbox 528 1249 2196 1323">
     <span class='ocr_line' id='line_1_13' title="bbox 528 1249 2196 1323; baseline -0.003 -14"><span class='ocrx_word' id='word_1_75' title='bbox 528 1269 654 1310; x_wconf 91' lang='lat' dir='ltr'><strong>non</strong></span> <span class='ocrx_word' id='word_1_76' title='bbox 675 1252 870 1307; x_wconf 90' lang='lat' dir='ltr'><strong>solum</strong></span> <span class='ocrx_word' id='word_1_77' title='bbox 892 1267 1014 1307; x_wconf 93' lang='lat' dir='ltr'><strong>non</strong></span> <span class='ocrx_word' id='word_1_78' title='bbox 1040 1256 1287 1323; x_wconf 86' lang='lat' dir='ltr'><strong>possent</strong></span> <span class='ocrx_word' id='word_1_79' title='bbox 1313 1265 1452 1305; x_wconf 93' lang='lat' dir='ltr'><strong>eum</strong></span> <span class='ocrx_word' id='word_1_80' title='bbox 1475 1249 1945 1322; x_wconf 89' lang='lat' dir='ltr'><strong>apprehendere,</strong></span> <span class='ocrx_word' id='word_1_81' title='bbox 1971 1249 2073 1304; x_wconf 91' lang='lat' dir='ltr'><strong>sed</strong></span> <span class='ocrx_word' id='word_1_82' title='bbox 2095 1265 2196 1305; x_wconf 90' lang='lat' dir='ltr'><strong>ne-</strong></span> 
     </span>
    </p>
   </div>
   <div class='ocr_carea' id='block_1_14' title="bbox 529 1338 2195 1414">
    <p class='ocr_par' dir='ltr' id='par_1_14' title="bbox 529 1338 2195 1414">
     <span class='ocr_line' id='line_1_14' title="bbox 529 1338 2195 1414; baseline -0.001 -17"><span class='ocrx_word' id='word_1_83' title='bbox 529 1357 649 1414; x_wconf 89' lang='lat' dir='ltr'><strong>que</strong></span> <span class='ocrx_word' id='word_1_84' title='bbox 676 1341 929 1397; x_wconf 88' lang='lat' dir='ltr'><strong>omnino</strong></span> <span class='ocrx_word' id='word_1_85' title='bbox 958 1339 1176 1396; x_wconf 87' lang='lat' dir='ltr'><strong>videre.</strong></span> <span class='ocrx_word' id='word_1_86' title='bbox 1206 1338 1497 1395; x_wconf 68' lang='lat' dir='ltr'><strong>Praedicto</strong></span> <span class='ocrx_word' id='word_1_87' title='bbox 1536 1343 1733 1394; x_wconf 87' lang='lat' dir='ltr'><strong>autem</strong></span> <span class='ocrx_word' id='word_1_88' title='bbox 1765 1339 1957 1411; x_wconf 88' lang='lat' dir='ltr'><strong>capite</strong></span> <span class='ocrx_word' id='word_1_89' title='bbox 1996 1340 2070 1395; x_wconf 91' lang='lat' dir='ltr'><strong>de</strong></span> <span class='ocrx_word' id='word_1_90' title='bbox 2099 1339 2195 1395; x_wconf 84' lang='lat' dir='ltr'><strong>his</strong></span> 
     </span>
    </p>
   </div>
   <div class='ocr_carea' id='block_1_15' title="bbox 530 1426 1800 1504">
    <p class='ocr_par' dir='ltr' id='par_1_15' title="bbox 530 1426 1800 1504">
     <span class='ocr_line' id='line_1_15' title="bbox 530 1426 1800 1504; baseline -0.004 -18"><span class='ocrx_word' id='word_1_91' title='bbox 530 1445 772 1504; x_wconf 89' lang='lat' dir='ltr'><strong>quoque</strong></span> <span class='ocrx_word' id='word_1_92' title='bbox 800 1434 1025 1485; x_wconf 85' lang='lat' dir='ltr'><strong>mentio</strong></span> <span class='ocrx_word' id='word_1_93' title='bbox 1055 1432 1490 1501; x_wconf 87' lang='lat' dir='ltr'><strong>consequenter</strong></span> <span class='ocrx_word' id='word_1_94' title='bbox 1516 1426 1670 1484; x_wconf 87' lang='lat' dir='ltr'><strong>facta</strong></span> <span class='ocrx_word' id='word_1_95' title='bbox 1691 1432 1800 1485; x_wconf 89' lang='lat' dir='ltr'><strong>est.</strong></span> 
     </span>
    </p>
   </div>
   <div class='ocr_carea' id='block_1_16' title="bbox 603 1517 2194 1590">
    <p class='ocr_par' dir='ltr' id='par_1_16' title="bbox 603 1517 2194 1590">
     <span class='ocr_line' id='line_1_16' title="bbox 603 1517 2194 1590; baseline -0.001 -16"><span class='ocrx_word' id='word_1_96' title='bbox 603 1521 761 1574; x_wconf 89' lang='lat' dir='ltr'><strong>Vers.</strong></span> <span class='ocrx_word' id='word_1_97' title='bbox 818 1519 1127 1575; x_wconf 85' lang='lat' dir='ltr'><strong>7.1terum</strong></span> <span class='ocrx_word' id='word_1_98' title='bbox 1170 1549 1239 1557; x_wconf 95' lang='lat'>—</span> <span class='ocrx_word' id='word_1_99' title='bbox 1267 1518 1429 1573; x_wconf 91' lang='lat' dir='ltr'><strong>Vers.</strong></span> <span class='ocrx_word' id='word_1_100' title='bbox 1478 1518 1530 1572; x_wconf 90' lang='lat'>8.</span> <span class='ocrx_word' id='word_1_101' title='bbox 1568 1518 1699 1573; x_wconf 90' lang='lat' dir='ltr'><strong>sim.</strong></span> <span class='ocrx_word' id='word_1_102' title='bbox 1749 1517 1879 1589; x_wconf 91' lang='lat' dir='ltr'><strong>Ipse</strong></span> <span class='ocrx_word' id='word_1_103' title='bbox 1929 1517 2194 1590; x_wconf 90' lang='lat' dir='ltr'><strong>seipsum</strong></span> 
     </span>
    </p>
   </div>
   <div class='ocr_carea' id='block_1_17' title="bbox 533 1606 2196 1680">
    <p class='ocr_par' dir='ltr' id='par_1_17' title="bbox 533 1606 2196 1680">
     <span class='ocr_line' id='line_1_17' title="bbox 533 1606 2196 1680; baseline -0.001 -15"><span class='ocrx_word' id='word_1_104' title='bbox 533 1608 891 1673; x_wconf 80' lang='lat' dir='ltr'><strong>manifestat,</strong></span> <span class='ocrx_word' id='word_1_105' title='bbox 968 1608 1187 1663; x_wconf 90' lang='lat' dir='ltr'><strong>docens</strong></span> <span class='ocrx_word' id='word_1_106' title='bbox 1276 1606 1625 1679; x_wconf 88' lang='lat' dir='ltr'><strong>discipulos,</strong></span> <span class='ocrx_word' id='word_1_107' title='bbox 1704 1623 1900 1680; x_wconf 90' lang='lat' dir='ltr'><strong>neque</strong></span> <span class='ocrx_word' id='word_1_108' title='bbox 1962 1608 2023 1663; x_wconf 92' lang='lat' dir='ltr'><strong>in</strong></span> <span class='ocrx_word' id='word_1_109' title='bbox 2096 1624 2196 1679; x_wconf 86' lang='lat' dir='ltr'><strong>pe-</strong></span> 
     </span>
    </p>
   </div>
   <div class='ocr_carea' id='block_1_18' title="bbox 531 1696 2196 1769">
    <p class='ocr_par' dir='ltr' id='par_1_18' title="bbox 531 1696 2196 1769">
     <span class='ocr_line' id='line_1_18' title="bbox 531 1696 2196 1769; baseline -0.001 -15"><span class='ocrx_word' id='word_1_110' title='bbox 531 1697 738 1754; x_wconf 90' lang='lat' dir='ltr'><strong>riculis</strong></span> <span class='ocrx_word' id='word_1_111' title='bbox 771 1696 1205 1762; x_wconf 91' lang='lat' dir='ltr'><strong>mentiendum,</strong></span> <span class='ocrx_word' id='word_1_112' title='bbox 1255 1701 1312 1752; x_wconf 92' lang='lat' dir='ltr'><strong>et</strong></span> <span class='ocrx_word' id='word_1_113' title='bbox 1366 1697 1646 1753; x_wconf 89' lang='lat' dir='ltr'><strong>certiores</strong></span> <span class='ocrx_word' id='word_1_114' title='bbox 1701 1697 1974 1765; x_wconf 88' lang='lat' dir='ltr'><strong>reddens,</strong></span> <span class='ocrx_word' id='word_1_115' title='bbox 2030 1696 2196 1769; x_wconf 91' lang='lat' dir='ltr'><strong>quod</strong></span> 
     </span>
    </p>
   </div>
   <div class='ocr_carea' id='block_1_19' title="bbox 534 1785 1706 1859">
    <p class='ocr_par' dir='ltr' id='par_1_19' title="bbox 534 1785 1706 1859">
     <span class='ocr_line' id='line_1_19' title="bbox 534 1785 1706 1859; baseline -0.001 -17"><span class='ocrx_word' id='word_1_116' title='bbox 534 1790 864 1859; x_wconf 88' lang='lat' dir='ltr'><strong>spontanee</strong></span> <span class='ocrx_word' id='word_1_117' title='bbox 896 1785 1165 1857; x_wconf 89' lang='lat' dir='ltr'><strong>seipsum</strong></span> <span class='ocrx_word' id='word_1_118' title='bbox 1196 1785 1397 1842; x_wconf 87' lang='lat' dir='ltr'><strong>tradat</strong></span> <span class='ocrx_word' id='word_1_119' title='bbox 1424 1785 1706 1841; x_wconf 89' lang='lat' dir='ltr'><strong>inimicis.</strong></span> 
     </span>
    </p>
   </div>
   <div class='ocr_carea' id='block_1_20' title="bbox 606 1874 2195 1946">
    <p class='ocr_par' dir='ltr' id='par_1_20' title="bbox 606 1874 2195 1946">
     <span class='ocr_line' id='line_1_20' title="bbox 606 1874 2195 1946; baseline 0.001 -17"><span class='ocrx_word' id='word_1_120' title='bbox 606 1876 766 1931; x_wconf 89' lang='lat' dir='ltr'><strong>Vers.</strong></span> <span class='ocrx_word' id='word_1_121' title='bbox 792 1876 843 1930; x_wconf 93' lang='lat'><strong>8.</strong></span> <span class='ocrx_word' id='word_1_122' title='bbox 868 1875 930 1930; x_wconf 93' lang='lat' dir='ltr'><strong>Si</strong></span> <span class='ocrx_word' id='word_1_123' title='bbox 949 1906 1019 1915; x_wconf 96' lang='lat'>—</span> <span class='ocrx_word' id='word_1_124' title='bbox 1041 1874 1201 1930; x_wconf 89' lang='lat' dir='ltr'><strong>Vers.</strong></span> <span class='ocrx_word' id='word_1_125' title='bbox 1234 1875 1287 1929; x_wconf 90' lang='lat'><strong>9.</strong></span> <span class='ocrx_word' id='word_1_126' title='bbox 1311 1889 1675 1946; x_wconf 84' lang='lat' dir='ltr'><strong>quemquam.</strong></span> <span class='ocrx_word' id='word_1_127' title='bbox 1706 1876 1776 1931; x_wconf 94' lang='lat' dir='ltr'><strong>Ut</strong></span> <span class='ocrx_word' id='word_1_128' title='bbox 1804 1877 2195 1945; x_wconf 81' lang='lat' dir='ltr'><strong>compleretur</strong></span> 
     </span>
    </p>
   </div>
   <div class='ocr_carea' id='block_1_21' title="bbox 533 1964 2194 2036">
    <p class='ocr_par' dir='ltr' id='par_1_21' title="bbox 533 1964 2194 2036">
     <span class='ocr_line' id='line_1_21' title="bbox 533 1964 2194 2036; baseline 0 -17"><span class='ocrx_word' id='word_1_129' title='bbox 533 1980 734 2030; x_wconf 80' lang='lat' dir='ltr'><strong>sermo,</strong></span> <span class='ocrx_word' id='word_1_130' title='bbox 759 1965 873 2019; x_wconf 93' lang='lat' dir='ltr'><strong>hoc</strong></span> <span class='ocrx_word' id='word_1_131' title='bbox 892 1980 928 2020; x_wconf 91' lang='lat' dir='ltr'><strong>a</strong></span> <span class='ocrx_word' id='word_1_132' title='bbox 954 1964 1153 2035; x_wconf 90' lang='lat' dir='ltr'><strong>seipso</strong></span> <span class='ocrx_word' id='word_1_133' title='bbox 1170 1964 1309 2019; x_wconf 91' lang='lat' dir='ltr'><strong>dicit</strong></span> <span class='ocrx_word' id='word_1_134' title='bbox 1336 1964 1726 2032; x_wconf 82' lang='lat' dir='ltr'><strong>evangelista.</strong></span> <span class='ocrx_word' id='word_1_135' title='bbox 1748 1966 1895 2019; x_wconf 89' lang='lat' dir='ltr'><strong>Nam</strong></span> <span class='ocrx_word' id='word_1_136' title='bbox 1921 1966 2194 2036; x_wconf 90' lang='lat' dir='ltr'><strong>superius</strong></span> 
     </span>
    </p>
   </div>
   <div class='ocr_carea' id='block_1_22' title="bbox 534 2052 2195 2123">
    <p class='ocr_par' dir='ltr' id='par_1_22' title="bbox 534 2052 2195 2123">
     <span class='ocr_line' id='line_1_22' title="bbox 534 2052 2195 2123; baseline -0.001 -14"><span class='ocrx_word' id='word_1_137' title='bbox 534 2052 615 2109; x_wconf 89' lang='lat' dir='ltr'><strong>ad</strong></span> <span class='ocrx_word' id='word_1_138' title='bbox 644 2055 877 2108; x_wconf 88' lang='lat' dir='ltr'><strong>Patrem</strong></span> <span class='ocrx_word' id='word_1_139' title='bbox 907 2053 1177 2123; x_wconf 89' lang='lat' dir='ltr'><strong>loquens,</strong></span> <span class='ocrx_word' id='word_1_140' title='bbox 1204 2053 1431 2107; x_wconf 85' lang='lat' dir='ltr'><strong>dixerat</strong></span> <span class='ocrx_word' id='word_1_141' title='bbox 1463 2052 1649 2117; x_wconf 84' lang='lat' dir='ltr'><strong>:Quod</strong></span> <span class='ocrx_word' id='word_1_142' title='bbox 1661 2053 1877 2109; x_wconf 77' lang='lat' dir='ltr'><strong>dedisti</strong></span> <span class='ocrx_word' id='word_1_143' title='bbox 1899 2053 2046 2108; x_wconf 85' lang='lat' dir='ltr'><strong>mihi</strong></span> <span class='ocrx_word' id='word_1_144' title='bbox 2072 2069 2195 2108; x_wconf 88' lang='lat' dir='ltr'><strong>cus-</strong></span> 
     </span>
    </p>
   </div>
   <div class='ocr_carea' id='block_1_23' title="bbox 535 2139 2191 2211">
    <p class='ocr_par' dir='ltr' id='par_1_23' title="bbox 535 2139 2191 2211">
     <span class='ocr_line' id='line_1_23' title="bbox 535 2139 2191 2211; baseline -0.001 -14"><span class='ocrx_word' id='word_1_145' title='bbox 535 2140 739 2209; x_wconf 84' lang='lat' dir='ltr'><strong>todivi,</strong></span> <span class='ocrx_word' id='word_1_146' title='bbox 756 2147 810 2196; x_wconf 88' lang='lat' dir='ltr'><strong>et</strong></span> <span class='ocrx_word' id='word_1_147' title='bbox 822 2155 988 2196; x_wconf 88' lang='lat' dir='ltr'><strong>nemo</strong></span> <span class='ocrx_word' id='word_1_148' title='bbox 1000 2155 1072 2196; x_wconf 84' lang='lat' dir='ltr'><strong>ex</strong></span> <span class='ocrx_word' id='word_1_149' title='bbox 1090 2140 1229 2209; x_wconf 72' lang='lat' dir='ltr'><strong>ipsis</strong></span> <span class='ocrx_word' id='word_1_150' title='bbox 1239 2139 1557 2210; x_wconf 85' lang='lat' dir='ltr'><strong>periit,nisi</strong></span> <span class='ocrx_word' id='word_1_151' title='bbox 1566 2140 1731 2208; x_wconf 79' lang='lat' dir='ltr'><strong>ﬁlius</strong></span> <span class='ocrx_word' id='word_1_152' title='bbox 1746 2141 2099 2211; x_wconf 82' lang='lat' dir='ltr'><strong>perditionis</strong></span> <span class='ocrx_word' id='word_1_153' title='bbox 2122 2142 2166 2175; x_wconf 81' lang='grc'><strong>⁵⁷</strong></span> <span class='ocrx_word' id='word_1_154' title='bbox 2177 2183 2191 2196; x_wconf 96' lang='grc'><strong>.</strong></span> 
     </span>
    </p>
   </div>
   <div class='ocr_carea' id='block_1_24' title="bbox 537 2229 2194 2302">
    <p class='ocr_par' dir='ltr' id='par_1_24' title="bbox 537 2229 2194 2302">
     <span class='ocr_line' id='line_1_24' title="bbox 537 2229 2194 2302; baseline 0 -17"><span class='ocrx_word' id='word_1_155' title='bbox 537 2234 744 2302; x_wconf 86' lang='lat' dir='ltr'><strong>Itaque</strong></span> <span class='ocrx_word' id='word_1_156' title='bbox 766 2230 1067 2287; x_wconf 80' lang='lat' dir='ltr'><strong>Neminem</strong></span> <span class='ocrx_word' id='word_1_157' title='bbox 1092 2245 1167 2286; x_wconf 84' lang='lat' dir='ltr'><strong>ex</strong></span> <span class='ocrx_word' id='word_1_158' title='bbox 1191 2229 1271 2286; x_wconf 85' lang='lat' dir='ltr'><strong>eis</strong></span> <span class='ocrx_word' id='word_1_159' title='bbox 1289 2230 1545 2298; x_wconf 80' lang='lat' dir='ltr'><strong>perdidi,</strong></span> <span class='ocrx_word' id='word_1_160' title='bbox 1572 2231 1950 2285; x_wconf 88' lang='lat' dir='ltr'><strong>tantumdem</strong></span> <span class='ocrx_word' id='word_1_161' title='bbox 1968 2230 2194 2302; x_wconf 81' lang='lat' dir='ltr'><strong>signiti-</strong></span> 
     </span>
    </p>
   </div>
   <div class='ocr_carea' id='block_1_25' title="bbox 538 2319 2191 2391">
    <p class='ocr_par' dir='ltr' id='par_1_25' title="bbox 538 2319 2191 2391">
     <span class='ocr_line' id='line_1_25' title="bbox 538 2319 2191 2391; baseline 0 -16"><span class='ocrx_word' id='word_1_162' title='bbox 538 2323 634 2375; x_wconf 90' lang='lat' dir='ltr'><strong>cat</strong></span> <span class='ocrx_word' id='word_1_163' title='bbox 658 2319 844 2376; x_wconf 87' lang='lat' dir='ltr'><strong>sicut:</strong></span> <span class='ocrx_word' id='word_1_164' title='bbox 873 2319 1055 2375; x_wconf 85' lang='lat' dir='ltr'><strong>Nemo</strong></span> <span class='ocrx_word' id='word_1_165' title='bbox 1079 2333 1155 2377; x_wconf 83' lang='lat' dir='ltr'><strong>ex</strong></span> <span class='ocrx_word' id='word_1_166' title='bbox 1182 2319 1316 2391; x_wconf 82' lang='lat' dir='ltr'><strong>ipsis</strong></span> <span class='ocrx_word' id='word_1_167' title='bbox 1338 2321 1540 2389; x_wconf 82' lang='lat' dir='ltr'><strong>periit.</strong></span> <span class='ocrx_word' id='word_1_168' title='bbox 1565 2322 1748 2374; x_wconf 88' lang='lat' dir='ltr'><strong>Nemo</strong></span> <span class='ocrx_word' id='word_1_169' title='bbox 1770 2319 1950 2385; x_wconf 91' lang='lat' dir='ltr'><strong>enim,</strong></span> <span class='ocrx_word' id='word_1_170' title='bbox 1979 2319 2191 2391; x_wconf 88' lang='lat' dir='ltr'><strong>inquit,</strong></span> 
     </span>
    </p>
   </div>
   <div class='ocr_carea' id='block_1_26' title="bbox 538 2408 2195 2482">
    <p class='ocr_par' dir='ltr' id='par_1_26' title="bbox 538 2408 2195 2482">
     <span class='ocr_line' id='line_1_26' title="bbox 538 2408 2195 2482; baseline 0 -17"><span class='ocrx_word' id='word_1_171' title='bbox 538 2408 712 2482; x_wconf 90' lang='lat' dir='ltr'><strong>periit</strong></span> <span class='ocrx_word' id='word_1_172' title='bbox 736 2424 869 2464; x_wconf 91' lang='lat' dir='ltr'><strong>mea</strong></span> <span class='ocrx_word' id='word_1_173' title='bbox 894 2424 1092 2475; x_wconf 88' lang='lat' dir='ltr'><strong>causa,</strong></span> <span class='ocrx_word' id='word_1_174' title='bbox 1122 2409 1236 2465; x_wconf 92' lang='lat' dir='ltr'><strong>hoc</strong></span> <span class='ocrx_word' id='word_1_175' title='bbox 1265 2412 1375 2474; x_wconf 90' lang='lat' dir='ltr'><strong>est,</strong></span> <span class='ocrx_word' id='word_1_176' title='bbox 1406 2424 1529 2465; x_wconf 94' lang='lat' dir='ltr'><strong>non</strong></span> <span class='ocrx_word' id='word_1_177' title='bbox 1559 2408 1794 2481; x_wconf 92' lang='lat' dir='ltr'><strong>perdidi</strong></span> <span class='ocrx_word' id='word_1_178' title='bbox 1823 2424 2195 2481; x_wconf 90' lang='lat' dir='ltr'><strong>quemquam</strong></span> 
     </span>
    </p>
   </div>
   <div class='ocr_carea' id='block_1_27' title="bbox 538 2499 1127 2556">
    <p class='ocr_par' dir='ltr' id='par_1_27' title="bbox 538 2499 1127 2556">
     <span class='ocr_line' id='line_1_27' title="bbox 538 2499 1127 2556; baseline -0.003 0"><span class='ocrx_word' id='word_1_179' title='bbox 538 2514 611 2556; x_wconf 80' lang='lat' dir='ltr'><strong>ex</strong></span> <span class='ocrx_word' id='word_1_180' title='bbox 640 2499 725 2554; x_wconf 90' lang='lat' dir='ltr'><strong>eis</strong></span> <span class='ocrx_word' id='word_1_181' title='bbox 757 2514 893 2556; x_wconf 90' lang='lat' dir='ltr'><strong>mea</strong></span> <span class='ocrx_word' id='word_1_182' title='bbox 924 2514 1127 2555; x_wconf 90' lang='lat' dir='ltr'><strong>causa.</strong></span> 
     </span>
    </p>
   </div>
   <div class='ocr_carea' id='block_1_28' title="bbox 612 2677 2196 2752">
    <p class='ocr_par' dir='ltr' id='par_1_28' title="bbox 612 2677 2196 2752">
     <span class='ocr_line' id='line_1_28' title="bbox 612 2677 2196 2752; baseline 0.003 -20"><span class='ocrx_word' id='word_1_183' title='bbox 612 2678 782 2734; x_wconf 89' lang='lat' dir='ltr'><strong>Vers.</strong></span> <span class='ocrx_word' id='word_1_184' title='bbox 817 2682 901 2735; x_wconf 88' lang='lat'><strong>10.</strong></span> <span class='ocrx_word' id='word_1_185' title='bbox 928 2677 1127 2735; x_wconf 81' lang='lat' dir='ltr'><strong>Simon</strong></span> <span class='ocrx_word' id='word_1_186' title='bbox 1157 2709 1226 2719; x_wconf 92' lang='lat'><strong>—</strong></span> <span class='ocrx_word' id='word_1_187' title='bbox 1254 2678 1551 2735; x_wconf 82' lang='lat' dir='ltr'><strong>Malchus.</strong></span> <span class='ocrx_word' id='word_1_188' title='bbox 1578 2681 1642 2733; x_wconf 92' lang='lat' dir='ltr'><strong>In</strong></span> <span class='ocrx_word' id='word_1_189' title='bbox 1673 2677 1772 2735; x_wconf 93' lang='lat' dir='ltr'><strong>illo</strong></span> <span class='ocrx_word' id='word_1_190' title='bbox 1799 2679 1990 2752; x_wconf 88' lang='lat' dir='ltr'><strong>capite</strong></span> <span class='ocrx_word' id='word_1_191' title='bbox 2016 2679 2196 2737; x_wconf 92' lang='lat' dir='ltr'><strong>etiam</strong></span> 
     </span>
    </p>
   </div>
   <div class='ocr_carea' id='block_1_29' title="bbox 541 2767 2197 2838">
    <p class='ocr_par' dir='ltr' id='par_1_29' title="bbox 541 2767 2197 2838">
     <span class='ocr_line' id='line_1_29' title="bbox 541 2767 2197 2838; baseline 0 -13"><span class='ocrx_word' id='word_1_192' title='bbox 541 2768 617 2825; x_wconf 90' lang='lat' dir='ltr'><strong>de</strong></span> <span class='ocrx_word' id='word_1_193' title='bbox 642 2768 734 2824; x_wconf 89' lang='lat' dir='ltr'><strong>his</strong></span> <span class='ocrx_word' id='word_1_194' title='bbox 763 2768 989 2828; x_wconf 88' lang='lat' dir='ltr'><strong>dictum</strong></span> <span class='ocrx_word' id='word_1_195' title='bbox 1034 2773 1140 2838; x_wconf 88' lang='lat' dir='ltr'><strong>est,</strong></span> <span class='ocrx_word' id='word_1_196' title='bbox 1175 2768 1276 2823; x_wconf 91' lang='lat' dir='ltr'><strong>ubi</strong></span> <span class='ocrx_word' id='word_1_197' title='bbox 1313 2767 1571 2823; x_wconf 89' lang='lat' dir='ltr'><strong>habetur</strong></span> <span class='ocrx_word' id='word_1_198' title='bbox 1607 2785 1619 2822; x_wconf 90' lang='lat'>:</span> <span class='ocrx_word' id='word_1_199' title='bbox 1666 2770 1727 2822; x_wconf 88' lang='lat' dir='ltr'><strong>Et</strong></span> <span class='ocrx_word' id='word_1_200' title='bbox 1754 2783 1882 2825; x_wconf 87' lang='lat' dir='ltr'><strong>ecce</strong></span> <span class='ocrx_word' id='word_1_201' title='bbox 1924 2785 2078 2824; x_wconf 88' lang='lat' dir='ltr'><strong>unus</strong></span> <span class='ocrx_word' id='word_1_202' title='bbox 2121 2784 2197 2825; x_wconf 87' lang='lat' dir='ltr'><strong>ex</strong></span> 
     </span>
    </p>
   </div>
   <div class='ocr_carea' id='block_1_30' title="bbox 543 2857 2195 2929">
    <p class='ocr_par' dir='ltr' id='par_1_30' title="bbox 543 2857 2195 2929">
     <span class='ocr_line' id='line_1_30' title="bbox 543 2857 2195 2929; baseline 0.001 -16"><span class='ocrx_word' id='word_1_203' title='bbox 543 2858 633 2913; x_wconf 89' lang='lat' dir='ltr'><strong>his</strong></span> <span class='ocrx_word' id='word_1_204' title='bbox 646 2859 752 2928; x_wconf 85' lang='lat' dir='ltr'><strong>qui</strong></span> <span class='ocrx_word' id='word_1_205' title='bbox 765 2861 932 2913; x_wconf 86' lang='lat' dir='ltr'><strong>erant</strong></span> <span class='ocrx_word' id='word_1_206' title='bbox 951 2873 1081 2912; x_wconf 87' lang='lat' dir='ltr'><strong>cum</strong></span> <span class='ocrx_word' id='word_1_207' title='bbox 1098 2857 1230 2913; x_wconf 86' lang='lat' dir='ltr'><strong>Jesu</strong></span> <span class='ocrx_word' id='word_1_208' title='bbox 1242 2864 1478 2913; x_wconf 83' lang='lat' dir='ltr'><strong>extenta</strong></span> <span class='ocrx_word' id='word_1_209' title='bbox 1498 2873 1697 2921; x_wconf 88' lang='lat' dir='ltr'><strong>manu,</strong></span> <span class='ocrx_word' id='word_1_210' title='bbox 1713 2858 1930 2913; x_wconf 79' lang='lat' dir='ltr'><strong>exemit</strong></span> <span class='ocrx_word' id='word_1_211' title='bbox 1942 2858 2195 2929; x_wconf 85' lang='lat' dir='ltr'><strong>gladium</strong></span> 
     </span>
    </p>
   </div>
   <div class='ocr_carea' id='block_1_31' title="bbox 540 2945 2192 3002">
    <p class='ocr_par' dir='ltr' id='par_1_31' title="bbox 540 2945 2192 3002">
     <span class='ocr_line' id='line_1_31' title="bbox 540 2945 2192 3002; baseline 0 0"><span class='ocrx_word' id='word_1_212' title='bbox 540 2962 707 3002; x_wconf 84' lang='lat' dir='ltr'><strong>suum</strong></span> <span class='ocrx_word' id='word_1_213' title='bbox 749 2947 817 3000; x_wconf 76' lang='grc'><strong>⁵⁸.</strong></span> <span class='ocrx_word' id='word_1_214' title='bbox 851 2945 1097 3001; x_wconf 85' lang='lat' dir='ltr'><strong>Addidit</strong></span> <span class='ocrx_word' id='word_1_215' title='bbox 1126 2950 1328 3000; x_wconf 88' lang='lat' dir='ltr'><strong>autem</strong></span> <span class='ocrx_word' id='word_1_216' title='bbox 1358 2947 1619 3001; x_wconf 90' lang='lat' dir='ltr'><strong>Joannes</strong></span> <span class='ocrx_word' id='word_1_217' title='bbox 1649 2952 1705 3002; x_wconf 92' lang='lat' dir='ltr'><strong>et</strong></span> <span class='ocrx_word' id='word_1_218' title='bbox 1737 2963 1959 3001; x_wconf 85' lang='lat' dir='ltr'><strong>nomen</strong></span> <span class='ocrx_word' id='word_1_219' title='bbox 1991 2947 2192 3002; x_wconf 90' lang='lat' dir='ltr'><strong>vulne-</strong></span> 
     </span>
    </p>
   </div>
   <div class='ocr_carea' id='block_1_32' title="bbox 540 3032 2196 3106">
    <p class='ocr_par' dir='ltr' id='par_1_32' title="bbox 540 3032 2196 3106">
     <span class='ocr_line' id='line_1_32' title="bbox 540 3032 2196 3106; baseline 0.001 -16"><span class='ocrx_word' id='word_1_220' title='bbox 540 3036 670 3097; x_wconf 86' lang='lat' dir='ltr'><strong>rati,</strong></span> <span class='ocrx_word' id='word_1_221' title='bbox 705 3040 1052 3106; x_wconf 88' lang='lat' dir='ltr'><strong>partemque</strong></span> <span class='ocrx_word' id='word_1_222' title='bbox 1094 3032 1490 3099; x_wconf 83' lang='lat' dir='ltr'><strong>vulneratam,</strong></span> <span class='ocrx_word' id='word_1_223' title='bbox 1537 3035 1617 3089; x_wconf 91' lang='lat' dir='ltr'><strong>ob</strong></span> <span class='ocrx_word' id='word_1_224' title='bbox 1645 3037 1728 3090; x_wconf 92' lang='lat' dir='ltr'><strong>rei</strong></span> <span class='ocrx_word' id='word_1_225' title='bbox 1766 3035 2196 3092; x_wconf 82' lang='lat' dir='ltr'><strong>manifestatio-</strong></span> 
     </span>
    </p>
   </div>
   <div class='ocr_carea' id='block_1_33' title="bbox 540 3122 2193 3195">
    <p class='ocr_par' dir='ltr' id='par_1_33' title="bbox 540 3122 2193 3195">
     <span class='ocr_line' id='line_1_33' title="bbox 540 3122 2193 3195; baseline -0.001 -14"><span class='ocrx_word' id='word_1_226' title='bbox 540 3140 722 3181; x_wconf 90' lang='lat' dir='ltr'><strong>nem:</strong></span> <span class='ocrx_word' id='word_1_227' title='bbox 756 3138 879 3179; x_wconf 93' lang='lat' dir='ltr'><strong>non</strong></span> <span class='ocrx_word' id='word_1_228' title='bbox 926 3122 1142 3188; x_wconf 90' lang='lat' dir='ltr'><strong>solum,</strong></span> <span class='ocrx_word' id='word_1_229' title='bbox 1190 3122 1354 3195; x_wconf 89' lang='lat' dir='ltr'><strong>quod</strong></span> <span class='ocrx_word' id='word_1_230' title='bbox 1398 3129 1638 3194; x_wconf 91' lang='lat' dir='ltr'><strong>repente</strong></span> <span class='ocrx_word' id='word_1_231' title='bbox 1688 3125 1980 3180; x_wconf 86' lang='lat' dir='ltr'><strong>curaverit</strong></span> <span class='ocrx_word' id='word_1_232' title='bbox 2025 3124 2193 3180; x_wconf 91' lang='lat' dir='ltr'><strong>illum</strong></span> 
     </span>
    </p>
   </div>
   <div class='ocr_carea' id='block_1_34' title="bbox 539 3211 2190 3283">
    <p class='ocr_par' dir='ltr' id='par_1_34' title="bbox 539 3211 2190 3283">
     <span class='ocr_line' id='line_1_34' title="bbox 539 3211 2190 3283; baseline 0 -14"><span class='ocrx_word' id='word_1_233' title='bbox 539 3215 729 3283; x_wconf 88' lang='lat' dir='ltr'><strong>Jesus,</strong></span> <span class='ocrx_word' id='word_1_234' title='bbox 772 3213 922 3268; x_wconf 88' lang='lat' dir='ltr'><strong>sicut</strong></span> <span class='ocrx_word' id='word_1_235' title='bbox 964 3229 997 3267; x_wconf 90' lang='lat' dir='ltr'><strong>a</strong></span> <span class='ocrx_word' id='word_1_236' title='bbox 1042 3214 1197 3267; x_wconf 85' lang='lat' dir='ltr'><strong>Luca</strong></span> <span class='ocrx_word' id='word_1_237' title='bbox 1243 3211 1558 3268; x_wconf 89' lang='lat' dir='ltr'><strong>didicimus</strong></span> <span class='ocrx_word' id='word_1_238' title='bbox 1613 3215 1678 3279; x_wconf 71' lang='grc'><strong>⁵³,</strong></span> <span class='ocrx_word' id='word_1_239' title='bbox 1735 3228 1939 3269; x_wconf 91' lang='lat' dir='ltr'><strong>verum</strong></span> <span class='ocrx_word' id='word_1_240' title='bbox 1988 3216 2190 3279; x_wconf 89' lang='lat' dir='ltr'><strong>etiam,</strong></span> 
     </span>
    </p>
   </div>
   <div class='ocr_carea' id='block_1_35' title="bbox 540 3301 2194 3376">
    <p class='ocr_par' dir='ltr' id='par_1_35' title="bbox 540 3301 2194 3376">
     <span class='ocr_line' id='line_1_35' title="bbox 540 3301 2194 3376; baseline 0.001 -17"><span class='ocrx_word' id='word_1_241' title='bbox 540 3304 700 3376; x_wconf 90' lang='lat' dir='ltr'><strong>quod</strong></span> <span class='ocrx_word' id='word_1_242' title='bbox 737 3302 1384 3374; x_wconf 86' lang='lat' dir='ltr'><strong>paulopostesseteum</strong></span> <span class='ocrx_word' id='word_1_243' title='bbox 1401 3301 1578 3375; x_wconf 88' lang='lat' dir='ltr'><strong>alapa</strong></span> <span class='ocrx_word' id='word_1_244' title='bbox 1616 3318 2025 3375; x_wconf 88' lang='lat' dir='ltr'><strong>percussurus,</strong></span> <span class='ocrx_word' id='word_1_245' title='bbox 2043 3304 2194 3361; x_wconf 89' lang='lat' dir='ltr'><strong>sicut</strong></span> 
     </span>
    </p>
   </div>
   <div class='ocr_carea' id='block_1_36' title="bbox 542 3392 1407 3464">
    <p class='ocr_par' dir='ltr' id='par_1_36' title="bbox 542 3392 1407 3464">
     <span class='ocr_line' id='line_1_36' title="bbox 542 3392 1407 3464; baseline -0.002 -16"><span class='ocrx_word' id='word_1_246' title='bbox 542 3392 899 3464; x_wconf 77' lang='lat' dir='ltr'><strong>signiﬁcavit</strong></span> <span class='ocrx_word' id='word_1_247' title='bbox 926 3392 1407 3463; x_wconf 89' lang='lat' dir='ltr'><strong>Chrysostomus.</strong></span> 
     </span>
    </p>
   </div>
   <div class='ocr_carea' id='block_1_37' title="bbox 614 3569 2195 3635">
    <p class='ocr_par' dir='ltr' id='par_1_37' title="bbox 614 3569 2195 3635">
     <span class='ocr_line' id='line_1_37' title="bbox 614 3569 2195 3635; baseline -0.001 -9"><span class='ocrx_word' id='word_1_248' title='bbox 614 3573 770 3628; x_wconf 89' lang='lat' dir='ltr'><strong>Vers.</strong></span> <span class='ocrx_word' id='word_1_249' title='bbox 803 3572 892 3626; x_wconf 85' lang='lat'><strong>11.</strong></span> <span class='ocrx_word' id='word_1_250' title='bbox 925 3570 1084 3628; x_wconf 88' lang='lat' dir='ltr'><strong>Dicit</strong></span> <span class='ocrx_word' id='word_1_251' title='bbox 1104 3600 1173 3611; x_wconf 90' lang='lat'><strong>—</strong></span> <span class='ocrx_word' id='word_1_252' title='bbox 1197 3570 1262 3626; x_wconf 87' lang='lat' dir='ltr'><strong>id</strong></span> <span class='ocrx_word' id='word_1_253' title='bbox 1291 3570 1319 3625; x_wconf 80' lang='lat'><strong><em>?</em></strong></span> <span class='ocrx_word' id='word_1_254' title='bbox 1344 3569 1650 3635; x_wconf 89' lang='lat' dir='ltr'><strong>Poculum,</strong></span> <span class='ocrx_word' id='word_1_255' title='bbox 1690 3574 1945 3627; x_wconf 89' lang='lat' dir='ltr'><strong>mortem</strong></span> <span class='ocrx_word' id='word_1_256' title='bbox 1990 3569 2195 3626; x_wconf 89' lang='lat' dir='ltr'><strong>videli-</strong></span> 
     </span>
    </p>
   </div>
   <div class='ocr_carea' id='block_1_38' title="bbox 541 3658 2192 3732">
    <p class='ocr_par' dir='ltr' id='par_1_38' title="bbox 541 3658 2192 3732">
     <span class='ocr_line' id='line_1_38' title="bbox 541 3658 2192 3732; baseline -0.002 -15"><span class='ocrx_word' id='word_1_257' title='bbox 541 3664 651 3717; x_wconf 90' lang='lat' dir='ltr'><strong>cet.</strong></span> <span class='ocrx_word' id='word_1_258' title='bbox 679 3660 826 3715; x_wconf 92' lang='lat' dir='ltr'><strong>Dicit</strong></span> <span class='ocrx_word' id='word_1_259' title='bbox 871 3675 1030 3730; x_wconf 86' lang='lat' dir='ltr'><strong>ergo,</strong></span> <span class='ocrx_word' id='word_1_260' title='bbox 1075 3660 1290 3715; x_wconf 90' lang='lat' dir='ltr'><strong>Annon</strong></span> <span class='ocrx_word' id='word_1_261' title='bbox 1334 3658 1661 3730; x_wconf 86' lang='lat' dir='ltr'><strong>suscipiam</strong></span> <span class='ocrx_word' id='word_1_262' title='bbox 1707 3663 1960 3715; x_wconf 92' lang='lat' dir='ltr'><strong>mortem</strong></span> <span class='ocrx_word' id='word_1_263' title='bbox 2007 3674 2192 3732; x_wconf 90' lang='lat' dir='ltr'><strong>quam</strong></span> 
     </span>
    </p>
   </div>
   <div class='ocr_carea' id='block_1_39' title="bbox 540 3746 2189 3821">
    <p class='ocr_par' dir='ltr' id='par_1_39' title="bbox 540 3746 2189 3821">
     <span class='ocr_line' id='line_1_39' title="bbox 540 3746 2189 3821; baseline -0.001 -17"><span class='ocrx_word' id='word_1_264' title='bbox 540 3748 809 3821; x_wconf 90' lang='lat' dir='ltr'><strong>permisit</strong></span> <span class='ocrx_word' id='word_1_265' title='bbox 850 3748 1016 3804; x_wconf 90' lang='lat' dir='ltr'><strong>Pater</strong></span> <span class='ocrx_word' id='word_1_266' title='bbox 1058 3746 1259 3804; x_wconf 89' lang='lat' dir='ltr'><strong>inferri</strong></span> <span class='ocrx_word' id='word_1_267' title='bbox 1308 3747 1506 3803; x_wconf 86' lang='lat' dir='ltr'><strong>mihi?</strong></span> <span class='ocrx_word' id='word_1_268' title='bbox 1550 3764 1691 3804; x_wconf 87' lang='lat' dir='ltr'><strong>nam</strong></span> <span class='ocrx_word' id='word_1_269' title='bbox 1727 3747 1843 3803; x_wconf 94' lang='lat' dir='ltr'><strong>hoc</strong></span> <span class='ocrx_word' id='word_1_270' title='bbox 1874 3748 2189 3819; x_wconf 84' lang='lat' dir='ltr'><strong>significat,</strong></span> 
     </span>
    </p>
   </div>
   <div class='ocr_carea' id='block_1_40' title="bbox 540 3836 2191 3909">
    <p class='ocr_par' dir='ltr' id='par_1_40' title="bbox 540 3836 2191 3909">
     <span class='ocr_line' id='line_1_40' title="bbox 540 3836 2191 3909; baseline -0.001 -16"><span class='ocrx_word' id='word_1_271' title='bbox 540 3837 711 3895; x_wconf 86' lang='lat' dir='ltr'><strong>Dedit</strong></span> <span class='ocrx_word' id='word_1_272' title='bbox 753 3837 924 3906; x_wconf 88' lang='lat' dir='ltr'><strong>mihi,</strong></span> <span class='ocrx_word' id='word_1_273' title='bbox 968 3853 1033 3893; x_wconf 91' lang='lat' dir='ltr'><strong>ac</strong></span> <span class='ocrx_word' id='word_1_274' title='bbox 1065 3838 1112 3892; x_wconf 94' lang='lat' dir='ltr'><strong>si</strong></span> <span class='ocrx_word' id='word_1_275' title='bbox 1152 3836 1315 3893; x_wconf 87' lang='lat' dir='ltr'><strong>dicat</strong></span> <span class='ocrx_word' id='word_1_276' title='bbox 1353 3852 1365 3892; x_wconf 95' lang='lat'>:</span> <span class='ocrx_word' id='word_1_277' title='bbox 1408 3837 1526 3893; x_wconf 91' lang='lat' dir='ltr'><strong>Imo</strong></span> <span class='ocrx_word' id='word_1_278' title='bbox 1575 3837 1859 3901; x_wconf 81' lang='lat' dir='ltr'><strong>maxime,</strong></span> <span class='ocrx_word' id='word_1_279' title='bbox 1903 3842 2191 3909; x_wconf 89' lang='lat' dir='ltr'><strong>tanquam</strong></span> 
     </span>
    </p>
   </div>
   <div class='ocr_carea' id='block_1_41' title="bbox 541 3925 2191 3999">
    <p class='ocr_par' dir='ltr' id='par_1_41' title="bbox 541 3925 2191 3999">
     <span class='ocr_line' id='line_1_41' title="bbox 541 3925 2191 3999; baseline -0.002 -16"><span class='ocrx_word' id='word_1_280' title='bbox 541 3927 749 3984; x_wconf 85' lang='lat' dir='ltr'><strong>eadem</strong></span> <span class='ocrx_word' id='word_1_281' title='bbox 787 3926 1019 3990; x_wconf 90' lang='lat' dir='ltr'><strong>volens,</strong></span> <span class='ocrx_word' id='word_1_282' title='bbox 1060 3942 1195 3999; x_wconf 54' lang='lat' dir='ltr'><strong>quas</strong></span> <span class='ocrx_word' id='word_1_283' title='bbox 1236 3927 1424 3981; x_wconf 89' lang='lat' dir='ltr'><strong>Pater.</strong></span> <span class='ocrx_word' id='word_1_284' title='bbox 1467 3926 1530 3980; x_wconf 90' lang='lat' dir='ltr'><strong>In</strong></span> <span class='ocrx_word' id='word_1_285' title='bbox 1572 3925 1724 3981; x_wconf 90' lang='lat' dir='ltr'><strong>dicto</strong></span> <span class='ocrx_word' id='word_1_286' title='bbox 1760 3932 1959 3982; x_wconf 91' lang='lat' dir='ltr'><strong>autem</strong></span> <span class='ocrx_word' id='word_1_287' title='bbox 2005 3926 2191 3997; x_wconf 90' lang='lat' dir='ltr'><strong>capite</strong></span> 
     </span>
    </p>
   </div>
   <div class='ocr_carea' id='block_1_42' title="bbox 540 4015 1845 4089">
    <p class='ocr_par' dir='ltr' id='par_1_42' title="bbox 540 4015 1845 4089">
     <span class='ocr_line' id='line_1_42' title="bbox 540 4015 1845 4089; baseline -0.003 -16"><span class='ocrx_word' id='word_1_288' title='bbox 540 4021 975 4089; x_wconf 89' lang='lat' dir='ltr'><strong>consequenter</strong></span> <span class='ocrx_word' id='word_1_289' title='bbox 997 4016 1174 4071; x_wconf 87' lang='lat' dir='ltr'><strong>etiam</strong></span> <span class='ocrx_word' id='word_1_290' title='bbox 1202 4016 1275 4071; x_wconf 94' lang='lat' dir='ltr'><strong>de</strong></span> <span class='ocrx_word' id='word_1_291' title='bbox 1306 4015 1398 4070; x_wconf 91' lang='lat' dir='ltr'><strong>his</strong></span> <span class='ocrx_word' id='word_1_292' title='bbox 1429 4015 1845 4071; x_wconf 89' lang='lat' dir='ltr'><strong>disseruimus.</strong></span> 
     </span>
    </p>
   </div>
   <div class='ocr_carea' id='block_1_43' title="bbox 611 4103 2191 4174">
    <p class='ocr_par' dir='ltr' id='par_1_43' title="bbox 611 4103 2191 4174">
     <span class='ocr_line' id='line_1_43' title="bbox 611 4103 2191 4174; baseline -0.001 -15"><span class='ocrx_word' id='word_1_293' title='bbox 611 4106 772 4162; x_wconf 83' lang='lat' dir='ltr'><strong>Vers.</strong></span> <span class='ocrx_word' id='word_1_294' title='bbox 809 4109 889 4159; x_wconf 85' lang='lat'><strong>12.</strong></span> <span class='ocrx_word' id='word_1_295' title='bbox 935 4103 1154 4160; x_wconf 81' lang='lat' dir='ltr'><strong>Cohors</strong></span> <span class='ocrx_word' id='word_1_296' title='bbox 1182 4104 1370 4174; x_wconf 81' lang='lat' dir='ltr'><strong>igitur</strong></span> <span class='ocrx_word' id='word_1_297' title='bbox 1396 4136 1461 4145; x_wconf 90' lang='lat'><strong><em>—</em></strong></span> <span class='ocrx_word' id='word_1_298' title='bbox 1491 4104 1654 4158; x_wconf 88' lang='lat' dir='ltr'><strong>Vers.</strong></span> <span class='ocrx_word' id='word_1_299' title='bbox 1711 4107 1795 4160; x_wconf 89' lang='lat'><strong>13.</strong></span> <span class='ocrx_word' id='word_1_300' title='bbox 1842 4104 2031 4160; x_wconf 84' lang='lat' dir='ltr'><strong>illius.</strong></span> <span class='ocrx_word' id='word_1_301' title='bbox 2065 4103 2191 4158; x_wconf 64' lang='lat' dir='ltr'><strong>Prae</strong></span> 
     </span>
    </p>
   </div>
   <div class='ocr_carea' id='block_1_44' title="bbox 539 4192 2191 4266">
    <p class='ocr_par' dir='ltr' id='par_1_44' title="bbox 539 4192 2191 4266">
     <span class='ocr_line' id='line_1_44' title="bbox 539 4192 2191 4266; baseline 0.002 -20"><span class='ocrx_word' id='word_1_302' title='bbox 539 4192 847 4263; x_wconf 91' lang='lat' dir='ltr'><strong>voluptate</strong></span> <span class='ocrx_word' id='word_1_303' title='bbox 893 4193 969 4246; x_wconf 93' lang='lat' dir='ltr'><strong>de</strong></span> <span class='ocrx_word' id='word_1_304' title='bbox 1016 4193 1130 4248; x_wconf 89' lang='lat' dir='ltr'><strong>hac</strong></span> <span class='ocrx_word' id='word_1_305' title='bbox 1181 4208 1242 4247; x_wconf 90' lang='lat' dir='ltr'><strong>re</strong></span> <span class='ocrx_word' id='word_1_306' title='bbox 1283 4192 1710 4262; x_wconf 88' lang='lat' dir='ltr'><strong>gloriabantur,</strong></span> <span class='ocrx_word' id='word_1_307' title='bbox 1772 4198 2060 4266; x_wconf 89' lang='lat' dir='ltr'><strong>tanquam</strong></span> <span class='ocrx_word' id='word_1_308' title='bbox 2117 4193 2191 4249; x_wconf 91' lang='lat' dir='ltr'><strong>de</strong></span> 
     </span>
    </p>
   </div>
   <div class='ocr_carea' id='block_1_45' title="bbox 541 4280 2190 4351">
    <p class='ocr_par' dir='ltr' id='par_1_45' title="bbox 541 4280 2190 4351">
     <span class='ocr_line' id='line_1_45' title="bbox 541 4280 2190 4351; baseline 0.001 -16"><span class='ocrx_word' id='word_1_309' title='bbox 541 4286 770 4351; x_wconf 78' lang='lat' dir='ltr'><strong>tropaeo</strong></span> <span class='ocrx_word' id='word_1_310' title='bbox 808 4280 1147 4335; x_wconf 91' lang='lat' dir='ltr'><strong>constituto.</strong></span> <span class='ocrx_word' id='word_1_311' title='bbox 1178 4281 1255 4335; x_wconf 82' lang='lat' dir='ltr'><strong>Et</strong></span> <span class='ocrx_word' id='word_1_312' title='bbox 1306 4281 1691 4337; x_wconf 74' lang='lat' dir='ltr'><strong>abduxerunt</strong></span> <span class='ocrx_word' id='word_1_313' title='bbox 1747 4295 1879 4336; x_wconf 88' lang='lat' dir='ltr'><strong>eum</strong></span> <span class='ocrx_word' id='word_1_314' title='bbox 1932 4282 2190 4350; x_wconf 79' lang='lat' dir='ltr'><strong>primum</strong></span> 
     </span>
    </p>
   </div>
   <div class='ocr_carea' id='block_1_46' title="bbox 542 4368 2192 4443">
    <p class='ocr_par' dir='ltr' id='par_1_46' title="bbox 542 4368 2192 4443">
     <span class='ocr_line' id='line_1_46' title="bbox 542 4368 2192 4443; baseline 0.001 -18"><span class='ocrx_word' id='word_1_315' title='bbox 542 4370 620 4425; x_wconf 89' lang='lat' dir='ltr'><strong>ad</strong></span> <span class='ocrx_word' id='word_1_316' title='bbox 631 4369 883 4437; x_wconf 84' lang='lat' dir='ltr'><strong>Annam,</strong></span> <span class='ocrx_word' id='word_1_317' title='bbox 901 4369 1077 4441; x_wconf 89' lang='lat' dir='ltr'><strong>utqui</strong></span> <span class='ocrx_word' id='word_1_318' title='bbox 1091 4385 1126 4424; x_wconf 92' lang='lat' dir='ltr'><strong>a</strong></span> <span class='ocrx_word' id='word_1_319' title='bbox 1140 4369 1364 4440; x_wconf 88' lang='lat' dir='ltr'><strong>Caipha</strong></span> <span class='ocrx_word' id='word_1_320' title='bbox 1380 4369 1511 4439; x_wconf 90' lang='lat' dir='ltr'><strong>ejus</strong></span> <span class='ocrx_word' id='word_1_321' title='bbox 1526 4368 1669 4424; x_wconf 91' lang='lat' dir='ltr'><strong>anni</strong></span> <span class='ocrx_word' id='word_1_322' title='bbox 1686 4368 1982 4439; x_wconf 82' lang='lat' dir='ltr'><strong>pontiﬁce,</strong></span> <span class='ocrx_word' id='word_1_323' title='bbox 2018 4371 2192 4443; x_wconf 88' lang='lat' dir='ltr'><strong>quasi</strong></span> 
     </span>
    </p>
   </div>
   <div class='ocr_carea' id='block_1_47' title="bbox 539 4455 2194 4532">
    <p class='ocr_par' dir='ltr' id='par_1_47' title="bbox 539 4455 2194 4532">
     <span class='ocr_line' id='line_1_47' title="bbox 539 4455 2194 4532; baseline 0 -17"><span class='ocrx_word' id='word_1_324' title='bbox 539 4464 709 4532; x_wconf 90' lang='lat' dir='ltr'><strong>pater</strong></span> <span class='ocrx_word' id='word_1_325' title='bbox 745 4458 1178 4527; x_wconf 88' lang='lat' dir='ltr'><strong>honorabatur,</strong></span> <span class='ocrx_word' id='word_1_326' title='bbox 1226 4462 1463 4530; x_wconf 89' lang='lat' dir='ltr'><strong>propter</strong></span> <span class='ocrx_word' id='word_1_327' title='bbox 1492 4455 1859 4513; x_wconf 77' lang='lat' dir='ltr'><strong>affinitatem.</strong></span> <span class='ocrx_word' id='word_1_328' title='bbox 1896 4460 2102 4524; x_wconf 66' lang='lat' dir='ltr'><strong>Quaere</strong></span> <span class='ocrx_word' id='word_1_329' title='bbox 2132 4460 2194 4515; x_wconf 88' lang='lat' dir='ltr'><strong>in</strong></span> 
     </span>
    </p>
   </div>
   <div class='ocr_carea' id='block_1_48' title="bbox 538 4546 2196 4621">
    <p class='ocr_par' dir='ltr' id='par_1_48' title="bbox 538 4546 2196 4621">
     <span class='ocr_line' id='line_1_48' title="bbox 538 4546 2196 4621; baseline 0.001 -18"><span class='ocrx_word' id='word_1_330' title='bbox 538 4553 997 4621; x_wconf 85' lang='lat' dir='ltr'><strong>praememorato</strong></span> <span class='ocrx_word' id='word_1_331' title='bbox 1028 4548 1239 4619; x_wconf 89' lang='lat' dir='ltr'><strong>capite,</strong></span> <span class='ocrx_word' id='word_1_332' title='bbox 1268 4547 1369 4602; x_wconf 90' lang='lat' dir='ltr'><strong>ubi</strong></span> <span class='ocrx_word' id='word_1_333' title='bbox 1415 4546 1669 4604; x_wconf 80' lang='lat' dir='ltr'><strong>habetur</strong></span> <span class='ocrx_word' id='word_1_334' title='bbox 1694 4563 1711 4600; x_wconf 89' lang='lat'><em>:</em></span> <span class='ocrx_word' id='word_1_335' title='bbox 1759 4548 1834 4603; x_wconf 80' lang='lat' dir='ltr'><strong>At</strong></span> <span class='ocrx_word' id='word_1_336' title='bbox 1865 4548 1962 4604; x_wconf 82' lang='lat' dir='ltr'><strong>illi</strong></span> <span class='ocrx_word' id='word_1_337' title='bbox 1989 4564 2196 4618; x_wconf 82' lang='lat' dir='ltr'><strong>appre-</strong></span> 
     </span>
    </p>
   </div>
   <div class='ocr_carea' id='block_1_49' title="bbox 542 4635 2191 4707">
    <p class='ocr_par' dir='ltr' id='par_1_49' title="bbox 542 4635 2191 4707">
     <span class='ocr_line' id='line_1_49' title="bbox 542 4635 2191 4707; baseline -0.002 -14"><span class='ocrx_word' id='word_1_338' title='bbox 542 4638 781 4693; x_wconf 83' lang='lat' dir='ltr'><strong>hensum</strong></span> <span class='ocrx_word' id='word_1_339' title='bbox 796 4638 984 4692; x_wconf 84' lang='lat' dir='ltr'><strong>Jesum</strong></span> <span class='ocrx_word' id='word_1_340' title='bbox 999 4636 1376 4693; x_wconf 71' lang='lat' dir='ltr'><strong>abduxerunt</strong></span> <span class='ocrx_word' id='word_1_341' title='bbox 1390 4635 1464 4692; x_wconf 88' lang='lat' dir='ltr'><strong>ad</strong></span> <span class='ocrx_word' id='word_1_342' title='bbox 1479 4635 1767 4706; x_wconf 80' lang='lat' dir='ltr'><strong>Caipham</strong></span> <span class='ocrx_word' id='word_1_343' title='bbox 1778 4636 2110 4707; x_wconf 81' lang='lat' dir='ltr'><strong>pontiﬁcem</strong></span> <span class='ocrx_word' id='word_1_344' title='bbox 2124 4639 2191 4706; x_wconf 75' lang='grc' dir='ltr'><strong>⁸ο,</strong></span> 
     </span>
    </p>
   </div>
   <div class='ocr_carea' id='block_1_50' title="bbox 541 4724 1640 4798">
    <p class='ocr_par' dir='ltr' id='par_1_50' title="bbox 541 4724 1640 4798">
     <span class='ocr_line' id='line_1_50' title="bbox 541 4724 1640 4798; baseline -0.003 -15"><span class='ocrx_word' id='word_1_345' title='bbox 541 4730 599 4783; x_wconf 91' lang='lat' dir='ltr'><strong>et</strong></span> <span class='ocrx_word' id='word_1_346' title='bbox 624 4724 753 4798; x_wconf 92' lang='lat' dir='ltr'><strong>lege</strong></span> <span class='ocrx_word' id='word_1_347' title='bbox 781 4726 1041 4796; x_wconf 88' lang='lat' dir='ltr'><strong>positam</strong></span> <span class='ocrx_word' id='word_1_348' title='bbox 1069 4724 1148 4781; x_wconf 92' lang='lat' dir='ltr'><strong>ibi</strong></span> <span class='ocrx_word' id='word_1_349' title='bbox 1178 4724 1640 4782; x_wconf 88' lang='lat' dir='ltr'><strong>enarrationem.</strong></span> 
     </span>
    </p>
   </div>
   <div class='ocr_carea' id='block_1_51' title="bbox 614 4849 1839 4922">
    <p class='ocr_par' dir='ltr' id='par_1_51' title="bbox 614 4849 1839 4922">
     <span class='ocr_line' id='line_1_51' title="bbox 614 4849 1839 4922; baseline -0.003 -14"><span class='ocrx_word' id='word_1_350' title='bbox 614 4852 659 4889; x_wconf 77' lang='grc'><strong>⁵⁷</strong></span> <span class='ocrx_word' id='word_1_351' title='bbox 693 4853 863 4910; x_wconf 88' lang='lat' dir='ltr'><strong>Joan.</strong></span> <span class='ocrx_word' id='word_1_352' title='bbox 894 4866 1032 4922; x_wconf 83' lang='lat' dir='ltr'><strong>xvu,</strong></span> <span class='ocrx_word' id='word_1_353' title='bbox 1066 4849 1146 4907; x_wconf 75' lang='lat'><strong>12.</strong></span> <span class='ocrx_word' id='word_1_354' title='bbox 1261 4851 1309 4886; x_wconf 80' lang='grc'><strong>⁵⁸</strong></span> <span class='ocrx_word' id='word_1_355' title='bbox 1331 4850 1535 4907; x_wconf 87' lang='lat' dir='ltr'><strong>Matth.</strong></span> <span class='ocrx_word' id='word_1_356' title='bbox 1564 4866 1719 4916; x_wconf 74' lang='lat' dir='ltr'><strong>xxvr,</strong></span> <span class='ocrx_word' id='word_1_357' title='bbox 1752 4851 1839 4906; x_wconf 85' lang='lat'><strong>51.</strong></span> 
     </span>
    </p>
   </div>
   <div class='ocr_carea' id='block_1_52' title="bbox 1950 4851 2450 4918">
    <p class='ocr_par' dir='ltr' id='par_1_52' title="bbox 1950 4851 2450 4918">
     <span class='ocr_line' id='line_1_52' title="bbox 1950 4851 2450 4918; baseline 0.002 -12"><span class='ocrx_word' id='word_1_358' title='bbox 1950 4853 1998 4887; x_wconf 78' lang='grc'>²⁹</span> <span class='ocrx_word' id='word_1_359' title='bbox 2030 4851 2170 4907; x_wconf 89' lang='lat' dir='ltr'><strong>Luc.</strong></span> <span class='ocrx_word' id='word_1_360' title='bbox 2202 4869 2339 4918; x_wconf 84' lang='lat' dir='ltr'><strong>xxu,</strong></span> <span class='ocrx_word' id='word_1_361' title='bbox 2364 4854 2450 4909; x_wconf 81' lang='grc'><strong>51.</strong></span> 
     </span>
    </p>
   </div>
   <div class='ocr_carea' id='block_1_53' title="bbox 2309 538 3968 615">
    <p class='ocr_par' dir='ltr' id='par_1_53' title="bbox 2309 538 3968 615">
     <span class='ocr_line' id='line_1_53' title="bbox 2309 538 3968 615; baseline 0.003 -26"><span class='ocrx_word' id='word_1_362' title='bbox 2309 538 2569 607; x_wconf 78' lang='grc' dir='ltr'><strong>Ἰωάννης,</strong></span> <span class='ocrx_word' id='word_1_363' title='bbox 2600 541 2670 599; x_wconf 83' lang='grc' dir='ltr'>ὡς</span> <span class='ocrx_word' id='word_1_364' title='bbox 2695 546 2799 600; x_wconf 86' lang='grc' dir='ltr'>τοῖς</span> <span class='ocrx_word' id='word_1_365' title='bbox 2833 539 3004 602; x_wconf 75' lang='grc' dir='ltr'>ἄλλοις</span> <span class='ocrx_word' id='word_1_366' title='bbox 3039 541 3398 615; x_wconf 82' lang='grc' dir='ltr'>ἱστορηθέντα,</span> <span class='ocrx_word' id='word_1_367' title='bbox 3430 543 3459 595; x_wconf 85' lang='grc' dir='ltr'>ὁ</span> <span class='ocrx_word' id='word_1_368' title='bbox 3490 543 3789 615; x_wconf 76' lang='grc' dir='ltr'>πολλοιχοὺ</span> <span class='ocrx_word' id='word_1_369' title='bbox 3838 542 3968 595; x_wconf 78' lang='grc' dir='ltr'>πολ-</span> 
     </span>
    </p>
   </div>
   <div class='ocr_carea' id='block_1_54' title="bbox 2308 626 2689 699">
    <p class='ocr_par' dir='ltr' id='par_1_54' title="bbox 2308 626 2689 699">
     <span class='ocr_line' id='line_1_54' title="bbox 2308 626 2689 699; baseline -0.003 -20"><span class='ocrx_word' id='word_1_370' title='bbox 2308 628 2451 687; x_wconf 72' lang='grc' dir='ltr'>λάκις</span> <span class='ocrx_word' id='word_1_371' title='bbox 2476 634 2635 685; x_wconf 85' lang='grc' dir='ltr'>ποιεῖ,</span> <span class='ocrx_word' id='word_1_372' title='bbox 2667 626 2689 699; x_wconf 89' lang='grc'>]</span> 
     </span>
    </p>
   </div>
   <div class='ocr_carea' id='block_1_55' title="bbox 2382 715 3961 795">
    <p class='ocr_par' dir='ltr' id='par_1_55' title="bbox 2382 715 3961 795">
     <span class='ocr_line' id='line_1_55' title="bbox 2382 715 3961 795; baseline 0.004 -28"><span class='ocrx_word' id='word_1_373' title='bbox 2382 717 2581 777; x_wconf 82' lang='grc' dir='ltr'>Ἰησοῦς</span> <span class='ocrx_word' id='word_1_374' title='bbox 2609 748 2674 756; x_wconf 91' lang='grc'><strong>-</strong></span> <span class='ocrx_word' id='word_1_375' title='bbox 2698 721 2895 789; x_wconf 85' lang='grc' dir='ltr'>χαμαί.</span> <span class='ocrx_word' id='word_1_376' title='bbox 2923 715 3087 782; x_wconf 80' lang='grc' dir='ltr'><strong>Εἰδὼς</strong></span> <span class='ocrx_word' id='word_1_377' title='bbox 3118 722 3187 783; x_wconf 83' lang='grc' dir='ltr'>ὡς</span> <span class='ocrx_word' id='word_1_378' title='bbox 3214 724 3340 782; x_wconf 82' lang='grc' dir='ltr'>Θεὸς</span> <span class='ocrx_word' id='word_1_379' title='bbox 3360 723 3536 774; x_wconf 77' lang='grc' dir='ltr'>πάντα</span> <span class='ocrx_word' id='word_1_380' title='bbox 3565 724 3639 775; x_wconf 78' lang='grc' dir='ltr'><strong>τά</strong></span> <span class='ocrx_word' id='word_1_381' title='bbox 3668 720 3961 795; x_wconf 69' lang='grc' dir='ltr'>ἐρχόμενα</span> 
     </span>
    </p>
   </div>
   <div class='ocr_carea' id='block_1_56' title="bbox 2306 802 3959 885">
    <p class='ocr_par' dir='ltr' id='par_1_56' title="bbox 2306 802 3959 885">
     <span class='ocr_line' id='line_1_56' title="bbox 2306 802 3959 885; baseline 0.004 -30"><span class='ocrx_word' id='word_1_382' title='bbox 2306 802 2380 856; x_wconf 80' lang='grc' dir='ltr'><strong>ἐπ’</strong></span> <span class='ocrx_word' id='word_1_383' title='bbox 2414 805 2591 870; x_wconf 75' lang='grc' dir='ltr'>αὐτὸν,</span> <span class='ocrx_word' id='word_1_384' title='bbox 2659 803 2867 867; x_wconf 81' lang='grc' dir='ltr'>ἐξελθών</span> <span class='ocrx_word' id='word_1_385' title='bbox 2928 805 3209 881; x_wconf 80' lang='grc' dir='ltr'><strong>ἀταράχως</strong></span> <span class='ocrx_word' id='word_1_386' title='bbox 3276 810 3550 885; x_wconf 79' lang='grc' dir='ltr'><strong>ἠρώτησεν</strong></span> <span class='ocrx_word' id='word_1_387' title='bbox 3601 811 3822 873; x_wconf 69' lang='grc' dir='ltr'>αὐτοὺς</span> <span class='ocrx_word' id='word_1_388' title='bbox 3886 814 3959 871; x_wconf 73' lang='grc' dir='ltr'>ὡς</span> 
     </span>
    </p>
   </div>
   <div class='ocr_carea' id='block_1_57' title="bbox 2305 893 3948 974">
    <p class='ocr_par' dir='ltr' id='par_1_57' title="bbox 2305 893 3948 974">
     <span class='ocr_line' id='line_1_57' title="bbox 2305 893 3948 974; baseline 0.004 -30"><span class='ocrx_word' id='word_1_389' title='bbox 2305 894 2596 966; x_wconf 79' lang='grc' dir='ltr'>ἄνθρωπος.</span> <span class='ocrx_word' id='word_1_390' title='bbox 2657 894 2902 953; x_wconf 77' lang='grc' dir='ltr'>Εἰστηκει</span> <span class='ocrx_word' id='word_1_391' title='bbox 2934 893 2993 948; x_wconf 75' lang='grc' dir='ltr'><strong>δὲ</strong></span> <span class='ocrx_word' id='word_1_392' title='bbox 3022 903 3112 950; x_wconf 80' lang='grc' dir='ltr'>καὶ</span> <span class='ocrx_word' id='word_1_393' title='bbox 3165 899 3190 949; x_wconf 99' lang='lat'><strong>6</strong></span> <span class='ocrx_word' id='word_1_394' title='bbox 3229 895 3490 974; x_wconf 78' lang='grc' dir='ltr'><strong>προδότης</strong></span> <span class='ocrx_word' id='word_1_395' title='bbox 3551 900 3675 972; x_wconf 78' lang='grc' dir='ltr'>μετ’</span> <span class='ocrx_word' id='word_1_396' title='bbox 3709 901 3904 952; x_wconf 67' lang='grc' dir='ltr'>αὐτῶν</span> <span class='ocrx_word' id='word_1_397' title='bbox 3936 920 3948 929; x_wconf 65' lang='grc' dir='ltr'><strong>ο</strong></span> 
     </span>
    </p>
   </div>
   <div class='ocr_carea' id='block_1_58' title="bbox 2304 978 3949 1061">
    <p class='ocr_par' dir='ltr' id='par_1_58' title="bbox 2304 978 3949 1061">
     <span class='ocr_line' id='line_1_58' title="bbox 2304 978 3949 1061; baseline 0.005 -28"><span class='ocrx_word' id='word_1_398' title='bbox 2304 986 2393 1034; x_wconf 85' lang='grc' dir='ltr'>καὶ</span> <span class='ocrx_word' id='word_1_399' title='bbox 2423 978 2547 1035; x_wconf 69' lang='grc' dir='ltr'><strong>οὐδὲ</strong></span> <span class='ocrx_word' id='word_1_400' title='bbox 2585 982 2738 1046; x_wconf 75' lang='grc' dir='ltr'>οὗτος</span> <span class='ocrx_word' id='word_1_401' title='bbox 2774 979 3014 1044; x_wconf 80' lang='grc' dir='ltr'><strong>ἠδυνήθη</strong></span> <span class='ocrx_word' id='word_1_402' title='bbox 3060 992 3316 1061; x_wconf 73' lang='grc' dir='ltr'>’γνωρίσαι</span> <span class='ocrx_word' id='word_1_403' title='bbox 3355 987 3528 1053; x_wconf 76' lang='grc' dir='ltr'>αὐτὸν,</span> <span class='ocrx_word' id='word_1_404' title='bbox 3596 990 3631 1047; x_wconf 77' lang='grc' dir='ltr'>ἧ</span> <span class='ocrx_word' id='word_1_405' title='bbox 3703 988 3821 1041; x_wconf 78' lang='grc' dir='ltr'>ἀπὸ</span> <span class='ocrx_word' id='word_1_406' title='bbox 3858 997 3949 1041; x_wconf 72' lang='grc' dir='ltr'>τοῦ</span> 
     </span>
    </p>
   </div>
   <div class='ocr_carea' id='block_1_59' title="bbox 2305 1069 3949 1151">
    <p class='ocr_par' dir='ltr' id='par_1_59' title="bbox 2305 1069 3949 1151">
     <span class='ocr_line' id='line_1_59' title="bbox 2305 1069 3949 1151; baseline 0.004 -27"><span class='ocrx_word' id='word_1_407' title='bbox 2305 1069 2479 1134; x_wconf 78' lang='grc' dir='ltr'>εἴδους</span> <span class='ocrx_word' id='word_1_408' title='bbox 2530 1073 2559 1130; x_wconf 78' lang='grc' dir='ltr'><em>ἡ</em></span> <span class='ocrx_word' id='word_1_409' title='bbox 2591 1072 2691 1125; x_wconf 86' lang='grc' dir='ltr'>ἀπὸ</span> <span class='ocrx_word' id='word_1_410' title='bbox 2744 1081 2833 1134; x_wconf 82' lang='grc' dir='ltr'>τῆς</span> <span class='ocrx_word' id='word_1_411' title='bbox 2890 1084 3079 1147; x_wconf 84' lang='grc' dir='ltr'>φωνῆς.</span> <span class='ocrx_word' id='word_1_412' title='bbox 3123 1073 3350 1140; x_wconf 79' lang='grc' dir='ltr'>Ἐδειξεν</span> <span class='ocrx_word' id='word_1_413' title='bbox 3381 1074 3467 1130; x_wconf 80' lang='grc' dir='ltr'>οὖν</span> <span class='ocrx_word' id='word_1_414' title='bbox 3498 1081 3582 1131; x_wconf 85' lang='grc' dir='ltr'>ὅτι</span> <span class='ocrx_word' id='word_1_415' title='bbox 3611 1082 3696 1148; x_wconf 79' lang='grc' dir='ltr'>μή</span> <span class='ocrx_word' id='word_1_416' title='bbox 3745 1077 3949 1151; x_wconf 73' lang='grc' dir='ltr'>βουλο-</span> 
     </span>
    </p>
   </div>
   <div class='ocr_carea' id='block_1_60' title="bbox 2304 1161 3948 1239">
    <p class='ocr_par' dir='ltr' id='par_1_60' title="bbox 2304 1161 3948 1239">
     <span class='ocr_line' id='line_1_60' title="bbox 2304 1161 3948 1239; baseline 0.004 -27"><span class='ocrx_word' id='word_1_417' title='bbox 2304 1180 2450 1233; x_wconf 85' lang='grc' dir='ltr'>μενον</span> <span class='ocrx_word' id='word_1_418' title='bbox 2481 1161 2540 1213; x_wconf 68' lang='grc' dir='ltr'>οὐ</span> <span class='ocrx_word' id='word_1_419' title='bbox 2579 1166 2732 1232; x_wconf 87' lang='grc' dir='ltr'>μόνον</span> <span class='ocrx_word' id='word_1_420' title='bbox 2782 1163 2876 1215; x_wconf 70' lang='grc' dir='ltr'>οὐκ</span> <span class='ocrx_word' id='word_1_421' title='bbox 2922 1161 3182 1222; x_wconf 78' lang='grc' dir='ltr'>ἡδνναντο</span> <span class='ocrx_word' id='word_1_422' title='bbox 3228 1164 3521 1239; x_wconf 77' lang='grc' dir='ltr'><strong>κατασχεῖν</strong></span> <span class='ocrx_word' id='word_1_423' title='bbox 3580 1167 3782 1236; x_wconf 68' lang='grc' dir='ltr'>αὑτὸν,</span> <span class='ocrx_word' id='word_1_424' title='bbox 3838 1168 3948 1219; x_wconf 70' lang='grc' dir='ltr'>ἀλλ’</span> 
     </span>
    </p>
   </div>
   <div class='ocr_carea' id='block_1_61' title="bbox 2305 1247 3947 1329">
    <p class='ocr_par' dir='ltr' id='par_1_61' title="bbox 2305 1247 3947 1329">
     <span class='ocr_line' id='line_1_61' title="bbox 2305 1247 3947 1329; baseline 0.005 -28"><span class='ocrx_word' id='word_1_425' title='bbox 2305 1247 2428 1302; x_wconf 69' lang='grc' dir='ltr'><strong>οὐδὲ</strong></span> <span class='ocrx_word' id='word_1_426' title='bbox 2483 1250 2609 1311; x_wconf 84' lang='grc' dir='ltr'><strong>ὅλως</strong></span> <span class='ocrx_word' id='word_1_427' title='bbox 2665 1248 2813 1306; x_wconf 68' lang='grc' dir='ltr'>ἰδεῖν.</span> <span class='ocrx_word' id='word_1_428' title='bbox 2848 1251 2956 1325; x_wconf 87' lang='grc' dir='ltr'><strong>[Ἐν</strong></span> <span class='ocrx_word' id='word_1_429' title='bbox 2988 1261 3060 1324; x_wconf 83' lang='grc' dir='ltr'>τῷ</span> <span class='ocrx_word' id='word_1_430' title='bbox 3116 1254 3227 1327; x_wconf 80' lang='grc'>(17)</span> <span class='ocrx_word' id='word_1_431' title='bbox 3276 1256 3481 1329; x_wconf 79' lang='grc' dir='ltr'><strong>ῥηθέντι</strong></span> <span class='ocrx_word' id='word_1_432' title='bbox 3540 1253 3601 1309; x_wconf 68' lang='grc' dir='ltr'><strong>δὲ</strong></span> <span class='ocrx_word' id='word_1_433' title='bbox 3660 1258 3947 1329; x_wconf 59' lang='grc' dir='ltr'>κεφαλαίῳ</span> 
     </span>
    </p>
   </div>
   <div class='ocr_carea' id='block_1_62' title="bbox 2304 1338 3442 1417">
    <p class='ocr_par' dir='ltr' id='par_1_62' title="bbox 2304 1338 3442 1417">
     <span class='ocr_line' id='line_1_62' title="bbox 2304 1338 3442 1417; baseline 0.008 -26"><span class='ocrx_word' id='word_1_434' title='bbox 2304 1338 2521 1403; x_wconf 85' lang='grc' dir='ltr'>καθεξῆς</span> <span class='ocrx_word' id='word_1_435' title='bbox 2545 1345 2635 1392; x_wconf 87' lang='grc' dir='ltr'>καὶ</span> <span class='ocrx_word' id='word_1_436' title='bbox 2665 1344 2781 1416; x_wconf 82' lang='grc' dir='ltr'>περὶ</span> <span class='ocrx_word' id='word_1_437' title='bbox 2812 1344 3007 1395; x_wconf 83' lang='grc' dir='ltr'>τούτων</span> <span class='ocrx_word' id='word_1_438' title='bbox 3038 1341 3442 1417; x_wconf 80' lang='grc' dir='ltr'>ἐμνημονεύθη.]</span> 
     </span>
    </p>
   </div>
   <div class='ocr_carea' id='block_1_63' title="bbox 2379 1518 3955 1594">
    <p class='ocr_par' dir='ltr' id='par_1_63' title="bbox 2379 1518 3955 1594">
     <span class='ocr_line' id='line_1_63' title="bbox 2379 1518 3955 1594; baseline 0.004 -23"><span class='ocrx_word' id='word_1_439' title='bbox 2379 1518 2632 1571; x_wconf 75' lang='grc' dir='ltr'>Πάλιν-</span> <span class='ocrx_word' id='word_1_440' title='bbox 2668 1520 2791 1592; x_wconf 83' lang='grc' dir='ltr'>εἰμι.</span> <span class='ocrx_word' id='word_1_441' title='bbox 2843 1520 3011 1581; x_wconf 81' lang='grc' dir='ltr'>Αὐτὸς</span> <span class='ocrx_word' id='word_1_442' title='bbox 3066 1519 3332 1594; x_wconf 76' lang='grc' dir='ltr'><strong>ἐμφανίζει</strong></span> <span class='ocrx_word' id='word_1_443' title='bbox 3390 1522 3593 1591; x_wconf 81' lang='grc' dir='ltr'>ἑαυτὸν,</span> <span class='ocrx_word' id='word_1_444' title='bbox 3656 1521 3955 1577; x_wconf 72' lang='grc' dir='ltr'>παιδεύων</span> 
     </span>
    </p>
   </div>
   <div class='ocr_carea' id='block_1_64' title="bbox 2304 1606 3953 1683">
    <p class='ocr_par' dir='ltr' id='par_1_64' title="bbox 2304 1606 3953 1683">
     <span class='ocr_line' id='line_1_64' title="bbox 2304 1606 3953 1683; baseline 0.004 -24"><span class='ocrx_word' id='word_1_445' title='bbox 2304 1627 2357 1660; x_wconf 84' lang='grc' dir='ltr'><strong>τε</strong></span> <span class='ocrx_word' id='word_1_446' title='bbox 2408 1612 2528 1669; x_wconf 79' lang='grc' dir='ltr'>τοὺς</span> <span class='ocrx_word' id='word_1_447' title='bbox 2579 1610 2817 1681; x_wconf 82' lang='grc' dir='ltr'>μαθητὰς</span> <span class='ocrx_word' id='word_1_448' title='bbox 2865 1606 3006 1682; x_wconf 83' lang='grc' dir='ltr'>μηδέ</span> <span class='ocrx_word' id='word_1_449' title='bbox 3066 1609 3116 1662; x_wconf 81' lang='grc' dir='ltr'>ἐν</span> <span class='ocrx_word' id='word_1_450' title='bbox 3173 1607 3398 1683; x_wconf 80' lang='grc' dir='ltr'><strong>κινδύνῳ</strong></span> <span class='ocrx_word' id='word_1_451' title='bbox 3454 1609 3791 1683; x_wconf 71' lang='grc' dir='ltr'>ψεύδεσθαι,</span> <span class='ocrx_word' id='word_1_452' title='bbox 3858 1620 3953 1666; x_wconf 77' lang='grc' dir='ltr'>καὶ</span> 
     </span>
    </p>
   </div>
   <div class='ocr_carea' id='block_1_65' title="bbox 2306 1696 3953 1775">
    <p class='ocr_par' dir='ltr' id='par_1_65' title="bbox 2306 1696 3953 1775">
     <span class='ocr_line' id='line_1_65' title="bbox 2306 1696 3953 1775; baseline 0.003 -25"><span class='ocrx_word' id='word_1_453' title='bbox 2306 1696 2643 1772; x_wconf 84' lang='grc' dir='ltr'>πληροφορών</span> <span class='ocrx_word' id='word_1_454' title='bbox 2662 1700 2741 1750; x_wconf 86' lang='grc' dir='ltr'>ὅτι</span> <span class='ocrx_word' id='word_1_455' title='bbox 2769 1698 3022 1760; x_wconf 76' lang='grc' dir='ltr'><strong>ἑκουσίως</strong></span> <span class='ocrx_word' id='word_1_456' title='bbox 3046 1696 3360 1753; x_wconf 72' lang='grc' dir='ltr'><strong>ἐπιδίδωσιν</strong></span> <span class='ocrx_word' id='word_1_457' title='bbox 3389 1700 3571 1753; x_wconf 82' lang='grc' dir='ltr'>ἑαυτὸν</span> <span class='ocrx_word' id='word_1_458' title='bbox 3602 1709 3723 1763; x_wconf 85' lang='grc' dir='ltr'>τοῖς</span> <span class='ocrx_word' id='word_1_459' title='bbox 3754 1712 3953 1775; x_wconf 51' lang='lat' dir='ltr'><strong>pons-.3-</strong></span> 
     </span>
    </p>
   </div>
   <div class='ocr_carea' id='block_1_66' title="bbox 2231 1794 2410 1849">
    <p class='ocr_par' dir='ltr' id='par_1_66' title="bbox 2231 1794 2410 1849">
     <span class='ocr_line' id='line_1_66' title="bbox 2231 1794 2410 1849; baseline 0.006 -11"><span class='ocrx_word' id='word_1_460' title='bbox 2231 1794 2277 1849; x_wconf 88' lang='grc' dir='ltr'>Β</span> <span class='ocrx_word' id='word_1_461' title='bbox 2308 1805 2410 1839; x_wconf 86' lang='grc' dir='ltr'>σιν.</span> 
     </span>
    </p>
   </div>
   <div class='ocr_carea' id='block_1_67' title="bbox 2380 1871 3949 1954">
    <p class='ocr_par' dir='ltr' id='par_1_67' title="bbox 2380 1871 3949 1954">
     <span class='ocr_line' id='line_1_67' title="bbox 2380 1871 3949 1954; baseline 0.004 -28"><span class='ocrx_word' id='word_1_462' title='bbox 2380 1875 2438 1926; x_wconf 84' lang='grc' dir='ltr'><strong>Εἰ</strong></span> <span class='ocrx_word' id='word_1_463' title='bbox 2490 1907 2551 1915; x_wconf 93' lang='grc'><strong>-</strong></span> <span class='ocrx_word' id='word_1_464' title='bbox 2610 1871 2819 1933; x_wconf 71' lang='grc' dir='ltr'>οὐδένα.</span> <span class='ocrx_word' id='word_1_465' title='bbox 2895 1878 2964 1929; x_wconf 87' lang='grc' dir='ltr'><strong>Τὸ</strong></span> <span class='ocrx_word' id='word_1_466' title='bbox 3025 1876 3135 1930; x_wconf 87' lang='grc' dir='ltr'>Ἶνά</span> <span class='ocrx_word' id='word_1_467' title='bbox 3190 1876 3437 1951; x_wconf 75' lang='grc' dir='ltr'><strong>πληρωθῇ</strong></span> <span class='ocrx_word' id='word_1_468' title='bbox 3500 1880 3525 1930; x_wconf 86' lang='grc' dir='ltr'><strong>ὁ</strong></span> <span class='ocrx_word' id='word_1_469' title='bbox 3592 1878 3782 1952; x_wconf 69' lang='grc' dir='ltr'>λόγος,</span> <span class='ocrx_word' id='word_1_470' title='bbox 3856 1881 3949 1954; x_wconf 72' lang='grc' dir='ltr'><strong>ἀφ’</strong></span> 
     </span>
    </p>
   </div>
   <div class='ocr_carea' id='block_1_68' title="bbox 2306 1963 3945 2045">
    <p class='ocr_par' dir='ltr' id='par_1_68' title="bbox 2306 1963 3945 2045">
     <span class='ocr_line' id='line_1_68' title="bbox 2306 1963 3945 2045; baseline 0.005 -29"><span class='ocrx_word' id='word_1_471' title='bbox 2306 1963 2489 2016; x_wconf 80' lang='grc' dir='ltr'>ἑαυτοῦ</span> <span class='ocrx_word' id='word_1_472' title='bbox 2534 1983 2692 2036; x_wconf 83' lang='grc' dir='ltr'>φησιν</span> <span class='ocrx_word' id='word_1_473' title='bbox 2754 1966 2779 2016; x_wconf 92' lang='lat'><strong>6</strong></span> <span class='ocrx_word' id='word_1_474' title='bbox 2830 1965 3213 2037; x_wconf 60' lang='lat' dir='ltr'><strong>sﬁa&#39;y&#39;yslwﬁig.</strong></span> <span class='ocrx_word' id='word_1_475' title='bbox 3287 1967 3545 2041; x_wconf 84' lang='grc' dir='ltr'>Ἀνωτέρω</span> <span class='ocrx_word' id='word_1_476' title='bbox 3618 1972 3732 2042; x_wconf 72' lang='grc' dir='ltr'><strong>γὰρ</strong></span> <span class='ocrx_word' id='word_1_477' title='bbox 3801 1977 3945 2045; x_wconf 69' lang='grc' dir='ltr'>πρὸς</span> 
     </span>
    </p>
   </div>
   <div class='ocr_carea' id='block_1_69' title="bbox 2305 2050 3947 2130">
    <p class='ocr_par' dir='ltr' id='par_1_69' title="bbox 2305 2050 3947 2130">
     <span class='ocr_line' id='line_1_69' title="bbox 2305 2050 3947 2130; baseline 0.005 -25"><span class='ocrx_word' id='word_1_478' title='bbox 2305 2057 2391 2105; x_wconf 82' lang='grc' dir='ltr'>τὸν</span> <span class='ocrx_word' id='word_1_479' title='bbox 2437 2057 2645 2127; x_wconf 84' lang='grc' dir='ltr'>Πατέρα</span> <span class='ocrx_word' id='word_1_480' title='bbox 2683 2050 3050 2127; x_wconf 76' lang='grc' dir='ltr'>διαλεγόμενος</span> <span class='ocrx_word' id='word_1_481' title='bbox 3098 2057 3297 2130; x_wconf 79' lang='grc' dir='ltr'>εἴρηκεν</span> <span class='ocrx_word' id='word_1_482' title='bbox 3329 2074 3341 2085; x_wconf 91' lang='grc'><strong>·</strong></span> <span class='ocrx_word' id='word_1_483' title='bbox 3376 2058 3457 2110; x_wconf 86' lang='grc' dir='ltr'>ὅτι</span> <span class='ocrx_word' id='word_1_484' title='bbox 3512 2056 3616 2118; x_wconf 78' lang='grc' dir='ltr'><strong>Οὓς</strong></span> <span class='ocrx_word' id='word_1_485' title='bbox 3676 2055 3947 2122; x_wconf 73' lang='grc' dir='ltr'>δέδωκάς</span> 
     </span>
    </p>
   </div>
   <div class='ocr_carea' id='block_1_70' title="bbox 2305 2142 3949 2219">
    <p class='ocr_par' dir='ltr' id='par_1_70' title="bbox 2305 2142 3949 2219">
     <span class='ocr_line' id='line_1_70' title="bbox 2305 2142 3949 2219; baseline 0.004 -25"><span class='ocrx_word' id='word_1_486' title='bbox 2305 2162 2394 2214; x_wconf 89' lang='grc' dir='ltr'><strong>μοι</strong></span> <span class='ocrx_word' id='word_1_487' title='bbox 2440 2143 2686 2214; x_wconf 76' lang='grc' dir='ltr'><strong>ἐφύλαξα,</strong></span> <span class='ocrx_word' id='word_1_488' title='bbox 2768 2149 2857 2196; x_wconf 81' lang='grc' dir='ltr'>καὶ</span> <span class='ocrx_word' id='word_1_489' title='bbox 2940 2142 3112 2206; x_wconf 75' lang='grc' dir='ltr'>οὐδεὶς</span> <span class='ocrx_word' id='word_1_490' title='bbox 3195 2145 3247 2208; x_wconf 71' lang='grc' dir='ltr'><strong>ἐξ</strong></span> <span class='ocrx_word' id='word_1_491' title='bbox 3328 2146 3496 2198; x_wconf 75' lang='grc' dir='ltr'>αὐτῶν</span> <span class='ocrx_word' id='word_1_492' title='bbox 3560 2147 3843 2219; x_wconf 74' lang='grc' dir='ltr'><strong>ἀπώλετο⁹</strong></span> <span class='ocrx_word' id='word_1_493' title='bbox 3906 2151 3949 2202; x_wconf 78' lang='grc' dir='ltr'>εὶ</span> 
     </span>
    </p>
   </div>
   <div class='ocr_carea' id='block_1_71' title="bbox 2306 2231 3949 2305">
    <p class='ocr_par' dir='ltr' id='par_1_71' title="bbox 2306 2231 3949 2305">
     <span class='ocr_line' id='line_1_71' title="bbox 2306 2231 3949 2305; baseline 0.004 -22"><span class='ocrx_word' id='word_1_494' title='bbox 2306 2236 2377 2303; x_wconf 81' lang='grc' dir='ltr'>μὴ</span> <span class='ocrx_word' id='word_1_495' title='bbox 2440 2233 2465 2283; x_wconf 87' lang='lat'><strong>6</strong></span> <span class='ocrx_word' id='word_1_496' title='bbox 2524 2233 2639 2291; x_wconf 85' lang='grc' dir='ltr'><strong>Υίὸς</strong></span> <span class='ocrx_word' id='word_1_497' title='bbox 2686 2239 2780 2293; x_wconf 84' lang='grc' dir='ltr'>τῆς</span> <span class='ocrx_word' id='word_1_498' title='bbox 2840 2231 3111 2295; x_wconf 82' lang='grc' dir='ltr'>ἀπωλείας.</span> <span class='ocrx_word' id='word_1_499' title='bbox 3145 2237 3214 2286; x_wconf 88' lang='grc' dir='ltr'><strong>Τὸ</strong></span> <span class='ocrx_word' id='word_1_500' title='bbox 3243 2241 3369 2305; x_wconf 75' lang='grc' dir='ltr'>γοῦν</span> <span class='ocrx_word' id='word_1_501' title='bbox 3418 2232 3624 2289; x_wconf 73' lang='grc' dir='ltr'>Οὐδένα</span> <span class='ocrx_word' id='word_1_502' title='bbox 3652 2236 3713 2299; x_wconf 83' lang='grc' dir='ltr'>εξ</span> <span class='ocrx_word' id='word_1_503' title='bbox 3757 2239 3949 2290; x_wconf 62' lang='grc' dir='ltr'>αὐτῶν</span> 
     </span>
    </p>
   </div>
   <div class='ocr_carea' id='block_1_72' title="bbox 2309 2318 3940 2393">
    <p class='ocr_par' dir='ltr' id='par_1_72' title="bbox 2309 2318 3940 2393">
     <span class='ocr_line' id='line_1_72' title="bbox 2309 2318 3940 2393; baseline 0.006 -20"><span class='ocrx_word' id='word_1_504' title='bbox 2309 2318 2569 2386; x_wconf 78' lang='grc' dir='ltr'>ἀπώλεσα,</span> <span class='ocrx_word' id='word_1_505' title='bbox 2600 2324 2787 2373; x_wconf 65' lang='grc' dir='ltr'>ταύτον</span> <span class='ocrx_word' id='word_1_506' title='bbox 2819 2320 2929 2373; x_wconf 77' lang='grc' dir='ltr'>ἐστι</span> <span class='ocrx_word' id='word_1_507' title='bbox 2966 2342 3038 2393; x_wconf 85' lang='grc' dir='ltr'>τῳ</span> <span class='ocrx_word' id='word_1_508' title='bbox 3071 2319 3263 2384; x_wconf 82' lang='grc' dir='ltr'>Οὗδεὶς</span> <span class='ocrx_word' id='word_1_509' title='bbox 3322 2322 3376 2385; x_wconf 82' lang='grc' dir='ltr'><em>ἐξ</em></span> <span class='ocrx_word' id='word_1_510' title='bbox 3423 2323 3591 2376; x_wconf 74' lang='grc' dir='ltr'>αὐτῶν</span> <span class='ocrx_word' id='word_1_511' title='bbox 3649 2324 3940 2383; x_wconf 72' lang='grc' dir='ltr'>ἀπώλετο.</span> 
     </span>
    </p>
   </div>
   <div class='ocr_carea' id='block_1_73' title="bbox 2311 2407 3948 2489">
    <p class='ocr_par' dir='ltr' id='par_1_73' title="bbox 2311 2407 3948 2489">
     <span class='ocr_line' id='line_1_73' title="bbox 2311 2407 3948 2489; baseline 0.004 -28"><span class='ocrx_word' id='word_1_512' title='bbox 2311 2407 2505 2472; x_wconf 78' lang='grc' dir='ltr'>Οὐδεὶς</span> <span class='ocrx_word' id='word_1_513' title='bbox 2560 2412 2684 2485; x_wconf 71' lang='grc' dir='ltr'>γὰρ,</span> <span class='ocrx_word' id='word_1_514' title='bbox 2739 2414 2918 2483; x_wconf 69' lang='grc' dir='ltr'>φησὶν,</span> <span class='ocrx_word' id='word_1_515' title='bbox 2974 2409 3026 2473; x_wconf 80' lang='grc' dir='ltr'><strong>ἐξ</strong></span> <span class='ocrx_word' id='word_1_516' title='bbox 3076 2411 3243 2464; x_wconf 75' lang='grc' dir='ltr'>αὐτῶν</span> <span class='ocrx_word' id='word_1_517' title='bbox 3287 2410 3515 2465; x_wconf 79' lang='grc' dir='ltr'>ἀπώλετο</span> <span class='ocrx_word' id='word_1_518' title='bbox 3594 2415 3732 2486; x_wconf 81' lang='grc' dir='ltr'>παρ’</span> <span class='ocrx_word' id='word_1_519' title='bbox 3804 2415 3948 2489; x_wconf 66' lang='grc' dir='ltr'>ἐμὴν</span> 
     </span>
    </p>
   </div>
   <div class='ocr_carea' id='block_1_74' title="bbox 2313 2498 3951 2570">
    <p class='ocr_par' dir='ltr' id='par_1_74' title="bbox 2313 2498 3951 2570">
     <span class='ocr_line' id='line_1_74' title="bbox 2313 2498 3951 2570; baseline 0.004 -18"><span class='ocrx_word' id='word_1_520' title='bbox 2313 2499 2504 2566; x_wconf 86' lang='grc' dir='ltr'>αἰτίαν,</span> <span class='ocrx_word' id='word_1_521' title='bbox 2547 2504 2837 2569; x_wconf 77' lang='grc' dir='ltr'>τουτέστιν,</span> <span class='ocrx_word' id='word_1_522' title='bbox 2871 2499 2964 2552; x_wconf 69' lang='grc' dir='ltr'>οὐκ</span> <span class='ocrx_word' id='word_1_523' title='bbox 3013 2498 3259 2553; x_wconf 81' lang='grc' dir='ltr'>ἀπώλεσα</span> <span class='ocrx_word' id='word_1_524' title='bbox 3323 2499 3377 2563; x_wconf 78' lang='grc' dir='ltr'>ἐξ</span> <span class='ocrx_word' id='word_1_525' title='bbox 3425 2501 3590 2554; x_wconf 79' lang='grc' dir='ltr'>αὐτῶν</span> <span class='ocrx_word' id='word_1_526' title='bbox 3639 2500 3860 2557; x_wconf 66' lang='grc' dir='ltr'>οὐδένα</span> <span class='ocrx_word' id='word_1_527' title='bbox 3895 2507 3951 2570; x_wconf 83' lang='grc' dir='ltr'><em>ἐξ</em></span> 
     </span>
    </p>
   </div>
   <div class='ocr_carea' id='block_1_75' title="bbox 2315 2587 2665 2660">
    <p class='ocr_par' dir='ltr' id='par_1_75' title="bbox 2315 2587 2665 2660">
     <span class='ocr_line' id='line_1_75' title="bbox 2315 2587 2665 2660; baseline 0.006 -19"><span class='ocrx_word' id='word_1_528' title='bbox 2315 2587 2443 2660; x_wconf 80' lang='grc' dir='ltr'>ἐμῆς</span> <span class='ocrx_word' id='word_1_529' title='bbox 2473 2589 2665 2651; x_wconf 84' lang='grc' dir='ltr'>αἰτίας.</span> 
     </span>
    </p>
   </div>
   <div class='ocr_carea' id='block_1_76' title="bbox 2380 2676 3947 2753">
    <p class='ocr_par' dir='ltr' id='par_1_76' title="bbox 2380 2676 3947 2753">
     <span class='ocr_line' id='line_1_76' title="bbox 2380 2676 3947 2753; baseline 0.004 -24"><span class='ocrx_word' id='word_1_530' title='bbox 2380 2682 2546 2751; x_wconf 87' lang='grc' dir='ltr'>Σίμων</span> <span class='ocrx_word' id='word_1_531' title='bbox 2598 2710 2668 2718; x_wconf 95' lang='lat'>—</span> <span class='ocrx_word' id='word_1_532' title='bbox 2719 2676 2958 2749; x_wconf 77' lang='grc' dir='ltr'>Μάλχος.</span> <span class='ocrx_word' id='word_1_533' title='bbox 3017 2679 3097 2730; x_wconf 86' lang='grc' dir='ltr'>Ἐν</span> <span class='ocrx_word' id='word_1_534' title='bbox 3150 2678 3324 2751; x_wconf 83' lang='grc' dir='ltr'>ἐκείνῳ</span> <span class='ocrx_word' id='word_1_535' title='bbox 3369 2687 3440 2750; x_wconf 84' lang='grc' dir='ltr'>τῷ</span> <span class='ocrx_word' id='word_1_536' title='bbox 3506 2680 3778 2753; x_wconf 81' lang='grc' dir='ltr'>κεφαλαίῳ</span> <span class='ocrx_word' id='word_1_537' title='bbox 3850 2690 3947 2736; x_wconf 82' lang='grc' dir='ltr'>καὶ</span> 
     </span>
    </p>
   </div>
   <div class='ocr_carea' id='block_1_77' title="bbox 2306 2766 3218 2842">
    <p class='ocr_par' dir='ltr' id='par_1_77' title="bbox 2306 2766 3218 2842">
     <span class='ocr_line' id='line_1_77' title="bbox 2306 2766 3218 2842; baseline 0.001 -23"><span class='ocrx_word' id='word_1_538' title='bbox 2306 2772 2424 2840; x_wconf 88' lang='grc' dir='ltr'>περὶ</span> <span class='ocrx_word' id='word_1_539' title='bbox 2476 2770 2669 2819; x_wconf 80' lang='grc' dir='ltr'>τούτων</span> <span class='ocrx_word' id='word_1_540' title='bbox 2728 2766 2941 2842; x_wconf 77' lang='grc' dir='ltr'>ἐρρήθη,</span> <span class='ocrx_word' id='word_1_541' title='bbox 3001 2769 3122 2820; x_wconf 81' lang='grc' dir='ltr'>ἔνθα</span> <span class='ocrx_word' id='word_1_542' title='bbox 3159 2771 3218 2820; x_wconf 89' lang='grc' dir='ltr'>τὸ</span> 
     </span>
    </p>
   </div>
   <div class='ocr_carea' id='block_1_78' title="bbox 2307 2857 3140 2929">
    <p class='ocr_par' dir='ltr' id='par_1_78' title="bbox 2307 2857 3140 2929">
     <span class='ocr_line' id='line_1_78' title="bbox 2307 2857 3140 2929; baseline 0 -21"><span class='ocrx_word' id='word_1_543' title='bbox 2307 2859 2439 2929; x_wconf 83' lang='grc' dir='ltr'><strong>μετά</strong></span> <span class='ocrx_word' id='word_1_544' title='bbox 2495 2857 2702 2920; x_wconf 81' lang='grc' dir='ltr'>Ἰησοῦ,</span> <span class='ocrx_word' id='word_1_545' title='bbox 2766 2859 2991 2918; x_wconf 81' lang='grc' dir='ltr'>ἐκτείνας</span> <span class='ocrx_word' id='word_1_546' title='bbox 3047 2860 3140 2915; x_wconf 83' lang='grc' dir='ltr'>τὴν</span> 
     </span>
    </p>
   </div>
   <div class='ocr_carea' id='block_1_79' title="bbox 3298 2765 3946 2832">
    <p class='ocr_par' dir='ltr' id='par_1_79' title="bbox 3298 2765 3946 2832">
     <span class='ocr_line' id='line_1_79' title="bbox 3298 2765 3946 2832; baseline 0.009 -12"><span class='ocrx_word' id='word_1_547' title='bbox 3298 2786 3310 2798; x_wconf 91' lang='grc'>·</span> <span class='ocrx_word' id='word_1_548' title='bbox 3367 2774 3468 2821; x_wconf 82' lang='grc' dir='ltr'><strong>Καὶ</strong></span> <span class='ocrx_word' id='word_1_549' title='bbox 3522 2765 3639 2821; x_wconf 78' lang='grc' dir='ltr'><strong>ἰδοὺ</strong></span> <span class='ocrx_word' id='word_1_550' title='bbox 3697 2773 3771 2832; x_wconf 81' lang='grc' dir='ltr'>εἷς</span> <span class='ocrx_word' id='word_1_551' title='bbox 3837 2784 3946 2826; x_wconf 74' lang='grc' dir='ltr'><strong>τών</strong></span> 
     </span>
    </p>
   </div>
   <div class='ocr_carea' id='block_1_80' title="bbox 3235 2856 3941 2929">
    <p class='ocr_par' dir='ltr' id='par_1_80' title="bbox 3235 2856 3941 2929">
     <span class='ocr_line' id='line_1_80' title="bbox 3235 2856 3941 2929; baseline 0.007 -20"><span class='ocrx_word' id='word_1_552' title='bbox 3235 2864 3414 2929; x_wconf 84' lang='grc' dir='ltr'>χεῖρα,</span> <span class='ocrx_word' id='word_1_553' title='bbox 3494 2856 3781 2913; x_wconf 76' lang='grc' dir='ltr'>ἀπέσπασε</span> <span class='ocrx_word' id='word_1_554' title='bbox 3839 2868 3941 2921; x_wconf 69' lang='grc' dir='ltr'>τὴν</span> 
     </span>
    </p>
   </div>
   <div class='ocr_carea' id='block_1_81' title="bbox 2306 2942 3942 3020">
    <p class='ocr_par' dir='ltr' id='par_1_81' title="bbox 2306 2942 3942 3020">
     <span class='ocr_line' id='line_1_81' title="bbox 2306 2942 3942 3020; baseline 0.005 -24"><span class='ocrx_word' id='word_1_555' title='bbox 2306 2948 2578 3020; x_wconf 74' lang='grc' dir='ltr'>μάχαιραν</span> <span class='ocrx_word' id='word_1_556' title='bbox 2636 2945 2811 2998; x_wconf 78' lang='grc' dir='ltr'>αὐτοῦ.</span> <span class='ocrx_word' id='word_1_557' title='bbox 2873 2944 3196 3020; x_wconf 82' lang='grc' dir='ltr'>[Προσέθηκε</span> <span class='ocrx_word' id='word_1_558' title='bbox 3278 2947 3390 3017; x_wconf 82' lang='grc'>(18)</span> <span class='ocrx_word' id='word_1_559' title='bbox 3463 2942 3522 2999; x_wconf 70' lang='grc' dir='ltr'>δε</span> <span class='ocrx_word' id='word_1_560' title='bbox 3577 2948 3601 2998; x_wconf 85' lang='lat'><strong>6</strong></span> <span class='ocrx_word' id='word_1_561' title='bbox 3674 2948 3942 3014; x_wconf 67' lang='grc' dir='ltr'>Ἰωάννης</span> 
     </span>
    </p>
   </div>
   <div class='ocr_carea' id='block_1_82' title="bbox 2304 3034 3937 3111">
    <p class='ocr_par' dir='ltr' id='par_1_82' title="bbox 2304 3034 3937 3111">
     <span class='ocr_line' id='line_1_82' title="bbox 2304 3034 3937 3111; baseline 0.001 -24"><span class='ocrx_word' id='word_1_562' title='bbox 2304 3040 2393 3087; x_wconf 85' lang='grc' dir='ltr'>καὶ</span> <span class='ocrx_word' id='word_1_563' title='bbox 2419 3038 2474 3086; x_wconf 87' lang='grc' dir='ltr'>τὸ</span> <span class='ocrx_word' id='word_1_564' title='bbox 2526 3039 2687 3106; x_wconf 73' lang='grc' dir='ltr'>ὄνομα</span> <span class='ocrx_word' id='word_1_565' title='bbox 2736 3042 2828 3086; x_wconf 81' lang='grc' dir='ltr'>τοῦ</span> <span class='ocrx_word' id='word_1_566' title='bbox 2881 3036 3184 3105; x_wconf 70' lang='grc' dir='ltr'>πληγέντος,</span> <span class='ocrx_word' id='word_1_567' title='bbox 3240 3039 3329 3086; x_wconf 87' lang='grc' dir='ltr'>καὶ</span> <span class='ocrx_word' id='word_1_568' title='bbox 3377 3038 3434 3087; x_wconf 88' lang='grc' dir='ltr'>τὸ</span> <span class='ocrx_word' id='word_1_569' title='bbox 3493 3034 3691 3107; x_wconf 61' lang='grc' dir='ltr'>πληγὲν</span> <span class='ocrx_word' id='word_1_570' title='bbox 3742 3044 3937 3111; x_wconf 74' lang='grc' dir='ltr'>μέρος,</span> 
     </span>
    </p>
   </div>
   <div class='ocr_carea' id='block_1_83' title="bbox 2306 3122 3935 3198">
    <p class='ocr_par' dir='ltr' id='par_1_83' title="bbox 2306 3122 3935 3198">
     <span class='ocr_line' id='line_1_83' title="bbox 2306 3122 3935 3198; baseline 0.004 -22"><span class='ocrx_word' id='word_1_571' title='bbox 2306 3122 2398 3177; x_wconf 75' lang='grc' dir='ltr'><strong>διὰ</strong></span> <span class='ocrx_word' id='word_1_572' title='bbox 2424 3126 2481 3176; x_wconf 89' lang='grc' dir='ltr'>τὸ</span> <span class='ocrx_word' id='word_1_573' title='bbox 2514 3125 2781 3198; x_wconf 66' lang='grc' dir='ltr'>περιφανὲς</span> <span class='ocrx_word' id='word_1_574' title='bbox 2831 3129 2921 3174; x_wconf 84' lang='grc' dir='ltr'>τοῦ</span> <span class='ocrx_word' id='word_1_575' title='bbox 2967 3124 3270 3196; x_wconf 73' lang='grc' dir='ltr'>πράγματος</span> <span class='ocrx_word' id='word_1_576' title='bbox 3315 3143 3328 3155; x_wconf 91' lang='grc'><strong>·</strong></span> <span class='ocrx_word' id='word_1_577' title='bbox 3357 3123 3416 3175; x_wconf 67' lang='grc' dir='ltr'>οὐ</span> <span class='ocrx_word' id='word_1_578' title='bbox 3475 3128 3628 3196; x_wconf 81' lang='grc' dir='ltr'>μόνον</span> <span class='ocrx_word' id='word_1_579' title='bbox 3687 3127 3778 3177; x_wconf 76' lang='grc' dir='ltr'>ὅτι</span> <span class='ocrx_word' id='word_1_580' title='bbox 3822 3127 3935 3181; x_wconf 79' lang='grc' dir='ltr'><strong>ἐθε-</strong></span> 
     </span>
    </p>
   </div>
   <div class='ocr_carea' id='block_1_84' title="bbox 2301 3211 3938 3288">
    <p class='ocr_par' dir='ltr' id='par_1_84' title="bbox 2301 3211 3938 3288">
     <span class='ocr_line' id='line_1_84' title="bbox 2301 3211 3938 3288; baseline 0 -23"><span class='ocrx_word' id='word_1_581' title='bbox 2301 3216 2555 3288; x_wconf 76' lang='grc' dir='ltr'>ράπευσεν</span> <span class='ocrx_word' id='word_1_582' title='bbox 2602 3211 2757 3263; x_wconf 75' lang='grc' dir='ltr'>αὐτὸν</span> <span class='ocrx_word' id='word_1_583' title='bbox 2783 3212 2808 3263; x_wconf 90' lang='lat'><strong>6</strong></span> <span class='ocrx_word' id='word_1_584' title='bbox 2852 3212 3052 3271; x_wconf 85' lang='grc' dir='ltr'>Ἰησοῦς</span> <span class='ocrx_word' id='word_1_585' title='bbox 3104 3211 3311 3277; x_wconf 72' lang='grc' dir='ltr'>αὐτίκα,</span> <span class='ocrx_word' id='word_1_586' title='bbox 3344 3214 3409 3272; x_wconf 85' lang='grc' dir='ltr'><strong>ὡς</strong></span> <span class='ocrx_word' id='word_1_587' title='bbox 3452 3212 3551 3265; x_wconf 84' lang='grc' dir='ltr'>ἀπὸ</span> <span class='ocrx_word' id='word_1_588' title='bbox 3584 3222 3677 3265; x_wconf 76' lang='grc' dir='ltr'>τοῦ</span> <span class='ocrx_word' id='word_1_589' title='bbox 3738 3223 3938 3270; x_wconf 77' lang='grc' dir='ltr'>Λουχᾱ</span> 
     </span>
    </p>
   </div>
   <div class='ocr_carea' id='block_1_85' title="bbox 2303 3299 3935 3375">
    <p class='ocr_par' dir='ltr' id='par_1_85' title="bbox 2303 3299 3935 3375">
     <span class='ocr_line' id='line_1_85' title="bbox 2303 3299 3935 3375; baseline 0.001 -21"><span class='ocrx_word' id='word_1_590' title='bbox 2303 3304 2693 3375; x_wconf 79' lang='grc' dir='ltr'>μεμαθήκαμεν,</span> <span class='ocrx_word' id='word_1_591' title='bbox 2737 3299 2844 3351; x_wconf 77' lang='grc' dir='ltr'>ἀλλ’</span> <span class='ocrx_word' id='word_1_592' title='bbox 2896 3302 2976 3352; x_wconf 85' lang='grc' dir='ltr'>ὅτι</span> <span class='ocrx_word' id='word_1_593' title='bbox 3005 3305 3093 3352; x_wconf 88' lang='grc' dir='ltr'>καὶ</span> <span class='ocrx_word' id='word_1_594' title='bbox 3126 3300 3237 3372; x_wconf 79' lang='grc'>(19)</span> <span class='ocrx_word' id='word_1_595' title='bbox 3269 3300 3514 3374; x_wconf 84' lang='grc' dir='ltr'>μέλλοντα</span> <span class='ocrx_word' id='word_1_596' title='bbox 3541 3306 3736 3374; x_wconf 80' lang='grc' dir='ltr'>μικρὸν</span> <span class='ocrx_word' id='word_1_597' title='bbox 3770 3305 3935 3359; x_wconf 77' lang='grc' dir='ltr'>ὕστε-</span> 
     </span>
    </p>
   </div>
   <div class='ocr_carea' id='block_1_86' title="bbox 2302 3388 3933 3469">
    <p class='ocr_par' dir='ltr' id='par_1_86' title="bbox 2302 3388 3933 3469">
     <span class='ocr_line' id='line_1_86' title="bbox 2302 3388 3933 3469; baseline 0.001 -26"><span class='ocrx_word' id='word_1_598' title='bbox 2302 3411 2390 3465; x_wconf 89' lang='grc' dir='ltr'><strong>ρον</strong></span> <span class='ocrx_word' id='word_1_599' title='bbox 2421 3391 2535 3462; x_wconf 83' lang='grc'>(20)</span> <span class='ocrx_word' id='word_1_600' title='bbox 2568 3390 2808 3467; x_wconf 71' lang='grc' dir='ltr'>ῥαπίζειν</span> <span class='ocrx_word' id='word_1_601' title='bbox 2840 3388 3015 3461; x_wconf 77' lang='grc' dir='ltr'>αὐτὸν,</span> <span class='ocrx_word' id='word_1_602' title='bbox 3051 3391 3114 3449; x_wconf 85' lang='grc' dir='ltr'>ὡς</span> <span class='ocrx_word' id='word_1_603' title='bbox 3136 3391 3161 3441; x_wconf 85' lang='lat'><strong>6</strong></span> <span class='ocrx_word' id='word_1_604' title='bbox 3189 3390 3303 3462; x_wconf 78' lang='grc'>(21)</span> <span class='ocrx_word' id='word_1_605' title='bbox 3337 3395 3724 3463; x_wconf 82' lang='grc' dir='ltr'>Χρυσόστομος</span> <span class='ocrx_word' id='word_1_606' title='bbox 3756 3414 3933 3469; x_wconf 71' lang='grc' dir='ltr'>παρε-</span> 
     </span>
    </p>
   </div>
   <div class='ocr_carea' id='block_1_87' title="bbox 2306 3485 2660 3552">
    <p class='ocr_par' dir='ltr' id='par_1_87' title="bbox 2306 3485 2660 3552">
     <span class='ocr_line' id='line_1_87' title="bbox 2306 3485 2660 3552; baseline 0.003 -20"><span class='ocrx_word' id='word_1_607' title='bbox 2306 3485 2660 3552; x_wconf 84' lang='grc' dir='ltr'>σημειώσατο.</span> 
     </span>
    </p>
   </div>
   <div class='ocr_carea' id='block_1_88' title="bbox 2375 3566 3933 3640">
    <p class='ocr_par' dir='ltr' id='par_1_88' title="bbox 2375 3566 3933 3640">
     <span class='ocr_line' id='line_1_88' title="bbox 2375 3566 3933 3640; baseline 0.001 -18"><span class='ocrx_word' id='word_1_608' title='bbox 2375 3566 2525 3622; x_wconf 83' lang='grc' dir='ltr'>Εἶπεν</span> <span class='ocrx_word' id='word_1_609' title='bbox 2559 3600 2617 3608; x_wconf 94' lang='grc'><strong><em>-</em></strong></span> <span class='ocrx_word' id='word_1_610' title='bbox 2660 3568 2784 3620; x_wconf 73' lang='grc' dir='ltr'>αὐτὸ</span> <span class='ocrx_word' id='word_1_611' title='bbox 2819 3584 2924 3633; x_wconf 90' lang='grc'><strong>;-</strong></span> <span class='ocrx_word' id='word_1_612' title='bbox 2944 3570 3014 3620; x_wconf 91' lang='lat' dir='ltr'><strong><em>T6</em></strong></span> <span class='ocrx_word' id='word_1_613' title='bbox 3051 3572 3320 3640; x_wconf 81' lang='grc' dir='ltr'>ποτήριον,</span> <span class='ocrx_word' id='word_1_614' title='bbox 3351 3571 3408 3620; x_wconf 89' lang='grc' dir='ltr'>τὸ</span> <span class='ocrx_word' id='word_1_615' title='bbox 3430 3576 3520 3621; x_wconf 83' lang='grc' dir='ltr'>τοῦ</span> <span class='ocrx_word' id='word_1_616' title='bbox 3552 3570 3782 3623; x_wconf 68' lang='grc' dir='ltr'>θανάτου</span> <span class='ocrx_word' id='word_1_617' title='bbox 3819 3568 3933 3631; x_wconf 72' lang='grc' dir='ltr'><strong>δη-</strong></span> 
     </span>
    </p>
   </div>
   <div class='ocr_carea' id='block_1_89' title="bbox 2302 3653 3930 3731">
    <p class='ocr_par' dir='ltr' id='par_1_89' title="bbox 2302 3653 3930 3731">
     <span class='ocr_line' id='line_1_89' title="bbox 2302 3653 3930 3731; baseline -0.004 -20"><span class='ocrx_word' id='word_1_618' title='bbox 2302 3659 2489 3713; x_wconf 78' lang='grc' dir='ltr'>λονότι.</span> <span class='ocrx_word' id='word_1_619' title='bbox 2523 3661 2680 3730; x_wconf 76' lang='grc' dir='ltr'>Λέγει</span> <span class='ocrx_word' id='word_1_620' title='bbox 2710 3653 2769 3709; x_wconf 78' lang='grc' dir='ltr'><strong>δὲ</strong></span> <span class='ocrx_word' id='word_1_621' title='bbox 2802 3657 2880 3708; x_wconf 86' lang='grc' dir='ltr'>ὅτι</span> <span class='ocrx_word' id='word_1_622' title='bbox 2909 3658 3007 3709; x_wconf 89' lang='grc' dir='ltr'><strong>Τὸν</strong></span> <span class='ocrx_word' id='word_1_623' title='bbox 3040 3658 3256 3710; x_wconf 80' lang='grc' dir='ltr'>θάνατον</span> <span class='ocrx_word' id='word_1_624' title='bbox 3299 3656 3352 3709; x_wconf 86' lang='grc' dir='ltr'>ὃν</span> <span class='ocrx_word' id='word_1_625' title='bbox 3383 3664 3771 3731; x_wconf 81' lang='grc' dir='ltr'>παρεχώρησεν</span> <span class='ocrx_word' id='word_1_626' title='bbox 3802 3662 3930 3715; x_wconf 74' lang='grc' dir='ltr'>ἐπε-</span> 
     </span>
    </p>
   </div>
   <div class='ocr_carea' id='block_1_90' title="bbox 2301 3742 3927 3821">
    <p class='ocr_par' dir='ltr' id='par_1_90' title="bbox 2301 3742 3927 3821">
     <span class='ocr_line' id='line_1_90' title="bbox 2301 3742 3927 3821; baseline 0.001 -21"><span class='ocrx_word' id='word_1_627' title='bbox 2301 3750 2555 3819; x_wconf 80' lang='grc' dir='ltr'>νεχθῆναί</span> <span class='ocrx_word' id='word_1_628' title='bbox 2584 3765 2675 3818; x_wconf 85' lang='grc' dir='ltr'><strong>μοι</strong></span> <span class='ocrx_word' id='word_1_629' title='bbox 2701 3747 2725 3798; x_wconf 92' lang='lat'><strong>6</strong></span> <span class='ocrx_word' id='word_1_630' title='bbox 2754 3750 2933 3818; x_wconf 71' lang='grc' dir='ltr'>Πατήρ</span> <span class='ocrx_word' id='word_1_631' title='bbox 2969 3762 2981 3774; x_wconf 91' lang='grc'>·</span> <span class='ocrx_word' id='word_1_632' title='bbox 3013 3752 3164 3798; x_wconf 83' lang='grc' dir='ltr'>τοῦτο</span> <span class='ocrx_word' id='word_1_633' title='bbox 3203 3748 3304 3821; x_wconf 80' lang='grc' dir='ltr'><strong>γὰρ</strong></span> <span class='ocrx_word' id='word_1_634' title='bbox 3354 3742 3508 3805; x_wconf 77' lang='grc' dir='ltr'>δηλοῖ</span> <span class='ocrx_word' id='word_1_635' title='bbox 3538 3750 3597 3799; x_wconf 85' lang='grc' dir='ltr'>τὸ</span> <span class='ocrx_word' id='word_1_636' title='bbox 3629 3745 3881 3803; x_wconf 77' lang='grc' dir='ltr'>Δέδωκεν</span> <span class='ocrx_word' id='word_1_637' title='bbox 3915 3770 3927 3780; x_wconf 86' lang='grc'><strong>·</strong></span> 
     </span>
    </p>
   </div>
   <div class='ocr_carea' id='block_1_91' title="bbox 2303 3831 3927 3912">
    <p class='ocr_par' dir='ltr' id='par_1_91' title="bbox 2303 3831 3927 3912">
     <span class='ocr_line' id='line_1_91' title="bbox 2303 3831 3927 3912; baseline 0.003 -24"><span class='ocrx_word' id='word_1_638' title='bbox 2303 3838 2361 3888; x_wconf 76' lang='grc' dir='ltr'>οὐ</span> <span class='ocrx_word' id='word_1_639' title='bbox 2388 3842 2458 3909; x_wconf 84' lang='grc' dir='ltr'>μὴ</span> <span class='ocrx_word' id='word_1_640' title='bbox 2494 3833 2710 3908; x_wconf 79' lang='grc' dir='ltr'>δέξομαι</span> <span class='ocrx_word' id='word_1_641' title='bbox 2742 3852 2757 3901; x_wconf 87' lang='lat'><strong>;</strong></span> <span class='ocrx_word' id='word_1_642' title='bbox 2813 3837 2954 3888; x_wconf 79' lang='grc' dir='ltr'>Πάνυ</span> <span class='ocrx_word' id='word_1_643' title='bbox 2997 3837 3087 3907; x_wconf 72' lang='grc' dir='ltr'>μὲν</span> <span class='ocrx_word' id='word_1_644' title='bbox 3117 3831 3227 3903; x_wconf 81' lang='grc' dir='ltr'>οὖν,</span> <span class='ocrx_word' id='word_1_645' title='bbox 3260 3838 3329 3898; x_wconf 84' lang='grc' dir='ltr'>ὡς</span> <span class='ocrx_word' id='word_1_646' title='bbox 3357 3839 3421 3888; x_wconf 79' lang='grc' dir='ltr'>τὰ</span> <span class='ocrx_word' id='word_1_647' title='bbox 3475 3836 3610 3888; x_wconf 65' lang='grc' dir='ltr'>αὖτά</span> <span class='ocrx_word' id='word_1_648' title='bbox 3634 3846 3709 3908; x_wconf 85' lang='grc' dir='ltr'>τῷ</span> <span class='ocrx_word' id='word_1_649' title='bbox 3740 3845 3927 3912; x_wconf 83' lang='grc' dir='ltr'>Πατρὶ</span> 
     </span>
    </p>
   </div>
   <div class='ocr_carea' id='block_1_92' title="bbox 2305 3920 3929 4004">
    <p class='ocr_par' dir='ltr' id='par_1_92' title="bbox 2305 3920 3929 4004">
     <span class='ocr_line' id='line_1_92' title="bbox 2305 3920 3929 4004; baseline 0.004 -28"><span class='ocrx_word' id='word_1_650' title='bbox 2305 3925 2636 3999; x_wconf 78' lang='grc' dir='ltr'>βουλόμενος.</span> <span class='ocrx_word' id='word_1_651' title='bbox 2671 3923 2777 3997; x_wconf 85' lang='grc' dir='ltr'><strong>[Ἐν</strong></span> <span class='ocrx_word' id='word_1_652' title='bbox 2836 3931 2907 3994; x_wconf 87' lang='grc' dir='ltr'>τῷ</span> <span class='ocrx_word' id='word_1_653' title='bbox 2940 3923 3188 3996; x_wconf 81' lang='grc' dir='ltr'>εἰρημένῳ</span> <span class='ocrx_word' id='word_1_654' title='bbox 3251 3920 3310 3977; x_wconf 65' lang='grc' dir='ltr'><strong>δὲ</strong></span> <span class='ocrx_word' id='word_1_655' title='bbox 3366 3924 3625 3998; x_wconf 76' lang='grc' dir='ltr'>κεφαλαίῳ</span> <span class='ocrx_word' id='word_1_656' title='bbox 3662 3931 3758 3980; x_wconf 82' lang='grc' dir='ltr'>καὶ</span> <span class='ocrx_word' id='word_1_657' title='bbox 3796 3935 3929 4004; x_wconf 80' lang='grc' dir='ltr'>περὶ</span> 
     </span>
    </p>
   </div>
   <div class='ocr_carea' id='block_1_93' title="bbox 2302 4010 3274 4085">
    <p class='ocr_par' dir='ltr' id='par_1_93' title="bbox 2302 4010 3274 4085">
     <span class='ocr_line' id='line_1_93' title="bbox 2302 4010 3274 4085; baseline 0.004 -20"><span class='ocrx_word' id='word_1_658' title='bbox 2302 4016 2491 4065; x_wconf 78' lang='grc' dir='ltr'>τούτων</span> <span class='ocrx_word' id='word_1_659' title='bbox 2524 4010 2823 4084; x_wconf 74' lang='grc' dir='ltr'>διελάϐομεν</span> <span class='ocrx_word' id='word_1_660' title='bbox 2864 4011 3047 4084; x_wconf 78' lang='grc' dir='ltr'>ἐφεξῆς</span> <span class='ocrx_word' id='word_1_661' title='bbox 3077 4012 3219 4084; x_wconf 77' lang='grc'>(22).</span> <span class='ocrx_word' id='word_1_662' title='bbox 3251 4010 3274 4085; x_wconf 93' lang='grc'>]</span> 
     </span>
    </p>
   </div>
   <div class='ocr_carea' id='block_1_94' title="bbox 2372 4098 3919 4175">
    <p class='ocr_par' dir='ltr' id='par_1_94' title="bbox 2372 4098 3919 4175">
     <span class='ocr_line' id='line_1_94' title="bbox 2372 4098 3919 4175; baseline 0.003 -22"><span class='ocrx_word' id='word_1_663' title='bbox 2372 4102 2428 4154; x_wconf 86' lang='grc' dir='ltr'><strong>Ἡ</strong></span> <span class='ocrx_word' id='word_1_664' title='bbox 2461 4098 2548 4153; x_wconf 81' lang='grc' dir='ltr'>οὖν</span> <span class='ocrx_word' id='word_1_665' title='bbox 2572 4108 2760 4173; x_wconf 85' lang='grc' dir='ltr'>σπεῖρα</span> <span class='ocrx_word' id='word_1_666' title='bbox 2799 4132 2866 4142; x_wconf 88' lang='grc'><strong>-</strong></span> <span class='ocrx_word' id='word_1_667' title='bbox 2918 4099 3130 4154; x_wconf 79' lang='grc' dir='ltr'>ἐκείνου.</span> <span class='ocrx_word' id='word_1_668' title='bbox 3166 4100 3335 4171; x_wconf 81' lang='grc' dir='ltr'><strong>[Ὑπὸ</strong></span> <span class='ocrx_word' id='word_1_669' title='bbox 3381 4106 3479 4163; x_wconf 78' lang='grc' dir='ltr'><strong>της</strong></span> <span class='ocrx_word' id='word_1_670' title='bbox 3535 4102 3647 4175; x_wconf 82' lang='lat'><strong>(&#39;23)</strong></span> <span class='ocrx_word' id='word_1_671' title='bbox 3706 4101 3919 4168; x_wconf 71' lang='grc' dir='ltr'>ἡδονῆς</span> 
     </span>
    </p>
   </div>
   <div class='ocr_carea' id='block_1_95' title="bbox 2303 4189 3914 4265">
    <p class='ocr_par' dir='ltr' id='par_1_95' title="bbox 2303 4189 3914 4265">
     <span class='ocr_line' id='line_1_95' title="bbox 2303 4189 3914 4265; baseline 0.002 -21"><span class='ocrx_word' id='word_1_672' title='bbox 2303 4189 2638 4263; x_wconf 78' lang='grc' dir='ltr'>ἕνεπὸμπευον</span> <span class='ocrx_word' id='word_1_673' title='bbox 2668 4198 2740 4260; x_wconf 77' lang='grc' dir='ltr'>τῷ</span> <span class='ocrx_word' id='word_1_674' title='bbox 2771 4193 3062 4265; x_wconf 71' lang='grc' dir='ltr'>πράγματι,</span> <span class='ocrx_word' id='word_1_675' title='bbox 3091 4191 3160 4251; x_wconf 84' lang='grc' dir='ltr'>ὡς</span> <span class='ocrx_word' id='word_1_676' title='bbox 3189 4195 3433 4263; x_wconf 86' lang='grc' dir='ltr'>τρόπαιον</span> <span class='ocrx_word' id='word_1_677' title='bbox 3466 4197 3778 4255; x_wconf 76' lang='grc' dir='ltr'>στήσαντες.</span> <span class='ocrx_word' id='word_1_678' title='bbox 3811 4201 3914 4247; x_wconf 72' lang='grc' dir='ltr'><strong>Καὶ</strong></span> 
     </span>
    </p>
   </div>
   <div class='ocr_carea' id='block_1_96' title="bbox 2305 4276 3919 4357">
    <p class='ocr_par' dir='ltr' id='par_1_96' title="bbox 2305 4276 3919 4357">
     <span class='ocr_line' id='line_1_96' title="bbox 2305 4276 3919 4357; baseline 0.002 -25"><span class='ocrx_word' id='word_1_679' title='bbox 2305 4279 2575 4350; x_wconf 71' lang='grc' dir='ltr'>ἀπήγαγον</span> <span class='ocrx_word' id='word_1_680' title='bbox 2615 4278 2769 4331; x_wconf 75' lang='grc' dir='ltr'>αὐτὸν</span> <span class='ocrx_word' id='word_1_681' title='bbox 2801 4281 2929 4351; x_wconf 88' lang='grc' dir='ltr'>πρὸς</span> <span class='ocrx_word' id='word_1_682' title='bbox 2957 4276 3144 4329; x_wconf 74' lang='grc' dir='ltr'>’Δνναν</span> <span class='ocrx_word' id='word_1_683' title='bbox 3190 4286 3409 4353; x_wconf 81' lang='grc' dir='ltr'>πρῶτον,</span> <span class='ocrx_word' id='word_1_684' title='bbox 3470 4283 3537 4342; x_wconf 85' lang='grc' dir='ltr'>ὡς</span> <span class='ocrx_word' id='word_1_685' title='bbox 3605 4276 3699 4333; x_wconf 80' lang='grc' dir='ltr'>ἶσα</span> <span class='ocrx_word' id='word_1_686' title='bbox 3747 4289 3919 4357; x_wconf 79' lang='grc' dir='ltr'>Πατρι</span> 
     </span>
    </p>
   </div>
   <div class='ocr_carea' id='block_1_97' title="bbox 2303 4368 3911 4444">
    <p class='ocr_par' dir='ltr' id='par_1_97' title="bbox 2303 4368 3911 4444">
     <span class='ocr_line' id='line_1_97' title="bbox 2303 4368 3911 4444; baseline 0.002 -24"><span class='ocrx_word' id='word_1_687' title='bbox 2303 4373 2586 4441; x_wconf 86' lang='grc' dir='ltr'>τιμώμενον</span> <span class='ocrx_word' id='word_1_688' title='bbox 2616 4369 2714 4420; x_wconf 83' lang='grc' dir='ltr'>ὑπὸ</span> <span class='ocrx_word' id='word_1_689' title='bbox 2738 4374 2828 4419; x_wconf 85' lang='grc' dir='ltr'>τοῦ</span> <span class='ocrx_word' id='word_1_690' title='bbox 2854 4368 3081 4439; x_wconf 72' lang='grc' dir='ltr'>Κάϊάφα,</span> <span class='ocrx_word' id='word_1_691' title='bbox 3122 4375 3214 4419; x_wconf 81' lang='grc' dir='ltr'>τοῦ</span> <span class='ocrx_word' id='word_1_692' title='bbox 3245 4377 3535 4425; x_wconf 77' lang='grc' dir='ltr'>τηνικαῦτα</span> <span class='ocrx_word' id='word_1_693' title='bbox 3594 4368 3911 4444; x_wconf 76' lang='grc' dir='ltr'>ἀρχιερέως,</span> 
     </span>
    </p>
   </div>
   <div class='ocr_carea' id='block_1_98' title="bbox 2307 4454 3913 4531">
    <p class='ocr_par' dir='ltr' id='par_1_98' title="bbox 2307 4454 3913 4531">
     <span class='ocr_line' id='line_1_98' title="bbox 2307 4454 3913 4531; baseline 0 -20"><span class='ocrx_word' id='word_1_694' title='bbox 2307 4454 2400 4511; x_wconf 75' lang='grc' dir='ltr'><strong>διὰ</strong></span> <span class='ocrx_word' id='word_1_695' title='bbox 2424 4460 2482 4509; x_wconf 89' lang='grc' dir='ltr'>τὸ</span> <span class='ocrx_word' id='word_1_696' title='bbox 2522 4454 2707 4518; x_wconf 75' lang='grc' dir='ltr'>κῆδος.</span> <span class='ocrx_word' id='word_1_697' title='bbox 2739 4454 2761 4529; x_wconf 91' lang='grc'>]</span> <span class='ocrx_word' id='word_1_698' title='bbox 2792 4461 3025 4514; x_wconf 82' lang='grc' dir='ltr'>Ζήτησον</span> <span class='ocrx_word' id='word_1_699' title='bbox 3054 4454 3101 4507; x_wconf 85' lang='grc' dir='ltr'>ἐν</span> <span class='ocrx_word' id='word_1_700' title='bbox 3123 4464 3194 4527; x_wconf 82' lang='grc' dir='ltr'>τῷ</span> <span class='ocrx_word' id='word_1_701' title='bbox 3218 4459 3621 4529; x_wconf 83' lang='grc' dir='ltr'>μνημονευθέντι</span> <span class='ocrx_word' id='word_1_702' title='bbox 3648 4459 3913 4531; x_wconf 77' lang='grc' dir='ltr'>κεφαλαίῳ</span> 
     </span>
    </p>
   </div>
   <div class='ocr_carea' id='block_1_99' title="bbox 2304 4542 3909 4623">
    <p class='ocr_par' dir='ltr' id='par_1_99' title="bbox 2304 4542 3909 4623">
     <span class='ocr_line' id='line_1_99' title="bbox 2304 4542 3909 4623; baseline -0.001 -23"><span class='ocrx_word' id='word_1_703' title='bbox 2304 4555 2359 4602; x_wconf 78' lang='grc' dir='ltr'>τό</span> <span class='ocrx_word' id='word_1_704' title='bbox 2389 4565 2402 4579; x_wconf 85' lang='grc'><strong>·</strong></span> <span class='ocrx_word' id='word_1_705' title='bbox 2455 4549 2520 4600; x_wconf 86' lang='grc' dir='ltr'><strong>Οἱ</strong></span> <span class='ocrx_word' id='word_1_706' title='bbox 2575 4542 2633 4598; x_wconf 75' lang='grc' dir='ltr'><strong>δὲ</strong></span> <span class='ocrx_word' id='word_1_707' title='bbox 2684 4550 3034 4620; x_wconf 78' lang='grc' dir='ltr'>κρατήσαντες</span> <span class='ocrx_word' id='word_1_708' title='bbox 3076 4548 3161 4597; x_wconf 88' lang='grc' dir='ltr'>τὸν</span> <span class='ocrx_word' id='word_1_709' title='bbox 3195 4544 3397 4603; x_wconf 79' lang='grc' dir='ltr'>Ἰησοῦν</span> <span class='ocrx_word' id='word_1_710' title='bbox 3455 4544 3731 4619; x_wconf 66' lang='grc' dir='ltr'>ἀπήγαγον</span> <span class='ocrx_word' id='word_1_711' title='bbox 3782 4552 3909 4623; x_wconf 83' lang='grc' dir='ltr'>πρὸς</span> 
     </span>
    </p>
   </div>
   <div class='ocr_carea' id='block_1_100' title="bbox 2307 4632 3900 4713">
    <p class='ocr_par' dir='ltr' id='par_1_100' title="bbox 2307 4632 3900 4713">
     <span class='ocr_line' id='line_1_100' title="bbox 2307 4632 3900 4713; baseline -0.001 -23"><span class='ocrx_word' id='word_1_712' title='bbox 2307 4637 2544 4707; x_wconf 79' lang='grc' dir='ltr'>Καϊάφαν</span> <span class='ocrx_word' id='word_1_713' title='bbox 2564 4638 2651 4687; x_wconf 87' lang='grc' dir='ltr'>τὸν</span> <span class='ocrx_word' id='word_1_714' title='bbox 2678 4633 2947 4710; x_wconf 75' lang='grc' dir='ltr'>ἀρχιερέα,</span> <span class='ocrx_word' id='word_1_715' title='bbox 2980 4637 3070 4685; x_wconf 81' lang='grc' dir='ltr'>καὶ</span> <span class='ocrx_word' id='word_1_716' title='bbox 3109 4632 3366 4707; x_wconf 79' lang='grc' dir='ltr'>ἀνάγνωθι</span> <span class='ocrx_word' id='word_1_717' title='bbox 3394 4638 3487 4694; x_wconf 80' lang='grc' dir='ltr'>τὴν</span> <span class='ocrx_word' id='word_1_718' title='bbox 3516 4634 3623 4689; x_wconf 79' lang='grc' dir='ltr'>ἐκεῖ</span> <span class='ocrx_word' id='word_1_719' title='bbox 3652 4635 3900 4713; x_wconf 71' lang='grc' dir='ltr'>ῥηθεῖσαν</span> 
     </span>
    </p>
   </div>
   <div class='ocr_carea' id='block_1_101' title="bbox 2304 4726 2575 4798">
    <p class='ocr_par' dir='ltr' id='par_1_101' title="bbox 2304 4726 2575 4798">
     <span class='ocr_line' id='line_1_101' title="bbox 2304 4726 2575 4798; baseline -0.004 -20"><span class='ocrx_word' id='word_1_720' title='bbox 2304 4726 2575 4798; x_wconf 69' lang='grc' dir='ltr'>ἐξήγησιν.</span> 
     </span>
    </p>
   </div>
   <div class='ocr_carea' id='block_1_102' title="bbox 2566 4848 3139 4916">
    <p class='ocr_par' dir='ltr' id='par_1_102' title="bbox 2566 4848 3139 4916">
     <span class='ocr_line' id='line_1_102' title="bbox 2566 4848 3139 4916; baseline -0.002 -11"><span class='ocrx_word' id='word_1_721' title='bbox 2566 4851 2615 4887; x_wconf 73' lang='grc' dir='ltr'><strong>⁸ο</strong></span> <span class='ocrx_word' id='word_1_722' title='bbox 2639 4848 2837 4908; x_wconf 87' lang='lat' dir='ltr'><strong>Matth.</strong></span> <span class='ocrx_word' id='word_1_723' title='bbox 2872 4865 3028 4916; x_wconf 75' lang='lat' dir='ltr'><strong>xxvr,</strong></span> <span class='ocrx_word' id='word_1_724' title='bbox 3054 4853 3139 4906; x_wconf 81' lang='lat'><strong>57.</strong></span> 
     </span>
    </p>
   </div>
   <div class='ocr_carea' id='block_1_103' title="bbox 1772 5028 2681 5129">
    <p class='ocr_par' dir='ltr' id='par_1_103' title="bbox 1772 5028 2681 5129">
     <span class='ocr_line' id='line_1_103' title="bbox 1772 5028 2681 5129; baseline 0.001 -33"><span class='ocrx_word' id='word_1_725' title='bbox 1772 5028 1989 5097; x_wconf 75' lang='lat' dir='ltr'><strong>Variae</strong></span> <span class='ocrx_word' id='word_1_726' title='bbox 2018 5028 2346 5129; x_wconf 88' lang='lat' dir='ltr'><strong>lectiones</strong></span> <span class='ocrx_word' id='word_1_727' title='bbox 2380 5038 2447 5097; x_wconf 89' lang='lat' dir='ltr'><strong>et</strong></span> <span class='ocrx_word' id='word_1_728' title='bbox 2478 5037 2681 5098; x_wconf 70' lang='lat' dir='ltr'><strong>notae.</strong></span> 
     </span>
    </p>
   </div>
   <div class='ocr_carea' id='block_1_104' title="bbox 617 5225 1348 5299">
    <p class='ocr_par' dir='ltr' id='par_1_104' title="bbox 617 5225 1348 5299">
     <span class='ocr_line' id='line_1_104' title="bbox 617 5225 1348 5299; baseline 0.001 -14"><span class='ocrx_word' id='word_1_729' title='bbox 617 5228 736 5299; x_wconf 88' lang='lat'><strong>(17)</strong></span> <span class='ocrx_word' id='word_1_730' title='bbox 770 5227 1004 5285; x_wconf 90' lang='lat' dir='ltr'><strong>Inclusa</strong></span> <span class='ocrx_word' id='word_1_731' title='bbox 1034 5225 1257 5299; x_wconf 89' lang='lat' dir='ltr'><strong>absunt</strong></span> <span class='ocrx_word' id='word_1_732' title='bbox 1284 5229 1348 5286; x_wconf 86' lang='lat' dir='ltr'><strong>A.</strong></span> 
     </span>
    </p>
   </div>
   <div class='ocr_carea' id='block_1_105' title="bbox 648 5298 1453 5356">
    <p class='ocr_par' dir='ltr' id='par_1_105' title="bbox 648 5298 1453 5356">
     <span class='ocr_line' id='line_1_105' title="bbox 648 5298 1453 5356; baseline -0.005 0"><span class='ocrx_word' id='word_1_733' title='bbox 648 5298 733 5356; x_wconf 78' lang='grc'><strong>18)</strong></span> <span class='ocrx_word' id='word_1_734' title='bbox 767 5300 955 5356; x_wconf 88' lang='lat' dir='ltr'><strong>Etiam</strong></span> <span class='ocrx_word' id='word_1_735' title='bbox 987 5300 1117 5354; x_wconf 72' lang='lat' dir='ltr'><strong>haec</strong></span> <span class='ocrx_word' id='word_1_736' title='bbox 1143 5298 1359 5354; x_wconf 89' lang='lat' dir='ltr'><strong>omittit</strong></span> <span class='ocrx_word' id='word_1_737' title='bbox 1388 5300 1453 5352; x_wconf 83' lang='lat' dir='ltr'><strong>A.</strong></span> 
     </span>
    </p>
   </div>
   <div class='ocr_carea' id='block_1_106' title="bbox 617 5304 2191 5443">
    <p class='ocr_par' dir='ltr' id='par_1_106' title="bbox 617 5304 2191 5443">
     <span class='ocr_line' id='line_1_106' title="bbox 648 5304 1453 5356; baseline -0.005 0"><span class='ocrx_word' id='word_1_738' title='bbox 648 5304 709 5356; x_wconf 91' lang='lat'><strong>18</strong></span> <span class='ocrx_word' id='word_1_739' title='bbox 767 5304 955 5356; x_wconf 88' lang='lat' dir='ltr'><strong>Etiam</strong></span> <span class='ocrx_word' id='word_1_740' title='bbox 988 5304 1117 5354; x_wconf 71' lang='lat' dir='ltr'><strong>haec</strong></span> <span class='ocrx_word' id='word_1_741' title='bbox 1143 5304 1359 5354; x_wconf 89' lang='lat' dir='ltr'><strong>omittit</strong></span> <span class='ocrx_word' id='word_1_742' title='bbox 1388 5304 1453 5352; x_wconf 84' lang='lat' dir='ltr'><strong>A.</strong></span> 
     </span>
     <span class='ocr_line' id='line_1_107' title="bbox 617 5304 2191 5443; baseline -0.002 -17"><span class='ocrx_word' id='word_1_743' title='bbox 617 5304 733 5443; x_wconf 71' lang='grc'>(19)</span> <span class='ocrx_word' id='word_1_744' title='bbox 788 5370 1109 5443; x_wconf 83' lang='lat' dir='ltr'><strong>Hentenius</strong></span> <span class='ocrx_word' id='word_1_745' title='bbox 1158 5370 1259 5433; x_wconf 89' lang='lat' dir='ltr'><strong>ita,</strong></span> <span class='ocrx_word' id='word_1_746' title='bbox 1290 5386 1359 5443; x_wconf 82' lang='lat' dir='ltr'><strong>ac</strong></span> <span class='ocrx_word' id='word_1_747' title='bbox 1404 5369 1454 5424; x_wconf 91' lang='lat' dir='ltr'><strong>si</strong></span> <span class='ocrx_word' id='word_1_748' title='bbox 1481 5368 1687 5443; x_wconf 84' lang='lat' dir='ltr'><strong>legerit</strong></span> <span class='ocrx_word' id='word_1_749' title='bbox 1738 5364 1953 5443; x_wconf 68' lang='grc' dir='ltr'>ἔμελλεν.</span> <span class='ocrx_word' id='word_1_750' title='bbox 2006 5369 2191 5424; x_wconf 87' lang='lat' dir='ltr'><strong>Minus</strong></span> 
     </span>
    </p>
   </div>
   <div class='ocr_carea' id='block_1_107' title="bbox 546 5439 2191 5512">
    <p class='ocr_par' dir='ltr' id='par_1_107' title="bbox 546 5439 2191 5512">
     <span class='ocr_line' id='line_1_108' title="bbox 546 5439 2191 5512; baseline -0.002 -13"><span class='ocrx_word' id='word_1_751' title='bbox 546 5439 691 5500; x_wconf 85' lang='lat' dir='ltr'><strong>sane</strong></span> <span class='ocrx_word' id='word_1_752' title='bbox 718 5439 850 5497; x_wconf 84' lang='lat' dir='ltr'><strong>haec</strong></span> <span class='ocrx_word' id='word_1_753' title='bbox 880 5442 1198 5512; x_wconf 72' lang='lat' dir='ltr'><strong>cohaerent.</strong></span> <span class='ocrx_word' id='word_1_754' title='bbox 1233 5440 1346 5497; x_wconf 91' lang='lat' dir='ltr'><strong>Sed</strong></span> <span class='ocrx_word' id='word_1_755' title='bbox 1375 5456 1446 5495; x_wconf 81' lang='lat' dir='ltr'><strong>ex</strong></span> <span class='ocrx_word' id='word_1_756' title='bbox 1478 5440 1655 5512; x_wconf 88' lang='lat' dir='ltr'><strong>priori</strong></span> <span class='ocrx_word' id='word_1_757' title='bbox 1686 5439 1958 5495; x_wconf 90' lang='lat' dir='ltr'><strong>membro</strong></span> <span class='ocrx_word' id='word_1_758' title='bbox 1990 5445 2191 5496; x_wconf 86' lang='lat' dir='ltr'><strong>tamen</strong></span> 
     </span>
    </p>
   </div>
   <div class='ocr_carea' id='block_1_108' title="bbox 542 5510 1390 5585">
    <p class='ocr_par' dir='ltr' id='par_1_108' title="bbox 542 5510 1390 5585">
     <span class='ocr_line' id='line_1_109' title="bbox 542 5510 1390 5585; baseline -0.006 -13"><span class='ocrx_word' id='word_1_759' title='bbox 542 5512 792 5583; x_wconf 79' lang='lat' dir='ltr'><strong>intelligi</strong></span> <span class='ocrx_word' id='word_1_760' title='bbox 814 5520 1004 5584; x_wconf 90' lang='lat' dir='ltr'><strong>potest</strong></span> <span class='ocrx_word' id='word_1_761' title='bbox 1034 5510 1390 5585; x_wconf 82' lang='grc' dir='ltr'>ἐθεράπευσεν.</span> 
     </span>
    </p>
   </div>
   <div class='ocr_carea' id='block_1_109' title="bbox 618 5633 2187 5711">
    <p class='ocr_par' dir='ltr' id='par_1_109' title="bbox 618 5633 2187 5711">
     <span class='ocr_line' id='line_1_110' title="bbox 618 5633 2187 5711; baseline -0.003 -17"><span class='ocrx_word' id='word_1_762' title='bbox 618 5638 701 5711; x_wconf 84' lang='lat' dir='ltr'><strong>(k)</strong></span> <span class='ocrx_word' id='word_1_763' title='bbox 726 5635 998 5711; x_wconf 68' lang='lat' dir='ltr'><strong>Indicum</strong></span> <span class='ocrx_word' id='word_1_764' title='bbox 1023 5652 1152 5703; x_wconf 71' lang='lat' dir='ltr'><strong>prx</strong></span> <span class='ocrx_word' id='word_1_765' title='bbox 1191 5635 1557 5711; x_wconf 70' lang='lat' dir='ltr'><strong>conscientia,</strong></span> <span class='ocrx_word' id='word_1_766' title='bbox 1593 5639 1704 5690; x_wconf 89' lang='lat' dir='ltr'><strong>etc.</strong></span> <span class='ocrx_word' id='word_1_767' title='bbox 1735 5633 1988 5711; x_wconf 70' lang='lat' dir='ltr'><strong>Noscere</strong></span> <span class='ocrx_word' id='word_1_768' title='bbox 2011 5639 2187 5711; x_wconf 85' lang='lat' dir='ltr'><strong>aut_a</strong></span> 
     </span>
    </p>
   </div>
   <div class='ocr_carea' id='block_1_110' title="bbox 546 5706 2186 5783">
    <p class='ocr_par' dir='ltr' id='par_1_110' title="bbox 546 5706 2186 5783">
     <span class='ocr_line' id='line_1_111' title="bbox 546 5706 2186 5783; baseline -0.005 -11"><span class='ocrx_word' id='word_1_769' title='bbox 546 5706 741 5771; x_wconf 74' lang='lat' dir='ltr'><strong>forma</strong></span> <span class='ocrx_word' id='word_1_770' title='bbox 763 5706 997 5783; x_wconf 87' lang='lat' dir='ltr'><strong>(habitu</strong></span> <span class='ocrx_word' id='word_1_771' title='bbox 1018 5708 1301 5778; x_wconf 89' lang='lat' dir='ltr'><strong>corporis,</strong></span> <span class='ocrx_word' id='word_1_772' title='bbox 1318 5706 1530 5780; x_wconf 90' lang='lat' dir='ltr'><strong>specie)</strong></span> <span class='ocrx_word' id='word_1_773' title='bbox 1555 5711 1658 5761; x_wconf 92' lang='lat' dir='ltr'><strong>aut</strong></span> <span class='ocrx_word' id='word_1_774' title='bbox 1679 5722 1713 5761; x_wconf 89' lang='lat' dir='ltr'><strong>a</strong></span> <span class='ocrx_word' id='word_1_775' title='bbox 1732 5721 1895 5762; x_wconf 77' lang='lat' dir='ltr'><strong>voce.</strong></span> <span class='ocrx_word' id='word_1_776' title='bbox 1921 5706 2186 5764; x_wconf 84' lang='lat' dir='ltr'><strong>Ostendit</strong></span> 
     </span>
    </p>
   </div>
   <div class='ocr_carea' id='block_1_111' title="bbox 2380 5225 3192 5299">
    <p class='ocr_par' dir='ltr' id='par_1_111' title="bbox 2380 5225 3192 5299">
     <span class='ocr_line' id='line_1_112' title="bbox 2380 5225 3192 5299; baseline 0.001 -16"><span class='ocrx_word' id='word_1_777' title='bbox 2380 5227 2494 5297; x_wconf 86' lang='lat'><strong>(20)</strong></span> <span class='ocrx_word' id='word_1_778' title='bbox 2539 5225 2811 5299; x_wconf 8' lang='lat' dir='ltr'><strong>Respicit;</strong></span> <span class='ocrx_word' id='word_1_779' title='bbox 2829 5239 3076 5299; x_wconf 78' lang='lat' dir='ltr'><strong>versum</strong></span> <span class='ocrx_word' id='word_1_780' title='bbox 3096 5228 3192 5299; x_wconf 59' lang='lat'><strong>23.</strong></span> 
     </span>
    </p>
   </div>
   <div class='ocr_carea' id='block_1_112' title="bbox 2380 5295 3182 5369">
    <p class='ocr_par' dir='ltr' id='par_1_112' title="bbox 2380 5295 3182 5369">
     <span class='ocr_line' id='line_1_113' title="bbox 2380 5295 3182 5369; baseline -0.004 -17"><span class='ocrx_word' id='word_1_781' title='bbox 2380 5295 2491 5369; x_wconf 72' lang='lat'><strong>(21)</strong></span> <span class='ocrx_word' id='word_1_782' title='bbox 2527 5295 2687 5354; x_wconf 53' lang='lat' dir='ltr'><strong>Tom&#39;.</strong></span> <span class='ocrx_word' id='word_1_783' title='bbox 2725 5297 2857 5369; x_wconf 80' lang='lat' dir='ltr'><strong>Vlll,</strong></span> <span class='ocrx_word' id='word_1_784' title='bbox 2891 5312 2952 5368; x_wconf 90' lang='lat' dir='ltr'><strong>p.</strong></span> <span class='ocrx_word' id='word_1_785' title='bbox 2982 5295 3083 5354; x_wconf 75' lang='lat'><strong>491</strong></span> <span class='ocrx_word' id='word_1_786' title='bbox 3116 5298 3182 5352; x_wconf 92' lang='lat' dir='ltr'><strong>B.</strong></span> 
     </span>
    </p>
   </div>
   <div class='ocr_carea' id='block_1_113' title="bbox 2377 5368 3117 5439">
    <p class='ocr_par' dir='ltr' id='par_1_113' title="bbox 2377 5368 3117 5439">
     <span class='ocr_line' id='line_1_114' title="bbox 2377 5368 3117 5439; baseline -0.003 -16"><span class='ocrx_word' id='word_1_787' title='bbox 2377 5372 2493 5439; x_wconf 79' lang='lat'><strong>(&#39;22)</strong></span> <span class='ocrx_word' id='word_1_788' title='bbox 2538 5370 2772 5424; x_wconf 89' lang='lat' dir='ltr'><strong>Inclusa</strong></span> <span class='ocrx_word' id='word_1_789' title='bbox 2803 5368 3026 5424; x_wconf 88' lang='lat' dir='ltr'><strong>absunt</strong></span> <span class='ocrx_word' id='word_1_790' title='bbox 3048 5369 3117 5421; x_wconf 83' lang='lat' dir='ltr'><strong>A.</strong></span> 
     </span>
    </p>
   </div>
   <div class='ocr_carea' id='block_1_114' title="bbox 2374 5438 3133 5513">
    <p class='ocr_par' dir='ltr' id='par_1_114' title="bbox 2374 5438 3133 5513">
     <span class='ocr_line' id='line_1_115' title="bbox 2374 5438 3133 5513; baseline -0.003 -18"><span class='ocrx_word' id='word_1_791' title='bbox 2374 5438 2494 5513; x_wconf 76' lang='grc'>(23)</span> <span class='ocrx_word' id='word_1_792' title='bbox 2537 5441 2772 5496; x_wconf 87' lang='lat' dir='ltr'><strong>Inclusa</strong></span> <span class='ocrx_word' id='word_1_793' title='bbox 2809 5438 3031 5495; x_wconf 88' lang='lat' dir='ltr'><strong>absunt</strong></span> <span class='ocrx_word' id='word_1_794' title='bbox 3067 5440 3133 5493; x_wconf 86' lang='lat' dir='ltr'><strong>A.</strong></span> 
     </span>
    </p>
   </div>
   <div class='ocr_carea' id='block_1_115' title="bbox 2297 5557 3908 5640">
    <p class='ocr_par' dir='ltr' id='par_1_115' title="bbox 2297 5557 3908 5640">
     <span class='ocr_line' id='line_1_116' title="bbox 2297 5557 3908 5640; baseline 0.004 -22"><span class='ocrx_word' id='word_1_795' title='bbox 2297 5562 2684 5640; x_wconf 64' lang='lat' dir='ltr'><strong>igiturguod.</strong></span> <span class='ocrx_word' id='word_1_796' title='bbox 2713 5558 3014 5624; x_wconf 77' lang='grc' dir='ltr'>Συνειδότος</span> <span class='ocrx_word' id='word_1_797' title='bbox 3040 5561 3174 5640; x_wconf 83' lang='lat' dir='ltr'><strong>loco</strong></span> <span class='ocrx_word' id='word_1_798' title='bbox 3195 5557 3372 5640; x_wconf 66' lang='grc' dir='ltr'>εῖδοος</span> <span class='ocrx_word' id='word_1_799' title='bbox 3395 5562 3628 5621; x_wconf 85' lang='lat' dir='ltr'><strong>videtur</strong></span> <span class='ocrx_word' id='word_1_800' title='bbox 3661 5562 3908 5640; x_wconf 87' lang='lat' dir='ltr'><strong>legisse.</strong></span> 
     </span>
    </p>
   </div>
   <div class='ocr_carea' id='block_1_116' title="bbox 2296 5634 3482 5706">
    <p class='ocr_par' dir='ltr' id='par_1_116' title="bbox 2296 5634 3482 5706">
     <span class='ocr_line' id='line_1_117' title="bbox 2296 5634 3482 5706; baseline -0.001 -13"><span class='ocrx_word' id='word_1_801' title='bbox 2296 5635 2457 5693; x_wconf 85' lang='lat' dir='ltr'><strong>Male.</strong></span> <span class='ocrx_word' id='word_1_802' title='bbox 2491 5636 2620 5691; x_wconf 83' lang='lat' dir='ltr'><strong>Mox</strong></span> <span class='ocrx_word' id='word_1_803' title='bbox 2659 5640 2768 5702; x_wconf 89' lang='lat' dir='ltr'><strong>est,</strong></span> <span class='ocrx_word' id='word_1_804' title='bbox 2801 5650 2977 5706; x_wconf 85' lang='lat' dir='ltr'><strong>neque</strong></span> <span class='ocrx_word' id='word_1_805' title='bbox 3007 5634 3241 5691; x_wconf 83' lang='lat' dir='ltr'><strong>omnino</strong></span> <span class='ocrx_word' id='word_1_806' title='bbox 3262 5635 3482 5692; x_wconf 72' lang='lat' dir='ltr'><strong>videre.</strong></span> 
     </span>
    </p>
   </div>
  </div>
