4130 6320
304 413 441 469 1457
1291 416 1648 472 COMMENT.
1696 418 1764 473 IN
1804 417 1894 473 J0.

2012 419 2154 474 IEM.
2200 452 2265 460 —
2306 421 2459 475 CAP.
2503 420 2700 479 XVIII.
3523 421 3661 478 1458

370 538 468 592 Ἦν
508 571 574 580 -
621 539 767 594 λαοῦ.
801 539 912 594 Ἱνα
943 546 1038 614 μὴ,
1081 540 1307 602 ἀκούσας
1346 544 1370 594 ὁ
1413 541 1672 615 ἀκροατὴς
1705 539 1894 616 δεσμὰ,

2083 548 2238 600 Vers.
2292 547 2377 601 14.
2430 547 2580 602 Erat
2619 577 2688 587 —
2724 547 2954 616 populo.
3007 550 3087 603 Ne
3149 546 3385 604 auditor
3424 548 3664 608 vincula

303 629 592 704 θορυϐηθῇ,
653 629 1034 704 ἀναμιμνήσκει
1081 640 1262 684 τοῦτον
1315 640 1403 692 τῆς
1455 637 1770 704 προφητείας
1809 639 1894 683 τοῦ

2013 635 2260 690 audiens
2298 635 2574 700 turbetur,
2605 636 2733 706 ejus
2760 635 3114 692 memoriam
3145 637 3223 693 ad
3250 637 3490 709 Caiphae
3512 642 3662 697 vati-

303 721 532 791 Καϊάφα,
569 716 738 777 δηλῶν
785 722 865 772 ὅτι
896 721 980 773 ἐπὶ
1018 725 1329 794 συμφέροντι
1378 730 1468 772 τοῦ
1515 721 1640 772 λαοῦ
1681 720 1899 779 ἀπέθνη-

301 825 440 875 σκεν,
473 813 633 880 ἤγουν
665 809 746 861 ἐπὶ
779 815 1013 885 σωτηρίᾳ
1042 821 1140 863 τῶν
1173 810 1471 884 ἀνθρώπων,
1511 813 1576 872 ὡς
1608 812 1632 861 ὁ
1663 813 1899 882 Καϊάφας

298 902 694 970 προεφήτευσεν.

368 987 670 1038 Ἠκολούθει
709 1018 777 1028 -
816 990 1076 1060 μαθητής.
1123 989 1285 1049 Αύτός
1314 988 1453 1041 ἐστιν
1495 987 1694 1047 00:").70;
1724 991 1898 1059 μαθη-

297 1079 410 1137 τής’
450 1074 712 1148 [Ζήτησον
893 1080 940 1129 ἐν
971 1087 1042 1148 τῷ
1068 1081 1284 1148 τοιούτῳ
1315 1076 1571 1149 κεφαλαίῳ
1594 1081 1686 1134 τὴν
1714 1076 1896 1148 ἐξήγη-

300 1184 382 1216 σιν
406 1173 494 1217 τοῦ
521 1165 614 1217 ’Ὀ
645 1162 702 1218 δὲ
749 1171 934 1241 Πέτρος
978 1167 1243 1225 ἠκολούθει
1293 1168 1432 1237 αὐτῷ
1475 1165 1574 1218 ἀπὸ
1615 1169 1892 1240 μακρόθεν,

296 1256 385 1315 ἕως
411 1264 503 1314 τῆς
535 1255 694 1316 αὐλῆς
720 1264 811 1307 τοῦ
853 1255 1184 1329 ἀρχιερέως.]

365 1344 422 1395 Ὀ
469 1341 528 1396 δε
575 1347 810 1416 μαθητὴς
863 1376 928 1386 --
1137 1345 1272 1418 ”υρα
1311 1351 1753 1422 μετριοφροσύνην
1806 1353 1894 1401 καὶ

294 1430 648 1505 φιλαδελφίαν.
680 1433 790 1486 Ἰνα
830 1437 930 1508 γὰρ
975 1440 1105 1506 μήτε
1144 1435 1298 1487 αὐτόν
1329 1455 1408 1497 τις
1454 1435 1632 1510 ἐπαινῇ
1687 1458 1893 1491 σύνεισ-

293 1521 521 1587 ελθὸντα,
563 1527 692 1594 μήτε
747 1527 833 1575 τὸν
888 1528 1078 1595 Πέτρον
1129 1525 1289 1596 ψέγῃ,
1339 1530 1584 1597 μείναντα
1628 1527 1740 1595 ἔξω,
1789 1547 1892 1599 φη-

293 1617 376 1664 σὶν
407 1613 488 1664 ὅτι
511 1613 651 1682 αὐτῷ
681 1615 769 1684 μὲν
802 1616 866 1674 ὡς
895 1620 1137 1686 γνωρίμῳ
1168 1623 1258 1666 τοῦ
1290 1613 1574 1688 ἀρχιερέως
1613 1636 1892 1691 παρεχωρ-

290 1703 391 1760 ἡθη
427 1703 454 1759 ἡ
493 1699 698 1762 εἴσοδος
734 1721 744 1730 ·
778 1711 848 1772 τῷ
901 1707 1075 1776 Πέτρῳ
1119 1700 1176 1755 δὲ
1214 1706 1282 1763 ὡς
1331 1708 1401 1774 μὴ
1451 1709 1694 1778 γνωρίμῳ
1733 1704 1889 1756 ἀπεκ-

286 1790 489 1848 λείσθη.
529 1797 627 1843 Καὶ
674 1793 811 1863 ὅμως
855 1793 930 1844 ἔτι
987 1796 1261 1866 παρέμενεν
1319 1792 1506 1864 (25),ὃ
1554 1799 1640 1845 καὶ
1699 1795 1888 1865 μᾶλλον

287 1879 540 1952 ἐγκώμιον
565 1889 655 1932 τού
693 1885 906 1954 Πέτρου.
1921 1900 1961 1952 Β

360 2060 596 2123 Ἐξῆλθεν
655 2092 722 2102 —-
774 2061 900 2133 εἰμί.
970 2062 1097 2134 Εὗρε
1169 2061 1216 2112 ἐν
1283 2069 1355 2130 τῷ
1423 2061 1563 2131 αύτῷ
1630 2062 1886 2136 κεφαλαίῳ

284 2155 343 2202 το
376 2166 386 2179 ⁸
452 2155 551 2202 Καὶ
604 2149 841 2202 εἰσελθὼν
897 2152 995 2202 ἔσω
1049 2149 1270 2207 ἐκάθητο
1341 2153 1470 2222 μετά
1525 2159 1623 2202 τῶν
1689 2153 1886 2225 ὑπηρε-

284 2247 405 2304 τῶν,
469 2235 596 2291 ἰδεῖν
659 2242 714 2290 τὸ
772 2238 962 2298 τελος⁶⁴’
1019 2244 1106 2290 καὶ
1161 2238 1416 2310 ἀνάγνωθι
1491 2240 1602 2312 (26)
1662 2243 1726 2291 τὰ
1788 2241 1890 2294 ἐκεῖ

281 2330 503 2404 ῥηθέντα
557 2326 944 2399 ἀναγκαιότατα
997 2331 1345 2399 τυγχάνοντα.
1410 2334 1508 2381 Καὶ
1556 2334 1656 2401 μὴν
1697 2335 1786 2382 καὶ
1839 2330 1888 2381 ἐν

283 2426 355 2488 τῷ
407 2417 670 2488 ἑξηκοστῷ
715 2419 842 2488 ἕκτῳ
887 2425 978 2468 τοῦ
1029 2417 1187 2469 αὐτοῦ
1230 2417 1596 2489 εὐαγγελιστοῦ
1637 2424 1729 2476 τὴν
1770 2418 1887 2481 ἐξή-

282 2527 442 2580 γησιν
505 2514 642 2558 τοῦθ
701 2505 759 2557 Ὀ
841 2503 899 2558 δὲ
966 2509 1156 2572 Πέτρος
1244 2505 1336 2567 ἔξω
1412 2505 1632 2564 ἐκάθητο
1699 2505 1746 2556 ἐν
1821 2515 1882 2578 τῇ

285 2596 438 2668 αὐλῇ,
500 2600 589 2647 καὶ
653 2594 940 2668 προσῆλθεν
989 2595 1127 2666 αύτῷ
1176 2600 1272 2666 μία
1318 2591 1602 2658 παιδίσκη,
1673 2600 1760 2647 καὶ
1823 2598 1888 2647 τὰ

285 2686 422 2748 ἑξῆς.

358 2776 696 2833 Εἱστήκεισαν
732 2805 798 2812 --
847 2775 1257 2846 θερμαινόμενος.
1302 2776 1566 2824 Δείκννσιν
1611 2775 1689 2824 ὅτι
1733 2774 1886 2835 αὐτὸς

284 2864 372 2933 μεν
413 2865 547 2913 κατὰ
593 2868 684 2920 τὴν
726 2859 993 2935 ἑνδοτέραν
1042 2861 1200 2918 αὐλὴν
1253 2866 1415 2912 συνὼν
1455 2871 1526 2931 τῷ
1575 2859 1886 2934 διδασκάλῳ

287 2949 420 3022 ἑώρα
454 2952 622 3001 πάντα
653 2955 737 3001 καὶ
784 2954 962 3008 ἤκουεν
998 2967 1009 2978 °
1042 2951 1065 2999 ὁ
1100 2945 1155 3000 δε
1190 2954 1381 3024 Πέτρος
1428 2953 1560 3001 κατά
1590 2955 1682 3008 τὴν
1713 2949 1885 3012 ἐξωτέ-

285 3058 378 3113 ραν
409 3039 493 3104 ὠν,
525 3034 675 3090 οὐδὲν
698 3041 890 3089 τούτων
931 3036 1222 3108 ἐγίνωσκεν.

354 3126 412 3177 Ὀ
474 3123 560 3178 οὖν
616 3126 894 3200 ἀρχιερεὺς
950 3158 1017 3166 ——
1073 3126 1253 3183 αὐτοῦ.
1317 3132 1439 3200 Περὶ
1488 3136 1585 3178 τῶν
1639 3131 1884 3200 μαθητῶν

285 3219 395 3289 μὲν,
454 3223 553 3267 ποῦ
608 3216 711 3267 εἰσι
782 3220 870 3266 καὶ
936 3219 1072 3277 τίνος
1145 3216 1303 3267 ἕνεκεν
1367 3216 1620 3279 συνέλεξεν
1698 3219 1886 3278 αύτούς
1921 3231 1960 3286 C

287 3310 401 3376 περὶ
443 3313 533 3364 τῆς
580 3301 817 3376 διδαχῆς
862 3301 940 3368 δε,
977 3310 1028 3355 τί
1074 3301 1322 3356 διδάσκει
1370 3311 1458 3357 καὶ
1494 3303 1676 3362 διατί;
1709 3315 1887 3360 Ταῦτα

287 3392 345 3447 δὲ
410 3396 698 3466 ἠρώτησεν,
774 3393 972 3464 ἐλέγξαι
1039 3392 1349 3466 βουλόμενος
1427 3394 1580 3445 αὐτὸν
1645 3415 1883 3469 νεωτερο-

285 3487 431 3537 ποιὸν
461 3489 549 3535 καὶ
579 3487 928 3550 στασιαστὴν,
959 3486 1021 3543 ὡς
1051 3487 1500 3556 παρασυναγωγας
1526 3493 1773 3536 ποιοῦντα
1794 3490 1883 3537 καὶ

285 3576 440 3626 καινὰ
473 3569 884 3644 δογματίζοντα,
938 3577 1110 3624 καίτοι
1163 3573 1406 3634 πολλάκις
1451 3571 1683 3634 ἀκούσας
1727 3575 1884 3627 αὐτοῦ

289 3659 655 3724 διδάσκοντος.

357 3840 637 3914 Ἀπεκρίθη
665 3872 732 3879 -—
754 3844 952 3912 κόσμῳ.
987 3839 1244 3913 [Φανερώς
1413 3836 1638 3902 ἐδίδαξα
1658 3845 1744 3892 τὸν
1765 3841 1885 3894 λαὸν

285 3929 510 3999 ἅπαντα,
545 3929 601 3981 ού
630 3932 780 3999 μόνον
807 3932 926 3988 τοὺς
946 3930 1184 3999 μαθητάς
1214 3928 1362 4000 μου.]

360 4018 491 4087 Ἐγὼ
524 4047 586 4058 —-
619 4013 787 4069 οὐδέν.
823 4013 990 4068 Οὐδὲν
1031 4018 1135 4067 οἷον
1163 4016 1555 4088 ὑπολαμϐάνεις,
1593 4014 1884 4079 στασιῶδες

284 4111 374 4156 καὶ
414 4105 705 4179 ἁπαρέσκον
733 4113 867 4175 Θεῷ.
901 4110 961 4157 Τί
984 4102 1090 4170 οὖν,
1121 4106 1244 4176 οὐχὶ
1276 4111 1366 4158 καὶ
1387 4111 1612 4180 κρυφίως
1646 4107 1886 4166 πολλάκις

287 4194 520 4265 ὡμίλησε
549 4202 653 4254 τοῖς
684 4197 940 4266 μαθηταῖς
956 4201 978 4245 ?
1008 4199 1111 4246 Ναί
1143 4213 1153 4223 ⁸
1191 4193 1296 4245 ἀλλ’
1329 4192 1478 4247 οὐδὲν
1517 4202 1748 4247 τοιοῦτον
1780 4197 1883 4247 οἷον

285 4286 310 4335 ὁ
345 4282 620 4358 ἀρχιερεύς
647 4289 790 4355 ᾤετο.

355 4377 418 4424 Τί
460 4404 524 4414 -
570 4372 686 4444 ἐγώ.
732 4373 841 4426 Οὐκ
887 4369 1336 4443 αύθαδιαζομένου
1388 4374 1451 4424 τὰ
1488 4373 1717 4447 ῥήματα,
1759 4372 1885 4425 ἀλλὰ

289 4461 597 4535 θαρροῦντος
635 4471 697 4534 τῇ
735 4461 965 4532 -ἆληθεία
1005 4470 1102 4512 τῶν
1149 4457 1509 4532 διδαγμάτων.
1551 4465 1613 4513 Τί
1653 4460 1737 4528 ἐμὲ
1777 4460 1885 4514 ἐπε-

283 4557 492 4624 ρωτᾲς;
527 4552 819 4625 Ἐρώτησον
845 4555 958 4610 τοὺς
1004 4548 1309 4616 ἀκηκοότας,
1344 4555 1414 4621 μὴ
1466 4554 1587 4611 τοὺς
1625 4552 1879 4622 μαθητὰς,
1917 4579 1960 4632 D

284 4639 412 4691 ἀλλὰ
443 4644 560 4700 τοὺς
591 4640 770 4698 ἄλλους
797 4643 916 4701 τοὺς
937 4636 1074 4710 μηδὲ
1105 4642 1501 4699 πιστεύσαντάς.

355 4735 533 4780 Tauro:
600 4725 658 4780 δε
713 4728 872 4779 αὐτοῦ
946 4728 1173 4788 εἰπόντος
1245 4758 1310 4766 —
1368 4727 1640 4801 ἀρχιερεί;
1702 4728 1882 4802 Φρίξον

285 4817 487 4891 ούρανε,
545 4819 762 4874 ἔκστηθι
809 4825 904 4888 γῆ,
1045 4836 1098 4868 τε
1153 4824 1250 4867 τῶν
1304 4813 1500 4868 δούλων
1542 4815 1878 4891 ἀγνωμοσύνῃ

279 4910 374 4956 καὶ
436 4913 497 4975 τῇ
558 4913 646 4956 τοῦ
713 4909 972 4957 Δεσπότου
1041 4906 1394 4977 μακροθυμία.
1455 4903 1521 4956 ’Ὠ
1578 4905 1879 4977 πάντολμει

282 4997 334 5045 τί
402 4991 624 5054 αὔθαδες
687 4993 1188 5068 ἀπεκρίνατο;ούχὶ
1264 4993 1450 5064 μᾶλλον
1523 4991 1734 5064 ἐτίμησε
1790 4999 1883 5052 τὴν

287 5082 707 5157 ἀρχιερωσύνην,
768 5088 836 5156 μὴ
900 5082 1104 5154 ἐλέγξας
1162 5086 1246 5134 τὸν
1309 5082 1557 5156 ἀρχιερέα
1612 5084 1884 5143 κακοήθως

1500 5263 1543 5294 ⁸³
1575 5259 1717 5315 ibid.
1741 5263 1826 5315 69.

355 5263 398 5296 δι
433 5262 627 5318 Matth.
655 5277 812 5327 xxvr,
845 5263 934 5316 58.
1051 5263 1097 5296 ⁶²
1120 5260 1264 5316 ibid.
1300 5265 1384 5316 58.

2009 724 2228 779 ciuium
2259 731 2517 787 revocat,
2557 723 2921 794 signiﬁcans,
2962 726 3129 796 quod
3162 727 3526 784 moriebatur
3557 746 3658 800 pro

2007 829 2076 868 eo
2107 814 2270 885 quod
2303 813 2527 886 populo
2555 815 2929 885 expediebat,
2959 816 3082 869 sive
3113 831 3222 886 pro
3250 816 3436 873 salute
3466 817 3658 874 homi-

2007 919 2171 967 num,
2205 903 2387 959 veluti
2420 903 2678 974 Caiphas
2703 904 3176 974 pr0phetaverat.

2076 994 2232 1046 Vers.
2272 993 2352 1046 t5.
2384 993 2750 1063 Sequebatur
2781 1025 2844 1033 —
2875 993 3215 1062 discipulus.
3238 995 3367 1067 Ipse
3394 1000 3484 1051 est
3506 996 3659 1052 alius

2002 1078 2097 1132 ille
2116 1079 2466 1151 discipulus.
2503 1082 2708 1145 Quaere
2731 1081 2960 1136 indicto
2999 1083 3188 1152 capite
3219 1084 3658 1140 enarrationem

2003 1167 2157 1222 illius
2217 1169 2522 1224 sententiae
2564 1186 2575 1223 :
2615 1171 2825 1225 Petrus
2875 1175 3068 1226 autem
3123 1173 3468 1243 sequebatur
3525 1190 3656 1230 eum

1997 1258 2206 1327 procul
2227 1273 2407 1327 usque
2433 1259 2509 1313 ad
2534 1259 2756 1314 atrium
2786 1260 3080 1328 principis
3113 1261 3478 1317 sacerdotum
3513 1264 3581 1315 σί.

2073 1346 2231 1400 Vers.
2289 1348 2370 1399 15.
2437 1347 2772 1416 Discipul-us
2796 1355 2996 1404 autem
3041 1381 3108 1388 —-
3147 1352 3304 1405 Vers.
3351 1351 3441 1406 26.
3477 1352 3652 1419 foris.

2002 1435 2144 1490 Vide
2172 1435 2527 1490 modestiam
2568 1453 2636 1491 ac
2685 1437 3013 1492 fraternum
3069 1454 3359 1494 amorem.
3411 1443 3488 1495 Ne
3521 1441 3656 1511 quis

2001 1523 2162 1578 enim
2191 1529 2290 1580 aut
2320 1525 2516 1595 ipsum
2547 1525 2767 1592 laudet,
2810 1526 2965 1596 quod
3005 1526 3181 1582 simul
3219 1527 3526 1598 introierit,
3553 1533 3657 1584 aut

2002 1613 2239 1668 Petrum
2262 1615 2567 1685 vituperet,
2602 1614 2766 1685 quod
2812 1614 2950 1669 foris
2995 1617 3295 1685 manserit,
3325 1617 3464 1673 dicit
3488 1618 3654 1688 quod

1999 1701 2112 1756 sibi
2144 1703 2388 1773 quidem
2430 1709 2720 1774 tanquam
2746 1703 3027 1760 familiari
3079 1705 3374 1773 pontificis
3406 1707 3655 1777 permis-

2000 1808 2102 1845 sus
2133 1792 2203 1845 sit
2233 1792 2503 1847 introitus
2532 1809 2543 1846 :
2581 1793 2783 1847 Petrus
2820 1809 2963 1847 vero
2997 1797 3283 1865 tanquam
3314 1795 3654 1864 incognitus

1999 1879 2269 1935 exclusus
2284 1886 2389 1946 est,
2407 1885 2461 1936 et
2480 1885 2678 1936 tamen
2693 1882 2891 1937 adhuc
2907 1882 2982 1937 ad
3002 1882 3220 1938 ostium
3236 1885 3648 1955 permanebat,

1997 1969 2157 2041 quod
2190 1970 2358 2024 Petro
2400 1970 2596 2040 potius
2628 1970 2802 2025 datur
2829 1970 3014 2025 laudi.

2067 2061 2232 2114 Vers.
2279 2059 2358 2113 16.
2394 2060 2589 2115 Exivit
2625 2090 2685 2098 —
2728 2061 2887 2114 Vers.
2918 2061 3006 2115 t7.
3061 2076 3205 2115 sum.
3255 2062 3462 2126 Quaere
3503 2079 3654 2133 pra:-

1997 2146 2153 2202 dicto
2181 2147 2370 2219 capite
2405 2164 2416 2201 :
2442 2148 2515 2201 Et
2533 2148 2816 2217 ingressus
2846 2149 3002 2203 intro
3037 2148 3266 2204 sedebat
3300 2165 3427 2205 cum
3453 2151 3654 2207 minis-

2001 2237 2106 2291 tris
2133 2243 2196 2291 ut
2227 2237 2444 2292 videret
2461 2238 2638 2304 ﬁnem
2659 2239 2704 2272 ⁶²
2736 2241 2825 2301 ;et
2854 2236 3002 2306 lege,
3029 2254 3162 2309 qute
3196 2238 3276 2292 ibi
3307 2238 3465 2294 dicta
3487 2244 3645 2306 sunt,

1998 2343 2130 2381 cum
2173 2327 2289 2381 sint
2344 2327 2606 2381 maxime
2656 2327 3017 2383 necessaria.
3071 2327 3359 2383 Praeterea
3406 2344 3650 2400 quoque

1997 2416 2368 2484 sexagesimo
2409 2419 2574 2469 sexto
2602 2414 2961 2484 capiteillius
2993 2415 3296 2470 sententiae
3326 2418 3650 2472 enarratio-

1995 2518 2131 2556 nem
2160 2519 2170 2555 :
2192 2503 2396 2557 Petrus
2416 2507 2610 2557 autem
2630 2503 2865 2557 sedebat
2879 2503 3032 2570 foris
3047 2504 3108 2556 in
3131 2503 3305 2567 atrio,
3332 2509 3386 2559 et
3404 2507 3648 2562 accessit

1996 2592 2076 2646 ad
2101 2606 2231 2646 eum
2264 2605 2384 2645 una
2408 2591 2631 2646 ancilla
2661 2593 2727 2656 ⁸³,
2757 2595 2813 2646 et
2843 2595 3073 2648 caetera.

2065 2767 2230 2822 Vers.
2283 2771 2365 2822 18.
2417 2767 2670 2823 Stabant
2719 2798 2786 2809 —
2837 2768 3190 2838 calefaciens
3229 2785 3305 2825 se.
3360 2771 3646 2842 Ostendit,

1994 2856 2158 2928 quod
2185 2856 2309 2928 ipse
2345 2857 2401 2910 in
2455 2857 2712 2912 interiori
2753 2857 2902 2912 atrio
2946 2873 3084 2912 cum
3123 2863 3483 2930 praeceptore
3525 2878 3649 2916 ver-

1995 2962 2160 3010 sans,
2184 2945 2386 3001 omnia
2409 2946 2653 3002 videbat
2678 2951 2732 3002 et
2758 2947 3035 3002 audiebat
3069 2964 3081 3012 ;
3113 2948 3318 3003 Petrus
3343 2964 3480 3004 vero
3507 2965 3646 3006 cum

1996 3039 2147 3090 esset
2176 3035 2235 3089 in
2267 3036 2558 3100 exteriori,
2589 3035 2733 3090 nihil
2763 3036 2975 3091 horum
3008 3036 3249 3092 sciebat.

2067 3124 2228 3180 Vers.
2281 3129 2360 3178 l9.
2395 3125 2680 3195 Pontifex
2720 3126 2914 3196 itaque
2937 3156 3004 3166 —
3049 3128 3198 3195 ejus.
3229 3127 3311 3181 De
3338 3127 3645 3200 discipulis

1995 3213 2262 3285 quidem,
2295 3213 2538 3268 ubinam
2573 3219 2786 3283 essent,
2818 3219 2872 3268 et
2903 3230 3087 3286 quam
3118 3215 3197 3270 ob
3227 3231 3474 3271 causam
3507 3233 3648 3272 con-

1996 3307 2304 3373 gregasset.
2333 3319 2474 3356 eos:
2526 3302 2599 3355 de
2639 3302 2909 3357 doctrina
2950 3319 3112 3367 vero,
3147 3304 3291 3373 quid
3331 3304 3569 3361 doceret
3594 3310 3651 3360 et

1994 3391 2356 3463 quare.Haec
2370 3396 2567 3445 autem
2600 3390 2998 3458 interrogavit,
3019 3391 3220 3446 volens
3235 3408 3371 3447 eum
3400 3408 3649 3462 arguere

1996 3484 2274 3550 tanquam
2291 3495 2460 3534 novae
2483 3479 2563 3534 rei
2586 3479 2954 3534 inventorem
2984 3495 3054 3534 ac
3073 3481 3443 3545 seditiosum,
3476 3483 3648 3553 quasi

1995 3568 2391 3623 conciliabula
2404 3568 2683 3640 quaedam
2703 3566 3034 3633 facientem,
3068 3585 3346 3640 novaque
3363 3571 3650 3640 dogmata

1996 3657 2363 3712 inferentem.
2398 3657 2575 3728 Atqui
2618 3656 2952 3726 frequenter
2998 3673 3135 3712 eum
3185 3657 3500 3714 docentem
3546 3675 3648 3715 au-

1995 3745 2200 3801 dierat.

2067 3835 2230 3890 Vers.
2265 3835 2351 3889 20.
2385 3865 2454 3873 —
2492 3834 2810 3902 Respondit
2835 3864 2899 3874 —
2926 3835 3161 3890 mundo.
3192 3835 3491 3891 Manifeste
3522 3851 3650 3892 om-

1997 3939 2131 3979 nem
2162 3924 2338 3978 docui
2371 3922 2681 3994 populum,
2717 3938 2838 3977 non
2861 3923 3055 3978 solum
3083 3922 3428 3994 discipulos.

2066 4012 2225 4068 Vers.
2257 4015 2348 4068 20.
2375 4013 2499 4081 Ego
2522 4043 2588 4051 —
2610 4011 2783 4066 nihil.
2812 4011 2980 4078 Nihil,
3004 4012 3181 4082 quale
3211 4017 3271 4067 tu
3297 4013 3645 4084 suspicaris,

1995 4103 2343 4158 seditiosum
2378 4101 2608 4171 etquod
2635 4101 2751 4154 Deo
2766 4115 2885 4154 non
2918 4101 2991 4154 sit
3015 4106 3271 4169 gratum.
3302 4102 3452 4166 Quid
3482 4117 3642 4171 ergo,

1995 4209 2071 4248 an
2105 4206 2224 4246 non
2263 4190 2602 4261 frequenter
2638 4187 2866 4243 occulte
2900 4188 3254 4260 loquebatur
3283 4189 3593 4262 discipulis
3619 4193 3646 4226 ⁸⁷

1994 4281 2222 4352 Utique,
2252 4279 2355 4334 sed
2388 4277 2531 4332 nihil
2565 4277 2674 4332 tale
2707 4277 2883 4349 quale
2912 4278 3172 4349 pontifex
3199 4279 3464 4350 putabat.

2063 4371 2220 4424 Vers.
2273 4368 2636 4435 21.0uid—
2692 4383 2814 4437 ego.
2863 4369 2986 4422 Non
3039 4367 3409 4422 contumacis
3461 4370 3646 4424 verba

1994 4464 2152 4526 sunt,
2184 4457 2286 4511 sed
2319 4457 2391 4511 de
2419 4456 2770 4524 dogmatum
2813 4457 3050 4510 veritate
3091 4456 3462 4510 contidentis.
3497 4457 3647 4522 Quid

1994 4563 2083 4603 me
2121 4551 2440 4615 interrogas
2471 4546 2497 4597 ?
2524 4545 2833 4613 Interroga
2876 4559 2964 4599 eos
2995 4545 3098 4614 qui
3135 4545 3454 4619 audierunt
3480 4564 3490 4602 :
3523 4561 3645 4600 non

1994 4634 2342 4706 discipulos,
2383 4633 2500 4688 sed
2526 4633 2672 4687 alios
2701 4633 2896 4695 etiam,
2939 4632 3041 4702 qui
3086 4648 3205 4686 non
3244 4631 3642 4688 crediderunt.

2066 4728 2224 4778 Vers.
2266 4727 2359 4778 22.
2403 4723 2550 4778 Cum
2578 4725 2772 4776 autem
2817 4721 2934 4775 haec
2964 4721 3208 4777 dixisset
3239 4751 3308 4762 -—
3337 4721 3594 4791 pontiﬁci
3618 4722 3646 4776 i‘

1997 4816 2235 4869 Horreto
2275 4811 2504 4876 caelum,
2549 4814 2818 4880 stupesce
2841 4814 2995 4864 terra
3024 4828 3035 4867 :
3072 4813 3199 4864 tum
3224 4809 3302 4864 ob
3336 4825 3643 4866 servorum

1996 4901 2327 4974 perﬁdiam,
2361 4905 2488 4954 tum
2514 4900 2592 4954 ob
2623 4899 2853 4954 Domini
2874 4897 3268 4954 clementiam.
3302 4897 3344 4953 Ο
3368 4897 3646 4954 audacis-

1996 4992 2167 5057 sime,
2217 4989 2507 5062 quidnam
2531 4988 2837 5060 respondit
2893 4988 3304 5043 contumacius
3342 4985 3370 5040 ?
3420 5003 3498 5042 an
3520 5003 3643 5043 non

1995 5079 2190 5152 potius
2216 5079 2503 5135 honorem
2529 5075 3146 5148 detulitpontiﬁcatui,
3174 5075 3276 5148 qui
3299 5076 3642 5148 pontificem

1482 5437 1707 5507 Varia
1764 5437 2087 5506 lectiones
2142 5445 2207 5502 et
2249 5443 2445 5502 notae.

350 5637 463 5706 (24)
504 5634 739 5691 Inclusa
769 5635 989 5692 absunt
1017 5635 1082 5689 A.

351 5707 464 5780 ('25)
509 5711 812 5781 Παρέμεινεν
845 5710 902 5762 Β.

349 5776 465 5852 (26)
508 5776 774 5852 Ανάγνωθι
852 5784 946 5838 τὴν
1029 5781 1225 5831 τούτων
1300 5776 1569 5849 ἐξήγησιν,
1651 5776 1880 5833 οωῑθιιὶε

1989 5633 2240 5696 omissis,
2266 5640 2326 5685 A.

2063 5705 2174 5777 ('27)
2195 5703 2426 5760 Inclusa
2454 5703 2676 5759 absunt
2708 5706 2782 5761 A.
