4130 6320
585 349 724 406 1459

1920 344 2273 405 EUTHYMII
2308 343 2634 402 ZIGABENI

3845 346 3960 405 “60

584 475 845 545 maligne
866 473 940 530 de
960 473 1055 531 his
1081 488 1212 546 quae
1234 476 1480 530 noverat
1500 472 1959 543 interrogantem
1990 488 2114 529 non
2135 487 2233 529 ar-

2354 471 2609 545 ἰρωτῶντα
2663 474 2781 545 περὶ
2837 471 2905 524 ὧν
2950 468 3108 543 ollis;
3149 474 3435 545 Δυνάμενος
3481 469 3578 527 οὖν
3645 480 3837 526 σεῖσαι
3883 480 3959 527 καὶ

586 565 826 637 guerit?
857 565 1002 621 Cum
1024 578 1163 634 ergo
1202 568 1407 636 posset
1432 579 1642 619 omnes
1684 569 1994 619 concutere
2046 566 2103 618 et
2132 564 2236 618 ob-

584 670 778 724 ruere,
837 658 942 710 aut
988 653 1105 709 alio
1132 653 1350 708 acerbo
1381 653 1566 711 modo
1620 652 1888 723 perdere,
1950 652 2239 725 patienter

585 745 715 811 fert,
770 743 1074 816 verbaque
1105 742 1497 815 proloquitur,
1548 758 1679 814 quae
1718 757 1960 797 omnem
2006 742 2241 814 possint

587 832 914 889 dissolvere
940 833 1246 897 feritatem,
1268 846 1622 904 quanquam
1648 846 1769 887 non
1794 847 1930 888 eam
1950 847 2086 903 quae
2117 830 2240 887 illo-

586 940 721 980 rum
759 926 909 979 erat.

659 1015 820 1069 Vers.
862 1015 953 1070 23.
992 1011 1311 1081 Respondit
1350 1042 1414 1051 —
1457 1009 1679 1068 cadis?
1735 1011 1937 1066 Profer
1976 1010 2238 1066 testimo-

587 1104 777 1168 nium,
819 1102 932 1158 hoc
957 1107 1064 1167 est,
1106 1102 1375 1167 ostende,
1426 1100 1575 1173 quid
1618 1101 1690 1157 sit
1718 1100 1874 1157 male
1914 1100 2237 1172 prolatum,

589 1208 775 1262 argue
814 1208 952 1247 eum
983 1194 1085 1263 qui
1118 1192 1192 1246 sit
1220 1190 1376 1246 male
1400 1190 1662 1247 locutus.

665 1284 1153 1349 Quaeruntautem
1174 1280 1445 1351 quidam,
1460 1278 1771 1352 quomodo
1788 1294 1906 1335 non
1922 1278 2243 1335 obverterit

591 1371 849 1428 Christus
875 1374 929 1425 et
954 1370 1200 1425 alteram
1241 1369 1551 1426 maxillam
1589 1369 1945 1442 impingenti
1977 1369 2237 1442 alapam,

591 1460 742 1515 sicut
771 1459 1057 1530 apostolis
1099 1458 1441 1515 faciendum
1489 1464 1873 1531 praeceperat,
1913 1458 2016 1514 sed
2045 1459 2242 1530 potius

590 1550 935 1621 indignatus
962 1549 1242 1604 est?Nos
1310 1552 1509 1604 autem
1558 1547 1833 1617 dicimus,
1889 1548 2055 1620 quod
2094 1547 2243 1604 illud

589 1642 955 1711 praeceptum
987 1638 1061 1693 de
1108 1653 1231 1693 non
1261 1637 1601 1694 ulciscendo
1631 1636 1741 1692 fuit.
1772 1639 2079 1692 inductum
2104 1652 2240 1709 pro-

590 1733 721 1801 pter
759 1728 1095 1787 seditiones.
1124 1744 1259 1799 quaa
1282 1728 1414 1783 inde
1439 1728 1784 1788 oriebantur
1815 1744 2010 1784 :nunc
2041 1732 2242 1783 tamen

2349 569 2666 632 καταχῶσαι
2687 562 2899 622 πάντας,
2940 565 2970 620 ἧ
3003 566 3093 613 καὶ
3124 565 3312 634 τρόπον
3342 563 3504 636 ἕτερον
3534 570 3763 635 πικρῶς
3790 560 3961 616 ἆπολέ·

2350 669 2458 713 σαι,
2502 652 2830 725 μακροθυμεῖ
2863 655 2953 703 καὶ
3004 652 3281 723 φθέγγεται
3330 653 3561 727 ῥήματα,
3626 658 3820 705 πᾶσαν
3862 657 3961 721 (28)

2347 736 2589 791 ἐκλύοντα
2631 734 2941 811 θηριωδίαν,
2971 738 3014 791 εἰ
3041 744 3129 792 καὶ
3159 744 3229 812 μὴ
3255 743 3347 799 τὴν
3388 738 3627 794 ἐκείνων.

2422 1007 2702 1081 Ἀπεκρίθη
2756 1038 2822 1047 -
2873 1005 3112 1082 δαίρεις;
3161 1038 3228 1050 -
3275 1010 3636 1084 Μαρτύρησον
3709 1015 3837 1083 περὶ
3886 1019 3958 1062 τοῦ

2349 1105 2532 1163 κακοῦ,
2564 1100 2851 1162 τουτέστιν,
2887 1093 3186 1161 Ἀπόδειξον
3226 1100 3284 1150 τό
3315 1105 3481 1158 κακῶς
3508 1096 3778 1169 λαληθεν,
3817 1097 3960 1171 [ἐλεγ-

2352 1187 2434 1249 ξον
2467 1187 2576 1255 (29)
2609 1195 2781 1248 κακῶς
2808 1186 2933 1245 λαλή
2946 1187 3127 1257 σαντα]
3147 1232 3159 1243 .

2422 1283 2652 1333 Ζητοῦσι
2699 1280 2787 1349 μὲν
2840 1273 2926 1328 οὖν
2977 1295 3109 1338 τινες
3152 1284 3258 1336 πῶς
3310 1277 3403 1329 οὐκ
3441 1277 3677 1353 ἔστρεφε
3736 1284 3834 1330 καὶ.

2351 1365 2506 1424 ἄλλην
2549 1371 2770 1437 σιαγόνα
2812 1368 2837 1418 6
2877 1369 3107 1440 Χριστός
3146 1374 3217 1436 τῷ
3260 1368 3558 1441 ῥαπίσαντι,
3622 1370 3818 1431 καθὼς
3871 1377 3963 1428 τοῖς

2353 1454 2658 1517 ἀποστόλοις
2730 1454 3005 1508 ἐνετείλατο
3063 1463 3245 1523 ποιεῖν,
3308 1455 3435 1509 ἀλλὰ
3488 1456 3699 1529 μᾶλλον
3779 1459 3964 1530 ἠγανά-

2351 1564 2546 1611 κτησε;
2584 1549 2808 1617 Λέγομεν
2873 1541 2932 1597 δὲ
2987 1546 3137 1618 ἡμεῖς
3194 1547 3274 1598 ὅτι
3326 1551 3415 1598 καὶ
3465 1548 3496 1604 ἠ
3556 1546 3758 1607 ἐντολὴ
3814 1546 3961 1602 ἐκείνη

2350 1637 2407 1686 τὸ
2459 1639 2528 1706 μὴ
2566 1632 2852 1707 ἀμύνεσθαι
2893 1634 3217 1705 εἰσηγήσατο
3259 1631 3353 1687 διὰ
3401 1638 3488 1696 τὰς
3540 1634 3793 1689 ἐντεῦθεν
3856 1638 3967 1688 στά-

2358 1740 2500 1785 σεις*
2534 1728 2624 1776 καὶ
2662 1730 2748 1774 νῦν
2794 1720 2852 1776 δὲ
2896 1724 2921 1775 6
2968 1726 3197 1796 Χριστὸς
3240 1723 3332 1776 οὐκ
3382 1725 3622 1797 ἠμύνατο
3678 1729 3773 1779 τόν
3818 1727 3965 1800 ῥαπί-

592 1834 785 1891 neque
814 1818 1075 1873 Christus
1104 1833 1240 1873 eum
1268 1816 1424 1873 ultus
1455 1822 1559 1883 est,
1588 1819 1691 1891 qui
1714 1818 1953 1890 alapam
1986 1818 2244 1889 impege-

2358 1832 2520 1865 σαντα
2551 1831 2561 1842 ·
2631 1812 2819 1885 μᾶλλον
2898 1815 2985 1883 μὲν
3056 1808 3163 1878 οὖν,
3219 1818 3289 1874 μὴ
3346 1817 3743 1887 παρωσάμενος
3799 1815 3962 1875 αὐτόν,

590 1913 704 1971 rat,
741 1907 883 1973 quin
915 1907 1126 1978 potius,
1155 1923 1294 1962 cum
1341 1907 1509 1962 illum
1547 1923 1668 1963 non
1713 1907 2017 1980 repulerit,
2050 1923 2245 1979 neque

592 1996 722 2067 ipse
760 1995 1045 2057 resilierit,
1079 1994 1156 2052 ad
1179 1995 1327 2051 alias
1345 2013 1581 2068 quoque
1601 1996 1813 2067 plagas
1834 2002 2077 2067 paratus
2105 2000 2243 2066 erat,

595 2084 701 2139 sed
733 2089 928 2155 partes
957 2100 1096 2139 suas
1120 2084 1404 2149 defendit,
1430 2101 1500 2139 ne
1523 2085 1832 2156 quomodo
1860 2085 1906 2139 si
1946 2085 2244 2151 tacuisset,

592 2178 915 2228 contumax
962 2171 1278 2237 videretur,
1307 2173 1382 2228 de
1438 2189 1561 2244 quo
1603 2174 1784 2228 etiam
1825 2172 2243 2229 accusabatur.

664 2264 827 2317 Vers.
888 2262 976 2316 24.
1049 2261 1211 2316 Misit
1258 2294 1327 2302 —
1383 2263 1540 2317 Vers.
1598 2261 1685 2317 27.
1736 2262 1959 2318 Petrus.
1997 2264 2248 2333 Sexage-

594 2351 746 2406 simo
785 2350 995 2422 quinto
1023 2350 1325 2419 Evangelii
1364 2351 1535 2421 juxta
1574 2350 1915 2407 Matthaaum
1947 2350 2140 2423 capite
2170 2350 2246 2405 de

591 2440 685 2496 his
754 2438 1061 2509 diligenter
1111 2439 1475 2510 disputatum
1522 2444 1627 2504 est,
1684 2439 1785 2495 ubi
1819 2439 2109 2495 habetur:
2166 2441 2244 2495 Et

591 2532 882 2600 ingressus
904 2531 1065 2585 intro
1093 2529 1319 2585 sedebat
1346 2545 1477 2585 cum
1498 2529 1811 2596 ministris,
1838 2535 1901 2585 ut
1931 2529 2157 2587 videret
2172 2531 2245 2600 ﬁ-

591 2635 724 2676 nem
751 2620 821 2673 δι.

664 2709 829 2765 Vers.
871 2708 958 2764 27.
990 2708 1318 2781 Statimque
1350 2708 1549 2779 gallus
1575 2709 1798 2766 cecinit.
1837 2710 2041 2775 Quaere
2072 2724 2242 2765 sexa-

592 2798 821 2869 gesimo
848 2803 1013 2853 sexto
1037 2798 1174 2853 dicti
1206 2799 1585 2868 evangelista
1616 2798 1810 2869 capite
1838 2798 1940 2854 ubi
1975 2797 2243 2854 similiter

591 2887 807 2942 dicitur
847 2910 858 2942 :
916 2887 1235 2959 Statimque
1270 2887 1457 2958 gallus
1498 2890 1709 2945 cecinit
1757 2890 1804 2924 ⁸⁵
1835 2904 1847 2955 ;
1876 2904 2016 2944 nam
2059 2887 2141 2943 ibi
2167 2887 2242 2942 de

590 2976 705 3031 hoc
733 2974 1040 3031 manifeste
1063 2976 1282 3031 dictum
1313 2981 1419 3031 est.

664 3067 820 3119 Vers.
854 3069 940 3119 28.
967 3066 1200 3119 Ducunt
1222 3096 1289 3104 —
1308 3064 1553 3121 Pascha.
1580 3068 1801 3121 Horum
1825 3081 2057 3136 quoque
2085 3064 2242 3121 facta

2355 1898 2486 1975 μηδ’
2518 1899 2891 1971 ἀποπηδήσας,
2932 1902 3130 1974 ἕτοιμος
3187 1899 3248 1960 ἧν
3285 1907 3374 1955 καὶ
3426 1907 3558 1977 πρὸς
3592 1903 3792 1976 ἑτέρας
3840 1902 3962 1960 πλη·

2352 1992 2470 2061 γάς.
2499 1987 2999 2061 Ἐδικαιολογήσατο
3025 1988 3082 2044 δὲ
3114 1992 3198 2043 ἶνα
3220 1995 3291 2064 μή
3327 2011 3603 2053 σιωπησας
3638 1989 3786 2066 δόξῃ
3822 1993 3962 2045 αὐθά-

2355 2074 2468 2144 δης,
2504 2078 2529 2130 ὃ
2559 2083 2647 2131 καὶ
2678 2078 2918 2153 ᾐτιάθη]
3456 2080 3489 2110 ⁸

2426 2256 2749 2310 Ἀπέστειλεν
2799 2287 2864 2298 -
2915 2261 3125 2330 Πέτρος.
3177 2257 3259 2311 Ἐν
3304 2265 3376 2329 τῷ
3420 2258 3698 2331 ἐξηκοστῳ
3754 2264 3957 2331 πέμπτῳ

2352 2345 2608 2418 κεφαλαίῳ
2651 2352 2743 2399 τοῦ
2790 2350 2925 2398 κατὰ
2969 2348 3237 2400 Ματθαῖον
3284 2347 3679 2422 ἠκριϐολογήθη
3719 2350 3841 2422 (30)
3884 2354 3958 2400 καὶ

2351 2440 2468 2509 περί
2490 2438 2704 2506 τούτων,
2737 2437 2856 2489 ἔνθα
2881 2444 3048 2489 κεῖται
3066 2441 3122 2488 τό
3148 2453 3160 2466 ’
3189 2441 3289 2490 Καὶ
3310 2436 3550 2490 εἰσελθὼν
3578 2440 3694 2491 ἔσω
3718 2436 3954 2512 [ἐκάθητο

2350 2527 2479 2597 μετὰ
2503 2533 2601 2577 τῶν
2630 2526 2894 2600 ὑπηρετῶν
2928 2522 3055 2578 ἰδεῖν
3082 2528 3139 2577 τὸ
3169 2524 3361 2600 τελος.]

2422 2709 2523 2758 Καὶ
2562 2705 2741 2766 εὐθέως
2772 2703 2992 2779 ἀλέκτωρ
3025 2703 3270 2777 ἐφώνησε.
3305 2704 3565 2778 [Ζήτησον
3598 2704 3654 2759 ἓν
3686 2714 3763 2777 τῷ
3791 2704 3948 2768 ἒξηιοο

2352 2802 2457 2859 στῶ
2481 2796 2608 2867 ἕκτῳ
2647 2794 2903 2868 κεφαλαίῳ
2923 2802 3013 2847 τοῦ
3042 2796 3282 2869 ῥηθέντος
3310 2795 3694 2867 εὐαγγελιστοῦ
3731 2799 3791 2848 τό
3816 2815 3829 2827 ·
3866 2798 3950 2846 Καὶ

2352 2884 2532 2944 εὐθέως
2559 2882 2783 2958 ἀλέκτωρ
2816 2883 3090 2956 ἐφώνησεν.
3124 2885 3267 2939 Ἐκεῖ
3304 2887 3404 2959 γὰρ
3449 2883 3648 2959 έρῥήθη
3684 2889 3809 2958 περὶ
3843 2884 3942 2936 τοὺ-

2349 2993 2440 3026 του
2476 2973 2695 3047 σαφῶς.]

2422 3062 2676 3135 Ἀγουσιν
2701 3093 2765 3106 -
2784 3064 3001 3134 Πάσχα.
3027 3062 3510 3135 Ἐμνημονεύθησαν
3531 3063 3654 3135 (ει)
3682 3068 3941 3116 καὶταῦτα

592 3157 683 3209 est
714 3153 936 3208 mentio
966 3153 1024 3208 in
1055 3152 1172 3207 ﬁne
1216 3153 1604 3225 praecedentis
1652 3154 1733 3209 ibi
1765 3154 1993 3225 capitis.
2028 3153 2128 3208 ubi
2158 3153 2242 3209 di-

2354 3150 2402 3205 ἓν
2430 3160 2501 3223 τῷ
2528 3151 2654 3204 τέλει
2690 3160 2779 3204 τοῦ
2807 3148 3126 3213 δηλωθεντος
3150 3150 3448 3224 κεφαλαίου,
3476 3154 3603 3204 ὅπου
3634 3158 3717 3205 τό·
3756 3152 3943 3224 Πρωίας

593 3244 742 3299 citur
770 3262 783 3298 :
810 3243 987 3299 Mane
1025 3249 1219 3300 autem
1244 3244 1401 3314 facto
1418 3243 1729 3299 consilium
1754 3244 2018 3299 inierunt
2046 3259 2243 3299 omnes

590 3333 893 3402 principes
923 3332 1290 3388 sacerdotum
1334 3347 1404 3387 ac
1459 3332 1707 3389 seniores
1732 3332 1942 3403 populi
1972 3333 2242 3389 adversus

593 3422 812 3489 Jesum,
844 3427 911 3476 ut
945 3437 1074 3477 eum
1110 3422 1288 3477 morti
1311 3422 1614 3478 traderent
1642 3423 1710 3474 σε.

665 3510 829 3565 Vers.
852 3514 940 3565 29.
955 3510 1157 3566 Exivit
1170 3540 1236 3550 —
1255 3512 1411 3566 Vers.
1437 3512 1498 3566 31
1514 3552 1525 3565 .
1540 3526 1690 3566 eum.
1721 3513 1852 3567 Haec
1867 3526 2107 3583 quoque
2122 3527 2244 3567 om-

593 3597 690 3654 nia
729 3598 811 3654 ibi
840 3598 1144 3653 declarata
1166 3604 1303 3654 sunt
1328 3599 1597 3671 sequenti
1615 3600 1827 3671 capite,
1860 3599 1954 3654 ubi
1980 3601 2243 3672 positum

595 3693 683 3742 est
703 3705 714 3741 :
731 3688 929 3743 Jesum
948 3694 1143 3743 autem
1158 3689 1315 3744 stetit
1328 3704 1521 3744 coram
1535 3689 1787 3757 praeside
1798 3690 1846 3725 97
1860 3707 1876 3760 ;
1892 3688 2021 3757 lege
2034 3704 2176 3757 ergo
2189 3695 2245 3745 et

595 3774 715 3830 illa.
740 3774 857 3831 Sed
880 3776 1363 3848 quomodo,cum
1386 3776 1737 3832 dicanteum
1752 3793 1879 3833 esse
1904 3777 2243 3833 malefacto-

592 3879 738 3928 rem,
768 3864 963 3919 tacet?
987 3866 1136 3930 Quia
1151 3864 1221 3921 de
1242 3864 1354 3920 hoc
1376 3864 1988 3936 noninterrogabatur
2009 3883 2022 3933 ;
2043 3866 2244 3939 itaque

593 3951 877 4024 patienter
908 3953 1175 4009 sustinet.

664 4040 827 4097 Vers.
853 4045 913 4098 3t
933 4087 945 4099 .
973 4043 1274 4100 Dixerunt
1288 4074 1356 4084 —
1368 4058 1741 4116 quemquam.
1758 4046 1940 4101 Cruce
1955 4043 2244 4100 videlicet.

595 4129 719 4183 Hoc
761 4136 961 4185 autem
1013 4131 1310 4196 dixerunt,
1352 4147 1474 4187 non
1508 4137 1737 4189 tantum
1778 4133 1950 4205 quasi
1995 4133 2248 4205 subjecti

593 4216 864 4272 dominio
887 4221 1306 4283 Romanorum,
1327 4224 1383 4274 et
1411 4221 1654 4291 propria
1675 4221 1889 4292 privati
1911 4227 2202 4292 potestate
2231 4238 2245 4278 :

593 4309 883 4378 quantum
935 4306 1201 4361 volentes
1233 4306 1524 4362 Christum
1578 4324 1751 4365 cruce
1790 4310 2004 4377 occidi,
2048 4311 2249 4366 miser-

592 4394 742 4452 rima
772 4393 993 4450 scilicet
1018 4411 1085 4450 ac
1110 4393 1683 4465 ignominiosissima
1718 4403 1927 4468 morte,
1958 4399 2124 4472 quod
2154 4400 2250 4456 lex

594 4482 678 4538 eis
703 4498 826 4539 non
855 4483 1247 4555 permittebat.
1280 4488 1428 4541 Nam
1457 4485 1622 4558 quod
1655 4486 1773 4543 alio
1793 4488 1976 4545 modo
2002 4489 2252 4561 perime-

592 4576 742 4639 rent,
772 4573 1030 4629 ostendit
1056 4574 1392 4646 Stephanus
1421 4574 1748 4647 lapidatus.

665 4750 825 4805 Vers.
860 4754 946 4807 32.
984 4753 1054 4807 Ut
1084 4760 1305 4808 —esset
1328 4755 1673 4811 moriturus.
1716 4757 1837 4812 Hoc
1858 4756 2154 4825 dixerunt,
2190 4762 2254 4814 ut

594 4840 826 4895 sermoJ
833 4855 937 4895 esu
950 4840 1364 4913 compleretur.
1395 4843 1800 4915 Complendus
1826 4845 1984 4902 enim
1999 4851 2145 4910 erat,
2162 4848 2254 4902 in-

594 4928 741 5000 quit,
759 4944 953 4984 sermo
966 4929 1302 5002 ejus,quem
1316 4930 1551 4987 locutus
1565 4932 1757 4990 fuerat
1770 4935 1973 4990 dicens
1990 4934 2082 4990 :Si
2092 4937 2261 4992 exal—

594 5021 751 5074 tatus
762 5018 931 5086 fuero
944 5032 980 5074 a
993 5021 1374 5085 terra,omnes
1386 5022 1618 5078 traham
1632 5023 1715 5080 ad
1724 5023 2007 5093 meipsum
2025 5025 2261 5089 “;sicut

665 5162 711 5196 “
742 5159 942 5219 Matth.
968 5175 1130 5232 XXVI,
1171 5162 1258 5219 58.
1372 5165 1419 5199 ⁸⁵
1458 5163 1605 5220 ibid.
1632 5170 1719 5221 74.

1833 5168 1880 5202 ⁸⁸
1914 5166 2116 5222 Matth.
2149 5183 2325 5234 xxvn,
2362 5170 2412 5223 t.

2357 3238 2415 3294 δὲ
2438 3246 2726 3313 γενομένης,
2758 3240 3069 3313 συμϐούλιον
3091 3239 3267 3293 ἔλαϐον
3293 3244 3470 3302 πάντες
3492 3243 3540 3292 οἱ
3570 3239 3843 3316 ἀρχιερεῖς
3865 3242 3938 3290 καί

2352 3333 2401 3383 οἱ
2430 3329 2770 3405 πρεσϐύτεροι
2810 3338 2899 3382 τοῦ
2928 3329 3054 3382 λαοῦ
3086 3332 3222 3382 κατὰ
3264 3337 3357 3382 τοῦ
3387 3330 3584 3395 Ἰησοῦ,
3635 3332 3774 3383 ὥστε
3809 3331 3939 3382 θανα-

2352 3420 2520 3472 τῶσαι
2546 3420 2720 3474 αὐτόν.

2422 3508 2660 3571 Ἐξῆλθεν
2715 3540 2779 3548 -
2819 3508 2992 3562 αὐτόν.

2350 3600 2608 3656 νεύθησαν
2639 3596 2760 3662 ἐκεῖ,
2796 3596 2843 3649 ἐν
2877 3605 2946 3667 τῷ
2984 3595 3156 3669 ἐφεξῆς
3200 3597 3475 3670 κεφαλαίῳ,
3520 3599 3645 3649 ἔνθα
3681 3602 3757 3650 τό.
3791 3595 3847 3647 Ὁ
3889 3588 3937 3643 δὲ

2355 3687 2561 3748 Ἰησοῦς
2590 3689 2714 3744 ἔστη
2748 3687 3034 3760 ἔμπροσθεν
3065 3692 3157 3738 τοῦ
3188 3687 3449 3758 ἡγεμόνος.
3489 3685 3808 3757 [Ἃνάγνωθι
3838 3681 3935 3754 (32)

2353 3773 2440 3827 οὖν
2479 3773 2711 3831 κάκεῖνα,
2752 3774 2909 3827 Ἀλλὰ
2939 3782 3064 3841 πῶς,
3099 3774 3339 3827 εἰπόντων
3370 3776 3451 3826 ὃτι
3489 3780 3778 3837 κακοποιὸς
3821 3772 3932 3831 ἐστι,

2356 3871 2524 3937 σιγᾷς
2569 3868 2708 3917 Διότι
2760 3864 2853 3917 οὐκ
2901 3864 3146 3937 ἠρωτήθη
3218 3868 3335 3936 περὶ
3387 3866 3591 3917 τούτου.
3638 3863 3936 3926 ’Δνιξικακιῑ

2356 3949 2487 4025 οὖν,]

2428 4039 2583 4097 Εἶπον
2640 4075 2707 4083 -
2754 4038 2959 4096 οὐδένα.
3028 4049 3239 4117 Σταυρῷ
3303 4042 3413 4115 (33)
3479 4039 3745 4101 δηλονότι.
3793 4044 3932 4093 Τοῦτο

2357 4134 2457 4206 γὰρ
2513 4128 2652 4185 εἷπον
2722 4131 2780 4184 οὗ
2851 4138 3096 4184 τοσοῦτον
3161 4134 3231 4194 ὡς
3291 4136 3513 4204 κείμενοι
3564 4133 3668 4184 ὑπὸ
3724 4135 3813 4188 τὴν
3864 4121 3931 4177 δε-

3083 3513 3181 3561 Καὶ
3243 3515 3408 3560 ταῦτα
3479 3510 3654 3560 πάντα
3730 3503 3937 3578 διηρμη·

2361 4226 2605 4274 σποτείαν
2657 4230 2756 4272 τῶν
2807 4221 3068 4292 Ῥωμαίων
3115 4225 3204 4273 καὶ
3253 4219 3573 4294 ἀφῃρημένοι
3621 4226 3718 4280 τήν
3764 4217 3926 4269 οἰκείαν

2358 4308 2616 4377 ἐξουσίαν,
2659 4312 2780 4362 ὅσον
2827 4312 2892 4371 ὡς
2941 4307 3245 4380 βουλόμενοι
3276 4311 3392 4382 (34)
3436 4317 3645 4385 σταυρῷ
3688 4312 3771 4360 τὸν
3814 4310 3923 4373 X9!-

2360 4402 2480 4452 στὸν
2539 4398 2889 4472 ἀναιρεθῆναι,
2933 4406 3007 4470 τῷ
3052 4398 3408 4470 χαλεπωτάτῳ
3475 4404 3565 4452 καὶ
3615 4391 3918 4457 ἐπονειδίστῳ

2362 4490 2581 4560 θανάτῳ,
2646 4491 2767 4563 ὅπερ
2827 4489 2853 4541 ό
2907 4492 3061 4560 νόμος
3109 4487 3204 4540 οὐκ
3264 4487 3529 4563 ἐπέτρεπεν
3586 4487 3781 4549 αὐτοῖς.
3829 4479 3921 4529 Ὀτι

2358 4580 2458 4652 γὰρ
2521 4577 2701 4652 ἑτέρως
2760 4576 2978 4651 ἀνῄρουν
3037 4573 3300 4630 δείκνυσιν
3374 4578 3401 4629 6
3454 4581 3707 4650 στέφανος
3752 4569 3916 4629 λιθαζά·

2360 4686 2528 4741 μενος.

2430 4754 2541 4809 Ἵνα
2595 4787 2656 4795 -
2737 4754 2932 4828 ἔμελλεν
3009 4753 3377 4813 ἀποθνήσκειν.
3434 4761 3600 4808 Τοῦτο
3677 4754 3802 4810 εἶπον
3849 4744 3911 4795 ἵνα

2362 4846 2388 4898 6
2439 4843 2593 4916 λόγος
2638 4852 2729 4897 τοῦ
2783 4844 2958 4902 Ἰησοῦ
3011 4843 3284 4918 πληρωθῇ.
3342 4843 3559 4917 Ἔμελλε
3609 4847 3735 4918 γὰρ,
3776 4838 3917 4913 φησὶν,

2369 4937 2395 4988 ὁ
2459 4935 2610 5006 λόγος
2688 4934 2848 4986 αὐτοῦ
2904 4931 3259 5005 πληρωθῆναι,
3328 4931 3380 4984 ὃν
3447 4930 3575 5000 εἶπε,
3628 4932 3815 5004 λέγων’
3860 4922 3915 4973 ὅτι

2367 5026 2484 5079 Ἐὰν
2563 5023 2756 5096 ὑψωθῶ
2831 5020 2885 5074 ἐκ
2938 5031 3027 5083 τῆς
3103 5029 3224 5093 γῆς,
3292 5023 3485 5082 πάντας

2527 5170 2573 5203 ⁸⁷
2606 5167 2746 5223 ibid.
2781 5168 2869 5224 ii.

3581 5020 3698 5075 ἕλκύ
3705 5040 3772 5074 σω
3824 5012 3922 5087 πρὸς

2987 5167 3036 5202 ⁸⁸
3074 5166 3247 5222 Joan.
3281 5181 3378 5237 xu,
3409 5163 3504 5221 32.

1790 5344 2014 5413 Variae
2058 5344 2391 5415 lectiones
2439 5357 2501 5414 et
2557 5354 2760 5414 notae.

664 5543 776 5615 (28)
810 5540 990 5615 ξιᾶσαν
1037 5536 1301 5615 κωλύοντα
1424 5538 1431 5560 ³

664 5608 777 5687 ('29)
806 5608 1051 5687 inclusa
1071 5608 1297 5687 absunt
1325 5612 1391 5687 ᾼ.

660 5678 776 5755 (30)
804 5684 864 5733 Ἢ
875 5678 1247 5755 κριϐολὸγηται
1277 5681 1360 5755 A_.'

660 5749 772 5828 (31)
806 5749 1275 5824 Εμνημονεύθησαν
1301 5749 1349 5802 ἐν
1381 5760 1447 5823 τῷ
1473 5752 1601 5805 τέλει
1640 5761 1731 5806 τοῦ
1772 5751 2025 5813 δηλωθέν-

2357 5564 2444 5605 τος
2465 5543 2763 5616 κεφαλαίου,
2798 5542 3033 5616 caeteris
3056 5540 3324 5610 omissis,
3367 5541 3443 5597 Α.

2427 5614 2538 5755 (32)
2585 5616 2814 5671 Inclusa
2847 5614 3064 5671 omittit
3093 5616 3175 5673 A.

2453 5686 2543 5752 33)
2580 5694 2887 5755 Στανρῶσαι
2908 5687 2978 5740 Α.

2453 5686 2543 5759 33)
2580 5694 2887 5759 Στανρῶσαι
2966 5727 2978 5739 .

2430 5757 2541 5829 (34)
2583 5757 2891 5833 Σταυρῶσαι
2915 5757 2980 5812 Α.
