  <div class='ocr_page' id='page_1' title='image "/cluster/home/n/w/nwhite01/storage/ocr_20150623/129/mdp.39015061528470/774.png"; bbox 0 0 4130 6320; ppageno 0'>
   <div class='ocr_carea' id='block_1_1' title="bbox 241 395 372 451">
    <p class='ocr_par' dir='ltr' id='par_1_1' title="bbox 241 395 372 451">
     <span class='ocr_line' id='line_1_1' title="bbox 241 395 372 451; baseline 0 -1"><span class='ocrx_word' id='word_1_1' title='bbox 241 395 372 451; x_wconf 73' lang='grc'>1461</span> 
     </span>
    </p>
   </div>
   <div class='ocr_carea' id='block_1_2' title="bbox 1257 378 2599 442">
    <p class='ocr_par' dir='ltr' id='par_1_2' title="bbox 1257 378 2599 442">
     <span class='ocr_line' id='line_1_2' title="bbox 1257 378 2599 442; baseline -0.007 0"><span class='ocrx_word' id='word_1_2' title='bbox 1257 382 1621 442; x_wconf 85' lang='lat' dir='ltr'>COMMENT.</span> <span class='ocrx_word' id='word_1_3' title='bbox 1664 383 1734 437; x_wconf 89' lang='grc' dir='ltr'><strong>ΙΝ</strong></span> <span class='ocrx_word' id='word_1_4' title='bbox 1771 379 2115 437; x_wconf 79' lang='lat' dir='ltr'>JOANNEM.</span> <span class='ocrx_word' id='word_1_5' title='bbox 2153 411 2220 419; x_wconf 95' lang='lat'>——</span> <span class='ocrx_word' id='word_1_6' title='bbox 2252 378 2405 435; x_wconf 87' lang='lat' dir='ltr'>CAP.</span> <span class='ocrx_word' id='word_1_7' title='bbox 2449 379 2599 434; x_wconf 85' lang='lat' dir='ltr'>XIX.</span> 
     </span>
    </p>
   </div>
   <div class='ocr_carea' id='block_1_3' title="bbox 3465 380 3605 435">
    <p class='ocr_par' dir='ltr' id='par_1_3' title="bbox 3465 380 3605 435">
     <span class='ocr_line' id='line_1_3' title="bbox 3465 380 3605 435; baseline -0.007 0"><span class='ocrx_word' id='word_1_8' title='bbox 3465 380 3605 435; x_wconf 72' lang='grc'>1462</span> 
     </span>
    </p>
   </div>
   <div class='ocr_carea' id='block_1_4' title="bbox 240 507 1838 595">
    <p class='ocr_par' dir='ltr' id='par_1_4' title="bbox 240 512 1838 595">
     <span class='ocr_line' id='line_1_4' title="bbox 240 512 1838 595; baseline -0.01 -20"><span class='ocrx_word' id='word_1_9' title='bbox 240 520 488 595; x_wconf 72' lang='grc' dir='ltr'>ἐμαυτὸν,</span> <span class='ocrx_word' id='word_1_10' title='bbox 526 522 596 582; x_wconf 87' lang='grc' dir='ltr'>ὡς</span> <span class='ocrx_word' id='word_1_11' title='bbox 625 525 712 573; x_wconf 84' lang='grc' dir='ltr'>καὶ</span> <span class='ocrx_word' id='word_1_12' title='bbox 760 517 863 570; x_wconf 79' lang='grc' dir='ltr'>ἐκεῖ</span> <span class='ocrx_word' id='word_1_13' title='bbox 901 517 926 569; x_wconf 91' lang='grc' dir='ltr'>ό</span> <span class='ocrx_word' id='word_1_14' title='bbox 970 512 1334 585; x_wconf 79' lang='grc' dir='ltr'>εύαγγελιστὴς</span> <span class='ocrx_word' id='word_1_15' title='bbox 1371 514 1838 584; x_wconf 79' lang='grc' dir='ltr'>παρεσημειωσατο</span> 
     </span>
    </p>
   </div>
   <div class='ocr_carea' id='block_1_5' title="bbox 1964 507 3602 595">
    <p class='ocr_par' dir='ltr' id='par_1_5' title="bbox 1964 509 3602 584">
     <span class='ocr_line' id='line_1_5' title="bbox 1964 509 3602 584; baseline 0.002 -20"><span class='ocrx_word' id='word_1_16' title='bbox 1964 510 2134 566; x_wconf 67' lang='lat' dir='ltr'>etiam</span> <span class='ocrx_word' id='word_1_17' title='bbox 2151 509 2234 567; x_wconf 91' lang='lat' dir='ltr'>ibi</span> <span class='ocrx_word' id='word_1_18' title='bbox 2261 511 2617 584; x_wconf 89' lang='lat' dir='ltr'>signiﬁcavit</span> <span class='ocrx_word' id='word_1_19' title='bbox 2638 511 3020 582; x_wconf 81' lang='lat' dir='ltr'>evangelista,</span> <span class='ocrx_word' id='word_1_20' title='bbox 3036 511 3284 576; x_wconf 84' lang='lat' dir='ltr'>addens,</span> <span class='ocrx_word' id='word_1_21' title='bbox 3303 511 3470 584; x_wconf 88' lang='lat' dir='ltr'>quod</span> <span class='ocrx_word' id='word_1_22' title='bbox 3495 512 3602 568; x_wconf 85' lang='lat' dir='ltr'>hoc</span> 
     </span>
    </p>
   </div>
   <div class='ocr_carea' id='block_1_6' title="bbox 238 601 1840 686">
    <p class='ocr_par' dir='ltr' id='par_1_6' title="bbox 238 601 1840 686">
     <span class='ocr_line' id='line_1_6' title="bbox 238 601 1840 686; baseline -0.011 -22"><span class='ocrx_word' id='word_1_23' title='bbox 238 617 362 686; x_wconf 82' lang='grc' dir='ltr'>περὶ</span> <span class='ocrx_word' id='word_1_24' title='bbox 389 614 596 675; x_wconf 89' lang='grc' dir='ltr'>τούτου,</span> <span class='ocrx_word' id='word_1_25' title='bbox 631 609 898 682; x_wconf 79' lang='grc' dir='ltr'>[προσθεὶς</span> <span class='ocrx_word' id='word_1_26' title='bbox 945 606 1055 677; x_wconf 85' lang='grc'>(35)</span> <span class='ocrx_word' id='word_1_27' title='bbox 1088 606 1167 656; x_wconf 84' lang='grc' dir='ltr'>ὅτι</span> <span class='ocrx_word' id='word_1_28' title='bbox 1198 609 1350 654; x_wconf 74' lang='grc' dir='ltr'>τοῦτο</span> <span class='ocrx_word' id='word_1_29' title='bbox 1400 601 1534 671; x_wconf 60' lang='grc' dir='ltr'>ὒιεγε</span> <span class='ocrx_word' id='word_1_30' title='bbox 1577 603 1840 670; x_wconf 79' lang='grc' dir='ltr'>σημαίνων</span> 
     </span>
    </p>
   </div>
   <div class='ocr_carea' id='block_1_7' title="bbox 238 688 1841 771">
    <p class='ocr_par' dir='ltr' id='par_1_7' title="bbox 238 688 1841 771">
     <span class='ocr_line' id='line_1_7' title="bbox 238 688 1841 771; baseline -0.009 -19"><span class='ocrx_word' id='word_1_31' title='bbox 238 720 375 771; x_wconf 83' lang='grc' dir='ltr'>ποιῳ</span> <span class='ocrx_word' id='word_1_32' title='bbox 419 702 616 769; x_wconf 79' lang='grc' dir='ltr'>θανάτῳ</span> <span class='ocrx_word' id='word_1_33' title='bbox 656 697 851 769; x_wconf 81' lang='grc' dir='ltr'>ἔμελλεν</span> <span class='ocrx_word' id='word_1_34' title='bbox 901 694 1265 755; x_wconf 70' lang='grc' dir='ltr'>ἀποθνήσκειν,</span> <span class='ocrx_word' id='word_1_35' title='bbox 1313 693 1574 741; x_wconf 76' lang='grc' dir='ltr'>τουτέστιν</span> <span class='ocrx_word' id='word_1_36' title='bbox 1615 688 1841 740; x_wconf 82' lang='grc' dir='ltr'>αἰνιττό-</span> 
     </span>
    </p>
   </div>
   <div class='ocr_carea' id='block_1_8' title="bbox 239 785 804 862">
    <p class='ocr_par' dir='ltr' id='par_1_8' title="bbox 239 785 804 862">
     <span class='ocr_line' id='line_1_8' title="bbox 239 785 804 862; baseline -0.009 -19"><span class='ocrx_word' id='word_1_37' title='bbox 239 809 393 862; x_wconf 85' lang='grc' dir='ltr'>μενος</span> <span class='ocrx_word' id='word_1_38' title='bbox 417 793 504 841; x_wconf 85' lang='grc' dir='ltr'>τὸν</span> <span class='ocrx_word' id='word_1_39' title='bbox 533 785 804 859; x_wconf 85' lang='grc' dir='ltr'>σταυρόν.]</span> 
     </span>
    </p>
   </div>
   <div class='ocr_carea' id='block_1_9' title="bbox 315 866 1840 947">
    <p class='ocr_par' dir='ltr' id='par_1_9' title="bbox 315 866 1840 947">
     <span class='ocr_line' id='line_1_9' title="bbox 315 866 1840 947; baseline -0.01 -15"><span class='ocrx_word' id='word_1_40' title='bbox 315 879 564 938; x_wconf 78' lang='grc' dir='ltr'>Εἰσῆλθεν</span> <span class='ocrx_word' id='word_1_41' title='bbox 626 909 690 917; x_wconf 91' lang='grc'><strong>-</strong></span> <span class='ocrx_word' id='word_1_42' title='bbox 743 875 874 947; x_wconf 87' lang='grc' dir='ltr'>ἐμοί.</span> <span class='ocrx_word' id='word_1_43' title='bbox 929 874 1030 944; x_wconf 83' lang='grc' dir='ltr'>[Ἐν</span> <span class='ocrx_word' id='word_1_44' title='bbox 1083 870 1253 942; x_wconf 83' lang='grc' dir='ltr'>ἐκείνῳ</span> <span class='ocrx_word' id='word_1_45' title='bbox 1307 871 1532 940; x_wconf 84' lang='grc' dir='ltr'>(36)τῴ</span> <span class='ocrx_word' id='word_1_46' title='bbox 1586 866 1840 939; x_wconf 58' lang='grc' dir='ltr'>κεφαλαίῳ</span> 
     </span>
    </p>
   </div>
   <div class='ocr_carea' id='block_1_10' title="bbox 238 957 1836 1042">
    <p class='ocr_par' dir='ltr' id='par_1_10' title="bbox 238 957 1836 1042">
     <span class='ocr_line' id='line_1_10' title="bbox 238 957 1836 1042; baseline -0.01 -20"><span class='ocrx_word' id='word_1_47' title='bbox 238 969 461 1031; x_wconf 80' lang='grc' dir='ltr'>καθεξῆς</span> <span class='ocrx_word' id='word_1_48' title='bbox 494 970 732 1042; x_wconf 73' lang='grc' dir='ltr'>εὑρήσεις</span> <span class='ocrx_word' id='word_1_49' title='bbox 762 969 851 1016; x_wconf 86' lang='grc' dir='ltr'>καὶ</span> <span class='ocrx_word' id='word_1_50' title='bbox 878 968 994 1035; x_wconf 82' lang='grc' dir='ltr'>περὶ</span> <span class='ocrx_word' id='word_1_51' title='bbox 1023 964 1237 1024; x_wconf 85' lang='grc' dir='ltr'>τούτων,</span> <span class='ocrx_word' id='word_1_52' title='bbox 1269 963 1317 1011; x_wconf 86' lang='grc' dir='ltr'>ἑν</span> <span class='ocrx_word' id='word_1_53' title='bbox 1362 966 1421 1030; x_wconf 76' lang='grc' dir='ltr'>τῇ</span> <span class='ocrx_word' id='word_1_54' title='bbox 1453 957 1699 1028; x_wconf 79' lang='grc' dir='ltr'>ἐξηγήσει</span> <span class='ocrx_word' id='word_1_55' title='bbox 1728 965 1836 1008; x_wconf 77' lang='grc' dir='ltr'>τοῦ·</span> 
     </span>
    </p>
   </div>
   <div class='ocr_carea' id='block_1_11' title="bbox 243 1044 1840 1130">
    <p class='ocr_par' dir='ltr' id='par_1_11' title="bbox 243 1044 1840 1130">
     <span class='ocr_line' id='line_1_11' title="bbox 243 1044 1840 1130; baseline -0.009 -19"><span class='ocrx_word' id='word_1_56' title='bbox 243 1064 346 1112; x_wconf 83' lang='grc' dir='ltr'>Καὶ</span> <span class='ocrx_word' id='word_1_57' title='bbox 375 1058 704 1130; x_wconf 79' lang='grc' dir='ltr'>ἐπηρώτησεν</span> <span class='ocrx_word' id='word_1_58' title='bbox 750 1055 904 1106; x_wconf 74' lang='grc' dir='ltr'>αὑτὸν</span> <span class='ocrx_word' id='word_1_59' title='bbox 949 1053 1200 1122; x_wconf 83' lang='grc' dir='ltr'>ὀὴγεμὼν</span> <span class='ocrx_word' id='word_1_60' title='bbox 1239 1049 1416 1120; x_wconf 88' lang='grc' dir='ltr'>λέγων·</span> <span class='ocrx_word' id='word_1_61' title='bbox 1452 1051 1516 1099; x_wconf 81' lang='grc' dir='ltr'>Σὺ</span> <span class='ocrx_word' id='word_1_62' title='bbox 1546 1045 1640 1098; x_wconf 87' lang='grc' dir='ltr'>εἱό</span> <span class='ocrx_word' id='word_1_63' title='bbox 1674 1044 1840 1118; x_wconf 87' lang='grc' dir='ltr'>βασι-</span> 
     </span>
    </p>
   </div>
   <div class='ocr_carea' id='block_1_12' title="bbox 235 1142 830 1214">
    <p class='ocr_par' dir='ltr' id='par_1_12' title="bbox 235 1142 830 1214">
     <span class='ocr_line' id='line_1_12' title="bbox 235 1142 830 1214; baseline -0.012 -14"><span class='ocrx_word' id='word_1_64' title='bbox 235 1148 352 1208; x_wconf 80' lang='grc' dir='ltr'>λεὺς</span> <span class='ocrx_word' id='word_1_65' title='bbox 382 1157 480 1199; x_wconf 85' lang='grc' dir='ltr'>τῶν</span> <span class='ocrx_word' id='word_1_66' title='bbox 509 1142 775 1199; x_wconf 74' lang='grc' dir='ltr'>Ἰουδαίων</span> <span class='ocrx_word' id='word_1_67' title='bbox 793 1145 830 1214; x_wconf 73' lang='grc'>;]</span> 
     </span>
    </p>
   </div>
   <div class='ocr_carea' id='block_1_13' title="bbox 314 1223 1842 1306">
    <p class='ocr_par' dir='ltr' id='par_1_13' title="bbox 314 1223 1842 1306">
     <span class='ocr_line' id='line_1_13' title="bbox 314 1223 1842 1306; baseline -0.01 -16"><span class='ocrx_word' id='word_1_68' title='bbox 314 1243 470 1290; x_wconf 87' lang='grc' dir='ltr'>Τί-</span> <span class='ocrx_word' id='word_1_69' title='bbox 501 1235 616 1306; x_wconf 82' lang='grc' dir='ltr'>ἐγώ.</span> <span class='ocrx_word' id='word_1_70' title='bbox 647 1235 785 1286; x_wconf 83' lang='grc' dir='ltr'>Ἐκεῖ</span> <span class='ocrx_word' id='word_1_71' title='bbox 818 1237 906 1284; x_wconf 84' lang='grc' dir='ltr'>καὶ</span> <span class='ocrx_word' id='word_1_72' title='bbox 944 1237 1111 1282; x_wconf 79' lang='grc' dir='ltr'>ταῦτα</span> <span class='ocrx_word' id='word_1_73' title='bbox 1153 1231 1509 1297; x_wconf 72' lang='grc' dir='ltr'>τετυχήκασιν</span> <span class='ocrx_word' id='word_1_74' title='bbox 1549 1223 1842 1295; x_wconf 75' lang='grc' dir='ltr'>ἐξηγήσεως</span> 
     </span>
    </p>
   </div>
   <div class='ocr_carea' id='block_1_14' title="bbox 238 1326 551 1384">
    <p class='ocr_par' dir='ltr' id='par_1_14' title="bbox 238 1326 551 1384">
     <span class='ocr_line' id='line_1_14' title="bbox 238 1326 551 1384; baseline -0.013 -5"><span class='ocrx_word' id='word_1_75' title='bbox 238 1326 551 1384; x_wconf 77' lang='grc' dir='ltr'>ἀκολούθως.</span> 
     </span>
    </p>
   </div>
   <div class='ocr_carea' id='block_1_15' title="bbox 316 1402 1842 1486">
    <p class='ocr_par' dir='ltr' id='par_1_15' title="bbox 316 1402 1842 1486">
     <span class='ocr_line' id='line_1_15' title="bbox 316 1402 1842 1486; baseline -0.009 -20"><span class='ocrx_word' id='word_1_76' title='bbox 316 1416 449 1486; x_wconf 85' lang='grc' dir='ltr'>Ἐγὼ</span> <span class='ocrx_word' id='word_1_77' title='bbox 489 1443 554 1452; x_wconf 89' lang='grc'><strong><em>-</em></strong></span> <span class='ocrx_word' id='word_1_78' title='bbox 606 1412 839 1481; x_wconf 80' lang='grc' dir='ltr'>ἀληθείᾳ.</span> <span class='ocrx_word' id='word_1_79' title='bbox 870 1409 1256 1483; x_wconf 82' lang='grc' dir='ltr'>Ἐρωτησαντος</span> <span class='ocrx_word' id='word_1_80' title='bbox 1296 1403 1343 1455; x_wconf 84' lang='grc' dir='ltr'>ἐν</span> <span class='ocrx_word' id='word_1_81' title='bbox 1402 1402 1543 1477; x_wconf 80' lang='grc' dir='ltr'>ἀρχῇ</span> <span class='ocrx_word' id='word_1_82' title='bbox 1594 1408 1686 1454; x_wconf 75' lang='grc' dir='ltr'>του</span> <span class='ocrx_word' id='word_1_83' title='bbox 1747 1409 1842 1454; x_wconf 87' lang='grc' dir='ltr'>Πι-</span> 
     </span>
    </p>
   </div>
   <div class='ocr_carea' id='block_1_16' title="bbox 239 1489 1842 1570">
    <p class='ocr_par' dir='ltr' id='par_1_16' title="bbox 239 1489 1842 1570">
     <span class='ocr_line' id='line_1_16' title="bbox 239 1489 1842 1570; baseline -0.009 -14"><span class='ocrx_word' id='word_1_84' title='bbox 239 1505 422 1568; x_wconf 85' lang='grc' dir='ltr'>λάτου,</span> <span class='ocrx_word' id='word_1_85' title='bbox 480 1507 544 1554; x_wconf 82' lang='grc' dir='ltr'><strong>Σὺ</strong></span> <span class='ocrx_word' id='word_1_86' title='bbox 604 1500 648 1552; x_wconf 84' lang='grc' dir='ltr'>εἶ</span> <span class='ocrx_word' id='word_1_87' title='bbox 699 1502 724 1551; x_wconf 90' lang='grc' dir='ltr'>ό</span> <span class='ocrx_word' id='word_1_88' title='bbox 785 1497 1027 1570; x_wconf 67' lang='grc' dir='ltr'>βασιλεὺς</span> <span class='ocrx_word' id='word_1_89' title='bbox 1093 1503 1191 1547; x_wconf 81' lang='grc' dir='ltr'>τῶν</span> <span class='ocrx_word' id='word_1_90' title='bbox 1244 1489 1536 1556; x_wconf 73' lang='grc' dir='ltr'>Ἰουδαίων,</span> <span class='ocrx_word' id='word_1_91' title='bbox 1591 1497 1679 1543; x_wconf 83' lang='grc' dir='ltr'>καὶ</span> <span class='ocrx_word' id='word_1_92' title='bbox 1718 1491 1842 1542; x_wconf 79' lang='grc' dir='ltr'>ἁπο-</span> 
     </span>
    </p>
   </div>
   <div class='ocr_carea' id='block_1_17' title="bbox 242 1580 1842 1663">
    <p class='ocr_par' dir='ltr' id='par_1_17' title="bbox 242 1580 1842 1663">
     <span class='ocr_line' id='line_1_17' title="bbox 242 1580 1842 1663; baseline -0.009 -18"><span class='ocrx_word' id='word_1_93' title='bbox 242 1595 509 1663; x_wconf 84' lang='grc' dir='ltr'>κριθέντος</span> <span class='ocrx_word' id='word_1_94' title='bbox 568 1599 656 1642; x_wconf 81' lang='grc' dir='ltr'>του</span> <span class='ocrx_word' id='word_1_95' title='bbox 710 1593 902 1662; x_wconf 80' lang='grc' dir='ltr'>Κυρίου</span> <span class='ocrx_word' id='word_1_96' title='bbox 963 1589 1038 1638; x_wconf 83' lang='grc' dir='ltr'>ὅτι</span> <span class='ocrx_word' id='word_1_97' title='bbox 1090 1584 1145 1636; x_wconf 80' lang='grc' dir='ltr'><em>Ἠ</em></span> <span class='ocrx_word' id='word_1_98' title='bbox 1198 1582 1442 1655; x_wconf 89' lang='grc' dir='ltr'>βασιλεία</span> <span class='ocrx_word' id='word_1_99' title='bbox 1503 1585 1530 1639; x_wconf 77' lang='grc' dir='ltr'>ἡ</span> <span class='ocrx_word' id='word_1_100' title='bbox 1598 1580 1691 1644; x_wconf 81' lang='grc' dir='ltr'>ἐμὴ</span> <span class='ocrx_word' id='word_1_101' title='bbox 1749 1581 1842 1632; x_wconf 70' lang='grc' dir='ltr'>οὐκ</span> 
     </span>
    </p>
   </div>
   <div class='ocr_carea' id='block_1_18' title="bbox 242 1669 1841 1748">
    <p class='ocr_par' dir='ltr' id='par_1_18' title="bbox 242 1669 1841 1748">
     <span class='ocr_line' id='line_1_18' title="bbox 242 1669 1841 1748; baseline -0.008 -15"><span class='ocrx_word' id='word_1_102' title='bbox 242 1685 384 1733; x_wconf 82' lang='grc' dir='ltr'>ἔστιν</span> <span class='ocrx_word' id='word_1_103' title='bbox 457 1679 510 1732; x_wconf 87' lang='grc' dir='ltr'>ἐκ</span> <span class='ocrx_word' id='word_1_104' title='bbox 590 1687 680 1730; x_wconf 79' lang='grc' dir='ltr'>τού</span> <span class='ocrx_word' id='word_1_105' title='bbox 731 1683 930 1748; x_wconf 89' lang='grc' dir='ltr'>κόσμου</span> <span class='ocrx_word' id='word_1_106' title='bbox 988 1677 1195 1738; x_wconf 87' lang='grc' dir='ltr'>τούτου,</span> <span class='ocrx_word' id='word_1_107' title='bbox 1258 1677 1347 1722; x_wconf 82' lang='grc' dir='ltr'>καὶ</span> <span class='ocrx_word' id='word_1_108' title='bbox 1409 1670 1632 1743; x_wconf 86' lang='grc' dir='ltr'>βασιλέα</span> <span class='ocrx_word' id='word_1_109' title='bbox 1683 1669 1841 1721; x_wconf 81' lang='grc' dir='ltr'>ἐντεῦ-</span> 
     </span>
    </p>
   </div>
   <div class='ocr_carea' id='block_1_19' title="bbox 243 1758 1840 1840">
    <p class='ocr_par' dir='ltr' id='par_1_19' title="bbox 243 1758 1840 1840">
     <span class='ocr_line' id='line_1_19' title="bbox 243 1758 1840 1840; baseline -0.009 -18"><span class='ocrx_word' id='word_1_110' title='bbox 243 1773 328 1823; x_wconf 86' lang='grc' dir='ltr'>θεν</span> <span class='ocrx_word' id='word_1_111' title='bbox 378 1771 729 1840; x_wconf 72' lang='grc' dir='ltr'>ὑποφήναντος</span> <span class='ocrx_word' id='word_1_112' title='bbox 783 1766 982 1830; x_wconf 83' lang='grc' dir='ltr'>ἑαυτὸν,</span> <span class='ocrx_word' id='word_1_113' title='bbox 1031 1763 1073 1816; x_wconf 81' lang='grc' dir='ltr'>εἰ</span> <span class='ocrx_word' id='word_1_114' title='bbox 1116 1767 1206 1814; x_wconf 86' lang='grc' dir='ltr'>καὶ</span> <span class='ocrx_word' id='word_1_115' title='bbox 1261 1766 1330 1832; x_wconf 78' lang='grc' dir='ltr'>μη</span> <span class='ocrx_word' id='word_1_116' title='bbox 1389 1759 1609 1829; x_wconf 80' lang='grc' dir='ltr'>ἐπίγειον</span> <span class='ocrx_word' id='word_1_117' title='bbox 1642 1777 1652 1788; x_wconf 89' lang='grc'><strong>·</strong></span> <span class='ocrx_word' id='word_1_118' title='bbox 1689 1758 1840 1811; x_wconf 86' lang='grc' dir='ltr'>πάλιν</span> 
     </span>
    </p>
   </div>
   <div class='ocr_carea' id='block_1_20' title="bbox 239 1845 1838 1931">
    <p class='ocr_par' dir='ltr' id='par_1_20' title="bbox 239 1845 1838 1931">
     <span class='ocr_line' id='line_1_20' title="bbox 239 1845 1838 1931; baseline -0.008 -21"><span class='ocrx_word' id='word_1_119' title='bbox 239 1858 576 1931; x_wconf 78' lang='grc' dir='ltr'>ἐπηρώτησεν</span> <span class='ocrx_word' id='word_1_120' title='bbox 648 1858 672 1907; x_wconf 87' lang='grc' dir='ltr'><strong><em>ὁ</em></strong></span> <span class='ocrx_word' id='word_1_121' title='bbox 739 1855 974 1918; x_wconf 78' lang='grc' dir='ltr'>ΙΙιλάτοτ,</span> <span class='ocrx_word' id='word_1_122' title='bbox 1050 1851 1250 1903; x_wconf 66' lang='grc' dir='ltr'>Οὐκοῦν</span> <span class='ocrx_word' id='word_1_123' title='bbox 1329 1848 1578 1921; x_wconf 76' lang='grc' dir='ltr'>βασιλεὺς</span> <span class='ocrx_word' id='word_1_124' title='bbox 1632 1845 1678 1899; x_wconf 84' lang='grc' dir='ltr'>εἶ</span> <span class='ocrx_word' id='word_1_125' title='bbox 1731 1853 1838 1913; x_wconf 86' lang='grc' dir='ltr'>σύ;</span> 
     </span>
    </p>
   </div>
   <div class='ocr_carea' id='block_1_21' title="bbox 236 1935 1838 2018">
    <p class='ocr_par' dir='ltr' id='par_1_21' title="bbox 236 1935 1838 2018">
     <span class='ocr_line' id='line_1_21' title="bbox 236 1935 1838 2018; baseline -0.007 -18"><span class='ocrx_word' id='word_1_126' title='bbox 236 1955 330 2000; x_wconf 79' lang='grc' dir='ltr'>καὶ</span> <span class='ocrx_word' id='word_1_127' title='bbox 381 1947 556 1999; x_wconf 87' lang='grc' dir='ltr'>λοιπόν</span> <span class='ocrx_word' id='word_1_128' title='bbox 611 1945 1000 2018; x_wconf 86' lang='grc' dir='ltr'>προσαπεκρίθη</span> <span class='ocrx_word' id='word_1_129' title='bbox 1066 1944 1144 1992; x_wconf 84' lang='grc' dir='ltr'>ὅτι</span> <span class='ocrx_word' id='word_1_130' title='bbox 1218 1943 1376 1992; x_wconf 76' lang='grc' dir='ltr'>ἐστίν.</span> <span class='ocrx_word' id='word_1_131' title='bbox 1434 1935 1560 1990; x_wconf 79' lang='grc' dir='ltr'>Εἶτα</span> <span class='ocrx_word' id='word_1_132' title='bbox 1617 1936 1838 2009; x_wconf 77' lang='grc' dir='ltr'>βεϐαιῶν</span> 
     </span>
    </p>
   </div>
   <div class='ocr_carea' id='block_1_22' title="bbox 235 2023 1839 2106">
    <p class='ocr_par' dir='ltr' id='par_1_22' title="bbox 235 2023 1839 2106">
     <span class='ocr_line' id='line_1_22' title="bbox 235 2023 1839 2106; baseline -0.009 -17"><span class='ocrx_word' id='word_1_133' title='bbox 235 2039 317 2089; x_wconf 84' lang='grc' dir='ltr'>ὅτι</span> <span class='ocrx_word' id='word_1_134' title='bbox 362 2035 616 2099; x_wconf 73' lang='grc' dir='ltr'>ἀληθεύει,</span> <span class='ocrx_word' id='word_1_135' title='bbox 664 2038 816 2106; x_wconf 74' lang='grc' dir='ltr'>φησί.</span> <span class='ocrx_word' id='word_1_136' title='bbox 853 2035 947 2084; x_wconf 79' lang='grc' dir='ltr'>Διὰ</span> <span class='ocrx_word' id='word_1_137' title='bbox 975 2040 1124 2082; x_wconf 82' lang='grc' dir='ltr'>τουτο</span> <span class='ocrx_word' id='word_1_138' title='bbox 1169 2033 1495 2099; x_wconf 72' lang='grc' dir='ltr'>γεγέννημαι,</span> <span class='ocrx_word' id='word_1_139' title='bbox 1543 2023 1637 2078; x_wconf 75' lang='grc' dir='ltr'>διὰ</span> <span class='ocrx_word' id='word_1_140' title='bbox 1689 2033 1839 2076; x_wconf 70' lang='grc' dir='ltr'>τοῦτο</span> 
     </span>
    </p>
   </div>
   <div class='ocr_carea' id='block_1_23' title="bbox 234 2114 1836 2199">
    <p class='ocr_par' dir='ltr' id='par_1_23' title="bbox 234 2114 1836 2199">
     <span class='ocr_line' id='line_1_23' title="bbox 234 2114 1836 2199; baseline -0.006 -22"><span class='ocrx_word' id='word_1_141' title='bbox 234 2126 616 2199; x_wconf 80' lang='grc' dir='ltr'>ἐνηνθρὼπησα</span> <span class='ocrx_word' id='word_1_142' title='bbox 644 2128 734 2174; x_wconf 82' lang='grc' dir='ltr'>καὶ</span> <span class='ocrx_word' id='word_1_143' title='bbox 766 2119 917 2179; x_wconf 76' lang='grc' dir='ltr'>ἦλθον</span> <span class='ocrx_word' id='word_1_144' title='bbox 951 2120 1020 2180; x_wconf 87' lang='grc' dir='ltr'>εἰς</span> <span class='ocrx_word' id='word_1_145' title='bbox 1047 2121 1132 2170; x_wconf 84' lang='grc' dir='ltr'>τόν</span> <span class='ocrx_word' id='word_1_146' title='bbox 1163 2122 1356 2189; x_wconf 83' lang='grc' dir='ltr'>κόσμον</span> <span class='ocrx_word' id='word_1_147' title='bbox 1387 2123 1566 2167; x_wconf 83' lang='grc' dir='ltr'>τοῦτον</span> <span class='ocrx_word' id='word_1_148' title='bbox 1597 2116 1698 2185; x_wconf 89' lang='grc' dir='ltr'>[ἱνα</span> <span class='ocrx_word' id='word_1_149' title='bbox 1727 2114 1836 2184; x_wconf 74' lang='lat'>(37)</span> 
     </span>
    </p>
   </div>
   <div class='ocr_carea' id='block_1_24' title="bbox 236 2203 1838 2282">
    <p class='ocr_par' dir='ltr' id='par_1_24' title="bbox 236 2203 1838 2282">
     <span class='ocr_line' id='line_1_24' title="bbox 236 2203 1838 2282; baseline -0.009 -14"><span class='ocrx_word' id='word_1_150' title='bbox 236 2212 447 2277; x_wconf 78' lang='grc' dir='ltr'>διδάξω</span> <span class='ocrx_word' id='word_1_151' title='bbox 474 2219 566 2271; x_wconf 81' lang='grc' dir='ltr'>τὴν</span> <span class='ocrx_word' id='word_1_152' title='bbox 600 2213 859 2270; x_wconf 79' lang='grc' dir='ltr'>ἀληθειαν.</span> <span class='ocrx_word' id='word_1_153' title='bbox 892 2208 1090 2282; x_wconf 74' lang='grc' dir='ltr'>Ὠσπερ</span> <span class='ocrx_word' id='word_1_154' title='bbox 1124 2204 1210 2259; x_wconf 79' lang='grc' dir='ltr'>οὖν</span> <span class='ocrx_word' id='word_1_155' title='bbox 1238 2205 1470 2263; x_wconf 79' lang='grc' dir='ltr'>ἀληθεύω</span> <span class='ocrx_word' id='word_1_156' title='bbox 1499 2203 1674 2274; x_wconf 69' lang='grc' dir='ltr'>τᾶλλα,</span> <span class='ocrx_word' id='word_1_157' title='bbox 1704 2205 1838 2255; x_wconf 66' lang='grc' dir='ltr'>οὕτω</span> 
     </span>
    </p>
   </div>
   <div class='ocr_carea' id='block_1_25' title="bbox 1880 1890 1916 1942">
    <p class='ocr_par' dir='ltr' id='par_1_25' title="bbox 1880 1890 1916 1942">
     <span class='ocr_line' id='line_1_25' title="bbox 1880 1890 1916 1942; baseline 0 0"><span class='ocrx_word' id='word_1_158' title='bbox 1880 1890 1916 1942; x_wconf 90' lang='grc' dir='ltr'>Β</span> 
     </span>
    </p>
   </div>
   <div class='ocr_carea' id='block_1_26' title="bbox 237 2303 631 2362">
    <p class='ocr_par' dir='ltr' id='par_1_26' title="bbox 237 2303 631 2362">
     <span class='ocr_line' id='line_1_26' title="bbox 237 2303 631 2362; baseline -0.005 -4"><span class='ocrx_word' id='word_1_159' title='bbox 237 2303 308 2362; x_wconf 74' lang='grc' dir='ltr'>δὴ</span> <span class='ocrx_word' id='word_1_160' title='bbox 345 2309 432 2356; x_wconf 85' lang='grc' dir='ltr'>καὶ</span> <span class='ocrx_word' id='word_1_161' title='bbox 464 2312 631 2356; x_wconf 78' lang='grc' dir='ltr'>τούτο.</span> 
     </span>
    </p>
   </div>
   <div class='ocr_carea' id='block_1_27' title="bbox 311 2381 1836 2459">
    <p class='ocr_par' dir='ltr' id='par_1_27' title="bbox 311 2381 1836 2459">
     <span class='ocr_line' id='line_1_27' title="bbox 311 2381 1836 2459; baseline -0.01 -13"><span class='ocrx_word' id='word_1_162' title='bbox 311 2393 379 2445; x_wconf 82' lang='grc' dir='ltr'>Ἢ</span> <span class='ocrx_word' id='word_1_163' title='bbox 439 2394 525 2453; x_wconf 79' lang='grc' dir='ltr'>Εἰς</span> <span class='ocrx_word' id='word_1_164' title='bbox 574 2399 724 2443; x_wconf 76' lang='grc' dir='ltr'>τούτο</span> <span class='ocrx_word' id='word_1_165' title='bbox 780 2392 1112 2459; x_wconf 74' lang='grc' dir='ltr'>γεγέννημαι,</span> <span class='ocrx_word' id='word_1_166' title='bbox 1167 2383 1280 2436; x_wconf 83' lang='grc' dir='ltr'>ἀντὶ</span> <span class='ocrx_word' id='word_1_167' title='bbox 1331 2391 1420 2435; x_wconf 81' lang='grc' dir='ltr'>τοῦ</span> <span class='ocrx_word' id='word_1_168' title='bbox 1473 2381 1719 2440; x_wconf 85' lang='grc' dir='ltr'>Βασιλεύς</span> <span class='ocrx_word' id='word_1_169' title='bbox 1770 2387 1836 2432; x_wconf 76' lang='grc' dir='ltr'>ὧν</span> 
     </span>
    </p>
   </div>
   <div class='ocr_carea' id='block_1_28' title="bbox 232 2468 1839 2554">
    <p class='ocr_par' dir='ltr' id='par_1_28' title="bbox 232 2468 1839 2554">
     <span class='ocr_line' id='line_1_28' title="bbox 232 2468 1839 2554; baseline -0.009 -19"><span class='ocrx_word' id='word_1_170' title='bbox 232 2484 307 2543; x_wconf 85' lang='grc' dir='ltr'>εἰς</span> <span class='ocrx_word' id='word_1_171' title='bbox 346 2487 402 2534; x_wconf 87' lang='grc' dir='ltr'>τὸ</span> <span class='ocrx_word' id='word_1_172' title='bbox 433 2481 726 2554; x_wconf 77' lang='grc' dir='ltr'>βασιλεύειν</span> <span class='ocrx_word' id='word_1_173' title='bbox 758 2477 1150 2547; x_wconf 82' lang='grc' dir='ltr'>ἐνηνθρωπησα,</span> <span class='ocrx_word' id='word_1_174' title='bbox 1182 2478 1272 2524; x_wconf 85' lang='grc' dir='ltr'>καὶ</span> <span class='ocrx_word' id='word_1_175' title='bbox 1295 2468 1388 2523; x_wconf 78' lang='grc' dir='ltr'>διὰ</span> <span class='ocrx_word' id='word_1_176' title='bbox 1413 2479 1564 2522; x_wconf 70' lang='grc' dir='ltr'>τοῦτο</span> <span class='ocrx_word' id='word_1_177' title='bbox 1588 2468 1740 2528; x_wconf 72' lang='grc' dir='ltr'>ἦλθον</span> <span class='ocrx_word' id='word_1_178' title='bbox 1768 2470 1839 2532; x_wconf 84' lang='grc' dir='ltr'>εἰς</span> 
     </span>
    </p>
   </div>
   <div class='ocr_carea' id='block_1_29' title="bbox 232 2559 1836 2642">
    <p class='ocr_par' dir='ltr' id='par_1_29' title="bbox 232 2559 1836 2642">
     <span class='ocr_line' id='line_1_29' title="bbox 232 2559 1836 2642; baseline -0.007 -20"><span class='ocrx_word' id='word_1_179' title='bbox 232 2575 325 2622; x_wconf 86' lang='grc' dir='ltr'>τόν</span> <span class='ocrx_word' id='word_1_180' title='bbox 357 2576 552 2642; x_wconf 87' lang='grc' dir='ltr'>κόσμον</span> <span class='ocrx_word' id='word_1_181' title='bbox 593 2571 674 2620; x_wconf 79' lang='grc' dir='ltr'>ἱνα</span> <span class='ocrx_word' id='word_1_182' title='bbox 717 2563 920 2628; x_wconf 87' lang='grc' dir='ltr'>διδάξω</span> <span class='ocrx_word' id='word_1_183' title='bbox 967 2569 1059 2621; x_wconf 80' lang='grc' dir='ltr'>την</span> <span class='ocrx_word' id='word_1_184' title='bbox 1093 2561 1352 2629; x_wconf 76' lang='grc' dir='ltr'>ἀληθειαν,</span> <span class='ocrx_word' id='word_1_185' title='bbox 1389 2563 1463 2611; x_wconf 81' lang='grc' dir='ltr'>ὅτι</span> <span class='ocrx_word' id='word_1_186' title='bbox 1497 2559 1739 2630; x_wconf 73' lang='grc' dir='ltr'>βασιλεὺς</span> <span class='ocrx_word' id='word_1_187' title='bbox 1771 2565 1836 2610; x_wconf 83' lang='grc' dir='ltr'>ὤν</span> 
     </span>
    </p>
   </div>
   <div class='ocr_carea' id='block_1_30' title="bbox 233 2651 1836 2733">
    <p class='ocr_par' dir='ltr' id='par_1_30' title="bbox 233 2651 1836 2733">
     <span class='ocr_line' id='line_1_30' title="bbox 233 2651 1836 2733; baseline -0.01 -20"><span class='ocrx_word' id='word_1_188' title='bbox 233 2658 413 2721; x_wconf 77' lang='grc' dir='ltr'>ἀίδιος</span> <span class='ocrx_word' id='word_1_189' title='bbox 444 2659 820 2733; x_wconf 83' lang='grc' dir='ltr'>ἐνηνθρωπησα</span> <span class='ocrx_word' id='word_1_190' title='bbox 847 2655 917 2715; x_wconf 86' lang='grc' dir='ltr'>εἰς</span> <span class='ocrx_word' id='word_1_191' title='bbox 951 2658 1008 2706; x_wconf 88' lang='grc' dir='ltr'>τό</span> <span class='ocrx_word' id='word_1_192' title='bbox 1039 2651 1330 2725; x_wconf 72' lang='grc' dir='ltr'>βασιλεύειν</span> <span class='ocrx_word' id='word_1_193' title='bbox 1363 2658 1460 2700; x_wconf 82' lang='grc' dir='ltr'>τῶν</span> <span class='ocrx_word' id='word_1_194' title='bbox 1493 2653 1836 2700; x_wconf 73' lang='grc' dir='ltr'>πιστευόντων</span> 
     </span>
    </p>
   </div>
   <div class='ocr_carea' id='block_1_31' title="bbox 229 2747 464 2820">
    <p class='ocr_par' dir='ltr' id='par_1_31' title="bbox 229 2747 464 2820">
     <span class='ocr_line' id='line_1_31' title="bbox 229 2747 464 2820; baseline 0 -18"><span class='ocrx_word' id='word_1_195' title='bbox 229 2748 303 2808; x_wconf 84' lang='grc' dir='ltr'>εἰς</span> <span class='ocrx_word' id='word_1_196' title='bbox 332 2747 464 2820; x_wconf 81' lang='grc' dir='ltr'>ἐμέ.]</span> 
     </span>
    </p>
   </div>
   <div class='ocr_carea' id='block_1_32' title="bbox 311 2824 1836 2906">
    <p class='ocr_par' dir='ltr' id='par_1_32' title="bbox 311 2824 1836 2906">
     <span class='ocr_line' id='line_1_32' title="bbox 311 2824 1836 2906; baseline -0.007 -21"><span class='ocrx_word' id='word_1_197' title='bbox 311 2844 419 2897; x_wconf 75' lang='grc' dir='ltr'>Πᾶς</span> <span class='ocrx_word' id='word_1_198' title='bbox 467 2867 530 2877; x_wconf 90' lang='grc'><strong><em>-</em></strong></span> <span class='ocrx_word' id='word_1_199' title='bbox 564 2843 751 2906; x_wconf 74' lang='grc' dir='ltr'>φωνῆς.</span> <span class='ocrx_word' id='word_1_200' title='bbox 798 2840 902 2893; x_wconf 77' lang='grc' dir='ltr'>Πᾶς</span> <span class='ocrx_word' id='word_1_201' title='bbox 947 2832 972 2882; x_wconf 86' lang='grc' dir='ltr'>ό</span> <span class='ocrx_word' id='word_1_202' title='bbox 1021 2833 1087 2880; x_wconf 80' lang='grc' dir='ltr'>ὧν</span> <span class='ocrx_word' id='word_1_203' title='bbox 1127 2827 1179 2879; x_wconf 79' lang='grc' dir='ltr'>ἐκ</span> <span class='ocrx_word' id='word_1_204' title='bbox 1211 2835 1298 2886; x_wconf 78' lang='grc' dir='ltr'>τῆς</span> <span class='ocrx_word' id='word_1_205' title='bbox 1324 2824 1588 2889; x_wconf 75' lang='grc' dir='ltr'>ἀληθείας,</span> <span class='ocrx_word' id='word_1_206' title='bbox 1621 2827 1645 2875; x_wconf 86' lang='grc' dir='ltr'>ὁ</span> <span class='ocrx_word' id='word_1_207' title='bbox 1683 2832 1836 2896; x_wconf 74' lang='grc' dir='ltr'>φιλῶν</span> 
     </span>
    </p>
   </div>
   <div class='ocr_carea' id='block_1_33' title="bbox 241 2916 1832 2991">
    <p class='ocr_par' dir='ltr' id='par_1_33' title="bbox 241 2916 1832 2991">
     <span class='ocr_line' id='line_1_33' title="bbox 241 2916 1832 2991; baseline -0.009 -13"><span class='ocrx_word' id='word_1_208' title='bbox 241 2930 336 2983; x_wconf 80' lang='grc' dir='ltr'>τὴν</span> <span class='ocrx_word' id='word_1_209' title='bbox 383 2925 623 2982; x_wconf 77' lang='grc' dir='ltr'>ἀληθειαν</span> <span class='ocrx_word' id='word_1_210' title='bbox 665 2924 895 2974; x_wconf 85' lang='grc' dir='ltr'>πείθεταί</span> <span class='ocrx_word' id='word_1_211' title='bbox 926 2939 1024 2991; x_wconf 90' lang='grc' dir='ltr'>μου</span> <span class='ocrx_word' id='word_1_212' title='bbox 1066 2916 1323 2986; x_wconf 79' lang='grc' dir='ltr'>τῷλόγῳ,</span> <span class='ocrx_word' id='word_1_213' title='bbox 1369 2917 1604 2966; x_wconf 82' lang='grc' dir='ltr'>πιστεύει</span> <span class='ocrx_word' id='word_1_214' title='bbox 1645 2933 1743 2984; x_wconf 91' lang='grc' dir='ltr'>μου</span> <span class='ocrx_word' id='word_1_215' title='bbox 1775 2923 1832 2986; x_wconf 72' lang='grc' dir='ltr'>τῇ</span> 
     </span>
    </p>
   </div>
   <div class='ocr_carea' id='block_1_34' title="bbox 236 3011 584 3084">
    <p class='ocr_par' dir='ltr' id='par_1_34' title="bbox 236 3011 584 3084">
     <span class='ocr_line' id='line_1_34' title="bbox 236 3011 584 3084; baseline -0.017 -15"><span class='ocrx_word' id='word_1_216' title='bbox 236 3011 584 3084; x_wconf 79' lang='grc' dir='ltr'>διδασκαλία.</span> 
     </span>
    </p>
   </div>
   <div class='ocr_carea' id='block_1_35' title="bbox 314 3098 937 3171">
    <p class='ocr_par' dir='ltr' id='par_1_35' title="bbox 314 3098 937 3171">
     <span class='ocr_line' id='line_1_35' title="bbox 314 3098 937 3171; baseline -0.014 -15"><span class='ocrx_word' id='word_1_217' title='bbox 314 3107 464 3171; x_wconf 82' lang='grc' dir='ltr'>Λέγει</span> <span class='ocrx_word' id='word_1_218' title='bbox 543 3133 609 3140; x_wconf 87' lang='grc'><strong><em>--</em></strong></span> <span class='ocrx_word' id='word_1_219' title='bbox 691 3098 937 3164; x_wconf 70' lang='grc' dir='ltr'>ἀληθεία,</span> 
     </span>
    </p>
   </div>
   <div class='ocr_carea' id='block_1_36' title="bbox 234 3179 1834 3260">
    <p class='ocr_par' dir='ltr' id='par_1_36' title="bbox 234 3179 1834 3260">
     <span class='ocr_line' id='line_1_36' title="bbox 234 3179 1834 3260; baseline -0.009 -14"><span class='ocrx_word' id='word_1_220' title='bbox 234 3201 299 3246; x_wconf 91' lang='grc' dir='ltr'>Τί</span> <span class='ocrx_word' id='word_1_221' title='bbox 331 3194 469 3245; x_wconf 88' lang='grc' dir='ltr'>ἐστιν</span> <span class='ocrx_word' id='word_1_222' title='bbox 516 3190 752 3256; x_wconf 80' lang='grc' dir='ltr'>ἀλήθεια,</span> <span class='ocrx_word' id='word_1_223' title='bbox 811 3184 839 3245; x_wconf 77' lang='grc' dir='ltr'><em>ἦ</em></span> <span class='ocrx_word' id='word_1_224' title='bbox 875 3192 1172 3260; x_wconf 71' lang='grc' dir='ltr'>μαρτυρεῖς,</span> <span class='ocrx_word' id='word_1_225' title='bbox 1215 3183 1275 3240; x_wconf 76' lang='grc' dir='ltr'>ἢν</span> <span class='ocrx_word' id='word_1_226' title='bbox 1319 3179 1594 3242; x_wconf 72' lang='grc' dir='ltr'>διδάσκεις</span> <span class='ocrx_word' id='word_1_227' title='bbox 1630 3199 1640 3210; x_wconf 81' lang='grc'><em>’</em></span> <span class='ocrx_word' id='word_1_228' title='bbox 1683 3185 1834 3241; x_wconf 74' lang='grc' dir='ltr'>Γνοὺς</span> 
     </span>
    </p>
   </div>
   <div class='ocr_carea' id='block_1_37' title="bbox 1018 3089 1836 3165">
    <p class='ocr_par' dir='ltr' id='par_1_37' title="bbox 1018 3089 1836 3165">
     <span class='ocr_line' id='line_1_37' title="bbox 1018 3089 1836 3165; baseline -0.009 -17"><span class='ocrx_word' id='word_1_229' title='bbox 1018 3097 1208 3148; x_wconf 77' lang='grc' dir='ltr'>Μαθεῖν</span> <span class='ocrx_word' id='word_1_230' title='bbox 1286 3092 1597 3165; x_wconf 86' lang='grc' dir='ltr'>βουλόμενος</span> <span class='ocrx_word' id='word_1_231' title='bbox 1675 3089 1724 3165; x_wconf 82' lang='grc' dir='ltr'>ἐρ</span> <span class='ocrx_word' id='word_1_232' title='bbox 1733 3097 1836 3162; x_wconf 82' lang='grc' dir='ltr'>ωτᾲ</span> 
     </span>
    </p>
   </div>
   <div class='ocr_carea' id='block_1_38' title="bbox 237 3244 1904 3352">
    <p class='ocr_par' dir='ltr' id='par_1_38' title="bbox 237 3244 1904 3352">
     <span class='ocr_line' id='line_1_38' title="bbox 244 3244 1168 3260; baseline -0.018 -14"><span class='ocrx_word' id='word_1_233' title='bbox 244 3244 295 3246; x_wconf 60' lang='lat'>_,</span> <span class='ocrx_word' id='word_1_234' title='bbox 336 3244 373 3245; x_wconf 43' lang='grc' dir='ltr'>η</span> <span class='ocrx_word' id='word_1_235' title='bbox 599 3244 606 3247; x_wconf 94' lang='lat'>_</span> <span class='ocrx_word' id='word_1_236' title='bbox 739 3244 751 3256; x_wconf 44' lang='grc' dir='ltr'><strong><em>Ι</em></strong></span> <span class='ocrx_word' id='word_1_237' title='bbox 829 3244 834 3245; x_wconf 16' lang='grc' dir='ltr'>γ</span> <span class='ocrx_word' id='word_1_238' title='bbox 875 3244 884 3258; x_wconf 39' lang='grc'><strong>⁵</strong></span> <span class='ocrx_word' id='word_1_239' title='bbox 949 3244 959 3260; x_wconf 46' lang='grc'><strong><em>⁸</em></strong></span> <span class='ocrx_word' id='word_1_240' title='bbox 1045 3244 1054 3258; x_wconf 44' lang='grc'><strong>⁸</strong></span> <span class='ocrx_word' id='word_1_241' title='bbox 1139 3244 1168 3251; x_wconf 34' lang='grc' dir='ltr'><em>Ἴ</em></span> 
     </span>
     <span class='ocr_line' id='line_1_39' title="bbox 237 3244 1904 3352; baseline -0.01 -16"><span class='ocrx_word' id='word_1_242' title='bbox 237 3281 297 3336; x_wconf 81' lang='grc' dir='ltr'>δε</span> <span class='ocrx_word' id='word_1_243' title='bbox 329 3287 407 3335; x_wconf 83' lang='grc' dir='ltr'>ὅτι</span> <span class='ocrx_word' id='word_1_244' title='bbox 438 3289 623 3352; x_wconf 75' lang='grc' dir='ltr'>καιροῦ</span> <span class='ocrx_word' id='word_1_245' title='bbox 657 3276 824 3330; x_wconf 85' lang='grc' dir='ltr'>δεῖται</span> <span class='ocrx_word' id='word_1_246' title='bbox 868 3281 924 3327; x_wconf 86' lang='grc' dir='ltr'>τὸ</span> <span class='ocrx_word' id='word_1_247' title='bbox 967 3277 1212 3347; x_wconf 83' lang='grc' dir='ltr'>ἐρώτημα</span> <span class='ocrx_word' id='word_1_248' title='bbox 1243 3276 1390 3346; x_wconf 82' lang='grc' dir='ltr'>πρὸς,</span> <span class='ocrx_word' id='word_1_249' title='bbox 1433 3277 1489 3322; x_wconf 83' lang='grc' dir='ltr'>τό</span> <span class='ocrx_word' id='word_1_250' title='bbox 1536 3279 1832 3342; x_wconf 78' lang='grc' dir='ltr'>κατεπεῖγον</span> <span class='ocrx_word' id='word_1_251' title='bbox 1865 3244 1904 3298; x_wconf 80' lang='lat' dir='ltr'>C</span> 
     </span>
    </p>
   </div>
   <div class='ocr_carea' id='block_1_39' title="bbox 238 3359 1833 3432">
    <p class='ocr_par' dir='ltr' id='par_1_39' title="bbox 238 3359 1833 3432">
     <span class='ocr_line' id='line_1_40' title="bbox 238 3359 1833 3432; baseline -0.008 -7"><span class='ocrx_word' id='word_1_252' title='bbox 238 3375 466 3432; x_wconf 79' lang='grc' dir='ltr'>ἵσταται,</span> <span class='ocrx_word' id='word_1_253' title='bbox 505 3373 587 3420; x_wconf 78' lang='grc' dir='ltr'>καὶ</span> <span class='ocrx_word' id='word_1_254' title='bbox 616 3368 803 3418; x_wconf 66' lang='grc' dir='ltr'>αὐτίκα</span> <span class='ocrx_word' id='word_1_255' title='bbox 832 3364 1038 3428; x_wconf 77' lang='grc' dir='ltr'>ἐξελθὼν</span> <span class='ocrx_word' id='word_1_256' title='bbox 1062 3359 1353 3421; x_wconf 79' lang='grc' dir='ltr'>σπουδάζει</span> <span class='ocrx_word' id='word_1_257' title='bbox 1379 3368 1555 3412; x_wconf 78' lang='grc' dir='ltr'>τουτον</span> <span class='ocrx_word' id='word_1_258' title='bbox 1579 3359 1833 3422; x_wconf 82' lang='grc' dir='ltr'>ἐξελέσθαι</span> 
     </span>
    </p>
   </div>
   <div class='ocr_carea' id='block_1_40' title="bbox 236 3451 1260 3527">
    <p class='ocr_par' dir='ltr' id='par_1_40' title="bbox 236 3451 1260 3527">
     <span class='ocr_line' id='line_1_41' title="bbox 236 3451 1260 3527; baseline -0.014 -12"><span class='ocrx_word' id='word_1_259' title='bbox 236 3471 330 3523; x_wconf 87' lang='grc' dir='ltr'>τῆς</span> <span class='ocrx_word' id='word_1_260' title='bbox 355 3471 453 3513; x_wconf 83' lang='grc' dir='ltr'>των</span> <span class='ocrx_word' id='word_1_261' title='bbox 483 3454 750 3511; x_wconf 80' lang='grc' dir='ltr'>Ἰουδαίων</span> <span class='ocrx_word' id='word_1_262' title='bbox 778 3457 962 3527; x_wconf 75' lang='grc' dir='ltr'>ὁρμῆς.</span> <span class='ocrx_word' id='word_1_263' title='bbox 984 3451 1119 3526; x_wconf 78' lang='grc' dir='ltr'>’Ὁρα</span> <span class='ocrx_word' id='word_1_264' title='bbox 1137 3454 1260 3525; x_wconf 88' lang='grc' dir='ltr'>γάρ.</span> 
     </span>
    </p>
   </div>
   <div class='ocr_carea' id='block_1_41' title="bbox 309 3627 1830 3705">
    <p class='ocr_par' dir='ltr' id='par_1_41' title="bbox 309 3627 1830 3705">
     <span class='ocr_line' id='line_1_42' title="bbox 309 3627 1830 3705; baseline -0.007 -14"><span class='ocrx_word' id='word_1_265' title='bbox 309 3645 406 3692; x_wconf 83' lang='grc' dir='ltr'>Καὶ</span> <span class='ocrx_word' id='word_1_266' title='bbox 431 3669 497 3678; x_wconf 93' lang='lat'>-—-</span> <span class='ocrx_word' id='word_1_267' title='bbox 524 3636 684 3705; x_wconf 81' lang='grc' dir='ltr'>αύτῷ.</span> <span class='ocrx_word' id='word_1_268' title='bbox 713 3636 796 3688; x_wconf 77' lang='grc' dir='ltr'>Ἑν</span> <span class='ocrx_word' id='word_1_269' title='bbox 844 3641 914 3702; x_wconf 78' lang='grc' dir='ltr'>τῷ</span> <span class='ocrx_word' id='word_1_270' title='bbox 971 3627 1356 3702; x_wconf 83' lang='grc' dir='ltr'>προδηλωθέντι</span> <span class='ocrx_word' id='word_1_271' title='bbox 1391 3627 1649 3699; x_wconf 75' lang='grc' dir='ltr'>κεφαλαίῳ</span> <span class='ocrx_word' id='word_1_272' title='bbox 1681 3629 1830 3680; x_wconf 84' lang='grc' dir='ltr'>πάλιν</span> 
     </span>
    </p>
   </div>
   <div class='ocr_carea' id='block_1_42' title="bbox 229 3717 1828 3798">
    <p class='ocr_par' dir='ltr' id='par_1_42' title="bbox 229 3717 1828 3798">
     <span class='ocr_line' id='line_1_43' title="bbox 229 3717 1828 3798; baseline -0.007 -18"><span class='ocrx_word' id='word_1_273' title='bbox 229 3729 488 3798; x_wconf 77' lang='grc' dir='ltr'>ἀνάγνωθι</span> <span class='ocrx_word' id='word_1_274' title='bbox 519 3731 610 3783; x_wconf 77' lang='grc' dir='ltr'>τὴν</span> <span class='ocrx_word' id='word_1_275' title='bbox 644 3725 893 3794; x_wconf 71' lang='grc' dir='ltr'>ἐξήγησιν</span> <span class='ocrx_word' id='word_1_276' title='bbox 924 3728 1014 3771; x_wconf 75' lang='grc' dir='ltr'>τοῦ</span> <span class='ocrx_word' id='word_1_277' title='bbox 1049 3737 1059 3747; x_wconf 92' lang='grc'><strong>·</strong></span> <span class='ocrx_word' id='word_1_278' title='bbox 1108 3723 1204 3771; x_wconf 79' lang='grc' dir='ltr'>Καὶ</span> <span class='ocrx_word' id='word_1_279' title='bbox 1245 3721 1576 3791; x_wconf 71' lang='grc' dir='ltr'>ἐπηρώτησεν</span> <span class='ocrx_word' id='word_1_280' title='bbox 1621 3717 1773 3768; x_wconf 70' lang='grc' dir='ltr'>αὐτόν</span> <span class='ocrx_word' id='word_1_281' title='bbox 1805 3721 1828 3769; x_wconf 87' lang='grc' dir='ltr'>ό</span> 
     </span>
    </p>
   </div>
   <div class='ocr_carea' id='block_1_43' title="bbox 229 3805 1824 3888">
    <p class='ocr_par' dir='ltr' id='par_1_43' title="bbox 229 3805 1824 3888">
     <span class='ocr_line' id='line_1_44' title="bbox 229 3805 1824 3888; baseline -0.007 -20"><span class='ocrx_word' id='word_1_282' title='bbox 229 3820 434 3888; x_wconf 78' lang='grc' dir='ltr'>ἡγεμὼν</span> <span class='ocrx_word' id='word_1_283' title='bbox 471 3815 652 3888; x_wconf 89' lang='grc' dir='ltr'>[λέγων</span> <span class='ocrx_word' id='word_1_284' title='bbox 691 3813 801 3883; x_wconf 85' lang='lat'>(38)</span> <span class='ocrx_word' id='word_1_285' title='bbox 833 3829 842 3841; x_wconf 82' lang='lat'>&#39;</span> <span class='ocrx_word' id='word_1_286' title='bbox 872 3815 936 3862; x_wconf 82' lang='grc' dir='ltr'>Σύ</span> <span class='ocrx_word' id='word_1_287' title='bbox 970 3808 1013 3861; x_wconf 84' lang='grc' dir='ltr'>εἰ</span> <span class='ocrx_word' id='word_1_288' title='bbox 1044 3810 1068 3860; x_wconf 88' lang='grc' dir='ltr'>ό</span> <span class='ocrx_word' id='word_1_289' title='bbox 1103 3806 1344 3880; x_wconf 74' lang='grc' dir='ltr'>βασιλεὺς</span> <span class='ocrx_word' id='word_1_290' title='bbox 1387 3815 1485 3857; x_wconf 85' lang='grc' dir='ltr'>τῶν</span> <span class='ocrx_word' id='word_1_291' title='bbox 1519 3805 1824 3872; x_wconf 74' lang='grc' dir='ltr'>Ἰουδαίωνς</span> 
     </span>
    </p>
   </div>
   <div class='ocr_carea' id='block_1_44' title="bbox 229 3894 1826 3978">
    <p class='ocr_par' dir='ltr' id='par_1_44' title="bbox 229 3894 1826 3978">
     <span class='ocr_line' id='line_1_45' title="bbox 229 3894 1826 3978; baseline -0.007 -20"><span class='ocrx_word' id='word_1_292' title='bbox 229 3906 277 3958; x_wconf 87' lang='grc' dir='ltr'>ἐν</span> <span class='ocrx_word' id='word_1_293' title='bbox 310 3908 336 3962; x_wconf 79' lang='grc' dir='ltr'><em>ἦ</em></span> <span class='ocrx_word' id='word_1_294' title='bbox 372 3911 460 3956; x_wconf 82' lang='grc' dir='ltr'>καὶ</span> <span class='ocrx_word' id='word_1_295' title='bbox 488 3906 624 3978; x_wconf 78' lang='grc' dir='ltr'>ρητὰ</span> <span class='ocrx_word' id='word_1_296' title='bbox 662 3910 752 3953; x_wconf 79' lang='grc' dir='ltr'>τοῦ</span> <span class='ocrx_word' id='word_1_297' title='bbox 799 3908 836 3952; x_wconf 86' lang='grc' dir='ltr'><strong>Λ</strong></span> <span class='ocrx_word' id='word_1_298' title='bbox 851 3905 982 3950; x_wconf 83' lang='grc' dir='ltr'>ουκᾱ</span> <span class='ocrx_word' id='word_1_299' title='bbox 1011 3897 1481 3969; x_wconf 82' lang='grc' dir='ltr'>ἐμνημονεύθησαν,</span> <span class='ocrx_word' id='word_1_300' title='bbox 1528 3894 1611 3966; x_wconf 79' lang='grc' dir='ltr'>ἀφ’</span> <span class='ocrx_word' id='word_1_301' title='bbox 1641 3896 1708 3946; x_wconf 80' lang='grc' dir='ltr'>ὧν</span> <span class='ocrx_word' id='word_1_302' title='bbox 1737 3903 1826 3949; x_wconf 82' lang='grc' dir='ltr'>καὶ</span> 
     </span>
    </p>
   </div>
   <div class='ocr_carea' id='block_1_45' title="bbox 226 3988 969 4066">
    <p class='ocr_par' dir='ltr' id='par_1_45' title="bbox 226 3988 969 4066">
     <span class='ocr_line' id='line_1_46' title="bbox 226 3988 969 4066; baseline -0.012 -18"><span class='ocrx_word' id='word_1_303' title='bbox 226 4001 282 4048; x_wconf 89' lang='grc' dir='ltr'>τό</span> <span class='ocrx_word' id='word_1_304' title='bbox 314 3999 479 4066; x_wconf 82' lang='grc' dir='ltr'>παρὸν</span> <span class='ocrx_word' id='word_1_305' title='bbox 513 3988 969 4062; x_wconf 78' lang='grc' dir='ltr'>διαγινώσκεται.]</span> 
     </span>
    </p>
   </div>
   <div class='ocr_carea' id='block_1_46' title="bbox 300 4073 1543 4142">
    <p class='ocr_par' dir='ltr' id='par_1_46' title="bbox 300 4073 1543 4142">
     <span class='ocr_line' id='line_1_47' title="bbox 300 4073 1543 4142; baseline -0.01 -5"><span class='ocrx_word' id='word_1_306' title='bbox 300 4084 458 4139; x_wconf 77' lang='grc' dir='ltr'>’Ἐστι</span> <span class='ocrx_word' id='word_1_307' title='bbox 483 4113 552 4123; x_wconf 93' lang='lat'>—</span> <span class='ocrx_word' id='word_1_308' title='bbox 581 4077 886 4140; x_wconf 82' lang='grc' dir='ltr'>Ἰουδαίων;</span> <span class='ocrx_word' id='word_1_309' title='bbox 922 4083 1158 4134; x_wconf 77' lang='grc' dir='ltr'>Ζητησον</span> <span class='ocrx_word' id='word_1_310' title='bbox 1191 4073 1236 4126; x_wconf 84' lang='grc' dir='ltr'>ἐν</span> <span class='ocrx_word' id='word_1_311' title='bbox 1269 4073 1408 4142; x_wconf 75' lang='grc' dir='ltr'>αύτῷ</span> <span class='ocrx_word' id='word_1_312' title='bbox 1442 4078 1499 4126; x_wconf 89' lang='grc' dir='ltr'>τό</span> <span class='ocrx_word' id='word_1_313' title='bbox 1532 4093 1543 4105; x_wconf 82' lang='grc'><em>’</em></span> 
     </span>
    </p>
   </div>
   <div class='ocr_carea' id='block_1_47' title="bbox 227 4162 1822 4245">
    <p class='ocr_par' dir='ltr' id='par_1_47' title="bbox 227 4162 1822 4245">
     <span class='ocr_line' id='line_1_48' title="bbox 227 4162 1822 4245; baseline -0.011 -19"><span class='ocrx_word' id='word_1_314' title='bbox 227 4175 407 4245; x_wconf 79' lang='grc' dir='ltr'>ἑορτὴν</span> <span class='ocrx_word' id='word_1_315' title='bbox 435 4173 601 4224; x_wconf 76' lang='grc' dir='ltr'>εἰώθει</span> <span class='ocrx_word' id='word_1_316' title='bbox 645 4171 670 4220; x_wconf 88' lang='grc' dir='ltr'>ό</span> <span class='ocrx_word' id='word_1_317' title='bbox 716 4170 918 4239; x_wconf 76' lang='grc' dir='ltr'>ἡγεμὼν</span> <span class='ocrx_word' id='word_1_318' title='bbox 966 4163 1224 4235; x_wconf 78' lang='grc' dir='ltr'>[ἀπολύειν</span> <span class='ocrx_word' id='word_1_319' title='bbox 1265 4163 1375 4232; x_wconf 79' lang='lat'>(39)</span> <span class='ocrx_word' id='word_1_320' title='bbox 1426 4163 1511 4214; x_wconf 79' lang='grc' dir='ltr'>ἕνα</span> <span class='ocrx_word' id='word_1_321' title='bbox 1563 4172 1632 4232; x_wconf 77' lang='grc' dir='ltr'>τῷ</span> <span class='ocrx_word' id='word_1_322' title='bbox 1681 4162 1822 4234; x_wconf 80' lang='grc' dir='ltr'>ὄχλῳ</span> 
     </span>
    </p>
   </div>
   <div class='ocr_carea' id='block_1_48' title="bbox 229 4251 1823 4333">
    <p class='ocr_par' dir='ltr' id='par_1_48' title="bbox 229 4251 1823 4333">
     <span class='ocr_line' id='line_1_49' title="bbox 229 4251 1823 4333; baseline -0.008 -19"><span class='ocrx_word' id='word_1_323' title='bbox 229 4261 464 4333; x_wconf 84' lang='grc' dir='ltr'>δέσμιον,</span> <span class='ocrx_word' id='word_1_324' title='bbox 515 4260 566 4312; x_wconf 81' lang='grc' dir='ltr'>ὃν</span> <span class='ocrx_word' id='word_1_325' title='bbox 599 4257 796 4318; x_wconf 85' lang='grc' dir='ltr'>ηθελον.</span> <span class='ocrx_word' id='word_1_326' title='bbox 848 4256 982 4309; x_wconf 78' lang='grc' dir='ltr'>Ἐκεί</span> <span class='ocrx_word' id='word_1_327' title='bbox 1022 4256 1121 4325; x_wconf 71' lang='grc' dir='ltr'>γὰρ</span> <span class='ocrx_word' id='word_1_328' title='bbox 1165 4251 1353 4326; x_wconf 76' lang='grc' dir='ltr'>ἐρρήθη</span> <span class='ocrx_word' id='word_1_329' title='bbox 1403 4257 1489 4304; x_wconf 79' lang='grc' dir='ltr'>καὶ</span> <span class='ocrx_word' id='word_1_330' title='bbox 1543 4257 1660 4326; x_wconf 84' lang='grc' dir='ltr'>περὶ</span> <span class='ocrx_word' id='word_1_331' title='bbox 1701 4255 1823 4304; x_wconf 83' lang='grc' dir='ltr'>τού-</span> 
     </span>
    </p>
   </div>
   <div class='ocr_carea' id='block_1_49' title="bbox 1592 4072 1824 4127">
    <p class='ocr_par' dir='ltr' id='par_1_49' title="bbox 1592 4072 1824 4127">
     <span class='ocr_line' id='line_1_50' title="bbox 1592 4072 1824 4127; baseline 0.004 -1"><span class='ocrx_word' id='word_1_332' title='bbox 1592 4077 1732 4126; x_wconf 83' lang='grc' dir='ltr'>Κατά</span> <span class='ocrx_word' id='word_1_333' title='bbox 1766 4072 1824 4127; x_wconf 79' lang='grc' dir='ltr'>δὲ</span> 
     </span>
    </p>
   </div>
   <div class='ocr_carea' id='block_1_50' title="bbox 223 4350 365 4422">
    <p class='ocr_par' dir='ltr' id='par_1_50' title="bbox 223 4350 365 4422">
     <span class='ocr_line' id='line_1_51' title="bbox 223 4350 365 4422; baseline -0.014 -18"><span class='ocrx_word' id='word_1_334' title='bbox 223 4350 365 4422; x_wconf 88' lang='grc' dir='ltr'>του.]</span> 
     </span>
    </p>
   </div>
   <div class='ocr_carea' id='block_1_51' title="bbox 295 4429 1820 4514">
    <p class='ocr_par' dir='ltr' id='par_1_51' title="bbox 295 4429 1820 4514">
     <span class='ocr_line' id='line_1_52' title="bbox 295 4429 1820 4514; baseline -0.007 -22"><span class='ocrx_word' id='word_1_335' title='bbox 295 4442 663 4514; x_wconf 83' lang='grc' dir='ltr'>Ἐκραύγασαν</span> <span class='ocrx_word' id='word_1_336' title='bbox 703 4468 770 4478; x_wconf 96' lang='grc'><strong><em>-</em></strong></span> <span class='ocrx_word' id='word_1_337' title='bbox 817 4436 1022 4508; x_wconf 69' lang='grc' dir='ltr'>λῃστής.</span> <span class='ocrx_word' id='word_1_338' title='bbox 1061 4434 1171 4502; x_wconf 74' lang='grc' dir='ltr'>[Ἐν</span> <span class='ocrx_word' id='word_1_339' title='bbox 1211 4429 1381 4501; x_wconf 74' lang='grc' dir='ltr'>ἐκείνῳ</span> <span class='ocrx_word' id='word_1_340' title='bbox 1413 4430 1524 4499; x_wconf 80' lang='grc' dir='ltr'>(4οὶ</span> <span class='ocrx_word' id='word_1_341' title='bbox 1563 4440 1634 4500; x_wconf 77' lang='grc' dir='ltr'>τῷ</span> <span class='ocrx_word' id='word_1_342' title='bbox 1665 4451 1820 4502; x_wconf 79' lang='grc' dir='ltr'>κεφα-</span> 
     </span>
    </p>
   </div>
   <div class='ocr_carea' id='block_1_52' title="bbox 223 4518 1821 4601">
    <p class='ocr_par' dir='ltr' id='par_1_52' title="bbox 223 4518 1821 4601">
     <span class='ocr_line' id='line_1_53' title="bbox 223 4518 1821 4601; baseline -0.005 -20"><span class='ocrx_word' id='word_1_343' title='bbox 223 4533 352 4601; x_wconf 86' lang='grc' dir='ltr'>λαίῳ</span> <span class='ocrx_word' id='word_1_344' title='bbox 383 4536 542 4601; x_wconf 77' lang='grc' dir='ltr'>φησιν</span> <span class='ocrx_word' id='word_1_345' title='bbox 575 4531 598 4580; x_wconf 90' lang='grc' dir='ltr'>ό</span> <span class='ocrx_word' id='word_1_346' title='bbox 629 4528 896 4585; x_wconf 85' lang='grc' dir='ltr'>Ματθαῖος</span> <span class='ocrx_word' id='word_1_347' title='bbox 925 4543 937 4554; x_wconf 77' lang='grc' dir='ltr'>ο</span> <span class='ocrx_word' id='word_1_348' title='bbox 983 4524 1047 4574; x_wconf 82' lang='grc' dir='ltr'><strong>Οἱ</strong></span> <span class='ocrx_word' id='word_1_349' title='bbox 1079 4518 1138 4572; x_wconf 73' lang='grc' dir='ltr'>δὲ</span> <span class='ocrx_word' id='word_1_350' title='bbox 1179 4519 1441 4593; x_wconf 80' lang='grc' dir='ltr'>ἀρχιερεῖς</span> <span class='ocrx_word' id='word_1_351' title='bbox 1471 4525 1553 4572; x_wconf 83' lang='grc' dir='ltr'>καὶ</span> <span class='ocrx_word' id='word_1_352' title='bbox 1587 4523 1634 4572; x_wconf 82' lang='grc' dir='ltr'>οἱ</span> <span class='ocrx_word' id='word_1_353' title='bbox 1664 4541 1821 4593; x_wconf 85' lang='grc' dir='ltr'>πρεσ-</span> 
     </span>
    </p>
   </div>
   <div class='ocr_carea' id='block_1_53' title="bbox 223 4593 1899 4692">
    <p class='ocr_par' dir='ltr' id='par_1_53' title="bbox 223 4593 1899 4692">
     <span class='ocr_line' id='line_1_54' title="bbox 223 4593 1899 4692; baseline -0.005 -22"><span class='ocrx_word' id='word_1_354' title='bbox 223 4619 426 4692; x_wconf 74' lang='grc' dir='ltr'>ϐύτεροι</span> <span class='ocrx_word' id='word_1_355' title='bbox 475 4622 680 4670; x_wconf 80' lang='grc' dir='ltr'>ἔπεισαν</span> <span class='ocrx_word' id='word_1_356' title='bbox 718 4619 802 4667; x_wconf 88' lang='grc' dir='ltr'>τὸν</span> <span class='ocrx_word' id='word_1_357' title='bbox 835 4614 948 4684; x_wconf 72' lang='grc'>(41)</span> <span class='ocrx_word' id='word_1_358' title='bbox 999 4611 1175 4683; x_wconf 75' lang='grc' dir='ltr'>ὄχλον,</span> <span class='ocrx_word' id='word_1_359' title='bbox 1233 4611 1313 4660; x_wconf 83' lang='grc' dir='ltr'>ἵνα</span> <span class='ocrx_word' id='word_1_360' title='bbox 1369 4610 1682 4667; x_wconf 72' lang='grc' dir='ltr'>αἰτήσωνται</span> <span class='ocrx_word' id='word_1_361' title='bbox 1735 4614 1819 4662; x_wconf 86' lang='grc' dir='ltr'>τόν</span> <span class='ocrx_word' id='word_1_362' title='bbox 1858 4593 1899 4646; x_wconf 82' lang='lat' dir='ltr'>D</span> 
     </span>
    </p>
   </div>
   <div class='ocr_carea' id='block_1_54' title="bbox 225 4698 1820 4780">
    <p class='ocr_par' dir='ltr' id='par_1_54' title="bbox 225 4698 1820 4780">
     <span class='ocr_line' id='line_1_55' title="bbox 225 4698 1820 4780; baseline -0.006 -20"><span class='ocrx_word' id='word_1_363' title='bbox 225 4707 516 4780; x_wconf 69' lang='grc' dir='ltr'>Βαραϐϐᾶν,</span> <span class='ocrx_word' id='word_1_364' title='bbox 564 4710 650 4757; x_wconf 84' lang='grc' dir='ltr'>τόν</span> <span class='ocrx_word' id='word_1_365' title='bbox 699 4702 755 4756; x_wconf 76' lang='grc' dir='ltr'>δε</span> <span class='ocrx_word' id='word_1_366' title='bbox 805 4703 1009 4760; x_wconf 66' lang='grc' dir='ltr'>Ἰησοῦν</span> <span class='ocrx_word' id='word_1_367' title='bbox 1060 4699 1354 4750; x_wconf 77' lang='grc' dir='ltr'>ἀπολέσωσι</span> <span class='ocrx_word' id='word_1_368' title='bbox 1388 4717 1400 4730; x_wconf 82' lang='grc'><strong>”</strong></span> <span class='ocrx_word' id='word_1_369' title='bbox 1433 4705 1522 4750; x_wconf 81' lang='grc' dir='ltr'>καὶ</span> <span class='ocrx_word' id='word_1_370' title='bbox 1567 4698 1820 4770; x_wconf 81' lang='grc' dir='ltr'>ἀνάγνωθι</span> 
     </span>
    </p>
   </div>
   <div class='ocr_carea' id='block_1_55' title="bbox 223 4792 828 4868">
    <p class='ocr_par' dir='ltr' id='par_1_55' title="bbox 223 4792 828 4868">
     <span class='ocr_line' id='line_1_56' title="bbox 223 4792 828 4868; baseline -0.003 -20"><span class='ocrx_word' id='word_1_371' title='bbox 223 4803 316 4854; x_wconf 82' lang='grc' dir='ltr'>τήν</span> <span class='ocrx_word' id='word_1_372' title='bbox 347 4796 594 4868; x_wconf 78' lang='grc' dir='ltr'>ἐξήγησιν</span> <span class='ocrx_word' id='word_1_373' title='bbox 618 4792 828 4864; x_wconf 75' lang='grc' dir='ltr'>αύτού.]</span> 
     </span>
    </p>
   </div>
   <div class='ocr_carea' id='block_1_56' title="bbox 293 4877 1818 4958">
    <p class='ocr_par' dir='ltr' id='par_1_56' title="bbox 293 4877 1818 4958">
     <span class='ocr_line' id='line_1_57' title="bbox 293 4877 1818 4958; baseline -0.006 -21"><span class='ocrx_word' id='word_1_374' title='bbox 293 4890 418 4937; x_wconf 82' lang='grc' dir='ltr'>Τότε</span> <span class='ocrx_word' id='word_1_375' title='bbox 478 4915 544 4923; x_wconf 93' lang='lat'>——</span> <span class='ocrx_word' id='word_1_376' title='bbox 597 4885 924 4958; x_wconf 78' lang='grc' dir='ltr'>ῥαπίσματα.</span> <span class='ocrx_word' id='word_1_377' title='bbox 991 4878 1073 4930; x_wconf 84' lang='grc' dir='ltr'>Ἐν</span> <span class='ocrx_word' id='word_1_378' title='bbox 1150 4885 1220 4946; x_wconf 80' lang='grc' dir='ltr'>τῷ</span> <span class='ocrx_word' id='word_1_379' title='bbox 1291 4880 1508 4948; x_wconf 86' lang='grc' dir='ltr'>τοιούτῳ</span> <span class='ocrx_word' id='word_1_380' title='bbox 1563 4877 1818 4949; x_wconf 78' lang='grc' dir='ltr'>κεφαλαίῳ</span> 
     </span>
    </p>
   </div>
   <div class='ocr_carea' id='block_1_57' title="bbox 224 4967 1816 5038">
    <p class='ocr_par' dir='ltr' id='par_1_57' title="bbox 224 4967 1816 5038">
     <span class='ocr_line' id='line_1_58' title="bbox 224 4967 1816 5038; baseline -0.005 -12"><span class='ocrx_word' id='word_1_381' title='bbox 224 4973 446 5036; x_wconf 79' lang='grc' dir='ltr'>καθεξῆς</span> <span class='ocrx_word' id='word_1_382' title='bbox 495 4977 583 5024; x_wconf 87' lang='grc' dir='ltr'>καὶ</span> <span class='ocrx_word' id='word_1_383' title='bbox 631 4979 794 5024; x_wconf 78' lang='grc' dir='ltr'>ταῦτα</span> <span class='ocrx_word' id='word_1_384' title='bbox 835 4970 1004 5022; x_wconf 82' lang='grc' dir='ltr'>πάντα</span> <span class='ocrx_word' id='word_1_385' title='bbox 1060 4975 1194 5038; x_wconf 56' lang='grc' dir='ltr'>σαφῆ</span> <span class='ocrx_word' id='word_1_386' title='bbox 1246 4970 1494 5037; x_wconf 86' lang='grc' dir='ltr'>γεγόνασι</span> <span class='ocrx_word' id='word_1_387' title='bbox 1549 4971 1681 5018; x_wconf 80' lang='grc' dir='ltr'>κατὰ</span> <span class='ocrx_word' id='word_1_388' title='bbox 1733 4967 1816 5019; x_wconf 87' lang='grc' dir='ltr'>λό-</span> 
     </span>
    </p>
   </div>
   <div class='ocr_carea' id='block_1_58' title="bbox 1684 5171 1902 5227">
    <p class='ocr_par' dir='ltr' id='par_1_58' title="bbox 1684 5171 1902 5227">
     <span class='ocr_line' id='line_1_59' title="bbox 1684 5171 1902 5227; baseline 0.005 -1"><span class='ocrx_word' id='word_1_389' title='bbox 1684 5174 1727 5207; x_wconf 67' lang='grc' dir='ltr'>τ¹</span> <span class='ocrx_word' id='word_1_390' title='bbox 1764 5171 1902 5227; x_wconf 89' lang='lat' dir='ltr'>ibid.</span> 
     </span>
    </p>
   </div>
   <div class='ocr_carea' id='block_1_59' title="bbox 296 5171 1572 5239">
    <p class='ocr_par' dir='ltr' id='par_1_59' title="bbox 296 5171 1572 5239">
     <span class='ocr_line' id='line_1_60' title="bbox 296 5171 1572 5239; baseline -0.005 -7"><span class='ocrx_word' id='word_1_391' title='bbox 296 5179 340 5212; x_wconf 68' lang='lat'><strong>‘9</strong></span> <span class='ocrx_word' id='word_1_392' title='bbox 381 5178 554 5232; x_wconf 88' lang='lat' dir='ltr'>Joan.</span> <span class='ocrx_word' id='word_1_393' title='bbox 587 5190 690 5239; x_wconf 82' lang='lat' dir='ltr'>xu,</span> <span class='ocrx_word' id='word_1_394' title='bbox 724 5178 810 5229; x_wconf 88' lang='lat'>33.</span> <span class='ocrx_word' id='word_1_395' title='bbox 939 5175 987 5208; x_wconf 78' lang='grc' dir='ltr'>το</span> <span class='ocrx_word' id='word_1_396' title='bbox 1029 5171 1229 5228; x_wconf 80' lang='lat' dir='ltr'>Matth.</span> <span class='ocrx_word' id='word_1_397' title='bbox 1274 5187 1450 5228; x_wconf 79' lang='lat' dir='ltr'>xxvu.</span> <span class='ocrx_word' id='word_1_398' title='bbox 1486 5176 1572 5225; x_wconf 80' lang='lat' dir='ltr'>tt.</span> 
     </span>
    </p>
   </div>
   <div class='ocr_carea' id='block_1_60' title="bbox 1951 601 3603 674">
    <p class='ocr_par' dir='ltr' id='par_1_60' title="bbox 1951 601 3603 674">
     <span class='ocr_line' id='line_1_61' title="bbox 1951 601 3603 674; baseline 0 -16"><span class='ocrx_word' id='word_1_399' title='bbox 1951 603 2198 668; x_wconf 80' lang='lat' dir='ltr'>dicebat,</span> <span class='ocrx_word' id='word_1_400' title='bbox 2217 604 2552 674; x_wconf 76' lang='lat' dir='ltr'>signiﬁca-ns</span> <span class='ocrx_word' id='word_1_401' title='bbox 2565 619 2679 674; x_wconf 87' lang='lat' dir='ltr'>qua</span> <span class='ocrx_word' id='word_1_402' title='bbox 2696 611 2882 660; x_wconf 86' lang='lat' dir='ltr'>morte</span> <span class='ocrx_word' id='word_1_403' title='bbox 2897 610 3041 660; x_wconf 83' lang='lat' dir='ltr'><strong><em>esset</em></strong></span> <span class='ocrx_word' id='word_1_404' title='bbox 3058 605 3386 660; x_wconf 86' lang='lat' dir='ltr'>moriturus</span> <span class='ocrx_word' id='word_1_405' title='bbox 3400 605 3470 669; x_wconf 72' lang='grc'>⁸9,</span> <span class='ocrx_word' id='word_1_406' title='bbox 3489 601 3603 659; x_wconf 89' lang='lat' dir='ltr'>hoc</span> 
     </span>
    </p>
   </div>
   <div class='ocr_carea' id='block_1_61' title="bbox 1951 693 3101 766">
    <p class='ocr_par' dir='ltr' id='par_1_61' title="bbox 1951 693 3101 766">
     <span class='ocr_line' id='line_1_62' title="bbox 1951 693 3101 766; baseline 0.003 -18"><span class='ocrx_word' id='word_1_407' title='bbox 1951 697 2056 756; x_wconf 90' lang='lat' dir='ltr'>est,</span> <span class='ocrx_word' id='word_1_408' title='bbox 2081 695 2446 766; x_wconf 80' lang='lat' dir='ltr'>aenigmatice</span> <span class='ocrx_word' id='word_1_409' title='bbox 2469 697 2720 750; x_wconf 89' lang='lat' dir='ltr'>mortem</span> <span class='ocrx_word' id='word_1_410' title='bbox 2750 693 3101 764; x_wconf 82' lang='lat' dir='ltr'>designans.</span> 
     </span>
    </p>
   </div>
   <div class='ocr_carea' id='block_1_62' title="bbox 2022 875 3602 946">
    <p class='ocr_par' dir='ltr' id='par_1_62' title="bbox 2022 875 3602 946">
     <span class='ocr_line' id='line_1_63' title="bbox 2022 875 3602 946; baseline 0.002 -17"><span class='ocrx_word' id='word_1_411' title='bbox 2022 877 2182 932; x_wconf 90' lang='lat' dir='ltr'>Vers.</span> <span class='ocrx_word' id='word_1_412' title='bbox 2224 879 2308 931; x_wconf 90' lang='lat'>33.</span> <span class='ocrx_word' id='word_1_413' title='bbox 2353 876 2658 946; x_wconf 80' lang='lat' dir='ltr'>Ingressus</span> <span class='ocrx_word' id='word_1_414' title='bbox 2689 905 2754 916; x_wconf 89' lang='lat'><strong>—</strong></span> <span class='ocrx_word' id='word_1_415' title='bbox 2792 876 2953 930; x_wconf 90' lang='lat' dir='ltr'>Vers.</span> <span class='ocrx_word' id='word_1_416' title='bbox 2989 876 3076 931; x_wconf 81' lang='lat'>35.</span> <span class='ocrx_word' id='word_1_417' title='bbox 3111 875 3279 932; x_wconf 79' lang='lat' dir='ltr'>mihi.</span> <span class='ocrx_word' id='word_1_418' title='bbox 3313 875 3478 931; x_wconf 92' lang='lat' dir='ltr'>Dicto</span> <span class='ocrx_word' id='word_1_419' title='bbox 3509 891 3602 932; x_wconf 86' lang='lat' dir='ltr'>ca-</span> 
     </span>
    </p>
   </div>
   <div class='ocr_carea' id='block_1_63' title="bbox 1951 964 3596 1036">
    <p class='ocr_par' dir='ltr' id='par_1_63' title="bbox 1951 964 3596 1036">
     <span class='ocr_line' id='line_1_64' title="bbox 1951 964 3596 1036; baseline 0.001 -18"><span class='ocrx_word' id='word_1_420' title='bbox 1951 964 2068 1034; x_wconf 91' lang='lat' dir='ltr'>pite</span> <span class='ocrx_word' id='word_1_421' title='bbox 2107 965 2285 1020; x_wconf 92' lang='lat' dir='ltr'>etiam</span> <span class='ocrx_word' id='word_1_422' title='bbox 2324 965 2399 1020; x_wconf 91' lang='lat' dir='ltr'>de</span> <span class='ocrx_word' id='word_1_423' title='bbox 2435 965 2526 1019; x_wconf 89' lang='lat' dir='ltr'>his</span> <span class='ocrx_word' id='word_1_424' title='bbox 2567 980 2671 1036; x_wconf 91' lang='lat' dir='ltr'>per</span> <span class='ocrx_word' id='word_1_425' title='bbox 2709 965 2982 1020; x_wconf 86' lang='lat' dir='ltr'>ordinem</span> <span class='ocrx_word' id='word_1_426' title='bbox 3014 964 3300 1031; x_wconf 87' lang='lat' dir='ltr'>invenies,</span> <span class='ocrx_word' id='word_1_427' title='bbox 3336 965 3396 1020; x_wconf 90' lang='lat' dir='ltr'>in</span> <span class='ocrx_word' id='word_1_428' title='bbox 3436 964 3596 1020; x_wconf 90' lang='lat' dir='ltr'>illius</span> 
     </span>
    </p>
   </div>
   <div class='ocr_carea' id='block_1_64' title="bbox 1951 1053 3602 1124">
    <p class='ocr_par' dir='ltr' id='par_1_64' title="bbox 1951 1053 3602 1124">
     <span class='ocr_line' id='line_1_65' title="bbox 1951 1053 3602 1124; baseline 0.001 -18"><span class='ocrx_word' id='word_1_429' title='bbox 1951 1053 2086 1108; x_wconf 88' lang='lat' dir='ltr'>dicti</span> <span class='ocrx_word' id='word_1_430' title='bbox 2126 1054 2497 1108; x_wconf 82' lang='lat' dir='ltr'>enarratione</span> <span class='ocrx_word' id='word_1_431' title='bbox 2540 1073 2552 1106; x_wconf 86' lang='lat'><strong>:</strong></span> <span class='ocrx_word' id='word_1_432' title='bbox 2585 1056 2665 1108; x_wconf 87' lang='lat' dir='ltr'>Et</span> <span class='ocrx_word' id='word_1_433' title='bbox 2695 1054 3079 1122; x_wconf 74' lang='lat' dir='ltr'>interrogavit</span> <span class='ocrx_word' id='word_1_434' title='bbox 3109 1069 3238 1110; x_wconf 89' lang='lat' dir='ltr'>eum</span> <span class='ocrx_word' id='word_1_435' title='bbox 3265 1069 3480 1124; x_wconf 68' lang='lat' dir='ltr'>praeses</span> <span class='ocrx_word' id='word_1_436' title='bbox 3515 1054 3602 1109; x_wconf 87' lang='lat' dir='ltr'>di-</span> 
     </span>
    </p>
   </div>
   <div class='ocr_carea' id='block_1_65' title="bbox 1950 1143 2934 1205">
    <p class='ocr_par' dir='ltr' id='par_1_65' title="bbox 1950 1143 2934 1205">
     <span class='ocr_line' id='line_1_66' title="bbox 1950 1143 2934 1205; baseline -0.001 -7"><span class='ocrx_word' id='word_1_437' title='bbox 1950 1159 2096 1205; x_wconf 86' lang='lat' dir='ltr'>cens,</span> <span class='ocrx_word' id='word_1_438' title='bbox 2125 1145 2209 1197; x_wconf 89' lang='lat' dir='ltr'>Tu</span> <span class='ocrx_word' id='word_1_439' title='bbox 2235 1159 2292 1198; x_wconf 90' lang='lat' dir='ltr'>es</span> <span class='ocrx_word' id='word_1_440' title='bbox 2324 1159 2427 1198; x_wconf 70' lang='lat' dir='ltr'>rem</span> <span class='ocrx_word' id='word_1_441' title='bbox 2452 1143 2789 1198; x_wconf 75' lang='lat' dir='ltr'>Judaeorum</span> <span class='ocrx_word' id='word_1_442' title='bbox 2829 1145 2878 1178; x_wconf 77' lang='grc' dir='ltr'><strong><em>το</em></strong></span> <span class='ocrx_word' id='word_1_443' title='bbox 2907 1144 2934 1197; x_wconf 86' lang='lat'><strong><em>?</em></strong></span> 
     </span>
    </p>
   </div>
   <div class='ocr_carea' id='block_1_66' title="bbox 2022 1231 3602 1302">
    <p class='ocr_par' dir='ltr' id='par_1_66' title="bbox 2022 1231 3602 1302">
     <span class='ocr_line' id='line_1_67' title="bbox 2022 1231 3602 1302; baseline 0.002 -18"><span class='ocrx_word' id='word_1_444' title='bbox 2022 1233 2190 1287; x_wconf 88' lang='lat' dir='ltr'>Vers.</span> <span class='ocrx_word' id='word_1_445' title='bbox 2222 1232 2310 1286; x_wconf 79' lang='lat'>35.</span> <span class='ocrx_word' id='word_1_446' title='bbox 2347 1231 2500 1298; x_wconf 82' lang='lat' dir='ltr'>Quid</span> <span class='ocrx_word' id='word_1_447' title='bbox 2538 1263 2606 1271; x_wconf 95' lang='lat'><strong>—</strong></span> <span class='ocrx_word' id='word_1_448' title='bbox 2634 1233 2796 1286; x_wconf 84' lang='lat' dir='ltr'>Vers.</span> <span class='ocrx_word' id='word_1_449' title='bbox 2840 1232 2930 1286; x_wconf 88' lang='lat'>37.</span> <span class='ocrx_word' id='word_1_450' title='bbox 2965 1248 3080 1302; x_wconf 86' lang='lat' dir='ltr'>ego.</span> <span class='ocrx_word' id='word_1_451' title='bbox 3126 1232 3213 1288; x_wconf 93' lang='lat' dir='ltr'>Ibi</span> <span class='ocrx_word' id='word_1_452' title='bbox 3253 1233 3432 1288; x_wconf 90' lang='lat' dir='ltr'>etiam</span> <span class='ocrx_word' id='word_1_453' title='bbox 3471 1233 3602 1289; x_wconf 70' lang='lat' dir='ltr'>haec</span> 
     </span>
    </p>
   </div>
   <div class='ocr_carea' id='block_1_67' title="bbox 1950 1322 3279 1391">
    <p class='ocr_par' dir='ltr' id='par_1_67' title="bbox 1950 1322 3279 1391">
     <span class='ocr_line' id='line_1_68' title="bbox 1950 1322 3279 1391; baseline 0.004 -16"><span class='ocrx_word' id='word_1_454' title='bbox 1950 1325 2383 1391; x_wconf 80' lang='lat' dir='ltr'>consequenter</span> <span class='ocrx_word' id='word_1_455' title='bbox 2413 1322 2612 1375; x_wconf 90' lang='lat' dir='ltr'>sortita</span> <span class='ocrx_word' id='word_1_456' title='bbox 2647 1325 2783 1375; x_wconf 89' lang='lat' dir='ltr'>sunt</span> <span class='ocrx_word' id='word_1_457' title='bbox 2819 1322 3279 1380; x_wconf 80' lang='lat' dir='ltr'>enarrationem.</span> 
     </span>
    </p>
   </div>
   <div class='ocr_carea' id='block_1_68' title="bbox 2021 1409 3599 1481">
    <p class='ocr_par' dir='ltr' id='par_1_68' title="bbox 2021 1409 3599 1481">
     <span class='ocr_line' id='line_1_69' title="bbox 2021 1409 3599 1481; baseline 0.002 -18"><span class='ocrx_word' id='word_1_458' title='bbox 2021 1411 2186 1463; x_wconf 88' lang='lat' dir='ltr'>Vers.</span> <span class='ocrx_word' id='word_1_459' title='bbox 2221 1413 2306 1464; x_wconf 67' lang='lat'>37&#39;.</span> <span class='ocrx_word' id='word_1_460' title='bbox 2337 1409 2462 1477; x_wconf 88' lang='lat' dir='ltr'>Ego</span> <span class='ocrx_word' id='word_1_461' title='bbox 2491 1439 2559 1446; x_wconf 89' lang='lat'>——</span> <span class='ocrx_word' id='word_1_462' title='bbox 2580 1409 2835 1464; x_wconf 76' lang='lat' dir='ltr'>veritati.</span> <span class='ocrx_word' id='word_1_463' title='bbox 2870 1410 3013 1463; x_wconf 90' lang='lat' dir='ltr'>Cum</span> <span class='ocrx_word' id='word_1_464' title='bbox 3039 1425 3076 1464; x_wconf 90' lang='lat' dir='ltr'>a</span> <span class='ocrx_word' id='word_1_465' title='bbox 3105 1409 3396 1481; x_wconf 91' lang='lat' dir='ltr'>principio</span> <span class='ocrx_word' id='word_1_466' title='bbox 3423 1409 3599 1466; x_wconf 91' lang='lat' dir='ltr'>inter-</span> 
     </span>
    </p>
   </div>
   <div class='ocr_carea' id='block_1_69' title="bbox 1949 1497 3602 1570">
    <p class='ocr_par' dir='ltr' id='par_1_69' title="bbox 1949 1497 3602 1570">
     <span class='ocr_line' id='line_1_70' title="bbox 1949 1497 3602 1570; baseline 0 -17"><span class='ocrx_word' id='word_1_467' title='bbox 1949 1503 2213 1567; x_wconf 82' lang='lat' dir='ltr'>rogasset</span> <span class='ocrx_word' id='word_1_468' title='bbox 2234 1497 2476 1562; x_wconf 87' lang='lat' dir='ltr'>Pilatus,</span> <span class='ocrx_word' id='word_1_469' title='bbox 2514 1499 2594 1552; x_wconf 84' lang='lat' dir='ltr'>Tu</span> <span class='ocrx_word' id='word_1_470' title='bbox 2621 1513 2677 1554; x_wconf 89' lang='lat' dir='ltr'>es</span> <span class='ocrx_word' id='word_1_471' title='bbox 2707 1513 2818 1552; x_wconf 75' lang='lat' dir='ltr'>rea:</span> <span class='ocrx_word' id='word_1_472' title='bbox 2835 1499 3185 1553; x_wconf 62' lang='lat' dir='ltr'>Judmorum</span> <span class='ocrx_word' id='word_1_473' title='bbox 3209 1499 3237 1552; x_wconf 74' lang='lat'>.9</span> <span class='ocrx_word' id='word_1_474' title='bbox 3267 1515 3336 1554; x_wconf 88' lang='lat' dir='ltr'>ac</span> <span class='ocrx_word' id='word_1_475' title='bbox 3362 1514 3602 1570; x_wconf 85' lang='lat' dir='ltr'>respon-</span> 
     </span>
    </p>
   </div>
   <div class='ocr_carea' id='block_1_70' title="bbox 1950 1586 3598 1656">
    <p class='ocr_par' dir='ltr' id='par_1_70' title="bbox 1950 1586 3598 1656">
     <span class='ocr_line' id='line_1_71' title="bbox 1950 1586 3598 1656; baseline 0.001 -15"><span class='ocrx_word' id='word_1_476' title='bbox 1950 1587 2129 1641; x_wconf 88' lang='lat' dir='ltr'>disset</span> <span class='ocrx_word' id='word_1_477' title='bbox 2147 1586 2712 1656; x_wconf 72' lang='lat' dir='ltr'>Dominuszﬂegnum</span> <span class='ocrx_word' id='word_1_478' title='bbox 2727 1602 2918 1642; x_wconf 84' lang='lat' dir='ltr'>meum</span> <span class='ocrx_word' id='word_1_479' title='bbox 2932 1603 3049 1642; x_wconf 88' lang='lat' dir='ltr'>non</span> <span class='ocrx_word' id='word_1_480' title='bbox 3064 1595 3139 1642; x_wconf 87' lang='lat' dir='ltr'>est</span> <span class='ocrx_word' id='word_1_481' title='bbox 3153 1603 3227 1644; x_wconf 74' lang='lat' dir='ltr'>ex</span> <span class='ocrx_word' id='word_1_482' title='bbox 3238 1587 3342 1643; x_wconf 88' lang='lat' dir='ltr'>hoc</span> <span class='ocrx_word' id='word_1_483' title='bbox 3355 1589 3598 1653; x_wconf 87' lang='lat' dir='ltr'>mundo,</span> 
     </span>
    </p>
   </div>
   <div class='ocr_carea' id='block_1_71' title="bbox 1951 1675 3601 1748">
    <p class='ocr_par' dir='ltr' id='par_1_71' title="bbox 1951 1675 3601 1748">
     <span class='ocr_line' id='line_1_72' title="bbox 1951 1675 3601 1748; baseline 0.001 -18"><span class='ocrx_word' id='word_1_484' title='bbox 1951 1681 2004 1731; x_wconf 91' lang='lat' dir='ltr'>et</span> <span class='ocrx_word' id='word_1_485' title='bbox 2033 1676 2294 1746; x_wconf 83' lang='lat' dir='ltr'>seipsum</span> <span class='ocrx_word' id='word_1_486' title='bbox 2325 1690 2526 1743; x_wconf 85' lang='lat' dir='ltr'>regem</span> <span class='ocrx_word' id='word_1_487' title='bbox 2554 1675 2931 1743; x_wconf 83' lang='lat' dir='ltr'>ostendisset,</span> <span class='ocrx_word' id='word_1_488' title='bbox 2965 1692 3314 1748; x_wconf 87' lang='lat' dir='ltr'>quanquam</span> <span class='ocrx_word' id='word_1_489' title='bbox 3345 1692 3464 1731; x_wconf 91' lang='lat' dir='ltr'>non</span> <span class='ocrx_word' id='word_1_490' title='bbox 3493 1682 3601 1732; x_wconf 89' lang='lat' dir='ltr'>ter-</span> 
     </span>
    </p>
   </div>
   <div class='ocr_carea' id='block_1_72' title="bbox 1951 1764 3602 1836">
    <p class='ocr_par' dir='ltr' id='par_1_72' title="bbox 1951 1764 3602 1836">
     <span class='ocr_line' id='line_1_73' title="bbox 1951 1764 3602 1836; baseline 0.001 -16"><span class='ocrx_word' id='word_1_491' title='bbox 1951 1781 2184 1829; x_wconf 88' lang='lat' dir='ltr'>renum,</span> <span class='ocrx_word' id='word_1_492' title='bbox 2221 1781 2460 1819; x_wconf 87' lang='lat' dir='ltr'>rursum</span> <span class='ocrx_word' id='word_1_493' title='bbox 2493 1764 2879 1833; x_wconf 85' lang='lat' dir='ltr'>interrogavit</span> <span class='ocrx_word' id='word_1_494' title='bbox 2907 1765 3126 1820; x_wconf 86' lang='lat' dir='ltr'>Pilatus</span> <span class='ocrx_word' id='word_1_495' title='bbox 3159 1783 3175 1820; x_wconf 91' lang='lat'><em>:</em></span> <span class='ocrx_word' id='word_1_496' title='bbox 3205 1767 3361 1820; x_wconf 89' lang='lat' dir='ltr'>Num</span> <span class='ocrx_word' id='word_1_497' title='bbox 3392 1767 3602 1836; x_wconf 85' lang='lat' dir='ltr'>Itaque</span> 
     </span>
    </p>
   </div>
   <div class='ocr_carea' id='block_1_73' title="bbox 1951 1854 3599 1926">
    <p class='ocr_par' dir='ltr' id='par_1_73' title="bbox 1951 1854 3599 1926">
     <span class='ocr_line' id='line_1_74' title="bbox 1951 1854 3599 1926; baseline -0.001 -17"><span class='ocrx_word' id='word_1_498' title='bbox 1951 1871 2060 1910; x_wconf 73' lang='lat' dir='ltr'>rex</span> <span class='ocrx_word' id='word_1_499' title='bbox 2090 1871 2146 1910; x_wconf 90' lang='lat' dir='ltr'>es</span> <span class='ocrx_word' id='word_1_500' title='bbox 2177 1862 2239 1908; x_wconf 87' lang='lat' dir='ltr'>tu</span> <span class='ocrx_word' id='word_1_501' title='bbox 2277 1855 2304 1910; x_wconf 89' lang='lat'><strong>?</strong></span> <span class='ocrx_word' id='word_1_502' title='bbox 2343 1871 2412 1909; x_wconf 92' lang='lat' dir='ltr'>ac</span> <span class='ocrx_word' id='word_1_503' title='bbox 2452 1854 2730 1926; x_wconf 90' lang='lat' dir='ltr'>deinceps</span> <span class='ocrx_word' id='word_1_504' title='bbox 2761 1871 2822 1910; x_wconf 90' lang='lat' dir='ltr'>se</span> <span class='ocrx_word' id='word_1_505' title='bbox 2870 1856 3082 1910; x_wconf 87' lang='lat' dir='ltr'>iterum</span> <span class='ocrx_word' id='word_1_506' title='bbox 3115 1871 3246 1910; x_wconf 89' lang='lat' dir='ltr'>esse</span> <span class='ocrx_word' id='word_1_507' title='bbox 3277 1857 3599 1926; x_wconf 89' lang='lat' dir='ltr'>respondit.</span> 
     </span>
    </p>
   </div>
   <div class='ocr_carea' id='block_1_74' title="bbox 1953 1943 3601 2016">
    <p class='ocr_par' dir='ltr' id='par_1_74' title="bbox 1953 1943 3601 2016">
     <span class='ocr_line' id='line_1_75' title="bbox 1953 1943 3601 2016; baseline 0.001 -18"><span class='ocrx_word' id='word_1_508' title='bbox 1953 1944 2192 2007; x_wconf 90' lang='lat' dir='ltr'>Deinde,</span> <span class='ocrx_word' id='word_1_509' title='bbox 2227 1943 2593 1999; x_wconf 85' lang='lat' dir='ltr'>conﬁrmans</span> <span class='ocrx_word' id='word_1_510' title='bbox 2623 1960 2682 1998; x_wconf 92' lang='lat' dir='ltr'>se</span> <span class='ocrx_word' id='word_1_511' title='bbox 2713 1959 2854 1999; x_wconf 90' lang='lat' dir='ltr'>vera</span> <span class='ocrx_word' id='word_1_512' title='bbox 2883 1944 3063 2015; x_wconf 89' lang='lat' dir='ltr'>loqui,</span> <span class='ocrx_word' id='word_1_513' title='bbox 3097 1944 3178 2000; x_wconf 85' lang='lat' dir='ltr'>ait</span> <span class='ocrx_word' id='word_1_514' title='bbox 3218 1963 3230 1999; x_wconf 90' lang='lat'>:</span> <span class='ocrx_word' id='word_1_515' title='bbox 3285 1945 3601 2016; x_wconf 88' lang='lat' dir='ltr'>Propterea</span> 
     </span>
    </p>
   </div>
   <div class='ocr_carea' id='block_1_75' title="bbox 1949 2033 3599 2103">
    <p class='ocr_par' dir='ltr' id='par_1_75' title="bbox 1949 2033 3599 2103">
     <span class='ocr_line' id='line_1_76' title="bbox 1949 2033 3599 2103; baseline 0.001 -16"><span class='ocrx_word' id='word_1_516' title='bbox 1949 2039 2121 2088; x_wconf 91' lang='lat' dir='ltr'>natus</span> <span class='ocrx_word' id='word_1_517' title='bbox 2167 2049 2322 2099; x_wconf 89' lang='lat' dir='ltr'>sum,</span> <span class='ocrx_word' id='word_1_518' title='bbox 2354 2037 2670 2103; x_wconf 89' lang='lat' dir='ltr'>propterea</span> <span class='ocrx_word' id='word_1_519' title='bbox 2699 2039 3042 2088; x_wconf 86' lang='lat' dir='ltr'>incarnatus</span> <span class='ocrx_word' id='word_1_520' title='bbox 3075 2049 3226 2098; x_wconf 90' lang='lat' dir='ltr'>sum,</span> <span class='ocrx_word' id='word_1_521' title='bbox 3269 2038 3326 2089; x_wconf 90' lang='lat' dir='ltr'>et</span> <span class='ocrx_word' id='word_1_522' title='bbox 3353 2033 3490 2089; x_wconf 89' lang='lat' dir='ltr'>veni</span> <span class='ocrx_word' id='word_1_523' title='bbox 3539 2033 3599 2088; x_wconf 90' lang='lat' dir='ltr'>in</span> 
     </span>
    </p>
   </div>
   <div class='ocr_carea' id='block_1_76' title="bbox 1947 2121 3598 2192">
    <p class='ocr_par' dir='ltr' id='par_1_76' title="bbox 1947 2121 3598 2192">
     <span class='ocr_line' id='line_1_77' title="bbox 1947 2121 3598 2192; baseline 0 -15"><span class='ocrx_word' id='word_1_524' title='bbox 1947 2123 2106 2177; x_wconf 90' lang='lat' dir='ltr'>hunc</span> <span class='ocrx_word' id='word_1_525' title='bbox 2131 2121 2448 2186; x_wconf 90' lang='lat' dir='ltr'>mundum,</span> <span class='ocrx_word' id='word_1_526' title='bbox 2473 2127 2535 2177; x_wconf 92' lang='lat' dir='ltr'>ut</span> <span class='ocrx_word' id='word_1_527' title='bbox 2557 2121 2807 2176; x_wconf 90' lang='lat' dir='ltr'>doceam</span> <span class='ocrx_word' id='word_1_528' title='bbox 2829 2123 3169 2178; x_wconf 88' lang='lat' dir='ltr'>veritatem.</span> <span class='ocrx_word' id='word_1_529' title='bbox 3201 2123 3356 2179; x_wconf 90' lang='lat' dir='ltr'>Sicut</span> <span class='ocrx_word' id='word_1_530' title='bbox 3373 2137 3514 2192; x_wconf 88' lang='lat' dir='ltr'>ergo</span> <span class='ocrx_word' id='word_1_531' title='bbox 3536 2122 3598 2177; x_wconf 91' lang='lat' dir='ltr'>in</span> 
     </span>
    </p>
   </div>
   <div class='ocr_carea' id='block_1_77' title="bbox 1948 2210 3248 2282">
    <p class='ocr_par' dir='ltr' id='par_1_77' title="bbox 1948 2210 3248 2282">
     <span class='ocr_line' id='line_1_78' title="bbox 1948 2210 3248 2282; baseline 0 -15"><span class='ocrx_word' id='word_1_532' title='bbox 1948 2211 2172 2267; x_wconf 83' lang='lat' dir='ltr'>caeteris</span> <span class='ocrx_word' id='word_1_533' title='bbox 2202 2226 2346 2266; x_wconf 90' lang='lat' dir='ltr'>vera</span> <span class='ocrx_word' id='word_1_534' title='bbox 2378 2210 2608 2282; x_wconf 87' lang='lat' dir='ltr'>loquor,</span> <span class='ocrx_word' id='word_1_535' title='bbox 2639 2211 2726 2266; x_wconf 90' lang='lat' dir='ltr'>ita</span> <span class='ocrx_word' id='word_1_536' title='bbox 2763 2226 2900 2266; x_wconf 87' lang='lat' dir='ltr'>sane</span> <span class='ocrx_word' id='word_1_537' title='bbox 2931 2216 2989 2267; x_wconf 83' lang='lat' dir='ltr'>et</span> <span class='ocrx_word' id='word_1_538' title='bbox 3019 2211 3080 2266; x_wconf 92' lang='lat' dir='ltr'>in</span> <span class='ocrx_word' id='word_1_539' title='bbox 3109 2211 3248 2268; x_wconf 90' lang='lat' dir='ltr'>hoc.</span> 
     </span>
    </p>
   </div>
   <div class='ocr_carea' id='block_1_78' title="bbox 2019 2389 3601 2455">
    <p class='ocr_par' dir='ltr' id='par_1_78' title="bbox 2019 2389 3601 2455">
     <span class='ocr_line' id='line_1_79' title="bbox 2019 2389 3601 2455; baseline 0.002 -13"><span class='ocrx_word' id='word_1_540' title='bbox 2019 2389 2121 2444; x_wconf 88' lang='lat' dir='ltr'>Vel</span> <span class='ocrx_word' id='word_1_541' title='bbox 2149 2389 2243 2444; x_wconf 84' lang='lat' dir='ltr'>Ad</span> <span class='ocrx_word' id='word_1_542' title='bbox 2275 2389 2383 2444; x_wconf 85' lang='lat' dir='ltr'>hoc</span> <span class='ocrx_word' id='word_1_543' title='bbox 2409 2395 2582 2444; x_wconf 84' lang='lat' dir='ltr'>natus</span> <span class='ocrx_word' id='word_1_544' title='bbox 2610 2404 2756 2452; x_wconf 85' lang='lat' dir='ltr'>sum,</span> <span class='ocrx_word' id='word_1_545' title='bbox 2778 2389 2893 2444; x_wconf 90' lang='lat' dir='ltr'>hoc</span> <span class='ocrx_word' id='word_1_546' title='bbox 2925 2393 3028 2453; x_wconf 92' lang='lat' dir='ltr'>est,</span> <span class='ocrx_word' id='word_1_547' title='bbox 3059 2390 3205 2444; x_wconf 90' lang='lat' dir='ltr'>Cum</span> <span class='ocrx_word' id='word_1_548' title='bbox 3232 2405 3332 2444; x_wconf 86' lang='lat' dir='ltr'>rex</span> <span class='ocrx_word' id='word_1_549' title='bbox 3359 2389 3493 2455; x_wconf 89' lang='lat' dir='ltr'>sim,</span> <span class='ocrx_word' id='word_1_550' title='bbox 3523 2389 3601 2445; x_wconf 91' lang='lat' dir='ltr'>ad</span> 
     </span>
    </p>
   </div>
   <div class='ocr_carea' id='block_1_79' title="bbox 1946 2478 3599 2547">
    <p class='ocr_par' dir='ltr' id='par_1_79' title="bbox 1946 2478 3599 2547">
     <span class='ocr_line' id='line_1_80' title="bbox 1946 2478 3599 2547; baseline 0.001 -14"><span class='ocrx_word' id='word_1_551' title='bbox 1946 2478 2322 2547; x_wconf 87' lang='lat' dir='ltr'>regnandum</span> <span class='ocrx_word' id='word_1_552' title='bbox 2365 2478 2706 2532; x_wconf 83' lang='lat' dir='ltr'>incarnatus</span> <span class='ocrx_word' id='word_1_553' title='bbox 2739 2493 2895 2540; x_wconf 91' lang='lat' dir='ltr'>sum,</span> <span class='ocrx_word' id='word_1_554' title='bbox 2939 2483 2996 2532; x_wconf 92' lang='lat' dir='ltr'>et</span> <span class='ocrx_word' id='word_1_555' title='bbox 3025 2483 3334 2547; x_wconf 84' lang='lat' dir='ltr'>prOpterea</span> <span class='ocrx_word' id='word_1_556' title='bbox 3363 2478 3496 2533; x_wconf 82' lang='lat' dir='ltr'>veni</span> <span class='ocrx_word' id='word_1_557' title='bbox 3539 2480 3599 2535; x_wconf 92' lang='lat' dir='ltr'>in</span> 
     </span>
    </p>
   </div>
   <div class='ocr_carea' id='block_1_80' title="bbox 1948 2566 3596 2638">
    <p class='ocr_par' dir='ltr' id='par_1_80' title="bbox 1948 2566 3596 2638">
     <span class='ocr_line' id='line_1_81' title="bbox 1948 2566 3596 2638; baseline 0.001 -16"><span class='ocrx_word' id='word_1_558' title='bbox 1948 2566 2258 2634; x_wconf 89' lang='lat' dir='ltr'>mundum,</span> <span class='ocrx_word' id='word_1_559' title='bbox 2289 2571 2351 2621; x_wconf 90' lang='lat' dir='ltr'>ut</span> <span class='ocrx_word' id='word_1_560' title='bbox 2379 2568 2626 2621; x_wconf 90' lang='lat' dir='ltr'>doceam</span> <span class='ocrx_word' id='word_1_561' title='bbox 2653 2566 2980 2633; x_wconf 89' lang='lat' dir='ltr'>veritatem,</span> <span class='ocrx_word' id='word_1_562' title='bbox 3003 2567 3168 2638; x_wconf 88' lang='lat' dir='ltr'>quod</span> <span class='ocrx_word' id='word_1_563' title='bbox 3191 2583 3327 2622; x_wconf 90' lang='lat' dir='ltr'>cum</span> <span class='ocrx_word' id='word_1_564' title='bbox 3355 2567 3467 2623; x_wconf 91' lang='lat' dir='ltr'>sim</span> <span class='ocrx_word' id='word_1_565' title='bbox 3499 2584 3596 2624; x_wconf 85' lang='lat' dir='ltr'>rex</span> 
     </span>
    </p>
   </div>
   <div class='ocr_carea' id='block_1_81' title="bbox 1950 2655 3596 2727">
    <p class='ocr_par' dir='ltr' id='par_1_81' title="bbox 1950 2655 3596 2727">
     <span class='ocr_line' id='line_1_82' title="bbox 1950 2655 3596 2727; baseline 0.002 -19"><span class='ocrx_word' id='word_1_566' title='bbox 1950 2655 2368 2723; x_wconf 80' lang='lat' dir='ltr'>sempiternus,</span> <span class='ocrx_word' id='word_1_567' title='bbox 2390 2655 2734 2710; x_wconf 89' lang='lat' dir='ltr'>incarnatus</span> <span class='ocrx_word' id='word_1_568' title='bbox 2754 2671 2910 2719; x_wconf 87' lang='lat' dir='ltr'>sum,</span> <span class='ocrx_word' id='word_1_569' title='bbox 2931 2659 2995 2710; x_wconf 88' lang='lat' dir='ltr'>ut</span> <span class='ocrx_word' id='word_1_570' title='bbox 3014 2671 3192 2727; x_wconf 91' lang='lat' dir='ltr'>super</span> <span class='ocrx_word' id='word_1_571' title='bbox 3208 2671 3310 2711; x_wconf 89' lang='lat' dir='ltr'>eos</span> <span class='ocrx_word' id='word_1_572' title='bbox 3329 2671 3596 2726; x_wconf 86' lang='lat' dir='ltr'>regnem,</span> 
     </span>
    </p>
   </div>
   <div class='ocr_carea' id='block_1_82' title="bbox 1951 2744 2562 2816">
    <p class='ocr_par' dir='ltr' id='par_1_82' title="bbox 1951 2744 2562 2816">
     <span class='ocr_line' id='line_1_83' title="bbox 1951 2744 2562 2816; baseline 0 -18"><span class='ocrx_word' id='word_1_573' title='bbox 1951 2744 2052 2816; x_wconf 87' lang='lat' dir='ltr'>qui</span> <span class='ocrx_word' id='word_1_574' title='bbox 2079 2744 2330 2799; x_wconf 89' lang='lat' dir='ltr'>credunt</span> <span class='ocrx_word' id='word_1_575' title='bbox 2354 2744 2413 2798; x_wconf 90' lang='lat' dir='ltr'>in</span> <span class='ocrx_word' id='word_1_576' title='bbox 2447 2760 2562 2799; x_wconf 91' lang='lat' dir='ltr'>me.</span> 
     </span>
    </p>
   </div>
   <div class='ocr_carea' id='block_1_83' title="bbox 2023 2833 3599 2906">
    <p class='ocr_par' dir='ltr' id='par_1_83' title="bbox 2023 2833 3599 2906">
     <span class='ocr_line' id='line_1_84' title="bbox 2023 2833 3599 2906; baseline 0.004 -22"><span class='ocrx_word' id='word_1_577' title='bbox 2023 2835 2180 2888; x_wconf 84' lang='lat' dir='ltr'>Vers.</span> <span class='ocrx_word' id='word_1_578' title='bbox 2232 2837 2318 2888; x_wconf 87' lang='lat'>37.</span> <span class='ocrx_word' id='word_1_579' title='bbox 2376 2833 2573 2888; x_wconf 80' lang='lat' dir='ltr'>Omnis</span> <span class='ocrx_word' id='word_1_580' title='bbox 2622 2863 2690 2874; x_wconf 93' lang='lat'><strong><em>—</em></strong></span> <span class='ocrx_word' id='word_1_581' title='bbox 2733 2848 2946 2890; x_wconf 86' lang='lat' dir='ltr'>vocem.</span> <span class='ocrx_word' id='word_1_582' title='bbox 3005 2833 3211 2888; x_wconf 88' lang='lat' dir='ltr'>Omnis</span> <span class='ocrx_word' id='word_1_583' title='bbox 3257 2834 3358 2906; x_wconf 91' lang='lat' dir='ltr'>qui</span> <span class='ocrx_word' id='word_1_584' title='bbox 3397 2838 3485 2890; x_wconf 92' lang='lat' dir='ltr'>est</span> <span class='ocrx_word' id='word_1_585' title='bbox 3526 2851 3599 2891; x_wconf 81' lang='lat' dir='ltr'>ex</span> 
     </span>
    </p>
   </div>
   <div class='ocr_carea' id='block_1_84' title="bbox 1950 2922 3596 2994">
    <p class='ocr_par' dir='ltr' id='par_1_84' title="bbox 1950 2922 3596 2994">
     <span class='ocr_line' id='line_1_85' title="bbox 1950 2922 3596 2994; baseline 0.002 -16"><span class='ocrx_word' id='word_1_586' title='bbox 1950 2923 2208 2988; x_wconf 85' lang='lat' dir='ltr'>veritate,</span> <span class='ocrx_word' id='word_1_587' title='bbox 2240 2922 2347 2994; x_wconf 89' lang='lat' dir='ltr'>qui</span> <span class='ocrx_word' id='word_1_588' title='bbox 2383 2928 2545 2978; x_wconf 88' lang='lat' dir='ltr'>amat</span> <span class='ocrx_word' id='word_1_589' title='bbox 2575 2922 2868 2978; x_wconf 88' lang='lat' dir='ltr'>veritatem</span> <span class='ocrx_word' id='word_1_590' title='bbox 2926 2941 2938 2975; x_wconf 92' lang='lat'>:</span> <span class='ocrx_word' id='word_1_591' title='bbox 2975 2923 3181 2980; x_wconf 90' lang='lat' dir='ltr'>obedit</span> <span class='ocrx_word' id='word_1_592' title='bbox 3209 2924 3388 2980; x_wconf 87' lang='lat' dir='ltr'>verbo</span> <span class='ocrx_word' id='word_1_593' title='bbox 3439 2940 3596 2992; x_wconf 89' lang='lat' dir='ltr'>meo,</span> 
     </span>
    </p>
   </div>
   <div class='ocr_carea' id='block_1_85' title="bbox 1949 3011 2644 3068">
    <p class='ocr_par' dir='ltr' id='par_1_85' title="bbox 1949 3011 2644 3068">
     <span class='ocr_line' id='line_1_86' title="bbox 1949 3011 2644 3068; baseline 0 -1"><span class='ocrx_word' id='word_1_594' title='bbox 1949 3012 2134 3068; x_wconf 88' lang='lat' dir='ltr'>credit</span> <span class='ocrx_word' id='word_1_595' title='bbox 2164 3011 2445 3067; x_wconf 61' lang='lat' dir='ltr'>doctrinae</span> <span class='ocrx_word' id='word_1_596' title='bbox 2476 3027 2644 3067; x_wconf 72' lang='lat' dir='ltr'>meae.</span> 
     </span>
    </p>
   </div>
   <div class='ocr_carea' id='block_1_86' title="bbox 2019 3101 3598 3172">
    <p class='ocr_par' dir='ltr' id='par_1_86' title="bbox 2019 3101 3598 3172">
     <span class='ocr_line' id='line_1_87' title="bbox 2019 3101 3598 3172; baseline 0.003 -17"><span class='ocrx_word' id='word_1_597' title='bbox 2019 3101 2180 3156; x_wconf 87' lang='lat' dir='ltr'>Vers.</span> <span class='ocrx_word' id='word_1_598' title='bbox 2215 3104 2303 3156; x_wconf 92' lang='lat'>38.</span> <span class='ocrx_word' id='word_1_599' title='bbox 2337 3102 2438 3156; x_wconf 90' lang='lat' dir='ltr'>Ait</span> <span class='ocrx_word' id='word_1_600' title='bbox 2458 3101 2760 3158; x_wconf 81' lang='lat' dir='ltr'>—veritas</span> <span class='ocrx_word' id='word_1_601' title='bbox 2787 3102 2814 3157; x_wconf 88' lang='lat'><strong>?</strong></span> <span class='ocrx_word' id='word_1_602' title='bbox 2834 3101 3062 3157; x_wconf 90' lang='lat' dir='ltr'>Discere</span> <span class='ocrx_word' id='word_1_603' title='bbox 3085 3101 3598 3172; x_wconf 90' lang='lat' dir='ltr'>cupiensinterro-</span> 
     </span>
    </p>
   </div>
   <div class='ocr_carea' id='block_1_87' title="bbox 1947 3191 3596 3261">
    <p class='ocr_par' dir='ltr' id='par_1_87' title="bbox 1947 3191 3596 3261">
     <span class='ocr_line' id='line_1_88' title="bbox 1947 3191 3596 3261; baseline 0.001 -14"><span class='ocrx_word' id='word_1_604' title='bbox 1947 3197 2048 3261; x_wconf 86' lang='lat' dir='ltr'>gat</span> <span class='ocrx_word' id='word_1_605' title='bbox 2076 3208 2088 3246; x_wconf 90' lang='lat'>:</span> <span class='ocrx_word' id='word_1_606' title='bbox 2116 3191 2270 3258; x_wconf 85' lang='lat' dir='ltr'>Quid</span> <span class='ocrx_word' id='word_1_607' title='bbox 2290 3198 2370 3246; x_wconf 90' lang='lat' dir='ltr'>est</span> <span class='ocrx_word' id='word_1_608' title='bbox 2394 3193 2631 3255; x_wconf 84' lang='lat' dir='ltr'>veritas,</span> <span class='ocrx_word' id='word_1_609' title='bbox 2657 3192 2750 3246; x_wconf 91' lang='lat' dir='ltr'>cui</span> <span class='ocrx_word' id='word_1_610' title='bbox 2777 3196 2839 3246; x_wconf 90' lang='lat' dir='ltr'>tu</span> <span class='ocrx_word' id='word_1_611' title='bbox 2873 3191 3278 3247; x_wconf 85' lang='lat' dir='ltr'>testimonium</span> <span class='ocrx_word' id='word_1_612' title='bbox 3295 3192 3596 3260; x_wconf 88' lang='lat' dir='ltr'>perhibes,</span> 
     </span>
    </p>
   </div>
   <div class='ocr_carea' id='block_1_88' title="bbox 1944 3279 3600 3352">
    <p class='ocr_par' dir='ltr' id='par_1_88' title="bbox 1944 3279 3600 3352">
     <span class='ocr_line' id='line_1_89' title="bbox 1944 3279 3600 3352; baseline 0.002 -18"><span class='ocrx_word' id='word_1_613' title='bbox 1944 3297 2130 3352; x_wconf 88' lang='lat' dir='ltr'>quam</span> <span class='ocrx_word' id='word_1_614' title='bbox 2158 3279 2338 3334; x_wconf 91' lang='lat' dir='ltr'>doces</span> <span class='ocrx_word' id='word_1_615' title='bbox 2364 3281 2391 3334; x_wconf 85' lang='lat'>?</span> <span class='ocrx_word' id='word_1_616' title='bbox 2417 3280 2618 3335; x_wconf 91' lang='lat' dir='ltr'>Sciens</span> <span class='ocrx_word' id='word_1_617' title='bbox 2639 3284 2856 3345; x_wconf 89' lang='lat' dir='ltr'>autem,</span> <span class='ocrx_word' id='word_1_618' title='bbox 2879 3279 3043 3350; x_wconf 85' lang='lat' dir='ltr'>quod</span> <span class='ocrx_word' id='word_1_619' title='bbox 3071 3296 3240 3335; x_wconf 91' lang='lat' dir='ltr'>mora</span> <span class='ocrx_word' id='word_1_620' title='bbox 3265 3295 3416 3349; x_wconf 90' lang='lat' dir='ltr'>opus</span> <span class='ocrx_word' id='word_1_621' title='bbox 3443 3287 3600 3338; x_wconf 87' lang='lat' dir='ltr'>esset</span> 
     </span>
    </p>
   </div>
   <div class='ocr_carea' id='block_1_89' title="bbox 1945 3368 3596 3440">
    <p class='ocr_par' dir='ltr' id='par_1_89' title="bbox 1945 3368 3596 3440">
     <span class='ocr_line' id='line_1_90' title="bbox 1945 3368 3596 3440; baseline -0.001 -16"><span class='ocrx_word' id='word_1_622' title='bbox 1945 3369 2022 3424; x_wconf 89' lang='lat' dir='ltr'>ad</span> <span class='ocrx_word' id='word_1_623' title='bbox 2047 3368 2466 3440; x_wconf 74' lang='lat' dir='ltr'>quaestionem,</span> <span class='ocrx_word' id='word_1_624' title='bbox 2496 3369 2572 3422; x_wconf 90' lang='lat' dir='ltr'>ad</span> <span class='ocrx_word' id='word_1_625' title='bbox 2605 3384 2790 3439; x_wconf 90' lang='lat' dir='ltr'>quam</span> <span class='ocrx_word' id='word_1_626' title='bbox 2815 3368 3186 3434; x_wconf 89' lang='lat' dir='ltr'>hortabatur,</span> <span class='ocrx_word' id='word_1_627' title='bbox 3221 3369 3492 3424; x_wconf 89' lang='lat' dir='ltr'>subsistit</span> <span class='ocrx_word' id='word_1_628' title='bbox 3522 3369 3596 3424; x_wconf 90' lang='lat' dir='ltr'>ab</span> 
     </span>
    </p>
   </div>
   <div class='ocr_carea' id='block_1_90' title="bbox 1943 3456 3597 3526">
    <p class='ocr_par' dir='ltr' id='par_1_90' title="bbox 1943 3456 3597 3526">
     <span class='ocr_line' id='line_1_91' title="bbox 1943 3456 3597 3526; baseline 0.001 -14"><span class='ocrx_word' id='word_1_629' title='bbox 1943 3457 2402 3523; x_wconf 83' lang='lat' dir='ltr'>interrogatione</span> <span class='ocrx_word' id='word_1_630' title='bbox 2432 3473 2444 3511; x_wconf 88' lang='lat'><strong>:</strong></span> <span class='ocrx_word' id='word_1_631' title='bbox 2473 3461 2532 3512; x_wconf 80' lang='lat' dir='ltr'>et</span> <span class='ocrx_word' id='word_1_632' title='bbox 2552 3456 2861 3512; x_wconf 81' lang='lat' dir='ltr'>confestim</span> <span class='ocrx_word' id='word_1_633' title='bbox 2893 3472 3174 3526; x_wconf 90' lang='lat' dir='ltr'>egressus</span> <span class='ocrx_word' id='word_1_634' title='bbox 3204 3458 3405 3513; x_wconf 88' lang='lat' dir='ltr'>nititur</span> <span class='ocrx_word' id='word_1_635' title='bbox 3435 3459 3597 3513; x_wconf 91' lang='lat' dir='ltr'>hunc</span> 
     </span>
    </p>
   </div>
   <div class='ocr_carea' id='block_1_91' title="bbox 1945 3545 3386 3616">
    <p class='ocr_par' dir='ltr' id='par_1_91' title="bbox 1945 3545 3386 3616">
     <span class='ocr_line' id='line_1_92' title="bbox 1945 3545 3386 3616; baseline -0.001 -15"><span class='ocrx_word' id='word_1_636' title='bbox 1945 3546 2021 3601; x_wconf 89' lang='lat' dir='ltr'>ab</span> <span class='ocrx_word' id='word_1_637' title='bbox 2055 3547 2279 3616; x_wconf 90' lang='lat' dir='ltr'>impetu</span> <span class='ocrx_word' id='word_1_638' title='bbox 2309 3546 2650 3600; x_wconf 69' lang='lat' dir='ltr'>Judaaorum</span> <span class='ocrx_word' id='word_1_639' title='bbox 2682 3545 2955 3601; x_wconf 90' lang='lat' dir='ltr'>liberare.</span> <span class='ocrx_word' id='word_1_640' title='bbox 2991 3546 3130 3601; x_wconf 83' lang='lat' dir='ltr'>Vide</span> <span class='ocrx_word' id='word_1_641' title='bbox 3170 3546 3330 3602; x_wconf 90' lang='lat' dir='ltr'>enim</span> <span class='ocrx_word' id='word_1_642' title='bbox 3375 3562 3386 3599; x_wconf 91' lang='lat'>:</span> 
     </span>
    </p>
   </div>
   <div class='ocr_carea' id='block_1_92' title="bbox 2016 3633 3592 3707">
    <p class='ocr_par' dir='ltr' id='par_1_92' title="bbox 2016 3633 3592 3707">
     <span class='ocr_line' id='line_1_93' title="bbox 2016 3633 3592 3707; baseline 0.001 -18"><span class='ocrx_word' id='word_1_643' title='bbox 2016 3635 2184 3690; x_wconf 88' lang='lat' dir='ltr'>Vers.</span> <span class='ocrx_word' id='word_1_644' title='bbox 2214 3635 2298 3688; x_wconf 90' lang='lat'>38.</span> <span class='ocrx_word' id='word_1_645' title='bbox 2323 3635 2402 3688; x_wconf 89' lang='lat' dir='ltr'>Et</span> <span class='ocrx_word' id='word_1_646' title='bbox 2431 3665 2499 3673; x_wconf 95' lang='lat'><strong>--</strong></span> <span class='ocrx_word' id='word_1_647' title='bbox 2524 3650 2606 3688; x_wconf 89' lang='lat' dir='ltr'>eo.</span> <span class='ocrx_word' id='word_1_648' title='bbox 2658 3633 2916 3688; x_wconf 84' lang='lat' dir='ltr'>Rursum</span> <span class='ocrx_word' id='word_1_649' title='bbox 2943 3634 3228 3703; x_wconf 58' lang='lat' dir='ltr'>praedicto</span> <span class='ocrx_word' id='word_1_650' title='bbox 3251 3635 3442 3705; x_wconf 87' lang='lat' dir='ltr'>capite</span> <span class='ocrx_word' id='word_1_651' title='bbox 3465 3635 3592 3707; x_wconf 92' lang='lat' dir='ltr'>lege</span> 
     </span>
    </p>
   </div>
   <div class='ocr_carea' id='block_1_93' title="bbox 1943 3722 3592 3796">
    <p class='ocr_par' dir='ltr' id='par_1_93' title="bbox 1943 3722 3592 3796">
     <span class='ocr_line' id='line_1_94' title="bbox 1943 3722 3592 3796; baseline 0.001 -18"><span class='ocrx_word' id='word_1_652' title='bbox 1943 3723 2096 3778; x_wconf 90' lang='lat' dir='ltr'>illius</span> <span class='ocrx_word' id='word_1_653' title='bbox 2109 3722 2712 3777; x_wconf 89' lang='lat' dir='ltr'>dictienarrationem.</span> <span class='ocrx_word' id='word_1_654' title='bbox 2737 3725 2800 3777; x_wconf 85' lang='lat' dir='ltr'>Et</span> <span class='ocrx_word' id='word_1_655' title='bbox 2817 3723 3348 3792; x_wconf 89' lang='lat' dir='ltr'>iuterrogaviteum</span> <span class='ocrx_word' id='word_1_656' title='bbox 3370 3740 3592 3796; x_wconf 74' lang='lat' dir='ltr'>praeses</span> 
     </span>
    </p>
   </div>
   <div class='ocr_carea' id='block_1_94' title="bbox 1939 3812 3592 3886">
    <p class='ocr_par' dir='ltr' id='par_1_94' title="bbox 1939 3812 3592 3886">
     <span class='ocr_line' id='line_1_95' title="bbox 1939 3812 3592 3886; baseline 0.001 -18"><span class='ocrx_word' id='word_1_657' title='bbox 1939 3812 2143 3868; x_wconf 90' lang='lat' dir='ltr'>dicens</span> <span class='ocrx_word' id='word_1_658' title='bbox 2178 3830 2190 3866; x_wconf 90' lang='lat'>:</span> <span class='ocrx_word' id='word_1_659' title='bbox 2225 3814 2306 3866; x_wconf 87' lang='lat' dir='ltr'>Tu</span> <span class='ocrx_word' id='word_1_660' title='bbox 2331 3829 2383 3867; x_wconf 87' lang='lat' dir='ltr'>es</span> <span class='ocrx_word' id='word_1_661' title='bbox 2406 3828 2515 3868; x_wconf 70' lang='lat' dir='ltr'>rex</span> <span class='ocrx_word' id='word_1_662' title='bbox 2538 3813 2883 3868; x_wconf 64' lang='lat' dir='ltr'>Judmorum</span> <span class='ocrx_word' id='word_1_663' title='bbox 2910 3815 2953 3847; x_wconf 85' lang='lat'>&#39;“</span> <span class='ocrx_word' id='word_1_664' title='bbox 2978 3815 3004 3868; x_wconf 89' lang='lat'><strong><em>?</em></strong></span> <span class='ocrx_word' id='word_1_665' title='bbox 3026 3813 3085 3867; x_wconf 91' lang='lat' dir='ltr'>in</span> <span class='ocrx_word' id='word_1_666' title='bbox 3109 3829 3231 3885; x_wconf 87' lang='lat' dir='ltr'>qua</span> <span class='ocrx_word' id='word_1_667' title='bbox 3256 3815 3421 3869; x_wconf 69' lang='lat' dir='ltr'>Lucas</span> <span class='ocrx_word' id='word_1_668' title='bbox 3442 3831 3592 3886; x_wconf 90' lang='lat' dir='ltr'>quo-</span> 
     </span>
    </p>
   </div>
   <div class='ocr_carea' id='block_1_95' title="bbox 1937 3900 3592 3974">
    <p class='ocr_par' dir='ltr' id='par_1_95' title="bbox 1937 3900 3592 3974">
     <span class='ocr_line' id='line_1_96' title="bbox 1937 3900 3592 3974; baseline 0.003 -20"><span class='ocrx_word' id='word_1_669' title='bbox 1937 3917 2054 3971; x_wconf 87' lang='lat' dir='ltr'>que</span> <span class='ocrx_word' id='word_1_670' title='bbox 2079 3900 2396 3955; x_wconf 89' lang='lat' dir='ltr'>verborum</span> <span class='ocrx_word' id='word_1_671' title='bbox 2417 3901 2571 3956; x_wconf 87' lang='lat' dir='ltr'>facta</span> <span class='ocrx_word' id='word_1_672' title='bbox 2588 3906 2676 3955; x_wconf 90' lang='lat' dir='ltr'>est</span> <span class='ocrx_word' id='word_1_673' title='bbox 2697 3900 2942 3969; x_wconf 90' lang='lat' dir='ltr'>mentio,</span> <span class='ocrx_word' id='word_1_674' title='bbox 2961 3917 3063 3973; x_wconf 87' lang='lat' dir='ltr'>per</span> <span class='ocrx_word' id='word_1_675' title='bbox 3079 3918 3214 3973; x_wconf 83' lang='lat' dir='ltr'>quae</span> <span class='ocrx_word' id='word_1_676' title='bbox 3241 3902 3421 3958; x_wconf 89' lang='lat' dir='ltr'>etiam</span> <span class='ocrx_word' id='word_1_677' title='bbox 3443 3919 3592 3974; x_wconf 63' lang='lat' dir='ltr'>prae-</span> 
     </span>
    </p>
   </div>
   <div class='ocr_carea' id='block_1_96' title="bbox 1937 3985 3374 4059">
    <p class='ocr_par' dir='ltr' id='par_1_96' title="bbox 1937 3985 3374 4059">
     <span class='ocr_line' id='line_1_97' title="bbox 1937 3985 3374 4059; baseline 0 -16"><span class='ocrx_word' id='word_1_678' title='bbox 1937 4005 2074 4044; x_wconf 90' lang='lat' dir='ltr'>sens</span> <span class='ocrx_word' id='word_1_679' title='bbox 2105 3990 2330 4045; x_wconf 92' lang='lat' dir='ltr'>dictum</span> <span class='ocrx_word' id='word_1_680' title='bbox 2361 3990 2761 4059; x_wconf 83' lang='lat' dir='ltr'>cognoscitur.</span> <span class='ocrx_word' id='word_1_681' title='bbox 3370 3985 3374 3989; x_wconf 85' lang='grc'><strong>’</strong></span> 
     </span>
    </p>
   </div>
   <div class='ocr_carea' id='block_1_97' title="bbox 2005 4076 3585 4143">
    <p class='ocr_par' dir='ltr' id='par_1_97' title="bbox 2005 4076 3585 4143">
     <span class='ocr_line' id='line_1_98' title="bbox 2005 4076 3585 4143; baseline 0.001 -11"><span class='ocrx_word' id='word_1_682' title='bbox 2005 4079 2167 4133; x_wconf 90' lang='lat' dir='ltr'>Vers.</span> <span class='ocrx_word' id='word_1_683' title='bbox 2210 4082 2296 4134; x_wconf 88' lang='lat'>39.</span> <span class='ocrx_word' id='word_1_684' title='bbox 2331 4079 2436 4133; x_wconf 86' lang='lat' dir='ltr'>Est</span> <span class='ocrx_word' id='word_1_685' title='bbox 2476 4109 2542 4117; x_wconf 98' lang='lat'><strong>—</strong></span> <span class='ocrx_word' id='word_1_686' title='bbox 2580 4079 2920 4134; x_wconf 74' lang='lat' dir='ltr'>Judaeorum</span> <span class='ocrx_word' id='word_1_687' title='bbox 2962 4076 2988 4131; x_wconf 86' lang='lat'><strong>?</strong></span> <span class='ocrx_word' id='word_1_688' title='bbox 3027 4079 3234 4143; x_wconf 68' lang='lat' dir='ltr'>Quaere</span> <span class='ocrx_word' id='word_1_689' title='bbox 3264 4078 3319 4134; x_wconf 91' lang='lat' dir='ltr'>in</span> <span class='ocrx_word' id='word_1_690' title='bbox 3350 4079 3585 4142; x_wconf 88' lang='lat' dir='ltr'>eodem,</span> 
     </span>
    </p>
   </div>
   <div class='ocr_carea' id='block_1_98' title="bbox 1937 4167 3588 4237">
    <p class='ocr_par' dir='ltr' id='par_1_98' title="bbox 1937 4167 3588 4237">
     <span class='ocr_line' id='line_1_99' title="bbox 1937 4167 3588 4237; baseline 0.002 -16"><span class='ocrx_word' id='word_1_691' title='bbox 1937 4167 2040 4222; x_wconf 91' lang='lat' dir='ltr'>ubi</span> <span class='ocrx_word' id='word_1_692' title='bbox 2070 4167 2284 4223; x_wconf 90' lang='lat' dir='ltr'>dicitur</span> <span class='ocrx_word' id='word_1_693' title='bbox 2343 4184 2356 4222; x_wconf 87' lang='lat'><strong>:</strong></span> <span class='ocrx_word' id='word_1_694' title='bbox 2401 4168 2468 4222; x_wconf 89' lang='lat' dir='ltr'>In</span> <span class='ocrx_word' id='word_1_695' title='bbox 2521 4169 2674 4236; x_wconf 80' lang='lat' dir='ltr'>festo</span> <span class='ocrx_word' id='word_1_696' title='bbox 2713 4174 2905 4223; x_wconf 83' lang='lat' dir='ltr'>autem</span> <span class='ocrx_word' id='word_1_697' title='bbox 2959 4175 3345 4224; x_wconf 81' lang='lat' dir='ltr'>consueverat</span> <span class='ocrx_word' id='word_1_698' title='bbox 3373 4184 3588 4237; x_wconf 71' lang='lat' dir='ltr'>praeses</span> 
     </span>
    </p>
   </div>
   <div class='ocr_carea' id='block_1_99' title="bbox 1933 4257 3584 4328">
    <p class='ocr_par' dir='ltr' id='par_1_99' title="bbox 1933 4257 3584 4328">
     <span class='ocr_line' id='line_1_100' title="bbox 1933 4257 3584 4328; baseline 0.002 -18"><span class='ocrx_word' id='word_1_699' title='bbox 1933 4257 2436 4313; x_wconf 71' lang='lat' dir='ltr'>absolvereturbae</span> <span class='ocrx_word' id='word_1_700' title='bbox 2458 4273 2643 4311; x_wconf 86' lang='lat' dir='ltr'>unum</span> <span class='ocrx_word' id='word_1_701' title='bbox 2668 4257 2937 4321; x_wconf 82' lang='lat' dir='ltr'>vinctum,</span> <span class='ocrx_word' id='word_1_702' title='bbox 2964 4271 3135 4328; x_wconf 87' lang='lat' dir='ltr'>quem</span> <span class='ocrx_word' id='word_1_703' title='bbox 3160 4258 3478 4314; x_wconf 85' lang='lat' dir='ltr'>voluissent</span> <span class='ocrx_word' id='word_1_704' title='bbox 3495 4261 3540 4294; x_wconf 77' lang='grc'>⁷³</span> <span class='ocrx_word' id='word_1_705' title='bbox 3570 4275 3584 4326; x_wconf 88' lang='grc'>;</span> 
     </span>
    </p>
   </div>
   <div class='ocr_carea' id='block_1_100' title="bbox 1933 4344 3122 4416">
    <p class='ocr_par' dir='ltr' id='par_1_100' title="bbox 1933 4344 3122 4416">
     <span class='ocr_line' id='line_1_101' title="bbox 1933 4344 3122 4416; baseline 0.003 -18"><span class='ocrx_word' id='word_1_706' title='bbox 1933 4344 2014 4399; x_wconf 93' lang='lat' dir='ltr'>ibi</span> <span class='ocrx_word' id='word_1_707' title='bbox 2046 4345 2204 4400; x_wconf 90' lang='lat' dir='ltr'>enim</span> <span class='ocrx_word' id='word_1_708' title='bbox 2237 4345 2309 4400; x_wconf 93' lang='lat' dir='ltr'>de</span> <span class='ocrx_word' id='word_1_709' title='bbox 2340 4344 2454 4400; x_wconf 88' lang='lat' dir='ltr'>hoc</span> <span class='ocrx_word' id='word_1_710' title='bbox 2483 4361 2725 4416; x_wconf 89' lang='lat' dir='ltr'>quoque</span> <span class='ocrx_word' id='word_1_711' title='bbox 2756 4345 2978 4400; x_wconf 87' lang='lat' dir='ltr'>dictum</span> <span class='ocrx_word' id='word_1_712' title='bbox 3013 4349 3122 4402; x_wconf 89' lang='lat' dir='ltr'>est.</span> 
     </span>
    </p>
   </div>
   <div class='ocr_carea' id='block_1_101' title="bbox 2005 4433 3585 4508">
    <p class='ocr_par' dir='ltr' id='par_1_101' title="bbox 2005 4433 3585 4508">
     <span class='ocr_line' id='line_1_102' title="bbox 2005 4433 3585 4508; baseline 0.004 -21"><span class='ocrx_word' id='word_1_713' title='bbox 2005 4436 2166 4489; x_wconf 91' lang='lat' dir='ltr'>Vers.</span> <span class='ocrx_word' id='word_1_714' title='bbox 2222 4437 2306 4488; x_wconf 77' lang='grc'>40.</span> <span class='ocrx_word' id='word_1_715' title='bbox 2345 4433 2768 4489; x_wconf 83' lang='lat' dir='ltr'>Ctamaverunt</span> <span class='ocrx_word' id='word_1_716' title='bbox 2813 4465 2880 4474; x_wconf 91' lang='lat'>—</span> <span class='ocrx_word' id='word_1_717' title='bbox 2911 4435 3082 4490; x_wconf 85' lang='lat' dir='ltr'>latro.</span> <span class='ocrx_word' id='word_1_718' title='bbox 3116 4434 3339 4489; x_wconf 87' lang='lat' dir='ltr'>Eodem</span> <span class='ocrx_word' id='word_1_719' title='bbox 3392 4437 3585 4508; x_wconf 89' lang='lat' dir='ltr'>capite</span> 
     </span>
    </p>
   </div>
   <div class='ocr_carea' id='block_1_102' title="bbox 1933 4522 3586 4589">
    <p class='ocr_par' dir='ltr' id='par_1_102' title="bbox 1933 4522 3586 4589">
     <span class='ocr_line' id='line_1_103' title="bbox 1933 4522 3586 4589; baseline 0.004 -13"><span class='ocrx_word' id='word_1_720' title='bbox 1933 4523 2139 4578; x_wconf 85' lang='lat' dir='ltr'>scribit</span> <span class='ocrx_word' id='word_1_721' title='bbox 2167 4522 2469 4578; x_wconf 64' lang='lat' dir='ltr'>Matthaaus</span> <span class='ocrx_word' id='word_1_722' title='bbox 2507 4539 2518 4575; x_wconf 89' lang='lat'><strong><em>:</em></strong></span> <span class='ocrx_word' id='word_1_723' title='bbox 2560 4523 2868 4589; x_wconf 79' lang='lat' dir='ltr'>Principes</span> <span class='ocrx_word' id='word_1_724' title='bbox 2899 4528 3084 4578; x_wconf 81' lang='lat' dir='ltr'>autem</span> <span class='ocrx_word' id='word_1_725' title='bbox 3123 4524 3491 4580; x_wconf 85' lang='lat' dir='ltr'>sacerdotum</span> <span class='ocrx_word' id='word_1_726' title='bbox 3529 4533 3586 4582; x_wconf 87' lang='lat' dir='ltr'>et</span> 
     </span>
    </p>
   </div>
   <div class='ocr_carea' id='block_1_103' title="bbox 1932 4611 3579 4681">
    <p class='ocr_par' dir='ltr' id='par_1_103' title="bbox 1932 4611 3579 4681">
     <span class='ocr_line' id='line_1_104' title="bbox 1932 4611 3579 4681; baseline 0.002 -15"><span class='ocrx_word' id='word_1_727' title='bbox 1932 4611 2183 4668; x_wconf 87' lang='lat' dir='ltr'>seniores</span> <span class='ocrx_word' id='word_1_728' title='bbox 2197 4617 2614 4680; x_wconf 67' lang='lat' dir='ltr'>persuasm‘unt</span> <span class='ocrx_word' id='word_1_729' title='bbox 2641 4611 2847 4675; x_wconf 83' lang='lat' dir='ltr'>turbis,</span> <span class='ocrx_word' id='word_1_730' title='bbox 2869 4619 2928 4665; x_wconf 87' lang='lat' dir='ltr'>ut</span> <span class='ocrx_word' id='word_1_731' title='bbox 2951 4617 3214 4678; x_wconf 83' lang='lat' dir='ltr'>peterent</span> <span class='ocrx_word' id='word_1_732' title='bbox 3236 4611 3579 4681; x_wconf 85' lang='lat' dir='ltr'>Barabbam,</span> 
     </span>
    </p>
   </div>
   <div class='ocr_carea' id='block_1_104' title="bbox 1930 4699 3577 4770">
    <p class='ocr_par' dir='ltr' id='par_1_104' title="bbox 1930 4699 3577 4770">
     <span class='ocr_line' id='line_1_105' title="bbox 1930 4699 3577 4770; baseline 0 -14"><span class='ocrx_word' id='word_1_733' title='bbox 1930 4702 2120 4757; x_wconf 84' lang='lat' dir='ltr'>Jesum</span> <span class='ocrx_word' id='word_1_734' title='bbox 2141 4717 2268 4755; x_wconf 86' lang='lat' dir='ltr'>vero</span> <span class='ocrx_word' id='word_1_735' title='bbox 2284 4701 2592 4769; x_wconf 83' lang='lat' dir='ltr'>perderent</span> <span class='ocrx_word' id='word_1_736' title='bbox 2615 4701 2663 4734; x_wconf 81' lang='grc'>⁷³</span> <span class='ocrx_word' id='word_1_737' title='bbox 2686 4718 2698 4766; x_wconf 93' lang='grc'>;</span> <span class='ocrx_word' id='word_1_738' title='bbox 2723 4707 2779 4755; x_wconf 91' lang='lat' dir='ltr'>et</span> <span class='ocrx_word' id='word_1_739' title='bbox 2795 4700 2950 4756; x_wconf 91' lang='lat' dir='ltr'>illius</span> <span class='ocrx_word' id='word_1_740' title='bbox 2971 4699 3100 4770; x_wconf 89' lang='lat' dir='ltr'>lege</span> <span class='ocrx_word' id='word_1_741' title='bbox 3117 4703 3577 4760; x_wconf 86' lang='lat' dir='ltr'>enarrationem.</span> 
     </span>
    </p>
   </div>
   <div class='ocr_carea' id='block_1_105' title="bbox 2003 4877 3580 4950">
    <p class='ocr_par' dir='ltr' id='par_1_105' title="bbox 2003 4877 3580 4950">
     <span class='ocr_line' id='line_1_106' title="bbox 2003 4877 3580 4950; baseline 0.003 -17"><span class='ocrx_word' id='word_1_742' title='bbox 2003 4877 2157 4933; x_wconf 82' lang='lat' dir='ltr'>CAP.</span> <span class='ocrx_word' id='word_1_743' title='bbox 2205 4877 2343 4931; x_wconf 88' lang='lat' dir='ltr'>XIX.</span> <span class='ocrx_word' id='word_1_744' title='bbox 2376 4878 2536 4932; x_wconf 84' lang='lat' dir='ltr'>Vers.</span> <span class='ocrx_word' id='word_1_745' title='bbox 2583 4878 2636 4933; x_wconf 83' lang='lat'>1.</span> <span class='ocrx_word' id='word_1_746' title='bbox 2693 4877 2876 4935; x_wconf 88' lang='lat' dir='ltr'>Tunc.</span> <span class='ocrx_word' id='word_1_747' title='bbox 2931 4907 2996 4918; x_wconf 95' lang='lat'><strong>—</strong></span> <span class='ocrx_word' id='word_1_748' title='bbox 3030 4878 3198 4935; x_wconf 86' lang='lat' dir='ltr'>Vers.</span> <span class='ocrx_word' id='word_1_749' title='bbox 3251 4879 3304 4934; x_wconf 91' lang='lat'>3.</span> <span class='ocrx_word' id='word_1_750' title='bbox 3349 4881 3580 4950; x_wconf 78' lang='lat' dir='ltr'>alapas.</span> 
     </span>
    </p>
   </div>
   <div class='ocr_carea' id='block_1_106' title="bbox 1933 4966 3582 5038">
    <p class='ocr_par' dir='ltr' id='par_1_106' title="bbox 1933 4966 3582 5038">
     <span class='ocr_line' id='line_1_107' title="bbox 1933 4966 3582 5038; baseline 0.002 -14"><span class='ocrx_word' id='word_1_751' title='bbox 1933 4968 2097 5024; x_wconf 89' lang='lat' dir='ltr'>Dicto</span> <span class='ocrx_word' id='word_1_752' title='bbox 2141 4966 2333 5038; x_wconf 89' lang='lat' dir='ltr'>capite</span> <span class='ocrx_word' id='word_1_753' title='bbox 2365 4969 2796 5036; x_wconf 90' lang='lat' dir='ltr'>consequenter</span> <span class='ocrx_word' id='word_1_754' title='bbox 2843 4967 3018 5024; x_wconf 87' lang='lat' dir='ltr'>etiam</span> <span class='ocrx_word' id='word_1_755' title='bbox 3073 4967 3201 5024; x_wconf 63' lang='lat' dir='ltr'>haec</span> <span class='ocrx_word' id='word_1_756' title='bbox 3250 4969 3456 5027; x_wconf 86' lang='lat' dir='ltr'>omnia</span> <span class='ocrx_word' id='word_1_757' title='bbox 3503 4971 3582 5027; x_wconf 91' lang='lat' dir='ltr'>ad</span> 
     </span>
    </p>
   </div>
   <div class='ocr_carea' id='block_1_107' title="bbox 2033 5169 2840 5226">
    <p class='ocr_par' dir='ltr' id='par_1_107' title="bbox 2033 5169 2840 5226">
     <span class='ocr_line' id='line_1_108' title="bbox 2033 5169 2840 5226; baseline -0.002 -1"><span class='ocrx_word' id='word_1_758' title='bbox 2033 5173 2078 5205; x_wconf 78' lang='grc'><strong>⁷⁵</strong></span> <span class='ocrx_word' id='word_1_759' title='bbox 2117 5170 2263 5226; x_wconf 84' lang='lat' dir='ltr'>ibid.</span> <span class='ocrx_word' id='word_1_760' title='bbox 2298 5175 2380 5225; x_wconf 80' lang='grc'>15.</span> <span class='ocrx_word' id='word_1_761' title='bbox 2502 5172 2549 5204; x_wconf 82' lang='grc'>⁷³</span> <span class='ocrx_word' id='word_1_762' title='bbox 2576 5169 2720 5226; x_wconf 88' lang='lat' dir='ltr'>ibid.</span> <span class='ocrx_word' id='word_1_763' title='bbox 2755 5174 2840 5226; x_wconf 83' lang='lat'>20.</span> 
     </span>
    </p>
   </div>
   <div class='ocr_carea' id='block_1_108' title="bbox 1470 5366 2362 5435">
    <p class='ocr_par' dir='ltr' id='par_1_108' title="bbox 1470 5366 2362 5435">
     <span class='ocr_line' id='line_1_109' title="bbox 1470 5366 2362 5435; baseline -0.002 -2"><span class='ocrx_word' id='word_1_764' title='bbox 1470 5366 1689 5434; x_wconf 77' lang='lat' dir='ltr'>Variae</span> <span class='ocrx_word' id='word_1_765' title='bbox 1713 5367 2038 5435; x_wconf 86' lang='lat' dir='ltr'>lectiones</span> <span class='ocrx_word' id='word_1_766' title='bbox 2069 5376 2135 5434; x_wconf 86' lang='lat' dir='ltr'>et</span> <span class='ocrx_word' id='word_1_767' title='bbox 2165 5377 2362 5432; x_wconf 77' lang='lat' dir='ltr'>notae.</span> 
     </span>
    </p>
   </div>
   <div class='ocr_carea' id='block_1_109' title="bbox 291 5563 1020 5650">
    <p class='ocr_par' dir='ltr' id='par_1_109' title="bbox 291 5563 1020 5650">
     <span class='ocr_line' id='line_1_110' title="bbox 291 5563 1020 5650; baseline -0.005 -27"><span class='ocrx_word' id='word_1_768' title='bbox 291 5569 406 5650; x_wconf 53' lang='grc' dir='ltr'>(ἓξ)</span> <span class='ocrx_word' id='word_1_769' title='bbox 449 5565 681 5650; x_wconf 76' lang='lat' dir='ltr'>Inclusa</span> <span class='ocrx_word' id='word_1_770' title='bbox 713 5563 1020 5650; x_wconf 74' lang='lat' dir='ltr'>omittit</span> 
     </span>
    </p>
   </div>
   <div class='ocr_carea' id='block_1_110' title="bbox 294 5637 1030 5708">
    <p class='ocr_par' dir='ltr' id='par_1_110' title="bbox 294 5637 1030 5708">
     <span class='ocr_line' id='line_1_111' title="bbox 294 5637 1030 5708; baseline -0.005 -13"><span class='ocrx_word' id='word_1_771' title='bbox 294 5637 406 5708; x_wconf 81' lang='lat'>(36)</span> <span class='ocrx_word' id='word_1_772' title='bbox 451 5638 684 5694; x_wconf 90' lang='lat' dir='ltr'>Inclusa</span> <span class='ocrx_word' id='word_1_773' title='bbox 720 5637 939 5692; x_wconf 88' lang='lat' dir='ltr'>absunt</span> <span class='ocrx_word' id='word_1_774' title='bbox 963 5637 1030 5690; x_wconf 87' lang='lat' dir='ltr'>A.</span> 
     </span>
    </p>
   </div>
   <div class='ocr_carea' id='block_1_111' title="bbox 291 5709 1145 5779">
    <p class='ocr_par' dir='ltr' id='par_1_111' title="bbox 291 5709 1145 5779">
     <span class='ocr_line' id='line_1_112' title="bbox 291 5709 1145 5779; baseline -0.005 -13"><span class='ocrx_word' id='word_1_775' title='bbox 291 5713 408 5779; x_wconf 79' lang='lat'>(37)</span> <span class='ocrx_word' id='word_1_776' title='bbox 450 5711 639 5765; x_wconf 87' lang='lat' dir='ltr'>Etiam</span> <span class='ocrx_word' id='word_1_777' title='bbox 669 5709 798 5764; x_wconf 62' lang='lat' dir='ltr'>haec</span> <span class='ocrx_word' id='word_1_778' title='bbox 834 5709 1055 5765; x_wconf 87' lang='lat' dir='ltr'>absunt</span> <span class='ocrx_word' id='word_1_779' title='bbox 1082 5710 1145 5762; x_wconf 80' lang='grc' dir='ltr'><strong>Α.</strong></span> 
     </span>
    </p>
   </div>
   <div class='ocr_carea' id='block_1_112' title="bbox 292 5779 1026 5855">
    <p class='ocr_par' dir='ltr' id='par_1_112' title="bbox 292 5779 1026 5855">
     <span class='ocr_line' id='line_1_113' title="bbox 292 5779 1026 5855; baseline -0.008 -15"><span class='ocrx_word' id='word_1_780' title='bbox 292 5783 409 5855; x_wconf 83' lang='grc'>(38)</span> <span class='ocrx_word' id='word_1_781' title='bbox 452 5780 688 5838; x_wconf 88' lang='lat' dir='ltr'>Inclusa</span> <span class='ocrx_word' id='word_1_782' title='bbox 717 5779 931 5837; x_wconf 88' lang='lat' dir='ltr'>omittit</span> <span class='ocrx_word' id='word_1_783' title='bbox 960 5781 1026 5834; x_wconf 86' lang='lat' dir='ltr'>A.</span> 
     </span>
    </p>
   </div>
   <div class='ocr_carea' id='block_1_113' title="bbox 2029 5561 2722 5624">
    <p class='ocr_par' dir='ltr' id='par_1_113' title="bbox 2029 5561 2722 5624">
     <span class='ocr_line' id='line_1_114' title="bbox 2029 5561 2722 5624; baseline -0.001 -7"><span class='ocrx_word' id='word_1_784' title='bbox 2029 5563 2115 5624; x_wconf 84' lang='lat'>39)</span> <span class='ocrx_word' id='word_1_785' title='bbox 2156 5563 2390 5618; x_wconf 86' lang='lat' dir='ltr'>Inclusa</span> <span class='ocrx_word' id='word_1_786' title='bbox 2420 5561 2637 5618; x_wconf 89' lang='lat' dir='ltr'>absunt</span> <span class='ocrx_word' id='word_1_787' title='bbox 2662 5567 2722 5616; x_wconf 84' lang='lat' dir='ltr'>A.</span> 
     </span>
    </p>
   </div>
   <div class='ocr_carea' id='block_1_114' title="bbox 2028 5634 2828 5705">
    <p class='ocr_par' dir='ltr' id='par_1_114' title="bbox 2028 5634 2828 5705">
     <span class='ocr_line' id='line_1_115' title="bbox 2028 5634 2828 5705; baseline 0.003 -17"><span class='ocrx_word' id='word_1_788' title='bbox 2028 5636 2116 5705; x_wconf 67' lang='grc'>40)</span> <span class='ocrx_word' id='word_1_789' title='bbox 2151 5635 2335 5689; x_wconf 89' lang='lat' dir='ltr'>Etiam</span> <span class='ocrx_word' id='word_1_790' title='bbox 2369 5634 2491 5689; x_wconf 65' lang='lat' dir='ltr'>haec</span> <span class='ocrx_word' id='word_1_791' title='bbox 2518 5634 2738 5689; x_wconf 87' lang='lat' dir='ltr'>absunt</span> <span class='ocrx_word' id='word_1_792' title='bbox 2763 5636 2828 5691; x_wconf 85' lang='grc' dir='ltr'><strong>Α.</strong></span> 
     </span>
    </p>
   </div>
   <div class='ocr_carea' id='block_1_115' title="bbox 2008 5705 3572 5778">
    <p class='ocr_par' dir='ltr' id='par_1_115' title="bbox 2008 5705 3572 5778">
     <span class='ocr_line' id='line_1_116' title="bbox 2008 5705 3572 5778; baseline 0 -17"><span class='ocrx_word' id='word_1_793' title='bbox 2008 5707 2120 5774; x_wconf 77' lang='grc'>(41)</span> <span class='ocrx_word' id='word_1_794' title='bbox 2180 5709 2240 5778; x_wconf 82' lang='lat' dir='ltr'>In</span> <span class='ocrx_word' id='word_1_795' title='bbox 2290 5712 2568 5778; x_wconf 78' lang='lat' dir='ltr'>contextu</span> <span class='ocrx_word' id='word_1_796' title='bbox 2600 5705 3135 5778; x_wconf 75' lang='lat' dir='ltr'>CQdd.__Euthymii</span> <span class='ocrx_word' id='word_1_797' title='bbox 3185 5707 3410 5765; x_wconf 88' lang='lat' dir='ltr'>habent</span> <span class='ocrx_word' id='word_1_798' title='bbox 3469 5707 3572 5774; x_wconf 90' lang='lat' dir='ltr'>ibi,</span> 
     </span>
    </p>
   </div>
   <div class='ocr_carea' id='block_1_116' title="bbox 1937 5776 3150 5849">
    <p class='ocr_par' dir='ltr' id='par_1_116' title="bbox 1937 5776 3150 5849">
     <span class='ocr_line' id='line_1_117' title="bbox 1937 5776 3150 5849; baseline 0.003 -18"><span class='ocrx_word' id='word_1_799' title='bbox 1937 5782 2075 5839; x_wconf 80' lang='grc' dir='ltr'>τους.</span> <span class='ocrx_word' id='word_1_800' title='bbox 2109 5777 2321 5849; x_wconf 78' lang='grc' dir='ltr'>ὄχλους.</span> <span class='ocrx_word' id='word_1_801' title='bbox 2358 5782 2441 5834; x_wconf 84' lang='lat' dir='ltr'>Ita</span> <span class='ocrx_word' id='word_1_802' title='bbox 2470 5776 2568 5832; x_wconf 91' lang='lat' dir='ltr'>hic</span> <span class='ocrx_word' id='word_1_803' title='bbox 2597 5776 2775 5834; x_wconf 90' lang='lat' dir='ltr'>etiam</span> <span class='ocrx_word' id='word_1_804' title='bbox 2809 5776 3150 5835; x_wconf 82' lang='lat' dir='ltr'>Hentenius.</span> 
     </span>
    </p>
   </div>
  </div>
