4130 6320
521 341 657 401 1463

1875 341 2223 402 EUTHYMII
2263 339 2595 398 ZIGABENI

3804 335 3946 390 μοι

518 477 773 536 verbum
830 477 1215 535 manifestata
1266 479 1423 534 sunt.
1490 476 1611 534 Ista
1658 479 1860 533 autem
1905 474 2169 532 Joannes

2317 486 2391 524 ον.
2456 465 2563 539 [Ἐν
2620 463 2837 536 ἐπιτομῇ
2899 462 3007 535 (42)
3084 459 3143 516 δε
3189 466 3280 515 καὶ
3330 468 3506 514 ταῦτα
3566 456 3864 525 διέξεισιν
3922 463 3949 513 ό

521 584 657 623 cum
677 567 964 623 brevitate
979 572 1200 633 narrat,
1222 571 1512 639 tanquam
1530 566 1608 621 ab
1622 565 1751 622 aliis
1761 565 1889 636 jam
1909 564 2168 635 scripta:

524 657 770 713 studens
818 662 874 713 et
918 657 1013 713 hic
1051 656 1317 722 recitare,
1366 671 1503 728 quas
1542 654 1840 727 praeterita
1878 659 2066 710 erant.
2108 656 2176 709 Et

524 763 632 803 cur
682 747 866 803 onino
918 762 1125 802 eorum
1171 744 1463 810 meminit,
1496 761 1628 817 quae
1660 744 1737 800 ab
1776 743 1907 800 aliis
1939 759 2175 798 memo-

523 840 653 892 rata
696 834 885 891 sunt?
919 836 1067 899 Quia
1097 835 1259 891 aliter
1297 850 1685 907 nequaquam
1733 838 1869 906 apte
1918 832 2175 889 scribere

526 929 755 997 poterat
781 941 918 997 quae
950 924 1172 998 scripta
1201 940 1321 980 non
1354 927 1542 980 erant.

594 1017 757 1069 Vers.
789 1015 842 1068 4.
875 1014 1080 1071 Exivi!
1106 1045 1174 1054 —
1203 1014 1398 1084 foras.
1436 1015 1553 1069 Hoc
1585 1016 1692 1081 est,
1735 1015 1903 1068 extra
1963 1015 2177 1084 praeto-

527 1104 699 1159 rium.

597 1195 760 1249 Vers.
815 1198 866 1249 4.
929 1194 1003 1250 Ut
1039 1224 1109 1234 —
1164 1193 1489 1251 inveniam.
1551 1193 1672 1249 Hoc
1733 1192 1893 1258 dicit,
1945 1194 2175 1247 tentans

526 1286 778 1338 mentem
842 1299 1074 1340 eorum.

597 1372 762 1427 Vers.
818 1377 871 1429 5.
934 1374 1137 1430 Exivit
1199 1403 1262 1414 —
1319 1373 1739 1431 vestimentum.
1784 1371 2001 1428 Eduxit
2039 1387 2178 1427 eum

524 1460 767 1518 ludibrii
797 1462 950 1519 stola
987 1463 1266 1518 vestitum
1303 1481 1316 1519 :
1351 1468 1415 1519 ut
1440 1463 1602 1518 hunc
1628 1464 1690 1517 in
1721 1466 1885 1519 tanto
1912 1461 2181 1517 videntes

527 1552 868 1624 opprobrio,
906 1553 1258 1609 satairentur
1287 1568 1357 1609 ac
1397 1551 1793 1625 placarentur.

600 1732 760 1789 Vers.
793 1732 847 1786 5.
891 1733 963 1787 Et
994 1761 1063 1774 —
1088 1732 1279 1788 homo.
1316 1732 1507 1788 Homo
1536 1731 1682 1787 dixit
1728 1746 1847 1803 pra:
1902 1745 2176 1803 compas-

530 1822 714 1888 sione,
748 1829 812 1878 ut
840 1827 895 1878 et
931 1822 1043 1894 ipsi
1075 1823 1496 1894 compassione
1530 1826 1927 1879 moverentur.

598 1913 761 1967 Vers.
805 1911 856 1966 6.
907 1914 1055 1969 Cum
1086 1944 1153 1952 —
1193 1928 1336 1969 eum.
1385 1916 1695 1984 Tanquam
1739 1912 1843 1969 feri
1875 1926 2076 1974 canes,
2108 1926 2179 1965 eo

529 2001 723 2057 solum
784 2002 932 2066 viso,
987 2001 1308 2057 furibunde
1350 2002 1756 2071 oblatrabant,
1807 2000 1983 2073 quasi
2041 2001 2179 2056 ferae

528 2089 750 2156 bestiae,
783 2106 917 2162 quae
947 2096 1261 2147 venatores
1292 2091 1359 2163 (ἰ)
1394 2091 1715 2147 sentientes
1752 2091 1953 2146 statim
1985 2090 2174 2146 incur-

527 2183 666 2234 runt
698 2195 709 2234 :
745 2194 886 2234 nam
927 2178 1152 2235 invidia
1182 2181 1350 2248 ebrii,
1381 2180 1441 2235 in
1473 2179 1698 2235 caedem
1730 2179 2018 2235 adversus
2039 2195 2178 2235 eum

528 2267 1077 2324 debacchabantur.

601 2360 766 2413 Vers.
795 2360 847 2413 6.
881 2359 986 2415 Ait
1015 2392 1084 2399 —
1113 2360 1363 2417 crimen.
1414 2359 1551 2427 Vos,
1584 2359 1799 2432 inquit,
1833 2358 1933 2431 qui
1974 2359 2182 2431 injusti

530 2448 695 2505 estis.
727 2450 1011 2506 Permittit
1040 2456 1238 2506 autem
1267 2466 1476 2506 eorum
1506 2450 1802 2522 potestati,
1837 2448 2183 2519 indignatus

532 2536 605 2592 de
639 2537 918 2594 violentia
946 2555 1015 2595 ac
1056 2540 1427 2611 impudentia
1458 2540 1716 2596 illorum.

609 2629 765 2683 Vers.
833 2634 884 2683 7.
940 2629 1387 2696 Responderunt
1455 2661 1524 2670 ——
1612 2630 1773 2702 fecit.
1842 2627 2182 2685 Naturalem

532 2716 823 2772 videlicet.
854 2720 972 2772 Hoc
1012 2722 1212 2773 autem
1271 2717 1547 2775 dixerunt
1592 2718 1944 2790 injustitiam
1993 2717 2181 2789 repel-

532 2804 741 2863 lentes.
774 2806 977 2877 Itaque
1034 2824 1272 2863 rursum
1302 2808 1372 2862 ad
1410 2807 1587 2864 aliam
1631 2807 1995 2863 transierunt
2020 2822 2182 2863 accu-

532 2896 845 2950 sationem.
899 2895 1053 2961 Quid
1104 2912 1245 2965 ergo
1278 2896 1547 2952 Christus
1577 2896 1606 2951 ΞΡ
1647 2898 1786 2952 Cum
1837 2898 1908 2951 de
1962 2895 2184 2952 talibus

534 2998 673 3038 eum
705 2989 1074 3049 accusarent,
1107 2985 1358 3051 tacebat,
1411 2985 1637 3040 dictum
1686 2985 1996 3059 complens
2050 3000 2184 3057 pro-

533 3073 839 3146 pheticum
868 3089 879 3127 :
911 3074 1048 3129 Non
1079 3075 1313 3143 aperuit
1350 3090 1411 3130 os
1440 3090 1603 3129 suum
1631 3075 1701 3128 τι.

2285 557 2543 622 Ἰωάννης,
2624 555 2688 614 ὡς
2757 559 2866 614 τοῖς
2940 551 3108 613 ἄλλοις
3189 554 3560 626 ἱστορηθέντα,
3670 548 3946 604 σπεύδω

2284 644 2592 717 ἀπαγγεῖλαι
2649 641 2915 695 κάνταῦθα
2965 644 3031 693 τὰ
3079 640 3549 713 παραλελειμμένα.
3607 646 3723 694 Καὶ
3787 637 3948 693 διατί
4032 672 4033 713 1

2284 736 2410 797 ὅλως
2439 734 2744 807 μνημονεύει
2772 740 2870 783 τῶν
2896 732 3341 804 μνημονευθέντων
3372 736 3484 790 τοῖς
3516 729 3758 795 masc;
3794 736 3945 784 Διότι
4032 750 4033 755 ‘

2284 824 2377 878 οὐχ
2407 823 2467 875 ἆν
2498 823 2680 896 ἑτέρως
2727 820 2924 893 ἔμελλεν
2973 816 3239 894 ἁρμοδίως
3290 822 3580 892 ἱστορῆσαι
3638 822 3716 872 τα
3786 819 3940 872 ὠισ-

2284 911 2531 987 τόρητα.]

2355 1001 2593 1065 Ἐξῆλθεν
2622 1031 2686 1041 -
2717 999 2831 1062 ἔξω.
2860 997 2995 1061 Ἕξω
3023 1004 3113 1051 τοῦ
3158 1001 3505 1073 πραιτωρίου.
3535 1001 3615 1051 Τὸ
3672 994 3741 1051 δὲ
3790 994 3930 1065 Ἴδε,

2288 1093 2401 1146 ἀντὶ
2438 1100 2530 1145 τοῦ
2557 1087 2720 1145 Ἰδού.

2354 1182 2465 1237 Ἰνα
2495 1212 2557 1222 -
2586 1181 2829 1254 εὑρίσκω.
2860 1184 3025 1232 Τοῦτο
3054 1177 3169 1250 (43)
3196 1176 3331 1249 λέγει
3354 1184 3453 1239 τῆς
3479 1183 3716 1250 γνώμης
3750 1178 3935 1230 αὐτῶν

2289 1270 2672 1344 ἁποπειρὼμενο
2683 1289 2723 1329 ς.

2361 1358 2594 1422 Ἐξῆλθεν
2642 1388 2711 1398 -
2768 1358 2989 1430 ἱμάτιον.
3037 1353 3343 1429 [Έξὴγαγεν
3418 1355 3538 1427 (44)
3603 1355 3794 1408 αὐτὸν
3854 1374 3940 1407 πε-

2287 1447 2646 1524 ριϐεϐλημένον
2700 1451 2794 1504 τὴν
2853 1444 3041 1504 στολὴν
3105 1452 3202 1507 τῆς
3251 1443 3468 1517 χλεύης,
3532 1445 3628 1496 ἶνα
3703 1444 3763 1497 ἐν
3830 1443 3937 1496 5m-

2289 1545 2384 1612 μίᾳ
2415 1540 2643 1610 τοσαύτῃ
2695 1543 2875 1589 τοῦτον
2917 1531 3116 1597 ἰδόντες
3164 1535 3460 1609 κορεσθῶσι
3494 1539 3589 1587 καὶ
3654 1530 3943 1591 δυσωπη-

2293 1626 2476 1700 θὼσι.]

2362 1721 2463 1770 Καὶ
2481 1747 2549 1756 -
2569 1717 2857 1791 ἄνθρωπος.
2882 1714 2942 1767 Ὀ
2958 1714 3227 1787 ἄνθρωπος
3258 1717 3391 1766 εἶπεν
3413 1712 3515 1765 ὑπὸ
3544 1715 3937 1786 συμπαθείας,

2219 1839 2259 1893 Β
2292 1808 2373 1859 ἴνα
2410 1811 2499 1859 καὶ
2527 1806 2675 1858 αὐτοὶ
2707 1804 3155 1877 συμπαθήσωσιν,

2358 1896 2481 1950 Ὀτε
2536 1926 2605 1937 -
2650 1894 2823 1946 αὐτόν.
2869 1892 2953 1953 Ὠς
3006 1891 3255 1965 ἀνήμεροι
3313 1892 3479 1958 κύνες,
3542 1886 3768 1952 ἰδόντες
3828 1894 3932 1962 μό-

2289 2006 2371 2038 νον
2395 1986 2530 2058 (45),
2556 1984 2789 2057 ἐμμανῶς
2817 1981 3239 2047 καθυλάκτησαν,
3264 1979 3357 2052 [ὡς
3378 1981 3490 2050 (46)
3508 1981 3704 2054 ἄγριοι
3733 1981 3930 2053 Θῆρες,

2291 2076 2594 2147 αἰσθόμενοι
2668 2080 2757 2124 τοῦ
2818 2073 3142 2143 θηράματος,
3217 2068 3371 2131 ὀξέως
3435 2064 3776 2143 ἇπέδραμον.
3844 2076 3929 2137 Τῷ

2291 2167 2458 2237 φθόνῳ
2489 2166 2590 2238 γὰρ
2618 2164 2947 2236 μεθύσαντες,
2971 2160 3044 2221 εἰς
3072 2163 3158 2211 τὸν
3187 2158 3302 2210 κατ’
3334 2158 3492 2210 αὐτοῦ
3510 2164 3670 2230 gero»
3704 2157 3934 2221 ἐξεϐακ.

2289 2250 2610 2327 χεύθησαν.]

2362 2346 2516 2415 Λέγει
2544 2372 2610 2384 -
2640 2339 2831 2392 αἰτίαν.
2861 2336 3052 2410 Ὑμεῖς,
3081 2340 3260 2410 φησὶν,
3281 2338 3331 2389 οἱ
3355 2332 3554 2389 ἄδικοι.
3577 2343 3930 2409 Παραχωρεί

2293 2429 2352 2484 δὲ
2381 2434 2582 2491 τούτοις
2606 2438 2696 2490 τῆς
2726 2427 2981 2498 ἐξουσίας,
3017 2422 3432 2498 δυσανασχετῶν
3457 2423 3542 2477 ini
3574 2433 3640 2497 τῇ
3690 2425 3807 2498 βίᾳ
3840 2432 3932 2477 καὶ

2294 2519 2646 2592 ἀναισχυντίᾳ
2673 2518 2859 2571 αὐτῶν.

2361 2610 2751 2682 Ἀπεκρίθησαν
2830 2636 2899 2645 -
2994 2602 3228 2661 ἐποίησε.
3324 2606 3546 2659 Γνήσιον
3637 2599 3931 2661 δηλονότι.

2294 2696 2719 2772 Ἀποτριϐόμενοι
2764 2691 2823 2747 δὲ
2873 2699 2959 2752 τὴν
3012 2689 3249 2760 ἀδικίαν,
3311 2698 3463 2744 τοῦτο
3521 2689 3697 2744 εἷπον.
3757 2693 3933 2745 Πάλιν

2294 2784 2381 2840 οὖν
2434 2786 2509 2859 ἐφ’
2583 2785 2757 2859 ἑτέραν
2810 2777 3181 2855 μετεπήδησαν
3237 2785 3558 2855 κατηγορίαν
3630 2780 3730 2833 ὑπ’
3797 2780 3932 2833 ἁπο-

2294 2882 2426 2952 ρίας.
2444 2881 2509 2928 Τί
2525 2871 2611 2927 οὖν
2633 2875 2658 2926 ό
2680 2876 2906 2948 Χριστός
2925 2890 2937 2937 ;
2959 2878 3190 2924 Τοιαῦτα
3203 2872 3649 2943 κατηγορούντων,
3682 2869 3925 2935 ἕσιωπα,

2295 2966 2502 3037 πληρῶν
2558 2967 2616 3015 τό
2674 2965 2993 3035 προφητικὸν
3027 2961 3147 3012 ’ὅτι
3193 2958 3305 3012 Οὐκ
3356 2963 3554 3029 ανοίγει
3610 2962 3675 3011 τὸ
3740 2964 3927 3033 στόμα

2297 3073 2479 3111 αυτ-ου.

605 3162 774 3218 Vers.
805 3164 857 3217 8.
894 3163 1035 3219 Cum
1063 3135 1125 3206 -ί
1159 3162 1370 3218 timuit.
1404 3166 1484 3219 Ne
1514 3163 1823 3236 quomodo
1855 3164 1915 3219 in
1943 3163 2186 3221 veritate

2365 3142 2489 3196 ’Ὁτι
2518 3172 2578 3183 -
2616 3139 2866 3213 ἐφοϐήθη.
2900 3141 3110 3197 Μήποτε
3136 3146 3198 3211 τῇ
3229 3137 3340 3210 (47)
3371 3135 3588 3208 ἀληθείᾳ
3619 3142 3764 3200 Θεὸς
3806 3142 3925 3211 (48)

538 3254 688 3307 Deus
710 3256 884 3316 esset,
917 3257 973 3307 et
992 3268 1131 3309 eum
1161 3252 1547 3323 disperderet,
1576 3253 1656 3309 ita
1677 3253 1755 3310 ab
1778 3253 1909 3327 ipso
1937 3253 2187 3311 affectus

538 3341 918 3397 contumelia.

610 3431 775 3485 Vers.
805 3436 856 3487 9.
902 3432 981 3486 Et
1014 3461 1079 3471 —
1110 3437 1175 3487 tu
1224 3432 1253 3486 Ἰ
1307 3435 1438 3488 Jam
1469 3448 1591 3488 non
1643 3433 1987 3504 interrogat,
2043 3432 2193 3498 Quid

540 3520 735 3591 fecisti
750 3522 797 3556 ⁷⁸
817 3520 845 3574 ?
861 3521 979 3585 sed,
1006 3521 1162 3577 Unde
1179 3538 1235 3577 es
1262 3528 1326 3577 tu
1344 3522 1372 3575 τ
1392 3538 1422 3577 e
1444 3522 1616 3588 coelo,
1638 3538 1714 3577 an
1732 3527 1935 3579 eterra
1951 3523 1979 3577 ?

615 3608 778 3664 Vers.
810 3610 863 3664 9.
908 3611 1075 3665 Jesus
1105 3617 1298 3667 autem
1342 3640 1412 3651 ——
1453 3610 1523 3667 ei.
1559 3613 1707 3666 Nam
1750 3612 1915 3683 quod
1963 3610 2192 3667 discere

544 3697 775 3768 quaerit,
805 3698 934 3769 jam
964 3698 1271 3766 didicerat,
1304 3701 1550 3771 quando
1582 3699 1854 3756 audierat
1899 3716 1911 3755 :
1945 3701 2192 3770 Regnum

546 3801 735 3842 meum
763 3803 882 3843 non
909 3793 992 3843 est
1017 3803 1093 3845 ex
1111 3790 1220 3845 hoc
1249 3789 1482 3845 mundo.
1508 3791 1570 3844 Et
1600 3790 1751 3844 sicut
1777 3793 1916 3844 tunc
1944 3788 2197 3845 molliter

546 3873 793 3931 affectus
815 3876 961 3933 nihil
982 3892 1119 3933 eum
1139 3878 1394 3948 juverat,
1426 3878 1506 3934 ita
1525 3882 1584 3933 et
1603 3893 1764 3933 nunc
1784 3877 2049 3934 futurum
2071 3882 2198 3932 erat

549 3968 614 4019 ut
632 3963 777 4020 nihil
798 3965 1056 4035 juvaret,
1079 3982 1215 4023 cum
1242 3968 1499 4037 ignavus
1527 3970 1679 4024 esset
1705 3982 1773 4023 ac
1793 3966 2193 4023 meticulosus.

620 4141 783 4195 Vers.
825 4143 1028 4196 lO.Ait
1078 4173 1143 4182 —
1187 4148 1235 4197 te
1263 4143 1291 4197 ?
1321 4146 1384 4197 Et
1418 4147 1662 4199 terretur
1714 4148 1769 4199 et
1817 4148 2035 4209 terret;
2075 4142 2200 4197 irri-

549 4232 706 4285 tatus
758 4228 916 4284 enim
948 4230 1109 4301 quod
1160 4230 1274 4285 sibi
1320 4247 1394 4286 ne
1428 4231 1624 4302 ipsum
1678 4231 1924 4304 quidem
1974 4232 2199 4287 foventi

550 4317 929 4390 respondeat,
969 4317 1250 4390 deinceps
1275 4319 1470 4375 vibrat
1494 4324 1870 4391 potestatem.
1906 4319 2019 4377 Sed
2049 4336 2085 4376 o
2110 4320 2198 4375 in-

552 4412 783 4462 sensate
815 4406 827 4461 l
862 4406 909 4461 si
951 4410 1307 4479 potestatem
1357 4407 1547 4464 habes
1600 4407 1800 4481 ipsum
1828 4408 2197 4473 absolvendi,

2299 3234 2432 3296 ἐστι,
2476 3235 2565 3283 καὶ
2597 3229 2934 3303 ἐξολοθρεύσῃ
2966 3235 3166 3293 τοῦτον,
3209 3227 3372 3289 οὕτως
3399 3226 3743 3301 ὑϐριζόμενος
3791 3229 3925 3302 παρ’

2302 3323 2412 3396 (49)
2442 3322 2601 3393 αύτῷ.

2371 3413 2475 3466 Καὶ
2514 3441 2566 3451 -
2602 3412 2667 3461 σὺ
2695 3425 2709 3476 ;
2743 3406 2931 3460 Ούιιέτι
2964 3405 3149 3480 ἐρωτᾷ.
3184 3410 3249 3458 Τί
3278 3404 3544 3475 ἐποίησας,
3580 3402 3716 3457 ἀλλὰ
3748 3409 3921 3460 Πόθεν

2303 3502 2347 3555 εί
2382 3504 2469 3569 σὺ,
2510 3499 2562 3562 ἐξ
2590 3498 2808 3568 ούρανοῦ
2837 3501 2867 3555 ἦ
2898 3495 2955 3548 ἐκ
2984 3504 3083 3567 γῆς
3109 3514 3126 3566 ;

2372 3590 2430 3642 Ὀ
2464 3586 2523 3642 δὲ
2553 3588 2757 3647 Ἰησοῦς
2806 3617 2874 3625 -
2924 3584 3084 3656 αὐτῷ.
3140 3587 3281 3636 Διότι
3332 3584 3450 3658 ὅπερ
3491 3580 3666 3643 ἐζήτει
3729 3586 3922 3657 μαθεῖν

2303 3681 2509 3753 ἔμαθεν,
2563 3678 2642 3729 ὅτε
2692 3679 2912 3734 ἣκουσιν
2991 3675 3073 3726 ὅτι
3133 3672 3193 3725 Ἠ
3253 3670 3498 3746 βασιλεία
3553 3674 3583 3730 ἠ
3652 3670 3762 3745 ipsi)
3828 3674 3923 3726 οὐκ

2305 3772 2444 3822 ἔστιν
2514 3765 2569 3818 ἐκ
2640 3771 2732 3816 τοῦ
2793 3768 2994 3836 κόσμου
3058 3765 3264 3817 τούτου.
3351 3761 3478 3835 [Καὶ
3739 3764 3919 3837 ὥσπερ

2305 3863 2435 3923 τότε,
2477 3855 2721 3929 μαλακῶς
2768 3851 3185 3924 ἀντιποιούμενος
3232 3851 3363 3923 (51),
3427 3845 3577 3902 ούδὶν
3624 3849 3917 3922 ὠφέλησε-υ,

2307 3946 2466 4005 οὕτως
2508 3939 2632 3995 οὐδὲ
2671 3949 2759 3994 νῦν
2789 3940 2984 4014 ἔμελλεν
3030 3939 3330 4013 ὠφελήσειν,
3386 3934 3642 4012 ἄνανδρος
3694 3943 3771 3990 ὧν
3827 3946 3918 3992 καὶ

2307 4029 2621 4106 ψοφοδεὴς]

2380 4124 2533 4192 Λέγει
2588 4151 2657 4160 —-
2712 4136 2811 4187 σε;
2846 4123 2945 4172 Καὶ
2998 4116 3232 4190 φοϐεῖται
3279 4120 3369 4168 καὶ
3420 4115 3579 4189 φοϐεῖ.
3641 4117 3916 4189 Παροξυν-

2312 4213 2415 4272 θεὶς
2457 4211 2558 4284 γὰρ
2606 4205 2745 4261 διότι
2792 4204 2915 4260 οὗδὶ
2967 4206 3107 4278 αύτῷ
3158 4213 3230 4277 τῷ
3290 4204 3535 4258 θάλποντι
3578 4205 3739 4257 αὐτὸν
3790 4205 3915 4260 ἁπε-

2308 4299 2486 4373 κρίθη,
2517 4298 2694 4350 λοιπὸν
2723 4295 2954 4350 ὶπέσεισε
2979 4300 3067 4354 την
3093 4293 3352 4357 ἐξουσίαν.
3408 4292 3565 4363 Ἀλλ’,
3606 4290 3648 4345 ὦ
3680 4292 3871 4353 ἀνόητε
3899 4298 3911 4350 ἓ

2312 4387 2354 4439 εἰ
2389 4387 2625 4449 ἐξουσίαν
2671 4389 2811 4458 ἔχεις
2858 4382 3117 4437 ἀπολῦσαι
3161 4382 3338 4450 αὐτὸν,
3370 4391 3479 4445 πῶς
3526 4382 3620 4435 οὐκ
3654 4382 3912 4447 ἀπολύεις,

550 4493 861 4568 quomodo
890 4509 1012 4551 non
1038 4495 1319 4561 absolvis,
1347 4511 1487 4552 cum
1513 4495 1666 4552 scias
1692 4511 1831 4552 eum
1856 4512 2056 4553 carere
2095 4495 2186 4551 ori

2317 4471 2466 4537 εἰδὼς
2532 4474 2782 4542 ἀναίτιον,
2832 4478 2922 4527 καὶ
2979 4470 3238 4547 διαφόρως
3289 4478 3442 4525 τοῦτο
3491 4482 3909 4548 προσμαρτυρῶν

552 4584 735 4652 mine,
784 4588 841 4640 et
883 4583 1222 4657 frequenter
1262 4584 1370 4642 hoc
1409 4586 1814 4643 testimonium
1854 4585 1924 4642 de
1954 4601 2025 4643 eo
2074 4599 2205 4658 per-

554 4671 838 4730 hibueris.

626 4860 675 4896 ⁷⁴
716 4863 829 4916 lsa.
862 4876 974 4925 Lm,
1009 4866 1067 4917 7.
1201 4863 1250 4897 ⁷⁸
1280 4862 1452 4919 Joan.
1484 4878 1644 4928 xvm,
1679 4865 1769 4919 36.

2316 4568 2456 4636 αὐτῷ
2482 4581 2496 4630 ;

1737 5041 1955 5111 Variae
1995 5041 2320 5110 lectiones
2352 5049 2417 5109 et
2446 5050 2627 5108 notae

628 5186 743 5323 (42)
781 5184 1013 5241 Inclusa
1041 5185 1257 5242 desunt
1285 5187 1353 5239 A.

654 5258 721 5313 43
763 5259 893 5313 Haec
919 5256 1217 5323 prioribus
1242 5257 1349 5323 jun

654 5256 743 5329 43)
763 5259 893 5313 Haec
919 5256 1217 5329 prioribus
1242 5257 1438 5328 jungit
1462 5259 1536 5315 A.

632 5328 744 5397 (44)
769 5330 901 5383 Haec
926 5328 1151 5384 absunt
1180 5332 1245 5384 Α.

630 5399 748 5534 (45)
782 5400 963 5463 Αὐτόν.

659 5472 748 5534 46)
792 5470 963 5526 [ηοιυε

659 5472 748 5535 46)
792 5470 1029 5526 Inclusa
1058 5470 1272 5528 desunt
1297 5471 1363 5528 Α.

636 5541 747 5612 (47)
784 5542 857 5613 Τῇ
892 5541 1110 5598 omittit
1147 5549 1212 5597 A.

634 5667 701 5737 (ι)
737 5664 1064 5723 Venator-es.
1100 5668 1160 5722 In
1195 5670 1360 5724 Graeo
1390 5671 1477 5722 est
1508 5668 1739 5740 θηραμα,
1787 5681 1905 5723 non
1960 5668 2206 5740 θηρατῄς.

566 5742 794 5810 Θηραμα
825 5752 959 5792 vero
990 5744 1075 5793 est
1104 5754 1193 5795 res
1244 5753 1369 5808 qum
1418 5738 1681 5807 rapitur.
1736 5741 1903 5809 Ergo,
1938 5738 2208 5809 praedam

2388 5183 2507 5255 (ιδ)
2545 5184 2738 5240 Malim
2766 5179 2823 5255 ᾖ.

2414 5254 2502 5327 49)
2543 5256 2711 5327 orte
2741 5252 2863 5327 παρ’
2895 5252 3076 5327 αὐτοῦ,

2415 5323 2502 5381 50)
2545 5324 2777 5381 Inclusa
2801 5323 3021 5379 absunt
3051 5326 3115 5378 A.

2413 5387 2506 5465 51)
2545 5396 2823 5466 Intellige,
2848 5403 2940 5449 τοῦ
2970 5395 3147 5454 Ἰησοῦ
3168 5399 3278 5455 τοῖς
3305 5387 3622 5466 Ἰουδαίοιςζ
3646 5394 3764 5466 Aut
3787 5394 3920 5450 sim-

2318 5462 2565 5540 pliciter,
2594 5462 3045 5533 contra'nitens,
3087 5481 3149 5522 se
3177 5478 3492 5538 opponens
3520 5462 3765 5520 Judasis.

2318 5671 2649 5724 sentientes.
2669 5664 2757 5722 Sic
2784 5663 2948 5721 verbi
2962 5678 3167 5730 causa,
3182 5678 3322 5720 cum
3333 5661 3512 5734 lupus
3521 5675 3702 5734 ovem
3716 5663 3912 5729 cernit,

2320 5740 2610 5811 impetum
2641 5737 2699 5793 in
2739 5751 2874 5792 eam
2902 5735 3057 5792 facit.
3104 5735 3224 5792 Hoc
3249 5731 3507 5805 ergo'est
3532 5731 3655 5806 lupi
3685 5735 3912 5809 θήραμα.
