4130 6320
341 411 365 465 1
380 411 486 466 465

1338 412 1708 469 COMMENT.
1751 413 1820 469 IN
1859 413 2208 470 JOANNEM.
2258 445 2324 452 —
2362 412 2516 469 CAP.
2562 411 2708 466 XIX.

3577 412 3594 463 l
3609 406 3711 462 466

416 535 695 612 Ἀπεκρίθη
721 570 788 580 -
826 540 1035 594 ἄνωθεν.
1061 538 1365 615 Ἀπεκρίθη,
1399 547 1682 593 κατασπῶν
1712 544 1806 598 τὴν
1837 538 1932 593 ἀπὸ

2123 542 2285 596 Vers.
2301 540 2362 594 11
2377 583 2390 597 .
2409 538 2733 607 Respondit
2767 568 2826 576 —
2840 533 3124 607 supernis.
3144 534 3468 606 Respondit
3480 532 3706 590 fastum

335 634 438 687 τῆς
468 625 704 689 ἐξουσίας
731 629 888 700 ὀφρῦν
933 627 1112 696 αὐτοῦ,
1152 633 1242 681 καί
1263 649 1420 699 φησιν
1448 647 1460 659 ·
1493 629 1602 681 Ούκ
1633 627 1783 700 εἶχες
1804 627 1941 690 ἐξου-

339 719 462 766 σίαν
488 713 736 787 οὐδεμίαν
769 719 881 768 κατ’
909 716 1052 789 ἐμοῦ,
1087 717 1128 770 εἰ
1157 723 1228 790 μὴ
1264 715 1323 776 ἦν
1356 738 1440 770 σοι
1471 722 1940 791 συγκεχωρημένον

337 803 396 855 ἐκ
429 813 582 866 Θεοῦ,
621 801 818 878 [δηὶῶν
863 806 974 878 (52)
1025 806 1138 859 κατ’
1191 807 1485 879 οἰκονομίαν
1539 827 1652 858 τινα
1684 809 1938 880 θειοτέραν

335 894 589 965 πάσχειν.
621 893 731 947 Ἵνα
762 891 820 946 δὲ
845 901 914 966 μὴ
951 894 1180 958 ἀκούσας
1204 903 1353 947 τουτο
1375 900 1565 968 νομίσῃ
1601 895 1938 967 ἀπηλλάχθαι

337 982 685 1055 ἐγκλήματος,
719 983 947 1057 ἐπήγαγε

413 1163 506 1213 Διὰ
531 1168 679 1214 τοῦτο
701 1192 768 1202 -
793 1164 922 1233 ἔχει.
959 1167 1100 1215 Διότι
1125 1162 1361 1226 ἐξουσίαν
1391 1165 1552 1235 ἔχεις,
1578 1168 1665 1216 καὶ
1691 1163 1784 1214 οὐκ
1813 1161 1936 1214 ἀπο-

338 1249 477 1311 λύεις
497 1270 578 1323 με,
615 1250 707 1302 οὐκ
729 1250 1042 1304 ἀπολέλυσαι
1074 1250 1352 1327 ἁμαρτίας,
1379 1252 1422 1304 εὶ
1446 1258 1535 1305 καὶ
1558 1252 1817 1312 ἐλάττονος
1841 1260 1936 1313 τῆς

338 1347 438 1392 τῶν
465 1337 803 1412 παραδόντων
831 1345 894 1412 μέ
934 1361 1037 1397 σοι.
1073 1345 1169 1394 Καὶ
1198 1343 1298 1415 γὰρ
1356 1341 1496 1394 οὗτοι
1528 1344 1617 1414 μὲν
1647 1346 1933 1415 μιαιφόνοι,

343 1432 408 1481 σὺ
440 1425 498 1482 δὲ
528 1429 725 1492 ἁπαλὸς
750 1435 838 1482 καὶ
868 1429 1186 1503 εὖρίπιστος.

412 1606 500 1659 Ἐκ
521 1638 589 1646 -
618 1606 793 1662 αὐτόν.
831 1606 1221 1680 [Καταπλαγεὶς
1248 1608 1358 1680 (53)
1387 1612 1508 1668 τοὺς
1535 1607 1722 1678 λόγους
1752 1607 1932 1662 αὐτοῦ.

341 1693 592 1748 Ἰουδαῖοι
624 1693 702 1761 δὲ,
737 1702 826 1749 καὶ
859 1698 1111 1770 θεοπρεπῆ
1149 1704 1342 1769 σημεῖα
1372 1697 1532 1750 αὑτοῦ
1561 1696 1723 1749 πολλὰ
1752 1699 1937 1750 θεασά-

341 1803 501 1855 μενοι,
534 1785 722 1857 μᾶλλον
750 1785 1038 1857 ἐμαίνοντο.
1071 1785 1092 1858 ]

2050 630 2399 701 objurgans,
2433 629 2536 700 qui
2562 629 2641 682 illi
2674 626 2752 682 ob
2793 630 3145 698 potestatem
3174 623 3545 680 accrescebat
3579 625 3708 696 (1n),

2051 727 2105 776 et
2143 720 2222 775 ait
2255 737 2266 773 :
2296 720 2427 774 Non
2474 717 2709 774 haberes
2753 719 3098 785 potestatem
3154 714 3341 770 ullam
3399 714 3702 768 adversum

2049 826 2157 876 me,
2199 810 2314 864 nisi
2370 814 2507 866 esset
2559 807 2666 862 tibi
2716 807 2976 861 datume
3021 806 3308 873 supernis,
3361 803 3704 872 signiﬁcans

2048 899 2252 955 divina
2285 898 2547 970 quadem
2587 894 3030 967 dispensatione
3071 909 3130 949 se
3171 894 3311 964 pati.
3347 896 3424 950 Ne
3476 897 3701 959 autem,

2047 990 2160 1045 hoc
2237 988 2461 1053 audito,
2518 986 2902 1043 arbitraretur
2959 999 3088 1039 sese
3140 981 3368 1039 absolvi
3437 983 3704 1054 crimine,

2049 1077 2375 1148 subjuuxit.

2120 1169 2276 1223 Vers.
2311 1167 2392 1220 11.
2449 1166 2762 1234 Propterea
2815 1193 2882 1203 —
2911 1162 3095 1218 habet.
3149 1160 3299 1226 Quia
3347 1164 3702 1232 potestatem

2045 1256 2253 1322 habes,
2271 1271 2379 1311 nec
2405 1254 2667 1311 absolvis
2697 1268 2810 1318 me,
2840 1267 3038 1307 nones
3060 1250 3345 1306 immunis
3371 1265 3405 1304 a
3431 1254 3703 1322 peccato,

2046 1361 2397 1418 quanquam
2423 1344 2621 1399 minus
2652 1343 2723 1397 sit
2774 1346 3016 1412 peccato
3073 1356 3281 1396 eorum
3331 1339 3434 1411 qui
3465 1355 3562 1394 me
3595 1339 3704 1394 tibi

2047 1434 2417 1490 tradiderunt
2445 1451 2457 1485 :
2480 1431 2773 1504 siquidem
2809 1429 2888 1485 illi
2915 1428 3226 1485 homicidae
3255 1434 3392 1483 sunt
3414 1427 3701 1493 scelerati,

2049 1527 2114 1579 tu
2145 1540 2285 1579 vero
2317 1521 2510 1578 mollis
2536 1520 2824 1592 facileque
2856 1518 3157 1574 credulus.

2118 1614 2287 1667 Vers.
2320 1613 2511 1668 12.Είι“
2534 1608 3161 1666 —eum.Sermonibus
3188 1606 3701 1679 ejusperterritus.

2045 1702 2228 1758 Judmi
2259 1717 2417 1766 vero,
2458 1701 2554 1773 qui
2587 1699 2792 1755 divina
2833 1699 2961 1769 ejus
2992 1699 3165 1766 signa
3197 1696 3532 1768 frequenter
3563 1711 3704 1751 con-

2049 1794 2389 1863 spexerant,
2420 1788 2679 1860 amplius
2712 1787 3110 1842 insaniebant.

412 1877 477 1926 Οἱ
509 1871 566 1927 δὲ
616 1871 866 1927 Ἰουδαῖοι
899 1907 967 1915 -
1000 1879 1252 1948 Καίσαρι,
1293 1871 1516 1936 ’ἰδόντες
1557 1875 1800 1934 ἀνόνητον
1849 1881 1932 1928 τόν

2122 1883 2275 1936 Vers.
2315 1883 2395 1934 l2.
2429 1880 2625 1935 Judwi
2679 1885 2872 1934 autem
2906 1908 2970 1915 —
3022 1877 3264 1932 Caesari.
3308 1874 3504 1930 lntuiti
3538 1874 3700 1946 obje-

342 1962 693 2035 προϐ).ηθέντα
746 1967 918 2035 νόμον,
968 1968 1058 2016 καὶ
1095 1969 1296 2035 γνόντες
1344 1966 1424 2017 ὅτι
1477 1965 1626 2025 ζητεί
1676 1964 1936 2017 ἀπολῦσαι

345 2052 516 2115 αὐτὸν,
548 2051 700 2103 πάλιν
726 2051 809 2104 ἐπὶ
839 2057 926 2110 τὴν
965 2058 1282 2127 κατηγορίαν
1316 2063 1406 2114 τῆς
1436 2051 1744 2128 τυραννίδος
1783 2074 1937 2126 μετα-

343 2148 628 2212 χωροῦσιν,
652 2144 721 2202 ὡς
750 2142 808 2193 ού
836 2147 1124 2216 παροπτέαν
1142 2151 1212 2213 τῷ
1239 2143 1467 2214 Πιλάτῳ,
1488 2140 1582 2195 διὰ
1609 2147 1695 2195 τὸν
1723 2142 1823 2196 ἀπὸ
1846 2151 1936 2196 τοῦ

346 2234 599 2303 Καίσαρος
621 2229 792 2302 φόϐον.
824 2231 934 2284 Ούκ
965 2228 1012 2284 εἴ
1034 2230 1196 2304 φίλος,
1236 2235 1400 2292 ε’ίτουν
1433 2235 1624 2295 εὔνους.
1657 2232 1935 2304 Ἀντιλέγει

344 2315 417 2385 δὲ,
444 2323 562 2378 ἤτοι
584 2322 864 2395 Ἀνταίρει.

410 2504 510 2552 Καὶ
538 2508 638 2552 ποῦ
679 2501 830 2563 οὗτος
882 2499 1190 2576 τυραννίδος
1242 2503 1354 2573 (54)
1391 2501 1521 2554 ἑάλω
1563 2504 1758 2569 ;πόθεν
1788 2505 1935 2574 ἔχετε

343 2585 506 2650 δεῖξαι
532 2597 683 2642 τοῦτο
714 2608 727 2657 ;
758 2589 858 2643 ἀπὸ
879 2599 970 2653 τῆς
1002 2587 1313 2665 ἁλουργίδος
1342 2609 1354 2659 ;
1389 2590 1490 2642 ἀπὸ
1521 2599 1611 2643 τοῦ
1667 2588 1935 2663 διαδήμα-

339 2697 418 2737 τος
450 2695 462 2744 ;
493 2677 594 2730 ἀπὸ
620 2687 710 2730 τού
738 2679 1012 2752 ὀχήματος
1043 2697 1056 2747 ;
1091 2679 1191 2732 ἀπὸ
1247 2689 1338 2742 τῆς
1395 2680 1554 2742 ἄλλης
1604 2689 1934 2752 παρασκευῆς

338 2770 422 2817 καὶ
448 2776 546 2818 τῶν
572 2773 900 2840 παρασήμων
935 2786 948 2836 ;
974 2769 1031 2820 ού
1063 2772 1232 2820 πάντα
1263 2765 1322 2826 ἧν
1355 2769 1555 2829 εὐτελὴς
1600 2775 1689 2821 καὶ
1742 2773 1934 2841 τροφὴν

338 2859 422 2906 καὶ
450 2855 639 2914 στολὴν
700 2863 788 2909 καὶ
819 2860 1025 2915 οἴκησιν
1056 2863 1145 2910 καὶ
1194 2863 1260 2909 τὰ
1300 2856 1457 2910 λοιπά
1490 2875 1503 2923 ;
1531 2861 1664 2930 μετά
1723 2854 1936 2910 δώδεκα

336 2945 497 3014 μόνων
524 2949 918 3016 περιερχόμενος
947 2947 1216 3017 μαθητῶν,
1249 2950 1338 2998 καὶ
1366 2948 1558 2998 τούτων
1581 2945 1796 3020 οἰκτρῶν
1824 2963 1836 2975 ⁸
1873 2949 1936 2997 τὰ

338 3029 489 3083 πλείω
514 3027 572 3083 δὲ
602 3031 776 3104 μόνος.

405 3299 462 3352 Ὀ
489 3296 575 3352 οὖν
605 3300 820 3362 Πιλάτος
855 3332 919 3343 -
951 3301 1179 3357 Γαϐαθᾶ.
1214 3308 1449 3375 Νομίσας
1491 3306 1834 3378 προσκρούειν
1862 3313 1932 3374 τῷ

340 3391 587 3464 Καίσαρι,
621 3395 709 3442 καὶ
729 3386 1114 3457 κινδυνύεειν,εἰ
1133 3389 1354 3465 παρίδοι
1383 3397 1471 3450 τὴν
1497 3396 1742 3451 τοιαύτην
1769 3413 1934 3451 κατη-

336 3484 514 3550 γορίαν
548 3478 896 3551 ἀνεξέταστον,
936 3485 1127 3552 ἤγαγεν
1171 3482 1265 3545 ἔξω
1324 3483 1435 3554 (55)
1489 3490 1584 3543 τῆς
1631 3482 1819 3543 πόλεως
1847 3486 1931 3535 τὸν

338 3568 558 3634 Ἰησοῦν,
583 3573 673 3620 καί
693 3567 928 3622 ἐκάθισεν
960 3569 1042 3622 ἐπὶ
1083 3568 1320 3642 βήματος
1343 3567 1599 3644 δημοσία,
1625 3565 1722 3623 Eva.
1735 3573 1931 3634 πάντας

334 3660 451 3729 ἔχοι
479 3659 746 3732 μάρτυρας
777 3667 869 3720 τῆς
894 3659 1192 3722 ἐξετάσεως.

402 3834 499 3887 Ἦν
535 3868 602 3875 -
654 3836 798 3894 ἕκτη.
846 3843 1325 3909 Παρεσημειὼσατο
1355 3842 1443 3891 καὶ
1478 3843 1569 3896 τὴν
1619 3839 1810 3910 ἡμέραν
1843 3842 1930 3888 καὶ

333 3929 426 3981 τὴν
458 3927 612 3998 ὥραν,
651 3921 898 3977 δεικνύων
931 3927 1007 3978 ὅτι
1044 3926 1102 3978 ού
1160 3931 1311 3998 μόνον
1352 3926 1399 3978 ἐν
1451 3928 1580 3999 αὐτῇ
1641 3935 1701 3998 τῇ
1764 3929 1932 3998 ἡμέρα

333 4020 420 4064 τοῦ
455 4016 670 4085 Πάσχα,
709 4012 835 4065 ἀλλὰ
864 4019 952 4066 καὶ
1000 4023 1097 4076 τῆς
1152 4017 1346 4089 ἡμέρας
1386 4012 1493 4073 ἤδη
1526 4015 1799 4075 κλινούσης
1846 4019 1932 4066 καὶ

336 4100 650 4172 ἐγγιξούσης
681 4111 742 4175 τῇ
766 4102 959 4177 ἑσπέρᾳ
982 4111 1075 4165 τῆς
1103 4103 1301 4178 ἑορτῆς,
1335 4105 1416 4156 ὅτε
1446 4109 1502 4156 τὸ
1538 4106 1735 4176 Πάσχα
1761 4105 1928 4171 ἔθυον,

337 4187 680 4263 δικαστήριον
742 4195 1094 4264 θανατηφόρον
1145 4198 1501 4266 συνεκρότουν,
1541 4196 1589 4246 οἱ
1645 4197 1744 4268 πρὸ
1803 4192 1930 4267 βρα-

332 4285 459 4353 χέος
488 4285 720 4354 μιασμόν
779 4284 1104 4354 ἡγησάμενοι
1155 4287 1210 4334 τὸ
1255 4281 1492 4342 ἐπιϐῆναι
1532 4292 1623 4336 τοῦ
1673 4279 1930 4340 δικαστη-

331 4389 472 4444 ριου.

2047 1976 2206 2028 ctam
2244 1972 2436 2040 legem
2473 1969 2656 2027 fuisse
2690 1967 2978 2036 inutilem,
3008 1971 3065 2022 et
3111 1965 3502 2035 intelligentes
3533 1964 3699 2037 quod

2047 2077 2186 2116 eum
2220 2059 2391 2116 vellet
2420 2057 2742 2122 absolvere,
2787 2055 2865 2111 ad
2892 2054 3328 2110 accusationem
3364 2053 3576 2108 iterum
3608 2057 3702 2124 ty-

2045 2149 2313 2205 rannidis
2397 2149 2713 2214 divertunt,
2797 2162 2981 2215 quam
3023 2142 3500 2198 timoreCaasaris
3575 2158 3699 2198 non

2045 2245 2248 2312 posset
2276 2238 2446 2310 parvi
2479 2236 2740 2309 pendere
2775 2235 3004 2290 Pilatus.
3036 2235 3170 2289 Non
3221 2249 3278 2288 es
3313 2233 3547 2296 amicus,
3581 2231 3700 2286 sive

2046 2327 2388 2385 benevolus.
2446 2325 2816 2382 Contradicit
2877 2340 3037 2389 vero,
3101 2324 3212 2378 hoc
3264 2327 3374 2387 est,
3416 2322 3702 2377 Adversa-

2045 2423 2160 2474 tur.
2186 2419 2294 2491 (η).

2119 2507 2357 2572 Verum,
2385 2503 2698 2577 quomodo
2736 2503 2832 2558 hic
2908 2500 3286 2573 tyrannidem
3318 2499 3640 2555 meditatur
3671 2500 3698 2556 9

2050 2596 2203 2652 unde
2229 2596 2343 2650 hoc
2374 2593 2623 2666 potestis
2651 2590 2959 2647 ostendere
2983 2591 3100 2646 ?an
3126 2592 3332 2645 aveste
3347 2604 3650 2661 purpurea
3670 2588 3698 2643 ?

2048 2703 2083 2740 a
2148 2683 2536 2740 diademate?
2589 2681 2666 2736 ab
2724 2680 2986 2736 habitu?
3026 2679 3211 2734 aliove
3257 2682 3560 2750 apparatu,
3595 2681 3700 2733 aut

2047 2773 2381 2842 insignibus
2411 2773 2438 2828 ?
2492 2787 2691 2826 annon
2745 2769 2949 2824 omnia
2993 2768 3341 2838 abjectionis
3395 2769 3565 2821 erant
3596 2765 3694 2837 (0),

2047 2865 2169 2919 sive
2200 2862 2574 2927 alimentum,
2611 2860 2733 2914 sive
2760 2859 3129 2926 indumenta,
3189 2857 3311 2912 sive
3351 2857 3594 2912 domum
3626 2870 3698 2910 ac

2045 2951 2555 3008 conversationem
2588 2953 2690 3005 aut
2712 2954 2923 3004 caetera
2949 2948 3220 3018 spectetis
3246 2945 3273 3000 ‘i
3303 2962 3438 3001 cum
3470 2943 3697 3001 duode-

2045 3042 2162 3098 cim
2212 3047 2445 3096 tantum
2478 3039 2832 3095 circumiens
2865 3036 3191 3108 discipulis,
3247 3036 3440 3108 iisque
3489 3034 3698 3091 admo-

2044 3131 2189 3187 dum
2248 3129 2568 3186 humilibus
2607 3133 2681 3193 et,
2744 3127 3011 3200 abjectis,
3066 3127 3188 3182 imo
3229 3130 3286 3181 et
3342 3124 3696 3196 plerumque

1965 3261 2005 3318 Ο
2047 3221 2229 3318 solus.

2055 3333 2065 3371 ;
2113 3312 2274 3365 Vers.
2315 3310 2396 3364 13.
2455 3309 2684 3364 Pilatus
2725 3322 2855 3377 ergo
2887 3336 2954 3346 --
3007 3304 3303 3360 Gabatha.
3367 3300 3695 3357 Arbitratus

2042 3413 2169 3453 sese
2228 3397 2595 3452 offensurum
2642 3397 2928 3452 Caesarem
2989 3409 3058 3448 ac
3109 3390 3597 3464 periclitaturum,
3642 3389 3692 3446 si

2041 3485 2383 3558 hujusmodi
2400 3486 2842 3541 accusationem
2860 3482 3260 3538 indiscussam
3283 3480 3695 3552 praetereundo

2041 3580 2464 3640 contemneret,
2525 3575 2692 3630 duxit
2734 3576 2935 3628 .lesum
2995 3577 3163 3627 extra
3201 3569 3560 3641 praetorium,
3623 3585 3693 3625 ac

2041 3665 2276 3737 publice
2311 3665 2460 3719 sedit
2492 3680 2594 3735 pro
2646 3661 2948 3727 tribunali,
3007 3667 3070 3717 ut
3102 3660 3407 3716 universos
3444 3658 3694 3714 haberet

2043 3770 2167 3810 suae
2194 3753 2591 3826 inquisitionis
2637 3755 2835 3807 testes.

2113 3844 2275 3899 Vers.
2314 3845 2396 3898 14.
2432 3843 2581 3898 Erat
2612 3874 2680 3881 —
2709 3845 2896 3898 sexta.
2955 3839 3120 3894 Diem
3173 3854 3241 3894 ac
3271 3838 3481 3893 horam
3516 3837 3692 3907 signi-

2038 3934 2257 3998 ﬁcavit,
2273 3933 2592 3989 ostendens
2615 3930 2788 4003 quod
2803 3946 2916 3985 non
2951 3928 3146 3983 solum
3170 3929 3301 4000 ipso
3321 3927 3415 3982 die
3431 3926 3688 3993 Paschae,

2039 4039 2243 4078 verum
2273 4023 2450 4076 etiam
2505 4020 2602 4075 die
2628 4021 2752 4090 jam
2773 4018 3129 4083 declinante,
3160 4017 3409 4088 festique
3441 4031 3691 4087 vespera

2040 4107 2833 4183 appropinquante,quando
2847 4105 3073 4162 Pascha
3089 4103 3504 4170 immolabant,
3524 4103 3691 4158 fune-

2040 4205 2197 4254 stum
2229 4197 2490 4254 tribunal
2549 4196 2990 4262 convocabaut,
3023 4194 3123 4266 qui
3191 4193 3368 4266 paulo
3400 4197 3536 4249 ante
3561 4192 3688 4249 loco

2040 4287 2258 4361 piaculi
2290 4287 2610 4351 habebant,
2651 4284 2994 4356 hujusmodi
3023 4283 3285 4340 tribunal
3315 4283 3616 4338 accedere.

408 4463 506 4511 Καὶ
556 4490 619 4498 ——
660 4460 820 4531 ὑμῶν.
859 4462 1035 4532 Ἀφεὶς
1092 4459 1328 4523 ἐξετάσαι
1371 4460 1526 4513 πάλιν
1582 4466 1654 4522 εἰς
1711 4465 1768 4514 τὸ
1801 4458 1932 4516 δυσο

2111 4465 2273 4519 Vers.
2308 4465 2388 4519 14.
2415 4464 2492 4519 Ει
2526 4495 2590 4503 —-
2620 4469 2825 4518 vester.
2848 4461 3065 4517 Relicta
3082 4459 3451 4515 discussione
3476 4459 3687 4515 iterum

329 4557 544 4607 ωπῆσαι
592 4551 802 4610 τούτους
832 4547 1098 4623 ἐτράπετο.
1129 4547 1266 4622 [Ἴδε
1490 4553 1614 4624 γὰρ,
1669 4556 1849 4623 φησὶν,
1909 4555 1934 4604 ό

2045 4553 2123 4610 ad
2155 4552 2516 4624 placandum
2571 4568 2672 4607 eos
2729 4549 3079 4606 convertitur
3108 4567 3119 4604 :
3153 4550 3315 4612 Ecce,
3346 4547 3557 4620 inquit,
3581 4562 3690 4604 rea:

1545 4728 1764 4798 Variae
1793 4729 2124 4799 lectiones
2157 4741 2220 4799 et
2262 4736 2468 4799 notae.

429 4925 516 4983 52)
548 4921 778 4980 inclusa
801 4923 1011 4981 desunt
1050 4928 1123 4983 A.

427 4995 516 5053 53)
545 4995 780 5049 Inclusa
818 4996 1037 5052 absunt
1064 4999 1135 5053 Α.

403 5063 518 5138 (fit)
545 5063 860 5140 Τυραννίδος
891 5066 1199 5140 ἁλίσκεσθαι
1218 5065 1570 5140 estaﬂ‘ectati
1600 5069 1758 5140 regni
1793 5084 1925 5124 con-

329 5141 508 5264 ;nnci.
543 5137 748 5193 Nescio
776 5153 936 5208 ergo,
973 5139 1131 5195 unde
1184 5139 1255 5195 sit
1293 5137 1624 5212 interpretis
1669 5137 1925 5197 'medita-

359 5225 452 5264 ur.

359 5225 452 5264 ur.

498 4925 518 5138 ξ

400 5378 502 5448 (m)
535 5378 936 5452 Accrescebat.
962 5381 1089 5452 _N_on
1117 5380 1285 5436 estin
1317 5380 1535 5436 Graeco.
1571 5380 1736 5436 Forte
1767 5399 1928 5452 προς-

327 5451 561 5517 φύουσαν
594 5450 834 5505 invenit.
864 5450 1061 5505 Redde
1091 5467 1101 5505 :
1132 5451 1460 5520 respondit,
1501 5457 1565 5506 ut
1595 5453 1722 5520 ejus
1754 5450 1924 5519 a'po-

325 5521 512 5602 tentia
539 5521 892 5601 (sublatum)
910 5524 1304 5602 supercilium
1329 5523 1680 5602 detraheret.
1719 5523 1927 5579 Poten-

325 5593 472 5664 tiam
500 5593 657 5664 enim
689 5608 791 5647 seu
821 5593 1172 5664 petestatem
1207 5594 1489 5656 habebat.
1524 5599 1585 5649 ut
1612 5609 1850 5664 praeses.

365 5663 484 5746 '_(n)
517 5663 904 5746 Adversatur.
942 5666 1005 5746 In
1031 5664 1505 5746 GP$CO.&‘Jr-ai‘oet
1533 5663 1666 5746 plus
1695 5669 1798 5746 est.
1835 5667 1925 5722 Di-

326 5735 480 5789 citur
501 5735 658 5790 enim
692 5735 950 5809 ἀνταίρειν
971 5736 1045 5792 de
1073 5738 1142 5792 iis
1163 5736 1266 5809 qui
1293 5735 1547 5809 principi
1573 5751 1643 5791 ac
1669 5737 1794 5809 regi
1814 5754 1924 5795 suo

329 5821 392 5861 se
431 5813 746 5880 opponunt
770 5807 1026 5882 ideoque
1049 5807 1425 5881 tyrannidem
1457 5807 1754 5865 atl‘ectant.
1779 5808 1923 5866 Hinc

2108 4928 2220 5000 (55)
2250 4927 2564 5000 Heutenius
2607 4942 2619 4982 :
2663 4930 3002 5000 πραιτωρίου.
3053 4923 3254 5000 [totum
3309 4927 3464 5000 certe
3487 4922 3690 5000 locum

2038 4993 2156 5054 non
2178 4993 2376 5055 habet.
2395 4993 2842 5055 Condemn‘atus
2861 4993 3021 5052 enim
3035 4995 3276 5051 demum
3289 4999 3454 5051 extra
3476 4993 3688 5050 urbem

2037 5071 2272 5127 dicitur.
2323 5070 2540 5140 Conjici
2594 5067 2803 5140 possit,
2844 5073 2938 5129 τὴς
2975 5066 3143 5129 πύλης
3196 5071 3298 5124 aut
3327 5073 3418 5118 τοῦ
3464 5065 3690 5126 πυλῶνος

2036 5149 2128 5194 τοῦ
2157 5161 2388 5214 πραιτωρ
2399 5147 2475 5194 ίου
2486 5183 2497 5196 .

2110 5197 2222 5284 (56)
2265 5197 2456 5269 ΙτιοἸεθ.
2487 5215 2701 5271 absunt
2728 5218 2793 5271 A.

2035 5381 2477 5509 gqlliz'tantivum
2529 5382 2801 5458 ἀντάρτης.
2857 5384 3000 5440 Vide
3075 5384 3380 5456 Chrysost.
3438 5387 3478 5438 t.
3532 5385 3593 5446 V,
3627 5398 3686 5455 p.

2204 5470 2258 5508 n.

2204 5470 2258 5508 Π.

2069 5524 2187 5606 “(0)
2210 5525 2429 5606 _Annon
2456 5529 2664 5606 gmnia
2695 5527 3038 5606 abiectionis
3087 5531 3254 5606 erant
3281 5527 3307 5582 ?
3335 5530 3412 5606 ac
3455 5525 3503 5580 si
3534 5525 3690 5596 lege-

2035 5594 2224 5673 [ἰῇ-ού
2255 5598 2425 5673 πάντα
2452 5594 2511 5655 ἦν
2540 5594 2807 5664 εὐτελείας,
2841 5602 2932 5651 καί
2963 5603 3150 5673 τροφὴ,
3184 5619 3234 5650 κ.
3268 5617 3318 5651 τ.
3347 5597 3394 5651 λ.

2037 5667 2234 5750 Redde
2255 5688 2277 5750 ἐ
2303 5669 2517 5750 Nonne
2539 5670 2601 5725 in
2620 5672 2888 5750 omnibus
2903 5667 3029 5727 erat
3053 5667 3184 5727 uitis
3213 5674 3306 5739 (ac
3335 5668 3600 5736 humtiis)
3624 5667 3688 5723 in

2036 5744 2216 5805 victu,
2243 5744 2304 5796 in
2343 5744 2568 5808 vestitu,
2598 5748 2708 5801 etc.
