4130 6320
548 410 680 467 1467

1862 415 2207 476 EUTHYMII
2246 417 2579 475 ZIGABENI

3785 410 3947 468 1468

541 545 769 597 vester:
794 556 930 598 ecce
960 546 1073 599 stat
1114 548 1458 612 accusatus,
1491 560 1613 601 non
1645 548 1732 601 est
1761 543 2093 614 absolutus,
2125 560 2191 601 ne

2314 543 2560 617 βασιλεὺς
2611 546 2771 617 ὑμῶν,
2831 540 2948 596 ἰδοὺ
3019 543 3233 600 ἕστηκεν
3305 544 3333 593 ό
3403 540 3523 611 (57)
3587 556 3950 611 κατηγοροί-

540 627 896 689 formidetis.
936 634 1001 689 Et
1039 649 1389 706 quanquam
1432 634 1620 691 littera
1659 634 1881 691 habeat
1907 631 2011 701 ἴδε,
2045 636 2196 701 vide,

538 717 877 792 frequenter
916 725 1120 777 tamen
1168 722 1475 794 Scriptura
1532 724 1700 794 ponit
1763 721 1845 777 ἰδε
1896 739 2006 796 pro
2057 720 2197 791 ἰδοὺ,

539 822 671 865 ecce
687 827 705 880 ;
749 809 899 865 sicut
944 812 1122 867 etiam
1162 812 1458 884 superius,
1491 828 1630 868 cum
1658 813 1813 869 dixit
1846 831 1858 870 :
1890 815 2062 879 Ecce,
2098 813 2202 870 ad-

538 897 696 955 duco
725 899 896 955 vobis
925 916 1061 956 eum
1090 900 1249 956 foras
1268 901 1376 973 (ῃ).

608 989 766 1043 Vers.
823 988 906 1044 15.
939 989 1016 1043 At
1057 990 1154 1046 illi
1192 1021 1258 1032 —
1308 1005 1461 1047 eum;
1495 991 1541 1048 Ο
1598 991 2011 1048 incredibilem
2071 991 2203 1048 feri‘

541 1080 725 1133 tatem
756 1093 826 1133 ac
858 1077 1158 1135 insaniam
1187 1080 1200 1136 l

609 1166 770 1222 Vers.
805 1168 892 1221 15.
950 1168 1049 1222 Ait
1076 1200 1145 1208 —
1199 1171 1543 1241 cruciﬁgam
1575 1172 1603 1226 ‘t
1638 1173 1757 1227 Hoc
1814 1171 1977 1237 dixit,
2026 1162 2201 1243 quasi

542 1254 933 1312 subnannans
956 1257 1274 1327 Christum,
1300 1264 1363 1315 ut
1405 1260 1753 1316 Judaeorum
1805 1264 2041 1317 curaret
2071 1259 2200 1316 feri-

541 1347 746 1400 tatem.
1983 1343 1991 1367 '

608 1432 775 1488 Vers.
799 1435 886 1489 15.
913 1436 1360 1504 Responderunt
1378 1470 1445 1478 —
1478 1438 1786 1495 Caesarem.
1803 1438 1953 1504 Quia
1975 1439 2197 1496 Christi

537 1536 786 1592 regnum
806 1523 1175 1595 repellentes,
1198 1528 1435 1582 Caesaris
1466 1532 1818 1599 potestatem
1843 1529 2150 1598 elegerunt
2177 1545 2189 1584 :

536 1611 925 1682 postmodum
938 1613 1141 1669 divina
1154 1615 1482 1671 visitatione
1500 1632 1569 1671 ac
1584 1618 1945 1688 protectione
1961 1617 2194 1681 nudati,

534 1700 736 1755 traditi
768 1706 906 1756 sunt
945 1702 1022 1758 ad
1052 1703 1537 1769 internecionem,
1584 1707 1764 1777 idque
1798 1722 2035 1761 rursum
2066 1706 2198 1778 ipso

536 1788 777 1845 Pascha;
807 1789 922 1858 die,
955 1808 1078 1859 quo
1109 1792 1518 1852 clamaverunt
1551 1813 1563 1851 :
1590 1795 1723 1853 Non
1786 1796 2067 1853 habemus
2104 1811 2195 1853 re-

534 1892 667 1949 gem
707 1880 826 1935 nisi
856 1880 1161 1937 Caesarem.

608 1967 770 2024 Vers.
815 1970 899 2026 16.
940 1971 1106 2026 Tunc
1137 2002 1204 2011 —
1244 1972 1712 2043 cruciﬁgeretur.
1763 1975 1960 2030 Victus
1985 1989 2192 2029 eorum

537 2055 785 2113 instanti
835 2061 1232 2117 contentione.
1302 2067 1368 2118 At
1411 2062 1631 2134 quibus
1691 2080 1825 2118 eum
1885 2062 2195 2120 tradidit?

534 2144 746 2217 Utique
780 2149 1204 2205 contaminatis
1261 2166 1328 2206 ac
1358 2151 1623 2223 perﬁdis,
1679 2152 1975 2209 seditiosis
2005 2160 2062 2210 et
2086 2154 2191 2211 ho-

533 2233 790 2290 micidis.

604 2324 771 2379 Vers.
808 2325 895 2379 16.
920 2326 1279 2396 Acceperunt
1309 2360 1377 2368 —
1397 2331 1755 2398 praetorium.
1791 2332 1997 2396 Quaere
2027 2347 2194 2390 sexa-

536 2412 766 2484 gesimo
797 2415 1223 2488 septimojuxta
1257 2417 1591 2474 Matthasum
1629 2421 1843 2491 capite,
1884 2420 1985 2476 ubi
2011 2422 2196 2477 habe-

534 2507 630 2558 tur
654 2519 667 2557 :
698 2503 774 2557 Et
800 2511 1108 2576 postquam
1123 2506 1445 2563 illuserunt
1465 2510 1534 2574 ei,
1558 2513 1853 2565 exuerunt
1873 2525 2004 2566 eum
2026 2511 2190 2571 chla-

533 2592 728 2662 myde,
751 2598 806 2649 et
842 2593 1165 2651 induerunt
1187 2611 1316 2652 eum
1340 2596 1692 2654 vestimentis
1721 2598 1843 2654 suis
1861 2601 1910 2635 7°
1940 2615 1953 2663 ;
1980 2615 2048 2655 ac
2064 2599 2193 2670 lege

544 2682 1007 2739 enarrationem.

606 2769 774 2825 Vers.
810 2776 894 2827 t7.
950 2775 1135 2844 Atque
1166 2805 1234 2815 —
1272 2775 1434 2831 Vers.
1472 2779 1553 2831 18.
1606 2778 2052 2848 cruci/ﬁxerunt.
2110 2778 2192 2834 lbi

532 2857 750 2915 horum
802 2875 1039 2933 quoque
1080 2863 1139 2918 in
1170 2865 1556 2935 sequentibus
1594 2864 1754 2921 facta
1810 2872 1898 2923 est
1944 2869 2188 2929 mentio,

531 2944 797 3020 dataque
827 2951 1187 3021 explanatio.
1232 2953 1479 3010 Ferehat
1504 2961 1702 3010 autem
1729 2970 1967 3011 crucem
2000 2955 2056 3011 in
2083 2956 2192 3012 hu-

531 3037 733 3103 meris,
755 3045 1042 3111 tanquam
1064 3046 1341 3096 strenuus
1358 3041 1526 3097 miles
1548 3043 1841 3109 lanceam,
1875 3060 1998 3116 qua
2021 3044 2188 3115 deje-

529 3128 731 3180 cturus
756 3132 882 3182 erat
906 3130 1317 3186 adversarium
1333 3175 1345 3187 .

602 3215 761 3269 Vers.
797 3217 881 3273 18.
917 3219 995 3274 Et
1019 3250 1087 3258 —
1114 3221 1333 3277 Jesum.
1406 3222 1471 3276 In
1497 3220 1597 3277 illo
1649 3222 1844 3294 capite
1888 3222 2067 3279 etiam
2111 3223 2187 3279 de

2310 653 2479 706 μενος,
2529 634 2624 686 οὐκ
2688 632 3015 698 ἀπολέλυται,
3088 635 3160 704 μὴ
3227 627 3473 683 δειλιᾶτε.
3530 634 3811 702 Γνώριμον
3877 623 3949 678 δὲ

2307 726 2513 784 πάντως
2549 726 2629 776 ὅτι
2656 726 2715 776 τὸ
2743 719 2853 776 Ἴδε
2879 721 3124 783 πολλάκις
3156 720 3270 773 ἀντὶ
3298 727 3392 772 τοῦ
3440 715 3583 774 Ἰδοὺ
3635 719 3873 775 τίθησιν
3908 719 3943 773 ὲ

2310 812 2556 887 Γραφή.]

2378 994 2443 1044 Οἱ
2470 988 2505 1045 δ
2508 995 2528 1044 ὲ
2559 1023 2625 1033 -
2649 992 2822 1046 αὐτόν.
2854 990 2922 1044 Ὢ.
2946 996 3129 1065 μανίας
3157 989 3537 1063 ἀνυπερϐλήτου
3566 989 3581 1043 ι

2383 1176 2534 1243 Λέγει
2563 1201 2632 1213 -
2679 1176 2968 1247 σταυρώσω
3011 1187 3025 1233 ;
3071 1170 3255 1240 [Τοῦτο
3312 1167 3419 1221 εἶπε
3472 1168 3591 1237 (58)
3629 1164 3937 1237 χλευάζων

2309 1256 2464 1319 δῆθεν
2488 1265 2576 1313 τὸν
2604 1264 2855 1335 Χριστὸν,
2909 1260 2985 1321 εἰς
3019 1261 3289 1333 θεραπείαν
3336 1266 3433 1319 τῆς
3486 1263 3590 1308 τῶν
3630 1251 3939 1308 Ἰουδαίων

2307 1348 2574 1412 ἀπηνείας.
2598 1349 2620 1424 ]

2376 1439 2763 1514 Ἀπεκρίθησαν
2809 1470 2862 1481 -
2899 1443 3161 1512 Καίσαρα.
3193 1437 3357 1506 Ἐπεὶ,
3386 1440 3477 1494 τὴν
3518 1441 3614 1487 τοῦ
3666 1438 3939 1505 Χριστοῦ

2306 1527 2578 1600 βασιλείαν
2602 1528 2955 1600 ἀπωσάμενοι,
3000 1532 3094 1586 τὴν
3127 1531 3388 1599 Καίσαρος
3414 1524 3655 1587 ἐξουσίαν
3692 1522 3935 1584 εἴλοντο,

2303 1618 2500 1679 λοιπὸν,
2523 1620 2876 1689 γυμνωθέντες
2901 1624 2996 1677 τῆς
3023 1618 3161 1677 θείας
3185 1618 3489 1675 ἐπισκοπῆς,
3507 1619 3618 1675 τοῖς
3630 1611 3942 1682 Ῥωμαίοις

2304 1704 2674 1780 παρεδόθησαν
2722 1707 2796 1768 εἰς
2841 1705 3215 1779 πανωλεθρία-ι,
3247 1703 3362 1755 κατ’
3416 1703 3579 1759 αὐτὴν
3629 1697 3791 1761 αὖθις
3834 1703 3938 1757 τὴν

2305 1798 2500 1871 ἡμέραν
2539 1803 2631 1849 τοῦ
2659 1798 2878 1868 Πάσχα,
2907 1794 3024 1848 καθ’
3052 1796 3114 1854 ἣν
3144 1792 3472 1866 ἐκραύγασαν
3507 1796 3564 1843 τό
3596 1808 3608 1820 ·
3649 1790 3775 1842 Οὐκ
3801 1792 3942 1861 ἔχο-

2305 1905 2394 1958 μεν
2426 1884 2651 1958 βασιλέα
2680 1885 2723 1937 εἰ
2747 1889 2818 1956 μὴ
2853 1889 3116 1959 Καίσαρα.

2372 1980 2499 2028 Τότε
2528 2006 2595 2015 —
2629 1976 2932 2046 σταυρωθῇ.
2962 1972 3233 2032 Ἠττηθεὶς
3261 1980 3353 2031 τῆς
3387 1970 3682 2028 ὶνστάσεως
3716 1967 3933 2020 αὐτῶν.

2302 2071 2425 2118 Τίσι
2458 2061 2518 2117 δὲ
2557 2070 2735 2116 τοῦτον
2767 2058 3036 2135 παρέδωκε
3091 2077 3104 2127 ;
3158 2066 3267 2123 τοῖς
3322 2054 3601 2120 Ἰουδαίοις
3658 2054 3935 2114 δηλονότι

2306 2159 2391 2207 καὶ
2417 2160 2528 2215 τοῖς
2553 2159 2900 2228 στρατιώταις
2914 2196 2927 2208 .

2377 2329 2675 2405 Παρέλαϐοη
2704 2361 2773 2370 -
2800 2333 3137 2404 πραιτώριον.
3170 2331 3411 2384 Ζήτησον
3449 2324 3564 2395 (59)
3597 2323 3670 2386 εἰς
3712 2328 3779 2376 τὸ
3802 2323 3932 2387 ἐξη-

2302 2425 2488 2473 κοστόν
2517 2417 2737 2491 ἕϐδομον
2767 2418 3037 2491 κεφαλαιον
3066 2428 3156 2470 του
3185 2420 3321 2468 κατὰ
3366 2416 3632 2469 Ματθαῖον
3662 2420 3730 2465 τό
3761 2434 3775 2445 ·
3819 2422 3931 2467 Καὶ

2303 2513 2382 2562 ὅτε
2407 2508 2674 2572 ἐνέπαιξαν
2706 2508 2845 2577 αὐτῷ
2876 2508 3012 2578 (60),
3053 2502 3301 2568 ἐξέδυσαν
3356 2504 3510 2556 αὐτόν
3547 2508 3644 2560 τὴν
3696 2502 3929 2575 χλαμύ-

2305 2597 2392 2664 δα,
2420 2604 2510 2651 καὶ
2541 2595 2789 2650 ἐνέδυσαν
2819 2596 2973 2649 αὐτὸν
3002 2597 3066 2648 τὰ
3096 2596 3281 2667 ἱμάτια
3310 2593 3489 2659 αὐτοῦ,
3522 2596 3613 2644 καὶ
3640 2589 3929 2663 ἀνάγνωθι

2301 2694 2394 2747 τὴν
2420 2688 2694 2759 ἐξήγησιν.

2376 2782 2475 2831 Καὶ
2504 2807 2574 2818 -
2604 2776 2963 2850 ἐσταύρωσαν.
2993 2774 3127 2827 Ἐκεῖ
3156 2778 3247 2825 καὶ
3299 2780 3463 2824 ταῦτα
3504 2769 3553 2823 ἐν
3590 2778 3701 2831 τοῖς
3734 2770 3928 2843 ἑφεξῆς

2300 2867 2752 2939 εμνημονεύθησαν
2805 2869 2897 2915 καὶ
2946 2862 3404 2935 ἐσαφηνίσθησαν.
3470 2859 3655 2932 Ἐφερε
3696 2856 3763 2912 δε
3825 2864 3923 2912 τὸν

2301 2958 2526 3027 σταυρὸν
2557 2954 2639 3008 ἐπὶ
2669 2961 2770 3006 τῶν
2798 2957 2972 3025 ὤμων,
3016 2951 3102 3005 οἶά
3130 2971 3211 3012 τις
3271 2949 3512 3023 ἀριστεὺς
3552 2945 3713 3021 δορυ,
3747 2945 3831 3002 δι’
3858 2950 3924 3001 οὗ

2295 3044 2603 3098 καταϐαλεῖν
2630 3043 2803 3116 ἔμελλε
2831 3045 2918 3095 τὸν
2941 3041 3151 3116 ἐχθρόν.

2371 3228 2469 3277 Καὶ
2503 3254 2567 3263 -
2599 3221 2827 3280 Ἰησοῦν.
2884 3220 2965 3274 Ἐν
3001 3219 3174 3291 ἄκείνῳ
3221 3226 3292 3289 τῷ
3335 3216 3593 3290 κεφαλαίῳ
3639 3223 3738 3268 καὶ
3788 3222 3921 3289 περὶ

529 3301 766 3359 duobus
796 3306 891 3362 his
952 3309 1256 3365 manifeste
1312 3309 1536 3366 dictum
1592 3284 1856 3377 esu-ubi
1899 3312 2188 3384 ponitur:

2314 3322 2398 3367 τῶν
2430 3309 2527 3365 δύο
2555 3313 2751 3363 τούτων
2775 3308 2966 3384 ἐρῥήθη
2999 3316 3195 3381 σαφῶς.
3231 3309 3350 3360 ἔνθα
3367 3312 3425 3359 τό
3459 3323 3473 3337 ·
3494 3310 3621 3358 Τότε
3643 3316 3919 3378 σταυροῦ-

537 3392 697 3450 Tunc
718 3397 1145 3469 cruciﬁguntur
1159 3414 1292 3454 cum
1304 3414 1369 3455 eo
1386 3400 1503 3455 duo
1530 3402 1807 3465 latrones,
1823 3417 1974 3457 unus
1994 3417 2032 3458 a
2052 3404 2193 3459 dea:-

534 3484 663 3548 tris,
691 3490 745 3541 et
774 3486 926 3540 alter
956 3502 993 3543 a
1020 3487 1270 3542 sinistris
1296 3489 1366 3552 ⁷⁷,

602 3574 791 3631 Judaei
807 3576 1011 3650 itaque
1026 3577 1187 3633 hunc
1202 3578 1381 3633 simul
1396 3594 1531 3635 cum
1549 3580 1836 3636 maleﬁcis
1854 3580 2195 3652 cruciﬁgere

534 3664 912 3731 studuerunt,
948 3672 1011 3721 ut
1049 3670 1594 3724 communicatione
1624 3670 1898 3742 supplicii
1956 3671 2187 3727 bonam

532 3753 710 3824 hujus
733 3754 980 3821 famam,
1011 3756 1171 3812 mala
1190 3757 1423 3813 illorum
1445 3758 1604 3814 fama
1623 3760 1982 3828 denigraret.
2005 3762 2191 3834 Hujus

531 3846 731 3898 autem
772 3843 1038 3914 gloriain
1074 3851 1302 3902 tantum
1336 3846 1655 3918 splenduit,
1675 3854 1737 3903 ut
1758 3865 1895 3904 cum
1926 3856 2194 3921 trespen-

528 3930 756 3998 derent,
772 3949 907 3989 cum
924 3935 1518 4008 stupendaillasigna
1548 3937 1703 3993 facta
1725 3944 1881 4003 sunt,
1915 3938 2023 3994 soli
2052 3939 2192 3994 huic

528 4037 735 4077 omnes
764 4022 866 4079 illa
896 4024 1276 4095 ascripserint
1309 4040 1321 4078 :
1372 4030 1727 4099 tantumque
1776 4026 1985 4094 abfuit,
2021 4033 2083 4083 ut
2123 4028 2184 4083 il-

526 4108 720 4166 lorum
751 4111 1129 4184 participaret
1186 4113 1610 4186 suspicionem,
1679 4122 1741 4169 ut
1769 4117 1964 4187 potius
1996 4131 2185 4171 unum

528 4213 740 4253 eorum
778 4199 854 4253 ad
889 4216 1062 4255 suam
1094 4200 1275 4256 ﬁdem
1328 4204 1647 4269 attraxerit,
1680 4208 1736 4258 et
1759 4219 1938 4259 omne
1967 4205 2192 4260 machi-

527 4291 882 4342 namentum
927 4287 987 4342 in
1020 4290 1559 4359 caputJudaaorum
1591 4306 1949 4347 conversum
1973 4293 2063 4358 sit,
2085 4308 2190 4365 pa—

529 4381 808 4448 tremque
838 4392 1044 4434 eorum
1071 4377 1406 4434 diabolum.

596 4555 758 4611 Vers.
791 4558 879 4613 19.
912 4557 1154 4627 Scripsit
1174 4589 1244 4599 —
1273 4559 1431 4614 Vers.
1487 4562 1574 4613 22.
1615 4560 1845 4629 scripsi.
1907 4559 2185 4617 Similiter

525 4647 583 4701 et
601 4644 731 4701 haec
751 4645 969 4717 pariter
988 4645 1192 4703 omnia
1207 4645 1269 4702 in
1289 4647 1389 4703 illo
1420 4648 1612 4719 capite
1634 4663 1960 4717 congruam
1985 4649 2189 4705 sortita

526 4736 669 4790 sunt
692 4734 1262 4807 interpretationem,
1312 4736 1415 4792 ubi
1459 4736 1676 4793 dicitur
1707 4752 1719 4792 :
1750 4738 1827 4793 Et
1867 4746 2188 4805 posuerunt

594 4913 644 4949 ⁷⁵
673 4911 874 4969 Matth.
903 4928 1079 4978 xxvn,
1111 4915 1200 4969 3t.
1315 4915 1359 4950 ⁷⁷
1393 4913 1539 4971 ibid.
1572 4919 1660 4973 38.

2301 3422 2413 3454 νται
2446 3405 2539 3453 σὺν
2562 3400 2701 3471 αὐτῷ
2723 3396 2820 3452 δύο
2844 3395 3131 3471 λῃσταὶ,εἶς
3151 3396 3206 3449 ἐκ
3223 3393 3404 3458 δεξιῶν
3428 3399 3518 3447 καὶ
3539 3396 3613 3456 εἷς
3633 3393 3687 3456 ἐξ
3719 3394 3920 3447 εὐωνύ-

2300 3512 2430 3565 μων.

2374 3581 2439 3633 Οἱ
2468 3583 2557 3652 μὶν
2580 3576 2667 3632 οὖν
2693 3574 2941 3632 Ἰουδαῖοι
2963 3586 3342 3650 συσταυρῶσαι
3362 3581 3539 3628 τοῦτον
3552 3581 3655 3634 τοίς
3679 3576 3917 3647 κακούρ-

2302 3690 2412 3742 γοις
2460 3665 2818 3734 ἐσπούδασαν,
2880 3669 2960 3718 ἶνα
3007 3674 3069 3738 τῇ
3133 3670 3375 3736 κοινωνία
3423 3672 3514 3724 τῆς
3558 3668 3830 3737 πονηρίας
3886 3666 3918 3721 ἠ

2301 3759 2504 3831 πονηρά
2556 3755 2756 3809 ἐκείνων
2804 3761 2949 3827 φήμη
2994 3759 3087 3812 τὴν
3138 3753 3341 3825 ἀγαθὴν
3384 3755 3568 3804 τούτου
3598 3755 3919 3826 συσκιάση.

2308 3846 2545 3919 Ἒλαμψε
2591 3843 2649 3899 δὲ
2679 3852 2924 3898 τοσοῦτον
2968 3846 2998 3902 ἡ
3034 3840 3166 3906 δόξα
3218 3843 3396 3908 αὐτοῦ,
3428 3843 3509 3894 ὅτι
3538 3840 3652 3908 (61)
3682 3845 3781 3892 καὶ
3814 3851 3920 3893 τῶν

2303 3944 2456 4008 τριῶν
2506 3937 2636 4007 ὁμοῦ
2689 3938 3039 4007 κρεμαμένων,
3100 3934 3182 3984 ὅτε
3226 3934 3293 3983 τὰ
3342 3928 3532 4003 φοϐερὰ
3561 3936 3767 3999 σημεῖα
3804 3932 3925 4001 ἐγί-

2300 4044 2461 4089 νοντο,
2518 4029 2658 4097 μόνῳ
2701 4026 2867 4093 τούτῳ
2920 4029 3087 4074 ταῦτα
3132 4023 3315 4080 πάντες
3367 4018 3649 4091 ἐπέγραφον
3679 4034 3692 4046 ·
3728 4024 3826 4070 καὶ
3859 4019 3917 4071 οὐ

2300 4119 2452 4188 μόνον
2510 4114 2570 4166 οὐ
2628 4116 2855 4185 μετέσχε
2908 4119 2999 4172 τῆς
3051 4109 3251 4163 ἐκείνων
3279 4107 3597 4179 ὑπολήψεως,
3659 4105 3795 4159 ἀλλὰ
3820 4113 3915 4160 καὶ

2301 4204 2489 4277 μᾶλλον
2553 4205 2686 4275 πρὸς
2742 4206 2836 4260 τὴν
2894 4201 2962 4261 εἰς
3006 4200 3163 4252 αὐτὸν
3207 4204 3388 4253 πίστιν
3447 4201 3533 4249 τὸν
3564 4198 3653 4249 ἕνα
3707 4200 3910 4249 τούτων

2300 4292 2651 4356 ἐπεσπάσατο,
2711 4296 2799 4342 καὶ
2849 4294 2907 4342 τό
2953 4295 3054 4342 πᾶν
3106 4292 3383 4360 τέχνασμα
3415 4288 3734 4360 περιετράπη
3772 4291 3909 4339 κατὰ

2298 4390 2393 4443 τῆς
2421 4379 2645 4453 κεφαλῆς
2671 4386 2772 4432 τῶν
2821 4375 3094 4431 Ἰουδαίων
3125 4382 3213 4430 καὶ
3243 4383 3335 4429 τοῦ
3367 4378 3567 4451 Πατρός
3605 4378 3781 4427 αὒτῶν
3812 4386 3904 4428 τοῦ

2300 4467 2334 4525 δ
2336 4468 2568 4523 ταϐόλου.

2365 4557 2600 4632 Ἔγραψε
2683 4587 2752 4599 --
2827 4559 3083 4630 γέγραφα.

2297 4648 2554 4720 κεφαλαίῳ
2630 4650 2721 4698 καὶ
2774 4652 2941 4698 ταῦτα
2996 4646 3125 4716 ὁμοῦ
3183 4646 3353 4695 πάντα
3416 4650 3506 4703 τῆς
3563 4641 3901 4714 ἁρμοζούσης

2299 4742 2488 4810 ἔτυχον
2566 4736 2859 4810 ἑρμηνείας,
2930 4735 3050 4787 ἔνθα
3122 4737 3222 4786 τό*
3270 4736 3369 4787 Καὶ
3422 4732 3680 4789 ἐπέθηκαν
3737 4730 3898 4783 iam

3162 4554 3380 4626 Ὁμοίως
3450 4551 3500 4604 ἓν
3570 4550 3747 4623 ἔκείνῳ
3832 4562 3904 4623 τῷ

1727 5093 1951 5163 Variae
1988 5093 2315 5166 lectiones
2358 5104 2423 5162 et
2461 5101 2662 5162 notae.

619 5362 708 5426 58)
736 5361 923 5415 Etiam
952 5361 1081 5417 haec
1102 5361 1330 5418 absunt
1348 5364 1414 5418 A.

619 5431 707 5493 59)
751 5437 839 5493 Εὶς
868 5431 1081 5488 omittit
1120 5439 1185 5487 A.
1350 5440 1353 5447 ’

595 5431 685 5502 (59
751 5437 839 5493 Et;
868 5431 1081 5488 omittit
1120 5439 1185 5487 A.
1350 5440 1353 5447 ’

595 5431 914 5578 (δοζ-Αῦτφ,
982 5508 1078 5578 καὶ
1145 5503 1287 5578 ἐξῆςᾲ
1320 5505 1415 5578 ἕως
1466 5509 1523 5578 τό
1556 5524 1591 5578 ί·
1654 5509 1781 5559 Τότε
1838 5514 2183 5578 σταυροῦνται

524 5576 620 5626 σὺν
664 5571 806 5644 αὐτῷ
838 5571 936 5627 δύο
982 5573 1197 5647 λῃσταὶ,
1249 5576 1316 5637 εἷς
1360 5575 1416 5628 ἐκ
1475 5573 1657 5639 δεξιῶν
1705 5583 1794 5630 καὶ
1843 5579 1913 5641 εἷς
1958 5571 2011 5641 ἓξ
2063 5578 2160 5630 εὖω

620 5289 709 5358 57)
748 5288 942 5345 Malim
972 5289 1174 5346 tollere
1207 5291 1252 5345 ό.

590 5290 708 5502 ἓὸὃ)
736 5361 923 5415 Etiam
952 5361 1081 5442 hac
1102 5361 1252 5417 absu

619 5431 707 5502 59)
751 5437 839 5493 Εὶς
868 5438 1081 5488 omittit
1120 5439 1185 5487 A.

2291 5296 2481 5369 νύμων,
2516 5291 2618 5357 sic,
2639 5289 2901 5369 _o_m_issis
2945 5288 3188 5369 caeteris,
3220 5301 3407 5369 usque
3453 5284 3530 5341 ad
3565 5282 3753 5369 Δαὐτῶν
3808 5292 3899 5337 τοῦ

2292 5357 2561 5437 διάϐολον,
2596 5360 2698 5437 ubi
2728 5361 2969 5431 signum
3000 5359 3182 5437 stellae
3216 5357 3529 5437 posuimus
3840 5427 3873 5437 η

2364 5434 2478 5507 (61)
2515 5433 2635 5486 Ὀτι
2674 5426 2924 5489 fortasse
2940 5426 3232 5559 (pluribus
3266 5426 3677 5512 disciphcebit,
3712 5427 3900 5509 conji-

2364 5507 2583 5559 antibus
2628 5506 2781 5559 ὥστε.
2813 5519 2937 5559 auo
3010 5509 3164 5559 recte
3204 5508 3385 5558 etiam
3415 5499 3743 5556 Indicativo
3770 5514 3900 5559 Jun-

2294 5499 2583 5562 cienti'bus
2628 5506 2781 5572 ὥστε,
2813 5499 2980 5576 quod
3010 5509 3164 5559 recte
3204 5502 3385 5558 etiam
3415 5499 3743 5556 indicativo
3770 5499 3902 5569 jun-

2300 5578 2455 5648 gitur
2468 5622 2480 5634 .

594 5734 680 5806 (ρ)
714 5735 777 5788 Et
800 5748 1134 5808 quanquam
1163 5735 1433 5804 —foras.
1461 5738 1590 5793 Haec
1635 5750 1744 5808 pro
1772 5736 2016 5794 arbitrio
2048 5737 2306 5794 mutavit
2331 5734 2677 5793 Hentenius.
2735 5735 2879 5801 Quae
2925 5748 3067 5793 vero
3092 5734 3153 5790 in
3179 5733 3296 5791 ﬁne
3320 5730 3523 5801 habet,
3553 5743 3627 5786 ea
3650 5728 3718 5786 in
3742 5729 3902 5787 nullo

527 5803 1160 5861 meorum—adduntur.
