4130 6320
233 332 376 390 1469

230 469 326 520 τῆς
372 459 595 534 κεφαλῆς
673 461 834 515 αὐτοῦ
912 463 1025 534 [τὴν
1116 462 1288 516 αἰτίαν
1359 461 1470 535 (62)
1527 461 1684 516 αὐτοῦ
1735 481 1822 534 γε·
1861 463 1904 516 Α

231 568 536 622 γραμμενην
594 570 605 582 ·
664 552 830 614 Οὗτός
903 550 1040 605 ἐστιν
1111 554 1136 604 ὁ
1212 550 1464 625 βασιλεὺς
1538 560 1636 604 τῶν
1690 552 1827 605 Ἰόν-

235 635 444 710 δαίων.]

311 729 376 780 Οἱ
403 725 489 780 οὖν
520 737 836 801 στρατιῶται
867 761 935 770 —-
963 729 1178 803 κλῆρον.
1227 729 1342 784 Ἔτι
1377 736 1467 783 καὶ
1493 738 1680 796 ταῦτα,
1714 732 1834 783 ἔνθα

232 822 320 870 τό³
384 823 780 892 Σταυρὼσαντες
838 816 896 871 δὲ
946 819 1123 888 αὐτὸν,
1152 818 1513 894 διεμερίσαντο
1539 823 1604 872 τὰ
1653 822 1837 892 ἱμάτια

237 907 420 972 αὐτοῦ,
482 906 750 979 βάλλοντες
803 908 1010 982 κλῆρον.
1070 914 1168 962 Καὶ
1213 909 1488 972 ἀνελλιπῶς
1528 909 1628 962 ἐκεῖ
1666 911 1836 962 πάντα

238 993 702 1070 διηρμηνεύθησαν
743 997 875 1068 (63).

314 1089 380 1138 Oi.
443 1090 531 1159 μὲν
616 1083 701 1139 οὖν
783 1096 1098 1162 στρατιῶται
1163 1120 1232 1129 -
1301 1086 1650 1160 Μαγδαληνή.
1734 1093 1830 1141 Καὶ

235 1179 342 1247 μὴν
386 1180 664 1247 μονογενὴς
707 1173 766 1234 ἦν
807 1178 835 1234 ἡ
884 1181 1154 1239 Θεοτόκος·
1199 1176 1306 1229 ἀλλ’
1355 1177 1466 1230 ἐπεὶ
1511 1178 1701 1250 Ἰωσὴφ
1744 1182 1834 1228 καὶ

234 1264 448 1326 Κλοπᾶς
496 1261 727 1337 ἀδελφοὶ,
791 1268 904 1326 ἔθος
971 1263 1030 1319 δε
1097 1266 1218 1338 παρ’
1276 1265 1529 1341 Ἑϐραίοις
1585 1271 1672 1318 καὶ
1740 1269 1834 1326 τὰς

235 1362 336 1405 τῶν
417 1350 649 1425 ἀδελφῶν
722 1362 975 1426 γυναῖκας
1055 1352 1274 1428 ἀδελφὰς
1352 1357 1836 1431 προσαγορεύεσθαι

235 1437 332 1493 διὰ
372 1447 457 1500 τὴν
514 1451 612 1493 τῶν
653 1440 852 1516 ἀνδρῶν
927 1440 1270 1516 ἀδελφότητα,
1321 1445 1496 1497 λοιπόν
1549 1450 1641 1503 τὴν
1717 1448 1835 1497 σύν-

231 1551 428 1603 νυμφον
479 1531 660 1597 αὐτῆς,
695 1528 920 1604 ἀδελφὴν
988 1533 1270 1605 ὠνόμασεν.
1329 1535 1465 1588 Ἀλλ’
1534 1536 1690 1592 Ἰωσὴ
1744 1538 1832 1606 μὲν

232 1626 325 1673 καὶ
378 1621 600 1685 κλοπάς,
649 1624 696 1673 oi.
752 1618 934 1693 ἄνδρες
991 1622 1178 1690 αὐτῶν,
1219 1626 1370 1695 φύσει
1413 1621 1647 1695 ἀδελφοί·
1679 1623 1833 1675 αὐταὶ

236 1706 316 1774 δὲ,
364 1711 418 1761 αἱ
474 1712 665 1762 τούτων
721 1717 976 1780 γυναῖκες,
1033 1714 1323 1784 ἀγχιστεία
1357 1708 1595 1782 ἀδελφαί.
1641 1714 1831 1769 Είστή-

235 1818 415 1851 κεισαν
465 1795 523 1851 δὲ
573 1801 716 1871 παρὰ
754 1807 825 1870 τῷ
873 1808 1100 1871 σταυρῷ,
1141 1797 1323 1854 ἄδειαν
1374 1803 1620 1874 εὑροῦσαι
1686 1821 1833 1859 τηνι-
1865 1801 1903 1854 Β

235 1895 424 1938 καῡτα.
481 1895 689 1960 Πρῶτόν
746 1891 845 1962 γὰρ
905 1895 1072 1941 πᾶσαι
1115 1889 1168 1940 αἱ
1232 1892 1520 1962 μαθήτριαι
1585 1889 1687 1942 ἀπὸ
1736 1910 1833 1962 μα-

235 1977 414 2047 κρόθεν
472 1975 740 2050 ἐθεώρουν,
809 1979 872 2037 ὡς
938 1979 985 2029 oi.
1049 1977 1194 2030 ἄλλοι
1247 1975 1497 2042 ἐδίδαξαν
1560 1980 1826 2052 εὐαγγελι-

243 2084 384 2117 σται.

308 2153 752 2226 [Ἀνοίγνωθι(64)
789 2153 838 2206 ἐν
880 2162 952 2226 τῷ
980 2155 1120 2226 αὐτῷ
1151 2156 1405 2229 κεφαλαίῳ
1436 2162 1527 2215 τὴν
1573 2156 1828 2228 ἐξήγησιν

235 2250 346 2294 τοῦ·
378 2241 436 2299 Ὀ
480 2240 538 2296 δὲ
568 2245 794 2312 Ἰησοῦς,
826 2244 978 2297 πάλιν
1017 2245 1207 2320 κράξας
1251 2255 1386 2319 φωνῇ
1417 2247 1638 2319 μεγάλῃ,
1669 2246 1832 2318 ἀφῆκε

234 2334 293 2382 τὸ
325 2333 570 2404 πνεῦμα]

309 2421 509 2482 Ἰησοῦς
535 2453 602 2462 —-
634 2423 833 2493 ἠγάπα.
866 2427 992 2476 Τότε
1027 2425 1126 2499 γὰρ
1155 2428 1244 2476 καὶ
1272 2424 1427 2485 αὐτὸς
1459 2429 1826 2498 συμπαρέστη,

232 2517 334 2562 τῶν
362 2509 564 2584 ἐχθρῶν
591 2508 860 2565 Ἰουδαίων
891 2509 997 2572 ἤδη
1028 2512 1459 2586 ἀναχωρούντων.

307 2693 456 2758 Λέγει
522 2722 589 2729 -
646 2710 760 2745 σου.
846 2688 987 2749 Ἤδη
1076 2690 1415 2749 ἀποθνήσκων
1491 2693 1831 2764 παρατίθεται

229 2782 326 2836 τὴν
374 2783 575 2852 μητέρα
619 2788 691 2848 τῷ
739 2783 971 2852 μαθητῇ,
1025 2785 1117 2839 τὴν
1177 2782 1515 2852 ἠγαπημένην
1572 2790 1642 2852 τῷ
1703 2783 1828 2852 ἠγα-

229 2871 464 2938 πημένῳ,
516 2872 602 2925 τὴν
641 2872 888 2940 παρθένον
941 2878 1010 2939 τῷ
1067 2872 1328 2941 παρθένων
1381 2868 1642 2923 παιδεύων
1692 2873 1831 2942 ἡμᾶς

234 2956 523 3028 φροντίζειν
582 2966 678 3008 τῶν
750 2962 934 3028 γονέων
1001 2961 1163 3032 ἄχρις
1245 2958 1472 3030 ἐσχάτης
1549 2956 1828 3023 ἀναπνοῆς,

236 3046 262 3096 ὁ
322 3066 380 3096 αν
437 3045 494 3098 οὐ
552 3050 702 3117 μόνον
762 3048 854 3100 οὐκ
905 3049 1019 3120 (65)
1072 3046 1431 3122 ἐμποδίζωσιν
1490 3050 1560 3111 εἰς
1620 3049 1828 3125 ἀρετὴν,

237 3133 366 3186 ἀλλὰ
406 3140 493 3187 καὶ
531 3135 720 3206 μᾶλλον
779 3137 1236 3210 συμφιλοσοφοῦσιν
1289 3141 1412 3210 ἡμῖν
1457 3142 1522 3191 τὰ
1571 3146 1827 3213 σωτήρια.
1862 3155 1901 3208 C

1769 3233 1832 3281 Τί

233 3311 347 3384 ἐμοὶ
386 3319 474 3366 καὶ
522 3319 628 3381 σοὶ,
661 3317 850 3385 γύναι,
882 3321 990 3368 καὶο
1040 3323 1132 3379 Τίς
1183 3316 1322 3368 ἐστιν
1372 3320 1399 3375 ἡ
1461 3322 1635 3391 μήτηρ
1683 3336 1825 3388 μου;

232 3222 381 3295 [Ὅτε
437 3227 548 3295 (66)
603 3229 692 3298 μὲν
755 3230 855 3300 γὰρ
910 3225 1140 3298 ἀκαίρως
1194 3229 1440 3298 ἠνώχλει,
1492 3228 1627 3298 ἔλεγε
1685 3244 1698 3258 ⁶

229 3410 318 3452 νῦν
377 3399 435 3454 δὲ
492 3402 684 3460 πολλὴν
754 3401 1106 3457 ἐπιδείκνυται
1171 3405 1556 3479 φιλοστοργίαν.
1619 3403 1728 3460 Ἴδε
1803 3408 1828 3458 ό

228 3493 342 3551 υἱός
398 3501 512 3558 σον,
573 3497 860 3546 τουτέστιν.
920 3494 1070 3556 οὗτος
1143 3498 1289 3546 ἔσται
1358 3515 1442 3546 σοι
1503 3493 1608 3546 ἀντ’
1680 3495 1824 3567 ἐμοῦο

224 3576 374 3633 Ἰδοὺ
415 3582 444 3638 ἡ
491 3587 665 3655 μήτηρ
708 3601 822 3652 σου,
875 3586 1056 3654 ἤγουν,
1088 3588 1152 3636 σὺ
1205 3587 1295 3656 ἔσῃ
1332 3587 1490 3656 ταύτῃ
1524 3582 1629 3636 ἀντ’
1677 3583 1822 3656 ἐμοῦ,

225 3668 460 3740 ὀφείλεις,
529 3673 596 3732 ὡς
645 3676 838 3744 μητρός
897 3692 1011 3738 σου,
1067 3677 1262 3735 ταύτης
1324 3673 1678 3746 φροντίζειν.]
1731 3681 1838 3735 Τῆς

227 3760 318 3828 μεν
349 3758 437 3810 οὗν
481 3763 678 3830 μητρὸς
717 3759 998 3832 ἐφρόντισε·
1056 3765 1140 3813 τὸν
1195 3759 1254 3814 δε
1311 3763 1553 3832 μαθητὴν
1618 3767 1842 3834 ἐτίμησε

229 3851 386 3917 τιμὴν
443 3853 534 3906 τὴν
583 3853 854 3920 μεγίστην,
901 3855 990 3902 καὶ
1046 3860 1142 3912 τῆς
1178 3859 1484 3923 παραμονῆς
1527 3859 1686 3903 τοῦτο
1722 3854 1840 3921 (67)

231 3937 421 4008 μισθόν
457 3941 581 3998 τέως
613 3933 831 3992 δέδωκε.

306 4030 452 4078 Διατί
502 4023 560 4078 δε
614 4030 685 4098 μὴ
741 4033 829 4080 καὶ
871 4035 963 4088 τῆς
1018 4028 1171 4088 οἷλλῆς
1210 4031 1476 4100 ἐφρόντισε
1544 4033 1838 4100 γυναικός;

233 4114 354 4166 Ὀτι
385 4112 545 4172 ἐκείνη
588 4117 677 4186 μὲν
735 4123 847 4187 εἶχε
891 4112 1176 4188 κηδεμόνα,
1210 4119 1239 4175 ἡ
1302 4113 1360 4169 δὲ
1407 4122 1579 4191 μήτηρ
1613 4115 1839 4172 οὐδένα.

235 4209 324 4256 καὶ
378 4206 461 4255 ἶνα
512 4213 707 4275 γνῶμεν
765 4207 841 4258 ὅτι
878 4210 987 4276 χρὴ
1038 4209 1154 4266 τοὺς
1208 4209 1473 4268 τόιούτους
1525 4214 1844 4280 γεννήτορας

1215 335 1590 394 COMMENT.
1641 335 1712 390 IN
1749 333 2101 391 JOANNEM.
2144 365 2211 375 —
2250 333 2409 390 CAP.
2451 335 2604 392 XIX.

3459 326 3600 384 1470

1946 477 2122 530 super
2137 463 2452 531 caputejus
2481 475 2718 518 causam
2730 459 2914 531 ipsius
2939 457 3240 530 scriptam,
3264 457 3363 514 Hic
3383 463 3464 514 est
3490 470 3591 512 rea

1941 551 2282 609 Judworum
2313 552 2380 605 ⁷⁸.

2014 729 2177 784 Vers.
2197 731 2284 784 23.
2307 729 2520 784 Milites
2533 743 2671 797 ergo
2694 759 2754 768 —
2773 727 2941 782 Vers.
2966 727 3053 782 "24.
3069 730 3300 782 sortem.
3316 725 3598 781 Praeterea

1943 818 2156 883 ethaec,
2184 818 2287 874 ubi
2311 818 2524 874 dicitur
2549 836 2560 873 :
2583 819 2847 888 Cumque
2873 817 3304 885 cruciﬁxissent
3326 830 3472 881 eum,
3505 813 3598 868 di-

1944 908 2211 965 viserunt
2250 909 2592 964 vestimenta
2622 910 2744 977 ejus
2775 908 2822 942 7°
2840 925 2858 977 ;
2892 921 3034 963 nam
3067 905 3147 960 ibi
3191 903 3395 961 omnia
3430 902 3593 959 nullo

1945 998 2337 1070 praetermisso
2361 997 2673 1053 enucleata
2701 1002 2858 1052 sunt.

2015 1089 2174 1142 Vers.
2205 1090 2295 1142 24.
2325 1086 2542 1142 Milites
2571 1086 2774 1157 itaque
2808 1115 2874 1125 —
2899 1087 3057 1139 Vers.
3095 1087 3188 1139 25.
3225 1081 3586 1151 Hagdalene.

1943 1176 2120 1248 Atqui
2161 1175 2462 1245 unigenita
2501 1180 2624 1230 erat
2652 1173 2752 1230 Dei
2784 1175 2962 1228 Mater
2996 1189 3008 1228 :
3043 1187 3252 1228 verum
3281 1170 3502 1241 JOseph
3540 1171 3596 1226 et

1946 1266 2185 1338 Cleopas
2221 1266 2426 1320 fratres
2457 1269 2643 1320 erant.
2687 1263 2856 1320 Moris
2887 1267 3087 1318 autem
3137 1265 3259 1317 erat
3297 1259 3460 1331 apud
3494 1261 3598 1314 He-

1941 1355 2161 1420 braeos,
2203 1354 2452 1410 fratrum
2482 1369 2720 1426 quoque
2760 1367 2990 1416 uxores,
3031 1349 3331 1422 appellare
3364 1363 3597 1403 sorores

1948 1449 2185 1516 propter
2199 1444 2461 1498 virorum
2488 1442 2929 1498 fraternitatem.
2953 1443 3156 1512 Itaque
3170 1455 3324 1503 eam,
3341 1453 3470 1509 qum
3485 1451 3594 1507 pa-

1944 1534 2081 1587 riter
2101 1550 2239 1588 enm
2265 1549 2335 1587 ea
2359 1549 2506 1586 uxor
2531 1537 2655 1586 erat
2675 1531 2781 1602 (ιι),
2809 1546 3077 1584 sororem
3102 1526 3449 1583 nominavit.
3476 1525 3593 1582 Sed

1943 1624 1966 1676 J
1975 1623 2158 1693 oseph
2171 1622 2416 1694 quidem
2438 1628 2493 1676 et
2514 1621 2761 1691 Cleopas
2781 1619 2885 1674 viri
2899 1633 3126 1682 earum,
3148 1622 3361 1672 natura
3384 1615 3594 1670 fratres

1943 1719 2110 1768 erant
2140 1729 2151 1766 :
2191 1713 2336 1784 ipsas
2375 1717 2575 1766 autem
2604 1725 2809 1765 eorum
2837 1724 3071 1772 uxores,
3105 1705 3393 1761 affinitate
3425 1719 3594 1758 soro-

1944 1818 2053 1857 res.
2093 1801 2337 1858 Stabant
2364 1817 2496 1856 vero
2527 1801 2698 1870 juxta
2727 1813 2986 1859 crucem,
3025 1802 3163 1850 tunc
3193 1799 3384 1849 nactae
3426 1808 3596 1847 secu-

1942 1891 2179 1946 ritatem
2213 1907 2224 1946 :
2258 1891 2516 1960 primum
2548 1890 2704 1943 enim
2747 1902 2960 1942 omnes
3008 1883 3316 1956 discipulae
3361 1882 3592 1937 eminus

1942 1979 2411 2052 conspiciebant,
2463 1977 2640 2032 veluti
2679 1976 2870 2033 czeteri
2912 1975 3241 2030 docuerant
3297 1969 3592 2040 evangeli-

1943 2076 2072 2126 staa.
2817 2121 2821 2126 .

2017 2161 2164 2230 Lege
2195 2163 2250 2214 et
2277 2157 2488 2215 eodem
2521 2157 2708 2228 capite
2739 2153 2874 2210 dicti
2904 2152 3061 2208 illius
3106 2149 3535 2205 enarrationem
3579 2164 3593 2202 :

1941 2249 2105 2306 Jesus
2117 2255 2337 2312 autem,
2355 2263 2486 2304 cum
2508 2247 2716 2301 iterum
2730 2245 3032 2300 clamasset
3049 2255 3184 2298 voce
3199 2252 3440 2310 magna,
3462 2236 3599 2293 emi-

1941 2338 2015 2393 sit
2044 2337 2320 2406 spiritum
2353 2337 2420 2389 ³ο.

2015 2431 2171 2483 Vers.
2202 2428 2290 2482 26.
2315 2429 2481 2482 Jesus
2515 2457 2579 2464 —
2603 2421 2904 2492 diligebat.
2933 2422 3091 2475 Tunc
3114 2419 3275 2473 enim
3297 2420 3354 2471 et
3374 2415 3500 2487 ipse
3525 2414 3600 2469 si-

1943 2515 2068 2571 mul
2117 2515 2368 2579 astabat,
2435 2530 2574 2568 eum
2635 2513 2763 2583 jam
2824 2511 3024 2566 hostes
3080 2506 3267 2562 Judaei
3332 2503 3598 2560 discede-

1941 2617 2092 2662 rent.

2012 2693 2170 2748 Vers.
2197 2697 2284 2749 26.
2343 2692 2592 2747 Dicit—
2626 2691 2784 2744 Vers.
2818 2692 2907 2744 27.
2963 2690 3084 2742 tua.
3140 2686 3274 2740 Jam
3332 2681 3598 2738 moriens

1943 2785 2182 2837 Matrem
2196 2781 2580 2838 commendat
2596 2777 3154 2851 discipulo,summe
3173 2774 3596 2838 dilectam,ma-

1941 2871 2101 2927 xime
2132 2871 2348 2926 dilecto
2379 2889 2392 2938 ;
2425 2870 2730 2938 Virginem
2753 2867 2965 2938 virgini
3002 2882 3014 2920 :
3044 2865 3348 2919 instruens
3375 2877 3508 2928 nos,
3537 2863 3598 2916 ut

1943 2977 2148 3018 curam
2173 2961 2504 3017 habeamus
2539 2965 2854 3030 parentum
2908 2956 2983 3012 ad
3024 2958 3356 3010 extremum
3403 2964 3597 3022 usque

1943 3050 2236 3122 spiritum,
2273 3049 2519 3122 quando
2559 3063 2678 3103 non
2725 3047 2918 3102 solum
2966 3061 3086 3100 non
3137 3046 3276 3098 sunt
3313 3040 3391 3097 ad
3423 3040 3599 3095 virtu-

1943 3147 2058 3196 tem
2072 3141 2518 3212 impedimento,
2537 3139 2657 3193 imo
2672 3137 2869 3208 potius
2884 3135 3198 3191 nobiscum
3218 3131 3291 3188 ad
3315 3128 3599 3185 salutaria

1941 3234 2290 3286 exercentur
2315 3229 2412 3301 (ν).
2447 3231 2592 3283 Nam
2622 3226 2868 3296 quando
2900 3222 3310 3293 intempestive
3349 3217 3598 3274 molesta

1939 3325 2083 3384 erat,
2113 3318 2383 3374 dicebat:
2417 3317 2566 3384 Quid
2594 3315 2740 3370 mihi
2758 3321 2810 3370 et
2844 3314 2949 3368 tibi
2977 3319 3081 3376 est,
3113 3310 3331 3366 mulier
3362 3308 3404 3343 ⁸¹
3440 3307 3468 3363 7
3495 3310 3548 3361 et
3581 3321 3593 3360 :

1941 3409 2075 3473 Quae
2105 3414 2187 3463 est
2208 3414 2398 3462 mater
2417 3420 2546 3461 mea
2567 3406 2612 3439 ⁸¹
2640 3406 2667 3460 ?
2691 3407 2855 3460 Nunc
2878 3418 3011 3457 vero
3035 3415 3324 3468 magnum
3350 3396 3600 3452 demon-

1940 3502 2087 3552 strat
2111 3512 2383 3552 amorem
2426 3511 2437 3548 :
2473 3497 2605 3550 Ecce
2650 3495 2815 3565 ﬁlius
2861 3500 3017 3556 tuus,
3051 3491 3164 3545 hoc
3195 3491 3300 3552 est,
3331 3485 3427 3542 hic
3462 3499 3600 3540 meo

1936 3575 2068 3641 loco
2101 3585 2202 3640 tibi
2233 3585 2358 3639 erit.
2395 3584 2548 3640 Ecce
2579 3590 2766 3639 mater
2791 3586 2915 3646 tua,
2960 3580 3104 3645 sive,
3133 3583 3194 3633 tu
3235 3576 3353 3631 eris
3403 3574 3458 3630 ei
3493 3589 3599 3640 pro

1955 3692 2048 3730 me
2075 3697 2084 3740 ;
2110 3679 2338 3747 oportet
2367 3677 2422 3726 te
2453 3673 2632 3742 hujus
2668 3672 2820 3726 sicut
2864 3669 3068 3725 matris
3115 3669 3335 3722 habere
3367 3678 3596 3718 curam.

1951 3763 2146 3820 Matris
2176 3764 2376 3834 itaque
2417 3778 2624 3818 curam
2654 3760 2883 3824 habuit,
2927 3755 3285 3829 discipulum
3320 3767 3459 3808 vero
3498 3751 3602 3806 ho-

1949 3869 2094 3909 nore
2126 3853 2391 3908 maximo
2420 3850 2754 3915 honoravit,
2790 3864 2856 3903 ac
2885 3846 3118 3902 interim
3145 3845 3300 3900 hanc
3330 3839 3603 3910 longani-

1947 3941 2168 3999 mitatis
2196 3941 2266 4013 (s)
2288 3940 2453 3998 dedit
2472 3938 2827 3995 mercedem.

2021 4034 2212 4098 Quare
2262 4036 2460 4086 autem
2506 4028 2743 4084 alterius
2793 4041 3034 4098 quoque
3078 4021 3339 4078 mulieris
3390 4033 3598 4075 curam

1955 4135 2074 4175 non
2091 4117 2336 4174 habuit?
2355 4117 2503 4182 Quia
2523 4115 2624 4170 illa
2646 4118 3082 4186 procuratorem
3104 4108 3385 4175 habebat,
3412 4111 3602 4161 mater

1955 4224 2094 4264 vero
2118 4207 2416 4262 neminem
2439 4211 2542 4272 :et,
2567 4210 2628 4259 ut
2650 4199 3090 4274 seiamusquod
3109 4201 3381 4269 oporteat
3399 4193 3600 4267 hujus-

236 4298 493 4366 προτιμᾷν
540 4302 638 4345 τῶν
695 4293 856 4344 ἄλλων
912 4292 1022 4346 ἀνθ’
1078 4296 1144 4345 ὧν
1188 4297 1376 4362 ἔτεκον,
1433 4294 1542 4347 ἀνθ’
1605 4297 1672 4347 ὧν
1731 4295 1840 4350 ἀνέ-

1958 4297 2117 4353 modi
2138 4301 2414 4368 parentes
2437 4310 2559 4366 prae
2587 4292 2812 4349 caeteris
2837 4291 3152 4353 honorare,
3185 4287 3330 4358 quia
3358 4298 3604 4356 pepere-

237 4379 430 4452 θρε-ἶιαν
461 4381 596 4453 (68),
639 4379 747 4434 ἀνθ’
775 4383 841 4432 ὧν
871 4387 1036 4457 μυρία
1075 4380 1219 4436 δεινὰ
1245 4385 1552 4437 πεπόνθασι.

305 4595 353 4629 τε
386 4593 586 4650 Matth.
621 4611 798 4659 xxvn,
836 4600 922 4652 37.
1036 4599 1082 4632 ⁷⁹
1115 4597 1261 4655 ibid.
1302 4599 1396 4653 35.
1517 4600 1564 4634 ⁸ο
1605 4598 1750 4655 ibid.
1787 4603 1872 4655 50.

1951 4394 2109 4454 runt,
2163 4385 2306 4457 quia
2361 4382 2652 4447 aluerunt,
2709 4381 2853 4454 quia
2905 4379 3062 4434 mille
3113 4373 3373 4448 pericula
3440 4373 3600 4444 passi

1951 4480 2108 4531 sunt.

1989 4600 2032 4637 ⁸¹
2065 4601 2236 4656 Joan.
2267 4615 2329 4667 ιι,
2361 4602 2414 4654 4.
2529 4598 2576 4632 ⁸³
2605 4595 2798 4653 Matth.
2831 4609 2929 4663 xu,
2964 4595 3053 4648 48.

1459 4777 1685 4845 Variae
1723 4777 2049 4846 lectiones
2080 4789 2143 4845 et
2182 4787 2383 4844 notae.

337 4945 404 4998 62
457 4945 689 5000 Inclusa
715 4945 934 5000 absunt
959 4948 1022 5000 A.

311 4944 426 5085 (63)
460 5022 546 5085 Γρ.
577 5012 1022 5085 διηυκρινηθησαν

335 5012 426 5085 63)
460 5022 546 5096 ξ’ρ.
577 5012 1049 5096 διηυκρινήθησαν.
1083 5019 1149 5096 In
1189 5033 1376 5096 marg.
1408 5021 1832 5096 B.Asmuxptwi-

242 5089 430 5163 θησαν,
463 5088 519 5163 in
563 5092 842 5163 contextu
886 5088 1066 5145 habet
1124 5093 1187 5145 A.
1238 5088 1428 5163 Atque
1458 5092 1540 5148 ita
1586 5088 1833 5147 fortasse

241 5158 562 5214 Hentenius
590 5160 830 5228 reperit.

311 5230 422 5298 (6t)
453 5230 684 5284 lnciusa
713 5229 929 5286 desunt
953 5234 1019 5286 A.

309 5303 426 5372 (65)
469 5298 878 5373 Ἐμποδίζουσιν
906 5307 966 5354 Α.

309 5451 557 5529 (ωρυεε
576 5453 807 5520 pariter
836 5460 1067 5529 _—‘erat.
1098 5458 1389 5527 Σύννυμφον
1434 5471 1592 5512 nunc
1630 5456 1831 5529 appel.

238 5526 326 5598 lat
344 5523 721 5598 afﬁnem,iniv
749 5526 864 5598 κατ’
896 5525 1179 5598 ἐπιγαμίαν
1207 5523 1456 5597 συγγενῆ.

309 5595 387 5675 (τ’)
405 5596 515 5675 ΔΑιζ
540 5595 1231 5675 salutaria__exer_céntur.
1263 5595 1555 5675 Salutaria
1569 5603 1841 5675 tractant

238 5667 509 5741 (salutari
527 5672 582 5721 et
603 5668 961 5738 evangelicae
980 5670 1266 5727 doctrinm
1284 5669 1534 5741 vitasque
1560 5670 1841 5727 Christia-

239 5737 336 5796 nas
367 5737 514 5794 dant
539 5737 828 5810 operam).

2018 4950 2129 5016 (66)
2161 4947 2395 5003 Inclusa
2426 4947 2647 5003 absunt
2674 4947 2721 5000 A

2041 5023 2132 5088 67)
2162 5026 2353 5072 Τοῦτον
2382 5018 2615 5073 videtur
2636 5017 2848 5089 legisse
2879 5013 3220 5089 Hentenius.

2042 5081 2132 5162 68)
2175 5089 2433 5162 Ἔθρεψαν
2465 5092 2529 5162 A7.
2586 5081 2726 5144 Hoc"
2757 5094 2844 5144 est
2890 5088 3062 5152 alere,
3103 5090 3166 5141 ut
3223 5081 3402 5162 habet
3453 5083 3601 5162 Hen-

1947 5152 2138 5217 tenius
2188 5178 2199 5215 :
2254 5152 2409 5232 istud
2447 5161 2700 5216 educare
2755 5177 2768 5225 ;
2819 5173 3171 5232 quanquam
3222 5152 3466 5226 simplex
3519 5152 3602 5208 ita

1945 5233 2126 5289 etiam
2162 5231 2467 5304 accipitur.

2015 5455 2089 5527 (s)
2138 5455 2656 5522 Longanimztatis.
2705 5458 2984 5527 Παραμονή
3017 5452 3265 5527 {aonnis
3299 5449 3602 5527 e_s_t,_quod

1943 5521 2200 5599 captum,
2261 5521 2590 5582 abductum
2641 5541 2717 5599 ac,
2759 5521 2917 5599 cruci
2982 5524 3234 5599 afﬁgum
3303 5521 3599 5599 Christum

1954 5592 2146 5655 fuerat
2171 5603 2424 5661 secutus,
2453 5614 2591 5652 cum
2620 5597 2828 5668 reliqui
2857 5595 3286 5668 discipulieum
3310 5592 3602 5649 deseruis-

1954 5675 2106 5727 sent.
2141 5671 2288 5740 Ergo
2310 5667 2776 5741 perseverantiae,
2811 5667 3166 5729 constautiae.
