4130 6320
219 340 238 393 1
254 335 354 393 473

1184 337 1559 400 COMMENT.
1606 336 1674 395 ΙΝ
1713 330 2066 395 JOANNEM.
2111 367 2176 377 —
2217 334 2375 392 CAP.
2418 333 2567 392 XIX.

3445 337 3586 394 1474

212 462 482 536 Σαϐϐάτῳ,
544 470 630 517 καὶ
702 465 897 538 ἔμελλεν
982 466 1269 538 ἐπιφθάσαι
1326 467 1460 519 αὐτὰ
1522 469 1816 540 κρεμάμενα

1951 467 2152 526 terent,
2184 461 2396 534 illaque
2427 463 2746 534 pendendo
2779 463 3149 535 pervenirent
3175 463 3251 520 ad
3280 465 3423 521 illud
3444 465 3586 521 Sab-

211 553 374 606 ἐκείνο
425 558 482 606 1'6
529 554 807 626 Σάϐϐατον,
867 561 952 608 καὶ
1033 553 1203 608 ἐδόκει
1262 555 1485 608 ἐντεῦθεν
1567 555 1816 627 ἀτιμάζε-

215 645 363 697 σθαμ

289 733 528 804 Μεγάλην
575 729 632 785 δὲ
676 738 767 791 τὴν
799 735 992 806 ἡμέραν
1043 733 1230 786 ἐκείνου
1281 742 1371 786 τοῦ
1407 737 1516 802 (74)
1550 731 1815 785 Σαϐϐάτου

217 827 398 892 φησὶν,
462 824 542 873 ὅτι
585 821 643 874 οὐ
693 828 843 894 μόνον
898 821 1010 894 εἶχε
1065 826 1123 874 1'6
1175 829 1362 894 τίμιον,
1417 825 1480 882 ὡς
1531 821 1816 889 Σάϐϐατον,

217 909 346 962 ἀλλὰ
396 916 485 962 καὶ
541 914 604 971 ὡς
664 911 840 983 ἑορτῆς
899 911 944 962 ἐν
1013 912 1152 982 αὐτῷ
1205 912 1500 984 λαχούσης,
1568 919 1663 971 τῆς
1720 920 1819 962 τῶν

219 1000 480 1071 Ἀζύρων.
535 1000 630 1051 Ἤν
690 1003 791 1073 γὰρ
850 997 1008 1058 διπλῆ
1072 1001 1237 1074 ἑορτή.
1315 1004 1391 1053 Τὰ
1464 1009 1682 1052 τοιαῦτα
1763 997 1822 1052 δὲ

220 1088 463 1140 Σάϐϐατα
526 1089 790 1162 ὠνόμαζον
849 1088 1088 1141 Σάϐϐατα
1146 1089 1438 1154 Σαϐϐάτων,
1500 1090 1605 1141 οἷον
1671 1093 1822 1160 τίμια

216 1183 423 1249 τιμίων,
461 1179 636 1251 ἑορτὰς
681 1179 884 1254 ἑορτῶν,
918 1175 1011 1231 διὰ
1053 1183 1110 1231 τὸ
1144 1176 1359 1231 διπλοῦν
1392 1188 1487 1240 τῆς
1519 1179 1720 1251 ἑορτῆς,
1754 1181 1819 1239 ὡς

218 1269 443 1341 εἴρηται.

296 1354 514 1427 [Ἄλλως
547 1357 656 1428 (7’i)
688 1376 742 1409 τε
770 1363 859 1410 καὶ
898 1361 954 1409 1'6
1000 1361 1388 1431 Δευτερονὸμιον
1434 1356 1673 1416 ἐθέσπιζε
1702 1359 1820 1430 περὶ

218 1455 310 1496 τοῦ
357 1449 742 1519 σταυρωθέντος
780 1448 882 1515 ὅτι,
927 1447 1036 1498 Οὐκ
1067 1445 1537 1518 ἐπικοιμηθησεται
1567 1449 1623 1497 τὸ
1672 1453 1823 1517 σῶμα

218 1533 381 1585 αὐτοῦ
408 1533 490 1586 ἐπὶ
520 1543 610 1586 τοῦ
643 1535 816 1599 ξύλου,
847 1535 974 1587 ἀλλὰ
1003 1544 1135 1608 ταφῇ
1168 1535 1354 1606 Θάψετε
1384 1535 1537 1586 αὑτὸν
1570 1537 1617 1586 ἓν
1655 1533 1816 1606 ἐκείνη

218 1630 282 1694 τῇ
314 1623 528 1698 ἡμέρᾳο]

293 1712 598 1785 Ἠρωτησαν
673 1745 742 1753 -
807 1713 1030 1786 ἀρθῶσι.
1107 1714 1487 1787 Παρεκάλεσαν,
1558 1714 1821 1786 ᾐτήσαντο

1925 551 2156 614 batum,
2191 557 2247 606 et
2275 551 2412 606 inde
2447 551 2742 607 videretur
2776 552 2978 608 haberi
3010 555 3396 626 contemptui.

2001 729 2282 798 Magnam
2316 734 2516 784 autem
2548 728 2685 784 dicit
2727 729 2884 785 diem
2919 729 3081 785 illum
3113 731 3378 799 Sabbati,
3412 733 3578 805 quod

1930 835 2049 873 non
2073 817 2264 872 solum
2289 817 2759 874 honorareturut
2785 819 3139 884 Sabbatum,
3158 838 3368 876 verum
3399 822 3581 878 etiam

1929 912 2171 978 propter
2202 905 2405 960 festum
2435 906 2817 976 Azymorum,
2852 907 3016 978 quod
3058 925 3202 964 casu
3251 909 3310 963 in
3344 926 3413 964 eo
3447 926 3587 964 con-

1933 998 2161 1064 tigerat,
2203 999 2260 1050 et
2289 995 2368 1049 ita
2400 995 2622 1066 duplex
2670 995 2883 1050 festum
2915 1002 3058 1052 erat.
3099 997 3442 1068 Hujusmodi
3475 1015 3587 1054 au-

1931 1090 2048 1138 tem
2110 1083 2373 1138 Sabbata
2438 1082 2781 1139 dicebantur
2835 1085 3096 1141 Sabbata
3158 1086 3580 1153 Sabbatorum,

1934 1181 2221 1244 tanquam
2238 1173 2577 1227 veneranda
2592 1173 3093 1244 venerandorum,
3112 1174 3262 1231 festa
3275 1174 3587 1242 festorum,

1929 1261 2010 1316 ob
2038 1261 2166 1316 festi
2195 1260 2624 1332 duplicitatem,
2662 1267 2723 1317 ut
2752 1262 2976 1318 dictum
3009 1270 3122 1318 est.

2001 1351 2086 1420 Ἠ-
2110 1350 2398 1406 Praeterea
2417 1351 2936 1406 Deuteronomium
2957 1351 3318 1422 etiamjussit
3333 1353 3406 1408 de
3422 1353 3587 1410 cruci

1931 1438 2110 1493 afﬁxo
2146 1455 2157 1493 :
2179 1439 2316 1493 Non
2343 1438 2588 1493 dormiet
2605 1454 2820 1506 corpus
2837 1442 2960 1509 ejus
2976 1456 3150 1510 super
3173 1441 3355 1512 tigno,
3381 1443 3484 1498 sed
3511 1459 3592 1498 se-

1929 1529 2176 1596 pultura
2206 1527 2489 1596 sepelietis
2520 1541 2650 1583 eum
2683 1527 2879 1583 eodem
2917 1527 3014 1584 die
3051 1529 3121 1580 ⁸ο.

2005 1706 2168 1760 Vers.
2202 1711 2288 1760 3t.
2321 1708 2694 1776 Rogaverunt
2715 1737 2782 1746 -—
2808 1709 3186 1766 tollerentur.
3224 1710 3322 1764 Hic
3348 1724 3589 1764 rursum

220 1802 305 1852 ἶνα
345 1802 640 1854 θλασθῶσιν
686 1804 854 1854 αὐτῶν
904 1806 968 1854 τὰ
1019 1803 1170 1860 σκέλη
1207 1807 1330 1875 πρὸς
1374 1807 1430 1855 τὸ
1473 1805 1657 1854 θάττον
1692 1800 1818 1853 ἀπο-

1951 1798 2214 1869 ᾖρωτησαν
2247 1795 2543 1864 signiticat
2588 1797 2871 1852 :Precati
2917 1804 3064 1862 sunt,
3121 1797 3475 1868 petiverunt,
3529 1802 3595 1853 ut

222 1892 410 1942 θανεῖν.

290 2068 478 2121 Ἦλθον
521 2067 608 2121 οὖν
657 2072 705 2122 οἱ
757 2079 1094 2143 στρατιῶται.
1153 2073 1220 2123 Οἱ
1275 2079 1426 2122 τοῦτο
1470 2070 1820 2130 κελευσθέντες

217 2162 362 2233 παρα
400 2167 490 2211 τοῦ
535 2159 693 2212 Πιλάτ
703 2179 781 2216 ου.

297 2251 395 2298 Καὶ
425 2277 492 2288 --
521 2247 697 2306 σκέλη.
731 2255 832 2300 Τοῦ
866 2248 978 2320 (76)
1006 2247 1052 2300 ἐν
1087 2245 1234 2319 δεξιᾲ
1264 2255 1354 2300 τοῦ
1397 2254 1624 2321 Χριστοῦ
1660 2267 1820 2300 σταυ-

216 2338 492 2408 ρωθέντος.

296 2429 395 2478 Καὶ
430 2457 495 2468 -
529 2426 688 2496 αὐτῷ.
723 2426 828 2499 [Τῶ
857 2426 970 2497 (77)
998 2435 1213 2500 Χριστῷ
1244 2423 1532 2497 ὃηλονοτι.]

292 2515 508 2566 Ἐπὶ-
559 2515 736 2573 σκέλη.
785 2515 1084 2568 Τελευταίον
1146 2513 1298 2572 ἦλθον
1348 2514 1424 2567 ἐπ’
1482 2515 1660 2579 αὐτὸν,
1714 2513 1822 2565 ἐνυ-

213 2602 401 2675 ϐρίσαι
468 2605 616 2656 πλέον
700 2603 1004 2677 βουλόμενοι
1078 2607 1209 2678 πρὸς
1282 2605 1444 2678 χάριν
1513 2612 1612 2655 τῶν
1686 2602 1820 2654 Ἰου-

218 2689 399 2746 δαίων.

292 2781 428 2833 Ἀλλ’
506 2814 574 2822 —
659 2778 824 2856 ὕδωρ.
901 2780 1176 2855 ’Υπερφυες
1273 2784 1330 2832 τὸ
1408 2787 1644 2852 πρᾶγμα,
1735 2784 1823 2830 καὶ

212 2879 414 2940 τρανῶς
470 2868 729 2923 διδάσκον
796 2873 875 2923 ὅτι
927 2873 1053 2944 ὑπὲρ
1095 2873 1361 2942 ἄνθρωπον
1420 2872 1444 2920 6
1497 2873 1688 2940 νυγείς.
1737 2870 1824 2919 Ἐκ

212 2967 400 3031 νεκροῦ
442 2962 543 3031 γὰρ
593 2959 885 3033 ἀνθρώπου,
939 2959 1032 3010 κᾶν
1087 2961 1334 3032 μυριάκις
1386 2957 1509 3030 νυξη
1570 2978 1668 3027 τις,
1731 2957 1825 3008 οῦκ

216 3045 534 3107 ἐξελεύσεται
607 3050 757 3120 αἷμα.
844 3051 1101 3100 Νῦττεται
1172 3051 1260 3119 μὲν
1327 3044 1413 3099 οὖν
1487 3046 1657 3119 λόγχῃ
1732 3051 1824 3104 τὴν

215 3136 444 3210 πλευρὰν
501 3139 526 3188 6
586 3141 759 3209 Σωτήρ
845 3134 938 3189 διὰ
1015 3142 1108 3194 τὴν
1165 3144 1408 3206 νυγείσαν
1465 3144 1525 3208 τῇ
1596 3135 1826 3208 ἁμαρτίᾳ

216 3222 442 3300 πλευρὰν
483 3235 572 3278 τοῦ
623 3223 817 3298 Ἀδὰμ,
871 3230 1030 3296 ἤγουν
1075 3230 1166 3283 τὴν
1207 3228 1360 3290 Εὔαν,
1409 3234 1468 3296 τῇ
1521 3224 1692 3295 πληγῇ
1732 3232 1826 3283 τῆς

216 3317 445 3390 πλευρᾶς
506 3320 596 3372 τὴν
645 3314 849 3385 πληγὴν
904 3324 999 3374 τῇς
1058 3315 1275 3387 πλευρᾶς
1345 3315 1574 3385 ἰώμενος.
1636 3312 1826 3372 Βλὺζει

220 3405 282 3458 δὲ
322 3407 455 3478 αἷμα
497 3410 584 3456 καὶ
632 3401 798 3477 ὕδωρ,
847 3401 942 3456 δύο
988 3402 1333 3475 βαπτίσματα
1379 3409 1720 3475 καινουργῶν,
1767 3405 1824 3452 τὸ

221 3493 297 3547 δι’
361 3496 581 3568 αἳματος
633 3497 943 3568 μαρτυρίου,
997 3496 1085 3543 καὶ
1136 3496 1193 3542 τὸ
1245 3487 1317 3543 δι’
1375 3487 1566 3550 ὕδατος
1621 3489 1825 3560 ἀναγεν-

216 3589 432 3652 νὴσεως,
467 3589 554 3634 καὶ
608 3589 668 3654 τῇ
710 3582 803 3655 ῥοῇ
857 3583 1050 3633 τούτων
1103 3585 1196 3638 τὴν
1249 3580 1373 3654 ῥοὴν
1420 3587 1513 3641 τῇς
1567 3579 1826 3653 ἁμαρτίας

218 3671 556 3731 κατακλύζει.

293 3850 417 3923 [Καὶ
464 3849 642 3922 ἑτέρως
692 3850 799 3919 (78)
857 3846 934 3917 δὲ,
992 3847 1089 3900 δύο
1135 3849 1364 3919 πηγάζει
1427 3850 1674 3923 κρουνούς
1709 3864 1720 3877 ·
1755 3855 1828 3918 τῷ

220 3935 384 3991 ὗὸατι
435 3942 522 4010 μὲν
595 3939 854 4011 καθαίρων
911 3943 1004 3996 τὴν
1082 3938 1416 4006 Ἐκκλησίαν,
1492 3947 1562 4008 τῷ
1645 3940 1831 4008 αἵματι

224 4025 284 4081 δὲ
329 4032 518 4102 τρέφων
563 4026 745 4084 αὐτὴν.
788 4027 860 4078 Δι’
894 4023 1088 4087 ὕδατος
1135 4031 1224 4098 μὲν
1277 4029 1374 4100 γὰρ
1417 4025 1826 4097 ἀναγεννὼμεθα,

225 4112 300 4166 δι’
359 4119 576 4187 αἵματος
635 4112 693 4166 δὲ
750 4121 838 4168 καὶ
892 4119 1086 4188 σαρκὸς
1147 4117 1456 4187 τρεφομεθα,
1521 4124 1620 4165 τῶν
1682 4117 1827 4166 θείων

223 4209 314 4257 καὶ
361 4213 648 4275 μυστικῶν.
696 4209 890 4257 Λοιπὸν
948 4201 1055 4272 οὖν,
1110 4206 1229 4256 ὅταν
1269 4208 1541 4277 προσέρχῃ
1585 4212 1656 4273 τῷ
1716 4223 1830 4277 φρι-

223 4302 330 4362 κτῷ
390 4298 642 4366 ποτηρίῳ,
703 4299 916 4346 πέπεισο
966 4293 1098 4364 (79),
1157 4292 1244 4344 ἀπ’
1283 4293 1439 4352 αὐτῆς
1494 4291 1684 4362 μέλλεις
1738 4295 1830 4342 πί-

223 4400 324 4432 νειν
355 4389 450 4443 τῇς
479 4390 794 4443 Δεσποτικῆς
825 4383 1062 4455 πλευρᾶς,
1107 4387 1195 4433 καὶ
1238 4381 1372 4432 οὕτω
1404 4377 1662 4435 διάκεισο.
1704 4377 1828 4433 Εἶτα

229 4469 382 4521 θέλων
409 4469 700 4543 βεϐαιῶσαι
726 4477 780 4524 τὸ
811 4478 1042 4523 τοιοῦτον
1076 4473 1272 4542 θαῦμα,
1306 4468 1484 4542 φησί’]

302 4655 401 4702 Καὶ
443 4681 511 4690 -
541 4652 952 4723 μεμαρτύρηκεν.
991 4649 1050 4701 Ὀ
1088 4657 1256 4700 ταῦτα
1303 4649 1613 4720 θεασάμενος
1659 4654 1828 4699 ταῦτα

224 4745 499 4814 γέγραφεν,
525 4740 582 4792 οῦ
608 4740 730 4814 παρ’
759 4739 931 4816 ἐτέρου
952 4743 1086 4802 τινὸς
1120 4737 1372 4800 ἀκούσας.

297 4921 343 4955 ⁸⁸
393 4922 554 4976 Deut.
588 4935 707 4985 xxx,
737 4920 824 4976 23.

1933 1884 2465 1954 conﬂ'ringerentur
2525 1900 2734 1940 eorum
2793 1902 2965 1941 crura
3021 1902 3144 1958 quo
3191 1887 3360 1942 citius
3393 1902 3592 1943 more-

1932 1980 2161 2030 rentur.

2008 2065 2167 2116 Vers.
2201 2062 2290 2116 3'2.
2336 2063 2630 2119 Venerunt
2660 2078 2802 2134 ergo
2831 2064 3060 2120 milites.
3098 2065 3326 2130 Quibus
3353 2065 3412 2121 id
3441 2081 3477 2122 a
3501 2066 3586 2121 Pi-

1931 2153 2053 2208 lato
2074 2151 2312 2222 jussum
2346 2157 2490 2208 erat.

2003 2241 2166 2296 Vers.
2197 2245 2282 2296 32.
2325 2242 2403 2295 Et
2428 2273 2496 2281 —
2527 2257 2727 2298 crura.
2755 2241 2863 2308 Qui
2896 2243 2952 2298 in
2980 2243 3190 2302 dextra
3221 2243 3427 2302 Christi
3458 2260 3588 2301 cru-

1932 2329 2146 2386 ciﬁxus
2181 2334 2332 2386 erat.

2006 2421 2160 2474 Vers.
2189 2419 2278 2472 32.
2323 2419 2399 2472 Et
2438 2449 2504 2460 —
2533 2434 2615 2475 eo.
2652 2420 2877 2476 Christo
2932 2421 3227 2478 videlicet.

1999 2508 2160 2562 Vers.
2195 2511 2280 2562 33.
2311 2508 2407 2562 Ad
2439 2539 2506 2546 —
2545 2524 2743 2564 crura.
2775 2510 3075 2566 Postremo
3115 2511 3192 2566 ad
3221 2527 3360 2566 eum
3399 2527 3572 2568 vene-

1932 2602 2084 2661 runt,
2117 2595 2324 2666 majori
2346 2596 2726 2664 contumelia,
2746 2597 2806 2653 in
2829 2598 3082 2668 gratiam
3110 2599 3468 2666 Judasorum,
3501 2601 3587 2673 ip-

1933 2701 2066 2739 sum
2097 2685 2356 2740 volentes
2407 2685 2658 2740 afﬁcere.

2002 2773 2162 2826 Vers.
2197 2773 2289 2828 34.
2327 2773 2446 2828 Sed
2474 2805 2541 2814 —
2571 2789 2750 2845 aqua.
2784 2775 2894 2830 Res
2939 2791 3124 2847 supra
3164 2782 3466 2842 naturam,
3516 2795 3587 2835 ac

1932 2861 2244 2916 manifeste
2271 2862 2492 2916 docens
2523 2863 2686 2934 quod
2728 2865 2921 2934 major
2969 2882 3150 2936 quam
3197 2867 3379 2922 homo
3409 2875 3585 2933 esset,

1932 2950 2035 3022 qui
2052 2951 2241 3006 fuerat
2263 2952 2642 3018 vulneratus;
2669 2953 2965 3024 siquidem
2992 2970 3028 3010 a
3057 2960 3291 3010 mortuo
3317 2956 3586 3022 homine,

1932 3039 2163 3094 etiamsi
2220 3040 2428 3095 millies
2480 3041 2614 3112 quis
2664 3057 2801 3096 eum
2862 3043 3202 3114 pupugerit,
3231 3061 3352 3100 non
3407 3046 3590 3101 exibit

1861 3162 1900 3218 Ο
1935 3130 2192 3197 sanguis.
2226 3129 2463 3184 Foditur
2495 3132 2696 3202 itaque
2747 3131 2953 3187 lancea
2993 3132 3050 3186 in
3086 3133 3260 3188 latere
3293 3134 3584 3200 Salvator,

1933 3218 2074 3288 quia
2103 3225 2344 3288 peccato
2386 3223 2759 3274 vulneratum
2791 3227 2876 3274 est
2916 3221 3070 3275 latus
3097 3222 3236 3276 Adae
3287 3239 3300 3277 :
3355 3223 3478 3278 sive
3528 3229 3590 3278 ut

1936 3307 2118 3361 Evam
2146 3310 2244 3376 (ac),
2276 3307 2472 3362 lateris
2504 3309 2593 3361 sui
2623 3308 2876 3372 vulnere,
2907 3324 2943 3364 a
2972 3309 3144 3380 plaga
3182 3310 3382 3366 lateris
3413 3327 3592 3367 sana-

1933 3400 2044 3451 ret.
2093 3395 2456 3464 Sanguinem
2486 3402 2683 3452 autem
2724 3403 2780 3452 et
2827 3413 3048 3469 aquam
3101 3399 3384 3454 scaturire
3427 3399 3588 3463 facit,

1935 3484 2057 3540 duo
2099 3483 2426 3554 designans
2481 3486 2886 3556 baptismata:
2921 3502 3111 3542 unum
3161 3487 3431 3558 quidem,
3486 3504 3590 3559 per

1938 3574 2247 3642 sanguinis
2276 3574 2361 3644 (ῃ)
2398 3574 2770 3646 martyrium,
2800 3574 3052 3630 alterum
3085 3591 3243 3643 vero,
3277 3593 3382 3649 per
3412 3592 3588 3649 aqua;

1935 3663 2444 3734 regenerationem
2486 3683 2497 3722 :
2559 3669 2738 3736 atque
2778 3664 2986 3719 horum
3033 3665 3198 3720 fluxu
3230 3665 3454 3738 peccati
3483 3665 3592 3722 flu-

1935 3768 2081 3806 xum
2120 3751 2433 3822 demergit.

2011 3840 2296 3895 Praeterea
2345 3846 2400 3896 et
2469 3840 2652 3896 aliter.
2710 3845 2856 3898 Nam
2897 3841 3051 3897 duos
3105 3843 3388 3899 scaturire
3445 3843 3589 3899 facit

1936 3929 2128 3985 fontes
2145 3946 2324 4000 :aqua
2336 3929 2579 4002 quidem
2593 3931 2916 4001 puriﬁcans
2931 3930 3271 3998 Ecclesiam,
3293 3933 3588 4002 sanguine

1937 4034 2074 4073 vero
2104 4034 2234 4073 eam
2257 4018 2579 4073 enutriens.
2607 4019 2916 4090 Siquidem
2945 4035 3050 4091 per
3072 4036 3299 4092 aquam
3331 4021 3593 4078 renasci-

1939 4123 2087 4171 mur,
2123 4124 2222 4178 per
2248 4107 2600 4178 sanguinem
2638 4114 2836 4162 autem
2885 4114 2940 4162 et
2969 4125 3214 4165 carnem
3259 4109 3585 4180 pascimur,

1937 4212 2066 4268 quae
2084 4196 2279 4250 divina
2301 4203 2436 4250 sunt
2457 4212 2526 4251 ac
2554 4197 2824 4267 mystica.
2857 4197 3058 4268 Itaque
3082 4214 3216 4252 cum
3248 4199 3320 4253 ad
3340 4204 3594 4254 tremen-

1937 4288 2082 4340 dum
2106 4287 2422 4340 accesseris
2449 4286 2752 4357 poculum,
2777 4286 3139 4356 persuadeto
3163 4287 3285 4353 tibi,
3322 4289 3488 4359 quod
3519 4303 3592 4344 ex

1940 4373 2248 4431 Dominico
2301 4374 2457 4429 bibis
2503 4374 2702 4440 latere,
2755 4380 2812 4430 et
2863 4390 2933 4429 eo
2983 4376 3165 4430 modo
3194 4376 3274 4431 sis
3307 4376 3583 4434 aﬂectus.

1862 4491 1905 4544 ι)
1938 4462 2159 4518 Deinde
2187 4461 2392 4518 volens
2418 4461 2767 4532 hujusmodi
2811 4463 3170 4518 conﬁrmare
3205 4463 3588 4535 miraculum,

1939 4553 2019 4608 ait
2059 4570 2072 4608 :

2010 4646 2171 4699 Vers.
2205 4647 2290 4698 35.
2318 4644 2383 4696 Et
2412 4671 2482 4682 —
2511 4640 2907 4697 testimonium
2943 4642 3269 4710 perhibuit.
3305 4643 3412 4708 Qui
3447 4641 3593 4699 vidit

1935 4733 2084 4798 haec,
2117 4731 2352 4804 scripsit
2375 4731 2510 4795 ista,
2543 4744 2664 4786 non
2689 4729 2856 4802 quod
2897 4730 2975 4787 ab
3028 4731 3234 4804 aliquo
3280 4730 3558 4790 audierit.

1470 5011 1696 5079 Variae
1727 5010 2054 5080 lectiones
2085 5016 2151 5077 et
2185 5017 2383 5076 notae.

323 5207 412 5266 74)
443 5215 544 5261 Τοῦ
571 5207 835 5261 Σαϐϐάτου
863 5206 1052 5261 ἐκείνου
1084 5207 1158 5266 Α.

323 5208 389 5264 74
443 5215 544 5261 Τοῦ
571 5208 835 5261 Σαϐϐάτου
863 5208 1052 5261 ἐκείνου
1084 5208 1158 5266 Α.

297 5208 412 5352 ίτὸξ
440 5281 569 5334 Ηερο
604 5287 843 5352 uterque
874 5283 1062 5336 codex
1087 5281 1147 5336 in
1180 5279 1471 5350 margine.
1505 5279 1824 5337 Hentenius

223 5367 345 5408 non
375 5353 665 5422 agnoscit.

295 5415 604 5495 (76)VAnte
634 5431 744 5489 τοῦ,
777 5419 954 5480 habet
985 5431 1075 5475 τοῦ
1108 5415 1165 5475 δὲ
1197 5427 1401 5499 πρώτου
1432 5424 1498 5478 Α.

296 5598 380 5672 (1')
420 5598 553 5656 Sive
574 5606 636 5654 ut
663 5599 873 5672 Evam,
903 5603 1012 5655 etc.
1038 5599 1169 5656 Sive
1203 5601 1405 5672 Evam,
1441 5601 1499 5654 ut
1530 5595 1744 5653 lateris.

294 5669 400 5742 ('y),
420 5674 536 5726 Per
561 5671 889 5741 sanguinis,
913 5676 1022 5726 etc.
1055 5672 1156 5725 Per
1177 5669 1530 5742 sanguinem
1554 5669 1819 5740 martyrii

223 5741 525 5822 (intelligo,
542 5742 1141 5821 baptisma),alterum
1157 5741 1410 5817 veroper
1422 5757 1645 5816 aquam
1657 5755 1818 5813 rege-

2009 5208 2095 5278 (Π
2163 5207 2294 5262 Haec
2336 5204 2560 5260 absunt
2595 5202 2662 5258 A.

2009 5206 2120 5349 (7οξ
2161 5275 2653 5349 Inclusaabsunt

2004 5275 2117 5350 (70)
2149 5275 2653 5350 inclusaabsunt
2709 5279 2774 5350 A_.

2003 5344 2116 5421 (79)
2147 5348 2267 5401 Ὀτι
2306 5346 2657 5403 addendum
2698 5344 2947 5400 videtur.

1927 5596 2300 5653 nerrationis.
2333 5597 2527 5668 Neque
2558 5609 2694 5668 vero
2736 5593 2953 5668 mirum
3001 5588 3592 5668 caademmartyrum

1923 5669 2042 5741 dici
2066 5670 2386 5741 baptisma,
2420 5664 2570 5741 cum
2621 5666 2883 5723 Christus
2933 5666 3060 5738 ipse
3087 5664 3170 5724 ita
3200 5665 3274 5722 de
3316 5681 3378 5723 se
3415 5664 3600 5722 dixe-

1923 5739 2016 5798 rit.
2060 5739 2190 5798 Luc.
2237 5757 2338 5809 xu,
2375 5739 2461 5797 50.
