4130 6320
592 352 615 413 1
628 358 732 413 475

1912 348 2261 409 EU'I‘HYMII
2294 346 2599 411 ZIGABEN
2606 358 2632 417 Ι

3850 356 3875 416 1
3884 358 3989 416 4ῖὸ

667 484 823 537 Vers.
862 485 950 537 35.
977 482 1054 535 Et
1085 511 1152 520 —
1198 479 1615 537 testimonium.
1646 480 1719 536 Ut
1743 479 1849 552 qui
1878 494 1951 536 ea
1973 479 2119 535 vidit
2169 478 2245 534 de

2425 486 2526 535 Καὶ
2553 512 2620 525 -ι
2644 488 2928 559 μαρτυρία.
2960 482 3048 546 Ὠς
3088 481 3289 547 ἰδόντος
3328 485 3393 536 τὰ
3421 489 3542 559 περὶ
3572 486 3644 537 ὧν
3686 494 3986 561 μαρτυρεῖ,

592 571 813 645 quibus
829 574 1097 634 testatur,
1119 573 1175 626 et
1195 571 1554 643 praesentim,
1575 570 1682 643 qui
1707 570 1782 625 de
1806 569 2072 639 magistri
2105 571 2241 626 scri-

594 660 680 717 bit
708 659 1087 716 contumelia.
1124 662 1269 715 Nam
1302 659 1650 715 cortumelia
1681 664 1808 715 erat
1831 658 2033 715 lateris
2075 674 2243 732 aper-

594 751 695 816 tio,
712 765 1066 823 quanquam
1085 750 1160 805 ad
1176 750 1333 805 hanc
1354 754 1621 804 secutum
1636 748 1708 805 sit
1723 748 2098 805 miraculum.

666 839 832 894 Vers.
881 838 971 894 35.
1027 839 1105 894 Et
1148 839 1247 894 ille
1297 838 1478 894 dicat.
1542 840 1751 893 Exacte
1804 853 1930 893 rem
1986 837 2247 902 novit,ut

593 927 698 1000 qui
732 932 871 983 tunc
914 943 1180 999 praesens
1222 926 1394 982 fuerit
1436 931 1491 983 et
1517 925 1746 991 viderit,
1791 925 2025 981 etiamsi
2055 925 2244 981 Judaei

594 1031 734 1073 eum
765 1017 999 1073 mentiri
1030 1016 1331 1087 objiciant,

667 1105 830 1161 Vers.
863 1110 952 1162 35.
984 1105 1101 1163 Sed
1132 1137 1186 1147 —
1219 1105 1493 1162 credatis.
1549 1105 1662 1161 Sed
1706 1104 1834 1161 haec
1878 1104 2131 1177 scripsit,
2177 1107 2245 1160 ut

594 1211 720 1261 vos,
747 1196 853 1268 qui
882 1194 1093 1251 ﬁdeles
1123 1194 1286 1259 estis,
1315 1195 1495 1250 etiam
1521 1194 1596 1249 de
1623 1194 1738 1249 hoc
1763 1193 2036 1249 credatis.

668 1284 833 1340 Vers.
883 1286 972 1339 36.
1020 1284 1202 1339 Facta
1247 1286 1381 1338 sunt
1425 1313 1493 1322 —
1531 1283 1940 1353 compieretur.
1998 1282 2141 1348 Quae
2183 1281 2243 1337 in

593 1371 850 1429 Mosaica
871 1371 1001 1442 lege
1029 1372 1248 1444 scripta
1276 1375 1382 1437 est,
1411 1375 1468 1426 et
1496 1370 1577 1426 ait
1618 1387 1636 1426 :

670 1460 833 1518 Vers.
869 1465 957 1518 36.
991 1461 1064 1517 0s
1092 1492 1158 1502 —
1182 1476 1266 1518 eo.
1302 1463 1449 1516 Nam
1478 1460 1608 1516 licet
1636 1460 1712 1515 de
1740 1459 2060 1530 ﬁgurativo
2088 1475 2245 1532 agno

593 1551 880 1623 scriptum
906 1566 1037 1606 esse
1080 1550 1373 1617 videatur,
1414 1549 1490 1605 de
1540 1565 1679 1605 vero
1709 1555 1913 1606 tamen
1959 1552 2243 1623 scriptum

592 1646 738 1707 erat,
766 1640 1146 1712 prmsignans
1182 1639 1242 1695 id
1272 1638 1437 1712 quod
1477 1654 1638 1695 nunc
1669 1638 1891 1695 factum
1920 1645 2028 1696 est.

665 1731 827 1786 Vers.
857 1734 943 1787 37.
974 1729 1343 1800 Rursumque
1382 1761 1446 1770 —
1476 1728 1622 1785 dicit
1661 1727 2031 1801 Prophetica.

2352 576 2442 622 καὶ
2490 574 2555 632 ὡς
2596 577 2996 647 προηγουμένως
3046 578 3162 647 περὶ
3218 572 3413 646 ὕϐρεως
3468 582 3562 626 τοῦ
3618 572 3985 627 διδασκάλοιν

2351 662 2655 734 γράφοντος.
2684 660 2863 735 Ὕϐρις
2889 664 2991 736 γὰρ
3030 664 3060 720 ἡ
3103 662 3245 726 νύξις
3272 670 3366 724 τῆς
3407 662 3639 738 πλευρᾶς
3693 664 3899 729 αὐτοῦ,
3944 664 3983 716 εἰ

2352 754 2442 801 καὶ
2474 751 2649 821 θαῦμα
2676 753 2839 824 ταύτῃ
2873 750 3278 810 ἐπηκολούθησε.

2427 838 2666 899 Κὰκιῐνος
2704 871 2772 880 -
2800 840 2954 911 λέγει.
2998 840 3273 916 [Ἄκριϐῶς
3308 849 3459 894 τοῦτο
3671 839 3858 907 οἶδεν,
3902 842 3985 895 οἶα

2354 932 2529 1001 παρὼν
2557 932 2695 994 τότε,
2725 932 2815 981 καὶ
2842 930 2994 1003 ὁρῶν,
3022 929 3063 982 εἰ
3092 934 3181 981 καὶ
3208 926 3457 983 Ἰουδαῖοι
3480 928 3624 1002 ψεύδ
3626 934 3798 984 εσθαι
3824 932 3983 983 αὐτὸν

2354 1016 2691 1088 ἐνίστανται]

2425 1104 2559 1157 Ἀλλ’
2582 1136 2651 1147 -
2667 1109 3006 1165 πιστεύσητε.
3030 1106 3187 1161 Ἀλλὰ
3200 1115 3368 1161 ταῦτα
3388 1112 3671 1181 ’γέ-γραφη,
3694 1110 3790 1161 ἱνα
3806 1111 3975 1182 ὑμεῖς,

2353 1195 2404 1246 οἱ
2427 1199 2631 1264 πιστοὶ,
2655 1198 2975 1256 πιστεύσητε
3002 1202 3094 1250 καὶ
3113 1202 3233 1270 περί
3263 1201 3468 1252 τούτου.

2425 1283 2651 1355 Ἐγένετο
2680 1316 2748 1324 -
2790 1285 3062 1359 πληρωθνι
3115 1285 3194 1357 [Η
3233 1290 3565 1360 meum“
3616 1288 3749 1360 (8|)
3804 1286 3860 1340 εν
3910 1297 3983 1357 τῷ

2352 1378 2621 1444 Μωσαῐκῷ
2649 1377 2809 1446 νόμῳ,
2849 1379 2939 1427 καὶ
2956 1373 3231 1449 λέγουσα·]

2423 1463 2644 1515 Ὀστοῦν
2683 1494 2743 1504 -
2763 1462 2943 1516 αὐτοῦ.
2973 1464 3030 1517 Εἰ
3057 1466 3158 1539 γὰρ
3176 1468 3265 1517 καὶ
3284 1467 3401 1537 περὶ
3422 1471 3513 1517 τοῦ
3536 1472 3783 1518 τυπικοῦ
3816 1465 3983 1539 ἀμνοῦ

2353 1547 2524 1604 ἕδόκει
2567 1553 2881 1625 γετῴφθαι,
2927 1551 3058 1605 ἀλλὰ
3100 1558 3339 1629 περὶτοῦ
3369 1552 3616 1611 ἀληθινοῦ
3650 1557 3981 1629 ἐγέγραπτο,

2351 1637 2696 1715 προδηλοῡσα
2717 1645 2774 1694 τὸ
2803 1646 3139 1715 γεγενημένον
3166 1651 3274 1697 νῦν.

2427 1735 2527 1783 Καὶ
2556 1730 2709 1784 πάλιν
2738 1763 2806 1772 -
2828 1731 2981 1804 λέγει.
3014 1737 3334 1807 Προφητική.

661 1821 704 1891 -ι-
744 1819 1065 1875 Verisimile
1094 1825 1200 1884 est,
1229 1818 1455 1874 dictum
1485 1819 1600 1875 hoc
1648 1833 1684 1874 a
1719 1817 1938 1874 Iudaeis
1987 1819 2241 1891 ejectum

2428 1819 2598 1891 [Εἰκὸς
2651 1820 2760 1892 (82)
2816 1817 2874 1874 δὲ
2923 1826 3071 1873 τουτὶ
3120 1824 3178 1873 τὸ
3235 1821 3393 1897 ῥητὸν
3458 1820 3799 1881 ἐκϐληθῆναι
3860 1824 3984 1897 παρ’

592 1924 727 1966 esse
751 1915 885 1982 post
911 1908 1290 1980 praedicatum
1318 1908 1703 1977 Evangelium
1728 1930 1740 1963 :
1771 1908 2065 1980 siquidem
2084 1923 2246 1964 nunc

593 2014 890 2070 nusquam
924 1998 1262 2053 invenitur:
1310 2003 1413 2052 aut
1439 1996 1617 2052 aliam
1661 1995 1805 2051 dicit
1853 1996 2242 2069 Scripturam,

593 2087 881 2143 librorum
922 2087 1023 2158 qui
1054 2085 1384 2158 apocrypbi
1411 2092 1745 2141 censentur.

666 2177 827 2231 Vers.
886 2175 973 2230 37.
1045 2174 1332 2230 Videbunt
1386 2205 1456 2215 —
1498 2182 1897 2243 pupugerunt,
1944 2172 2246 2230 Videbunt

594 2265 795 2337 ipsum
810 2263 883 2319 de
896 2262 1046 2319 cmlo
1061 2263 1479 2318 descendetem
1494 2263 1551 2318 in
1567 2263 1663 2317 die
1681 2263 1903 2333 iudicii.
1937 2263 2242 2329 Videbunt,

594 2353 811 2426 inquit,
844 2352 1063 2408 Filium
1098 2352 1350 2408 hominis
1382 2352 1693 2409 venientem
1737 2354 1799 2409 in
1826 2351 2082 2409 nubibus
2110 2352 2248 2409 ca'li

593 2458 725 2501 cum
749 2447 1034 2512 potestate
1063 2448 1114 2499 et
1146 2442 1345 2513 gloria
1372 2447 1568 2498 mutta
1599 2442 1668 2497 ⁸⁷.

737 2619 888 2676 CAP.
921 2619 1104 2676 XVIII.
1125 2620 1210 2676 De
1220 2618 1510 2689 petitione
1525 2621 1790 2691 corporis
1810 2619 2064 2677 Domini.

668 2799 828 2857 Vers.
845 2803 932 2856 38.
952 2800 1089 2856 Post
1110 2799 1233 2855 hac
1248 2800 1467 2855 —Jesu
1497 2797 1650 2869 Lege
1663 2815 1797 2871 quae
1813 2804 1951 2855 sunt
1970 2804 2247 2857 enarrata

596 2889 656 2946 in
677 2889 795 2945 ﬁne
812 2888 1250 2961 prtememorati
1273 2888 1625 2959 sexagesimi
1649 2889 1883 2960 septimi
1906 2888 2247 2961 capitis,ubi

595 2977 852 3035 habetur
885 2978 1066 3036 :Cum
1087 2991 1282 3033 serum
1306 2984 1503 3033 autem
1525 2977 1752 3045 factum
1768 2984 1927 3044 esset,
1957 2978 2113 3035 venit
2148 2979 2248 3035 Ito-

594 3081 690 3122 mo
720 3065 881 3123 dives
904 3065 976 3121 ab
1000 3065 1369 3121 Arimathaea
1391 3065 1622 3121 nomine
1644 3065 1844 3137 Ioseph
1866 3066 1935 3122 ⁸⁸.

668 3246 832 3301 Vers.
873 3244 961 3301 38.
990 3246 1067 3300 Et
1099 3276 1151 3286 -
1185 3244 1342 3299 Vers.
1397 3244 1484 3299 40.
1533 3244 1791 3314 sepelire.
1866 3245 2249 3316 Sexagesimo

597 3335 791 3409 capite
808 3333 1112 3405 Evangelii
1133 3332 1464 3389 secundum
1493 3333 1829 3389 Matthaaum
1855 3349 1956 3407 per
1981 3335 2249 3391 ordinem

597 3424 673 3481 de
691 3423 781 3479 bis
807 3425 987 3481 etiam
1006 3424 1276 3479 omnibus
1294 3421 1582 3479 invenies.
1603 3424 1916 3488 Quamado
1934 3430 2136 3480 autem
2155 3423 2254 3480 Ni-

600 3512 891 3569 codemus
924 3511 1145 3568 venerit
1171 3511 1249 3567 ad
1272 3512 1475 3567 Iesum
1508 3518 1702 3579 nocte,
1731 3511 1961 3568 dictum
1983 3517 2067 3568 est
2080 3514 2253 3570 tertio

600 3604 799 3675 capite
837 3600 1149 3675 praesentis
1189 3599 1510 3670 Evangelii.

672 3691 1034 3762 +lmitemur
1063 3688 1326 3745 nobilem
1356 3689 1517 3745 hunc
1545 3693 1903 3755 senatorem,
1937 3705 2042 3747 seu
2068 3689 2254 3746 consi-

598 3779 844 3836 liarium
884 3780 980 3852 (z),
1014 3778 1242 3835 nobilia
1263 3778 1640 3835 consulentes
1670 3796 1741 3836 ac
1773 3779 2159 3836 decernentes
2178 3780 2253 3835 de

601 3869 894 3925 Dominici
928 3868 1192 3941 corporis
1233 3869 1674 3941 participatione
1717 3887 1731 3924 :
1764 3874 1819 3925 et
1857 3868 2118 3942 pretiose
2149 3884 2255 3924 un-

601 3963 805 4029 gentes
836 3958 1004 4015 suavi
1044 3959 1326 4014 virtutum
1358 3957 1562 4023 odore,
1591 3958 1902 4014 mundade
1944 3957 2252 4015 conscien-

600 4047 691 4103 tiae
710 4047 963 4105 sindone
983 4047 1127 4104 illud
1146 4046 1535 4116 involventes,
1551 4063 1621 4102 ac
1639 4048 1835 4103 cordis
1861 4053 2254 4103 monumento

601 4152 762 4195 novo
796 4138 1081 4211 omnique
1108 4135 1492 4192 immunditia
1523 4135 1853 4209 puriﬁcato,
1881 4135 2252 4209 sepelientes.

675 4316 842 4372 Vers.
891 4316 981 4372 41.
1038 4316 1189 4372 Erat
1241 4345 1310 4355 —
1355 4316 1512 4369 Vers.
1562 4317 1651 4370 40.
1705 4315 1917 4372 Jesum.
1972 4314 2257 4372 Prasdicto

2356 1903 2629 1959 Ἰουδαίων
2657 1910 2789 1980 μετὰ
2807 1912 2865 1960 τὸ
2895 1908 3224 1979 Εὐαγγὲλιον.
3245 1905 3498 1981 Οὖδαμοῦ
3521 1912 3627 1982 γὰρ
3661 1911 3985 1981 εὑρίσκεται

2352 2003 2440 2047 νῦν
2472 1997 2585 2067 (83)
2624 2018 2638 2030 ’
2670 1999 2700 2054 ἦ
2731 1996 2903 2073 ἑτέραν
2934 2001 3140 2070 Γραφὴν
3170 1997 3324 2068 λέγει,
3350 2006 3449 2050 τῶν
3473 1997 3774 2070 λεγομένων
3808 1999 3980 2052 ἀποκ-

2352 2087 2524 2159 ρύφων
2551 2083 2789 2157 βίϐλων]

2423 2173 2682 2245 Ὄψονται
2708 2207 2766 2217 -
2795 2174 3020 2239 ἐξεκέντη
3032 2196 3147 2230 σαν.
3172 2176 3428 2248 Ὄψονται
3452 2177 3608 2228 αὐτὸν
3652 2176 3715 2240 ἐξ
3742 2178 3978 2250 οὐρανοῦ

2353 2270 2728 2337 κατερχόμενον
2772 2262 2820 2316 ἓν
2872 2273 2934 2337 τῇ
2987 2267 3157 2339 ἡμέρᾳ
3210 2273 3298 2326 τῆς
3353 2269 3571 2340 κρίσεως
3601 2287 3613 2297 ·
3675 2265 3977 2338 Γοψοντιι

2356 2353 2468 2425 (84)
2494 2356 2618 2425 γὰρ,
2659 2358 2809 2426 φησὶ,
2836 2357 2923 2406 τὸν
2961 2356 3080 2407 Υἱὸν
3123 2362 3215 2407 τοῦ
3247 2353 3513 2427 ἀνθρώπου
3546 2353 3858 2429 ἐρχόμενον
3901 2356 3979 2407 ἐπὶ

2354 2451 2453 2493 τῶν
2495 2442 2705 2515 νεφελῶν
2761 2450 2853 2495 τοῦ
2895 2442 3112 2516 οὐρανοῦ
3158 2446 3292 2517 μετὰ
3337 2439 3605 2516 δυνάμεως
3657 2449 3755 2496 καὶ
3819 2441 3981 2508 δόξης

2354 2531 2513 2591 πολλῆ
2520 2552 2561 2592 ς.

2357 2531 2561 2592 πολλῆς.

2357 2628 2505 2677 ΚΕΦ.
2567 2530 2709 2677 ]ΙΙΙ’.
2791 2625 2917 2696 Περὶ
2999 2629 3089 2683 τῆς
3175 2620 3426 2682 αἰτήσεως
3508 2628 3601 2674 τοῦ
3692 2628 3979 2698 Κυριακοῦ

3023 2716 3283 2783 σώματος.

2426 2799 2571 2854 Μιτὰ
2621 2806 2788 2852 ταῦτα
2840 2830 2907 2840 -
2966 2799 3163 2857 Ἰησοῦ.
3215 2829 3284 2839 -
3340 2799 3613 2872 Ἠρὼτησε
3665 2799 3792 2871 (85)
3852 2802 3976 2875 παρ’

2356 2888 2610 2944 εκάλεσεν.
2656 2888 2942 2960 ’Δνοίγνωθι
2987 2891 3053 2941 τὰ
3104 2887 3419 2958 ἓξηγηθέντα
3452 2885 3501 2939 ἓν
3548 2895 3619 2958 τῷ
3680 2888 3827 2943 τέλει
3885 2899 3976 2943 τοῦ

2356 2980 2892 3052 προμνημονευθέντος
2992 2978 3273 3041 ἑξηκοστοῦ
3357 2973 3581 3049 ἑϐδόμου
3676 2978 3973 3050 κεφαλαίου

2356 3069 2475 3120 ἔνθα
2516 3072 2575 3120 τό
2609 3083 2621 3095 ·
2668 3066 2856 3138 Ὀψίας
2899 3065 3010 3139 (86)
3057 3062 3116 3119 δί
3147 3070 3440 3139 γενομένης,
3490 3062 3639 3124 ἦλθεν
3693 3068 3973 3140 ἄνθρωπος

2356 3156 2603 3219 πλούσιος
2633 3155 2734 3209 ἀπὸ
2759 3156 3100 3231 Ἀριμαθαίας
3130 3154 3572 3227 ὀνόματιἺωσήφ.

2432 3250 2532 3299 Καὶ
2581 3277 2650 3287 -
2705 3244 3043 3318 ἐνταφιάζειν.
3098 3243 3181 3297 Ἐν
3233 3252 3307 3315 τῷ
3346 3243 3607 3313 ἑξηκοστῷ
3663 3240 3859 3317 ὀγδόῳ
3900 3265 3979 3298 κε-

2362 3334 2561 3408 φαλαίῳ
2592 3342 2684 3388 τοῦ
2713 3336 2849 3387 κατὰ
2890 3335 3153 3390 Ματθαῖον
3209 3332 3426 3395 καθεξῆς
3466 3336 3555 3384 καὶ
3593 3337 3717 3407 περὶ
3772 3337 3979 3386 τούτων

2360 3426 2565 3478 πάντων
2609 3425 2856 3498 εὑρήσεις.
2902 3427 3031 3476 Πότε
3061 3419 3120 3475 δέ
3159 3423 3184 3474 ὁ
3214 3418 3517 3494 Νικόδημος
3546 3417 3672 3479 ἦλθε
3714 3426 3859 3496 πρὸς
3890 3428 3979 3476 τὸν

2364 3516 2594 3587 Χριστὸν
2624 3515 2824 3579 νυκτὸς,
2858 3514 3061 3585 εἴρηται
3109 3510 3157 3563 ἓν
3218 3519 3291 3582 τῷ
3343 3516 3498 3585 τρίτῳ
3551 3509 3823 3583 κεφαλαίῳ
3884 3520 3978 3565 τοῦ

2361 3606 2615 3674 παρόντος
2641 3600 3023 3673 εὐαγγελιστοῦ.

2433 3690 2828 3764 [Μιμησώμεθα
3090 3692 3177 3742 τὸν
3260 3688 3569 3761 εὐσχήμονα
3650 3686 3968 3761 βουλευτὴν,

2363 3779 2711 3853 εὸσχημόνως
2771 3777 3133 3852 βουλευόμενοι
3174 3783 3292 3853 περὶ
3343 3785 3433 3840 τῆς
3489 3776 3840 3849 μεταλήψεως
3887 3786 3971 3831 τσῦ

2364 3876 2680 3923 Δεσποτικοῦ
2770 3873 3028 3940 σώματος,
3122 3872 3212 3920 καὶ
3303 3866 3602 3942 μυρίζοντες
3691 3866 3967 3941 φιλοτίμως

2364 3946 2482 4022 ταῖς
2511 3957 2611 4011 ἀπὸ
2657 3966 2755 4010 τῶν
2805 3955 2995 4032 ἀρετῶν
3044 3954 3308 4022 εὐωδίαις,
3356 3959 3444 4009 καὶ
3505 3957 3714 4028 καθαρᾷ
3764 3955 3965 4011 σινδόνι

2370 4045 2710 4107 συνειδήσεως
2786 4045 3071 4107 ἐλίσσοντες
3147 4044 3295 4112 αὐτὸ,
3372 4049 3461 4097 καὶ
3502 4052 3663 4115 καινῷ
3731 4053 3970 4118 μνήματι

2364 4134 2592 4211 καρδίας
2620 4141 2710 4189 καὶ
2747 4138 2924 4196 πάσης
2962 4134 3289 4211 ἀκαθαρσίας
3329 4132 3704 4207 ἀπηλλαγμένῳ
3732 4133 3972 4189 ivnon-

2371 4225 2609 4298 θέμενοι]

2437 4314 2534 4367 Ἦν
2595 4346 2662 4355 -
2711 4314 2937 4373 Ἰησοῦν.
2998 4315 3081 4365 Ἐν
3132 4319 3202 4383 τῷ
3280 4313 3487 4387 ῥηθέντι
3558 4310 3825 4384 κεφαλαίῳ
3880 4322 3969 4367 τοῦ

606 4406 801 4479 capite
832 4404 1133 4474 Evangelii
1157 4403 1329 4475 juxta
1358 4402 1695 4460 Mattbmum
1735 4403 1810 4459 de
1858 4405 1971 4461 hoc
2018 4420 2249 4478 quoque

2372 4405 2502 4456 κατὰ
2559 4405 2828 4457 Ματθαῐον
2878 4405 2968 4455 καὶ
3009 4406 3128 4477 περὶ
3162 4403 3345 4454 τούτου
3406 4403 3700 4476 ἱστόρηται.
3763 4402 3967 4472 [Ἐϐού-

607 4495 893 4567 scriptum
923 4499 1032 4551 est.
1063 4492 1352 4550 Volebant
1380 4492 1581 4564 itaque
1611 4491 1768 4550 hunc
1788 4493 1849 4549 in
1880 4493 1997 4551 alio
2025 4493 2256 4566 dignio-

2366 4493 2511 4546 λοντο
2552 4496 2642 4566 μὲν
2694 4495 2807 4564 (88)
2861 4487 2948 4544 οὖν
3001 4489 3049 4543 ἓν
3106 4490 3257 4565 ἑτέρῳ
3298 4489 3681 4567 ἁξιολογωτέρῳ
3732 4495 3962 4564 μνημείῳ

644 4701 723 4787 ,⁸⁷
767 4698 964 4758 Matth.
1003 4713 1165 4768 niv,
1206 4702 1296 4755 30.
1415 4698 1462 4734 ⁸³
1493 4698 1697 4756 Matth.
1724 4714 1905 4767 xxvn,
1933 4704 2024 4758 57.

1842 4877 2062 4948 Variae
2091 4878 2420 4948 lectiones
2452 4889 2520 4947 et
2542 4889 2745 4948 notae.

2372 5091 2448 5134 ea:
2469 5075 2724 5134 Hebraeo
2754 5072 3150 5133 translatione
3175 5073 3492 5132 Zachariae
3515 5070 3879 5132 duodecimo.

2470 5149 2557 5204 84)
2587 5147 2819 5203 Inclusa
2843 5147 3065 5204 absunt
3094 5148 3162 5201 Α.

707 5074 801 5133 80)
839 5073 1075 5131 Inclusa
1111 5072 1336 5130 absunt
1371 5075 1447 5133 A.

707 5077 775 5132 80
839 5075 1075 5131 Inclusa
1111 5075 1336 5130 absunt
1371 5075 1447 5133 A.

709 5146 767 5202 81
843 5148 1032 5201 Etiam
1059 5145 1187 5202 haec
1218 5145 1440 5201 absunt
1462 5147 1531 5201 Α.

713 5218 779 5273 82
847 5218 982 5273 Haec
1014 5222 1259 5288 uterque
1296 5217 1358 5272 in
1396 5232 1530 5272 mar

712 5223 806 5361 83;
840 5294 987 5345 Ante
1025 5292 1079 5360 ᾔ,
1112 5288 1187 5343 de
1207 5303 1317 5361 suo
1340 5288 1531 5361 interp

713 5214 806 5288 82)
847 5218 982 5273 Haec
1014 5222 1259 5288 uterque
1296 5217 1358 5272 in
1396 5214 1671 5287 margine
1699 5216 1906 5273 habet.
2445 5214 2559 5288 (85)
2588 5219 2721 5275 Hac
2746 5219 2866 5274 duo
2890 5217 3183 5274 vocabula
3219 5216 3435 5274 omittit
3462 5215 3811 5273 Hentenius.

713 5223 779 5273 82
847 5223 982 5273 Haec
1014 5223 1259 5288 uterque
1296 5223 1358 5272 in
1396 5223 1671 5287 margine
1700 5223 1906 5273 habet.

712 5223 814 5416 83Ξ⁸
840 5294 987 5345 Ante
1025 5292 1079 5360 ᾔ,
1112 5288 1187 5343 de
1207 5303 1317 5343 suo
1340 5288 1691 5359 interposuit
1721 5288 2047 5345 Hentenius
2083 5288 2213 5346 haec
2243 5303 2249 5345 :

712 5361 764 5414 rit
819 5364 869 5416 ic
884 5375 1175 5416 nusauam
1199 5358 1463 5416 inveniri
1489 5359 1633 5416 auia
1655 5360 1697 5415 G
1719 5376 1866 5416 raece
1879 5362 2070 5416 solum
2094 5376 2242 5416 nove

2466 5223 2535 5274 85
2588 5223 2721 5275 Hac
2746 5223 2866 5274 duo
2890 5223 3183 5274 vocabula
3219 5223 3435 5274 omittit
3463 5223 3743 5273 Henteniu

2442 5223 2560 5416 ξὸϐξ
2595 5289 2780 5360 Ὀψίας
2808 5292 3100 5371 γενομένης,
3132 5289 3356 5370 caeteris
3380 5288 3640 5354 omissis,
3671 5291 3743 5342 Α.

2469 5362 2534 5415 87
2592 5363 2717 5416 Haec
2743 5366 2990 5416 uteraue
3019 5376 3081 5416 in
3106 5374 3398 5416 margine.

611 5360 764 5417 Dicit
780 5360 869 5417 hic
884 5375 1175 5433 nusquam
1199 5360 1463 5433 inveniri
1489 5360 1633 5433 quia
1655 5360 1701 5433 GV
1719 5376 1866 5416 raece
1879 5362 2070 5433 solum
2094 5376 2263 5433 nove-
2447 5360 2557 5433 (87)
2592 5363 2717 5433 Hae
2743 5360 2990 5433 uterque
3019 5361 3081 5417 in
3106 5360 3398 5433 margine.

2442 5146 2467 5503 Ξ

611 5439 711 5489 rat
740 5447 754 5497 ;
774 5447 948 5502 porro
967 5431 1029 5486 in
1048 5430 1248 5487 Graeca
1265 5431 1662 5487 translatione
1674 5432 2067 5502 Septuaginta
2090 5432 2267 5489 inter-

2472 5431 2563 5504 88)
2601 5431 2835 5490 Inclusa
2864 5431 3079 5489 absunt
3109 5432 3152 5486 A
3166 5475 3182 5489 .

611 5509 975 5573 pretumnon
1000 5502 1284 5572 habetur;
1307 5503 1548 5573 legimus
1580 5503 2022 5560 tamenittudin
2053 5504 2265 5561 Latina

685 5679 760 5759 _(z)
798 5677 1363 5759 geuconsitiarium.
1396 5679 1517 5759 Hoc
1545 5678 1680 5759 ideo
1711 5681 2148 5755 perspicuitatis
2178 5697 2363 5741 causa
2394 5681 2627 5742 addidit
2662 5682 2973 5759 interpres,
3014 5682 3179 5758 quod
3209 5697 3347 5740 mox
3386 5696 3457 5739 ex
3506 5681 3808 5741 vocabulo
3846 5682 3965 5759 βου-

614 5750 773 5805 hom
803 5747 1160 5823 Euthymius
1197 5756 1669 5824 argumentatur.
