4130 6320
230 307 370 366 1477

1258 298 1631 362 COMMENT.
1674 302 1742 358 IN
1783 295 2142 361 JOANNEM.
2183 335 2246 343 —
2283 304 2444 362 CAP.
2489 299 2606 360 XX.

3459 307 3599 363 1478

226 446 405 491 τοῦτον
454 437 614 488 θεῖναι
668 433 974 510 πορρωτέρω
1035 442 1129 493 τῆς
1185 432 1377 492 πόλεως
1445 449 1457 462 ·
1512 426 1603 482 διὰ
1653 427 1710 482 δὲ
1735 433 1828 488 τὴν

1960 443 2002 482 -e
2035 431 2448 496 monumento,
2479 429 2646 502 quod
2697 427 2933 499 longius
2958 444 2992 484 a
3051 429 3284 487 cintate
3313 430 3595 503 distabat,

229 530 564 599 παρασκευὴν
618 533 718 576 τῶν
778 521 1069 588 Ἰουδαίων,
1126 525 1287 592 ἤγουν
1341 525 1434 578 τὴν
1491 539 1825 592 παρατετηρη

230 620 384 686 μένην
416 617 539 686 πρὸς
570 613 789 685 ἑσπέραν
821 620 924 673 τοῖς
955 608 1256 672 Ἰουδαίοις,
1290 611 1371 661 ὅτε
1411 608 1504 660 οὐκ
1545 605 1605 666 ἦν
1631 610 1771 679 θέμις
1798 609 1825 665 ᾖ

231 702 538 777 πορρωτέρω
567 699 834 774 βαδίζειν,
878 703 905 760 ἦ
963 705 1038 753 ἔτι
1094 700 1408 774 ἐργάζεσθαι
1441 717 1453 730 ⁸
1499 703 1588 750 καὶ
1619 697 1827 768 μᾶλλον,

233 794 314 845 ὅτι
343 797 432 844 καὶ
479 796 536 843 τὸ
573 794 771 862 Πάσχα
817 795 931 843 τότε
983 788 1276 854 κατέλαϐεν,
1319 788 1384 847 εἰς
1432 790 1490 838 τό
1538 786 1831 845 πλησιάζον

235 884 423 939 ἔθηκαν
462 881 637 947 αὐτὸν,
678 890 772 941 τῆς
834 881 971 941 θείας
1001 883 1244 951 προνοίας
1284 877 1448 938 οὕτως
1478 875 1829 947 οἰκονομησά-

238 990 355 1034 σης,
389 972 470 1021 ἶνα
507 975 596 1022 καὶ
624 971 679 1021 αἱ
708 971 998 1042 μαθήτριαι
1026 970 1333 1040 θεωρησωσι
1358 973 1458 1017 ποῦ
1494 966 1712 1029 τίθεται,
1742 969 1832 1015 καὶ

233 1062 280 1111 οἱ
347 1061 575 1131 μαθηταὶ
638 1055 889 1110 δύνωνται
917 1056 1262 1130 ἀπέρχεσθαι,
1295 1052 1387 1107 διὰ
1417 1059 1508 1112 τὴν
1548 1053 1827 1125 ἐγγύτητα,

231 1152 320 1200 καὶ
350 1150 574 1200 θεαθῶσι
592 1149 657 1200 τὰ
685 1150 816 1220 μετὰ
841 1155 994 1199 τοῦτο
1034 1145 1510 1220 τερατουργηθέντα
1537 1141 1640 1194 ἐκεῖ
1666 1146 1831 1216 παρά-

236 1234 415 1310 δοξα.]

301 1333 374 1398 Τῇ
406 1323 465 1378 δὲ
517 1332 613 1398 μιᾷ
669 1334 766 1378 των
827 1323 1119 1376 Σαϐϐάτων.
1154 1322 1283 1395 [Ἐν
1339 1331 1411 1392 τῷ
1441 1321 1678 1392 λεχθέντι
1713 1320 1830 1390 (89)

1093 1413 1219 1484 Ὀψὲ
1277 1410 1550 1463 Σαϐϐάτων
1606 1417 1666 1482 τῇ
1724 1407 1832 1460 ἐπι-

1233 1499 1492 1572 ἀνάγνωθι
1539 1501 1604 1551 τὰ.
1647 1497 1830 1568 ἐξηγη-

231 1416 510 1488 κεφαλαίῳ,
553 1418 673 1468 ἔνθα
719 1422 887 1466 κεῖται
949 1418 1007 1465 τό
1043 1430 1054 1442 ’

233 1507 513 1577 φωσκούσῇ
567 1504 633 1564 εἰς
671 1508 795 1577 μίαν
850 1502 1123 1555 Σαϐϐάτων
1167 1518 1179 1531 ·

237 1596 400 1647 θέντα.
431 1596 450 1661 ]

307 1685 484 1754 Μαρία
516 1713 578 1722 -
611 1681 783 1736 αὐτόν.
837 1679 1113 1734 Κάνταῦθα
1160 1682 1226 1731 τὰ
1276 1682 1366 1750 μὲν
1414 1682 1531 1750 περὶ
1596 1685 1694 1728 τῶν
1739 1675 1832 1727 οἴλ-

1943 516 2229 573 collocare
2257 540 2267 568 :
2293 519 2395 572 sed
2425 524 2664 589 propter
2688 517 3056 573 Parasceven
3084 521 3108 573 ,1
3119 519 3440 588 udaeorum,
3464 537 3600 593 quae

1942 605 2214 661 videlicet
2243 623 2278 662 a
2307 606 2526 662 Judmis
2547 606 2625 661 ad
2665 622 2977 678 vesperam
3004 609 3451 676 observabatur,
3475 626 3599 683 quo

1943 699 2200 766 tempore
2230 695 2321 750 fas
2349 711 2469 750 non
2509 701 2632 750 erat
2679 699 2784 750 aut
2829 695 3068 765 longius
3117 697 3449 764 ambulare,
3498 705 3602 756 aut

1944 784 2204 855 amplius
2225 784 2475 856 operari,
2503 785 2696 854 magis
2725 790 2920 840 autem
2945 785 3086 856 quia
3107 792 3162 840 et
3183 787 3409 842 Pascha
3425 787 3602 844 adve-

1943 880 2108 929 nerat
2125 873 2184 928 in
2205 874 2545 945 propinquo
2563 877 2897 945 posuerunt
2917 891 3073 938 eum,
3094 875 3295 931 divina
3314 878 3504 948 gratia
3519 877 3600 934 ita

1943 961 2347 1034 dispensante,
2379 969 2440 1018 ut
2463 962 2770 1035 discipulte
2804 963 3215 1035 conspicerent
3234 965 3331 1020 ubi
3354 982 3602 1038 ponere-

1943 1056 2037 1107 tur
2092 1059 2148 1107 et
2194 1051 2470 1124 discipuli
2509 1057 2754 1123 possent
2801 1059 3045 1125 propter
3088 1055 3598 1127 propinquitatem

1942 1140 2257 1212 proﬁcisci,
2292 1157 2362 1197 ac
2402 1141 2666 1197 viderent
2693 1158 2822 1214 qua
2855 1144 3244 1213 postmodum
3273 1143 3431 1201 facta
3462 1151 3601 1202 sunt

1942 1229 2250 1285 miracula.

2015 1321 2158 1390 Cap.
2182 1321 2280 1377 ΧΧ,
2304 1318 2469 1374 Vers.
2500 1324 2544 1373 l.
2570 1320 2696 1375 Uno
2718 1325 2912 1375 autem
2930 1319 3336 1378 Sabbatarum.
3365 1323 3429 1378 In
3452 1337 3601 1394 prte-

1941 1407 2100 1462 dicto
2126 1408 2315 1478 capite
2349 1408 2449 1464 ubi
2474 1407 2690 1462 dicitur
2721 1426 2733 1463 :
2804 1409 3054 1476 Vespera
3096 1418 3286 1468 autem
3319 1411 3601 1470 Sabbato-

1942 1512 2072 1550 rum
2089 1497 2156 1567 ⁸9,
2176 1511 2304 1568 qua:
2318 1497 2590 1554 luscescit
2607 1497 2667 1553 in
2687 1513 2867 1553 unum
2877 1499 3297 1556 Sabbatorum:
3318 1500 3448 1572 lege
3461 1517 3594 1574 quae

1942 1590 2079 1640 sunt
2102 1591 2406 1643 enarrata.

2012 1674 2176 1729 Vers.
2215 1680 2259 1730 t.
2292 1675 2547 1732 Mariam
2574 1708 2624 1718 —
2652 1677 2814 1731 Vers.
2839 1678 2892 1733 2.
2918 1692 3069 1733 eum.
3099 1679 3219 1734 Hoc
3239 1679 3420 1736 etiam
3444 1679 3597 1746 loco,

232 1771 328 1822 λων
377 1779 634 1842 γυναικῶν
680 1767 1031 1844 παρέδραμεν,
1092 1772 1160 1828 ὡς
1220 1768 1660 1840 προϊστορηθέντα
1721 1771 1831 1827 τοῖς

1960 1778 2076 1834 luce
2107 1764 2263 1819 circa
2311 1763 2460 1820 alias
2523 1764 2797 1820 mulieres
2851 1770 2984 1822 acta
3011 1772 3149 1822 sunt
3205 1769 3596 1838 praetermisit.

232 1859 406 1921 ἄλλοις
439 1877 450 1889 ·
489 1862 557 1912 τὰ
608 1856 666 1912 δε
695 1862 830 1910 κατὰ
878 1863 972 1915 τὴν
1028 1853 1381 1928 Μαγδαληνην
1426 1854 1700 1920 ἐκτίθεται,
1762 1857 1828 1916 ὡς

231 1949 435 2008 ἐκείνοις
509 1952 890 2012 σεσιωπημένα.
961 1951 1155 1999 Λοιπὸν
1208 1942 1294 1998 οὖν
1353 1944 1610 2016 ἀνάγνωθι
1654 1943 1701 1996 ἐν
1758 1952 1830 2014 τῷ

231 2040 480 2111 εἰρημένῳ
533 2041 789 2108 κεφαλαίῳ
836 2035 934 2088 ἀπὸ
974 2044 1063 2088 τοῦ
1091 2050 1104 2065 ⁸
1131 2035 1264 2105 Ὀψὲ
1312 2032 1585 2086 Σαϐϐάτων
1626 2041 1686 2090 τῆ
1721 2030 1829 2083 ἐπι-

230 2130 511 2201 φωσκούσῃ
550 2127 620 2186 εἰς
659 2131 782 2198 μίαν
814 2124 1104 2178 Σαϐϐάτων.
1130 2127 1264 2198 ἄχρι
1289 2131 1380 2176 τοῦ
1417 2140 1427 2152 ’
1464 2125 1529 2174 Οἱ
1560 2120 1619 2173 δῖε
1649 2117 1831 2173 ἕνδεκα

229 2219 463 2288 μαθηταὶ
514 2215 864 2288 ἐπορεύθησαν
906 2215 977 2275 εἰς
1014 2219 1106 2271 τὴν
1156 2213 1429 2265 Γαλιλαίαν
1478 2231 1488 2242 ·
1552 2215 1642 2262 καὶ
1689 2209 1830 2279 εὕρη-

232 2324 333 2365 σεις
360 2306 528 2356 πάντα
553 2307 689 2355 κατὰ
713 2303 862 2375 λόγον
890 2305 1268 2375 ἡρμηνευμένα,
1321 2306 1410 2354 καὶ
1432 2299 1679 2373 ἁρμονίαν
1707 2303 1830 2371 μίαν

227 2403 324 2446 τῶν
368 2396 635 2468 τεσσάρων
677 2393 1067 2465 εὖαγγελιστῶν,
1122 2397 1206 2444 καὶ
1255 2399 1407 2463 σῶμα
1451 2398 1544 2450 τῆς
1596 2391 1829 2463 ἱστορίας

233 2485 302 2535 ἓν.

300 2579 381 2642 Τῷ
408 2575 579 2643 [Ιέτρῳ
612 2568 670 2624 δὲ
699 2576 787 2623 καὶ
825 2580 895 2640 τῷ
925 2571 1126 2642 Ἰωάννη
1160 2566 1451 2640 διαλέγεται
1477 2569 1505 2626 η
1541 2563 1830 2638 Μαγδαλη-

229 2668 312 2726 νὴ,
354 2671 425 2732 τῷ
458 2665 546 2732 μὲν
572 2663 638 2721 ὡς
687 2665 972 2733 κορυφαίῳ,
1005 2668 1075 2729 τῷ
1099 2656 1158 2710 δὲ
1183 2661 1250 2718 ὡς
1277 2659 1612 2728 ἠγαπημένῳ,
1645 2660 1734 2706 και
1762 2657 1830 2715 ὡς

231 2752 400 2804 πλεῖον
425 2759 523 2802 τῶν
559 2751 721 2802 ἄλλων
761 2749 1007 2820 ἀγαπῶσι
1037 2751 1122 2800 τόν
1158 2751 1365 2822 Κύριον.
1421 2751 1521 2799 Καὶ
1542 2749 1642 2818 γὰρ
1684 2750 1831 2816 μόνοι

230 2843 396 2910 τούτῳ
436 2839 818 2905 ἠκολούθησαν,
879 2837 1184 2910 ἀπαγομένῳ
1217 2833 1418 2908 δεσμίῳ
1470 2838 1595 2908 πρὸς
1647 2833 1830 2886 Ἄνναν

236 2932 325 2980 καὶ
356 2930 613 2999 Καϊάφαν.

305 3106 542 3169 Ἐξῆλθεν
569 3138 638 3146 -
676 3113 942 3178 μνημεῖον.
979 3101 1181 3163 Μηδενὶ
1231 3107 1318 3177 μεν
1344 3112 1443 3155 τῶν
1471 3103 1633 3156 ἄλλων
1667 3099 1832 3175 μηδὲν
1865 3127 1903 3182 C

232 3197 472 3256 εἰπόντες,
499 3201 982 3268 καταφρονήσαντες
1006 3192 1064 3247 δὲ
1087 3199 1172 3246 καὶ
1206 3203 1304 3247 τῶν
1325 3190 1600 3247 Ἰουδαίων
1623 3198 1711 3245 καὶ
1736 3201 1833 3244 τῶν

228 3285 465 3358 φυλάκων
494 3286 592 3336 ὑπὸ
624 3287 960 3359 θερμότητος.

301 3373 549 3446 Ἶςζτρεχον
581 3405 650 3414 —-
676 3375 825 3446 ὁμοῦ.
853 3373 949 3446 [Τῇ
977 3375 1134 3444 ὁμοίᾳ
1165 3372 1278 3444 (90)
1305 3374 1584 3446 θερμότητι
1616 3369 1835 3442 ἁμιλλώ-

231 3482 396 3537 μενοι.
429 3461 450 3535 ]

308 3559 406 3605 Καὶ
437 3585 504 3593 -—
533 3560 798 3626 μνημεῖον.
831 3553 921 3612 έΩς
949 3549 1285 3626 ἀκμαιότερος
1314 3554 1398 3602 τὸν
1425 3555 1567 3604 τόνον
1597 3559 1693 3604 τοῦ
1736 3556 1836 3604 σώ-

232 3661 415 3714 ματος.

309 3735 408 3782 Καὶ
439 3759 490 3771 -
522 3730 714 3786 ὀθόνια.
740 3735 816 3784 Τὰ
855 3729 1087 3803 ἐντάφια,
1121 3734 1215 3788 την
1241 3727 1475 3785 σινδόνα.

305 3912 380 3963 Οὐ
410 3913 581 3984 μέντοι
622 3911 847 3969 εἰσῆλθε.
883 3911 1087 3984 Φρίξας,
1119 3912 1147 3970 ἦ
1183 3910 1474 3984 ἀρκεσθείς.

305 4089 562 4161 Ἔρχεται
592 4120 660 4130 -
683 4097 951 4161 μνημεῖον.
980 4093 1065 4147 Μὴ
1089 4085 1382 4154 δειλιάσας,
1412 4091 1495 4140 ἱνα
1525 4090 1583 4141 τὸ
1601 4096 1836 4160 τῆςπροε

231 4183 383 4253 τέρας
406 4176 598 4238 δειλίας
629 4177 985 4253 ἀποτρίψηται
1013 4178 1124 4249 (91)
1166 4177 1418 4248 ἔγκλημα,
1476 4178 1505 4236 ἦ
1541 4176 1833 4251 ἀκριϐέστε-

232 4287 318 4341 ρον
371 4266 644 4341 ἐρευνῆσαι
708 4266 1038 4340 βουλόμενος.
1122 4266 1364 4327 Ἰωάννης
1428 4270 1518 4338 μὲν
1582 4274 1654 4336 τῷ
1723 4267 1833 4336 (92)

230 4353 553 4430 προδραμεῖν
624 4375 634 4386 ·
685 4359 877 4428 Πέτρος
936 4352 995 4408 δε
1055 4363 1126 4426 τῷ
1180 4354 1420 4407 εἰσελθεῖν
1473 4355 1542 4416 εἰς
1594 4358 1653 4407 τό
1706 4375 1834 4428 μνη-

231 4452 393 4518 μεῖον.

305 4535 562 4604 [Ζήτης-ον
620 4537 728 4604 (93)
783 4537 873 4584 καὶ
903 4531 950 4584 ἐν
981 4539 1051 4602 τῷ
1083 4528 1428 4604 ὀγδοηκοστῷ
1475 4529 1700 4607 δευτέρῳ
1747 4553 1831 4586 κε-

1170 4621 1228 4672 Ὀ
1287 4618 1346 4674 δε
1371 4627 1560 4696 Πέτρος
1602 4622 1832 4686 ἀναστὰς

233 4709 452 4786 ἔδραμεν
502 4710 584 4762 ἐπὶ
647 4714 700 4763 τὸ
756 4718 1022 4783 μνημεῖον,
1076 4714 1166 4762 καὶ
1206 4708 1464 4782 ἀνάγνωθι
1523 4714 1589 4763 τὰ
1639 4711 1831 4784 ἐξηγη-

1858 4476 1904 4530 D

233 4623 430 4696 φαλαίῳ
459 4631 550 4674 τοῦ
607 4625 742 4673 κατὰ
787 4628 990 4674 Λουκᾶν
1015 4626 1070 4673 το
1109 4639 1121 4650 ·

305 4893 350 4927 ⁸9
379 4892 531 4947 Matt.
556 4905 753 4959 xxvm,
790 4889 836 4944 1.
952 4890 999 4924 9°
1031 4887 1173 4944 ibid.
1287 4890 1332 4925 ⁹¹
1368 4888 1508 4946 ibid.
1545 4893 1630 4948 16.

1943 1858 2232 1925 tanquam
2255 1854 2331 1908 ab
2356 1853 2482 1909 aliis
2498 1853 2657 1910 dicta
2681 1874 2692 1912 :
2712 1870 2849 1926 quae
2868 1871 3005 1910 vero
3024 1856 3217 1912 Mariae
3232 1857 3601 1927 Magdalenas

1941 1943 2286 1999 acciderunt
2325 1949 2524 2014 utpote
2577 1944 2654 1999 ab
2681 1943 2810 1999 aliis
2850 1944 3083 2000 silentio
3137 1947 3453 2016 prasterita,
3495 1962 3598 2002 ex-

1943 2038 2264 2104 ponuntur.
2291 2036 2436 2103 Lege
2468 2034 2669 2105 itaque
2703 2034 2989 2105 praedicto
3011 2036 3204 2108 capite
3224 2036 3301 2092 ab
3332 2052 3402 2093 eo
3431 2037 3597 2094 loco:

1951 2122 2196 2191 Vespera
2208 2129 2405 2178 autem
2425 2121 2878 2188 Sabbatorum”,
2903 2139 3031 2194 quae
3063 2126 3301 2182 lucescit
3327 2126 3390 2182 in
3420 2143 3602 2183 unum

1941 2211 2355 2281 Sabbatorum,
2370 2211 2688 2282 usquedum
2720 2211 2963 2268 dicitur:
2987 2213 3267 2270 Undecim
3289 2230 3423 2270 vero
3435 2215 3605 2272 disci-

1941 2301 2072 2369 puti
2081 2300 2341 2368 profecti
2358 2307 2494 2354 sunt
2517 2303 2578 2355 in
2613 2300 2922 2357 Galilaeam
2951 2303 2994 2337 οι
3019 2318 3030 2356 :
3061 2309 3117 2357 et
3148 2305 3354 2358 omnia
3379 2307 3456 2360 ad
3477 2321 3602 2360 ver-

1942 2389 2090 2443 bum
2104 2388 2422 2459 explanata
2437 2389 2715 2452 invenies,
2736 2406 2871 2444 eam
2885 2390 3139 2461 demque
3153 2397 3601 2460 quatuorevan-

1944 2477 2286 2547 gelistarum
2302 2478 2782 2543 consonantiam,
2799 2494 2869 2532 ac
2882 2495 3098 2550 corpus
3109 2479 3372 2535 historiae
3388 2497 3599 2537 unum.

2018 2567 2187 2620 Petro
2214 2571 2413 2620 autem
2452 2572 2508 2621 et
2547 2567 2759 2621 Joanni
2799 2564 3061 2639 loquitur
3091 2569 3471 2639 Magdalene:
3516 2553 3600 2627 illi

1944 2654 2209 2725 quidem,
2247 2657 2531 2724 tanquam
2553 2657 2823 2710 omnium
2844 2673 3104 2721 summo,
3130 2658 3266 2713 huic
3299 2675 3436 2715 vero
3465 2665 3595 2716 tan-

1944 2759 2131 2815 quam
2155 2742 2390 2809 dilecto,
2421 2750 2478 2799 et
2502 2743 2601 2814 qui
2643 2744 2903 2816 amplius
2959 2762 3144 2817 quam
3175 2749 3366 2803 caeteri
3397 2749 3600 2819 dilige-

1942 2834 2092 2888 bant
2120 2833 2320 2887 Jesum
2357 2852 2370 2900 ;
2399 2833 2507 2888 soli
2535 2834 2695 2889 enim
2733 2834 2882 2890 inter
2915 2851 3123 2891 omnes
3154 2837 3335 2893 secuti
3367 2838 3602 2896 fuerant

1945 2937 2105 2990 eum,
2131 2938 2270 2977 cum
2293 2922 2509 2993 ligatus
2540 2923 2949 2981 abducebatur
2979 2925 3058 2981 ad
3077 2928 3311 2982 Annam
3340 2932 3397 2984 et
3435 2927 3602 2986 Caia-

1946 3011 2146 3083 pham.

2015 3101 2178 3157 Vers.
2214 3105 2264 3156 3.
2293 3101 2490 3157 Exivit
2531 3133 2598 3142 —
2662 3109 3126 3161 monumentum.
3159 3104 3309 3160 Nulli
3341 3107 3600 3164 aliorum

1943 3191 2279 3263 quidquam
2311 3192 2604 3258 dicentes;
2632 3193 2872 3264 insuper
2893 3200 2948 3248 et
2967 3195 3206 3250 Judaeos
3229 3211 3297 3251 ac
3321 3196 3599 3252 custodes

1944 3296 2060 3352 prae
2096 3280 2322 3336 fervore
2366 3287 2834 3337 contemnentes.

2017 3369 2175 3423 Vers.
2208 3373 2261 3422 4.
2301 3369 2628 3424 Currebam
2667 3401 2737 3410 —
2797 3371 2989 3426 simul.
3047 3373 3231 3428 Simili
3279 3371 3510 3430 fervore
3539 3379 3596 3432 et

1944 3472 2006 3513 se
2046 3462 2102 3514 et
2129 3464 2344 3514 caetera
2381 3458 2770 3528 despicientes
2815 3461 2958 3531 (aa).

2015 3549 2171 3602 Vers.
2204 3548 2256 3602 4.
2297 3549 2373 3602 Et
2399 3578 2466 3587 —
2511 3556 2973 3606 monumentum.
3022 3549 3338 3624 Tanquam
3382 3553 3603 3611 robus-

1944 3637 2058 3694 tior
2086 3637 2289 3707 vigore
2320 3638 2602 3710 corporis.

2015 3728 2177 3782 Vers.
2213 3733 2264 3782 5.
2290 3727 2364 3780 Et
2397 3758 2458 3772 --
2491 3727 2844 3785 linteamina.
2897 3730 3222 3797 Funeralia,
3270 3737 3434 3803 puta,
3485 3733 3600 3790 sin-

1945 3817 2187 3872 donem.

2018 3905 2172 3960 Vers.
2199 3910 2248 3960 5.
2281 3906 2414 3960 Non
2433 3913 2627 3962 tamen
2672 3905 2962 3964 introivit.
2987 3910 3261 3965 Tremore
3295 3909 3600 3980 detentus,

1942 3999 2045 4050 aut
2070 3994 2162 4048 his
2185 3995 2312 4065 jam
2340 4001 2672 4050 contentus.

2014 4085 2168 4138 Vers.
2202 4085 2257 4138 6.
2298 4084 2458 4139 Venit
2497 4115 2557 4125 —
2595 4091 3052 4141 monumentum.
3081 4086 3251 4143 Nullo
3276 4088 3406 4159 jam
3439 4094 3601 4147 metu

1941 4187 2284 4244 oppressus,
2308 4189 2430 4245 quo
2443 4173 2656 4244 prioris
2683 4173 2924 4245 culpam
2959 4174 3288 4232 timiditatis
3303 4177 3603 4248 absterge-

1939 4267 2044 4329 ret,
2075 4262 2570 4334 autdiligentibus
2594 4263 2842 4319 scrutari
2859 4264 3078 4320 volens.
3106 4265 3361 4322 Invicem
3398 4268 3601 4340 itaque

1940 4367 2001 4407 se
2033 4351 2215 4407 ambo
2245 4353 2512 4408 vicerunt
2545 4352 2843 4408 :Joannes
2871 4352 3118 4424 quidem
3147 4341 3596 4426 praecurrendo,

1940 4441 2142 4496 Petrus
2177 4457 2317 4496 vero
2347 4441 2406 4496 in
2441 4447 2899 4497 monumentum
2930 4441 3308 4499 introeundo.

2011 4531 2218 4594 Quaere
2237 4530 2414 4586 etiam
2437 4529 2806 4602 octogesimo
2826 4529 3093 4586 secundo
3117 4532 3414 4602 Evangelii
3423 4533 3444 4604 j
3455 4537 3596 4591 uxta

1939 4622 2158 4676 Lucam
2183 4620 2389 4691 capite,
2418 4620 2520 4676 ubi
2551 4619 2800 4678 dicitur:
2834 4619 3044 4675 Petrus
3079 4634 3215 4677 vero
3247 4628 3603 4693 surgenscu-

1939 4711 2127 4768 currit
2148 4710 2229 4767 ad
2238 4715 2682 4766 monumentum
2700 4711 2743 4744 ⁹¹
2763 4724 2776 4776 ;
2797 4724 2865 4765 ac
2883 4711 3329 4768 enarrationem
3346 4711 3477 4785 lege
3503 4729 3602 4770 su-

1752 4890 1823 4927 ⁹¹¹
1853 4891 1991 4948 Luc.
2043 4905 2198 4955 ΠΝ,
2235 4893 2322 4947 l2.

1302 5041 1522 5111 Variae
1570 5041 1898 5112 lectiones
1936 5052 2000 5111 et
2034 5046 2238 5111 nota.

325 5240 414 5308 89)
460 5239 648 5294 Etiam
677 5237 805 5293 hinc
837 5236 1052 5294 desunt
1077 5240 1142 5293 Α.

323 5313 412 5381 90)
455 5311 692 5365 Inclusa
723 5310 940 5365 absunt
961 5312 1025 5364 A.

300 5380 418 5455 (91)
458 5381 845 5455 Ἀποῤῥιψηται
883 5383 949 5436 Α.
1000 5380 1151 5437 Illud
1180 5380 1500 5438 Hentenius
1549 5381 1708 5452 legit.
1740 5383 1830 5439 Αι-

299 5560 418 5631 (aa)
446 5561 522 5615 Et
559 5575 620 5616 se
645 5593 709 5601 —
737 5559 1134 5630 despicientcs.
1163 5561 1312 5616 Inter
1337 5577 1398 5617 se
1423 5564 1824 5617 certantes.ln-

230 5637 456 5702 terpres
485 5632 718 5687 videtur
756 5633 964 5702 legisse
1017 5638 1101 5685 καὶ
1132 5633 1323 5685 ἑαυτῶν
1379 5639 1468 5686 καὶ
1523 5641 1620 5685 τῶν
1662 5633 1824 5684 ἄλλων

234 5703 550 5779 αμελοῦντες.
598 5703 709 5760 Sed
766 5721 900 5780 quae
959 5704 1204 5762 inferius
1257 5705 1538 5778 leguntur
1587 5720 1648 5781 p.
1695 5707 1820 5775 627,

1941 5239 2158 5312 queita
2186 5239 2362 5294 etiam
2394 5242 2482 5295 est
2507 5237 2586 5294 ad
2617 5238 2783 5297 Joan.
2819 5255 2940 5307 xxx,
2974 5239 3031 5298 7.

2013 5311 2125 5385 (92)
2151 5313 2369 5385 ᾼραμεῖν
2401 5317 2459 5385 B.

2009 5381 2117 5454 (93)
2150 5381 2386 5439 Inclusa
2414 5381 2638 5438 absunt
2679 5390 2739 5439 A.

1934 5576 2092 5634 vers,
2141 5562 2221 5634 t2.
2255 5559 2496 5620 ἐνίκησαν
2548 5557 2658 5632 οὖν,
2696 5582 2745 5618 κ.
2771 5579 2818 5618 τ.
2861 5562 2932 5634 λ.,
2967 5562 3277 5626 lectionem
3312 5580 3589 5630 meorum

1935 5633 2111 5691 codd.
2154 5633 2422 5690 ﬁrmant.
