4130 6320
603 227 623 281 1
636 227 741 283 479

1919 217 2267 278 ΕΕἸἩΥΜΙΙ
2306 221 2466 278 ZIGA
2477 221 2637 280 BEN]

3811 227 3913 285 1183

601 369 705 426 per
729 352 786 408 id
801 350 1258 423 quodbabetur:
1287 349 1994 420 ldmiramquod/actum
2024 357 2154 406 erat
2177 351 2237 418 ηρ

2363 351 2512 402 θέντα
2571 349 2643 411 εἰς
2676 356 2734 403 τό
2766 368 2779 381 ⁸
2809 353 3111 423 Θαυμάζων
3153 356 3211 404 τό
3250 357 3475 424 γεγονός,
3506 358 3645 408 πάνυ
3699 355 3917 425 bar/ui:

598 442 674 498 ad
703 443 862 498 hunc
902 441 1099 496 locum
1132 441 1392 495 maxime
1433 440 1854 494 necessariam.

669 534 827 586 Vers.
851 535 908 586 6.
950 530 1025 584 Et
1053 559 1124 569 —
1145 529 1306 583 Vers.
1331 533 1381 581 7.
1406 530 1620 584 locum.
1647 529 1910 595 Quorum
1927 533 2250 600 utrumque

598 621 839 690 signum
869 621 1043 674 etiam
1070 625 1196 673 erat
1221 617 1518 672 infallibile
1536 618 2007 673 resurrectionis.
2050 621 2248 688 Neque

595 711 778 775 enim,
824 710 870 763 si
906 709 1043 780 quis
1085 725 1220 762 eum
1252 709 1738 778 transposuisset,
1783 714 1940 762 certe
1971 707 2246 760 denudas

595 806 683 854 set
725 817 736 853 :
773 815 965 871 neque
998 800 1042 852 si
1077 798 1305 852 futurus
1328 804 1496 860 esset,
1521 813 1720 852 curam
1759 797 2066 852 habuisset
2105 802 2167 850 ut
2191 802 2248 850 et

596 888 906 943 sudarium
960 886 1296 949 involveret,
1336 893 1659 957 oneretqne
1695 886 1752 940 in
1809 902 1995 939 unum
2027 885 2243 946 locum,

595 977 716 1032 sive
748 979 805 1032 in
837 974 2132 1046 alternumalinteaminibusseparatum,sed
2165 976 2246 1028 ita

595 1074 654 1121 ut
685 1067 864 1121 situm
891 1071 1016 1120 erat
1047 1080 1288 1136 corpus,
1325 1071 1426 1119 aut
1454 1065 1939 1134 transposuisset,
1973 1062 2245 1118 autfura-

593 1160 686 1212 tus
718 1155 925 1209 fuisset
956 1170 968 1208 :
1003 1155 1221 1208 veritus
1249 1154 1364 1220 (ὑὑά
1398 1152 1765 1224 superﬂuum
1797 1159 2035 1224 tempus
2067 1153 2125 1206 in
2147 1168 2245 1207 ne-

592 1244 750 1314 gotio
783 1258 1156 1310 consumere,
1181 1258 1254 1297 ne
1287 1259 1410 1313 quo
1435 1242 1616 1297 modo
1643 1243 1700 1296 in
1736 1241 1890 1297 furto
1916 1241 2245 1313 deprehen-

590 1336 844 1400 deretur,
870 1338 1320 1404 extremumque
1353 1332 1536 1386 lueret
1577 1331 1956 1403 supplicium.

663 1426 940 1478 Przeterea
979 1424 1179 1486 etiam,
1222 1438 1357 1476 cum
1391 1421 1637 1492 myrrha
1666 1437 1801 1476 cum
1835 1437 1958 1492 qua
1979 1422 2243 1494 sepultus

590 1519 715 1570 erat
741 1513 1001 1568 maxime
1029 1518 1183 1567 esset
1213 1513 1262 1565 ei
1303 1511 1692 1580 agglutinata,
1734 1516 1790 1565 et
1820 1512 2132 1567 sindonem
2165 1517 2242 1566 te-

589 1603 903 1658 nacissime
934 1603 984 1656 ei
1016 1602 1299 1655 adherere
1341 1602 1577 1664 faceret,
1612 1600 1715 1664 sic,
1752 1606 1813 1654 ut
1846 1602 1970 1670 jam
2005 1600 2238 1665 coalita,

2357 445 2480 490 ὄντα
2517 446 2643 514 πρὸς
2674 446 2740 492 τὰ
2778 441 3052 514 παρόντι]

2433 536 2530 582 Καὶ
2581 562 2646 570 -
2703 537 2874 583 τόπον.
2933 530 2992 582 ’Δ
3052 537 3144 583 καὶ
3201 534 3352 604 ἄμφω
3407 542 3600 605 σημεῖα
3677 532 3804 592 ἦσαν

2359 618 2689 681 ἀναστάσεως
2722 619 3070 693 ἀναντίῤῥητα
3102 661 3116 671 .
3160 625 3294 672 Οὔτε
3342 625 3468 696 γὰρ,
3517 624 3561 675 εἰ
3591 626 3834 695 μετέθηκέ
3864 645 3918 683 7L:

2357 709 2531 770 αὐτόν,
2565 708 2856 780 ἐγύμνωσεν
2889 709 2966 774 ἂν,
3024 713 3140 761 οὔτε
3185 711 3229 762 εἰ
3275 710 3500 782 ἔκλεψεν,
3533 711 3824 784 ἐφρόντισῡ
3859 715 3917 772 ἂν,

2358 802 2490 850 ὥστε
2518 805 2606 850 καὶ
2653 805 2711 850 τὸ
2747 795 3030 872 σουδάριον
3079 798 3327 870 ἐπιμελῶς
3355 798 3615 863 ἐντυλίξαι
3663 809 3753 854 καὶ
3791 805 3917 854 θεῖναι

2357 888 2428 947 εἰς
2486 892 2569 939 ἕνα
2620 894 2794 951 τόπον,
2827 893 2987 958 ἤγουν
3036 892 3102 947 si;
3145 892 3309 948 ἕτερον
3366 893 3508 964 παρὰ
3555 895 3648 941 τόν
3695 900 3790 942 τῶν
3825 892 3916 943 ὁθο-

2353 982 2472 1027 νίων
2504 997 2516 1008 ·
2567 977 2675 1028 ἀλλ’
2729 979 2902 1041 οὕτως,
2950 980 3015 1037 ὡς
3065 979 3196 1047 εἶχε,
3229 981 3286 1030 τό
3349 987 3500 1050 σῶμα
3536 983 3814 1051 μετέθηκεν
3854 983 3912 1048 ὃτι,

2356 1068 2384 1123 ἦ
2443 1066 2637 1136 ἔκλεψε,
2719 1063 2907 1128 δεδιὼς
2963 1074 3210 1118 τοσοῦτον
3293 1066 3556 1120 ἀναλῶσαι
3630 1073 3809 1142 καιρὸν
3865 1073 3912 1130 si;

2353 1162 2572 1229 πρᾶγμα
2601 1160 2858 1228 περιττόν,
2890 1161 3091 1228 μήποτε
3132 1158 3434 1228 κατάφωρος
3479 1177 3706 1228 γενηται
3743 1165 3823 1210 καὶ
3846 1179 3914 1214 τιν

2355 1245 2592 1316 ἐσχάτην
2623 1246 2776 1318 ὑφέξη
2809 1241 2990 1302 δίκην.

2423 1423 2620 1484 Ἄλλως
2683 1444 2736 1476 τε
2788 1429 2877 1476 καὶ
2932 1433 3026 1486 τῆς
3085 1427 3318 1498 σμύρνης
3385 1422 3817 1486 κολλωδεστοὲτης
3862 1429 3923 1476 οὗ·

2356 1533 2474 1578 σης,
2529 1513 2640 1584 μεθ’
2693 1515 2756 1574 ἧς
2787 1511 2847 1570 ἦν
2907 1511 3389 1586 ἀντεταφιασμνος,
3429 1519 3520 1566 καὶ
3577 1520 3680 1572 τὴν
3742 1512 3927 1566 σινδόνι

2355 1603 2761 1676 προσκολλώσας
2814 1603 2953 1671 αὐτῷ
3022 1603 3136 1654 λίαν
3196 1611 3444 1674 συμτυῶς
3506 1609 3598 1655 καὶ
3652 1603 3928 1656 ἀναποσπά-

589 1691 752 1746 nullo
767 1691 948 1746 modo
981 1689 1399 1762 possetavelli;
1435 1696 1745 1760 propterea
1777 1689 1904 1743 haec
1927 1690 2172 1743 seorsim
2206 1703 2237 1743 a

2355 1711 2504 1752 στως·
2562 1689 2655 1743 διά
2694 1700 2846 1744 τοῦτο
2874 1688 2997 1762 γοῦν
3051 1700 3216 1744 ταῦτα
3261 1697 3426 1766 χωρὶς
3456 1691 3694 1750 ἀλλήλων
3744 1699 3924 1757 ἔκειντο,

589 1794 651 1834 se
673 1779 924 1833 invicem
959 1780 1146 1849 posita
1185 1782 1370 1841 erant,
1434 1786 1488 1832 et
1552 1778 1862 1831 sudarium
1909 1777 2240 1832 involutum

587 1874 711 1923 erat
734 1873 796 1922 ut
830 1869 1189 1922 disceremus
1219 1867 1382 1939 quod
1415 1884 1551 1921 cum
1585 1866 1927 1922 auctoritate
1959 1867 2241 1937 omnique

588 1956 901 2011 securitate
929 1962 1281 2010 surrexerat.
1328 1957 1643 2010 Sudarium
1675 1960 1870 2009 autem
1903 1960 2025 2009 erat
2053 1969 2241 2025 parva

588 2046 866 2117 quaedam
900 2045 1168 2110 fasciola,
1197 2044 1358 2116 quali
1418 2047 1595 2098 etiam
1653 2043 1831 2098 facies
1888 2043 2103 2109 Lazari,
2135 2043 2240 2115 qui

589 2133 781 2190 fuerat
807 2140 1093 2202 mortuus,
1121 2140 1246 2189 erat
1291 2134 1593 2187 obvincta.

662 2222 822 2279 Vers.
855 2225 908 2278 8.
951 2225 1113 2279 Tunc
1134 2252 1203 2265 —
1228 2225 1683 2278 monumentum.
1709 2224 1961 2277 Vocatus
1989 2237 2022 2276 a
2044 2221 2234 2277 Petro.

659 2403 822 2459 Vers.
852 2407 903 2459 8.
931 2403 1010 2457 Et
1039 2403 1384 2459 —credidit.
1421 2404 1564 2458 Cum
1589 2401 2032 2458 resurrectionis
2062 2401 2239 2472 signa

584 2492 826 2548 vidisset
853 2492 1206 2549 indubitata.

656 2583 813 2637 Vers.
842 2585 896 2637 9.
948 2584 1220 2638 Nondum
1263 2614 1325 2622 —
1383 2597 1695 2652 resurgere.
1740 2583 1992 2637 Causam
2047 2581 2240 2636 reddit

583 2687 689 2726 cur
711 2672 874 2742 prius
900 2688 1020 2726 non
1059 2672 1431 2727 crediderent
1459 2671 1831 2737 mulieribus,
1873 2687 2007 2743 quae
2038 2671 2123 2725 eis
2153 2686 2238 2724 re-

583 2762 1004 2817 surrectionem
1038 2761 1554 2826 annuntiaverant,
1595 2760 1696 2814 sed
1727 2761 1854 2815 visa
1877 2767 2011 2814 sunt
2032 2775 2235 2814 coram

582 2850 726 2921 ipsis
751 2856 1031 2921 tanquam
1060 2851 1518 2905 deliramentum
1545 2850 1724 2904 verba
1751 2866 1954 2904 earum
1989 2851 2097 2916 ⁹²’;
2134 2848 2237 2903 sed

583 2955 776 3009 neque
809 2939 1048 2993 duobus
1081 2956 1149 2994 ex
1182 2939 1265 2993 eis
1297 2941 1396 3009 qui
1430 2940 1698 2994 abierant
1729 2956 1826 2994 rus
1855 2940 1924 3002 η,
1980 2943 2035 2994 et
2073 2937 2233 3003 dicit,

2350 1788 2438 1833 καὶ
2495 1787 2553 1833 τὸ
2607 1778 2894 1854 σουδάριον
2942 1782 3054 1851 (94)
3113 1780 3417 1844 ἐτετύλικτο,
3465 1785 3550 1832 ἶνα
3580 1785 3830 1855 μάθωμω
3868 1785 3927 1833 ὁτι

2349 1871 2464 1921 κατ’
2516 1869 2756 1932 ἐξουσίαν
2813 1869 3000 1928 ἀνέστη
3048 1875 3138 1922 καὶ
3187 1877 3361 1922 πᾶσαν
3409 1867 3618 1922 ἄδειαν.
3653 1876 3726 1924 Τό
3761 1869 3924 1924 σουδά-

2346 1977 2458 2031 ριον
2514 1955 2572 2010 δε
2624 1956 2685 2016 ἧν
2735 1959 2996 2031 scandite?
3025 1979 3076 2010 τι
3100 1963 3305 2033 μικρὸν,
3349 1963 3440 2030 οἵῳ
3477 1964 3568 2012 καὶ
3611 1962 3639 2012 ό
3700 1963 3925 2019 τεθνηκὼς

2351 2050 2593 2120 Λάζαρος
2618 2053 2705 2106 τὴν
2737 2049 2855 2120 ὄψιν
2886 2044 3233 2123 περιεδέδετο.

2416 2231 2541 2279 Τότε
2630 2257 2698 2268 -
2772 2235 3040 2300 μνημεῖον.
3112 2225 3353 2299 [κληθεὶς
3428 2227 3542 2298 (95)
3630 2230 3781 2302 παρὰ
3858 2235 3922 2279 τοῦ

2349 2315 2591 2390 Πέτρου.]

2417 2405 2527 2458 Καὶ
2557 2437 2618 2446 -
2652 2404 2943 2461 ἐπίστευσε.
2978 2407 3304 2478 (θεασάμενος
3335 2413 3531 2478 σημεῖα
3577 2414 3679 2467 τῆς
3731 2404 3927 2458 ἀναστά-

2352 2514 2479 2556 σεως
2516 2493 2856 2568 ἀναμφίϐολα.

2421 2581 2646 2636 Οὐδέπω
2677 2616 2744 2626 -
2774 2584 3080 2643 ἀναστῆναι,
3133 2615 3197 2624 -
3251 2581 3645 2656 [Ἃπολογεῖται
3679 2584 3812 2656 (96)⁷
3843 2592 3928 2642 πῶς

2348 2675 2440 2727 οὐκ
2489 2674 2801 2726 ἐπίστευσαν
2854 2678 3100 2749 πρότερον
3168 2681 3282 2735 ταῖς
3345 2673 3612 2744 γυναιξὶν,
3693 2674 3928 2745 εὐαγγελι-

2349 2769 2596 2836 σαμέναις
2666 2764 2843 2825 αὐτοῖς
2911 2768 3005 2822 την
3082 2761 3368 2814 ἀνάστασιν
3434 2784 3446 2796 ο
3519 2762 3636 2814 ἀλλ’
3695 2763 3928 2834 ἐφάνησαν

2347 2851 2557 2903 ἐνώπιον
2606 2851 2772 2903 αὐτῶν
2826 2855 2950 2904 ὡσεὶ
2999 2851 3154 2924 λῆρος
3202 2854 3264 2902 τά
3307 2851 3518 2925 ῥήματα
3564 2853 3746 2902 αὐτῶν
3789 2867 3802 2880 ·
3842 2848 3927 2900 id?

2347 2937 2469 2993 οὐδὲ
2521 2949 2624 3001 τοῖς
2690 2944 3049 3014 πορευομένοις
3101 2942 3170 3002 εἰς
3229 2939 3384 3014 ἀγρὸν
3437 2936 3597 2992 δυσὶν
3656 2939 3711 3003 ἐξ
3766 2940 3923 3000 αὐτῶν,

580 3028 743 3099 quod
786 3030 1052 3083 nondum
1119 3028 1522 3096 intelligebant
1555 3030 1938 3100 Scripturam,
1985 3028 2057 3082 de
2108 3028 2236 3098 ejus

2350 3035 2447 3082 Καὶ
2507 3049 2665 3101 φησιν
2714 3028 2816 3101 ὃτι]
2850 3032 2994 3081 οὔπω
3046 3028 3215 3081 ἐνόουν
3263 3035 3357 3086 τὴν
3415 3034 3650 3102 Γραφην,
3696 3034 3786 3086 τήν
3832 3033 3924 3098 περὶ

578 3118 1006 3172 resurrectione
1025 3118 1339 3173 docentem
1374 3134 1386 3171 :
1410 3117 1538 3172 11th
1566 3125 1761 3173 autem
1797 3117 2100 3188 multiplex
2127 3122 2233 3184 est,

575 3206 634 3261 in
659 3206 907 3261 diversis
937 3208 1183 3278 psalmis
1217 3207 1509 3262 Davidicis
1551 3207 2044 3279 sermonibusque
2103 3221 2237 3277 pro-

578 3294 829 3366 pheticis
862 3311 1089 3368 sparsa.

651 3386 808 3441 Vers.
849 3389 930 3441 l0.
955 3386 1222 3442 Abierant
1250 3415 1313 3426 -
1342 3385 1638 3456 discipuli.
1663 3385 1750 3442 Ad
1770 3402 1949 3442 suum
1975 3385 2232 3441 diverso-

574 3474 753 3530 rium.

649 3564 807 3618 Vers.
869 3565 954 3619 11.
1015 3565 1214 3621 Maria
1258 3595 1326 3606 -
1374 3566 1549 3634 faris.
1611 3566 1859 3619 Venerat
1899 3563 2057 3619 enim
2099 3566 2232 3636 post

579 3653 816 3708 Petrum
832 3657 887 3708 et
915 3655 1226 3718 Joannem,
1246 3671 1380 3709 cum
1414 3670 1530 3708 non
1567 3655 1855 3725 potuisset
1885 3652 2062 3707 simul
2093 3668 2231 3707 cum

577 3741 662 3796 eis
692 3758 948 3805 currere,
981 3747 1036 3797 et
1062 3758 1171 3798 nec
1216 3741 1648 3797 revertentibus
1698 3743 1940 3807 occurit,
1975 3746 2038 3796 ut
2068 3742 2229 3813 quip-

576 3830 729 3902 piam
760 3831 991 3886 lirmius
1030 3832 1206 3886 etiam
1232 3831 1360 3903 ipsa
1391 3831 1660 3889 disceret.

647 3921 805 3975 Vers.
845 3925 929 3978 ll.
962 3922 1117 3975 Dum
1152 3953 1215 3960 —
1243 3921 1404 3976 Vers.
1446 3922 1526 3974 l2.
1561 3921 1728 3976 albis.
1785 3920 1979 3976 l’alliis
2029 3919 2232 3974 videli-

574 4013 664 4065 cet
695 4026 706 4064 :
740 4009 798 4065 hi
832 4016 1030 4065 autem
1081 4015 1267 4076 erant,
1301 4010 1403 4082 qui
1432 4011 1612 4064 etiam
1644 4011 1807 4081 prius
1865 4011 1915 4064 ei
1944 4025 2232 4080 apparue-

575 4103 724 4162 rant,
754 4104 810 4152 et
840 4099 910 4153 iis
954 4116 1088 4170 quae
1120 4115 1257 4154 cum
1299 4116 1370 4154 ea
1427 4104 1613 4153 erant.
1659 4099 1975 4163 Quomodo
2005 4113 2146 4167 ergo
2169 4097 2230 4152 hi

571 4201 694 4242 non
721 4194 1128 4258 apparuerunt
1168 4189 1336 4242 Petro
1367 4193 1424 4241 et
1453 4187 1667 4241 Joanni
1697 4189 1724 4242 ?
1777 4187 1928 4253 Quia
1968 4185 2230 4241 futurum

571 4279 716 4340 erat,
743 4281 804 4331 ut
820 4275 930 4330 illis
955 4281 1238 4348 tanquam
1260 4275 1745 4347 prudentioribus
1769 4274 1888 4331 adﬁ
1910 4274 2047 4330 dem
2071 4274 2232 4330 sufﬁ-

573 4369 774 4420 cerent
811 4380 877 4419 ea
907 4381 1042 4436 quas
1081 4363 1370 4420 viderant.

643 4455 801 4508 Vers.
879 4455 961 4508 l2.
1023 4453 1286 4510 Sedentes
1329 4484 1397 4494 ——
1441 4455 1608 4508 Jesu.
1652 4452 1945 4509 Sedebant
1983 4454 2230 4526 quidem

571 4548 814 4615 propter
859 4558 994 4599 eam
1039 4559 1053 4610 ;
1113 4543 1407 4615 splendidi
1480 4558 1615 4598 vero
1673 4541 1945 4598 alacriter
1995 4548 2231 4615 propter

571 4631 886 4704 gaudium.

641 4821 690 4859 ⁹²
718 4821 857 4878 Luc.
884 4836 1038 4887 111v,
1077 4824 1157 4876 l2.
1273 4821 1345 4857 9"
1375 4820 1518 4877 ibid.
1554 4822 1641 4876 11.

1756 4823 1801 4857 ³³
1828 4820 1972 4877 ibid.
2022 4825 2080 4877 l3
2112 4836 2285 4895 seqq.

2345 3128 2435 3180 τῆς
2487 3118 2816 3178 ἀναστάσεως
2871 3119 3029 3171 αὐτοῦ
3089 3115 3457 3171 διδάσκουσαν
3519 3139 3530 3149 ·
3590 3115 3842 3192 διάφορος
3882 3113 3926 3167 δὲ

2346 3210 2496 3270 αὕτη,
2552 3206 2600 3260 ἒν
2651 3205 2921 3282 διαφόροις
2977 3207 3204 3280 ψαλμοῖς
3271 3214 3561 3267 Δαυῐτικοξ
3615 3213 3710 3260 καὶ
3777 3207 3924 3276 λόγοις

2344 3305 2684 3374 προφητικοῖς
2710 3301 3105 3371 κατεσπαρμένη
3121 3343 3133 3354 ,

2417 3386 2674 3446 Ἀπῆλθον
2753 3420 2819 3431 -
2885 3387 3137 3459 μαθηταί.

2341 3482 2580 3547 ταγωγήν
2595 3519 2607 3530 .

2415 3566 2600 3639 Μαρία
2655 3597 2721 3605 -
2774 3564 2886 3636 ἔξῳ.
2955 3564 3237 3638 ’Υστέρησε
3291 3567 3393 3637 γὰρ
3444 3571 3534 3616 τοῦ
3610 3569 3810 3638 Πέτρου
3855 3565 3923 3613 καὶ

2341 3657 2600 3718 Ἰωάννου,
2679 3659 2748 3727 μὴ
2839 3651 3128 3712 δυνηθεῖσα
3232 3657 3531 3727 συντρέχειν
3605 3654 3782 3714 αὐτοῖς
3854 3655 3923 3701 καὶ

2341 3741 2464 3797 οὐδὲ
2496 3745 2609 3814 (97)
2632 3748 2986 3816 στρεφομένοις
3015 3749 3302 3802 συνήντησε
3331 3746 3549 3809 τούτοῖς,
3577 3745 3665 3795 ἵνα
3686 3748 3773 3794 καὶ
3799 3743 3919 3815 μάθῃ

2342 3854 2394 3886 τι
2421 3831 2771 3906 βεϐαιότερον.

2409 3923 2496 3983 Ὠς
2554 3953 2621 3962 —
2672 3922 2892 3982 λευκοῖς.
2927 3921 3308 3995 Περιϐ).ήμασι,
3359 3917 3624 3980 δηλονότι.
3678 3921 3833 3974 Οὗτοι
3876 3915 3921 3970 δὲ

2342 4009 2476 4070 ἦσαν
2505 4015 2552 4062 οἱ
2583 4015 2671 4062 καὶ
2701 4016 2944 4085 πρότερον
2977 4011 3088 4081 (98)
3132 4011 3360 4080 ὀφθέντες
3389 4009 3519 4081 αὐτῇ
3576 4029 3637 4063 τε
3683 4014 3772 4061 καὶ
3825 4013 3920 4063 ταῖς

2343 4101 2435 4153 σῦν
2467 4104 2617 4172 αὐτῇ.
2667 4101 2768 4154 Καὶ
2812 4109 2915 4160 πῶς
2973 4099 3066 4151 οὐκ
3123 4099 3384 4172 ἐφάνησαν
3438 4099 3584 4151 οὗτοι
3639 4107 3712 4170 τῷ
3761 4100 3913 4166 Πέτρῳ

3217 3389 3354 3455 Πρὸς
3429 3389 3490 3442 τὴ
3580 3385 3781 3438 ἑαυτῶν
3854 3403 3924 3433 xz-

2340 4195 2429 4242 καὶ
2503 4189 2768 4262 Ἰωάννη;
2827 4188 2947 4240 Ὀτι
2995 4187 3205 4250 ἐκείνοις
3285 4188 3484 4260 ἔμελλον
3569 4187 3748 4262 ἀρκιίν
3809 4187 3914 4256 πρὸς

2340 4283 2520 4331 πίστιν
2553 4277 2587 4328 ἆ
2615 4279 2908 4343 ἐθεάσαντο,
2955 4281 3312 4352 συνετωτέροις
3345 4276 3484 4332 οὖσι.

2415 4454 2801 4527 Καθεζομένους
2844 4485 2907 4494 -
2961 4454 3158 4512 Ἰησοῦ.
3193 4453 3473 4511 Ἐκάθηντο
3499 4455 3590 4525 μὲν
3628 4449 3702 4507 δι’
3727 4450 3902 4507 αὐτὴν·

2341 4540 2556 4619 φαιδροὶ
2585 4540 2644 4596 δὲ
2674 4545 2789 4615 (99)
2821 4540 3072 4620 φαιδρῶς,
3103 4539 3196 4596 διὰ
3225 4547 3316 4602 τὴν
3347 4545 3542 4619 χαράν.

1812 5026 2030 5094 Variae
2076 5024 2408 5094 lectiones
2436 5031 2728 5095 etnotae.

642 5225 755 5301 (94)
797 5221 1212 5301 Ἐνετύλικτοῇ.
1267 5223 1539 5301 Fortasse
1580 5237 1722 5293 ergo
1769 5221 2084 5291 legendum
2136 5221 2234 5274 ἓνε-

570 5297 800 5363 mmo,
837 5302 900 5352 ut
929 5311 1066 5367 pag.
1095 5297 1219 5367 6‘27,
1253 5311 1405 5349 vers.
1437 5298 1526 5349 24.

646 5371 757 5442 (95)
795 5366 1027 5442 Inclusa
1053 5366 1270 5442 absunt
1303 5368 1370 5420 Α.

646 5372 734 5442 (95
795 5371 1027 5423 Inclusa
1053 5371 1270 5420 absunt
1303 5371 1370 5420 A.

645 5371 760 5512 (96)
794 5442 972 5495 Etiam
1000 5439 1125 5493 hunc
1156 5438 1396 5493 absunt.

2417 5223 2528 5295 (97)
2586 5222 2755 5278 Forte
2834 5219 3316 5296 ἀναστρεφομένοις,
3399 5226 3501 5282 aut
3554 5217 3905 5300 ὑποστρεφομ·

2342 5313 2528 5434 νοι(ς98)
2558 5369 2761 5440 [lit-pq),
2791 5380 2898 5440 pro
2927 5369 3203 5440 πρότερον,
3221 5370 3283 5420 Α.
3309 5365 3479 5424 Male.

2415 5439 2528 5508 (99)
2557 5434 2726 5493 Forte
2758 5434 3001 5510 σῐροδρῶς
3023 5434 3164 5508 legit
3192 5439 3523 5495 Hentenius.

644 5617 755 5696 (οὺ)
808 5616 1055 5680 Veritus,
1090 5619 1200 5672 etc.
1233 5613 1465 5671 Veritus
1491 5617 1721 5672 tantum
1755 5615 2044 5688 temporis
2072 5612 2421 5689 impendere
2450 5615 2688 5687 negotio
2715 5614 3040 5691 superﬂuo,
3066 5631 3240 5674 vano.
