4130 6320
170 355 194 415 1
207 351 300 415 481

1240 315 1586 414 cos-mam
1628 350 1694 413 1N
1733 356 2079 416 JOANNEM.
2122 392 2189 401 —
2227 363 2382 416 CAP.
2428 359 2547 416 xx.

3391 372 3528 428 ’1482

242 487 330 557 [Οἱ
359 488 436 559 (1)
467 493 538 556 τῷ
559 488 701 558 τάφῳ
723 493 812 538 τοῦ
846 491 1074 558 Χριστοῦ
1097 481 1533 556 προσεδρεύοντες
1565 483 1774 554 ἄγγελοι

1959 487 2002 553 1-
2043 484 2250 540 Christi
2281 485 2554 558 sepulcro
2587 488 3084 559 assistuntangeli
3111 491 3187 547 ad
3224 493 3535 550 credulita-

167 578 304 648 πρὸς
329 579 589 627 πίστωσιν
619 581 896 649 παρέμενον
923 579 1012 625 καὶ
1055 569 1410 625 διδασκαλίαν
1431 581 1520 625 τοῦ
1561 572 1776 646 ἐγηγέρ-

163 677 277 729 θαι,
308 663 435 716 ἀλλὰ
465 669 535 736 μὴ
579 665 848 736 κεκλέφθαι
875 667 963 715 τόν
995 663 1226 734 Κύριον]

247 759 346 806 Καὶ
385 785 452 793 -
484 753 711 819 κλαίεις;
751 753 858 824 [Μὴ
889 752 1165 824 τολμώσης
1321 751 1485 812 αὐτῆς
1514 749 1776 823 ἐρωτῆσαι

163 843 373 911 αὐτοὺς,
418 843 565 895 αὐτοὶ
599 841 924 913 διαλέγονται
945 840 1128 913 αὐτῇ]

244 937 398 1003 Λέγει
429 963 495 973 -
521 931 696 985 αὐτὸν.
720 930 874 1002 ”ῼετο
899 933 999 1004 γὰρ
1022 930 1122 981 ὑπὸ
1148 937 1246 981 τῶν
1266 929 1538 1001 θαψάντων
1565 948 1773 1001 μετατε-

171 1022 327 1080 θῆναι
354 1020 527 1074 αὐτόν.

243 1114 344 1162 Καὶ
393 1142 459 1149 -
513 1109 731 1164 ἑστῶτα.
781 1112 885 1161 Καὶ
931 1117 1060 1172 πῶς,
1107 1113 1264 1180 μήπω
1316 1105 1480 1180 μηδὲν
1530 1109 1774 1179 μαθοῦσα

163 1202 314 1271 παρὰ
385 1207 485 1250 τῶν
566 1197 956 1271 ἐρωτησάντων,
1049 1193 1302 1268 αἰφνίδιον
1391 1195 1619 1271 ἐστράφη
1703 1196 1773 1257 εἰς

162 1292 234 1341 τὰ
285 1287 664 1356 ὀπίσω;’οτι,
713 1282 804 1339 τοῦ
849 1292 1083 1361 Χριστοῦ
1131 1287 1272 1357 ἄφνω
1327 1290 1561 1358 φανέντος
1604 1285 1771 1336 ὀπίσω

164 1377 350 1444 αὐτῆς,
388 1379 436 1428 οἱ
470 1377 699 1448 ἄγγελοι,
749 1379 832 1428 τόν
886 1381 1148 1431 Δεσπότην
1201 1374 1392 1426 ἑαυτῶν
1426 1371 1640 1439 ἰδόντες,
1689 1374 1770 1425 εὖ·

168 1468 298 1526 θέως
393 1464 742 1527 ἐξανέστησαν
833 1467 1132 1537 σύντρομοι,
1210 1459 1578 1538 ὃουλοπρεπώς
1655 1462 1768 1514 ἀτε-

163 1555 394 1615 νίζοντες
441 1553 509 1614 εἰς
553 1553 724 1606 αὐτόν.
777 1552 1040 1627 Ἐστραφη
1089 1550 1174 1604 οὖν
1226 1548 1356 1604 ἰδεῖν
1410 1557 1489 1614 τίς
1528 1554 1553 1604 ό
1601 1557 1772 1624 φανεὶς

165 1643 368 1705 αὐτοῖς.

244 1737 344 1785 Καὶ
377 1763 441 1772 -
474 1731 631 1786 ἐστιν.
664 1731 876 1804 [Ἐφάνη
1033 1733 1132 1804 γὰρ
1167 1730 1295 1803 αὐτῇ
1331 1729 1378 1781 ἐν
1406 1729 1550 1805 ἑτέρᾳ
1575 1739 1768 1804 μορφῇ,

1889 577 2006 628 tem
2040 580 2449 644 permanentes
2491 593 2502 629 ε
2541 582 2721 648 utque
2761 579 3081 635 surrexisse
3124 581 3423 646 docerent,
3478 591 3532 641 et

1887 676 2006 716 non
2037 663 2188 716 furto
2213 663 2514 719 sublatum
2541 681 2690 720 esse.

1959 750 2119 806 Vers.
2170 752 2249 805 13.
2284 753 2348 806 Et
2379 784 2442 794 —-
2475 755 2676 824 ploras
2715 756 2742 811 ?
2771 756 2914 812 Cum
2947 757 3080 830 ipsa
3109 773 3227 815 non
3288 760 3534 819 auderet

1884 839 2382 909 eosinterrogare,
2414 842 2494 896 illi
2519 843 2567 898 ei
2590 843 2938 916 loquuntur.

1957 930 2112 983 Vers.
2160 933 2240 985 13.
2271 931 2369 985 Ait
2402 962 2469 970 —
2495 946 2646 988 eum.
2681 934 2934 990 Putabat
2978 935 3156 1007 enim,
3191 936 3267 994 ab
3306 937 3400 994 his
3428 939 3532 1011 qui

1884 1017 2257 1088 sepelierunt,
2291 1035 2421 1074 eum
2452 1019 2632 1076 fuisse
2662 1025 3107 1094 tranSpositum.

1953 1105 2115 1162 Vers.
2172 1107 2254 1162 14.
2303 1109 2383 1164 Et
2425 1140 2495 1148 —
2539 1118 2812 1168 stantem.
2861 1115 2928 1166 Et
2963 1115 3291 1185 quomodo,
3341 1116 3534 1188 prius-

1881 1211 2064 1268 quam
2098 1196 2284 1252 ullum
2315 1199 2640 1269 accepisset
2665 1215 3024 1273 responsum
3048 1205 3120 1259 ab
3140 1204 3231 1259 his
3263 1205 3366 1276 qui
3395 1221 3530 1261 eam

1880 1284 2401 1354 interrogaverunt,
2434 1293 2668 1358 repente
2701 1305 2989 1346 conversa
3031 1297 3116 1348 est
3145 1299 3473 1350 retrorsum
3503 1295 3532 1348 ?

1881 1373 2028 1438 Quia
2066 1374 2262 1429 subito
2305 1381 2630 1447 apparente
2670 1379 2897 1434 Christo
2932 1386 3069 1451 post
3111 1397 3266 1450 eam,
3309 1383 3528 1452 angeli,

1880 1462 2006 1517 viso
2028 1463 2282 1518 Domino
2309 1481 2438 1530 suo,
2472 1466 2669 1521 statim
2695 1474 3074 1524 surrexerunt
3103 1485 3232 1524 cum
3255 1475 3528 1536 tremore,

1882 1566 2047 1606 more
2087 1567 2395 1607 servorum
2440 1554 2498 1608 in
2549 1571 2686 1609 eum
2738 1556 3054 1612 intuentes.
3103 1560 3400 1616 Conversa
3443 1566 3531 1616 est

1881 1656 2042 1711 ergo,
2084 1646 2150 1696 ut
2186 1641 2422 1710 videret,
2464 1644 2598 1713 quis
2628 1643 2746 1698 illis
2777 1647 3175 1716 apparuisset.
3430 1655 3433 1657 ’

1953 1729 2112 1785 Vers.
2153 1731 2233 1785 14.
2267 1732 2345 1784 Et
2375 1762 2441 1772 —
2471 1740 2638 1788 esset.
2672 1736 2964 1805 Apparuit
2989 1739 3146 1792 enim
3172 1738 3223 1793 ei
3255 1737 3372 1794 alia
3397 1753 3528 1810 spe-

163 1827 258 1874 καὶ
286 1820 333 1873 ἐν
366 1819 698 1894 εὐτελεστέρῳ
731 1827 816 1872 καὶ
850 1839 1004 1891 χοινῳ
1037 1825 1300 1891 σχήματι,
1346 1820 1427 1870 ἵνα
1473 1824 1543 1892 μὴ
1588 1818 1770 1891 ἀθρόον

1899 1819 1989 1884 :ie,
2031 1823 2086 1875 et
2115 1819 2307 1875 viliori
2337 1835 2407 1876 ac
2450 1823 2852 1879 communiori
2899 1825 3128 1890 habitu,
3179 1841 3255 1882 ne
3287 1835 3530 1899 repente

165 1909 478 1982 καταπλαγῇ

247 2003 396 2070 Λέγει
436 2029 505 2041 —
545 1997 669 2072 ἰιρῶ.
729 1998 855 2050 Ἀπὸ
906 2016 959 2049 τε
1006 2000 1098 2049 τόῡ
1157 2004 1331 2048 κοινοῦ
1372 2001 1647 2069 σχήματος
1683 2003 1772 2048 καὶ

162 2097 260 2141 τοῦ
311 2085 439 2140 εἶναι
497 2087 547 2139 ἐν
616 2096 686 2158 τῷ
744 2092 896 2157 κήπῳ
953 2084 1198 2138 ὑπέλαϐεν
1269 2087 1348 2137 ὅτι
1415 2088 1438 2136 ό
1509 2091 1773 2158 κηπουρός

163 2178 328 2230 ἐστιν.
371 2174 512 2229 Οὐδὲ
553 2178 654 2249 γὰρ
703 2181 796 2234 τὴν
837 2180 1004 2246 φωνὴν
1056 2175 1214 2227 αὑτοῦ
1264 2174 1556 2248 ἐγνώρισεν,
1609 2174 1771 2227 ἀσυν-

164 2269 270 2326 ήθη
317 2265 689 2338 ἓνηχηθεῖσαν.
730 2264 883 2336 ’ᾩετο
930 2260 1008 2329 δὲ,
1055 2267 1124 2325 ὡς
1171 2267 1390 2338 εἴρηται,
1431 2267 1772 2335 μετατεθῆναι

159 2359 258 2428 μὲν
291 2356 442 2406 αὐτὸν
474 2354 540 2414 εἰς
569 2355 736 2426 ἕτερον
783 2356 937 2404 τόπον
967 2351 1362 2426 ἀσφαλέστερον,
1397 2351 1772 2424 βασταχθῆναι

161 2442 230 2497 δὲ
261 2447 403 2518 παρά
433 2450 524 2495 τοῦ
567 2449 854 2514 κηπουροῦ.
889 2440 1033 2506 [Εἰπέ
1056 2461 1146 2512 μοι
1189 2442 1262 2510 (4)
1297 2437 1404 2506 οὖν,
1448 2446 1625 2512 φησὶν,
1671 2449 1772 2494 ποῦ

160 2535 360 2594 ἔθηκας
389 2532 561 2597 αὑτὸν,
594 2530 738 2602 κάγὼ
767 2529 920 2581 αὐτὸν
952 2528 1078 2601 ἀρῶ,
1115 2532 1185 2589 εἱς
1215 2529 1363 2580 ἄλλον
1394 2532 1774 2587 καταθήσουσα

159 2627 324 2676 τόπον
358 2620 938 2690 ἀνεπιϐουλευτότερον.]

241 2709 322 2778 ΓΟ
369 2714 535 2781 μόνων
583 2708 663 2780 (5)
717 2716 816 2758 τῶν
866 2709 912 2757 ἐν
969 2712 1116 2777 γενεᾴ
1163 2711 1252 2758 καὶ
1314 2708 1480 2780 φθορᾲ
1519 2703 1773 2781 δημιουρ-

157 2802 260 2871 γὸν
315 2803 402 2849 καὶ
469 2800 757 2870 προνοητὴν
806 2795 1028 2867 νομίζων
1081 2799 1166 2846 τόν
1226 2798 1434 2868 Κύριον,
1491 2796 1634 2856 οὗτος
1702 2796 1770 2858 εἰς

160 2889 434 2958 κηπουρὸν
478 2885 865 2960 παραγνωρίζει
923 2884 1072 2935 αὐτόν
1103 2902 1114 2913 ⁸
1163 2881 1248 2935 διὸ
1297 2890 1386 2936 καὶ
1427 2887 1599 2956 φεύγει
1655 2889 1769 2936 τοὺ-

158 2994 260 3028 του
305 2979 394 3026 καὶ
449 2975 524 3044 (6)
575 2979 668 3031 τὴν
726 2974 858 3044 ἁφὴν
905 2975 929 3024 ὁ
979 2979 1263 3040 Δεσπότης,
1319 2977 1382 3034 ὡς
1426 2979 1577 3046 μήπω
1649 2975 1770 3047 παρ’

159 3063 309 3134 αὐτῴ
372 3061 560 3123 ἂναϐἁς
630 3065 762 3136 πρὸς
813 3066 870 3113 τό
954 3061 1158 3134 ἀξίωμα
1224 3068 1314 3114 καὶ
1388 3069 1475 3122 τὴν
1555 3064 1773 3122 ἰσότητα

1882 1914 2380 1964 consternaretur.

1955 2000 2114 2052 Vers.
2154 2003 2234 2053 t5.
2280 1999 2526 2054 Dicit—
2568 2001 2797 2058 tollam.
2856 2007 2896 2054 A
2948 2004 3250 2059 communi
3297 2004 3524 2069 habitu,

1881 2090 1936 2141 et
1981 2086 2124 2156 quia
2168 2087 2230 2142 in
2271 2087 2443 2143 horto
2489 2095 2633 2154 erat,
2675 2091 2966 2147 arbitrata
3003 2096 3095 2147 est
3145 2092 3530 2149 hortulanum

1880 2190 2031 2230 esse.
2063 2179 2259 2247 Neque
2299 2178 2456 2232 enim
2503 2193 2709 2233 vocem
2750 2179 2878 2249 ejus
2925 2181 3188 2252 agnovit,
3245 2197 3410 2238 more
3446 2183 3532 2238 in-

1882 2268 2049 2318 sueto
2101 2264 2416 2336 prolatam.
2467 2266 2721 2323 Putabat
2769 2274 2992 2335 autem,
3046 2275 3108 2326 ut
3145 2271 3367 2327 dictum
3417 2277 3525 2337 est,

1882 2355 2311 2424 transpositam
2344 2371 2480 2410 eum
2513 2372 2638 2411 esse
2674 2357 2736 2411 in
2774 2359 3050 2413 tutiorem
3091 2359 3274 2413 alium
3305 2360 3526 2424 locum,

1881 2449 1938 2497 et
1969 2443 2046 2496 ab
2078 2442 2394 2498 hortulano
2425 2451 2824 2514 asportatum.
2860 2447 2963 2502 Dic
2988 2448 3154 2513 mihi,
3183 2447 3394 2520 inquit,
3429 2449 3533 2504 ubi

1878 2531 2144 2598 posueris
2175 2546 2324 2599 eum,
2357 2538 2409 2586 et
2440 2548 2540 2601 ego
2579 2549 2709 2590 eum
2749 2535 2969 2601 tollam,
3004 2535 3062 2590 in
3095 2537 3280 2592 alium
3311 2538 3532 2609 reposi-

1883 2625 2010 2674 tura
2041 2619 2261 2684 locum,
2295 2620 2372 2675 ab
2411 2621 2639 2676 insidiis
2688 2623 2986 2678 tutiorem.

1951 2709 1992 2776 +
2057 2706 2166 2767 Qui
2221 2708 2645 2778 generabilium
2703 2716 2928 2766 tantum
2968 2715 3023 2767 et
3054 2713 3531 2785 corruptibilium

1881 2800 2207 2851 creatorem
2235 2813 2304 2852 ac
2337 2797 2702 2868 provisorem
2736 2805 2904 2869 putat
2932 2801 3264 2867 Dominum,
3297 2802 3394 2857 hic
3424 2819 3529 2874 pro

1879 2884 2197 2941 hortulano
2220 2901 2356 2940 eum
2380 2889 2704 2956 cognoscit.
2742 2888 2963 2944 Idcirco
2980 2890 3159 2945 etiam
3186 2891 3362 2961 hujus
3389 2907 3528 2946 con-

1881 2979 2101 3030 tactum
2151 2975 2300 3046 fugit
2347 2976 2634 3030 Dominus
2665 2977 2824 3048 quod
2867 2980 3022 3049 apud
3054 2979 3225 3034 illum
3258 2981 3526 3036 nondum

1882 3063 2217 3118 ascenderit
2247 3063 2324 3118 ad
2355 3063 2708 3133 dignitatem
2758 3081 2827 3121 ac
2873 3067 3268 3137 aequalitatem
3300 3068 3480 3123 Patris
3515 3086 3529 3123 :

154 3160 257 3206 τοῦ
286 3157 504 3226 Πατρός.
539 3151 768 3212 Ἀνάξιοι
791 3153 892 3224 γὰρ
916 3151 1076 3202 αὐτοῦ
1099 3153 1144 3202 οἱ
1165 3155 1293 3222 μετά
1321 3155 1567 3214 τοιαύτης
1583 3153 1772 3211 υπολὴ-

1899 3150 2175 3223 ;iquidem
2203 3167 2272 3207 eo
2298 3152 2527 3222 indigni
2559 3159 2718 3221 sunt,
2748 3155 3001 3224 quicum
3033 3155 3379 3226 hujusmodi
3408 3157 3532 3229 opi—

159 3243 200 3313 ψ
213 3260 306 3301 εως
339 3241 475 3310 αὐτῷ
506 3239 969 3316 προσερχόμενοι.]

239 3334 394 3400 Λέγει
445 3360 514 3370 —-
573 3325 893 3383 Διδάσκαλε.
960 3336 1085 3395 Νῦν,
1134 3336 1470 3391 καταστήσας
1518 3335 1611 3389 τὴν
1666 3351 1771 3402 φω-

159 3423 257 3476 νην
290 3423 378 3470 καὶ
409 3422 500 3476 τὴν
549 3421 751 3490 μορφὴν
803 3422 894 3469 καὶ
943 3420 1000 3469 τὸ
1056 3425 1247 3489 σχῆμα
1297 3423 1425 3492 πρὸς
1470 3423 1528 3471 τὸ
1577 3439 1770 3493 γνωρι-

163 3512 414 3579 μώτερον,
445 3502 670 3558 δέδωκεν
717 3505 845 3577 αὐτῇ
900 3507 1148 3563 αἴσθησιν
1205 3505 1394 3574 αὐτῶν,
1443 3513 1531 3559 καὶ
1583 3507 1773 3560 αὐτίκα

166 3604 348 3649 τοῦτον
415 3594 717 3666 ἐπιγνοῦσα,
792 3595 1002 3652 ἐϐόησεν
1078 3596 1176 3646 ὑπὸ
1239 3602 1623 3671 περιχαρείας⁹
1681 3605 1770 3649 Δι-

171 3682 422 3739 δάσκαλε.
483 3683 664 3755 [Ἀλλὰ
694 3683 774 3755 (7)
818 3692 928 3746 πῶς
975 3691 1263 3758 στραφεῖσα
1298 3684 1452 3757 λέγει,
1500 3690 1605 3758 εἴγε
1643 3706 1772 3761 προς

170 3774 322 3826 αὑτὸν
398 3770 692 3844 διελέγετο;
750 3777 888 3825 Διότι
971 3773 1191 3825 εἰποῦσα
1247 3774 1366 3849 ὅπερ
1441 3771 1565 3845 εἶπε,
1630 3795 1772 3847 μετε-

173 3866 375 3936 στράφη
436 3866 563 3936 πρὸς
632 3865 752 3922 τοὺς
827 3861 1074 3933 ἀγγέλους
1160 3859 1286 3914 ἰδεῖν
1382 3863 1424 3914 εἰ
1508 3866 1767 3937 πάρεισιν,

170 3957 201 4011 ἤ
263 3951 520 4024 ἐρωτῆσαι
567 3954 648 4010 τίς
712 3951 736 4001 ό
794 3949 1049 4013 ἐκπλήξας
1100 3950 1321 4012 αὐτούς’
1383 3951 1529 4013 εὐθὺς
1569 3950 1627 4005 δὲ
1683 3960 1770 4004 τοῦ

170 4047 405 4113 Χριστοῦ
480 4039 789 4099 καλέσαντος
867 4042 1047 4108 αὒτὴν,
1118 4038 1346 4112 ἐστράφη
1425 4041 1576 4094 πάλιν
1641 4046 1770 4114 πρὸς

170 4129 370 4200 whom]

243 4223 395 4290 Λέγει
445 4249 513 4258 -
561 4222 631 4290 μή
696 4237 796 4290 μου
847 4217 1032 4270 ἅπτου.
1090 4217 1329 4292 Ὠρριησε
1381 4221 1478 4294 γὰρ
1532 4219 1772 4290 ἅψασθαι

168 4316 267 4360 τῶν
292 4303 469 4360 ποδῶν
498 4307 678 4371 αὐτοῦ,
714 4310 782 4369 ὡς
812 4307 1000 4362 εἰώθει.
1032 4306 1226 4360 Κωλύει
1267 4305 1324 4360 δὲ
1355 4309 1516 4366 αὐτὴν
1547 4313 1774 4381 προσφέ-

167 4398 353 4469 ρεσθαι
380 4395 519 4467 αὐτῷ
549 4404 639 4448 τοῦ
663 4395 866 4462 λοιποῦ,
907 4397 1081 4458 καθὼς
1118 4400 1176 4448 τὸ
1214 4401 1478 4473 πρότερον,
1517 4401 1772 4473 θειοτέρας

169 4481 276 4541 ἤδη
309 4492 400 4547 τῆς
433 4489 628 4557 σαρκὸς
649 4485 807 4535 αὐτοῦ
831 4488 1120 4556 γενομένης.

244 4576 403 4624 Οὔπω
455 4603 524 4615 --
586 4592 706 4645 μου.
767 4580 931 4625 Τοῦτο
982 4570 1090 4625 εἷπε
1144 4575 1216 4625 δι’
1272 4572 1421 4627 οὐδὲν
1471 4576 1656 4646 ἕτερον,
1711 4578 1774 4636 ὡς
1811 4566 1852 4620 Ι)

171 4661 196 4711 ό
245 4664 622 4736 Χρυσόστομός
663 4681 821 4733 φησιν
852 4661 944 4732 (8),
975 4664 1005 4721 ἦ
1051 4667 1202 4734 μόνον
1242 4663 1326 4714 ἱνα
1355 4672 1457 4736 γνῷ
1511 4667 1588 4716 ὅτι
1631 4664 1774 4735 ὑψη-

169 4751 375 4825 λότερός
430 4753 542 4803 ἐστι
595 4755 684 4802 καὶ
741 4747 1162 4825 αἰδεσιμώτερος.
1221 4751 1279 4804 Ὀ
1338 4756 1439 4828 γὰρ
1497 4756 1628 4826 μετὰ
1682 4761 1773 4806 τοῦ

173 4843 416 4909 σώματος
514 4835 753 4891 σπεύδων
835 4838 1120 4892 ἀναϐαίνειν
1217 4844 1346 4914 πρὸς
1419 4845 1505 4894 τὸν
1576 4846 1777 4916 Πατέρα

169 4931 262 4978 καὶ
289 4933 418 4980 Θεὸν
443 4925 705 5001 πρόδηλον
737 4930 815 4980 ὅτι
844 4933 901 4981 τὸ
941 4936 1032 4980 τοῦ
1085 4935 1322 5002 σώματος
1365 4929 1606 5007 ἐπίκηρον
1651 4931 1776 4985 ἁπε-

171 5013 353 5068 ϐάλετο
366 5059 379 5072 .

244 5109 345 5158 Καὶ
375 5109 478 5179 μὴν
527 5108 627 5181 πρὸ
661 5103 897 5179 βραχέος
936 5107 1067 5166 αὕτη
1100 5126 1152 5159 τε
1195 5111 1283 5160 καὶ
1337 5109 1365 5166 ἡ
1422 5107 1546 5167 ἄλλη
1594 5112 1775 5181 Μαρία

1882 3241 2058 3296 nione
2088 3241 2160 3296 ad
2188 3257 2324 3296 eum
2353 3241 2662 3297 accedunt.

1951 3330 2113 3383 Vers.
2174 3331 2252 3383 16.
2313 3330 2565 3384 Dz'cit—
2604 3332 2897 3400 Magister.
2977 3334 3144 3386 Nunc
3195 3333 3531 3404 composita

1879 3432 2045 3482 voce,
2098 3418 2292 3489 specie
2321 3426 2376 3472 et
2410 3418 2643 3484 habitu,
2682 3425 2742 3474 ut
2777 3419 3012 3474 facilius
3045 3427 3526 3490 cognosceretur,

1881 3506 2042 3562 dedit
2073 3507 2121 3561 ei
2153 3507 2368 3561 horum
2403 3507 2688 3575 notitiam,
2724 3509 3042 3579 statimque
3069 3509 3226 3563 illum
3259 3511 3528 3579 agnovit,

1882 3597 2146 3650 clamans
2187 3611 2305 3666 pra:
2338 3595 2556 3658 laetitia,
2588 3596 2879 3666 Magister.
2913 3597 3026 3652 Sed
3052 3598 3362 3669 quomodo
3393 3614 3531 3653 con-

1887 3700 2054 3740 versa
2079 3685 2237 3748 dicit,
2274 3684 2319 3738 si
2348 3685 2473 3753 jam
2497 3701 2631 3739 eum
2662 3701 2733 3739 eo
2763 3685 3163 3756 loquebatur?
3195 3687 3363 3753 Quia,
3390 3703 3530 3742 cum

1881 3773 1940 3827 id
1982 3772 2246 3837 dixisset,
2311 3773 2474 3844 quod
2533 3773 2911 3845 loquebatur,
2965 3790 3260 3830 conversa
3307 3781 3395 3830 est
3451 3777 3530 3831 ad

1882 3860 2147 3929 angelos,
2184 3867 2244 3914 ut
2266 3862 2492 3916 videret
2517 3877 2594 3915 an
2640 3861 2934 3926 adessent,
2977 3861 3068 3916 vel
3102 3868 3164 3918 ut
3207 3863 3530 3933 interroga-

1883 3954 1967 4003 ret
1993 3949 2134 4020 quid
2171 3949 2301 4003 illos
2333 3950 2391 4004 in
2425 3954 2735 4020 stuporem
2768 3950 3114 4004 adduxisset
3149 3967 3160 4004 :
3205 3955 3529 4023 statimque

1883 4038 2110 4094 Christo
2129 4055 2263 4094 eam
2277 4043 2544 4103 vocante,
2561 4054 2769 4093 rursus
2787 4039 2863 4094 ad
2878 4038 3076 4111 ipsum
3117 4055 3407 4096 conversa
3420 4047 3525 4096 est.

1953 4217 2114 4270 Vers.
2153 4219 2235 4269 l7.
2269 4215 2425 4271 Dicit
2470 4242 2534 4255 —
2576 4214 2700 4268 noli
2727 4229 2818 4269 me
2863 4218 3115 4286 tangere.
3160 4218 3310 4272 Nam
3350 4231 3411 4270 se
3452 4216 3530 4272 ad

1885 4305 2252 4374 tangendum
2315 4305 2495 4376 pedes
2547 4304 2672 4375 ejus
2732 4305 3001 4376 aptabat,
3067 4306 3215 4360 sicut
3271 4305 3521 4362 solebat.

1884 4394 2160 4449 Prohibet
2176 4399 2372 4449 autem
2394 4410 2466 4448 ne
2487 4393 2769 4464 deinceps
2791 4393 3039 4450 accedat
3061 4393 3139 4448 ad
3165 4409 3303 4448 eum
3323 4393 3525 4456 modo,

1883 4482 2492 4556 quoprius,cumjam
2511 4482 2768 4536 divinior
2785 4481 2942 4538 facta
2974 4482 3197 4537 sitcaro
3236 4482 3386 4552 ejus.

1956 4571 2121 4626 Vers.
2176 4573 2259 4625 17.
2311 4570 2579 4626 Nondum
2627 4600 2695 4609 —
2745 4586 2954 4626 meum.
3007 4570 3128 4625 Hoc
3177 4570 3254 4624 ad
3299 4569 3528 4626 nullum

1884 4660 2065 4715 alium
2096 4659 2241 4715 dixit
2271 4660 2475 4727 tinem,
2506 4664 2566 4714 ut
2586 4660 2666 4714 ait
2691 4658 3178 4730 Chrysostomus,
3209 4658 3316 4713 nisi
3348 4665 3410 4714 ut
3441 4675 3532 4714 so-

1882 4750 2007 4805 lum
2039 4747 2562 4818 intelligeretqu'od
2581 4747 2893 4802 sublimior
2920 4749 2994 4802 sit
3023 4747 3330 4819 magisque
3361 4763 3531 4803 vene-

1883 4839 2123 4895 randus.
2160 4840 2307 4892 Nam
2347 4837 2451 4908 qui
2503 4836 2709 4892 nititur
2737 4852 2876 4892 cum
2928 4853 3176 4908 corpore
3219 4837 3292 4892 ad
3343 4839 3532 4893 Deum

1887 4944 1954 4984 ac
1987 4931 2214 4982 Patrem
2246 4925 2589 4993 ascendere,
2615 4925 2993 4981 manifestum
3019 4929 3109 4982 est
3136 4924 3300 4997 quod
3323 4941 3533 4998 corpo-

1883 5019 1963 5074 ris
1992 5015 2362 5084 fragilitatem
2396 5015 2713 5085 abjecerat.

1957 5105 2134 5178 Atqui
2165 5103 2347 5178 paulo
2380 5109 2516 5160 ante
2555 5103 2682 5177 ipsa
2720 5107 2776 5160 et
2806 5103 2988 5160 altera
3014 5102 3193 5161 Maria
3224 5107 3536 5161 tenuerant

1399 5287 1609 5357 Variae
1645 5285 1970 5355 lectiones
2014 5293 2078 5351 et
2119 5291 2320 5352 notae.

237 5461 316 5562 ς)
352 5466 479 5562 haec
504 5466 754 5562 uterque
787 5462 847 5562 in
866 5466 1164 5562 margine.

237 5537 316 5604 (2)
359 5535 595 5591 inclusa
621 5535 916 5592 desuntA.
1014 5535 1035 5538 ⁷

238 5606 317 5676 (3)
359 5609 546 5663 Etiam
576 5607 708 5663 haec
730 5609 950 5666 absunt
978 5611 1042 5664 A.

238 5680 319 5750 (4)
360 5679 593 5735 Inclusa
622 5679 843 5736 absunt
872 5685 938 5736 A.

489 5775 727 5834 ΡΑτιιιοι..
771 5775 873 5835 Gn.
912 5777 1152 5837 CXXXI.

1958 5464 2034 5536 (ὅ)
2077 5463 2140 5518 In
2166 5461 2438 5536 margine
2454 5458 2592 5536 haec
2621 5459 2804 5518 habet
2832 5461 3018 5518 codex
3053 5466 3317 5532 uterque.

1956 5533 2032 5606 (6)
2077 5539 2176 5587 Καὶ
2207 5534 2423 5606 omittit
2454 5533 2509 5586 Β.

1953 5605 2030 5678 (7)
2067 5605 2538 5678 inclusaabsunt
2568 5610 2630 5678 Α.

1956 5676 2036 5749 (8⁷)
2075 5679 2218 5734 Tom
2250 5676 2391 5744 Vill,
2416 5691 2476 5750 p.
2509 5677 2630 5731 515.

3148 5768 3216 5835 47
