4130 6320
637 265 774 333 1483

1958 276 2297 333 ΕυΤΗΥΜΙΙ
2347 269 2675 335 ZIGABENI

3898 282 4003 337 im

631 402 818 475 pedes
869 400 1001 472 ejus
1043 400 1197 456 sicut
1244 401 1481 474 scripsit
1517 401 1818 459 Mattheus
1860 403 1931 468 ",
1986 401 2091 457 scd
2138 407 2262 457 tum

2390 403 2683 479 ἐκράτησαν
2708 406 2865 458 αὑτοῦ
2895 411 3012 469 τοὺς
3039 404 3221 473 πόδας,
3245 411 3311 470 ὡς
3338 411 3643 483 ἱστόρησεν
3666 410 3695 460 ό
3718 411 4000 468 Mart-Gaia;-

629 492 877 564 quidem
903 506 1025 547 non
1056 490 1378 562 prohibuit,
1410 491 1758 563 permittens
1790 495 1854 547 ut
1877 491 2084 548 ﬁerent
2121 496 2281 548 tactu

629 580 927 649 certiores,
976 595 1093 636 non
1124 595 1252 636 esse
1297 580 1678 653 phantasma.
1712 580 1881 636 Nunc
1911 587 2111 638 autem
2158 597 2279 637 non

628 670 913 743 permittit
935 669 1083 742 quia
1110 672 1166 726 et
1193 668 1442 726 visionis
1481 675 1539 727 et
1564 675 1754 727 tactus
1774 670 1959 727 oblita
1988 676 2134 735 erat,
2168 685 2278 726 nec

626 760 979 817 crediderat.

697 850 863 906 Vers.
901 853 990 904 l7.
1049 848 1166 906 Sed
1205 849 1444 907 vade—
1483 856 1756 907 vestrum.
1790 850 1967 923 Atqui
2008 866 2129 906 non
2162 854 2275 907 sta-

624 941 732 997 tim
779 954 1136 997 ascensurus
1165 945 1309 1005 erat,
1351 940 1458 996 sed
1482 945 1620 1013 post
1647 940 2051 1013 quadraginta
2101 940 2227 997 dies
2257 961 2273 1009 ς

621 1028 928 1103 quomodo
957 1043 1099 1100 ergo
1118 1027 1258 1084 dicit
1295 1046 1309 1082 :
1343 1029 1606 1086 Ascendo
1632 1030 1658 1085 ?
1684 1028 1894 1102 Utique
1917 1034 1981 1085 ut
2009 1030 2272 1102 amplius

621 1123 883 1175 mentem
915 1118 1046 1188 ejus
1075 1118 1136 1172 in
1163 1117 1417 1174 sublime
1445 1119 1714 1189 erigeret,
1746 1124 1802 1175 et
1839 1118 2031 1175 adhuc
2060 1118 2266 1175 conﬁr-

620 1223 797 1265 mans
828 1222 891 1262 se
919 1205 1328 1262 sublimiorem
1358 1223 1428 1263 ac
1456 1207 1801 1264 diviniorem
1832 1224 1980 1274 esse,
2032 1224 2102 1264 ac
2151 1214 2273 1264 stu-

621 1296 772 1353 dens
820 1300 886 1352 ut
932 1294 1213 1367 deinceps
1260 1295 1475 1367 majori
1526 1312 1665 1353 cum
1716 1298 2096 1354 veneratione
2144 1298 2269 1353 ani-

620 1401 791 1441 mum
813 1385 864 1441 ei
890 1383 1224 1440 intenderet
1251 1393 1310 1440 et
1346 1384 1728 1442 auscultaret.

690 1475 978 1531 Praeterea
1015 1473 1265 1530 verbum
1291 1474 1580 1540 Ascendo,
1611 1475 1907 1547 signiﬁcat
1934 1475 2268 1533 Ascendere

617 1563 775 1630 volo,
837 1562 1002 1637 quod
1054 1568 1255 1619 tamen
1304 1563 1384 1620 ad
1433 1563 1675 1634 longius
1741 1570 1983 1637 tempus
2036 1564 2265 1623 extendi

613 1656 827 1728 potest.

686 1740 1005 1815 Discipulis
1036 1747 1236 1799 autem
1269 1741 1346 1799 ad
1368 1744 1721 1800 memoriam
1747 1748 1988 1800 revocat
2012 1744 2074 1799 id
2100 1745 2262 1817 quod
2303 1761 2343 1815 Β

617 1832 970 1905 frequenter,
1018 1831 1373 1904 priusquam
1418 1832 1669 1888 traditus
1722 1837 1894 1904 esset,
1946 1833 2058 1888 illis
2106 1833 2263 1890 dixe-

2391 492 2519 545 ἁ)λὰ
2542 499 2656 546 τότε
2681 498 2771 566 μὲν
2798 496 2892 547 οὐκ
2918 493 3235 564 ἆπεκώλυσε,
3257 504 3513 571 παρέχων
3540 498 4004 572 πληροφορηθὶτιι

2390 579 2484 635 διὰ
2511 592 2607 645 τῆς
2636 584 2766 656 ἁφῆς
2797 585 2876 636 ὅτι
2907 584 3000 637 οὐκ
3049 589 3163 639 ἔστι
3208 590 3392 659 φάσμα
3423 604 3443 621 ⁸
3475 596 3574 639 νῦν
3610 584 3677 640 δὲ
3710 588 3776 639 οὗ
3814 606 4001 657 συγχειιι⁴

2385 680 2483 746 ρεί,
2518 669 2657 725 διότι
2692 682 2789 735 τῆς
2831 675 3088 738 ὀπτασίας
3126 675 3319 737 ἐκείνης
3364 681 3460 729 καὶ
3509 685 3581 735 τῆ
3595 699 3619 739 ς
3660 676 3778 749 αφῆ
3791 699 3815 739 ς

2390 763 2502 814 θετο
2531 767 2620 814 καὶ
2650 763 2849 821 ἠπίστη
2859 783 2935 816 σε.

2457 854 2684 925 Πορεύου
2713 849 2772 904 δε
2801 884 2872 893 —
2912 855 3073 925 ὑμῶν.
3122 858 3223 907 Καὶ
3272 859 3374 926 μὴν
3414 855 3513 907 οὐκ
3568 855 3779 915 εὐθέως
3830 854 4001 928 Egeria

2385 938 2694 1007 ἀναϐαίνειν,
2740 940 2867 994 ἀλλὰ
2914 945 3045 1014 μετὰ
3086 947 3477 1015 τεσσαράκοντα
3505 946 3754 1017 ἡμέρας,
3797 954 3905 1006 πῶς
3933 944 4001 996 εἰν

2380 1028 2669 1082 ’Δναϐαίνω
2733 1030 2902 1101 λέγει;
2960 1034 3172 1094 Πάντως
3228 1031 3308 1084 ἐπὶ
3369 1032 3522 1085 πλέον
3578 1032 3808 1104 ἀνάγων
3862 1035 3999 1091 uiri;

2380 1123 2472 1177 τὴν
2512 1115 2770 1184 διάνοιαν,
2816 1125 2905 1173 καὶ
2934 1122 3011 1174 ἑτι
3037 1121 3113 1192 (9)
3153 1119 3376 1193 βεϐαιῶν
3407 1125 3490 1174 ὅτι
3521 1122 3879 1197 ὑψηλότερός
3906 1124 4000 1175 ἐστι

2381 1212 2468 1260 καὶ
2500 1210 2770 1282 θειότερος,
2803 1214 2889 1262 xui
2916 1212 3103 1263 πείθων
3134 1207 3538 1285 αἰδεσιμώτερον
3578 1213 3744 1284 αὐτῷ
3787 1221 3881 1266 τοῦ
3906 1214 4002 1265 λοι-

2380 1304 2480 1349 ποῦ
2508 1302 2809 1371 προσέχειν.

2449 1475 2645 1539 Ἀλλως
2696 1496 2747 1529 τε
2796 1477 2907 1548 (10)
2956 1481 3014 1529 τό
3063 1475 3346 1529 Ἀναϐαίνω
3391 1473 3555 1535 δηλοῖ
3600 1485 3700 1531 καὶ
3772 1484 3838 1532 τό
3896 1484 4003 1532 Βαι-

2376 1564 2525 1637 λομαι
2576 1564 2887 1631 ἀναϐαίνειν,
2922 1563 3203 1639 δυνάμενον
3234 1566 3305 1628 εἰς
3341 1565 3555 1619 πλείονα
3598 1572 3806 1642 καιρὸν
3861 1570 4007 1621 ἐκτει-

2376 1656 2576 1707 νεσθαι.

2448 1741 2858 1813 Ἀναμιμνήσκει
2905 1738 2965 1794 δε
3011 1746 3131 1803 τοὺς
3159 1742 3396 1814 μαθητὰς
3447 1742 3505 1794 οὗ
3551 1742 3833 1806 πολλάκις
3881 1745 4001 1799 sita

2376 1830 2546 1890 αὐτοῖς
2576 1834 2675 1903 πρὸ
2703 1838 2794 1883 τοῦ
2822 1827 3208 1903 παραδοθῆναι.
3236 1827 3515 1902 Ἀδελφούς
3543 1828 3604 1883 δὲ
3632 1833 3851 1896 αὐτοὺς
3890 1836 4001 1886 ὠνει-

614 1926 723 1978 rat.
759 1924 987 1977 Fratres
1016 1935 1158 1976 vero
1188 1936 1329 1976 suos
1355 1920 1709 1992 nominavit,
1742 1927 2020 1993 tanquam
2050 1927 2106 1977 et
2134 1922 2262 1995 ipse

2381 1939 2558 1991 μασεν,
2592 1923 2656 1979 ὡς
2694 1924 2783 1971 καὶ
2827 1919 2984 1982 αὐτὸς
3022 1921 3309 1993 ἅνθρωπος,
3365 1925 3453 1972 καὶ
3507 1928 3792 1992 συγγενὴς
3843 1925 3996 1975 αὐτὼ

613 2010 816 2075 homo,
848 2013 905 2065 et
928 2016 1219 2078 cognatus
1239 2024 1446 2065 eorum
1471 2009 1646 2080 juxta
1670 2010 2124 2066 humanitatem.

689 2099 807 2153 Alio
835 2102 1036 2152 tamen
1071 2096 1254 2152 modo
1284 2099 1513 2153 Patrem
1537 2097 1685 2153 dixit
1714 2098 1950 2153 Patrem
1981 2115 2181 2165 suum,
2209 2104 2265 2156 et

616 2187 735 2245 alio
781 2183 1211 2256 discipulorum
1264 2204 1278 2241 :
1330 2202 1506 2242 suum
1552 2186 1794 2258 quidem
1850 2192 2085 2256 natura,
2140 2192 2264 2244 tan-

2374 2012 2508 2061 κατὰ
2528 2012 2585 2060 τό
2612 2008 2946 2079 ἀνθρώπινον,

2442 2097 2658 2170 Ἑτέρως
2714 2094 2772 2150 δὲ
2831 2101 3038 2171 Πατέρα
3088 2098 3269 2151 ἑαυτοῦ
3312 2102 3397 2150 τόν
3453 2102 3673 2173 Πατέρα
3732 2099 3882 2168 εἷπε,
3926 2124 3995 2154 καί

2376 2189 2550 2261 ἑτέρως
2596 2196 2695 2239 τῶν
2742 2189 2988 2258 μαθητῶν
3018 2207 3029 2219 ·
3074 2187 3258 2240 ἑαυτοῦ
3314 2192 3404 2260 μεν
3455 2191 3609 2260 φύσει
3668 2193 3748 2252 ὡς
3816 2195 3992 2265 ὁμων-

616 2292 800 2351 quam
863 2274 1135 2346 ejusdem
1175 2275 1522 2331 substantiae
1572 2293 1586 2341 ;
1627 2275 2061 2347 discipulorum
2097 2293 2260 2347 vero,

611 2366 840 2423 ratione
871 2363 1185 2419 creationis
1228 2378 1299 2419 ac
1324 2364 1735 2436 providentiae,
1771 2370 2056 2438 tanquam
2103 2382 2262 2423 crea-

609 2461 881 2512 turarum
897 2470 967 2511 ac
989 2454 1363 2525 providentia
1389 2453 1731 2525 dignorum.
1761 2457 1949 2513 Deum
1978 2460 2174 2513 autem
2202 2463 2260 2514 et

610 2561 788 2601 suum
813 2548 871 2600 et
893 2542 1347 2616 discipulorum,
1376 2548 1579 2616 utpote
1608 2544 1944 2601 hominum.

680 2634 748 2690 Et
788 2648 975 2706 quare
1004 2648 1129 2688 non
1185 2632 1536 2705 simpliciter
1583 2633 1767 2689 dixit:
1813 2636 1876 2691 Et
1924 2636 2111 2691 Deum
2157 2650 2260 2692 no-

608 2728 820 2792 strum,
849 2720 955 2778 sed
986 2723 1165 2778 etiam
1196 2722 1292 2778 hic
1345 2722 1611 2778 distinxit
1638 2723 1665 2776 ?
1696 2724 1859 2790 Quia,
1910 2724 2045 2780 licet
2074 2725 2258 2781 homo

606 2812 797 2868 factus
845 2815 934 2867 est
961 2816 1020 2866 et
1064 2810 1245 2867 frater
1274 2826 1502 2877 eorum,
1560 2816 1774 2868 natura
1815 2813 2205 2869 humanitatis
2240 2831 2253 2869 :

604 2901 833 2957 honore
868 2905 1066 2956 tamen
1098 2899 1420 2972 plurimum
1449 2901 1527 2956 ab
1556 2900 1640 2956 eis
1665 2901 1999 2969 differebat,
2033 2907 2088 2959 et
2110 2902 2259 2958 divi-

604 2990 810 3045 nitatis
841 2991 1061 3044 unione
1102 3005 1172 3044 ac
1201 2988 1719 3060 impeccabilitate.

676 3078 959 3166 Vers.718.
1002 3077 1165 3134 Venit
1189 3108 1257 3119 —
1286 3078 1418 3133 sibi.
1452 3080 1518 3133 Et
1546 3078 1711 3150 quod
1737 3094 1809 3135 ea
1841 3079 1957 3135 sibi
1987 3078 2251 3146 dixisset,
2286 3109 2326 3166 ρ

602 3183 740 3240 quae
766 3165 1039 3223 videlicet.
1084 3167 1135 3223 ei
1162 3166 1397 3223 locutus
1438 3167 1648 3238 fuerat,
1681 3172 1737 3224 et
1766 3168 1908 3240 quia
1939 3168 2256 3225 verisimile

603 3260 729 3313 erat
758 3255 1101 3328 discipulos,
1146 3272 1285 3312 cum
1311 3256 1441 3313 haec
1469 3256 1796 3323 audissent,
1824 3262 1927 3313 aut
1967 3274 2089 3314 non
2134 3274 2253 3314 cre-

601 3345 742 3401 dere
819 3345 1072 3412 mulieri,
1135 3346 1285 3401 sicut
1341 3361 1452 3402 nec
1507 3347 1674 3418 prius
1727 3363 1744 3402 :
1795 3353 1897 3403 aut
1949 3347 2254 3403 credentes

600 3437 844 3508 (nempe
897 3451 1036 3491 cum
1087 3438 1355 3491 narraret
1403 3434 1737 3491 conformia
1781 3435 1877 3491 his
1921 3452 2053 3508 quae
2094 3436 2254 3492 vide-

599 3528 734 3579 rant
759 3526 959 3579 Petrus
985 3527 1043 3579 et
1069 3524 1333 3579 Joannes
1365 3524 1498 3596 (cc),
1531 3522 1756 3589 dolore,
1785 3524 1950 3596 quod
1986 3526 2112 3597 ipse
2150 3524 2255 3580 hu-

596 3611 856 3683 jusmodi
885 3616 1126 3684 aspectu
1152 3612 1318 3682 digni
1344 3611 1533 3668 habiti
1562 3628 1685 3668 non
1716 3612 1966 3669 fuissent
1998 3630 2010 3668 :
2040 3612 2251 3669 eodem

602 3701 699 3757 die
726 3701 905 3757 etiam
936 3700 1047 3757 illis
1078 3706 1343 3774 apparet.
1372 3701 1572 3757 Primo
1596 3717 1862 3774 namque
1889 3701 2247 3758 desiderium

599 3806 809 3847 eorum
853 3790 1088 3847 exacuit
1146 3806 1159 3845 :
1214 3789 1425 3846 deinde
1469 3791 1553 3846 eis
1605 3790 2066 3847 desiderabilius
2123 3807 2252 3847 sese

599 3879 874 3953 praebuit,
899 3881 1026 3951 jam
1057 3878 1255 3936 videre
1277 3879 1856 3951 concupiscentibus.

671 3968 836 4026 Vers.
893 3973 976 4026 19.
1022 3968 1171 4025 Cum
1218 3983 1357 4038 ergo
1401 3974 1547 4025 esset
1593 4000 1660 4007 —
1712 3968 1923 4025 medio.
1975 3968 2067 4027 Ad
2126 3984 2250 4024 ves-

599 4074 806 4131 peram
833 4058 1015 4127 venit,
1046 4058 1293 4129 quando
1341 4058 1533 4127 magis
1562 4057 1855 4114 timebant
1900 4063 1959 4113 et
2005 4074 2142 4114 cum
2176 4059 2248 4113 si-

597 4146 724 4203 mul
747 4153 950 4202 essent
975 4147 1337 4217 congregati,
1372 4152 1428 4202 et
1449 4146 1692 4219 quidem
1717 4147 1935 4218 junuas
1965 4163 2089 4204 non
2122 4148 2251 4220 pul-

599 4235 772 4305 savit,
820 4250 895 4291 ne
947 4235 1350 4301 turbarentur,
1380 4236 1484 4290 sed
1511 4235 1726 4291 clausis
1782 4236 1897 4290 illis
1965 4236 2245 4303 introivit,

594 4330 887 4397 tanquam
930 4327 1102 4393 Deus,
1156 4328 1212 4380 et
1260 4323 1429 4396 quasi
1462 4339 1710 4395 corpore
1754 4341 1864 4381 suo
1888 4324 1999 4381 levi
2027 4326 2146 4397 jam
2192 4333 2249 4383 et

595 4414 799 4470 subtili
828 4430 898 4471 ac
930 4412 1253 4470 immortali
1273 4412 1500 4470 effecto.
1530 4414 1695 4469 Stetit
1720 4420 1919 4471 autem
1949 4415 2008 4470 in
2033 4416 2244 4473 medio.

597 4507 661 4559 ut
682 4502 965 4558 omnibus
988 4506 1145 4558 esset
1165 4502 1548 4574 conspicuus.

668 4593 830 4649 Vers.
878 4592 962 4647 19.
1009 4592 1089 4646 Et
1125 4622 1195 4633 —
1233 4591 1413 4647 vobis.
1465 4593 1583 4647 Hoc
1630 4594 1738 4658 est,
1783 4606 1855 4647 ne
1900 4591 2244 4650 turbemini.

593 4678 781 4737 Etiam
816 4680 1076 4736 moriens
1106 4695 1312 4751 pacem
1353 4680 1468 4735 illis
1511 4679 1830 4752 reliquerat
1860 4697 1874 4736 :
1902 4680 2129 4747 Pacem,
2159 4680 2245 4736 in-

592 4770 739 4842 quit,
769 4783 953 4826 meam
974 4769 1244 4840 relinquo
1275 4768 1424 4825 vobis
1455 4770 1521 4823 ”.
1553 4769 1892 4825 Mulieribus
1917 4784 2080 4839 ergo,
2106 4786 2242 4842 quae

592 4856 898 4931 discipulae
928 4862 1113 4924 erant,
1151 4858 1442 4928 gaudium
1471 4862 1608 4915 ante
1637 4874 1881 4917 omnem
1912 4874 2243 4915 sermonem

663 5012 710 5045 οι
748 5008 957 5069 Matth.
1004 5025 1202 5078 xxvnl,
1237 5012 1289 5065 9.
1323 5012 1369 5047 95
1405 5010 1619 5067 Joann.
1653 5027 1775 5077 xw,
1808 5015 1894 5066 27.

2378 2280 2517 2341 σίου,
2550 2284 2648 2327 τῶν
2692 2279 2938 2348 μαθητῶν
2970 2273 3029 2329 δὲ
3060 2284 3131 2347 τῷ
3160 2276 3294 2348 λόγῳ
3338 2285 3433 2338 τῆς
3486 2273 3876 2352 δημιουργίας
3920 2303 3991 2332 xu:

2372 2371 2616 2439 προνοίας
2660 2367 2730 2426 ὡς
2780 2362 3260 2439 δημιουργημάτων
3312 2369 3401 2417 καὶ
3443 2370 3705 2439 προνοίας
3753 2370 3991 2441 ἀξιουμέ-

2371 2475 2466 2505 νων
2500 2472 2511 2482 ·
2543 2453 2690 2527 [Θεὸν
2735 2455 2848 2526 (11)
2879 2451 2937 2506 δὲ
2966 2459 3055 2506 καὶ
3087 2453 3270 2507 ἑαυτοῦ
3317 2459 3405 2507 καὶ
3446 2464 3545 2506 τῶν
3595 2460 3899 2528 μαθητῶν,
3940 2465 3993 2519 si;

2372 2541 2671 2615 ἀνθρώπων.

2445 2637 2544 2685 Καὶ
2592 2640 2700 2693 πῶς
2750 2631 2856 2703 οὐχ
2904 2630 3075 2693 ἁπλῶς
3118 2630 3245 2697 εἶπε,
3291 2637 3391 2684 Καὶ
3438 2636 3568 2685 Θεὸν
3619 2635 3816 2707 ἡμῶν,
3878 2636 3995 2689 {illi

2368 2721 2632 2773 κάνταῦθα
2680 2717 2956 2773 διέστειλεν
2997 2721 3212 2789 ἐαυτόνς
3243 2725 3403 2789 Διότι,
3455 2722 3498 2774 εἰ
3552 2728 3648 2775 καὶ
3711 2727 3994 2801 ἄνθρωπος

2367 2816 2543 2882 γέγονε
2587 2815 2676 2862 xui
2711 2807 2928 2882 ἀδελφός
2973 2809 3139 2862 αὐτῶν
3187 2818 3249 2882 τῇ
3302 2814 3452 2882 φύσει
3489 2819 3587 2872 τῆς
3641 2812 3994 2888 ἀνθρωπόττ-

2364 2920 2470 2965 τος,
2506 2898 2634 2951 ἀλλὰ
2674 2898 2800 2951 πολὺ
2852 2896 3078 2973 διέφερεν
3117 2898 3281 2951 αὐτῶν
3323 2907 3384 2971 τῇ
3432 2907 3559 2972 τιμῇ
3607 2898 3713 2955 διά
3780 2923 3843 2956 τε
3910 2911 3991 2961 τῇ

2367 2990 2546 3041 ἕνωσιν
2577 2998 2671 3050 τῆς
2694 2990 2933 3050 θεότητος
2953 2993 3041 3039 καὶ
3073 2985 3167 3040 διὰ
3191 2991 3248 3040 τὸ
3275 2987 3687 3063 ἁναμάρτητον.]

2436 3078 2690 3152 Ἔρχεται
2744 3108 2808 3118 —-
2872 3077 3025 3149 αὐτῇ.
3086 3082 3186 3130 Καὶ
3241 3078 3319 3129 ὃτι
3378 3085 3545 3129 ταῦτα
3616 3076 3767 3132 εἶπεν
3860 3091 3985 3138 auri

2364 3166 2397 3219 ἃ
2458 3163 2701 3224 δηλονότι
2765 3165 3035 3224 λελάληκεν
3089 3166 3241 3239 αὐτῇ.
3299 3165 3467 3238 [Ἐπεὶ
3519 3166 3637 3239 (l2)
3701 3165 3772 3222 δὲ
3838 3172 3987 3231 εἰκός.

2364 3260 2485 3317 τοὺς
2524 3257 2764 3329 μαθητὰς
2795 3253 3121 3315 ἀκούσαντας
3149 3262 3314 3306 ταῦτα
3339 3258 3369 3312 ἦ
3408 3251 3717 3308 διαπιστεῖν
3767 3267 3842 3331 τῇ
3895 3282 3988 3331 7η,

2363 3350 2525 3415 ναικὶ,
2576 3346 2807 3418 καθάπερ
2861 3349 2951 3396 καὶ
3007 3349 3274 3419 πρότερον,
3328 3348 3358 3402 ἧ
3420 3348 3860 3417 πιστεύσαντας,
3919 3352 3994 3401 si:

2362 3438 2451 3485 xui
2495 3430 2585 3486 τοῦ
2638 3438 2831 3509 Πέτρου
2884 3438 2974 3485 xui
3029 3432 3262 3487 Ἰωάννου
3313 3434 3714 3505 συντιθεμένων,
3786 3437 3884 3510 ἀφ’
3934 3441 3993 3488 ὧν

2364 3518 2500 3575 εἶδον
2534 3521 2724 3594 ἀλγεῖν,
2774 3523 2853 3575 ὅτι
2901 3522 3050 3575 αὐτοὶ
3084 3522 3178 3574 οὐκ
3221 3521 3518 3585 ἠξιώθησαν
3559 3522 3736 3593 ὅψεως
3806 3530 3990 3597 αὑτοῦ,

2364 3612 2655 3686 αὐθημερόν
2709 3610 3043 3683 ἐμφανίζεται
3090 3615 3179 3662 xui
3224 3610 3413 3671 αὐτοῖς.
3460 3617 3679 3682 Πρῶτον
3730 3618 3842 3685 μὲν
3896 3622 3986 3689 γὰρ

2363 3700 2621 3773 ἐγύμνασε
2665 3704 2753 3752 τόν
2797 3701 2952 3751 πόθον
3002 3699 3188 3767 αὐτῶν,
3232 3696 3343 3752 εἶτα
3384 3701 3749 3774 ποθεινότερον
3808 3706 3988 3758 eam

2362 3793 2626 3862 παρέσχεν
2650 3788 2846 3857 αὐτοῖς,
2876 3784 3109 3860 διψῶσιν
3139 3784 3246 3847 ἤδη
3275 3788 3473 3859 αὐτόν]

2434 3970 2614 4028 Οὔσης
2660 3963 2748 4019 οὖν
2800 3966 2957 4038 ὀψίας
3005 3997 3077 4006 —
3125 3969 3303 4038 μέσον.
3356 3968 3607 4039 Ἐσπέρας
3672 3964 3868 4033 ἦλθεν,
3911 3976 3986 4024 6:;

2363 4056 2549 4129 μᾶλλον
2610 4056 2882 4128 ἐφοϐοῦντο
2929 4059 3020 4108 xui
3071 4056 3153 4107 ὅτε
3212 4059 3516 4126 συνήγοντο.
3560 4060 3669 4108 Καὶ
3730 4062 3841 4121 τὰς

2364 4148 2518 4219 θύρας
2562 4145 2619 4197 οὐ
2673 4144 2934 4209 ἐπάταξεν,
2980 4146 3062 4196 ἵνα
3115 4148 3186 4215 μὴ
3232 4142 3609 4217 θορυϐηθωσιν,
3666 4147 3983 4221 κεκλεισμο

2357 4255 2453 4286 νων
2509 4230 2567 4287 δὲ
2621 4231 2852 4292 εἰσῆλθεν
2906 4234 2973 4295 ὡς
3027 4236 3175 4301 Θεὸς,
3224 4236 3312 4284 xui
3360 4235 3429 4294 ὡς
3478 4231 3671 4285 λεπτοῦ
3731 4233 3853 4295 ἤδη
3896 4246 3979 4289 xxi

2358 4326 2549 4395 κούφου
2597 4327 2686 4375 xui
2732 4320 2993 4395 ἀκηράτου
3038 4325 3306 4394 γενομένου
3356 4328 3446 4373 τοῦ
3496 4326 3746 4394 σώματος
3792 4328 3975 4379 αὐτοῦ.

2361 4412 2521 4470 "Eam
2558 4409 2616 4464 δὲ
2646 4412 2715 4472 εἰς
2744 4415 2801 4464 τό
2823 4416 2999 4485 μέσον,
3038 4413 3121 4463 ἵνα
3148 4416 3307 4463 πᾶσιν
3335 4413 3409 4469 εἴη
3438 4412 3642 4473 θεατός.

2428 4594 2529 4643 Καὶ
2573 4621 2642 4630 -
2684 4591 2824 4662 ὑμῖν.
2867 4590 3160 4663 [Τουτέστι,
3212 4586 3328 4660 (l3)
3367 4591 3439 4660 μὴ
3472 4589 3813 4664 ταράχθητε.
3872 4599 3962 4644 ﬁcu

2356 4678 2696 4737 ἀποθνήσκων
2746 4675 2806 4731 δὲ
2885 4678 3089 4751 εἰρήνην
3172 4676 3363 4749 ἀφῆκεν
3438 4677 3618 4740 αὐτοῖς
3657 4696 3672 4709 ·
3737 4680 3961 4753 Εἱρένιςν

2353 4772 2474 4842 γὰρ,
2518 4773 2696 4841 φησὶν,
2743 4766 2933 4840 ἀφίημι
2987 4768 3134 4838 ὑμῖν.
3188 4773 3310 4827 Ταῖς
3357 4770 3447 4839 μὲν
3498 4768 3590 4819 οὖν
3652 4770 3964 4843 μαθητρίας

2353 4860 2526 4931 χαρὰν
2565 4860 2665 4931 πρὸ
2696 4861 2886 4918 παντὸς
2909 4854 3065 4928 λόγου
3114 4851 3341 4909 δέδωκεν
3389 4856 3597 4919 αὐταῖς.
3649 4861 3844 4918 Λύπην
3872 4864 3966 4932 γὰρ

1893 5188 2119 5258 Variae
2153 5188 2481 5259 lectiones
2497 5196 2564 5258 et
2592 5199 2795 5259 notae.

689 5356 742 5428 9)
776 5354 1135 5423 Ἐπιϐεϐαιῶν,
1167 5357 1389 5414 omisso
1415 5359 1491 5409 ἔτι
1514 5356 1578 5411 Α.

689 5430 779 5499 10)
812 5430 894 5493 Δέ,
928 5435 1066 5497 post
1089 5445 1141 5481 τι
1161 5429 1484 5499 interponit
1509 5430 1575 5483 Λ.

695 5496 778 5570 tl)
825 5496 1057 5557 Inclusa
1086 5496 1393 5557 absunt'A.

2423 5359 2543 5502 Et?)
2569 5359 2804 5415 Inclusa
2826 5358 3047 5415 desunt
3070 5358 3136 5414 A.

2453 5432 2540 5502 t3)
2568 5430 2804 5489 Inclusa
2833 5430 3045 5487 desunt
3068 5432 3136 5485 A.

2453 5432 2540 5503 t3)
2568 5430 2804 5489 Inclusa
2833 5430 3045 5487 desunt
3068 5432 3137 5485 A.

658 5674 762 5759 (cc)
801 5676 1019 5752 Nempe
1041 5705 1108 5718 —-
1135 5678 1410 5738 Joannes.
1442 5674 1649 5753 Utpote
1688 5673 1855 5737 Petro
1886 5674 2067 5738 etiam
2098 5684 2156 5738 et
2182 5679 2410 5741 Joanne
2435 5680 2993 5757 comprobantibus,
3027 5678 3531 5740 assentientibus.
