4130 6320
285 329 438 383 1485

1386 327 1754 383 COMMENT.
1796 328 1865 382 IN
1904 327 2257 384 JOANNEM.
2289 361 2356 370 -—
2383 330 2536 385 CAP.
2568 331 2688 386 XX.

3526 331 3666 387 1486

282 455 348 503 τὸ
393 454 538 523 γένος
564 450 720 504 ἐκεῖνο
759 455 1089 526 κατεκέκριτο
1124 472 1134 483 ·
1168 459 1276 513 τοῖς
1294 447 1352 504 δὲ
1375 455 1635 524 μαθηταῖς
1665 452 1875 526 εἰρήνην

2009 455 2209 512 tribuit
2237 453 2384 527 (dd),
2428 471 2498 512 eo
2525 455 2682 528 quod
2709 455 2787 511 ad
2814 469 3132 511 maerorem
3156 468 3347 524 genus
3377 452 3523 510 illud
3538 453 3666 510 fue-

284 537 390 592 διὰ
422 541 532 612 (14)
575 545 660 592 τὸν
705 543 1117 613 ὑποπτευόμενον
1148 541 1365 613 πόλεμον
1411 540 1508 593 ἀπὸ
1541 561 1594 593 τε
1623 539 1894 594 Ἰουδαίων

280 634 381 681 καὶ
415 630 690 688 Ἑλλήνων.

368 725 469 773 Καὶ
495 750 564 760 -
596 720 776 771 αὐτοῦ.
810 723 1048 777 Ζήτησον
1106 719 1155 771 ἐν
1183 728 1253 790 τῷ
1317 720 1586 791 τελευταίῳ
1636 720 1894 792 κεφαλαίῳ

290 817 386 860 τοῦ
431 811 565 860 κατά
625 815 828 861 Λουκᾶν
863 813 939 860 τό·
975 814 1072 861 Καὶ
1122 808 1270 860 αὐτοὶ
1317 805 1593 880 ἐξηγοῦντο
1641 813 1706 860 τὰ
1742 812 1788 860 ἐν
1828 817 1889 880 τῇ

292 895 431 968 ὁδῷ,
460 903 550 950 καὶ
575 900 640 948 τὰ
671 898 801 962 ἑξῆς,
841 897 1000 970 [ἄχρι
1168 905 1256 948 τον
1288 915 1298 926 ·
1326 896 1442 951 "Eri.
1466 894 1522 950 δε
1541 896 1893 949 ἀπιστούντων

293 987 465 1038 αὐτῶν
494 985 593 1038 ἀπὸ
643 995 739 1048 τῆς
768 993 942 1060 χαρᾶς
972 992 1061 1038 καὶ
1103 987 1470 1058 θαυμαζόντων
1508 1004 1517 1014 '
1549 987 1569 1058 ]
1619 992 1706 1038 καὶ
1739 986 1894 1056 ἀνάγ-

292 1079 418 1128 νωθι
451 1079 542 1137 τὰς
569 1075 847 1147 ἐξηγήσεις
900 1076 1084 1143 αὐτῶν,
1133 1077 1266 1128 πάνυ
1297 1079 1733 1150 χρησιμευούσας
1767 1080 1893 1149 πρὸς

292 1168 358 1217 τα
388 1169 642 1239 παρόντα,

368 1344 672 1416 Ἐχάρησαν
703 1375 770 1385 -
804 1346 1013 1415 Κύριον.
1057 1343 1211 1418 Ὀρᾷς
1279 1343 1361 1396 ἐπὶ
1423 1352 1518 1396 τῶν
1559 1347 1719 1418 ἔργων
1767 1349 1889 1405 τοὺς

289 1433 472 1502 λόγους
495 1432 839 1494 ἐκϐαίνοντας.
877 1437 982 1504 Πρὸ
1014 1441 1102 1484 τοῦ
1154 1441 1380 1505 σταυροῦ
1412 1436 1510 1507 γὰρ
1550 1432 1684 1485 εἶπεν
1711 1433 1888 1494 αὐτοῖς

289 1524 366 1574 ὅτι
405 1521 562 1574 Πάλιν
595 1522 791 1594 ὄψομαι
843 1523 998 1594 ὑμᾶς,
1050 1527 1140 1574 καὶ
1192 1528 1494 1593 χαρήσεται
1534 1525 1672 1594 ὑμῶν
1701 1525 1728 1581 η
1765 1543 1884 1595 καρ-

291 1608 401 1664 δία.

361 1697 506 1753 Εἶπεν
539 1733 603 1738 -
645 1701 783 1770 ὑμῖν.
819 1702 963 1752 Μετὰ
1017 1704 1071 1751 τὸ
1127 1708 1303 1771 φαγεῖν
1358 1704 1414 1751 τὸ
1467 1697 1700 1753 ἐπιδοθὲν
1745 1701 1882 1752 αὖτώ

2006 551 2094 602 rat
2118 545 2621 600 condemnatum:
2657 544 2965 616 discipulis
2995 559 3130 600 vero
3160 558 3393 615 pacem,
3418 549 3663 617 propter

2007 639 2346 705 suspectum
2377 634 2601 689 bellum
2635 650 2671 689 a
2707 633 2925 689 Iudaeis
2966 649 3036 688 ac
3075 632 3372 702 gentibus.

2077 725 2238 779 Vers.
2294 724 2381 778 20.
2440 725 2516 780 Et
2566 755 2632 764 -—
2687 740 2878 779 suum.
2965 724 3166 787 Quaere
3233 722 3438 777 ultimo
3489 722 3662 793 juxta

2006 815 2222 869 Lucam
2260 813 2470 885 capite,
2522 812 2687 884 quod
2739 812 2994 867 dicitur:
3050 812 3126 866 Et
3164 811 3279 879 ipsi
3319 811 3660 867 narrabant

2006 919 2135 974 quas
2172 910 2339 973 gesta
2389 908 2563 958 erant
2587 904 2649 957 in
2699 902 2814 964 via,
2846 907 2898 956 et
2925 904 3152 968 caetera,
3198 915 3389 971 usque
3413 899 3487 954 ad
3519 915 3659 957 eum

2005 992 2199 1047 locum
2229 992 2595 1047 ubibabetur
2627 1013 2638 1043 :
2666 991 2872 1045 Adhuc
2914 996 3107 1045 autem
3135 989 3254 1043 illis
3273 1005 3394 1044 non
3419 990 3660 1044 creden—

2003 1082 2154 1136 tibus
2186 1097 2311 1151 pra:
2348 1081 2567 1150 gaudio
2617 1086 2668 1135 et
2710 1078 3149 1134 admirantibus
3188 1079 3278 1142 ⁹⁶;
3325 1082 3382 1133 et
3414 1076 3654 1133 illorum

2001 1171 2129 1240 lege
2183 1171 2592 1226 enarrationes
2648 1167 2726 1224 ai
2770 1166 3088 1240 praesentia
3133 1166 3290 1222 dicta
3323 1166 3655 1222 admodum

1999 1260 2193 1316 utiles.

2070 1350 2243 1406 Vers.
2277 1352 2365 1403 20.
2401 1347 2591 1403 Gavisi
2610 1352 2749 1402 sunt
2786 1377 2847 1386 —
2878 1347 3136 1402 Domino.
3171 1345 3342 1401 Vides
3374 1344 3654 1416 operibus

1998 1438 2381 1494 conﬁrmatos
2413 1454 2541 1492 esse
2583 1452 2893 1492 sermones
2924 1437 2952 1492 ?
2994 1434 3299 1507 Siquidem
3340 1438 3476 1490 ante
3513 1449 3657 1506 pas-

1996 1529 2225 1584 sionem
2248 1528 2477 1583 dixerat
2508 1527 2590 1582 eis
2617 1543 2629 1581 :
2660 1527 2879 1582 Iterum
2915 1525 3112 1581 videbo
3133 1540 3254 1592 vos,
3286 1530 3338 1580 et
3374 1524 3651 1594 gaudebit

1994 1634 2097 1674 cor
2114 1625 2367 1673 vestrum
2407 1619 2476 1669 97.

2065 1707 2342 1762 Ver-9.21.
2408 1705 2662 1762 Dirit—
2704 1705 2887 1762 vobis.
2944 1705 3266 1775 Postquam
3311 1701 3651 1759 comederat

291 1791 475 1861 ἰχθύος
506 1789 665 1841 ὀπτοῦ
697 1794 872 1861 μέρος,
904 1795 993 1841 καὶ
1025 1788 1123 1840 ἀπὸ
1156 1790 1453 1860 μελισσείου
1473 1796 1679 1862 κηρίου,
1711 1793 1875 1850 καθὼς

2000 1798 2198 1851 datam
2226 1796 2338 1851 sibi
2361 1800 2587 1868 partem
2615 1795 2793 1866 piscis
2819 1793 2944 1849 assi
2968 1798 3023 1848 et
3047 1792 3119 1847 de
3139 1793 3276 1848 favo
3302 1791 3552 1863 apiario,
3577 1792 3649 1846 si-

288 1878 482 1952 ἔγραψε
515 1885 736 1941 Λουκᾶς,
771 1877 1293 1950 ἐπληροφορήθησαν,
1326 1884 1414 1930 καὶ
1433 1879 1609 1930 λοιπὸν
1637 1881 1730 1931 Dub
1764 1879 1883 1930 πολ-

287 1966 582 2041 λῆςχαρᾶς,
615 1970 678 2026 ὡς
701 1967 1209 2041 εὶκὸς,θορυϐοὕντας
1239 1968 1572 2020 καταστέλλει
1609 1970 1691 2020 ἵνα
1717 1989 1882 2042 προσ-

288 2060 481 2127 έχωσιν
510 2057 583 2117 οἷς
615 2055 781 2127 μέλλει
820 2055 968 2130 ἐρεῖν.

363 2147 536 2205 Καθὼς
568 2178 632 2184 -
663 2146 816 2216 ὑμᾶς.
857 2152 954 2197 Καὶ
1005 2149 1100 2218 πρὸ
1141 2153 1227 2197 τοῦ
1262 2155 1489 2219 σταυροῦ
1548 2150 1718 2218 εἴρηκε
1757 2152 1880 2221 πρὸς

288 2237 370 2284 τὸν
403 2239 609 2308 Πατέρα
640 2236 718 2285 ὅτι
752 2237 930 2294 Καθὼς
959 2234 1041 2306 ἐμὲ
1083 2234 1380 2295 ἀπέστειλας
1412 2236 1479 2296 εἰς
1527 2241 1610 2288 τὸν
1661 2241 1875 2309 κόσμον,

285 2320 427 2392 κάγὼ
449 2322 726 2375 ἀπέστειλα
752 2324 938 2385 αὐτοὺς
972 2324 1042 2385 εἰς
1083 2328 1170 2376 τὸν
1219 2328 1412 2394 κόσμον
1440 2325 1551 2397 [καὶ
1583 2328 1696 2394 (16)
1725 2326 1878 2399 ανάγ-

282 2414 404 2463 νωθι
430 2415 495 2464 τὰ
525 2412 625 2465 ἐκεῖ
652 2412 892 2486 ρηθέντα.
928 2414 1145 2484 Ἐπῆρεν
1178 2410 1265 2464 οὖν
1296 2415 1458 2465 αὐτῶν
1520 2417 1608 2474 τὰς
1668 2415 1873 2486 ψυχὰς,

281 2500 580 2574 ἐγχειρίσας
601 2501 773 2561 αὐτοῖς
805 2506 860 2553 τὸ
891 2498 1027 2554 ἴδιον
1068 2505 1236 2573 ἔργον,
1269 2507 1356 2553 καὶ
1383 2508 1726 2564 καταστήσας
1758 2501 1874 2556 δια-

281 2585 476 2660 δόχους
507 2591 741 2663 ἐαυτοῦ.]

352 2683 448 2730 Καὶ
477 2709 540 2718 —
563 2682 928 2747 κεκράτηνται.
959 2684 1058 2731 Καὶ
1098 2683 1199 2751 μὴν
1232 2679 1400 2730 ὀπίσω
1427 2683 1622 2751 εἴρηκεν
1651 2683 1728 2732 ὅτι
1754 2682 1872 2734 Ἐὰν

277 2766 373 2837 ἐγὼ
400 2772 471 2838 μη
505 2766 726 2832 ἀπέλθω,
764 2771 787 2819 ο
822 2768 1156 2842 Παράκλητος
1183 2768 1275 2819 οὐκ
1295 2767 1868 2844 ἐλεύσεταιπρὸςνμᾶς·

275 2863 383 2915 πῶς
433 2853 518 2906 οὖν
571 2855 790 2908 ἐνταῦθα
830 2853 1027 2908 δίδωσι
1084 2865 1292 2929 Πνεῦμα
1330 2857 1478 2928 οἶγιον
1514 2876 1524 2924 ;
1561 2858 1873 2930 Ἐνεφύσησε

275 2950 364 3016 μέν
405 2944 628 3016 ἐμπνέων
665 2945 837 3005 αὐτοῖς
866 2949 1026 3019 χάριν
1059 2942 1302 3002 δεκτικὴν
1333 2954 1423 2998 τοῦ
1455 2946 1605 3016 ἁγίου
1635 2951 1868 3020 Πνευμα-

275 3053 377 3099 τος,
409 3038 496 3085 καὶ
519 3035 920 3097 κατασκευάξων
950 3032 1274 3094 ἐπιτηδείους
1307 3036 1372 3096 εἰς
1392 3033 1669 3107 ὑποδοχὴν
1689 3037 1866 3091 αὑτοῦ.

277 3122 406 3193 λέγει
441 3120 518 3193 δε,
562 3123 757 3175 Λάϐετε
791 3131 997 3196 Πνεῦμα
1017 3123 1186 3196 οἷγιον,
1215 3125 1272 3176 οὗ
1302 3129 1432 3190 τότε,
1458 3125 1561 3176 ἀλλ’
1595 3127 1675 3178 ὅτε
1696 3129 1869 3179 κατέλ-
1901 3159 1940 3212 C

279 3214 361 3284 θῇ.

349 3308 407 3353 Ἤ
446 3309 652 3373 Πνεῦμα
676 3301 822 3372 άγιον
854 3301 1059 3354 ἐκάλεσε
1079 3307 1134 3354 τὸ
1150 3307 1492 3374 πνευματικὸν
1511 3306 1760 3376 χάρισμα
1777 3312 1868 3356 τοῦ

273 3389 472 3462 ἀφιέναι
502 3397 590 3442 καὶ
625 3387 835 3463 δεσμεῖν
857 3391 1131 3463 ἁμαρτίας.
1158 3397 1420 3466 Διαφορων
1452 3396 1550 3466 γὰρ
1581 3397 1734 3444 ὄντων
1757 3394 1868 3464 (17)

271 3489 628 3551 πνευματικῶν
677 3482 1049 3551 χαρισμάτων,
1091 3500 1244 3533 τουτο
1298 3490 1584 3539 τηνικαῦτα
1638 3478 1864 3535 δέδωκεν

271 3568 458 3630 αὐτοῖς,
492 3568 691 3640 [μεῖζον
708 3568 817 3638 (18)
846 3568 898 3620 ὃν
920 3574 1008 3621 καὶ
1034 3578 1132 3620 τῶν
1153 3575 1398 3641 σημείων.
1425 3579 1506 3640 Τῷ
1528 3570 1862 3644 παραλυτικῷ

264 3660 361 3729 γάρ
395 3658 619 3717 εἰπόντος
650 3676 662 3688 ·
699 3658 979 3728 Ἀφέωνται
1033 3677 1116 3709 σοι
1148 3661 1201 3710 αὶ
1231 3658 1480 3730 ἁμαρτίαι
1509 3678 1601 3710 σου
1638 3677 1648 3688 ·
1694 3659 1860 3729 ὓεγον

265 3749 311 3798 οἱ
343 3753 668 3820 Γραμματείς
694 3763 706 3776 ·
736 3751 826 3806 Τίς
877 3743 1098 3798 ὃύναται
1149 3746 1350 3818 ἀφιέναι
1383 3747 1660 3821 ἁμαρτίας,
1705 3748 1747 3799 εἰ
1785 3754 1854 3819 μὴ

265 3837 334 3896 εἰς
365 3837 388 3886 ὁ
423 3839 568 3895 Θεὸς.

337 3930 433 3976 Καὶ
459 3929 560 3996 μὴν
586 3928 674 3974 καὶ
713 3928 812 3996 πρὸ
845 3932 935 3975 τοῦ
970 3933 1194 3999 σταυροῦ
1239 3929 1436 3998 εῖρηκεν
1469 3925 1639 3984 αὐτοῖς
1670 3945 1680 3956 ·
1719 3924 1859 3976 "(Ma

379 4011 576 4070 δήσητε
615 4012 699 4064 ἐπὶ
725 4021 819 4073 τῆς
854 4021 966 4083 γῆς,
1001 4017 1147 4065 ἔσται
1181 4011 1431 4086 δεδεμένα
1457 4013 1503 4065 ἐν
1534 4024 1604 4084 τω
1636 4015 1852 4086 ούρανῲ-

264 4109 350 4153 καὶ
381 4104 479 4154 ὅσα
501 4104 582 4153 ἐὰν
611 4102 801 4160 λύσητε
830 4103 912 4154 ἐπὶ
938 4111 1030 4163 τῆς
1073 4112 1188 4173 γῆς,
1223 4107 1370 4154 ἔσται
1408 4103 1652 4174 λελυμένα
1691 4107 1737 4153 εν
1786 4113 1856 4173 τῷ

265 4192 459 4262 οὐρανῷ
502 4207 512 4220 ·
542 4189 668 4243 ἀλλὰ
694 4197 807 4245 τότε
836 4194 924 4262 μὲν
955 4192 1215 4262 ὑπέσχετο
1247 4192 1424 4254 αὐτοῖς
1467 4201 1639 4261 τουτο,
1671 4200 1756 4244 νῦν
1799 4190 1857 4244 δὲ

266 4276 483 4331 δίδωσι.

332 4374 569 4426 Ζητησον
607 4366 664 4421 δὲ
695 4375 810 4442 περὶ
846 4371 910 4420 τὰ
940 4373 1076 4440 μέσα
1105 4378 1193 4421 τοῦ
1226 4372 1402 4422 ἐνάτου
1444 4370 1718 4442 κεφαλαίου
1765 4378 1854 4422 τοῦ

262 4464 510 4529 παρόντος
537 4459 904 4528 εὐαγγελιστοῦ
935 4463 992 4510 τὸ
1026 4475 1036 4487 ·
1075 4463 1233 4510 Οὔπω
1262 4463 1362 4532 γαρ
1397 4457 1454 4517 ἦν
1486 4468 1688 4530 Πνεῦμα
1707 4460 1853 4530 άγιον
1887 4504 1929 4557 D

261 4549 339 4598 ὅτι
379 4546 584 4606 Ἰησοῦς
616 4544 822 4598 οὐδέπω
849 4544 1110 4610 ἐδοξάσθη
1140 4566 1150 4576 ·
1185 4553 1272 4599 καὶ
1326 4548 1585 4619 ἀνάγνωθι
1616 4554 1706 4606 τὴν
1733 4549 1852 4606 ὅλην

262 4636 508 4706 ἐξήγησιν
539 4636 726 4690 οιῦτὼι,

328 4724 573 4796 Ἐνεφύση
587 4745 640 4776 σε
670 4728 758 4796 μεν
791 4722 876 4778 οὖν
918 4729 984 4785 ὡς
1015 4729 1159 4795 πηγὴ
1215 4728 1586 4799 χαρισμάτων,
1651 4732 1738 4778 καὶ
1772 4729 1852 4779 ἱνα

258 4815 495 4884 μάθωμεν
539 4812 807 4866 κάντεῦθεν
857 4815 935 4866 ὅτι
977 4814 1129 4876 αὐτὸς
1192 4813 1330 4866 ἐστιν
1391 4817 1414 4865 ὁ
1473 4821 1561 4867 καὶ
1615 4819 1670 4866 τὸ
1714 4825 1851 4886 πρῶ-

258 4921 339 4952 τον
371 4908 458 4954 καὶ
511 4907 726 4965 ζωτικὸν
787 4905 1071 4975 ἐμφύσημα
1121 4909 1430 4975 ἐμφυσήσας
1487 4913 1555 4974 τῷ
1611 4901 1850 4977 Ἀὃάμ.]

1038 5056 1559 5183 “distabit-1..
1621 5058 1678 5182 ΓΞ

327 5056 372 5089 9⁸
404 5054 540 5110 Luc.
573 5071 726 5120 xxxv,
743 5056 923 5111 35-41.

257 5142 336 5194 ix,
382 5130 434 5180 2.
514 5126 742 5182 'Marc.
773 5143 835 5196 ιι,
869 5133 918 5192 5,
967 5129 1018 5180 ’1.

1631 5058 1677 5090 ³⁸
1699 5057 1833 5112 Luc.
1853 5060 2112 5120 xxw,42.

1812 5130 1832 5162 ⁵
1858 5128 2030 5182 Joan.
2068 5145 2120 5192 ν,
2164 5131 2250 5183 39.

1993 1890 2090 1940 cut
2118 1885 2353 1955 scripsit
2384 1886 2566 1939 Lucas
2594 1885 2662 1951 9⁸,
2714 1883 2992 1938 certiores
3051 1881 3187 1937 facti
3225 1885 3365 1936 sunt
3398 1899 3410 1935 :
3445 1885 3501 1936 et
3531 1895 3648 1952 prae

1993 1974 2215 2043 gaudio
2241 1975 2391 2044 jam,
2426 1977 2490 2027 ut
2533 1972 2846 2028 verisimile
2899 1975 3006 2036 est,
3057 1970 3327 2026 turbatos
3351 1969 3644 2042 reprimit,

1994 2067 2054 2117 ut
2079 2062 2170 2117 his
2202 2078 2336 2133 qua:
2367 2061 2632 2117 dicturus
2663 2065 2755 2116 est
2784 2060 3054 2115 animum
3077 2059 3411 2115 advertant.

2063 2151 2340 2205 Ver-5.2!.
2385 2151 2549 2206 Sicut
2604 2178 2669 2188 —-
2725 2165 2840 2204 vos.
2895 2148 3081 2203 Etiam
3141 2151 3276 2202 ante
3305 2146 3643 2218 passionem

1991 2239 2136 2294 dixit
2184 2240 2260 2294 ad
2311 2241 2544 2295 Patrem
2582 2262 2592 2292 :
2654 2239 2822 2294 Sicut
2864 2254 2941 2292 me
2963 2237 3175 2292 misisti
3218 2237 3281 2291 in
3328 2236 3640 2301 mundum,

1989 2333 2040 2384 et
2058 2345 2165 2398 ego
2186 2329 2320 2383 misi
2351 2329 2487 2383 illos
2537 2328 2598 2382 in
2653 2328 2940 2382 mundum
2978 2327 3024 2361 9°
3060 2344 3072 2392 ;
3127 2329 3181 2380 et
3214 2325 3342 2393 lege
3382 2340 3518 2395 qua:
3559 2324 3640 2379 ibi

1986 2417 2143 2472 dicta
2171 2422 2329 2471 sunt.
2372 2417 2614 2470 Animos
2663 2416 2861 2485 itaque
2891 2413 3126 2469 illorum
3165 2413 3369 2477 erexit,
3401 2413 3640 2468 tradens

1985 2505 2068 2560 eis
2094 2520 2248 2576 Opus
2281 2520 2477 2568 suum,
2505 2519 2572 2559 ac
2603 2503 2708 2558 sibi
2735 2517 3104 2557 successores
3130 2517 3230 2557 eos
3248 2501 3634 2557 constituens.

2056 2683 2212 2737 Vers.
2243 2686 2327 2737 22.
2367 2683 2447 2737 Et
2499 2713 2566 2720 —
2615 2683 2771 2735 Vers.
2821 2684 2909 2736 23.
2970 2683 3197 2735 retenta
3248 2686 3404 2734 sunt.
3461 2680 3639 2752 Atqui

1983 2772 2251 2842 superius
2300 2771 2528 2826 dixerat
2559 2787 2572 2825 :
2607 2770 2743 2824 Nisi
2784 2785 2880 2840 ego
2903 2769 3116 2839 abiero,
3150 2769 3483 2835 parat-lctus
3513 2785 3633 2824 non

1983 2862 2170 2916 veniet
2211 2861 2291 2917 ad
2336 2875 2434 2916 vos
2466 2861 2482 2894 ¹
2521 2876 2533 2925 ;
2586 2858 2893 2929 quomodo
2923 2873 3065 2927 ergo
3096 2858 3197 2914 dat
3225 2857 3321 2912 hic
3352 2857 3631 2929 Spiritum

1983 2954 2250 3004 sanctum
2277 2951 2304 3005 ‘?
2333 2947 2658 3004 lnsuﬂlavit
2680 2947 2944 3019 quidem,
2975 2947 3129 3001 dans
3157 2947 3408 3016 gratiam
3441 2962 3633 3002 susce-

1984 3038 2208 3110 ptivam
2239 3039 2482 3110 Spiritus
2513 3036 2720 3101 sancti,
2757 3042 3048 3108 aptosque
3079 3035 3341 3092 efﬁciens
3391 3034 3468 3091 ad
3500 3036 3630 3107 ejus

1981 3129 2420 3200 susceptionem
2455 3144 2469 3192 ;
2491 3127 2632 3182 dicit
2651 3130 2851 3181 autem
2873 3145 2884 3181 :
2910 3125 3174 3194 Accipite
3187 3125 3480 3192 Spiritum
3498 3139 3634 3180 san-

1979 3199 2178 3280 ctum}
2209 3231 2329 3270 non
2358 3231 2537 3284 nunc,
2571 3215 2674 3268 sed
2714 3213 2957 3284 quando
2987 3199 3376 3266 descenderit.

2048 3307 2157 3358 Aut
2192 3305 2473 3375 Spiritum
2503 3308 2776 3359 sanctum
2811 3300 3043 3356 vocavit
3069 3299 3324 3369 gratiam
3356 3299 3628 3371 spiritua-

1974 3392 2092 3447 lem
2124 3393 2458 3448 remittendi
2482 3407 2550 3446 ac
2577 3389 2795 3460 ligandi
2819 3393 3093 3460 peccata;
3119 3393 3176 3444 et
3205 3389 3313 3444 hoc
3342 3393 3482 3443 tunc
3514 3388 3628 3443 illis

1977 3482 2190 3549 tribuit,
2241 3482 2405 3554 quod
2461 3486 2517 3536 et
2549 3479 2856 3535 miraculis
2888 3479 3079 3549 majus
3141 3483 3286 3533 erat.
3323 3480 3468 3532 Nam
3492 3493 3626 3532 cum

1972 3570 2300 3641 paralytico
2333 3570 2583 3624 dixisset
2607 3589 2619 3624 :
2642 3568 2891 3623 Remissa
2907 3573 3044 3621 sunt
3072 3566 3180 3622 tibi
3206 3571 3419 3636 pecata
3450 3573 3553 3622 tua
3582 3573 3624 3631 ³,

1970 3660 2247 3715 dixerunt
2293 3660 2508 3714 Scribae
2546 3676 2558 3710 :
2607 3657 2745 3724 Quis
2796 3661 2987 3724 potest
3010 3655 3308 3712 remittere
3348 3660 3619 3724 peccata,

1968 3749 2086 3804 nisi
2115 3765 2284 3812 unus,
2306 3763 2511 3816 nempe
2536 3748 2676 3802 Deus
2697 3748 2718 3780 ³
2743 3745 2770 3799 ?

2041 3840 2251 3892 Verum
2287 3842 2342 3892 et
2382 3841 2515 3891 ante
2544 3834 2887 3907 passionem
2926 3833 3158 3888 dixerat
3186 3833 3308 3888 eis:
3340 3834 3624 3901 Quaecun-

1967 3941 2078 3997 que
2109 3925 2422 3995 ligaveritis
2447 3939 2626 3993 super
2653 3929 2896 3986 terram,
2919 3927 3092 3978 erunt
3128 3922 3317 3992 ligata
3342 3922 3405 3977 in
3436 3923 3582 3977 creto
3607 3938 3620 3986 ;

1968 4023 2020 4070 et
2051 4031 2402 4086 quiscunque
2422 4013 2710 4070 solverilis
2739 4027 2920 4081 super
2952 4017 3192 4076 terram,
3227 4018 3400 4067 erunt
3426 4012 3621 4067 soluta

1968 4105 2029 4160 in
2054 4106 2200 4161 caelo
2233 4106 2252 4138 ³ο
2278 4120 2290 4169 ;
2319 4103 2424 4158 sed
2452 4109 2590 4158 tunc
2612 4101 2858 4174 quidem
2877 4101 2993 4157 hoc
3019 4099 3130 4156 illis
3152 4100 3445 4172 promisit,
3460 4115 3620 4164 nunc

1967 4198 2163 4250 autem
2211 4193 2429 4249 tribuit.

2036 4373 2242 4436 Quaere
2283 4374 2480 4426 autem
2530 4368 2682 4424 circa
2723 4367 2988 4422 medium
3035 4366 3178 4422 noni
3231 4367 3440 4438 capitis
3470 4383 3616 4439 prae-

1964 4461 2142 4515 sentis
2174 4458 2494 4528 Evangelii,
2536 4458 2638 4512 ubi
2678 4456 2893 4511 dicitur
2923 4472 2935 4510 :
2961 4456 3229 4511 Nondum
3269 4462 3395 4511 erat
3425 4455 3618 4526 Spiri-

1964 4554 2056 4604 tus
2087 4552 2339 4613 sanctus,
2366 4549 2506 4619 quia
2536 4549 2689 4603 Jesus
2714 4545 2968 4600 nondum
2996 4551 3119 4600 erat
3150 4544 3524 4613 gloriﬁcatus
3552 4548 3572 4581 ⁵
3600 4563 3613 4613 ;

1962 4644 2017 4694 et
2045 4637 2172 4708 lege
2199 4642 2383 4691 totam
2422 4635 2657 4691 illorum
2687 4633 3143 4689 enarrationem.

2034 4723 2347 4780 lnsufllavit
2376 4725 2596 4797 itaque,
2653 4729 2938 4794 tanquam
2968 4721 3100 4777 fons
3147 4721 3492 4791 gratiarum,
3535 4728 3611 4792 et,

1961 4820 2024 4870 ut
2071 4814 2250 4870 etiam
2281 4813 2419 4869 hinc
2474 4812 3003 4882 discamusipsum
3033 4811 3318 4882 essetqui
3363 4811 3610 4883 primum

1962 4920 2030 4960 ac
2052 4904 2228 4959 vitale
2263 4902 2628 4975 spiraculum
2686 4899 3007 4956 insufﬂavit
3036 4899 3097 4954 in
3142 4899 3349 4957 Adam.
3405 4901 3612 4957 Reten-

2851 5054 3058 5110 1Joan.
3081 5059 3248 5117 xv1,7
3365 5056 3386 5088 ²
3409 5056 3607 5113 Matth.

2223 5057 2269 5090 ⁹⁹
2295 5056 2463 5120 Joan,
2496 5071 2622 5119 xvu,
2654 5056 2737 5110 18.

1473 5249 1686 5316 Variae
1725 5249 2054 5317 lectiones
2096 5259 2160 5315 et
2200 5257 2400 5315 notas.

321 5392 432 5466 (14)
463 5392 608 5466 {ante
644 5387 737 5443 διά
765 5393 818 5466 -Α
849 5390 1044 5458 habet,
1076 5392 1281 5466 εἰρήνην
1309 5387 1495 5453 διδοὺς
1519 5391 1709 5452 αὐτοῖς.

321 5463 429 5536 (15)
463 5463 696 5536 inclusa
725 5463 947 5536 absunt
977 5466 1042 5519 A.

319 5533 430 5605 (l6)
463 5533 695 5590 Inclusa
721 5535 939 5591 absunt
965 5538 1034 5592 A.

2036 5392 2146 5462 (17)
2179 5397 2288 5462 Τῶν
2322 5389 2485 5462 addit
2516 5391 2581 5444 A.

2024 5461 2136 5534 (18)
2174 5461 2410 5518 Inclusa
2439 5461 2655 5517 desunt
2683 5463 2748 5516 Α.

319 5657 440 5732 (dd)
474 5659 723 5716 Tribuit.
752 5662 864 5715 Aut
898 5674 1039 5729 ergo
1097 5659 1382 5730 interpres
1412 5657 1612 5724 αὐταῖς,
1646 5659 1803 5732 quod
1837 5674 1908 5714 ex
1941 5658 2288 5714 Hebraismo
2314 5657 2409 5712 hic
2453 5656 2727 5713 additum
2780 5661 2885 5724 est,
2915 5673 3037 5714 non
3085 5657 3242 5730 legit,
3275 5662 3377 5715 aut
3406 5658 3465 5714 id
3494 5673 3596 5714 ne-

251 5729 418 5800 glexit
