4130 6320
266 445 403 501 1489

1275 441 1644 499 COMMENT.
1689 442 1758 497 IN
1798 442 2144 498 JU-ANNEM.
2191 474 2252 482 --
2296 441 2454 498 CAP.
2497 442 2620 498 XX.

3484 438 3622 494 H90

336 573 434 623 Καὶ
467 599 526 610 -
559 569 699 642 ὑμῖν.
736 567 957 642 [Ὥσπερ
991 568 1102 641 ('28)
1135 573 1222 620 xui
1248 571 1514 643 πρότερον.
1554 568 1729 629 Πάντα
1756 569 1856 640 γὰρ

2037 568 2199 624 Vers.
2248 571 2332 625 26.
2391 567 2470 623 Et
2519 599 2586 607 —
2624 566 2805 622 vobis.
2859 565 3019 622 Sicut
3064 563 3330 636 etprius.
3360 563 3620 620 Rursum

261 664 400 709 ποιεῖ
434 657 586 709 πάλιν
608 659 708 710 ὅσοι
736 663 824 710 καὶ
853 656 1072 718 ἀπόντος
1096 657 1254 710 αὐτοῦ
1283 657 1610 730 πεποίηκεν]

334 743 460 800 Εἶτα
501 777 568 787 -
598 765 718 819 μου.
761 743 941 804 Μηδὲν
984 747 1212 808 εἰπόντος
1255 754 1345 798 τοῦ
1398 751 1574 818 Θωμά,
1623 745 1858 820 προλαμ-

261 834 422 903 ϐάνει,
477 840 566 888 καὶ
608 836 736 910 ἅπερ
783 835 954 896 ἐζήτει
995 832 1212 898 δίδωσι,
1263 831 1468 896 δεικνύς
1511 837 1591 886 ὅτι
1645 839 1734 887 xui
1781 837 1860 887 ὅτε

259 931 426 976 ταῦτα
467 924 621 995 ἔλεγε,
657 933 825 998 παρῆν
868 943 920 976 τε
951 929 1038 975 καὶ
1078 927 1260 981 ἤκουεν
1297 927 1360 984 ὡς
1401 929 1545 984 Θεὸς.
1577 925 1702 994 [Καὶ
1743 923 1856 995 (29)

259 1015 359 1083 γὰρ
389 1020 493 1074 τοῖς
519 1013 691 1075 αὐτοῖς
724 1013 990 1085 ἐχρήσατο
1013 1012 1262 1087 ῥήμασι]

333 1196 432 1244 Καὶ
459 1223 526 1232 -—-
550 1195 755 1252 πιστός.
786 1195 1119 1263 Μεμφόμενος
1148 1195 1296 1243 τοῦτό
1319 1209 1496 1263 φησιν,
1527 1193 1593 1253 ὡς
1620 1189 1672 1254 ἐξ
1704 1189 1858 1243 ἀπισ-

259 1284 390 1348 τίας,
422 1279 517 1332 ούκ
548 1279 599 1342 ἐξ
619 1279 879 1353 ἀκριϐείας
909 1278 1294 1341 ἀντιτείνοντος.

333 1463 528 1511 Καὶ-
573 1478 693 1530 μου.
744 1455 890 1512 Ἰδὼν
946 1460 1004 1510 ἐν
1045 1465 1160 1520 ταῖς
1199 1463 1388 1530 χερσὶν
1419 1457 1579 1510 αὐτοῦ
1632 1460 1718 1509 τὸν
1762 1460 1858 1509 τύ-

259 1567 351 1599 πον
397 1555 495 1598 τῶν
544 1547 698 1610 ἣλων,
741 1552 829 1599 καὶ
887 1551 977 1606 τὴν
1024 1546 1246 1619 πλευρὰν
1316 1547 1476 1599 αὐτοῦ
1529 1551 1856 1618 νενυγμένην,

259 1635 452 1688 αὐτίκα
497 1635 787 1701 ἐπίστευσε,
855 1641 924 1708 μὴ
991 1635 1260 1707 ἀναμείνας
1307 1635 1646 1708 ψηλαφῆσαι.
1708 1636 1859 1698 Τινὲς

261 1722 320 1777 δέ
345 1745 500 1797 φασιν
546 1726 626 1777 ὅτι
649 1725 965 1798 ψηλαφήσεις
995 1724 1224 1783 ἐϐόησεν.
1255 1724 1313 1777 Ὀ
1355 1727 1546 1797 Κύριός
1573 1744 1674 1796 μου
1703 1729 1792 1776 καὶ
1832 1725 1857 1776 6

259 1818 357 1866 Θεό
368 1834 388 1874 ς
408 1833 529 1886 μου.

1968 659 2126 714 enim
2152 658 2359 713 omnia
2398 657 2538 712 facit
2577 671 2947 728 quaecunque
2981 670 3052 711 eo
3103 654 3350 709 absente
3382 654 3616 710 fecerat.

2038 750 2206 803 Vers.
2252 749 2338 802 27.
2387 747 2604 803 Deinde
2646 778 2711 785 —
2749 762 2958 801 meum.
2990 744 3137 799 Cum
3176 743 3328 798 nihil
3364 743 3621 798 Thomas

1967 837 2200 902 diceret,
2233 837 2517 905 anticipat
2546 852 2704 899 eum,
2756 835 3032 907 praebens
3060 849 3196 906 quae
3229 832 3328 888 ille
3371 832 3623 904 petierat

1968 942 2037 982 ac
2067 927 2391 981 ostendens
2434 925 2599 997 quod
2639 925 2819 980 etiam
2866 929 3004 978 tunc.
3049 938 3304 994 praesens
3344 921 3518 976 fuerit
3564 927 3620 975 et

1967 1016 2236 1081 audierit,
2274 1020 2566 1086 tanquam
2603 1017 2771 1080 Deus,
2801 1029 2936 1068 cum
2966 1013 3087 1067 haec
3119 1011 3217 1067 ille
3239 1010 3616 1084 loquebatur.

1969 1105 2274 1177 Siquidem
2302 1103 2528 1159 eisdem
2555 1119 2798 1175 quoque
2832 1119 2977 1157 usus
2999 1106 3086 1156 est
3116 1100 3332 1156 verbis.

2040 1195 2207 1250 Vers.
2249 1195 2336 1248 27.
2413 1194 2492 1248 Et
2523 1223 2588 1233 —
2624 1192 2828 1264 ﬁdelis.
2907 1191 3256 1262 Indignatus
3301 1190 3416 1246 hoc
3453 1188 3618 1259 dicit,

1967 1283 2138 1356 quasi
2169 1299 2284 1338 non
2317 1298 2386 1338 ex
2419 1281 2736 1352 diligentia,
2779 1280 2886 1336 sed
2926 1296 2994 1336 ex
3029 1277 3434 1335 incredulitate
3477 1293 3620 1336 con-

1967 1373 2291 1428 tradixerit.

2037 1463 2198 1517 Vers.
2222 1465 2308 1517 28.
2344 1462 2414 1516 Et
2441 1493 2509 1501 ——
2554 1476 2732 1516 meus.
2779 1459 2997 1514 Videns
3049 1458 3106 1514 in
3167 1457 3454 1513 manibus
3491 1457 3620 1528 ejus

1972 1549 2280 1621 vestigium
2300 1550 2624 1614 clavorum,
2654 1549 2882 1606 etlatus
2899 1548 3085 1620 ipsius
3106 1550 3404 1619 apertum,
3437 1545 3621 1602 conti-

1966 1655 2089 1696 nuo
2113 1638 2381 1704 credidit,
2422 1654 2542 1694 non
2588 1641 2940 1710 exspectans
2975 1636 3120 1692 dum
3171 1638 3617 1692 contrectasset.

332 1909 484 1974 Λέγει
547 1933 618 1942 --
690 1904 1081 1963 πιστεύσαντες.
1140 1901 1206 1954 Ὀ
1265 1922 1316 1955 τε
1379 1905 1476 1977 γὰρ
1535 1907 1722 1975 Πέτρος
1771 1906 1856 1953 καὶ

2039 1909 2200 1963 Vers.
2234 1909 2322 1962 29.
2356 1907 2500 1962 Dicit
2528 1907 3001 1962 —crediderunt.
3037 1905 3181 1959 Cum
3213 1903 3373 1958 enim
3411 1904 3618 1959 Petrus

254 1991 505 2056 Ἰωάννης,
552 1995 708 2063 μήπω
742 1987 941 2053 ἰδόντες
967 1991 1146 2059 αύτὸν,
1178 1992 1316 2063 ὅμως
1355 1989 1455 2044 ἀπὸ
1503 1999 1602 2043 τῶν
1644 1990 1855 2044 ὀθονίων

256 2086 345 2132 καὶ
394 2088 484 2132 τοῦ
545 2076 832 2153 σουδαρίου
899 2081 1212 2132 ἐπίστευσαν
1268 2082 1349 2132 ότι
1403 2080 1612 2137 ἀνέστη.
1669 2085 1770 2132 Καὶ
1809 2081 1858 2131 οὶ

254 2169 398 2221 ἄλλοι
452 2166 510 2221 δὲ
566 2169 800 2240 μαθηταὶ
855 2171 988 2240 μετά
1032 2176 1203 2234 τοῦτο,
1255 2177 1346 2222 τοῦ
1404 2174 1598 2244 Πέτρου
1655 2165 1858 2230 ἰδόντος

256 2260 409 2312 αύτόν
463 2263 552 2310 καὶ
610 2256 1002 2329 ἀναγγείλαντος
1059 2258 1256 2327 αὐτοῖς,
1307 2265 1464 2330 μήπω
1519 2255 1714 2320 ἰδόντες
1764 2258 1859 2310 αύ-

255 2350 340 2398 τόν
387 2346 716 2400 ἐπίστευσαν.
771 2347 932 2421 Εὗρον
984 2349 1108 2418 γὰρ,
1167 2352 1323 2418 φησιν
1379 2349 1404 2398 6
1455 2353 1684 2416 Λουκᾶς,
1739 2367 1858 2399 συν-

255 2438 626 2510 ηθροισμένους
695 2440 812 2496 τούς
891 2431 1092 2504 ἕνδεκα,
1166 2441 1256 2488 καὶ
1335 2440 1450 2496 τούς
1521 2441 1614 2488 σὺν
1682 2435 1859 2496 αὐτοῖς

253 2525 490 2596 λέγοντας
554 2527 634 2576 ὅτι
693 2525 911 2599 Ἠγέρθη
979 2526 1008 2575 ὁ
1085 2526 1268 2597 Κύριος
1317 2528 1492 2592 ὅντως,
1566 2529 1655 2576 καὶ
1711 2526 1854 2595 ὤφθη

255 2619 463 2685 Σίμωνι.

331 2704 451 2768 [Καὶ
493 2703 603 2772 (30)
645 2710 774 2767 πῶς,
821 2703 901 2754 ὅτε
949 2701 1104 2773 ἐφάνη
1159 2702 1354 2773 αὐτοῖς,
1404 2707 1561 2774 φησὶν
1622 2703 1648 2753 ό
1704 2700 1858 2761 αὐτὸς

253 2789 623 2859 εύαγγελιστὴς
703 2792 780 2842 ὅτι
864 2793 1172 2851 Πτοηθέντες
1254 2796 1343 2842 καὶ
1419 2789 1633 2863 ἔμφοϐοι
1713 2793 1857 2861 γενό-

250 2895 412 2946 μενοι,
471 2875 684 2930 ἐδόκουν
747 2887 950 2950 πνεῦμα
1011 2881 1234 2954 θεωρεῖν,
1296 2884 1386 2932 καὶ
1446 2881 1511 2931 τὰ
1562 2879 1717 2946 ἐξῆςς
1769 2885 1858 2931 xui

254 2967 334 3017 ὅτι
391 2965 506 3019 "Eri
564 2966 918 3020 ἀπιστούντων
974 2971 1140 3020 αὐτῶν
1201 2967 1303 3020 ἀπὸ
1382 2976 1471 3029 τῆς
1541 2974 1717 3041 χαρᾶς
1771 2980 1856 3027 καὶ

255 3056 644 3127 θαυμαζόντων,
750 3055 884 3109 εἶπεν
991 3061 1169 3118 αὺτοῖς
1221 3075 1232 3086 ·
1286 3056 1475 3129 Ἔχετέ
1551 3077 1602 3110 τι

1713 3055 1856 3130 βρώ-

257 3163 414 3215 σιμον
463 3142 662 3210 ἐνθάδε,
723 3151 812 3198 καὶ
869 3149 934 3198 τά
974 3146 1176 3213 λοιπα;
1224 3151 1367 3198 Διότι
1402 3154 1569 3198 ταῦτα
1612 3150 1726 3199 τότε
1770 3167 1855 3199 πε·

1968 2003 2023 2052 et
2050 1997 2304 2053 Joannes
2323 1996 2593 2052 nondum
2625 2011 2763 2050 eum
2790 1993 3104 2057 vidissent,
3131 1991 3619 2048 alinteaminibus

1967 2092 2167 2141 tamen
2217 2101 2286 2140 ac
2339 2085 2578 2140 sudario
2634 2083 3019 2138 resurrexisse
3068 2081 3464 2136 crediderunt.
3507 2079 3619 2135 Alii

1966 2191 2207 2247 quoque
2238 2173 2530 2243 discipuli,
2565 2190 2700 2229 cum
2728 2171 3115 2243 postmodum
3139 2174 3337 2225 Petrus
3367 2185 3507 2224 eum
3536 2169 3625 2223 vi-

1966 2265 2174 2328 disset,
2202 2262 2434 2333 illisque
2464 2262 2880 2326 renuntiasset,
2914 2261 3180 2316 nondum
3213 2259 3478 2314 videntes
3499 2274 3620 2313 cre-

1967 2352 2258 2408 diderunt.
2275 2352 2653 2415 Invenerunt,
2683 2351 2874 2422 inquit
2892 2351 3100 2416 Lucas,
3125 2352 3498 2418 congregatos
3519 2361 3620 2401 un-

1967 2443 2150 2497 decim
2171 2449 2223 2497 et
2257 2456 2344 2496 eos
2369 2442 2471 2510 qui
2507 2455 2634 2494 cum
2665 2439 2783 2493 illis
2809 2445 3000 2501 erant,
3030 2437 3279 2492 dicentes
3307 2454 3320 2492 :
3348 2434 3619 2492 Surrexit

1966 2531 2241 2586 Dominus
2276 2545 2420 2595 aere,
2449 2535 2502 2585 et
2532 2530 2680 2584 visus
2711 2536 2790 2584 est
2818 2543 2855 2583 a
2895 2526 3124 2582 Simone
3146 2527 3187 2579 θ.

2039 2709 2106 2761 Et
2121 2706 2428 2779 quomodo
2444 2705 2586 2761 dicit
2599 2705 2757 2761 idem
2774 2703 3152 2773 evangelista,
3169 2703 3331 2776 quod
3351 2702 3499 2758 dum
3515 2717 3619 2774 ap-

1968 2797 2165 2870 paruit
2193 2797 2296 2866 eis,
2338 2795 2712 2864 expavefacti
2746 2803 2798 2851 et
2839 2794 3147 2850 conterriti
3194 2791 3615 2850 existimabant

1966 2889 2244 2957 spiritum
2274 2901 2334 2942 se
2357 2886 2613 2949 videre",
2645 2889 2925 2939 etcaetera
2953 2884 2980 2937 ?
3001 2888 3056 2938 et
3076 2881 3239 2954 quod
3269 2881 3469 2937 adhuc
3492 2881 3614 2937 illis

1966 2993 2087 3033 non
2099 2975 2458 3032 credentibus
2471 2989 2588 3044 prae
2600 2974 2900 3043 gaudio,et
2912 2970 3332 3027 admirantibus
3341 2970 3496 3027 dixit
3510 2971 3611 3033 eis,

1965 3067 2200 3122 Habetis
2224 3067 2316 3120 hic
2345 3064 2574 3135 aliquid
2599 3063 2784 3118 edulii
2813 3065 2854 3126 ⁸,
2884 3066 2940 3117 et
2983 3067 3191 3116 caetera
3219 3060 3247 3115 ?
3284 3059 3438 3128 Quia
3479 3063 3619 3114 tunc

1965 3156 2094 3212 hinc
2112 3155 2270 3226 passi
2293 3159 2450 3219 sunt,
2468 3169 2586 3208 non
2605 3153 2766 3224 quod
2785 3167 2921 3206 eum
2943 3149 3330 3205 resurrexisse
3359 3164 3475 3203 non
3498 3163 3621 3202 cre-

254 3234 522 3297 πόνθασιν,
583 3234 679 3285 ούκ
731 3232 1068 3297 ἀπιστοῦντες
1127 3237 1205 3288 ὅτι
1270 3234 1480 3303 ἀνέστη,
1540 3235 1647 3287 ἀλλ’
1699 3235 1852 3308 ἀμφι-

1982 3244 2190 3308 ierent,
2224 3242 2325 3297 sed
2356 3241 2519 3312 quod
2542 3239 2898 3304 dubitarent,
2933 3243 3125 3292 utrum
3157 3236 3286 3307 ipse
3316 3241 3491 3299 esset,
3515 3234 3619 3307 qui

253 3321 518 3382 ϐάλλοντες
565 3321 608 3373 εἰ
639 3322 789 3382 αὑτός
818 3322 956 3374 ἐστιν
987 3325 1012 3375 6
1043 3327 1340 3397 φαινόμενος
1372 3324 1564 3391 αὐτοῖς,
1597 3329 1685 3376 καὶ
1712 3322 1855 3397 ἀκρι-

255 3409 664 3483 ϐολογούμενοι.]

325 3499 826 3574 Συμπαραλαμϐοἰνει
857 3496 918 3553 δὲ
947 3501 970 3552 6
1000 3505 1336 3574 μακαρισμὸς
1379 3506 1468 3554 xui
1498 3507 1618 3563 τούς
1649 3498 1743 3554 διὰ
1767 3510 1857 3554 τοῦ

254 3592 592 3661 κηρύγματος
629 3592 991 3650 πιστεύοντας.⁴
1030 3589 1188 3642 Ὀταν
1237 3587 1324 3642 οὖν
1358 3610 1438 3653 τις
1478 3591 1601 3664 λέγῃ
1631 3635 1640 3645 .
1674 3592 1857 3644 Μακά-

254 3697 359 3752 ριοι
389 3681 438 3730 οἰ
471 3677 584 3731 κατ’
633 3677 854 3740 ἐκείνους
905 3684 1024 3742 τοὺς
1073 3684 1288 3752 καιρούς
1335 3683 1491 3748 ὄντες,
1525 3686 1614 3731 xui
1665 3677 1859 3740 ἰδόντες

255 3769 341 3818 τόν
382 3771 628 3839 Χριστὸν,
663 3766 890 3820 ἐννοείτω
919 3771 1000 3821 ὅτι
1028 3770 1293 3841 Μακάριοι
1337 3771 1385 3820 οἰ
1421 3773 1492 3841 μὴ
1531 3766 1726 3832 ἰδόντες
1773 3765 1861 3823 καἱ

258 3859 647 3916 πιστεύσαντες.

326 3944 482 3998 Ἀλλά
507 3953 612 4006 πῶς
644 3954 796 4018 σῶμα
825 3947 1086 4018 ἄφθαρτον
1127 3949 1323 4008 τύπους
1363 3944 1475 4018 εἶχε
1504 3947 1734 4018 πληγῶν,
1769 3954 1857 4002 xui

255 4035 359 4106 ἀφῇ
405 4035 694 4100 ύπέπιπτε;
740 4042 857 4095 Πῶς
888 4053 899 4100 ;
939 4035 1227 4107 ’Υπερφυὼς
1272 4056 1326 4088 τε
1355 4027 1444 4088 κάἰ
1475 4037 1807 4108 οἰκονομικῶς
1845 4058 1856 4072 ’

255 4128 340 4175 xui
381 4125 480 4195 γὰρ
521 4127 610 4175 καὶ
663 4127 814 4196 ἔφαγε
869 4129 958 4176 καὶ
1011 4127 1120 4177 ἔπιε
1175 4128 1306 4198 πρὸς
1356 4124 1708 4201 πληροφορίαν
1757 4136 1854 4179 τῶν

255 4214 504 4284 μαθητῶν
513 4255 531 4269 ,.

330 4300 498 4353 Πολλὰ
549 4333 616 4342 -
665 4305 854 4373 τούτῳ.
915 4305 992 4354 Tu
1041 4305 1173 4374 μετά
1227 4307 1320 4361 τὴν
1378 4303 1664 4357 ἀνάστασιν
1729 4308 1855 4358 πάν-

255 4409 354 4451 τως
384 4390 538 4462 λέγει.
571 4393 668 4443 Διά
696 4399 845 4443 τοῦτο
893 4394 994 4464 γὰρ
1035 4388 1169 4444 εἶπεν
1217 4394 1294 4444 ὅτι
1341 4392 1552 4445 ἐνώπιον
1603 4403 1702 4445 τῶν
1748 4415 1854 4467 μα-

258 4481 426 4536 θητῶν
473 4480 650 4533 αύτού.
683 4479 883 4553 Ὠσπερ
939 4483 1040 4553 γάρ
1088 4483 1189 4553 πρὸ
1235 4489 1327 4542 τῆς
1367 4480 1700 4546 ἀναστάσεως
1750 4481 1853 4537 ἔδει

1963 3333 2049 3389 eis
2074 3329 2394 3403 apparebat
2421 3349 2434 3387 :
2471 3344 2539 3383 ac
2565 3326 2902 3398 diligentius
2937 3325 3401 3380 considerarent.

2037 3419 2491 3489 Comprehendit
2534 3423 2732 3472 autem
2767 3415 3066 3471 beatitudo
3093 3415 3221 3469 haec
3251 3414 3426 3468 etiam
3459 3411 3618 3480 illos,

1965 3510 2066 3582 qui
2093 3525 2199 3582 per
2217 3508 2701 3580 praedicationem
2725 3505 2992 3560 credunt.
3014 3507 3156 3561 Cum
3187 3518 3329 3574 ergo
3351 3503 3490 3557 dicit
3518 3501 3618 3558 ali-

1967 3598 2099 3672 quis
2142 3597 2340 3653 :Beati
2363 3596 2466 3668 qui
2508 3593 2872 3666 temporibus
2910 3592 3025 3647 illis
3070 3592 3319 3656 fuerunt,
3353 3607 3422 3647 ac
3464 3590 3619 3648 Chri—

1969 3693 2124 3743 stum
2146 3686 2437 3744 viderunt.
2463 3683 2813 3753 consideret,
2830 3681 2995 3754 quod
3016 3681 3182 3737 Beati
3207 3680 3310 3752 qui
3327 3695 3439 3736 non
3462 3679 3618 3736 vide-

1968 3782 2104 3832 runt
2135 3781 2187 3832 et
2221 3773 2628 3832 crediderunt.

2039 3952 2150 4008 Sed
2184 3952 2490 4023 quomodo
2521 3965 2738 4020 corpus
2765 3946 3206 4018 ineorruptibile
3241 3945 3485 4015 vestigia
3516 3945 3616 4001 ha-

1961 4041 2143 4099 bebat
2172 4041 2505 4113 plagarum,
2541 4054 2610 4093 ac
2639 4037 2817 4093 tactui
2840 4035 3190 4106 subjacebat
3221 4035 3247 4089 ‘I
3271 4033 3618 4101 QuomodO?

1965 4128 2499 4201 Supernaturaliter
2516 4133 2572 4182 et
2589 4125 3016 4197 dispensatoris
3037 4142 3052 4194 ;
3080 4123 3293 4179 edebat
3319 4122 3616 4195 siquidem

1962 4235 2032 4274 ac
2057 4219 2302 4275 bibebat
2328 4216 2406 4274 ad
2423 4216 2704 4287 majorem
2727 4213 3147 4285 discipulorum
3181 4212 3611 4267 certitudinem.

2033 4311 2190 4364 Vers.
2223 4308 2311 4363 30.
2343 4306 2532 4363 Multa
2557 4337 2626 4345 —
2659 4305 2781 4361 hoc.
2822 4306 2898 4359 De
2931 4304 3023 4359 his
3052 4301 3300 4358 omnino
3327 4300 3614 4373 loquitur,

1962 4413 2096 4469 quas
2128 4402 2264 4468 post
2306 4393 2798 4452 resurrectionem
2846 4393 3001 4448 facta
3053 4395 3189 4446 sunt
3241 4408 3256 4443 :
3297 4394 3620 4461 propterea.

1965 4501 2226 4557 namque
2253 4485 2423 4550 dixit,
2455 4485 2519 4540 in
2551 4489 2863 4551 conspectu
2891 4481 3321 4549 discipulorum
3348 4493 3609 4534 suorum.

256 4568 416 4621 πολλὰ
451 4570 713 4639 γενέσθαι,
763 4571 845 4620 ἶνα
889 4571 1242 4622 πιστεύσωσιν
1290 4572 1370 4622 ὅτι
1418 4573 1535 4632 Υἱός
1583 4570 1724 4624 ἐστιν
1762 4581 1854 4625 τοῦ

1982 4575 2229 4641 )uemad
2241 4574 2484 4629 modum
2503 4573 2668 4628 enim
2688 4575 2824 4627 ante
2841 4568 3337 4626 resurrectionem
3357 4565 3619 4638 plurima

1961 4664 2083 4718 ﬁeri
2118 4664 2400 4735 oportuit,
2436 4667 2498 4717 ut
2543 4661 2846 4717 crederent
2885 4674 3023 4714 eum
3075 4673 3206 4712 esse
3238 4655 3446 4712 Filium
3476 4655 3611 4711 Dei:

1962 4752 2044 4809 ita
2087 4759 2144 4808 et
2195 4758 2330 4824 post
2379 4750 2894 4812 resurrectionem,
2952 4753 3012 4802 ut
3068 4744 3348 4802 certiores
3405 4744 3618 4800 ﬁerent

1959 4841 2126 4912 quod
2161 4842 2592 4896 resurrexisset.

2032 4934 2146 4984 Aut
2169 4929 2345 4984 etiam
2371 4943 2567 4984 sermo
2583 4925 2911 4983 communis
2929 4929 3015 4980 est
3041 4941 3052 4978 :
3074 4929 3128 4980 et
3149 4923 3222 4978 de
3243 4922 3335 4978 his
3361 4921 3616 4994 loquens

1960 5033 2097 5090 quas
2128 5023 2266 5074 ante
2297 5016 2804 5080 resurrectionem,
2837 5019 2893 5070 et
2921 5013 2995 5069 de
3025 5012 3117 5068 his
3144 5028 3279 5084 quas
3311 5015 3450 5083 post
3478 5025 3617 5066 eam

1960 5107 2113 5164 facta
2138 5111 2292 5162 sunt.

2031 5196 2196 5252 Vers.
2230 5195 2317 5252 3|.
2372 5198 2500 5254 Haec
2529 5227 2596 5235 —
2629 5194 2747 5250 Dei.
2801 5193 2952 5259 Non,
2986 5191 3193 5264 inquit,
3235 5189 3311 5246 ad
3343 5189 3592 5246 ambitio

257 4663 390 4708 Θεοῦ
423 4674 435 4686 ·
470 4658 602 4709 ούτω
633 4662 722 4709 καὶ
764 4661 893 4730 μετά
932 4664 1024 4716 τὴν
1056 4657 1364 4724 ἀνάστασιν,
1399 4661 1481 4712 ἱνα
1522 4659 1856 4736 πληροφορη-

259 4747 418 4798 θώσιν
448 4748 525 4797 ὅτι
558 4743 766 4804 ἀνέστη.

327 4921 394 4974 Ἦ
426 4927 516 4974 καὶ
549 4925 718 4986 κοινός
752 4925 777 4976 ὁ
810 4923 954 4996 λόγος
989 4929 1104 4998 περί
1148 4944 1200 4976 τε
1229 4933 1326 4978 τῶν
1358 4929 1457 5001 πρὸ
1498 4934 1587 4987 τῆς
1630 4925 1854 4980 ἀναστά-

260 5029 385 5073 σεως
415 5016 504 5064 xui
533 5017 650 5086 περὶ
680 5022 778 5066 τῶν
808 5017 939 5084 μετά
969 5018 1060 5073 τὴν
1082 5015 1392 5070 ἀνάστασιν.

325 5194 502 5241 Ταῦτα
540 5220 607 5228 -
656 5197 809 5244 Θεοῦ.
857 5189 932 5242 Ou’
977 5195 1106 5263 πρὸς
1132 5190 1446 5264 φιλοτιμίαν,
1479 5197 1656 5265 φησὶν,
1703 5192 1852 5268 ἐγρά-

936 5370 957 5404 ⁷
984 5368 1128 5426 ibid.
1161 5373 1246 5427 37.

329 5369 349 5402 ⁸
378 5366 516 5423 Luc.
547 5383 702 5438 χειν,
733 5368 820 5425 33.
936 5370 957 5404 ⁷
984 5368 1128 5426 ibid.
1161 5373 1246 5427 37.
1363 5374 1383 5407 ⁸
1405 5368 1550 5427 ibid.
1601 5373 1691 5427 41.

1473 5577 1696 5646 Varia
1725 5577 2047 5648 lectiones
2073 5595 2139 5646 et
2170 5588 2368 5647 notae.

326 5766 439 5837 (28)
470 5767 706 5823 Inclusa
730 5767 944 5825 absunt
972 5772 1037 5824 A.

326 5773 439 5837 (28)
470 5773 706 5823 Inclusa
730 5773 944 5825 absunt
972 5773 1037 5824 A.

324 5839 440 5911 ('29)
472 5841 656 5896 Etiam
682 5839 812 5897 hinc
836 5840 1055 5898 absunt
1085 5843 1157 5898 A.

2033 5774 2148 5846 (30)
2173 5773 2406 5832 inclusa
2436 5774 2660 5832 absunt
2689 5780 2756 5832 Α.
