4130 6320
547 438 682 496 4491

1891 439 2227 497 EU'I‘HYMII
2263 437 2594 497 ZIGABENI

3790 444 3927 498 M92

544 581 683 624 nem
705 565 835 623 haec
848 566 1212 640 scripsimus,
1239 567 1321 624 ita
1340 566 1501 625 enim
1522 572 1577 624 et
1594 567 1710 625 alia
1729 566 2191 641 scripsissemus,

2315 565 2476 639 φαμεν
2507 588 2520 602 ⁸
2550 564 2580 626 ἦ
2610 570 2713 641 γὰρ
2753 566 2814 620 ἂν
2843 573 2933 621 καὶ
2975 566 3105 621 ἄλλα
3132 566 3452 643 ἐγράψαμεν,
3488 568 3685 622 πολλῶν
3743 573 3923 622 ἄντι-ιν⁸

543 672 682 713 cum
722 656 911 713 multa
939 662 1139 713 essent
1194 674 1206 712 :
1242 657 1345 713 sed
1386 657 1463 713 ad
1522 658 1708 714 solam
1760 656 2194 722 necessitatem,

542 750 610 802 ut
638 747 890 802 credatis
919 746 1084 819 quod
1114 747 1210 802 hic
1239 750 1412 803 Jesus
1444 753 1531 802 est
1561 748 1827 804 Christus
1862 747 2040 803 Filius
2070 746 2193 821 Dei,

540 835 699 908 quia
719 836 1024 908 prophetis
1050 837 1438 891 annuntiatus
1468 840 1574 891 est.

612 925 776 981 Vers.
806 925 897 981 3t.
929 926 1001 980 Et
1036 956 1096 965 —
1127 928 1273 992 eius.
1304 925 1425 980 Hoc
1455 930 1562 992 est,
1591 942 1697 998 per
1721 941 2042 993 eum,nam
2068 925 2196 996 ipse

539 1014 664 1070 vita
710 1014 1063 1085 est;vitam,
1109 1014 1385 1087 inquam,
1432 1016 1859 1088 sempiternam
1897 1014 2190 1070 habeatis.

614 1104 756 1175 Cap.
797 1105 926 1159 XXI.
972 1103 1135 1157 Vers.
1179 1109 1225 1158 t.
1260 1106 1472 1161 Postea
1503 1136 1569 1146 -—
1608 1104 1951 1160 Tiberiadis.
1993 1106 2195 1176 Neque

541 1192 699 1247 enim
731 1192 1014 1249 continue
1060 1208 1187 1248 cum
1229 1194 1315 1248 eis
1353 1194 1725 1259 versabatur,
1768 1199 1832 1248 ut
1869 1193 2054 1265 prius,
2087 1192 2195 1247 sed

541 1294 649 1352 per
677 1286 1017 1352 temporum
1056 1280 1365 1337 intervalla
1395 1281 1731 1338 accedebat.
1779 1282 1951 1348 Quod
1991 1286 2193 1337 autem

540 1368 774 1437 dicitur,
825 1370 1258 1439 Manifestavit,
1310 1375 1367 1427 et
1421 1372 1744 1441 Apparuit,
1790 1376 1847 1427 et
1899 1371 2063 1426 Visus
2109 1377 2194 1426 est

540 1473 612 1514 ac
668 1458 903 1523 similia,
959 1458 1286 1515 ostendunt
1341 1460 1506 1533 quod
1555 1462 1726 1530 juxta
1777 1464 2053 1517 naturam
2107 1460 2192 1515 in-

539 1547 1047 1618 corruptibilitatis
1103 1549 1388 1620 corporis,
1449 1549 1760 1605 invisibilis
1817 1553 1943 1605 erat
1993 1565 2190 1605 corru-

538 1635 842 1709 ptibilibus
887 1636 1073 1692 oculis
1122 1654 1135 1691 :
1181 1653 1393 1693 verum
1439 1637 1808 1694 demittenda
1848 1654 1913 1694 se
1960 1642 2016 1694 et
2069 1638 2194 1693 dis-

535 1725 875 1798 pensatorie
920 1725 1436 1782 manifestabatur.
1482 1727 1604 1782 Hoc
1644 1732 1848 1783 autem
1910 1742 2076 1783 mare
2127 1726 2190 1782 in

539 1813 782 1870 Galilaaa
798 1818 923 1871 erat
946 1831 959 1881 ;
983 1816 1186 1871 animo
1205 1815 1494 1888 siquidem
1514 1821 1836 1888 resumpto,
1860 1832 1930 1873 eo
1948 1814 2191 1888 profecti

539 1909 697 1959 sunt.

607 1994 772 2047 Vers.
804 1993 856 2047 1.
884 1993 1294 2064 Manifestavit
1317 2001 1507 2051 autem
1533 1995 1638 2051 sic.
1656 1997 1725 2051 Ut
1755 2010 1912 2050 nunc
1931 1995 2191 2051 dicturus

542 2085 650 2137 est.
700 2112 703 2117 -

609 2168 768 2224 Vers.
790 2174 841 2223 εὶ.
866 2171 1056 2225 Erant
1081 2201 1143 2211 —
1166 2173 1328 2225 Vers.
1352 2176 1404 2227 3.
1435 2178 1644 2228 tecum.
1663 2175 1808 2227 Nam
1836 2188 1970 2227 cum
1994 2188 2190 2245 neque

537 2273 775 2330 semper
793 2273 932 2315 cum
953 2260 1036 2314 eis
1053 2266 1207 2315 esset
1228 2260 1514 2325 Salvator,
1542 2267 1605 2315 ut
1626 2260 1853 2316 dictum
1872 2266 1978 2327 est,
1996 2277 2190 2334 neque

535 2346 687 2403 alius
711 2347 783 2403 ad
794 2348 1051 2404 venisset
1071 2349 1638 2421 Paracletus,neque
1658 2350 1913 2421 perfecte
1934 2351 2019 2406 eis
2032 2366 2180 2406 com-

533 2436 714 2492 missa
727 2441 879 2493 esset
895 2438 1402 2509 prtedicatio,cum
1417 2438 1730 2494 nihilesset
1744 2439 1909 2511 quod
1922 2444 2185 2509 agerent,

532 2524 757 2597 reliquo
784 2530 1053 2597 tempore
1092 2527 1500 2600 piscabantur,
1550 2528 1803 2600 priorem
1850 2536 2190 2585 exercentes

536 2619 725 2670 artem
759 2631 1145 2688 :quanquam
1191 2632 1311 2671 non
1344 2632 1549 2672 amore
1575 2616 1719 2672 lucri
1774 2623 1837 2671 ut
1870 2618 2045 2688 prius.

609 2704 765 2760 Vers.
790 2709 841 2761 3.
868 2706 1161 2762 Exierunt
1190 2721 1331 2776 ergo
1357 2736 1419 2746 -
1451 2708 1675 2762 statim.
1704 2708 1846 2772 Quae
1869 2706 2020 2762 Petri
2041 2710 2185 2773 erat,

538 2796 641 2849 aut
663 2792 925 2850 ﬁliorum
946 2794 1229 2860 Zebedtei,
1264 2799 1366 2851 aut
1387 2794 1641 2866 alicujus
1667 2811 1877 2852 eorum
1907 2811 2062 2869 quos
2080 2811 2190 2852 no-

539 2887 768 2938 verant.

618 2976 774 3029 Vers.
799 2978 829 3029 3
865 2974 941 3029 Et
987 3003 1056 3015 —
1098 2974 1272 3031 nihil.
1319 2974 1756 3047 Dispensatorie
1814 2973 1928 3030 hoc
1969 2973 2191 3030 factum

545 3066 653 3126 est,
680 3061 855 3117 veluti
886 3062 943 3116 in
985 3063 1369 3135 sequentibus
1412 3062 1701 3118 dicemus.
1752 3062 2078 3118 Verisimile
2108 3069 2196 3118 est

544 3153 764 3216 autem,
782 3150 928 3206 alios
940 3166 1183 3223 quoque
1195 3151 1516 3222 discipulos
1530 3152 1787 3210 terrestri
1802 3152 2005 3206 itinere
2016 3150 2195 3207 fuisse

2308 654 2435 708 ἀλλὰ
2476 660 2603 729 πρὸς
2654 662 2839 730 χρείαν
2886 662 3067 729 μόνην,
3120 659 3203 709 ἶνα
3229 661 3551 717 πιστεύσητε
3580 662 3664 711 ὅτι
3715 658 3929 720 Ἰησοῦς

2307 745 2456 807 οὗτός
2487 745 2627 798 ἐστιν
2654 748 2945 820 όίριστὸς,
2977 748 3003 798 ό
3032 750 3152 809 Υἱὸς
3179 754 3272 799 τοῦ
3303 754 3456 813 Θεοῦ,
3490 749 3517 799 ὁ
3538 749 3643 800 ὑπὸ
3668 757 3777 800 τῶν
3804 767 3929 814 προ-

2307 843 2479 906 φητῶν
2507 835 3000 907 καταγγελλόμενος.

2386 929 2487 978 Καὶ
2518 924 2697 977 αὐτοῦ.
2721 929 2973 977 Τουτέστι
3001 924 3114 997 (31)
3144 921 3177 977 δ
3182 927 3219 977 ι’
3239 925 3400 978 αὐτοῦ
3424 947 3437 959 ·
3471 925 3632 988 αὐτὸς
3653 929 3757 998 γὰρ
3788 925 3925 978 ἐστιν

2305 1016 2334 1071 ἦ
2371 1014 2477 1075 ζωή
2517 1034 2530 1047 ⁶
2564 1014 2702 1074 ζωὴν
2726 1010 2785 1066 δὲ
2809 1016 2973 1086 ἔχητε
2999 1018 3092 1072 τὴν
3120 1013 3347 1069 αἰώνιον.

2378 1104 2521 1155 Μετὰ
2561 1110 2728 1155 ταῦτα
2775 1133 2843 1141 -
2879 1099 3209 1174 Τιϐεριάδος.
3262 1103 3337 1155 Οὐ
3384 1106 3486 1175 γὰρ
3529 1099 3719 1155 διόλου
3764 1112 3922 1162 συνῆν

2305 1194 2497 1258 αὐτοῖς,
2553 1194 2622 1254 ὡς
2668 1195 2727 1244 τό
2778 1195 3047 1264 πρότερον,
3104 1191 3210 1244 ἀλλ’
3262 1191 3317 1243 ἐκ
3374 1188 3757 1264 διαλείμματος
3814 1191 3918 1245 ἐπε·

2305 1277 2484 1353 δήμει.
2551 1284 2621 1333 Τὸ
2698 1277 2757 1333 δὲ
2818 1279 3137 1352 Ἐφανέρωσε
3194 1281 3328 1353 (32),
3399 1284 3488 1332 καὶ
3561 1282 3767 1353 Ἐφοξνη
3834 1287 3925 1333 καὶ

2302 1372 2475 1442 Ὠφθη
2528 1374 2618 1421 καὶ
2675 1371 2741 1421 τὰ
2789 1376 3009 1421 τοιαῦτα
3054 1370 3427 1441 ὑποφαίνουσιν
3483 1372 3563 1421 ὅτι
3617 1373 3765 1422 κατὰ
3810 1374 3926 1439 (33)

2301 1463 2395 1514 τὴν
2445 1460 2600 1530 φύσιν
2646 1467 2742 1519 τῆς
2787 1456 3087 1531 ἀφθαρσίας
3142 1466 3233 1510 τοῦ
3290 1465 3532 1531 σώματος
3590 1458 3806 1531 ἀφανὴς
3867 1456 3927 1517 ἓν

2302 1549 2547 1620 φθαρτοῖς
2578 1546 2861 1619 ὀφθαλμοῖς
2896 1566 2907 1577 ·
2945 1546 3415 1618 συγκαταϐατικῶς
3444 1545 3505 1600 δὲ
3532 1553 3627 1600 καὶ
3656 1548 3929 1620 οἰκονομισ

2301 1645 2405 1698 κῶς
2424 1635 2748 1709 ἐφανεροῦτο.
2778 1634 2836 1689 Ἡ
2873 1634 3114 1689 θάλασσα
3139 1632 3198 1689 δὲ
3223 1637 3355 1695 αῦτη
3379 1634 3428 1689 ἐν
3449 1644 3512 1709 τῇ
3542 1636 3809 1711 Γαλιλαίᾳ
3842 1634 3927 1695 ἦν.

2304 1724 2786 1800 Ἀναθαρῥήσαντες
2808 1727 2910 1796 γὰρ
2943 1723 3174 1785 ἀπῆλθον
3204 1725 3327 1780 ἐκεῖ.

2374 1994 2690 2068 Ἐφανέρωσε
2716 1988 2775 2045 δὲ
2804 1992 2984 2052 οὕτως.
3012 1991 3101 2054 Ὠς
3132 1991 3252 2065 ἐρεῖ.

2368 2173 2538 2225 Ἦσαν
2594 2202 2658 2212 -
2720 2173 2812 2224 σύν
2868 2190 2971 2225 σοι.
3030 2176 3177 2230 Μήτε
3209 2173 3311 2245 γὰρ
3362 2179 3453 2224 τοῦ
3500 2179 3752 2245 Σωτῆρος
3806 2168 3927 2224 διό-

2299 2262 2388 2314 λου
2456 2265 2700 2322 συνόντος
2757 2260 2953 2328 αὐτοῖς,
3012 2263 3083 2322 ὡς
3130 2264 3350 2336 εἴρηται,
3408 2266 3542 2333 μήτε
3592 2269 3689 2313 τοῦ
3762 2262 3927 2313 ἄλλον

2302 2351 2647 2426 Παρακλὴτου
2696 2349 2938 2413 ἐλθόντος,
3000 2354 3133 2422 μήτε
3177 2357 3268 2402 τοῦ
3325 2353 3661 2425 κηρύγματος
3710 2349 3931 2412 ἐντελῶς

2300 2439 2717 2513 ἆγχειρισθέντος
2744 2438 2940 2501 αὐτοῖς,
2983 2435 3134 2491 οὐδὲν
3183 2440 3393 2510 ἔχοντες
3421 2440 3691 2514 πράττειν,
3742 2438 3930 2491 λοιπὸν

2300 2530 2523 2597 ἠλίευον,
2565 2533 2658 2586 τὴν
2688 2532 2939 2602 προτέραν
2967 2532 3339 2603 μετερχόμενοι
3385 2532 3599 2600 τέχνην,
3646 2527 3696 2579 εἰ
3723 2532 3822 2579 καὶ
3854 2532 3927 2599 μή

2302 2614 2619 2691 φιλοκερδῶς
2650 2618 2714 2677 ὡς
2746 2620 2801 2669 τό
2828 2621 2969 2691 πρίν.

2372 2706 2614 2769 Ἐξῆλθον
2636 2701 2723 2757 οὖν
2758 2736 2811 2746 —-—
2842 2705 3018 2767 εὐθύς.
3059 2704 3146 2766 Εἰς
3171 2707 3228 2756 τό
3258 2712 3348 2757 τοῦ
3381 2707 3599 2776 Πέτρου,
3646 2704 3701 2774 [ἤ
3738 2708 3799 2757 τὸ
3830 2714 3936 2755 τῶν

2302 2797 2413 2867 (34)
2446 2798 2571 2848 υἱῶν
2600 2791 2901 2861 Ζεϐεδαίου,
2936 2799 2965 2853 ἣ
2999 2813 3133 2855 τινος
3160 2802 3261 2846 τῶν
3286 2792 3605 2866 γνωρίμων]

2378 2979 2477 3027 Καὶ
2510 2971 2682 3027 οὐδέν.
2720 3005 2779 3014 -
2798 2973 2925 3027 Κατ’
2956 2972 3274 3044 οἰκονομίαν,
3299 2974 3367 3032 ὡς
3388 2970 3599 3046 ἐροῦμεν
3622 2976 3929 3043 προϊόντες.

2306 3062 2451 3122 Εἰκὸς
2482 3058 2541 3115 δὲ
2569 3067 2658 3114 καὶ
2686 3066 2806 3122 τοὺς
2830 3060 3010 3121 ἄλλους
3050 3062 3311 3133 μαθητὰς,
3359 3063 3423 3119 ὡς
3468 3061 3494 3110 ό
3528 3064 3931 3133 Χρυσόστομος

2305 3152 2420 3221 (35)
2447 3154 2667 3222 εἴρηκεν,
2702 3151 2798 3213 ἔξω
2829 3151 2942 3221 (36)
2971 3149 3287 3215 ἀκολουθεῖν,
3325 3150 3486 3222 χάριν
3510 3168 3560 3201 τε
3582 3147 3806 3217 ἀγάπης
3835 3156 3929 3203 καὶ

542 3244 801 3304 secutos,
822 3238 973 3294 sicut
995 3240 1073 3296 ait
1099 3240 1582 3312 Chrysostomus,
1611 3240 1836 3296 amoris
1866 3240 2077 3311 gratia,
2110 3246 2191 3294 ut-

2315 3243 2420 3302 9ἐας
2458 3244 2552 3298 τὴν
2594 3239 2796 3310 σχολὴν
2846 3234 2898 3292 εὖ
2941 3236 3344 3311 διατιθεμένους,
3405 3242 3495 3290 καὶ
3542 3233 3928 3291 συνδιανυκτε-

539 3343 658 3399 que
683 3332 1045 3400 spectatores
1067 3335 1286 3394 essent,
1309 3345 1378 3385 ac
1396 3329 1583 3400 probe
1603 3329 1791 3385 otium
1812 3328 2190 3394 collocarent,

539 3420 597 3472 et
621 3416 798 3472 simul
832 3433 971 3473 cum
1002 3417 1086 3473 eis
1118 3421 1547 3489 pernoctarent.

612 3506 772 3561 Vers.
795 3510 845 3563 4.
861 3507 1042 3564 Mane
1062 3538 1126 3548 —
1146 3516 1307 3564 esset.
1328 3506 1807 3580 Fortassis,quod
1830 3506 2190 3579 splendidio-

535 3594 587 3650 ri
600 3601 913 3669 appareret
930 3596 1143 3668 specie.
1157 3602 1399 3669 prapter
1414 3596 1942 3663 immortalitatem,
1958 3602 2059 3653 aut
2077 3596 2193 3651 dis-

537 3686 875 3757 pensatorie
904 3686 982 3741 ab
1016 3686 1100 3741 eis
1129 3688 1404 3755 cognitus
1432 3701 1553 3741 non
1584 3691 1690 3740 est.

609 3773 771 3829 Vers.
802 3774 854 3829 5.
886 3774 1034 3830 Dicit
1062 3806 1128 3815 —
1150 3775 1376 3832 habetis
1398 3776 1426 3830 ?
1475 3770 1696 3841 Παιδία,
1742 3774 1800 3829 id
1830 3779 1936 3839 est,
1975 3790 2192 3846 pueros

537 3862 669 3919 illos
701 3863 927 3919 vocavit
951 3864 1123 3934 juxta
1152 3863 1659 3919 consuetudinem.
1694 3864 1866 3919 Moris
1893 3862 2189 3935 siquidem

539 3951 756 4008 eratita
767 3952 1072 4023 operarios
1086 3952 1907 4024 appellare,propterillorum
1927 3953 2110 4007 robur
2121 3968 2191 4008 ac

540 4040 947 4097 strenuitatem
974 4042 1050 4097 ad
1075 4040 1312 4097 labores
1342 4080 1355 4095 .
1383 4041 1663 4114 Loquitur
1692 4047 1890 4097 autem
1919 4056 2057 4116 cum
2084 4057 2189 4111 618,

540 4130 714 4201 quasi
736 4128 937 4184 volens
969 4129 1187 4202 aliquid
1210 4131 1282 4185 ab
1303 4131 1386 4184 eis
1405 4146 1619 4185 emere.

2302 3333 2466 3405 ρεύειν
2497 3328 2694 3390 αὐτοῖς.

2373 3513 2578 3578 Πρωῑας
2614 3537 2678 3546 —
2705 3503 2862 3557 ἐστιν.
2895 3503 3052 3564 Ἴσως
3081 3511 3173 3556 τοῦ
3205 3499 3378 3564 εἴδους
3415 3502 3576 3556 αὐτοῦ
3614 3503 3924 3579 λαμπροτέ-

2301 3615 2393 3669 ρου
2421 3598 2723 3667 φαινομένου
2769 3590 2862 3647 διὰ
2903 3597 2997 3651 τὴν
3043 3591 3358 3667 ἀφθαρσίαν,
3392 3596 3422 3649 ἦ
3468 3594 3581 3644 κατ’
3612 3593 3922 3667 οἰκονομίω

2303 3685 2646 3756 ἀγνοουμένου
2679 3684 2872 3743 αὐτοῖς.
3225 3682 3233 3691 ’

2374 3777 2522 3844 Λέγει
2606 3803 2674 3813 -
2744 3774 2927 3844 ﬁxe-rt;
2986 3767 3185 3823 Παιδία
3263 3771 3481 3831 τούτους
3538 3767 3771 3836 ἐκάλεσε,
3856 3781 3917 3845 τῇ

2304 3864 2551 3934 συνηθείᾳ
2618 3863 2971 3935 χρησάμενος.
3039 3858 3194 3920 Ἐθος
3248 3861 3350 3932 γὰρ
3419 3861 3536 3919 τοὺς
3600 3856 3923 3931 ἐργατικοὺς

2301 3951 2458 4011 οὕτως
2487 3950 2756 4023 ὀνομάζειν
2787 3947 2880 4002 διὰ
2927 3952 2987 4002 τό
3017 3951 3145 4022 πρὸς
3175 3951 3299 4009 τοὺς
3348 3952 3535 4009 πόνους
3580 3945 3814 4019 ἀκμαῖόν
3867 3970 3922 4004 τι

2299 4045 2390 4093 καὶ
2429 4042 2657 4092 νεανικὸν
2704 4039 2892 4092 αὐτῶν.
2943 4037 3241 4109 Διαλέγεται
3287 4032 3346 4088 δὲ
3395 4036 3586 4105 αὐτοῖς,
3634 4039 3701 4097 ὡς
3758 4038 3919 4092 θέλων

2302 4127 2459 4188 δῆθεν
2488 4128 2610 4202 παρ’
2642 4128 2809 4180 αὐτῶν
2850 4128 3093 4180 ὠνεῖσθαί
3121 4145 3193 4181 τι.

617 4220 772 4272 Vers.
798 4223 849 4273 5.
883 4220 1432 4288 Responderunt.—
1455 4220 1617 4274 Vers.
1646 4220 1700 4274 6.
1718 4217 2043 4275 invenietis.
2078 4221 2193 4275 Nec

539 4304 738 4362 adhuc
770 4312 1174 4377 cognoverunt
1202 4322 1341 4361 eum
1370 4322 1519 4371 esse,
1550 4306 1716 4378 quod
1749 4312 1944 4362 tamen
1975 4321 2079 4362 eos
2109 4307 2191 4362 in-

2315 4306 2454 4368 κύτός
2497 4304 2656 4358 ἐστιν.
2717 4307 2915 4378 Ἐχρῆν
2948 4300 3007 4357 δὲ
3053 4308 3300 4356 συνιέναι.
3340 4311 3458 4364 Πῶς
3485 4305 3584 4376 γὰρ
3625 4302 3687 4354 ἂν
3741 4311 3917 4369 κοινὸς

539 4395 794 4465 telligere
815 4395 1096 4468 oportuit.
1118 4396 1273 4451 Nam
1288 4395 1595 4466 quomodo
1615 4395 1875 4464 vulgaris
1894 4395 2076 4451 homo
2090 4401 2191 4451 aut

2315 4396 2569 4470 ἅνθρωπος
2599 4391 2763 4454 εἰδείη
2813 4396 2894 4447 ὅτι
2934 4392 3203 4466 βάλλοντες
3244 4393 3317 4454 εἰς
3366 4396 3432 4446 τὰ
3462 4389 3612 4455 δεξιὰ
3648 4397 3784 4466 μέρη
3823 4403 3916 4445 τοῦ

539 4485 742 4540 socius
773 4485 834 4540 id
873 4501 1049 4541 nosse
1081 4484 1389 4557 potuisset,
1433 4484 1596 4557 quod
1632 4485 1921 4555 jacientes
1953 4485 2014 4539 in
2053 4484 2191 4540 dex-

2315 4485 2484 4538 ντλοίου
2507 4486 2796 4560 εὑρήσουσι
2820 4501 2833 4551 ;
2864 4482 3052 4543 Ῥητῶς
3082 4478 3142 4535 δὲ
3173 4481 3240 4543 εἰς
3256 4484 3323 4535 τὰ
3350 4478 3497 4544 δεξιὰ
3527 4480 3708 4555 βαλεῖν
3734 4480 3912 4534 ἑπέτα-

536 4578 723 4630 teram
772 4574 997 4645 navigii
1028 4578 1274 4646 partem,
1308 4573 1598 4629 inventuri
1630 4580 1822 4629 essent
1845 4574 1873 4630 ?
1907 4576 2191 4646 Expresse

2315 4575 2404 4640 Ξεν,
2434 4575 2517 4626 ἱνα
2543 4578 2615 4646 μὴ
2644 4575 2778 4626 κατὰ
2807 4575 2979 4644 τύχην
3010 4573 3040 4630 ἡ
3074 4572 3215 4647 ἄγρα
3244 4568 3396 4644 δόξῃ.

533 4668 735 4719 autem
758 4665 832 4719 ad
850 4663 1156 4719 dexteram
1165 4663 1361 4735 jacere
1380 4664 1759 4736 praecepitme
1778 4662 2017 4719 fortuita
2035 4663 2193 4718 vide-

527 4756 689 4808 retur
708 4757 976 4824 captura.

607 4840 768 4898 Vers.
794 4846 846 4897 6.
868 4840 1144 4898 Jecerunt
1166 4841 1381 4912 itaque.
1406 4840 1754 4913 Simpliciter
1774 4840 2191 4913 obtemperan-

535 4935 655 4986 tes:
686 4934 788 4987 aut
808 4930 1093 4997 arbitrati,
1118 4929 1292 4997 signo
1307 4930 1591 5003 qquiam
1609 4930 1774 4986 illum
1800 4945 1977 4986 nosse
1999 4930 2191 5002 pisces

540 5018 773 5092 aliquos
798 5020 879 5076 ibi
900 5025 1125 5085 natare,
1168 5019 1225 5091 ('1'
1266 5025 1368 5076 aut
1414 5020 1592 5076 etiam
1639 5019 1854 5075 vidisse
1891 5018 2193 5075 exsultan-

535 5110 667 5181 tes).

2374 4218 2760 4293 Ἀπεκρίθησαν
2814 4247 2880 4258 --
2912 4218 3175 4290 εὑρήσετε.
3230 4220 3332 4270 Καὶ
3370 4217 3515 4267 οὔπω
3555 4223 3791 4273 συνῆκαν
3838 4220 3917 4270 ὅτι

2375 4838 2533 4892 Ἐϐαλ
2562 4859 2615 4892 ον
2646 4836 2753 4892 οὖν.
2817 4838 3038 4913 [Ἀπλῶς
3093 4839 3207 4907 (36)
3256 4838 3669 4908 ὑπακούσαντες,
3730 4842 3757 4895 ἧ
3814 4841 3905 4888 καὶ

2302 4930 2717 4991 ὑποπτεύσαντες
2795 4928 2949 4980 αὐτὸν
3024 4931 3287 5000 τεκμηρίῳ
3352 4931 3456 4979 τινὶ
3518 4932 3713 4998 γνῶναί
3768 4946 3913 4988 τινας

2305 5016 2497 5089 ἰχθύας
2529 5017 2633 5070 ἐκεῖ
2661 5014 3096 5090 διανηχομένους,
3137 5019 3168 5075 ἦ
3228 5016 3339 5087 (38)
3387 5020 3478 5068 καὶ
3532 5012 3662 5069 ἰδεῖν
3714 5015 3916 5075 iam-

2296 5102 2331 5159 δ
2336 5110 2364 5164 ἡ
2374 5107 2610 5179 σαντας.]

1758 5310 1980 5380 Variae
2011 5310 2337 5380 lectiones
2388 5320 2452 5379 et
2489 5320 2691 5379 notae.

1735 5482 1746 5501 ς
1822 5480 1836 5499 9
1914 5480 2097 5501 0“'“I

2399 5484 2492 5551 35)
2524 5479 2589 5552 Τ.
2620 5480 2762 5544 VIII,
2792 5495 2852 5552 p.
2889 5482 2982 5536 521
3019 5482 3084 5535 A.

2397 5552 2486 5621 36)
2513 5551 2735 5614 Ἐξωθεν
2764 5551 2820 5608 BL

2372 5622 2482 5691 (37)
2510 5624 2745 5680 Inclusa
2772 5622 2993 5679 absunt
3020 5623 3086 5691 AA.

2346 5689 2487 5778 .(38)
2537 5693 2625 5751 Ab
2669 5697 2699 5756 ἦ
2758 5695 2836 5751 ad
2870 5689 3313 5759 ἀναπηδήσαντας
3370 5691 3656 5750 omiserat
3708 5694 3909 5750 Home~

2302 5782 2456 5823 ntus.

536 5575 624 5609 ται
649 5559 739 5606 καὶ
772 5559 880 5615 ςωὴ
910 5556 1136 5618 αἰώνιος.
1260 5600 1269 5606 .

608 5626 722 5699 (ᾃ2)
761 5625 1086 5699 Ἐφανιρώθη
1130 5634 1168 5679 Α
1180 5668 1193 5682 .

631 5696 722 5755 33)
748 5696 853 5755 Τήν
880 5696 1053 5753 abest
1078 5700 1143 5751 A.

635 5767 725 5832 34)
757 5768 1005 5823 Omissis
1031 5783 1167 5832 quas
1196 5767 1293 5823 hic
1338 5767 1564 5823 inclusa
1611 5770 1771 5832 sunt,
1812 5781 2008 5822 eorum
2057 5767 2191 5823 loco

538 5835 777 5891 tantum
802 5835 984 5892 habet
1019 5835 1195 5890 πλοῖον
1235 5841 1305 5892 Α.
