4130 6320
300 254 327 309 1
339 251 444 310 493

378 385 480 432 Καὶ
509 379 602 432 οὐκ
631 381 703 432 ἔτι
732 410 799 418 —-
829 378 1048 450 ἰχθύων.
1103 377 1345 433 Ἀπόντος
1398 375 1486 445 μὲν
1523 380 1613 425 τοῦ
1643 380 1899 444 Σωτῆρος,
1932 371 1976 424 Α

301 465 456 520 οὐδὲν
487 468 729 537 ἐπίασαν,
772 473 1023 541 παρόντος
1069 462 1147 531 δὲ,
1193 464 1386 523 πλῆθος
1444 461 1794 528 συνέκλεισαν,
1822 462 1904 512 ἶνα

299 566 501 630 γνῶμεν
533 559 611 609 ὅτι
637 562 804 631 χωρὶς
856 560 944 628 μεν
990 557 1148 608 αὐτοῦ
1199 550 1348 605 οὐδὲν
1381 551 1628 623 ὠφέλιμον
1663 549 1899 621 ἁνύομεν,

308 651 404 698 σὺν
436 647 575 716 αύτῷ
608 643 684 710 δε,
713 645 898 700 πολλά.
959 650 1070 717 Χρή
1105 648 1275 695 τοίνυν
1329 648 1439 701 ταῖς
1470 639 1692 700 ἐντολαῖς
1739 639 1902 690 αὑτοῦ

305 738 640 807 πειθομένους
677 743 846 788 πονεῖν
867 740 955 786 καὶ
985 733 1192 806 βάλλειν
1219 732 1288 793 εἰς
1318 733 1384 782 τὰ
1415 726 1562 792 δεξιά
1582 748 1593 758 ”
1628 737 1780 781 τοῦτο
1801 731 1900 802 γὰρ

306 828 363 876 τὸ
381 830 534 896 μέρος
564 823 842 876 ἐπαινετόν.

387 1000 648 1072 [Ζητησον
679 1000 796 1071 (39)
827 1004 916 1052 καὶ
960 997 1006 1050 ἐν
1064 1006 1136 1069 τῷ
1184 993 1440 1066 ἑνδεκάτῳ
1496 993 1753 1066 κεφαλαίῳ
1811 1001 1901 1045 τοῦ

309 1094 445 1142 κατὰ
507 1097 710 1143 Λουκᾶν
776 1094 834 1142 τό
880 1109 890 1120 ·
949 1088 1174 1160 Ὀμοίως
1223 1083 1280 1138 δὲ
1358 1089 1449 1137 καὶ
1509 1082 1749 1136 Ἰάκωϐον
1811 1088 1901 1134 καὶ

308 1180 574 1244 Ἰωάννην,
647 1182 790 1240 υἱούς
854 1174 1158 1244 Ζεϐεδαίου,
1213 1175 1260 1227 οἱ
1329 1172 1461 1232 ἦσαν
1528 1178 1763 1224 κοινωνοὶ
1829 1180 1901 1242 τῷ

310 1274 521 1340 Σίμωνι,
551 1273 640 1320 καὶ
665 1271 730 1320 τὰ
756 1267 888 1336 ἑξῆς,
911 1272 1000 1318 καὶ
1025 1265 1284 1336 ἀνάγνωθι
1309 1267 1402 1321 τὴν
1433 1261 1682 1333 ἐξήγησιν
1711 1261 1898 1314 αὐτῶν.

309 1361 563 1430 Εύρήσεις
589 1360 691 1430 γὰρ
723 1356 1016 1429 ἀναγωγὴν,
1049 1356 1183 1407 πάνυ
1210 1360 1317 1414 τοῖς
1348 1360 1604 1424 παροῦσιν
1647 1351 1904 1426 ἁρμόζου-

312 1467 427 1500 σαν.
462 1445 483 1518 ]

384 1539 533 1606 Λέγει
559 1565 625 1576 ο·-
657 1533 794 1589 ἐστι.
839 1541 1015 1586 Ταῦτα
1061 1537 1224 1592 συνεὶς
1262 1531 1361 1583 ἀπὸ
1391 1539 1485 1592 τῆς
1511 1529 1782 1601 εὐτυχίας,
1817 1534 1905 1582 καὶ

309 1631 401 1676 τού
434 1623 829 1695 συγκεκλεῖσθαι
861 1623 972 1694 (40)
1009 1626 1128 1683 τούς
1171 1621 1378 1692 ἰχθῦας,
1406 1622 1578 1692 ὥσπερ
1612 1618 1664 1681 ἐξ
1694 1618 1904 1690 ἐπιτάγ-

312 1733 492 1785 ματος.
1941 1723 1980 1777 Β

385 1806 548 1873 Σίμων
575 1832 643 1842 -
690 1800 975 1854 θάλασσαν.
1011 1804 1437 1871 Διορατικωτερος
1468 1799 1555 1869 μὲν
1587 1799 1612 1849 ό
1671 1798 1906 1858 Ἰωάννης

319 1894 588 1963 περιουσίᾳ
633 1892 1001 1964 καθαρότητος,
1044 1890 1344 1961 θερμότερος
1393 1883 1452 1939 δὲ
1499 1888 1523 1937 ό
1557 1891 1750 1959 Πέτρος
1780 1905 1907 1958 σφο-

313 1976 536 2052 δρότητι
567 1979 799 2051 φίλτρου.
852 1983 937 2030 Διό
964 1981 1208 2051 γνωρίζει
1255 1979 1343 2048 μὲν
1385 1976 1538 2027 αὐτὸν
1570 1977 1595 2027 ὁ
1646 1977 1902 2042 Ἰωάννης,

311 2071 411 2136 πρὸ
439 2075 530 2118 τού
566 2072 756 2141 Πέτρου
787 2087 800 2099 ·
835 2067 991 2129 ἔξεισι
1019 2063 1076 2118 δὲ
1127 2069 1258 2140 πρὸς
1287 2066 1442 2116 αὐτόν
1497 2066 1522 2116 ό
1584 2069 1773 2138 Πέτρος
1803 2069 1903 2137 πρὸ

313 2159 676 2209 τουΊωάννου.
709 2157 964 2216 Ἀκούσας
1001 2158 1100 2229 γὰρ
1149 2159 1300 2227 μόνον
1358 2156 1437 2206 ὅτι
1477 2155 1501 2206 ὁ
1545 2157 1730 2229 Κύριός
1771 2157 1902 2222 ἐστι,

310 2247 480 2318 ῥίπτει
502 2249 566 2298 τὰ
597 2245 644 2297 ἐν
670 2251 857 2320 χερσὶν
880 2248 1082 2309 εύθέως,
1116 2250 1204 2296 καὶ
1225 2249 1295 2316 μή
1327 2243 1602 2313 ἀναμείνας
1634 2251 1701 2313 τῷ
1729 2243 1906 2295 πλοια-

310 2339 406 2407 ρίῳ
433 2334 664 2400 ἐξελθεῖν,
705 2334 882 2407 βάλλει
939 2333 1117 2386 ἑαυτὸν
1150 2333 1218 2394 εἰς
1250 2338 1344 2389 τὴν
1398 2332 1664 2384 θάλασσαν
1717 2329 1808 2384 διὰ
1847 2337 1903 2385 τό

311 2426 476 2494 τάχος
503 2433 562 2478 τῆ
581 2445 600 2484 ς
629 2423 941 2486 ἐξελεύσεως.

380 2515 478 2568 Τόν
508 2510 789 2571 ἐπενδύτην
818 2509 875 2565 δε
903 2515 1150 2583 χιτώνιόν
1179 2515 1230 2563 τὶ
1261 2530 1416 2581 φασιν
1449 2509 1559 2579 (lii)
1615 2506 1904 2582 ἁχειρίδω-

311 2621 396 2655 τον
426 2604 560 2676 ἄχρι
589 2603 814 2674 γονάτων
866 2600 1209 2674 περιστέλλον.
1245 2600 1458 2658 Σύνηθες
1514 2594 1573 2648 δε
1615 2605 1765 2648 τούτο
1796 2603 1904 2657 τοῖς

315 2690 737 2757 θαλαττεύουσιν,
770 2690 1070 2746 εύκινησίαν
1108 2688 1218 2760 ἅμα
1246 2693 1335 2740 καὶ
1369 2687 1776 2758 εὐσχημοσύνην
1805 2685 1903 2736 αύ-

311 2787 420 2839 τοῖς
458 2782 600 2852 παρά
634 2788 704 2849 τῷ
735 2776 893 2830 ὕδατι
919 2780 1357 2851 περιποιούμενον.
1390 2778 1588 2847 Γυμνός
1617 2777 1705 2844 μὲν
1737 2769 1822 2825 οὖν
1847 2770 1905 2830 ἧν

312 2876 406 2928 τῆς
437 2867 594 2929 άλλης
623 2868 804 2928 στολῆς
835 2867 1014 2931 αὐτοῦ,
1047 2874 1224 2918 τοῦτον
1257 2862 1314 2917 δὲ
1359 2871 1511 2937 μόνον
1561 2862 1643 2915 ἐπὶ
1684 2871 1775 2914 τοῦ
1809 2868 1908 2914 σὼ-

314 2976 472 3028 ματος
505 2953 773 3009 ἐνεδέδυτο
831 2957 1067 3016 ἄζωστον
1103 2973 1114 2984 ’
1149 2954 1353 3016 ἀνάξιον
1410 2957 1507 3027 γὰρ
1570 2949 1697 3004 εἶναι
1751 2952 1906 3004 αὐτόν

316 3047 481 3102 πάντη
517 3050 712 3117 γυμνὸν
745 3041 838 3097 διὰ
857 3051 949 3102 την
978 3043 1381 3116 ἀσχημοσύνην.
1434 3044 1682 3102 [ἐζώσατο
1715 3038 1772 3093 δε
1805 3041 1903 3093 αύ-
1941 3070 1978 3125 C

317 3137 401 3186 τόν
433 3131 688 3186 αἰδοίτοῡ
731 3141 943 3209 Κυρίου.

389 3315 455 3364 Oi
486 3310 543 3364 δε
573 3311 719 3363 ἄλλοι
740 3343 808 3351 -
838 3311 1056 3382 ἰχθύων.
1089 3309 1278 3362 Ἦλθον
1310 3309 1632 3382 ἐφελκόμενοι
1669 3312 1790 3370 τοὺς
1817 3311 1912 3360 σύ-

318 3421 500 3474 ροντας
534 3405 588 3451 τό
619 3397 828 3452 δίκτυον
856 3404 1128 3470 σχοίνους.

384 3490 468 3550 Ὠς
500 3521 566 3529 ——
593 3491 765 3563 ἄρτον.
799 3492 867 3541 Τὸ
899 3491 986 3559 μὲν
1028 3487 1244 3561 ὀψάριον
1275 3495 1336 3558 τῇ
1385 3486 1634 3560 ἀνθρακία
1661 3485 1915 3557 ἐπικείμε-

318 3600 420 3644 νον,
454 3583 538 3630 τόν
571 3574 630 3630 δὲ
655 3580 808 3650 ἄρτον
833 3575 949 3648 ἰδίᾳ
979 3581 1368 3650 παρακείμενον,
1403 3575 1455 3638 ἐξ
1485 3579 1578 3627 οὐκ
1609 3580 1762 3627 ὄντων
1788 3577 1916 3626 πάν-

319 3689 384 3721 τα
402 3669 607 3727 πάντως
646 3669 972 3740 παρηγμένα,
1006 3668 1088 3716 ἱνα
1134 3664 1403 3716 κάντεῦθεν
1450 3660 1592 3737 δείξῃ
1628 3669 1718 3722 τὴν
1751 3660 1916 3715 δύνα-

319 3778 405 3829 μιν
447 3756 627 3816 αὐτοῦ,
660 3761 749 3806 καὶ
784 3758 1135 3816 πεπονηκότας
1166 3753 1353 3813 αὐτοὺς
1380 3751 1740 3810 ἀνακτησηται
1768 3752 1917 3824 φιλο-

325 3850 556 3918 στόργως
585 3840 676 3895 διὰ
706 3852 866 3916 τροφῆ
879 3864 920 3904 ς.

394 3937 546 4004 Λέγει
598 3963 666 3970 -
710 3940 817 3986 νῦν.
872 3931 954 3992 Ὠς
990 3928 1140 3993 εἰδὼς
1196 3932 1275 3983 ὅτι
1328 3929 1546 3982 ἐπίασ-ιιν
1591 3930 1742 4001 λέγει.
1818 3934 1917 3982 Καὶ

320 4026 420 4096 γὰρ
477 4025 566 4072 καὶ
618 4024 738 4092 πρὶν
789 4023 858 4081 ὡς
907 4017 1054 4080 εἰδὼς
1111 4023 1190 4072 ὅτι
1248 4022 1530 4071 πιάσουσιν
1563 4016 1914 4070 εἷπε·Βάλετε

323 4111 393 4172 εἰς
455 4112 521 4161 τὰ
586 4106 734 4171 δεξιὰ
805 4113 934 4181 μέρη
1006 4116 1096 4161 τού
1155 4108 1336 4160 πλοίου
1425 4111 1482 4160 τὸ
1533 4104 1766 4171 δίκτυον,
1825 4110 1915 4158 καὶ

323 4200 586 4272 εὑρήσετε,
638 4202 727 4249 καὶ
757 4197 840 4248 ἱνα
870 4203 937 4268 μὴ
969 4201 1232 4268 φαντασία
1277 4192 1406 4267 δόξῃ
1458 4199 1516 4247 τό
1566 4202 1804 4268 πρᾶγμα,
1828 4199 1917 4246 καὶ

323 4289 458 4349 ὅπως
488 4283 684 4348 ἰδόντες
712 4291 794 4338 καὶ
831 4290 885 4337 τὸ
914 4285 1110 4346 πλῆθος
1138 4290 1223 4336 καὶ
1257 4287 1314 4336 1'6
1338 4285 1551 4356 μέγεθος
1584 4293 1681 4336 τῶν
1718 4284 1917 4354 ἰχθύων

323 4380 507 4428 καὶτὸ
552 4385 660 4437 πῶς
716 4374 809 4426 οὐκ
858 4373 1090 4446 ἐσχίσθη
1171 4377 1229 4425 τό
1297 4370 1534 4438 δίκτυον,
1601 4373 1918 4444 θαυμάσωσι

324 4465 489 4518 πλέον.

396 4552 575 4610 Ἀνέϐη
624 4557 788 4624 Σίμων
827 4558 1036 4626 Πέτρος.
1085 4551 1313 4624 [Ἂνέξη
1371 4552 1485 4622 (42)
1536 4550 1605 4612 εἰς
1631 4553 1690 4601 τό
1719 4548 1916 4614 πλοῖον,

325 4645 388 4703 ὡς
435 4641 809 4715 ἐμπειρότερος,
871 4642 1121 4714 ἑπομένων
1171 4641 1312 4711 αὐτῷ
1377 4645 1466 4693 καὶ
1532 4639 1693 4691 ἄλλων
1766 4634 1918 4696 δηλο-

324 4730 478 4803 νότι.]

400 4825 500 4872 Καὶ
529 4819 730 4872 εἰλκυσε
787 4851 851 4860 -
918 4828 1090 4892 τριῶν.
1139 4824 1274 4872 Φασί
1324 4837 1458 4880 τινες
1507 4813 1600 4870 διὰ
1646 4823 1747 4866 τῶν
1804 4814 1918 4867 ἑκα-

324 4911 412 4961 τὸν
455 4911 546 4982 μὲν
597 4905 996 4967 ύποδηλούσθαι
1050 4913 1173 4971 τούς
1219 4907 1273 4971 ἐξ
1330 4906 1483 4960 ἐθνῶν
1530 4906 1920 4977 σαγηνευθησο-

399 5055 418 5090 ⁹
464 5054 596 5111 Luc.
642 5070 697 5119 v,
735 5057 819 5108 10.

1449 241 1817 304 COMMENT.
1861 241 1931 300 IN
1968 239 2320 302 JOANNEM.
2363 275 2428 285 —
2468 239 2625 301 CAP.
2667 240 2817 303 XXI.

1950 4419 1996 4474 D

3530 242 3670 300 1494

2086 369 2244 425 Vers.
2280 374 2310 425 6
2348 370 2426 424 Et
2446 371 2575 441 jam
2597 386 2714 425 non
2736 401 2804 410 —
2823 369 3094 441 piscium.
3130 369 3386 425 Absente
3416 369 3664 442 quidem

2010 459 2313 514 Salvatore
2344 459 2488 514 nihil
2519 464 2824 530 ceperunt,
2849 463 3144 532 praesente
3176 475 3310 514 vero
3345 459 3667 515 multitudi-

2011 564 2148 602 nem
2181 547 2617 612 concluserunt,
2652 553 2712 603 ut
2741 563 3180 616 cognoscamus
3209 548 3373 619 quod
3411 548 3535 602 sine
3562 547 3663 604 illo

2011 635 2333 706 nihilquod
2353 637 2486 690 utile
2513 637 2602 706 sit,
2636 636 3004 706 perﬁcimus:
3035 652 3170 691 cum
3193 651 3264 690 eo
3281 641 3507 702 autem,
3537 636 3668 708 plu-

2010 724 2183 779 rima.
2211 725 2608 794 Oportetergo
2635 730 2696 779 ut
2722 725 3031 796 praeceptis
3054 725 3183 795 ejus
3207 723 3549 780 obedientes
3583 725 3667 780 la-

2013 814 2313 881 boremus,
2336 819 2392 868 et
2417 813 2494 867 ad
2517 813 2821 868 dexteram
2839 812 3139 883 jaciamus
3168 828 3182 878 ;
3209 829 3350 868 nam
3379 813 3504 869 haec
3526 829 3667 885 pars

2012 902 2170 957 laudi
2195 902 2390 958 datur.

2083 992 2286 1055 Quaere
2321 997 2520 1045 autem
2561 995 2616 1046 et
2649 990 2963 1046 undecimo
2988 991 3161 1062 juxta
3193 994 3409 1047 Lucam
3449 991 3664 1064 capite.

2010 1081 2171 1151 quod
2187 1079 2221 1133 d
2233 1079 2403 1133 icitur
2418 1096 2434 1132 :
2449 1079 2738 1134 Similiter
2749 1086 2942 1136 autem
2957 1087 3009 1136 et
3021 1081 3307 1137 Jacobum
3324 1087 3374 1137 et
3384 1081 3665 1137 Joannem

2008 1168 2165 1236 ﬁlios
2193 1168 2475 1233 Zebedwi,
2509 1169 2612 1239 qui
2632 1177 2802 1223 erant
2822 1170 2967 1224 socii
2990 1169 3244 1225 Simonis
3277 1172 3322 1239 ³,
3355 1176 3411 1225 et
3436 1175 3666 1238 caetera,

2013 1273 2082 1311 ac
2109 1256 2332 1312 illorum
2365 1257 2492 1328 lege
2523 1260 2980 1313 enarrationem.
3016 1258 3287 1314 Invenies
3330 1257 3492 1315 enim
3522 1275 3670 1315 ana-

2013 1347 2226 1415 gogica
2257 1345 2648 1418 prmsentibus
2688 1347 3022 1402 admodum
3063 1362 3353 1418 congrua.

2085 1524 2244 1579 Vers.
2275 1525 2326 1578 7.
2362 1524 2512 1579 Dicit
2553 1556 2620 1564 —
2658 1533 2757 1581 est.
2791 1526 2836 1577 Α
2858 1540 3144 1596 prospero
3173 1525 3234 1580 id
3261 1531 3474 1581 eventu
3502 1525 3670 1582 intel-

2015 1612 2224 1683 ligens,
2246 1618 2301 1669 et
2328 1613 2489 1685 quod
2522 1619 2805 1685 tanquam
2832 1629 2904 1669 ex
2929 1613 3085 1670 illius
3100 1614 3277 1685 jussu
3296 1615 3560 1670 conclusi
3582 1632 3673 1672 es-

2017 1708 2149 1757 sent
2174 1703 2388 1774 pisces.

2085 1793 2311 1848 Vers.7.
2335 1792 2535 1847 Simon
2561 1824 2625 1832 —
2646 1807 2828 1849 mare.
2858 1792 3254 1864 Perspicacior
3267 1793 3509 1865 quidem
3541 1798 3669 1849 erat

2013 1881 2271 1936 Joannes
2295 1880 2708 1948 magnitudine
2730 1881 3019 1954 puritatis.
3043 1884 3242 1937 Petrus
3266 1898 3402 1937 vero
3433 1883 3657 1938 ferven-

2016 1969 2126 2032 tior
2149 1970 2519 2026 vehementia
2539 1970 2760 2025 amoris
2786 1987 2798 2025 :
2819 1971 2952 2025 ideo
2975 1971 3245 2039 agnoscit
3267 1971 3512 2043 quidem
3532 1987 3671 2026 eum

2013 2060 2275 2114 Joannes
2303 2066 2438 2115 ante
2471 2063 2720 2123 Petrum,
2749 2059 2854 2114 sed
2875 2060 3173 2128 egreditur
3203 2060 3280 2115 ad
3310 2077 3436 2115 eum
3464 2063 3665 2114 Petrus

2015 2148 2476 2203 anteJoannem.
2499 2149 2605 2204 Ubi
2627 2149 2786 2203 enim
2807 2148 3001 2203 solum
3019 2149 3303 2216 audisset,
3329 2165 3456 2203 esse
3470 2149 3666 2204 Domi-

2014 2253 2182 2301 num,
2211 2239 2666 2309 confestimquee
2685 2237 2743 2292 in
2763 2237 3045 2293 manibus
3067 2243 3256 2305 erant,
3287 2237 3543 2308 projicit,
3568 2253 3675 2294 nec

2015 2326 2315 2382 sustinens
2338 2332 2401 2381 ut
2427 2327 2665 2395 navigio
2684 2327 2896 2380 adeum
2930 2327 3418 2397 perveniret,sese
3439 2327 3498 2382 in
3511 2342 3678 2382 mare

2009 2415 2152 2484 jacit
2176 2431 2297 2485 quo
2320 2416 2489 2469 citius
2521 2414 2847 2470 accederet.

2087 2499 2398 2560 Ἐπενδύτην
2428 2509 2626 2558 autem
2655 2512 2781 2574 (pro
2805 2519 2926 2574 quo
2945 2510 3204 2560 tunicam
3225 2505 3539 2576 vertimus)
3562 2521 3666 2560 vo-

2016 2599 2154 2647 cant
2179 2592 2500 2647 tuniculam
2521 2609 2708 2664 quam
2725 2593 2908 2648 duam
2933 2595 3180 2649 manicis
3197 2601 3518 2659 carentem,
3537 2611 3671 2667 qua:

2018 2696 2227 2751 corpus
2256 2681 2332 2736 ad
2354 2698 2552 2750 genua
2576 2698 2763 2753 usque
2777 2688 3052 2752 contegat
3080 2699 3093 2749 ;
3119 2688 3174 2738 et
3192 2684 3305 2738 hac
3323 2684 3670 2766 utebantur,

2016 2770 2112 2841 qui
2127 2770 2184 2824 in
2200 2770 2348 2825 mari
2364 2771 2682 2840 degebant.
2701 2774 2848 2826 Nam
2865 2771 3042 2826 simul
3060 2779 3114 2826 et
3133 2773 3458 2842 agilitatem
3475 2774 3560 2828 eis
3578 2772 3647 2828 tri

2015 2858 2259 2924 bueliat,
2285 2865 2339 2914 et
2361 2860 2511 2914 inter
2532 2877 2712 2931 aquas
2730 2866 3007 2915 ornatum
3027 2860 3152 2932 (ee).
3180 2864 3312 2916 Erat
3328 2861 3548 2933 quippe
3564 2878 3671 2917 nu-

2017 2948 2131 3002 dus
2187 2948 2303 3003 alia
2332 2964 2543 3004 carens
2586 2957 2742 3004 veste
2777 2967 2790 3016 ;
2833 2965 2972 3005 nam
3014 2950 3128 3005 hac
3155 2950 3282 3006 sola
3339 2951 3416 3006 ad
3447 2967 3670 3022 corpus

2018 3036 2309 3092 discincta
2339 3036 2580 3092 indutus
2594 3045 2719 3094 erat
2741 3055 2754 3103 ;
2778 3055 2968 3111 neque
2983 3039 3141 3094 enim
3164 3040 3581 3104 conveniebat,
3609 3044 3673 3094 ut

2019 3126 2266 3180 omnino
2296 3127 2495 3181 nudus
2509 3133 2917 3198 essetpropter
2944 3128 3372 3198 turpitudidem
3395 3147 3410 3195 ;
3437 3128 3673 3184 succin-

2024 3215 2099 3268 xit
2127 3222 2325 3269 autem
2358 3215 2542 3280 illam,
2576 3215 2809 3286 pudore
2843 3216 3096 3270 Domini.

2095 3305 2253 3358 Vers.
2284 3307 2335 3356 8.
2372 3304 2576 3360 Galeri
2606 3320 2741 3360 vero
2774 3335 2842 3344 —-
2864 3305 3136 3373 piscium.
3170 3307 3468 3361 Venerunt
3493 3309 3670 3362 attra-

2021 3393 2223 3448 hendo
2253 3392 2436 3457 funes,
2473 3393 2696 3464 quibus
2737 3401 2855 3449 rete
2888 3395 3248 3450 trahebatur.

2094 3483 2258 3536 Vers.
2287 3481 2340 3533 9.
2374 3482 2442 3538 Ut
2466 3513 2526 3522 —
2554 3499 2785 3552 panem.
2811 3483 3031 3538 Piscem
3067 3484 3311 3556 quidem
3339 3483 3544 3555 prunis
3573 3500 3671 3540 su-

2024 3571 2413 3643 perpositum,
2437 3586 2654 3642 panem
2677 3587 2810 3627 vero
2843 3588 3112 3627 seorsum
3137 3572 3401 3644 positum
3425 3589 3436 3628 :
3474 3573 3680 3645 utique

2024 3659 2317 3731 producta
2364 3677 2436 3715 ex
2468 3661 2558 3714 his
2597 3676 2733 3731 quae
2765 3676 2885 3716 non
2917 3667 3083 3716 erant
3112 3679 3124 3712 :
3162 3666 3224 3716 ut
3248 3661 3386 3716 hinc
3425 3677 3670 3734 quoque

2025 3765 2198 3802 suam
2228 3749 2504 3804 ostendat
2533 3748 2884 3817 potentiam,
2915 3766 2981 3804 ac
3017 3749 3305 3806 benevole
3337 3766 3436 3806 eos
3470 3765 3575 3822 per
3600 3750 3682 3806 ci-

2025 3837 2164 3892 bum
2207 3854 2242 3892 a
2270 3837 2470 3892 labore
2497 3837 2796 3893 refocillet.

2098 3927 2260 3980 Vers.
2297 3927 2381 3981 10.
2414 3926 2512 3980 Ait
2535 3957 2599 3966 —
2629 3943 2804 3982 nunc.
2834 3929 3042 3998 Utpote
3075 3925 3290 3992 sciens,
3320 3927 3484 4000 quod
3518 3943 3679 3984 com-

2026 4014 2501 4086 prehendissent.
2523 4015 2673 4070 Nam
2692 4020 2747 4070 et
2765 4017 2949 4087 prius,
2975 4022 3264 4087 tanquam
3283 4016 3472 4071 sciens
3492 4017 3683 4088 ,quod

2027 4103 2751 4174 comprehensuriessent,
2771 4105 2998 4159 dixerat
3030 4121 3042 4159 :
3073 4106 3264 4160 Jacite
3288 4105 3346 4158 in
3375 4105 3681 4161 dexteram

2023 4201 2252 4262 partem
2269 4193 2491 4262 navigii
2501 4199 2554 4249 et
2567 4193 2966 4249 invenietis.Et
2979 4210 3049 4248 ne
3063 4194 3506 4265 phantasticum
3525 4195 3680 4251 vide-

2025 4287 2185 4336 retur
2207 4282 2534 4351 negotium,
2557 4288 2735 4354 utque
2761 4282 3030 4337 videntes
3063 4281 3316 4354 piscium
3351 4282 3679 4338 multitudi-

2026 4384 2184 4439 nem,
2206 4384 2276 4424 ac
2303 4370 2774 4438 magnitudinem
2799 4377 2854 4425 et
2874 4371 3178 4442 quomodo
3206 4386 3327 4426 non
3359 4371 3681 4427 essetscis-

2028 4473 2160 4512 sum
2189 4461 2330 4521 rete,
2364 4457 2556 4528 magis
2587 4459 2760 4514 etiam
2793 4459 3248 4515 admirarentur.

2099 4547 2260 4600 Vers.
2294 4548 2380 4601 ll.
2429 4547 2702 4603 Ascendit
2750 4547 2939 4603 Simon
2983 4549 3219 4603 Petrus.
3281 4547 3566 4603 Ascendit
3620 4547 3682 4603 in

2027 4634 2252 4699 navim,
2268 4639 2554 4707 tanquam
2569 4635 2713 4691 artis
2727 4636 2986 4708 peritior.
3005 4635 3397 4708 sequentibus
3412 4635 3689 4696 videlicet

2029 4740 2168 4779 eum
2201 4725 2381 4781 etiam
2413 4725 2659 4780 caeteris.

2099 4813 2266 4868 Vers.
2305 4819 2386 4868 tt.
2423 4814 2499 4869 Et
2529 4815 2724 4869 traxit
2750 4845 2818 4854 ——
2849 4813 3060 4870 tribus.
3093 4815 3304 4871 Dicunt
3333 4813 3540 4888 aliqui,
3575 4830 3683 4887 per

2028 4906 2263 4959 centum
2287 4902 2533 4976 quidem
2549 4919 2650 4960 eos
2671 4903 2990 4974 designari,
3010 4904 3114 4978 qui
3131 4920 3204 4960 ex
3226 4905 3504 4977 gentibus
3523 4905 3684 4977 sagi-

1575 5145 1800 5216 Variae
1830 5144 2162 5214 lectiones
2195 5153 2259 5212 et
2300 5155 2500 5213 notae.

401 5322 516 5379 (39)
543 5318 778 5376 Inclusa
803 5319 1027 5376 absunt
1066 5324 1126 5376 A.

403 5323 491 5379 {39
543 5322 778 5376 Inclusa
803 5322 987 5375 absui:

403 5322 516 5462 (4οζ
548 5392 896 5462 Συγκλεῖσθαι
927 5398 987 5445 Α.

402 5457 512 5537 (41)
539 5457 722 5521 liabet
754 5464 910 5520 hanc
942 5477 1147 5520 vocem
1172 5459 1387 5517 Galeus
1415 5461 1478 5517 in
1501 5474 1708 5532 opusc.
1744 5457 1928 5532 Myth.

403 5637 510 5722 (ee)
553 5644 864 5702 Ornatam.
896 5643 1109 5716 Decus,
1144 5636 1500 5700 decentiam.

2043 5388 2497 5530 p.(Zéiinclusa
2524 5457 2743 5515 absunt
2774 5463 2835 5513 A.
