4130 6320
436 240 570 297 1495

1730 231 2081 296 EUTHYMII
2123 230 2448 294 ZIGABENI

3673 238 3832 301 Ηιῶ

429 367 612 423 nandi
643 372 811 422 erant
839 365 851 417 l
877 380 981 437 per
1010 361 1450 436 quinquaginta
1477 370 1699 432 autem,
1733 381 1834 421 eos
1866 365 1968 437 qui
2007 364 2077 420 de

2196 368 2397 437 μένους,
2457 361 2551 417 διὰ
2597 373 2697 417 τῶν
2751 368 3062 425 πεντήκοντα
3115 362 3174 422 δὲ
3215 373 3335 431 τοὺς
3377 369 3432 432 ἐξ
3474 366 3770 423 Ἰουδαίων
3806 388 3822 400 ’

429 456 652 512 Iudaeis
671 472 682 522 ;
701 456 899 528 plures
913 453 1206 526 siquidem
1222 471 1286 508 ex
1307 454 1584 523 gentibus
1613 454 1887 510 credituri
1915 459 2082 510 erant

428 561 615 618 quam
638 561 708 600 ex
725 543 940 600 Iudaeis
963 559 976 609 ;
1003 559 1106 614 per
1129 547 1242 598 tres
1260 559 1421 609 vero,
1439 549 1702 599 sanctam
1715 543 2080 612 Trinitatem,

430 637 482 690 in
513 650 696 706 quam
731 633 1055 689 crederent.

500 725 662 779 Vers.
702 724 784 777 lt.
817 723 891 776 Et
922 753 983 762 -—
1019 729 1156 778 rete.
1191 724 1336 790 Non,
1365 721 1526 793 quod
1560 725 1716 777 esset
1760 721 1929 789 forte,
1976 722 2080 777 sed

427 813 590 886 quod
622 813 906 868 Dominus
936 811 1112 866 etiam
1143 809 1292 868 illud
1332 810 1691 866 fortiﬁcaret.

504 905 658 958 Vers.
711 906 788 956 l2.
843 901 994 956 Dicit
1026 930 1094 939 —
1123 900 1429 968 prandete.
1484 903 1636 955 Hora
1685 899 1915 972 prandii
1951 900 2079 971 jam

431 994 778 1063 appetente;
801 1005 942 1044 nam
975 987 1206 1043 illorum
1236 987 1545 1043 laboribus
1581 1005 1929 1045 successura
1955 993 2080 1043 erat

430 1080 678 1152 requies.
701 1078 1028 1134 Verisimile
1046 1085 1133 1132 est
1156 1083 1375 1146 autem,
1396 1079 1692 1150 quosdam
1717 1093 1786 1133 ex
1806 1094 2078 1150 compre-

426 1170 627 1226 hensis
657 1168 923 1242 piscibus
947 1175 1179 1223 assatos
1208 1168 1386 1222 fuisse
1414 1167 1490 1223 ad
1517 1170 1789 1223 omnium
1814 1168 2078 1224 refectio-

428 1258 1001 1328 nemdiscipulorum
1025 1256 1310 1328 :reliquos
1330 1273 1467 1311 vero
1499 1256 1862 1328 pauperibus
1895 1255 2076 1312 fuisse

429 1346 796 1403 distributos.

501 1436 664 1490 Vers.
699 1435 785 1488 t2.
819 1434 892 1489 Et
920 1449 1086 1489 nemo
1117 1465 1184 1473 —
1211 1439 1368 1489 esset.
1417 1434 1643 1488 Faciem
1693 1434 1937 1506 quidem
1999 1434 2078 1489 vi-

427 1525 634 1580 dentes
663 1524 1062 1586 immutatam,
1099 1527 1153 1578 et
1183 1538 1314 1595 quae
1337 1521 1395 1576 in
1422 1524 1745 1578 maximum
1781 1539 1882 1578 eos
1905 1522 2076 1578 indu-

427 1617 583 1669 ceret
613 1618 937 1683 stuporem,
981 1611 1255 1668 volebant
1281 1629 1419 1666 eum
1451 1613 1831 1682 interrogare,
1867 1627 2075 1666 verum

427 1718 549 1757 non
568 1702 893 1768 audebant,
923 1717 1060 1755 cum
1090 1717 1124 1756 a
1147 1701 1330 1771 signis
1352 1716 1487 1772 quae
1500 1699 1658 1755 dicta
1683 1706 1840 1766 sunt,
1863 1700 2078 1756 scirent

427 1790 592 1863 quod
620 1791 905 1845 Dominus
929 1794 1102 1845 esset.

500 1879 666 1933 Vers.
701 1878 786 1932 t3.
832 1878 999 1933 Venit
1030 1910 1094 1916 —
1122 1878 1416 1933 similiter.
1450 1879 1576 1932 1am
1620 1877 1677 1931 in
1705 1877 1922 1933 cmlum
1955 1893 2077 1934 non

431 1969 697 2039 suscipit,
718 1983 911 2038 neque
939 1967 1208 2021 humana
1242 1966 1882 2035 illafacitzostendens,
1911 1967 2078 2038 quod

427 2058 605 2112 etiam
645 2058 760 2112 ista
788 2055 1218 2126 dispensatorie
1258 2055 1534 2110 faciebat.

500 2145 658 2199 Vers.
694 2146 782 2199 14.
818 2144 937 2198 Hoc
978 2174 1044 2182 —
1084 2145 1355 2200 mortuis.
1398 2144 1595 2198 Prima
1625 2143 1892 2216 quidem,
1937 2159 2076 2200 cum

429 2238 579 2291 esset
601 2248 849 2304 vespera
876 2232 990 2287 diei
1022 2231 1180 2286 illius
1204 2248 1324 2303 quo
1361 2232 1679 2287 resurrexit
1708 2234 1778 2296 1°,
1809 2232 2079 2289 secunda

429 2330 650 2386 autem,
680 2327 817 2394 post
838 2321 965 2376 dies
982 2329 1115 2376 octo
1148 2322 1212 2386 ’1,
1241 2322 1410 2376 tertia
1427 2322 1714 2388 vero,hoc
1742 2321 1857 2377 die.
1882 2328 2080 2394 Appa-

429 2418 516 2469 ret
552 2413 772 2484 itaque,
805 2409 970 2482 quod
1000 2415 1134 2482 post
1163 2410 1275 2464 hoc
1311 2414 1541 2480 tempus
1595 2410 1970 2465 ascenderint
2019 2411 2079 2466 in

431 2507 714 2564 montem,
744 2499 799 2554 in
829 2516 950 2571 quo
981 2499 1362 2554 constituerat
1393 2500 1495 2562 eis,
1528 2500 1777 2570 quando
1811 2499 2080 2555 videlicet

427 2607 653 2647 rursum
690 2589 979 2644 admoniti
1012 2595 1143 2643 sunt
1189 2605 1225 2644 δ.
1265 2589 1516 2644 Domino
1557 2591 1625 2644 ¹².
1679 2589 2078 2645 Manifestatus

430 2686 520 2735 est
551 2686 749 2736 autem
789 2685 846 2733 et
876 2678 1251 2740 mulieribus,
1283 2694 1417 2750 quae
1449 2677 1756 2748 discipulae
1787 2683 1955 2733 erant
1983 2693 1996 2743 ;
2023 2683 2079 2733 et

429 2768 669 2824 duobus
697 2768 829 2833 illis,
865 2767 933 2822 de
964 2767 1186 2838 quibus
1213 2768 1371 2838 apud
1407 2769 1662 2822 Marcum
1698 2769 1765 2832 1³,
1799 2774 1854 2822 et
1887 2766 2076 2830 Petro,

433 2873 502 2913 ac
534 2857 765 2927 Cleopte
796 2858 844 2892 “
875 2873 1000 2910 cum
1031 2856 1190 2910 socio
1241 2855 1449 2927 ipsius.
1505 2857 1720 2909 Verum
1771 2854 2080 2926 discipulis

429 2945 624 3009 simul,
658 2946 913 3016 hacjam
948 2944 1115 2999 tertia
1156 2945 1282 2999 vice
1316 2943 1724 2999 mauifestatus
1748 2949 1852 2998 est.
1879 2947 2077 3014 Neque

430 3035 588 3088 enim
611 3035 890 3088 continue
927 3050 1061 3087 cum
1090 3034 1174 3086 eis
1201 3033 1566 3087 versabatur.
1602 3033 1700 3086 Hic
1731 3039 1928 3088 autem
1960 3047 2076 3087 non

2191 453 2397 515 πλείους
2423 457 2522 526 γὰρ
2542 457 2590 506 οἰ
2609 453 2660 516 ἐξ
2681 453 2833 507 ἐθνῶν
2859 464 2957 507 τῶν
2981 454 3319 518 ἐξΊουδαίων
3349 475 3361 488 ·
3397 455 3492 511 διὰ
3517 468 3622 510 τῶν
3651 468 3828 533 τριῶν

2195 538 2253 594 δὲ
2287 547 2382 600 τήν
2409 543 2562 614 ἁγίαν
2593 541 2818 616 Τριάδα,
2847 545 2921 607 εἰς
2953 545 3012 602 ἣν
3035 549 3360 599 πιστεύουσι.

2264 725 2364 772 Καὶ
2394 752 2462 759 —
2517 717 2751 777 δίκτυον.
2793 721 2914 794 Οὐχ
2941 725 3008 785 ὡς
3051 723 3296 796 ἰσχυρὸν,
3328 723 3436 777 ἀλλ’
3463 727 3536 788 ὡς
3565 734 3665 779 τοῦ
3697 732 3826 779 Κν-

2189 813 2306 882 ρίου
2334 817 2488 862 τοῦτο
2521 807 2555 862 δ
2559 815 2946 882 υναμὼσαντος.

2261 902 2414 968 Λέγει
2454 929 2522 939 —
2574 897 2919 968 ἀριστήσατε.
2957 907 3064 963 Τῆς
3119 903 3257 975 ᾦρας
3308 911 3401 955 τοῦ
3434 902 3665 977 ἀρίστου
3697 901 3818 963 ἤδη

2189 985 2496 1049 ἐπιστάσης.
2560 987 2791 1060 [Ἔμελλε
2839 988 2952 1061 (43)
3011 993 3110 1063 γὰρ
3169 996 3290 1054 τούς
3357 999 3551 1054 πόνους
3627 994 3821 1046 αὐτῶν

2190 1071 2543 1146 διαδέχεσθαι
2597 1075 2905 1138 ἀνάπαυσις.
2969 1078 3122 1141 Εἰκὸς
3175 1077 3234 1132 δὲ
3272 1086 3360 1133 καὶ
3413 1080 3469 1132 ἐκ
3520 1090 3627 1134 τῶν
3685 1103 3818 1134 πια-

2191 1165 2410 1216 σθέντων
2445 1165 2642 1236 ἰχθύων
2693 1169 2836 1229 τινας
2880 1166 3168 1227 ὀπτηθῆναι
3217 1172 3345 1241 πρὸς
3393 1169 3640 1223 ἑστίασιν
3677 1172 3814 1223 οὓων

2187 1261 2286 1305 τῶν
2336 1257 2602 1326 μαθητῶν,
2659 1259 2782 1318 τοὺς
2828 1255 3038 1318 λοιποὺς
3112 1254 3171 1310 δὲ
3217 1263 3404 1316 πένησι
3468 1255 3820 1332 διανεμηθῆ-

2188 1343 2319 1411 ναι.]

2259 1427 2451 1492 Οὐδεὶς
2481 1428 2539 1483 δὲ
2568 1465 2634 1472 -
2665 1434 2824 1487 ἐστιν.
2858 1438 2964 1492 Τήν
2983 1433 3101 1505 ὄψιν
3116 1434 3274 1488 αὐτοῦ
3301 1434 3574 1508 βλέποντες
3598 1435 3818 1489 5:33.920-

2188 1523 2336 1593 τέραν
2358 1525 2446 1572 καὶ
2477 1520 2966 1582 ἒκπληκτικωτάτην
2993 1523 3259 1576 ἐϐούλοντο
3291 1528 3380 1596 μὲν
3402 1524 3566 1598 ἕρωτῆ
3577 1527 3813 1592 σαι,οὖκ

2188 1607 2412 1680 ἐτόλμων
2441 1605 2500 1661 δι
2531 1607 2726 1673 εἰδότες
2779 1613 2893 1684 (44)
2923 1611 3024 1666 ἀπὸ
3055 1622 3154 1666 τῶν
3186 1614 3461 1688 εἰρημένων
3493 1621 3816 1692 τεκμηρίων

2187 1699 2267 1748 ὅτι
2297 1699 2322 1749 ὁ
2356 1701 2544 1772 Κύριός
2571 1700 2735 1756 ἐστιν.

2257 1871 2512 1945 Ἔρχεται
2546 1905 2616 1914 -
2656 1875 2867 1946 ὁμοίως.
2897 1876 3087 1928 Οὐκέτι
3115 1874 3386 1930 ἀναϐλέπει
3416 1878 3486 1940 εἰς
3513 1882 3602 1930 τὸν
3633 1879 3809 1951 οὐρα-

2187 1963 2290 2023 νόν,
2323 1957 2446 2014 οὐδὲ
2469 1964 2534 2014 τὰ
2565 1961 2859 2037 ἀνθρώπινα
2889 1963 3054 2017 ἐκεῖνα
3081 1973 3237 2032 ποιεῖ,
3272 1962 3516 2019 δεικνύων
3543 1969 3625 2019 ὅτι
3695 1967 3806 2019 κά-

2187 2057 2328 2102 κεῖνα
2357 2051 2471 2102 κατ’
2503 2051 2797 2124 οἰκονομίαν
2829 2051 3012 2111 ἐποίει,

2255 2145 2419 2191 Τοῦτο
2471 2170 2540 2182 -
2589 2149 2798 2214 νεκρῶν.
2877 2150 3086 2215 Πρῶτον
3140 2147 3250 2215 μὲν,
3306 2147 3466 2204 οὔσης
3517 2144 3676 2215 ὀψίας
3733 2153 3803 2217 τῇ

2188 2229 2357 2302 ἡμέρᾳ
2405 2227 2564 2302 ἐκείνῃ
2632 2231 2750 2282 καθ’
2811 2231 2870 2290 ἣν
2939 2230 3123 2291 ἀνέστη
3173 2254 3186 2266 ο
3249 2229 3487 2306 δεύτερον
3543 2231 3623 2300 δὲ,
3677 2236 3804 2306 μεθ’

2189 2318 2380 2388 ἡμέρας
2402 2316 2534 2369 ὀκτώ
2564 2337 2576 2350 ⁸
2604 2323 2778 2391 τρίτον
2811 2317 2890 2385 δὲ,
2924 2328 3011 2371 νῦν
3043 2340 3058 2354 ο
3111 2327 3349 2375 Φαίνεται
3399 2319 3488 2374 οὖν
3526 2324 3605 2375 ὃτι
3658 2328 3804 2394 μετά

2188 2412 2340 2456 τοῦτο
2373 2405 2588 2464 ἀνῆλθον
2637 2409 2685 2458 οἱ
2717 2408 2831 2478 (45)
2863 2411 3096 2480 μαθηταὶ
3146 2410 3218 2472 εἰς
3262 2414 3320 2462 τὸ
3374 2415 3510 2484 ὅρος,
3564 2411 3625 2462 οὗ
3669 2410 3804 2464 ἐτά-

2191 2493 2312 2555 ξατο
2345 2495 2542 2562 αὐτοῖς,
2593 2497 2675 2547 ὅτε
2734 2492 2943 2555 δηλαδή
2995 2501 3394 2571 προετράπησαν
3450 2497 3601 2560 αὖθις
3645 2503 3802 2571 παρὰ

2189 2591 2280 2634 τοῦ
2343 2589 2556 2658 Κυρίου.
2607 2584 2928 2658 Ἐφανερώθη
2992 2589 3082 2658 μεν
3131 2584 3220 2639 οὖν
3289 2593 3378 2640 καὶ
3423 2594 3534 2648 ταῖς
3619 2591 3800 2660 μαθη-

2189 2676 2378 2738 τρίαις,
2408 2677 2496 2724 καὶ
2528 2681 2632 2733 τοῖς
2675 2677 2816 2747 παρὰ
2862 2682 2935 2744 τῷ
2994 2676 3189 2748 Μάρκῳ
3236 2672 3382 2741 δυσὶ,
3437 2681 3527 2728 καὶ
3576 2685 3649 2746 τῷ
3701 2683 3799 2729 [Ιέ-

2191 2780 2315 2836 τρῳ,
2348 2768 2438 2814 καὶ
2479 2771 2589 2825 τοῖς
2635 2769 2753 2835 περὶ
2813 2764 3043 2816 Κλεόπαν
3094 2767 3208 2835 (4-6)
3244 2769 3257 2793 ‘
3287 2765 3416 2818 ἀλλὰ
3464 2774 3574 2827 τοῖς
3620 2769 3802 2838 μαθη-

2190 2859 2305 2912 ταῖς
2332 2853 2480 2923 ὀμοῦ,
2519 2861 2671 2904 τοῦτο
2702 2849 2809 2912 ἤδη
2837 2859 3010 2928 τρίτον
3042 2856 3356 2927 ἐφανερώθη.
3402 2855 3505 2928 [Οὐ
3534 2858 3636 2928 γὰρ
3677 2858 3799 2927 (ιτ)

2194 2949 2428 3011 συνεχῶς
2473 2942 2651 3004 αὐτοῖς
2701 2941 3078 3016 ἐπεχωρίαζεν.
3123 2944 3262 2997 Ἀλλ’
3317 2944 3538 2997 ἐνταῦθα
3579 2948 3672 3016 μὲν
3699 2946 3797 2996 οὐκ

2191 3027 2323 3081 εἶπεν
2363 3031 2442 3081 ὅτι
2476 3035 2565 3082 καὶ
2625 3031 2776 3092 αὐτὸς
2806 3034 2984 3104 ἔφαγεν
3015 3049 3028 3062 ·
3062 3029 3208 3104 οἶμαι
3241 3029 3319 3096 δὲ,
3355 3036 3426 3095 ὡς
3465 3041 3557 3085 τοῦ
3613 3040 3800 3086 Λουκᾶ

429 3120 596 3186 dixit,
625 3120 784 3192 quod
809 3126 864 3175 et
885 3121 1012 3192 ipse
1032 3121 1356 3175 comederit
1381 3142 1392 3172 :
1415 3119 1548 3175 ideo
1572 3135 1735 3184 sane,
1759 3124 1820 3175 ut
1841 3121 2077 3191 opinor,

2196 3121 2276 3168 καὶ
2332 3125 2483 3169 τοῦτο
2553 3115 2883 3181 δηλώσαντος
2945 3120 2994 3172 ἐν
3058 3129 3120 3194 τῇ
3183 3120 3348 3194 βίϐλῳ
3399 3131 3498 3174 τῶν
3525 3122 3798 3194 Πράξεων,

431 3211 585 3282 quod
607 3209 720 3265 hoc
747 3211 924 3265 etiam
952 3209 1367 3279 signiﬁcaverit
1392 3212 1576 3266 Lucas
1598 3209 1744 3264 libro
1778 3212 2073 3272 Actorum,

433 3299 532 3356 ubi
554 3301 636 3356 ait
660 3299 868 3355 Petrus
895 3318 906 3354 :
943 3298 1302 3354 Comedimus
1333 3304 1385 3353 et
1412 3298 1658 3354 bibimus
1679 3315 1806 3355 cum
1838 3313 1902 3354 eo
1924 3304 2080 3370 post-

431 3406 608 3461 quam
622 3388 885 3444 surrexit
898 3403 933 3444 a
947 3389 1196 3443 mortuis
1226 3390 1242 3422 ¹
1253 3389 1293 3440 ⁵.

501 3479 694 3533 Vers.t
719 3482 768 3532 5.
789 3477 929 3533 Cum
946 3507 1005 3517 ——
1026 3483 1099 3532 te.
1116 3507 1183 3516 —-
1199 3476 1404 3532 Simon
1426 3476 1522 3545 ﬁli
1535 3475 1708 3541 Jona,
1743 3476 1945 3545 diligis
1992 3491 2080 3531 me

429 3569 560 3639 plus
586 3583 763 3638 quam
797 3566 860 3621 hi
889 3571 916 3622 ?
942 3565 1108 3620 Hunc
1140 3572 1336 3620 autem
1365 3564 1559 3619 solum
1589 3565 1912 3634 interrogat
1940 3571 2079 3620 tan-

431 3673 619 3730 quam
643 3656 968 3728 principem
999 3660 1054 3710 et
1081 3670 1146 3709 os
1168 3653 1615 3724 discipulorum.
1635 3656 1869 3719 Verum,
1901 3653 2078 3709 curid

433 3745 599 3818 quod
631 3744 810 3809 novit,
870 3745 1205 3814 interroget,
1234 3743 1293 3796 in
1345 3742 1732 3815 sequentibus
1784 3742 2074 3797 dicemus.

502 3836 666 3888 Vers.
693 3834 719 3886 οι
734 3838 780 3884 5;.
798 3833 898 3887 Ait
917 3863 984 3872 -—
1005 3847 1177 3887 meos.
1203 3831 1524 3902 Discipulos
1546 3830 1685 3885 dicit
1707 3845 1895 3903 agnos
1914 3846 2073 3900 suos,

429 3926 722 3994 tanquam
775 3926 977 3992 pastor
1017 3936 1223 3975 eorum
1258 3935 1402 3991 quos
1432 3919 1608 3974 etiam
1653 3935 1796 3974 oves
1838 3935 2077 3974 rursum

427 4017 618 4068 vocat.
655 4009 875 4076 Quaerit
901 4025 1043 4078 ergo
1069 4008 1401 4064 dilectionis
1432 4023 1574 4078 erga
1607 4025 1666 4063 se
1704 4007 2076 4064 demonstra-

430 4101 672 4165 tionem,
687 4105 1068 4170 puta,cnram
1083 4114 1308 4153 eorum:
1327 4099 1652 4153 etanimam
1676 4097 2077 4168 ipsius,quam

429 4204 539 4262 pro
583 4195 945 4261 praeceptore
997 4204 1060 4242 se
1107 4187 1439 4259 positurum
1489 4186 1864 4258 promiserat,
1911 4187 2074 4258 petit,

429 4283 494 4332 ut
531 4292 636 4348 pro
675 4275 982 4346 discipulis
1015 4280 1218 4346 ponat.

500 4366 666 4421 Vers.
705 4369 787 4420 16.
812 4364 981 4420 Dicit.
1011 4394 1078 4404 —
1109 4362 1277 4418 Vers.
1318 4363 1404 4418 i7.
1441 4369 1512 4419 te.
1541 4362 1806 4418 Christus
1836 4363 2075 4436 quidem

430 4461 597 4511 terna
613 4454 1125 4522 viceiuterrogans
1147 4456 1201 4507 et
1219 4452 1622 4524 idemjubeus,
1644 4453 1998 4521 manifestat,
2015 4470 2076 4510 se

427 4543 670 4600 maximi
691 4543 883 4598 facere
909 4541 1342 4613 praesidentiam
1367 4557 1544 4611 super
1566 4541 1888 4613 discipulos
1913 4559 2072 4608 suos,

429 4637 486 4688 et
513 4632 670 4687 hanc
701 4631 864 4687 omni
900 4647 1043 4686 cura
1073 4629 1235 4685 ducit
1277 4629 1566 4700 majorem
1602 4647 1614 4697 ;
1647 4631 1846 4684 Petrus
1877 4639 2076 4688 autem

427 4721 644 4778 trinam
684 4719 897 4775 timens
929 4719 1475 4788 interrogationem,
1507 4725 1562 4774 et
1595 4718 1954 4790 suspicatus,
2001 4737 2076 4775 ne

429 4809 580 4865 forte
593 4813 827 4881 putaret
855 4825 915 4864 se
943 4823 1168 4873 amare,
1188 4823 1308 4863 non
1339 4811 1534 4863 tamen
1550 4813 1777 4864 amaret
1807 4825 1818 4860 :
1855 4825 1997 4864 nam
2019 4815 2078 4865 et

425 4897 598 4972 prius
629 4901 955 4970 putaverat,
988 4912 1049 4952 se
1079 4912 1394 4968 nunquam
1438 4911 1565 4952 esse
1613 4901 1992 4966 negaturum,
2020 4903 2077 4954 et

503 5025 552 5060 1°
589 5025 758 5082 Joan.
787 5040 887 5091 xx,
934 5028 1018 5081 19.
1157 5025 1198 5060 ¹¹
1243 5022 1390 5081 ibid.
1414 5024 1503 5078 26.

426 5112 487 5167 x,
524 5098 614 5153 41.

1626 5025 1673 5058 ¹²
1701 5023 1903 5081 Matth.
1924 5040 2125 5096 xxxm,
2162 5028 2246 5083 16.

2189 3207 2307 3257 ἔνθα
2360 3211 2520 3278 φησὶν
2578 3209 2603 3258 ὁ
2656 3213 2847 3284 Πέτρος
2907 3211 2986 3262 ὅτι
3049 3213 3400 3282 Συνεφάγομεν
3469 3215 3552 3262 καὶ
3637 3231 3799 3264 συνε-

2188 3299 2369 3367 πίομεν
2453 3295 2616 3366 αὐτῷ,

2189 3383 2372 3456 κρών,]

2259 3472 2383 3526 ’Ὁτε
2413 3505 2481 3514 -
2514 3494 2588 3528 σε.
2646 3506 2716 3516 -
2768 3481 2935 3548 Σίμων
2990 3479 3068 3529 υἱὲ
3116 3484 3207 3529 τοῦ
3265 3477 3430 3545 Ἰωνᾶ,
3489 3476 3700 3550 ἀγαπᾷς
3730 3499 3793 3551 με

2187 3561 2356 3614 πλεῖον
2387 3563 2416 3621 iv
2453 3563 2632 3630 οὗτοι;
2666 3567 2858 3620 Τοῦτον
2890 3561 2950 3618 δὲ
2987 3571 3138 3637 μονον
3168 3566 3352 3640 ἐρωτᾷ,
3399 3570 3466 3629 ὡς
3506 3576 3793 3639 κορυφαῖον

2187 3655 2274 3703 καὶ
2303 3655 2473 3724 στόμα
2503 3661 2602 3704 τῶν
2641 3655 2903 3725 μαθητῶν.
2936 3656 3088 3716 Τίνος
3115 3652 3174 3708 δέ
3192 3658 3358 3731 χάριν
3388 3655 3551 3731 ἐρωτᾷ
3571 3657 3597 3708 ὃ
3621 3654 3789 3723 οἶδεν,

2187 3739 2399 3813 ἐροῦμεν
2425 3747 2707 3815 προϊόντες.

2690 3300 2817 3369 μετὰ
2884 3301 2942 3350 τὸ
3005 3297 3294 3357 ἀναστῆναι
3378 3299 3534 3351 αὑτὸν
3611 3303 3667 3352 ἐκ
3719 3321 3799 3352 νε-

2258 3833 2408 3900 Λέγει
2434 3861 2498 3870 -··
2524 3851 2645 3903 μου.
2679 3831 2809 3894 Τοῦς
2835 3834 3076 3904 μαθητὰς
3107 3831 3257 3907 ἀρνία
3290 3836 3480 3886 εαυτοῦ
3510 3851 3691 3905 φησιν,
3723 3837 3794 3897 ὡς

2185 3923 2380 3990 ποιμήν
2433 3919 2622 3987 αὐτῶν,
2656 3920 2744 3981 οὓς
2771 3927 2862 3973 καὶ
2915 3921 3154 3995 πρόϐατα
3209 3921 3363 3974 πάλιν
3418 3923 3580 3976 καλεῖ.
3635 3931 3795 3982 Ζητεί

2187 4004 2274 4059 οὖν
2301 4004 2566 4071 ἀπόδειξιν
2595 4017 2685 4070 τῆς
2717 4009 2789 4071 εἰς
2815 4010 2903 4062 αὐτ
2915 4014 2968 4062 ὸν
2992 4010 3166 4082 ἀγάπη
3179 4031 3220 4079 ς,
3260 4016 3355 4069 τὴν
3385 4013 3673 4084 ἐπιμέλειαν
3699 4014 3793 4065 αὐ-

2185 4104 2306 4161 τῶν,
2335 4102 2420 4149 καί
2455 4102 2546 4156 τήν
2589 4097 2776 4170 ψυχὴν
2804 4099 2985 4165 αὐτοῦ,
3020 4100 3080 4157 ἢν
3256 4099 3568 4172 ἐπήγγελται
3628 4103 3791 4155 θεῖναι

2186 4184 2310 4259 ὑπὲρ
2337 4194 2429 4238 τοῦ
2477 4183 2511 4238 δ
2518 4183 2830 4256 ιδασκάλον,
2876 4192 3066 4247 ταύτην
3089 4187 3300 4242 ἀπαιτεί
3330 4191 3490 4242 θεῖναι
3535 4192 3663 4266 ὑπὲρ
3688 4201 3788 4243 τῶν

2185 4275 2452 4346 μαθητῶν,

2258 4367 2411 4435 Λέγει
2458 4395 2528 4405 -
2580 4383 2657 4420 σε.
2722 4365 2782 4418 Ὀ
2829 4371 2920 4438 μέν
2958 4370 3188 4441 Χριστὸς
3238 4364 3292 4419 ἐκ
3346 4374 3525 4440 τρίτου
3583 4368 3787 4442 ἐρωτῶν

2185 4456 2275 4504 καὶ
2331 4456 2396 4504 τὰ
2455 4453 2588 4506 αὐτὰ
2639 4455 2922 4507 ἐπιτάττων
2975 4454 3208 4528 ἐμφαίνει
3260 4458 3340 4509 ὃτι
3397 4453 3605 4532 σφόδρα
3667 4463 3786 4532 περὶ

2185 4541 2374 4593 πολλοῦ
2403 4545 2601 4595 τίθεται
2655 4549 2748 4602 τήν
2799 4552 3126 4618 προστασίαν
3176 4554 3275 4598 τῶν
3329 4542 3479 4598 ἰδίων
3507 4547 3779 4618 μαθητῶν,

2185 4634 2273 4682 καὶ
2321 4634 2518 4689 ταύτην
2557 4632 2764 4693 ἁπάσης
2823 4636 3096 4708 θεραπείας
3147 4636 3355 4706 ἡγεῖται
3426 4637 3663 4708 μείζονα.
3725 4635 3778 4687 Ὁ

2187 4714 2246 4771 δὲ
2294 4725 2506 4795 Πέτρος,
2560 4725 2619 4773 τὸ
2695 4722 2939 4796 τριπλοῦν
2999 4732 3093 4784 τῆς
3170 4722 3466 4796 ἐρωτήσεως
3521 4724 3771 4797 φοϐηθεὶς,

2185 4815 2274 4864 καὶ
2325 4812 2652 4872 ὑποπτεύσας
2697 4818 2898 4884 μήποτε
2952 4809 3082 4886 δοκῇ
3162 4815 3250 4885 μὲν
3304 4813 3484 4885 φιλεῖν,
3535 4813 3593 4866 οὐ
3654 4812 3781 4885 φιλεῖ

2189 4898 2249 4953 δέ
2307 4917 2320 4930 ⁸
2372 4904 2462 4952 καὶ
2515 4903 2614 4975 γὰρ
2662 4906 2752 4954 καὶ
2807 4906 3054 4975 πρότερον
3140 4897 3310 4954 ἐδόκει
3365 4905 3456 4975 μὲν
3522 4899 3784 4976 μηδέποτε

2376 5029 2422 5062 ³³
2455 5028 2629 5084 Marc.
2655 5043 2774 5095 xw,
2812 5030 2893 5084 12.
3030 5029 3077 5065 1⁵
3105 5029 3243 5086 Luc.
3270 5043 3427 5098 χχιιι,
3461 5027 3548 5095 18,
3583 5029 3632 5066 ιι
3660 5029 3782 5086 Act.

1631 5218 1852 5288 Variae
1882 5221 2211 5291 lectiones
2243 5232 2309 5292 et
2348 5229 2550 5292 notae.

503 5419 616 5488 (43)
656 5419 887 5476 Inclusa
920 5421 1137 5478 omittit
1165 5421 1230 5476 A.

501 5490 616 5559 (44)
657 5490 854 5552 Ἰδὸτες
880 5499 940 5548 Α,

503 5563 618 5633 (45)
660 5566 726 5613 οι
755 5563 989 5633 μαθηταὶ
1030 5563 1243 5620 omittit
1272 5564 1330 5620 Β.

502 5633 618 5712 (46)
639 5633 883 5686 Κλεώπαν
920 5635 982 5691 Β.

2260 5422 2370 5494 (4⁸7)
2405 5418 2653 5494 Inclusa
2670 5417 2886 5494 omittit
2912 5426 2974 5494 Α.

2259 5491 2372 5579 ίζίδ)
2404 5493 2597 5579 0099³
2722 5492 2916 5579 βθιδθε
2960 5491 3261 5579 ἐπηγγέλλε.
3426 5498 3592 5579 esset
3627 5491 3784 5579 ἐπηγα

2187 5562 2409 5638 γέλλετο.
2484 5564 2816 5624 Hentenius
2889 5562 3144 5625 fortasse
3223 5567 3364 5640 legit
3419 5562 3778 5641 ἐπηγγείλατο.
