4130 6320
296 335 435 391 M97

1336 339 1700 396 COMMENT.
1743 341 1818 399 IN
1854 340 2208 404 JOANNI‘JM.
2246 374 2316 399 τ·-
2355 345 2512 402 CAP.
2547 346 2693 403 XXI.

3526 355 3668 410 ιωε

292 458 702 533 ἀπαρνήσασθαι
757 461 935 530 αὐτὸν,
993 460 1338 537 ἀπηρνήσατο
1400 461 1501 517 δέ·
1554 469 1642 517 καὶ
1698 484 1871 537 σωφρο

2008 471 2211 523 tamen
2235 471 2493 538 negavit.
2524 470 3014 532 etmodestiorem
3032 475 3233 547 ipsum
3255 491 3325 532 ac
3353 475 3662 535 meliorem

284 552 522 623 νίστερον
579 549 734 603 αὐτὸν
782 555 873 603 καὶ
925 549 1167 622 βελτίονα
1238 555 1300 604 τὸ
1355 550 1522 614 πάθος
1590 556 1750 608 ἐκεῖνο
1810 573 1896 607 πε-

288 640 499 693 ποίηκεν
533 653 546 665 ·
608 637 862 707 ἐλυπήθη,
921 638 1218 713 ἐταράχθη,
1267 639 1581 716 ἐθορυϐήθη.
1636 647 1735 696 Καὶ
1791 642 1892 698 los-

285 729 381 778 πόν
443 726 596 779 αὐτὸν
648 730 719 789 ὡς
769 729 938 780 πάντα
1004 733 1123 801 πρὶν
1188 734 1429 801 γενέσεως
1487 731 1654 785 αὐτῶν
1712 727 1893 785 εἰδότα

284 816 527 888 μάρτυρα
585 823 831 886 ποιεῖται,
882 821 971 870 καὶ
1025 816 1162 888 λέγει
1196 834 1208 847 ·
1243 822 1310 872 Σὺ
1368 821 1534 885 πάντα
1584 815 1752 882 οἶδας,
1800 823 1889 874 καὶ

283 906 349 955 τὰ
398 910 504 967 νῦν,
567 910 657 956 καὶ
713 909 779 958 τὰ
835 905 1100 978 μελλοντα,
1157 909 1227 969 ὡς
1283 910 1434 975 Θεὸς,
1500 912 1565 959 σὺ
1617 914 1887 978 γινώσκεις

280 993 364 1045 ὅτι
394 992 522 1062 φιλῶ
553 1012 611 1045 σε
638 999 725 1045 νῦν
776 993 1071 1065 ὁλοψύχως,
1131 1000 1221 1047 καὶ
1268 992 1419 1049 οὐδὲν
1467 995 1615 1049 πλέον
1646 996 1780 1067 λέγει
1826 1001 1885 1051 τὸ

282 1080 458 1151 μέλλον
538 1079 753 1152 ἀγνοῶν.
849 1087 948 1135 Καὶ
1015 1086 1118 1157 γὰρ
1192 1088 1282 1138 καὶ
1341 1090 1520 1155 πρώην
1596 1083 1885 1138 ἀντιτείνων

280 1168 517 1239 ἠλέγχθη
607 1172 775 1241 μάτην
831 1171 1251 1245 ἰσχυριζόμενος.
1305 1172 1483 1247 Ἀρνία
1551 1178 1721 1226 τοίνυν
1794 1179 1883 1227 καὶ

280 1257 515 1331 πρόϐατα
545 1260 592 1310 οἱ
621 1261 853 1330 μαθηταὶ
886 1256 979 1311 διὰ
1011 1264 1068 1312 τὸ
1105 1262 1299 1313 ἄκακον
1348 1266 1438 1313 καὶ
1484 1267 1766 1335 πρόχειρον
1811 1263 1883 1325 εἰς

279 1351 497 1416 σφαγήν.
535 1351 635 1399 Καὶ
665 1343 811 1407 αὖθις
855 1346 1007 1422 ἀρνία
1036 1352 1126 1421 μὲν
1168 1351 1217 1401 οἱ
1264 1348 1605 1422 ἀτελέστεροι,
1644 1350 1884 1424 πρόϐατα

275 1430 337 1486 δὲ
364 1436 413 1486 oi
441 1434 759 1510 τελειότεροι.

344 1525 595 1594 Πρότερον
626 1527 715 1593 μὲν
746 1519 833 1575 οὖν
861 1520 953 1576 διὰ
982 1532 1081 1576 τῶν
1098 1534 1295 1597 πικρῶν
1324 1525 1523 1578 ἐκείνων
1548 1523 1788 1598 δακρύων
1809 1535 1881 1598 τῷ

276 1614 452 1684 Πέτρῳ
500 1615 593 1669 τήν
632 1607 829 1669 κηλίὸα
857 1621 951 1673 τῆς
982 1611 1248 1686 ἀρνήσεως
1291 1612 1714 1685 ἀπολουσαμίνῳ,
1763 1617 1881 1689 ἄρτι

277 1695 336 1751 ὃε
357 1700 508 1750 πάλιν
541 1698 654 1751 ἀντὶ
678 1707 775 1761 τῆς
798 1700 1018 1773 τριπλῆς
1062 1700 1324 1775 ἀρνήσεως
1354 1702 1573 1773 τριπλῆν
1600 1704 1880 1775 ὁμολογίαν

272 1787 630 1858 εἰσενεγκόντι,
661 1792 751 1840 καὶ
782 1792 896 1840 τότε
939 1791 1028 1860 μὲν
1077 1791 1229 1863 ἔργῳ,
1281 1797 1368 1842 νῦν
1424 1788 1482 1842 δὲ
1533 1791 1665 1861 λόγῳ
1695 1796 1754 1842 τὸ
1788 1789 1823 1844 δ
1829 1795 1880 1844 ιὰ
1906 1799 1946 1853 Β

269 1875 424 1946 λόγου
474 1875 685 1947 σφάλμα
723 1876 839 1947 (49)
882 1878 1167 1949 θεραπεύει,
1198 1882 1292 1935 τήν
1332 1884 1676 1950 ποιμαντικήν
1708 1879 1880 1951 ἐγχειο

267 1964 404 2036 ρίζει
433 1972 529 2025 τῆς
558 1964 880 2036 οἰκουμένης.

342 2049 468 2105 Εἶτα
518 2051 879 2125 παραϐολικῶς
944 2055 1233 2125 προμηνύει
1290 2053 1429 2125 αύτῷ
1494 2060 1584 2107 καὶ
1652 2059 1736 2107 τὸν
1785 2052 1878 2108 διὰ

272 2147 501 2211 σταυροῦ
561 2142 794 2205 θάνατον,
979 2140 1309 2200 τελειωθῆναι
1365 2142 1556 2215 ἔμελλε,
1630 2140 1877 2195 δεικνύων

268 2225 493 2279 ἐντεῦθεν
546 2230 626 2279 ὅτι
668 2229 763 2280 ούκ
821 2227 1016 2300 ἀγνοῶν
1066 2226 1191 2282 ούδε
1236 2229 1467 2283 ἀπιστῶν
1515 2231 1655 2302 αύτῷ
1712 2232 1876 2302 ἔλεγεν

267 2315 394 2389 άπερ
447 2316 629 2386 ἔλεγεν,
682 2316 975 2369 Ἢπίστατο
1022 2320 1120 2391 γὰρ
1178 2320 1312 2369 πάνυ
1361 2323 1418 2371 τό
1480 2316 1735 2392 διάπυρον
1782 2330 1877 2383 τῆς

267 2403 338 2463 εἰς
394 2404 547 2455 αὐτὸν
617 2403 840 2475 ἀγάπης,
901 2404 1008 2457 ἀλλ’
1063 2406 1145 2458 ἶνα
1211 2414 1317 2476 γνῷ
1382 2412 1471 2459 καὶ
1550 2409 1698 2467 αὐτὸς
1784 2414 1874 2460 καὶ

266 2495 450 2551 πάντες
508 2495 588 2544 ὁτι
646 2490 854 2565 σφόδρα
909 2498 1029 2566 περὶ
1084 2493 1273 2546 πολλοῦ
1344 2496 1545 2547 τίθεται
1599 2500 1691 2552 τήν
1751 2515 1875 2568 προ-

268 2584 483 2632 στασίαν
538 2590 634 2633 τῶν
697 2578 848 2633 ἰδίων
912 2583 1178 2651 μαθητῶν,
1262 2584 1326 2642 ὡς
1395 2581 1625 2657 ἀνωτέρω
1704 2578 1872 2640 δεδή-

264 2668 447 2720 λωταμ

333 2756 504 2827 Ἀμήν
595 2788 658 2797 —-
733 2756 924 2817 ἤθελες.
982 2755 1105 2809 Ὅτε
1178 2755 1459 2828 ἐτύγχανες
1526 2756 1867 2831 ἀτελέστερος,

268 2845 359 2895 ὕπὸ
417 2848 503 2895 τὸν
559 2844 882 2915 ἁτελέστερον
944 2850 1097 2916 νόμον
1146 2848 1233 2897 τὸν
1288 2850 1570 2898 Μωσαῑκόν
1622 2851 1867 2917 κείμενος,

258 2932 535 3001 ἠτοίμαζες
586 2937 802 2984 σεαυτὸν
856 2935 985 3007 πρὸς
1038 2934 1063 2984 ὃ
1119 2931 1350 2998 ἐϐούλου,
1421 2938 1509 2986 καὶ
1568 2931 1749 3005 διῆγες
1802 2937 1869 2995 ὡς

258 3018 453 3080 ἤθελες.

2004 554 2110 627 (ff)
2149 556 2396 613 affectus
2441 557 2539 613 ille
2566 559 2925 626 reddiderat,
2982 578 3237 620 mmrore
3269 563 3516 620 affectus
3549 570 3655 631 est,

2003 642 2410 709 turbatusest,
2451 646 2632 703 etiam
2684 647 2907 719 ipsum,
2957 656 3016 706 ut
3068 652 3170 725 qui
3200 653 3408 709 omnia
3455 658 3659 710 nosset

2002 731 2355 804 priusquam
2382 733 2625 801 :ﬁerent,
2654 740 2866 793 testem
2893 737 3032 795 facit
3055 746 3113 796 et
3158 740 3240 797 ait
3270 756 3284 794 :
3326 742 3413 796 Tu
3462 742 3657 799 omnia

1998 821 2177 884 nosti,
2220 826 2276 881 et
2302 822 2613 892 praesentia
2646 829 2702 880 et
2749 840 2885 897 quae
2917 827 3114 884 futura
3143 833 3301 894 sunt,
3359 832 3652 901 tanquam

1996 906 2154 963 Deus
2181 924 2195 973 ;
2219 913 2290 972 tu.
2312 910 2451 974 scis,
2485 911 2650 983 quod
2681 928 2838 969 nunc
2862 919 2980 970 toto
3010 916 3186 971 corde
3213 920 3269 971 te
3314 932 3514 972 amem
3548 934 3562 982 ;
3597 920 3655 974 et

1997 993 2597 1067 nihilampliusdicit,
2620 998 2905 1068 ignorans
2927 1002 3072 1074 quid
3089 1003 3358 1059 futurum
3380 1002 3477 1059 sit.
3501 1004 3653 1061 Nam

1996 1083 2177 1154 paulo
2195 1089 2350 1151 ante,
2377 1102 2513 1141 cum
2540 1088 3014 1155 contradixisset,
3041 1092 3350 1148 convictus
3371 1096 3463 1149 est
3483 1092 3652 1164 quod

1993 1186 2212 1227 vanam
2233 1172 2498 1230 habuerit
2519 1175 2592 1230 de
2615 1192 2678 1231 se
2707 1175 3007 1235 ﬁduciam.
3030 1179 3179 1249 Agni
3202 1180 3404 1253 itaque
3434 1184 3489 1236 et
3508 1195 3649 1236 oves

1992 1258 2272 1315 dicuntur
2286 1261 2433 1316 disci
2443 1262 2559 1333 puli
2586 1271 2826 1335 propter
2850 1267 3292 1338 simplicitatem
3312 1283 3382 1323 ac
3407 1283 3648 1340 promp-

1992 1347 2307 1405 titudinem
2336 1349 2414 1406 ad
2444 1351 2579 1419 hoc,
2618 1356 2679 1408 ut
2708 1352 3110 1410 immolentur.
3144 1354 3212 1410 Et
3237 1371 3475 1411 rursum
3506 1356 3645 1427 agni

1991 1436 2237 1505 quidem
2265 1438 2736 1510 imperfectiores,
2790 1457 2932 1495 oves
2974 1447 3195 1507 autem,
3237 1443 3641 1514 perfectiores.

2063 1523 2235 1580 Petro
2256 1525 2458 1598 itaque
2490 1528 2615 1598 (gg)
2635 1529 2918 1599 pascendi
2943 1546 3144 1586 curam
3168 1547 3238 1586 ac
3265 1532 3645 1600 gubernatio-

1992 1627 2129 1668 nem
2152 1614 2484 1681 committit,
2512 1620 2577 1669 ut
2604 1616 2707 1687 qui
2738 1622 2793 1671 et
2819 1618 2983 1686 prius
3003 1618 3344 1674 amarisillis
3362 1620 3642 1691 lacrymis

1992 1700 2326 1769 negationis
2358 1704 2651 1760 maculam
2680 1704 2934 1761 abluerit
2962 1711 3019 1761 et
3057 1722 3215 1762 nunc
3253 1723 3491 1763 rursum
3532 1724 3642 1779 pro

1990 1788 2143 1844 trina
2172 1791 2486 1858 negatione
2540 1792 2755 1847 trinam
2786 1792 2995 1848 offerat
3047 1793 3484 1851 confessionem
3530 1812 3540 1848 :
3585 1800 3641 1853 et

1988 1879 2131 1932 tunc
2160 1877 2404 1949 quidem
2434 1894 2634 1949 opere,
2661 1896 2821 1935 nunc
2849 1885 3045 1936 autem
3080 1882 3261 1938 verbo
3289 1882 3500 1954 lapsui,
3533 1884 3640 1955 qui

1988 1964 2172 2021 verbo
2198 1965 2388 2022 factus
2420 1973 2526 2031 est,
2560 1968 2852 2024 medetur.

2060 2053 2278 2110 Deinde
2318 2055 2658 2126 parabolice
2696 2057 3054 2128 praenuntiat
3078 2057 3127 2112 ei
3170 2058 3377 2113 mortis
3426 2074 3635 2128 genus,

1986 2140 2150 2212 quod
2175 2156 2281 2212 per
2305 2158 2538 2199 crucem
2569 2156 2726 2199 esset
2764 2148 2821 2199 et
2856 2145 2981 2216 ipse
3030 2146 3353 2200 moriturus
3398 2162 3409 2198 :
3445 2154 3638 2202 osten-

1985 2229 2157 2298 dens,
2200 2232 2363 2301 quoi
2397 2247 2519 2287 non
2568 2239 2853 2303 tanquam
2903 2232 3212 2302 ignorans,
3246 2237 3349 2289 aut
3389 2233 3471 2289 illi
3514 2250 3637 2291 non

1984 2318 2233 2372 credens
2259 2318 2515 2381 dicebat,
2565 2334 2696 2388 qua:
2726 2319 2980 2383 dicebat,
3015 2334 3151 2372 cum
3181 2320 3406 2389 optime
3440 2326 3639 2378 nosset

1983 2405 2276 2461 fervorem
2307 2404 2637 2460 dilectionis
2663 2404 2791 2475 ejus
2823 2421 2964 2475 erga
2992 2422 3073 2469 se,
3104 2405 3213 2461 sed
3246 2411 3307 2462 ut
3333 2412 3390 2463 et
3411 2409 3534 2479 ipse
3576 2414 3634 2465 et

1982 2508 2193 2548 omnes
2221 2497 2671 2561 cognoscerent,
2712 2494 2877 2563 quod
2917 2493 3158 2563 plurimi
3187 2493 3406 2550 faceret
3435 2497 3634 2567 priesi-

1963 2578 2269 2639 .denttiam
2300 2595 2477 2650 super
2506 2579 2831 2651 discipulos
2860 2596 3021 2645 suos,
3050 2581 3228 2637 veluti
3256 2584 3531 2653 superius
3552 2585 3630 2639 si.

1980 2666 2330 2737 gniﬁcatum
2361 2672 2467 2723 est.

2049 2757 2212 2811 Vers.
2246 2759 2329 2812 18.
2360 2758 2551 2812 Amen
2576 2787 2645 2797 —
2670 2756 2921 2813 volebas.
2949 2759 3096 2814 Cum
3129 2773 3293 2813 esses
3321 2758 3631 2831 imperfec-

1978 2844 2089 2900 tior
2135 2843 2248 2899 sub
2291 2844 2706 2915 imperfectiori
2738 2847 2993 2902 Mosaica
3045 2846 3173 2915 lege
3218 2846 3570 2904 constitutus
3611 2865 3626 2904 :

1975 2931 2237 3004 parabas
2270 2937 2328 2987 te
2353 2932 2432 2988 ad
2461 2932 2521 2988 id
2550 2933 2711 3003 quod
2740 2933 3046 3006 cupiebas,
3079 2939 3135 2990 et
3181 2934 3367 2992 vitam
3406 2935 3629 3005 agebas

1977 3025 2043 3076 ut
2078 3021 2345 3077 volebas.

328 3106 488 3159 Ὀταν
558 3138 626 3147 -
688 3108 869 3169 θελεις,
949 3107 1110 3161 Ὀταν
1165 3108 1277 3179 (50)
1338 3106 1396 3161 δε
1468 3108 1737 3182 τελειωθῇς
1795 3111 1869 3172 εἰς

2048 3109 2316 3164 Vers.18.
2341 3110 2454 3166 Ubi
2465 3110 2646 3165 -—vis.
2686 3109 2785 3165 Ubi
2800 3115 2989 3167 autem
3005 3111 3064 3166 in
3084 3112 3279 3166 virum
3294 3112 3627 3184 perfectum

259 3192 431 3268 ἄνδρα
476 3196 683 3262 τέλειον,
728 3196 794 3257 εἰς
848 3201 1033 3271 μέτρον
1092 3196 1293 3256 ἡλικίας
1346 3208 1712 3269 πνευματικῆς,
1768 3202 1867 3252 ὑπὸ

258 3291 347 3335 τοῦ
391 3284 582 3336 τελείου
630 3290 810 3356 νόμου,
858 3293 952 3337 τοῦ
996 3285 1351 3357 εύαγγελικοῦ,
1405 3288 1863 3359 καταρτιζόμενος,

259 3371 467 3432 ἐκτενεῖς
504 3375 599 3434 τὰς
641 3376 828 3444 χεῖράς
874 3392 967 3425 σου
1014 3373 1099 3426 ἐπὶ
1155 3380 1409 3449 σταυροῦ,
1462 3379 1551 3426 καὶ
1609 3375 1759 3435 ἄλλος
1809 3395 1866 3428 σε

260 3461 465 3532 σφίγξει
494 3468 604 3521 τοῖς
642 3460 803 3522 ἣλοις,
843 3466 933 3513 καὶ
981 3460 1152 3534 ἀγάγῃ
1205 3462 1321 3533 (51)
1366 3462 1437 3523 εἰς
1491 3465 1727 3529 θάνατον,
1787 3464 1862 3532 ὃν,

257 3550 301 3601 εἰ
351 3554 441 3601 καὶ
500 3549 655 3610 θέλεις
705 3558 765 3620 τῇ
824 3554 1145 3624 προαιρέσει,
1215 3550 1273 3601 ού
1340 3551 1494 3611 θέλεις
1546 3560 1608 3623 τῇ
1689 3555 1859 3623 φύσει.

256 3639 522 3709 Συμπαθεῖ
571 3640 673 3709 γὰρ
728 3640 758 3695 ἡ
818 3638 972 3709 ψυχή
1027 3646 1097 3707 τῷ
1146 3642 1351 3711 σώματι
1392 3635 1485 3690 διὰ
1536 3645 1627 3696 τὴν
1686 3644 1862 3711 φύσιν,

254 3731 342 3778 καὶ
391 3728 596 3779 ἄκουσα
649 3725 1060 3800 ἀπορῥήγνυται,
1111 3734 1264 3779 τοῦτο
1326 3735 1418 3780 τοῦ
1474 3736 1611 3781 Θεοῦ
1666 3748 1865 3800 συμφε-

252 3820 445 3889 ρόντως
500 3815 959 3887 οἰκονομήσαντος,
1022 3817 1194 3875 καθὼς
1257 3820 1347 3867 καὶ
1401 3814 1635 3887 ἀλλαχοῦ
1703 3813 1863 3873 δεδή,

255 3905 433 3968 λωται,
488 3906 569 3955 ἵνα
625 3908 695 3973 μή
757 3906 895 3955 κατά
939 3908 1249 3975 περίστασιν
1324 3903 1551 3977 εὐχερῶς
1615 3902 1861 3956 ἀνελωσιν

253 3992 466 4054 ἑαυτοὺς
505 3994 553 4043 οἱ
596 3993 877 4063 ἄνθρωποι.
932 3991 994 4043 Εἰ
1047 3992 1149 4063 γὰρ
1198 3996 1289 4044 καὶ
1326 4000 1418 4052 τῆς
1468 3992 1650 4064 ψυχῆς
1699 3994 1860 4055 οὕτως

256 4079 493 4154 ἰσχυρῶς
540 4079 989 4151 ἀποστρεφομένης
1019 4084 1112 4137 τήν
1168 4075 1434 4142 διάζευξιν
1465 4090 1557 4131 τοῦ
1599 4087 1856 4153 σώματος,

254 4169 435 4239 ἰσχύει
480 4168 722 4228 πολλάκις
783 4170 808 4219 ό
864 4167 1058 4241 ἐχθρός
1107 4188 1252 4229 τινας
1323 4167 1639 4241 ἐργάζεσθαι
1698 4176 1859 4241 φονεῖς

252 4258 442 4309 ἑαυτῶν
474 4278 486 4290 ο
516 4258 560 4309 εὶ
602 4262 673 4329 μή
707 4265 861 4309 τοῦτο
901 4253 981 4326 ἦν,
1040 4260 1247 4328 ταχέως
1296 4256 1355 4309 ἂν
1412 4260 1460 4309 οἱ
1509 4257 1684 4310 πολλοὶ
1733 4262 1858 4332 πρὸς

251 4345 512 4419 ἀναίρεσιν
544 4346 737 4399 ἑαυτῶν
769 4345 1022 4419 ἐχώρουν.

318 4441 478 4487 Τουτο
510 4467 577 4476 -
616 4441 766 4489 Θεὸν.
800 4434 931 4496 Δόξα
958 4436 1059 4506 γὰρ
1102 4434 1159 4485 ού
1212 4438 1365 4506 μόνον
1409 4442 1501 4487 τοῦ
1545 4436 1854 4499 θνήσκοντος

248 4526 507 4595 μαθητοῦ,
542 4524 667 4575 ἀλλά
691 4528 779 4574 καὶ
805 4531 895 4575 τοῦ
924 4531 1077 4588 Θεοί,
1114 4525 1138 4574 ὁ
1164 4519 1258 4575 διὰ
1279 4528 1532 4597 τιμωρίας
1562 4526 1678 4593 (52)
1703 4526 1852 4577 θάνα-

246 4632 329 4672 τος
371 4633 382 4644 -
417 4620 505 4663 τοῦ
539 4614 845 4671 θνήσκοντος
885 4614 996 4683 μὲν,
1042 4614 1123 4663 ὅτι
1154 4612 1279 4685 ὑπερ
1325 4618 1416 4663 τοῦ
1449 4620 1582 4665 Θεοῦ
1620 4615 1848 4680 θνήσκει,

247 4710 338 4754 τοῦ
369 4706 495 4754 Θεοῦ
528 4697 603 4766 δὲ,
633 4702 713 4752 ὅτι
738 4708 970 4753 τοιοῦτον
1000 4702 1113 4772 ἔχει
1144 4702 1404 4772 μαθητήν.

320 4942 365 4974 ¹⁶
396 4940 610 5010 Ephes.
636 4955 711 5005 IV,
736 4940 822 4994 13.

1976 3197 2314 3268 profeceris,
2347 3198 2408 3253 in
2436 3214 2785 3254 mensuram
2814 3200 3001 3253 aetatis
3031 3199 3353 3269 spiritualis
3394 3202 3461 3265 ιθ,
3514 3201 3627 3257 sub

1975 3285 2238 3355 perfecta
2285 3285 2415 3354 lege
2447 3285 2795 3355 evangelica
2839 3290 3312 3349 consummatus,
3346 3288 3626 3343 extendes

1974 3388 2190 3429 manus
2220 3377 2354 3428 tuas
2383 3373 2461 3428 ad
2491 3389 2724 3428 crucem
2779 3390 2789 3427 :
2824 3378 2880 3428 et
2912 3373 3064 3428 alius
3113 3380 3166 3429 te
3200 3373 3386 3429 clavis
3415 3374 3628 3431 astrin-

1974 3467 2089 3530 get,
2114 3476 2184 3517 ac
2206 3461 2379 3516 ducet
2401 3460 2480 3517 ad
2512 3465 2786 3525 mortem,
2814 3477 2998 3533 quam
3021 3462 3130 3517 etsi
3151 3462 3317 3516 voles
3359 3462 3633 3520 volunta-

1975 3555 2049 3620 te,
2083 3557 2298 3605 natura
2322 3556 2521 3605 tamen
2553 3565 2674 3604 non
2706 3549 2863 3605 voles
2894 3569 2904 3603 :
2942 3550 3233 3620 siquidem
3266 3553 3632 3622 compatitur

1973 3638 2201 3709 corpori
2240 3639 2443 3693 anima
2473 3642 2717 3708 propter
2743 3643 3042 3703 naturam,
3077 3643 3133 3693 et
3172 3638 3377 3695 audita
3424 3640 3630 3696 mortis

1975 3728 2295 3791 mentione,
2329 3726 2627 3790 abhorret,
2671 3726 2791 3781 Deo
2832 3726 2916 3781 ita
2954 3727 3340 3797 dispensante
3390 3727 3624 3793 utiliter,

1973 3817 2119 3872 sicut
2150 3816 2327 3871 etiam
2377 3814 2521 3870 alibi
2552 3814 2956 3884 signiﬁcatum
2987 3820 3091 3879 est,
3125 3830 3200 3871 ne
3250 3816 3517 3871 homines
3565 3817 3627 3873 in

1969 3904 2300 3960 infortuniis
2330 3904 2497 3960 facile
2524 3918 2650 3957 sese
2673 3903 3027 3958 occiderent.
3056 3905 3206 3959 Nam
3231 3904 3279 3957 si
3305 3903 3455 3959 valet
3481 3904 3627 3960 hos-

1973 3993 2043 4049 tis
2072 3992 2407 4063 frequenter
2434 3992 2667 4063 aliquos
2700 3991 2777 4046 ad
2809 3991 3117 4063 propriam
3162 3992 3466 4063 impellere
3512 4008 3625 4048 cte-

1969 4082 2107 4137 dem
2136 4098 2148 4135 :
2184 4081 2414 4136 tametsi
2439 4080 2642 4135 anima
2667 4079 2815 4135 adeo
2842 4079 3065 4135 fortiter
3096 4080 3174 4136 ad
3192 4081 3461 4152 corporis
3482 4097 3625 4137 con-

1963 4169 2335 4239 junctionem
2349 4168 2561 4224 affecta
2578 4168 2672 4229 sit,
2694 4167 2854 4239 quod
2871 4168 3135 4223 futurum
3153 4174 3259 4232 est,
3283 4169 3328 4222 si
3363 4168 3477 4224 hoc
3498 4184 3622 4225 non

1967 4256 2168 4312 esset?
2213 4256 2381 4311 multi
2408 4254 2671 4328 profecto
2704 4256 2779 4311 ad
2826 4271 2996 4309 suam
3031 4254 3422 4327 procederent
3449 4256 3620 4312 inter-

1963 4346 2303 4401 fectionem.

2036 4433 2198 4488 Vers.
2231 4436 2314 4487 19.
2338 4433 2466 4488 Hoc
2488 4462 2555 4471 —
2582 4431 2792 4488 Deum.
2828 4429 3026 4485 Gloria
3058 4429 3357 4501 siquidem
3386 4435 3471 4487 est
3495 4448 3619 4488 non

1961 4520 2235 4593 discipuli
2266 4526 2497 4577 tantum
2526 4520 2628 4590 qui
2657 4518 2928 4585 moritur,
2964 4518 3070 4574 sed
3096 4525 3151 4573 et
3178 4519 3279 4574 Dei
3313 4534 3465 4574 mors
3486 4536 3615 4592 qua.

1961 4612 2097 4683 quis
2128 4614 2368 4681 propter
2387 4624 2524 4664 eum
2556 4607 2848 4679 supplicio
2877 4606 3134 4663 afﬁcitur
3166 4622 3178 4660 :
3205 4608 3336 4678 ejus
3362 4608 3613 4680 quidem

1959 4699 2063 4772 qui
2095 4698 2400 4763 occiditur,
2433 4697 2579 4768 quia
2626 4710 2735 4767 pro
2772 4696 2892 4751 Deo
2924 4695 3196 4761 moritur,
3262 4696 3361 4751 Dei
3393 4701 3621 4763 autem,

1957 4787 2117 4861 quod
2156 4786 2336 4843 talem
2366 4785 2587 4842 habeat
2619 4784 3004 4856 discipulum.

1450 5036 1671 5105 Variae
1720 5036 2046 5105 lectiones
2100 5044 2397 5102 etnotae.

315 5223 432 5292 (49)
466 5222 659 5294 Malim
687 5222 1080 5294 θεραπεύσαντι.

313 5294 433 5359 (50)
465 5296 524 5343 Δέ
553 5292 720 5346 abest
742 5292 824 5344 Ἀ.

315 5340 431 5434 ἰξξῖῇ
463 5340 836 5434 (imaque;
870 5362 1037 5417 Forte
1062 5360 1193 5427 οἶξει,
1220 5364 1319 5416 aut
1350 5363 1593 5435 ἀχθήσῃ.

313 5550 407 5619 (If)
460 5549 577 5605 Etsi
621 5548 941 5605 Hentenius
986 5548 1168 5619 etiam
1222 5546 1453 5603 videtur
1507 5548 1719 5618 legisse
1758 5554 1847 5601 καὶ

244 5625 673 5743 σωφρονέστερὶον,
735 5626 935 5676 tamen
984 5618 1212 5684 malim,
1276 5624 1687 5693 σωφρονέστερον
1744 5622 1844 5692 ’κὰρ

244 5711 395 5743 αυτον
420 5711 471 5743 κ.
505 5712 552 5743 τ.
608 5730 635 5743 ..

241 5711 395 5744 αυτον
420 5711 471 5743 κ.
505 5712 552 5744 τ.
591 5711 635 5745 Λ.

2033 5221 2348 5292 (52)_Forte
2387 5222 2699 5292 μαρτυρίου,
2732 5222 2841 5292 aut
2877 5224 3188 5292 μαρτυρίας.
3222 5219 3479 5292 Cyr-illus
3534 5218 3609 5275 de

1958 5307 2019 5366 re
2034 5268 2438 5366 ‘éé'déda'jéﬁl.
2458 5268 2543 5352 iv,
2561 5271 2621 5359 'p.
2645 5268 2855 5344 4126c
2877 5268 2909 5347 “;⁷
2942 5268 3324 5362 magar;
3342 5268 3609 5362 ζὶρῖῷρίῐτῖρ

1959 5364 2207 5421 ἐπιθέντες
2237 5361 2396 5430 αὐτῷ,

2027 5546 2152 5615 (gg)
2183 5546 2361 5600 Petro
2404 5544 2623 5613 itaque.
2670 5550 2758 5598 etc
2815 5546 2955 5609 Quae
3007 5544 3066 5598 in
3126 5545 3326 5600 Graeco
3380 5544 3438 5600 in
3489 5545 3606 5601 fine

1958 5617 2166 5673 scholii
2224 5617 2518 5687 leguntur,
2587 5630 2659 5670 ea
2714 5616 2772 5670 in
2844 5616 3139 5687 principio
3195 5617 3375 5671 habet
3429 5617 3607 5671 inter-

1955 5705 2114 5761 pres.
