4130 6320
488 258 629 315 1499

560 383 722 437 Vers.
760 384 840 435 l9.
874 381 950 436 Et
977 396 1169 437 —me.
1196 381 1338 436 Hinc
1360 395 1600 435 rursum
1644 378 1920 445 ostendit,
1968 379 2136 451 quod
2167 380 2209 432 A

487 485 610 543 prae
628 469 851 525 caeteris
873 467 988 524 sibi
1008 467 1365 524 familiarem
1388 483 1525 524 eum
1544 466 1745 535 faciat,
1773 482 1844 522 ac
1864 466 2137 539 ampliori

487 559 764 629 dignetur
792 556 1042 622 honore,
1073 560 1137 612 ut
1160 557 1339 612 etiam
1370 555 1705 628 promptior
1725 554 1850 611 ﬁat.

560 645 729 711 Quod
764 644 814 699 si
843 644 977 716 quis
1008 643 1167 700 dicat
1195 662 1206 699 :
1235 643 1549 709 Quomodo
1574 658 1717 713 ergo
1733 641 1995 699 Jacobus
2014 642 2137 698 Hie-

486 732 979 804 rosolymitanam
1002 733 1230 804 accepit
1261 732 1465 788 sedem
1485 730 1812 796 ?dicemus,
1840 730 2004 803 quod
2029 728 2138 785 Pe-

485 827 615 878 trus
664 820 824 877 orbis
864 820 1222 876 constitutus
1269 825 1355 875 est
1392 825 1769 892 praeceptor:
1807 835 1945 874 cum
1993 832 2136 888 ergo

488 915 611 966 tam
638 914 983 981 praeceptor,
1000 924 1184 979 quam
1207 907 1485 979 discipuli
1504 908 1976 971 deambularent,
1995 906 2139 961 dixit

488 999 541 1054 ei
569 1014 580 1051 :
609 997 863 1069 Sequere
883 1012 994 1061 me,
1040 1002 1101 1052 ut
1147 996 1407 1052 videlicet
1445 996 1621 1052 etiam
1669 996 2032 1067 cruciﬁgaris
2081 999 2139 1050 et

487 1084 780 1157 aequalem
807 1086 1099 1141 sustineas
1128 1090 1401 1141 mortem.

560 1263 723 1319 Vers.
766 1266 853 1318 20.
890 1263 1215 1318 Conversus
1249 1293 1317 1303 -—
1356 1270 1706 1333 sequentem.
1757 1262 2134 1317 lncedentem

485 1356 625 1424 post
644 1354 878 1406 Petrum
902 1368 915 1417 ;
940 1366 1082 1406 casu
1104 1351 1262 1405 enim
1284 1350 1592 1423 proximus
1613 1351 1663 1407 ei
1686 1350 2137 1407 deambulabat.

557 1529 723 1584 Vers.
754 1526 866 1594 Qui
881 1533 933 1583 et
962 1557 1026 1566 —
1055 1528 1149 1582 te?
1176 1529 1232 1581 In
1267 1542 1440 1582 ccena
1468 1527 1743 1599 mystica,
1774 1527 1927 1583 sicut
1953 1526 2033 1582 ibi
2066 1527 2137 1582 si-

486 1617 838 1688 gniﬁcatum
862 1622 971 1670 est.
999 1615 1453 1671 Reducitautem
1482 1614 1657 1670 nobis
1679 1615 1756 1670 ad
1782 1616 2135 1672 memoriam

483 1704 1027 1773 interrogationem,
1070 1704 1410 1772 ostendens,
1457 1710 1747 1776 quantam
1803 1707 2001 1759 Petrus
2053 1705 2137 1760 lo-
2168 1726 2208 1779 Β

484 1793 709 1865 quendi
766 1791 1019 1863 adeptus
1079 1797 1230 1847 esset
1283 1791 1639 1857 libertatem,
1680 1796 2007 1864 postquam
2061 1792 2136 1847 de

483 1881 799 1951 negatione
823 1882 1166 1952 resipuerat.
1193 1880 1338 1936 Nam
1370 1880 1475 1951 qui
1498 1885 1639 1935 tunc
1657 1896 1845 1935 ausus
1868 1896 1991 1936 non
2012 1886 2139 1935 erat

485 1971 869 2039 interrogare,
904 1970 1004 2023 sed
1031 1968 1242 2024 dilecto
1271 1968 1560 2040 discipulo
1586 1968 1662 2023 ad
1684 1969 1801 2024 hoc
1824 1968 2131 2024 utebatur:

483 2056 581 2112 hic
606 2073 727 2112 non
755 2056 949 2111 solum
975 2057 1416 2127 praesidentiam
1447 2072 1587 2126 erga
1608 2056 1815 2112 fratres
1845 2055 1947 2111 sibi
1976 2071 2137 2112 com-

1804 252 2166 314 EUTHYMII
2186 252 2529 310 ZIGABENI

3709 247 3839 302 1500

2321 381 2421 430 Καὶ
2464 407 2533 416 -
2581 392 2692 446 μοι.
2726 375 2984 427 Ἐντεῦθεν
3026 372 3179 426 πάλιν
3208 369 3472 425 δείκνυσιν
3500 374 3579 423 ὅτι
3607 378 3709 443 πρὸ
3746 379 3844 421 τῶν

2250 465 2413 517 ἄλλων
2459 464 2613 517 αὐτὸν
2645 463 2948 528 οἰκειοῦται,
2980 467 3070 514 καὶ
3115 460 3348 533 μείζονος
3377 458 3515 522 ἆξιοί
3538 466 3722 531 τιμῆς,
3766 460 3843 508 ἶνα

2247 558 2337 605 καὶ
2362 554 2748 625 προθυμότερος
2775 555 3008 623 γένηται.

2320 642 2379 694 Εἰ
2433 638 2492 693 δὲ
2543 641 2683 712 λέγοι
2739 640 2856 711 (53)
2921 658 3042 698 τις·
3104 644 3216 697 Πῶς
3272 633 3361 689 οὖν
3416 634 3656 696 Ἰάκωϐος
3706 633 3847 686 ἔλαϐε

2246 733 2333 781 τὸν
2386 731 2562 801 θρόνον
2803 735 2902 779 τῶν
2952 724 3363 801 Ἰεροσολύμωνς
3414 723 3625 797 ἐροῦμεν
3698 724 3777 773 ὅτι
3822 723 3847 771 ὀ

2250 822 2436 890 Πέτρος
2507 826 2596 877 τῆς
2682 816 2984 888 οἰκουμένης
3056 814 3427 889 ἐχειροτονήθη
3495 808 3841 869 διδάσκαλος.

2251 908 2673 979 Περιπατούντων
2729 911 3006 978 τοιγαροῦν
3060 910 3150 955 τοῦ
3214 921 3270 954 τε
3351 897 3686 953 διδασκάλου
3761 900 3845 948 καὶ

2246 1004 2344 1046 τῶν
2410 995 2676 1066 μαθητῶν,
2726 989 2881 1057 εἶπεν,
2942 991 3238 1045 ’Δκολούθει
3285 1009 3396 1061 μοι,
3465 990 3847 1060 σταυροῦμινος

2246 1088 2336 1134 καὶ
2366 1083 2519 1143 αὐτὸς
2548 1082 2661 1151 (55)
2694 1076 2953 1144 δηλονότι,
2993 1084 3083 1131 καὶ
3125 1082 3213 1131 τὸν
3239 1075 3351 1130 ἶσον
3383 1079 3598 1130 θάνατον
3630 1074 3843 1146 ὑφιστά-

2245 1190 2413 1243 μενος.

2320 1261 2689 1333 Ἐπιστραφεὶς
2768 1289 2838 1299 -
2914 1256 3296 1310 ἀκολουθοῦντα
3344 1251 3675 1327 [Βαδίζοντα
3740 1251 3849 1322 (56)

2247 1348 2417 1400 ὀπίσω
2472 1355 2564 1399 τοῦ
2618 1350 2810 1417 Πέτρου
2847 1348 3046 1416 ’ἔτυχε
3087 1347 3189 1418 γὰρ
3246 1348 3362 1396 τότε
3409 1342 3637 1400 πλησίον
3699 1340 3859 1392 αὐτοῦ

2246 1455 2339 1511 περ
2348 1435 2591 1508 ιπατῶν.]

2314 1524 2411 1585 ⁸ος
2466 1529 2651 1575 καὶ-
2692 1540 2787 1587 σε;
2820 1523 2900 1575 Ἐν
2953 1529 3026 1592 τῷ
3087 1518 3280 1592 δείπνῳ
3319 1527 3390 1589 τῷ
3438 1526 3711 1591 μυστικῷ,
3767 1537 3861 1568 κα-

2250 1615 2345 1673 θὼς
2376 1610 2480 1663 ἐκεῖ
2523 1608 2840 1669 δεδήλωται.
2893 1611 3306 1682 Ἀναμιμνήσκει
3359 1604 3419 1659 δε
3460 1609 3601 1678 ἡμᾶς
3662 1608 3864 1665 ἐκείνης

2246 1710 2339 1763 τῆς
2391 1700 2746 1761 κατακλίσεως
2784 1719 2839 1751 τε
2872 1704 2961 1750 καὶ
3019 1696 3334 1769 ἐρωτήσεως,
3390 1692 3598 1757 δεικνὺς
3654 1697 3790 1750 ὅσην
3837 1696 3867 1744 ο

2248 1794 2434 1863 Πέτρος
2494 1788 2793 1863 παρρησίαν
2850 1790 2979 1858 ἔσχε
3026 1789 3159 1856 μετὰ
3210 1790 3298 1844 τήν
3364 1784 3449 1837 ἐπὶ
3511 1791 3575 1855 τῇ
3642 1782 3866 1857 ἀρνήσει

2246 1880 2542 1951 μετάνοιαν.
2584 1876 2643 1929 Ὀ
2683 1880 2785 1949 γὰρ
2817 1880 2932 1928 τότε
2959 1880 3031 1948 μὴ
3073 1874 3271 1946 τολμῶν
3302 1876 3583 1945 ἐρωτῆσαι,
3624 1871 3763 1923 ἀλλα
3793 1878 3867 1939 τῷ

2246 1969 2565 2038 ἠγαπημένῳ
2594 1966 2926 2038 χρησάμενος
2964 1963 3036 2026 εἰς
3074 1970 3249 2029 τοῦτο,
3281 1962 3430 2023 οὗτος
3460 1961 3518 2012 οὐ
3559 1965 3724 2033 μόνον
3772 1964 3865 2016 τήν

2247 2058 2575 2127 προστασίαν
2607 2053 2883 2111 ἐπιστεύθη
2911 2061 3011 2105 τῶν
3050 2047 3303 2123 ἀδελφῶν,
3337 2048 3465 2102 ἀλλὰ
3491 2054 3583 2101 καὶ
3620 2054 3745 2122 περὶ
3776 2056 3869 2100 τοῦ

486 2144 732 2200 missam
760 2143 1001 2214 accepit,
1028 2159 1227 2197 verum
1258 2144 1433 2198 etiam
1463 2144 1538 2198 de
1558 2143 1753 2198 dilecti
1777 2148 1934 2199 statu
1960 2143 2138 2199 conﬁ-

486 2234 695 2290 denter
722 2231 1061 2300 interrogat.

556 2317 720 2371 Vers.
752 2318 839 2369 2t.
873 2314 1052 2369 Hunc
1084 2344 1152 2355 --
1184 2312 1331 2383 quid
1360 2313 1388 2366 ?
1416 2312 1572 2367 Num
1605 2318 1661 2368 et
1688 2314 1815 2385 ipse
1847 2317 1902 2370 te
1933 2329 2141 2385 seque-

2248 2143 2588 2213 ἠγαπημένου
2621 2140 2906 2216 θαρραλέως
2927 2139 3111 2214 ἐρωτᾷ.

2320 2323 2513 2369 Τοῦτον
2559 2347 2625 2357 —
2682 2320 2771 2382 τί;
2805 2315 2918 2368 Οὐκ
2958 2315 3301 2371 ἀκολουθήσει
3347 2330 3471 2379 σοι;
3504 2314 3565 2365 οὐ
3621 2319 3727 2371 τήν
3780 2313 3877 2365 αὖ,

2253 2409 2344 2463 τήν
2395 2407 2520 2477 ἡμῖν
2577 2400 2698 2457 ὁδὸν
2746 2411 2838 2456 τοῦ
2888 2405 3109 2455 θανάτου
3160 2399 3478 2475 βαδιεῖται;
3521 2401 3629 2472 οὐχ
3687 2403 3878 2472 ὁμοίως

2255 2491 2625 2559 ἀποθανεῖται;
2662 2500 2852 2551 Συνῆκε
2901 2494 3003 2563 γὰρ
3055 2495 3108 2543 τί
3178 2486 3446 2547 ὑπεδήλου
3505 2492 3564 2541 τὸ
3625 2490 3877 2542 Ἀκολούσ

2253 2583 2328 2634 θει
2375 2600 2483 2653 μοι,
2558 2586 2647 2633 καὶ
2709 2576 2915 2652 σφόδρα
2972 2578 3129 2651 φιλῶν
3180 2582 3267 2630 τὸν
3321 2579 3568 2634 Ἰωάννην
3634 2577 3883 2630 ἐϐούλετο

2251 2673 2491 2722 κοινωνὸν
2550 2668 2705 2721 αὐτὸν
2766 2675 2859 2719 τοῦ
2914 2671 3033 2719 ἴσου
3106 2668 3328 2719 θανάτου
3397 2664 3594 2730 λαϐεῖν,
3650 2672 3749 2718 καὶ
3813 2668 3882 2726 ὡς

2251 2764 2343 2809 τοῦ
2407 2758 2645 2809 Ἰωάννου
2697 2760 2769 2827 μὴ
2823 2755 3113 2826 τολμῶντος
3186 2751 3399 2827 ἐρωτᾷν,
3470 2752 3628 2815 αὐτὸς
3681 2752 3873 2827 ἐρωτᾷ,

2252 2850 2342 2897 καὶ
2389 2849 2483 2903 τήν
2544 2843 2765 2917 ἀμοιϐὴν
2830 2839 3156 2896 ἀποδίδωσι.
3226 2847 3291 2894 Τί
3356 2838 3443 2893 οὖν
3501 2843 3526 2892 ὁ
3590 2848 3877 2913 Χριστός

487 2410 581 2462 tur
604 2404 633 2458 ?
648 2419 794 2458 num
814 2401 1091 2456 eamdem
1110 2400 1426 2456 nobiscum
1449 2401 1656 2456 mortis
1677 2401 1777 2457 via
1796 2402 2098 2471 gradietur
2113 2402 2139 2456 ?

485 2509 634 2550 num
665 2488 929 2547 similiter
952 2489 1237 2546 morietur
1266 2489 1294 2544 Ὺ
1323 2489 1628 2561 Siquidem
1658 2490 1960 2557 intellexit,
1994 2492 2141 2562 quid

487 2580 793 2650 innuisset,
850 2579 1054 2634 dicens
1109 2596 1120 2633 :
1175 2579 1428 2649 Sequere
1478 2594 1612 2644 me;
1652 2594 1912 2652 cumque
1958 2578 2144 2635 Joan-

486 2685 625 2725 nem
663 2668 1045 2724 vehementer
1087 2672 1335 2731 amaret,
1386 2666 1670 2739 cupiebat
1710 2683 1849 2723 eum
1895 2668 2141 2740 aequalis

486 2756 695 2813 mortis
726 2771 1033 2811 assumere
1068 2759 1403 2810 consortem
1433 2774 1445 2811 :
1476 2760 1532 2811 et
1580 2763 1869 2827 tanquam
1910 2757 2142 2812 Joanne

485 2846 850 2913 interrogare
872 2859 991 2899 non
1016 2843 1292 2911 audente,
1314 2843 1442 2915 ipse
1465 2843 1805 2913 interrogat,
1830 2844 2141 2915 vicemque

487 2933 777 3005 rependit.
803 2932 950 2998 Quid
983 2947 1125 3002 ergo
1150 2932 1411 2987 Christus
1430 2933 1458 2988 ?
1490 2932 1795 2988 Privatum
1821 2936 2141 3005 amputans

2255 2935 2549 2985 Ἐκκὸπτων
2620 2939 2713 2990 τήν
2770 2936 2988 3004 μερικὴν
3043 2930 3237 3003 φιλίαν,
3292 2935 3383 2983 καὶ
3446 2927 3726 2982 παιδεύων
3780 2950 3881 3002 μηδ

489 3020 791 3084 affectum,
826 3036 895 3074 ac
927 3020 1224 3073 instruens
1256 3020 1405 3076 nihil
1434 3020 1676 3075 ulterius
1704 3036 1834 3075 esse
1874 3036 2141 3091 perscru-

2256 3019 2340 3074 δέν
2392 3022 2508 3093 (57)
2563 3024 2847 3095 περαιτέρω
2913 3019 3386 3094 πολυπραγμονεῖν,
3456 3024 3546 3069 καὶ
3601 3020 3874 3090 ἐμφαίνων

489 3108 762 3173 tandum,
806 3106 1062 3162 ostendit
1115 3107 1279 3163 vario
1342 3108 1513 3164 modo
1557 3107 1937 3180 disponenda
1989 3123 2141 3174 esse,

2254 3111 2333 3161 ὃτι
2415 3106 2675 3181 διαφόρως
2732 3110 2797 3161 τὰ
2882 3110 2995 3160 κατ’
3073 3106 3261 3168 αὐτοὺς
3334 3106 3874 3177 οἱκονομηθήσονται,

487 3211 624 3267 quae
651 3194 780 3250 illos
808 3194 1240 3264 contingerent.

2255 3218 2323 3271 φη
2332 3202 2413 3250 σίν
2443 3197 2559 3267 (58)
2595 3218 2608 3230 ³

560 3285 602 3353 -ι-
633 3281 781 3338 Cum
813 3282 1076 3338 audisset
1109 3283 1313 3338 Petrus
1355 3283 1442 3355 (ut
1488 3282 1736 3353 quidam
1776 3282 1963 3353 aiunt)
1998 3283 2166 3355 quod
2196 3300 2305 3356 pro
2336 3284 2568 3341 Christo
2615 3288 2765 3341 esset
2804 3282 3154 3349 moriturus,
3196 3282 3346 3339 dixit
3403 3301 3417 3338 :
3457 3285 3520 3338 Et
3573 3284 3867 3346 Joannes,

489 3371 636 3442 quid
664 3372 692 3427 ?
712 3386 859 3426 num
891 3376 944 3426 et
966 3371 1095 3442 ipse
1127 3372 1449 3427 moriturus
1483 3377 1573 3427 est
1602 3371 1631 3425 ‘i’
1652 3371 1920 3427 Christus
1951 3377 2154 3427 autem
2188 3373 2248 3429 id
2292 3375 2533 3446 quidem
2565 3389 2688 3429 non
2719 3372 2956 3444 negavit
2983 3388 2997 3439 ;
3043 3386 3187 3428 nam
3237 3370 3515 3444 quisquis
3545 3376 3737 3427 natus
3762 3378 3871 3440 est,

490 3460 663 3515 etiam
715 3458 1040 3515 morietur:
1086 3459 1190 3514 sed
1240 3459 1322 3514 ait
1366 3460 1458 3515 :Si
1509 3476 1642 3515 eum
1686 3458 1865 3515 velim
1908 3475 2145 3516 manere
2176 3477 2368 3534 usque
2408 3462 2485 3519 ad
2512 3461 2723 3516 mundi
2763 3459 3378 3524 consummationem,
3408 3464 3465 3516 et
3495 3464 3631 3515 tunc
3664 3458 3745 3515 de
3776 3475 3876 3514 me

490 3547 803 3614 testiﬁcari,
828 3547 974 3618 quid
1015 3547 1092 3604 ad
1129 3552 1181 3603 te
1207 3549 1235 3603 ?
1273 3549 1486 3603 Dicunt
1516 3548 1737 3621 itaque,
1769 3563 1907 3603 eum
1937 3549 2151 3613 vivere,
2185 3554 2240 3605 et
2281 3550 2396 3605 sub
2426 3549 2786 3606 Antichristo
2817 3548 3211 3605 occidendum
3238 3564 3378 3604 cum
3409 3548 3531 3604 Elia
3555 3552 3612 3603 et
3637 3548 3871 3615 Enoch,

489 3637 915 3709 praedicantem
932 3636 1245 3693 Christum.
1268 3637 1434 3704 Quod
1463 3639 1509 3692 si
1532 3643 1989 3694 monumentum
2023 3638 2153 3710 ejus
2182 3638 2552 3704 ostendatur,
2577 3636 2725 3711 quid
2755 3638 2894 3693 inde
2922 3635 2952 3692 ?
2976 3637 3162 3693 Vivus
3182 3651 3448 3708 namque
3472 3635 3614 3691 illud
3642 3636 3876 3707 ingres-

490 3740 594 3780 sus
632 3728 738 3791 est,
780 3724 995 3780 deinde
1035 3726 1376 3791 translatus,
1410 3725 1930 3798 quemadmodum
1962 3728 2141 3782 etiam
2182 3727 2375 3782 Enoch
2415 3732 2470 3784 et
2507 3727 2682 3783 Elias.
2726 3726 2939 3782 Evertit
2987 3726 3189 3797 itaque
3226 3723 3593 3797 evangelista
3652 3724 3867 3781 falsam

487 3812 717 3868 illorum
746 3813 1109 3884 opinionem,
1145 3814 1243 3885 qui
1274 3814 1637 3880 existimant,
1673 3830 1793 3869 non
1818 3830 1949 3870 esse
1985 3815 2341 3871 moriturum
2370 3815 2533 3870 hunc
2558 3814 2924 3887 discipulum
2954 3829 3137 3870 :nam
3162 3814 3245 3870 ita
3276 3812 3497 3870 falsum
3526 3816 3640 3877 est,
3672 3814 3875 3870 homi-

486 3916 627 3956 nem
671 3900 939 3957 videlicet
979 3917 1110 3957 esse
1142 3902 1563 3958 immortalem.
1609 3906 1754 3958 Nam
1801 3902 1908 3958 etsi
1956 3902 2157 3959 Enoch
2211 3908 2266 3958 et
2323 3902 2481 3958 Elias
2524 3918 2646 3959 non
2687 3902 2802 3958 sint
2854 3901 3090 3967 mortui,
3126 3906 3267 3957 sunt
3301 3905 3501 3957 tamen
3551 3902 3863 3957 mortales.

487 3989 573 4043 Ita
602 4004 743 4058 ergo
784 3993 837 4044 et
863 3989 980 4057 hic,
1013 4006 1366 4061 quanquam
1396 3996 1664 4045 mortuus
1694 4004 1814 4045 non
1848 3990 1939 4054 sit,
1989 3993 2253 4046 attamen
2302 3991 2607 4047 morietur.
2665 3987 2901 4046 Falsum
2933 3989 3133 4062 itaque
3162 3993 3252 4046 est
3281 3988 3449 4061 quod
3475 4003 3598 4044 non
3640 3990 3867 4046 moria-

487 4081 584 4131 tur
613 4093 626 4142 ;
655 4078 736 4133 sic
775 4078 1134 4133 intellectum
1176 4078 1338 4150 quod
1381 4079 1654 4134 videlicet
1681 4077 1753 4133 sit
1792 4079 2173 4134 immortalis.
2213 4079 2320 4134 Alii
2348 4084 2548 4136 autem
2576 4078 2904 4141 afﬁrmant,
2927 4077 3095 4150 quod
3129 4082 3403 4133 mortuus
3431 4077 3526 4140 sit,
3561 4082 3619 4132 et
3644 4077 3868 4134 dictum

486 4164 632 4220 illud
667 4181 678 4219 :
712 4164 772 4218 Si
799 4180 931 4220 eum
973 4167 1149 4221 velim
1186 4182 1445 4232 manere,
1480 4167 1666 4223 donec
1696 4167 1951 4231 veniam,
1996 4166 2346 4238 intelligunt,
2409 4169 2570 4240 quod
2624 4181 3008 4223 remansurus
3060 4171 3188 4223 erat
3233 4166 3295 4221 in
3339 4165 3551 4221 Judma
3600 4166 3865 4222 Joannes

486 4253 680 4309 donec
710 4252 930 4309 veniret
950 4253 1218 4309 Christus
1250 4260 1457 4309 contra
1490 4254 1751 4320 Judaeos,
1787 4270 2177 4327 percussurus
2205 4272 2301 4312 eos
2332 4271 2438 4328 per
2464 4271 2677 4311 manus
2708 4257 3142 4319 Romanorum,
3176 4258 3235 4310 et
3263 4253 3345 4310 ita
3365 4252 3605 4309 Petrum
3632 4256 3867 4310 aJoano

482 4358 556 4398 ne
589 4342 1018 4414 separandum,
1054 4346 1115 4398 ut
1144 4341 1323 4398 etiam
1362 4342 1573 4414 majori
1620 4342 1807 4399 fructu
1857 4343 2108 4399 diversis
2157 4344 2301 4400 locis
2346 4343 2752 4415 praedicarent.
2805 4345 3026 4400 Omnes
3067 4341 3247 4412 igitur
3292 4341 3608 4414 opiniones
3656 4342 3862 4399 retuli-

481 4447 638 4500 mus,
672 4436 732 4486 ut
760 4431 973 4486 harum
1000 4448 1195 4487 rerum
1228 4431 1474 4487 studiosi
1504 4431 1731 4488 nullam
1757 4433 2120 4502 ignorarent.
2165 4432 2274 4497 Qui
2324 4437 2526 4488 autem
2576 4432 2799 4495 dicunt,
2854 4445 2983 4486 eum
3034 4446 3169 4486 esse
3222 4434 3547 4495 mortuum,
3603 4429 3667 4485 in
3697 4430 3858 4486 hunc

486 4520 735 4575 modum
770 4518 1028 4574 referunt
1060 4536 1070 4572 :
1108 4519 1420 4587 Foderunt,
1455 4520 1750 4592 inquiunt,
1787 4520 2039 4585 foveam,
2074 4526 2131 4575 et
2162 4520 2224 4576 in
2251 4535 2399 4592 gyro
2441 4526 2772 4592 posuerunt
2805 4517 3037 4591 lapides
3066 4539 3082 4575 :
3116 4517 3335 4575 deinde
3361 4517 3529 4574 illum
3560 4516 3641 4573 ibi
3673 4518 3858 4574 demi-

487 4610 707 4672 serunt,
742 4623 809 4662 ac
833 4613 1215 4678 operuerunt.
1252 4611 1387 4663 Post
1411 4607 1639 4680 aliquot
1668 4614 1871 4664 autem
1891 4609 2019 4665 dies
2071 4609 2309 4665 scrutati
2342 4615 2477 4664 sunt
2505 4608 2742 4665 foveam
2793 4608 2982 4679 illam,
3027 4612 3084 4663 et
3137 4622 3264 4663 eum
3304 4622 3429 4663 non
3480 4606 3850 4662 invenerunt.

483 4697 722 4762 Verum,
759 4695 903 4767 quia
934 4712 1071 4752 eum
1100 4696 1213 4751 illic
1241 4695 1668 4767 deposuerunt,
1701 4696 1905 4753 dicunt
1934 4713 2076 4753 eum
2105 4697 2287 4753 fuisse
2318 4702 2645 4753 mortuum.

561 4786 716 4839 Vers.
748 4786 834 4838 22.
867 4784 966 4840 Ait
998 4816 1065 4825 —
1093 4791 1145 4841 te
1171 4786 1199 4840 ?
1227 4784 1288 4839 Si
1322 4800 1459 4840 eum
1510 4784 1686 4840 velim
1729 4785 1789 4839 in
1818 4784 1965 4840 vivis
2009 4800 2141 4843 ma-

2322 4791 2469 4858 Λίγει
2520 4817 2587 4826 -—-
2638 4804 2739 4854 ac;
2772 4785 2892 4837 Ἐὰν
2945 4782 3100 4836 αὐτὸν
3149 4782 3275 4837 θέλω
3323 4787 3488 4855 μένειν
3549 4782 3720 4843 ζῶντα
3767 4784 3854 4841 ἕως

1722 4962 1952 5031 Variae
1980 4963 2308 5033 lectiones
2347 4972 2413 5031 et
2441 4972 2642 5030 notae.

573 5180 671 5241 53)
698 5184 850 5241 Λέγει
882 5186 943 5234 Α.
2322 5186 2437 5241 (57)
2463 5180 2618 5241 Μηδί
2645 5186 2711 5240 Α.

552 5181 1098 5340 apud
1141 5254 1341 5334 Patres
1382 5254 1608 5333 Graecos
1639 5258 1806 5340 notat
1819 5253 2141 5340 .episco‘pa-
2782 5256 3103 5340 Hentenius
3132 5257 3489 5340 exyargine
3518 5253 3610 5340 sui
3639 5254 3866 5340 codicis

481 5327 630 5403 turn.
682 5323 847 5377 Himc
902 5323 1062 5378 enim
1115 5324 1373 5392 primum
1417 5323 1768 5396 episcopum
1813 5323 1999 5381 fuisse
2032 5323 2142 5383 t'ra-
2253 5323 2995 5403 addiditschglium_,quod
3014 5323 3867 5403 hicsubjecti.Similialegun-

481 5392 663 5479 άίῖιέζξ
702 5469 738 5479 υ
786 5467 795 5477 _
878 5463 891 5479 ,
941 5467 950 5477 ,
1271 5467 1283 5479 ι
1454 5392 1471 5396 ”
1623 5392 1641 5396 ”
2255 5404 2349 5479 tur
2397 5392 2907 5479 apudﬁ‘heophjl.
2946 5414 3005 5471 p.
3037 5392 3329 5479 84_7_._A.'et
3357 5400 3418 5455 in
3450 5392 3865 5479 epistolam-

702 5463 980 5524 Καὶαὖτός
1009 5466 1224 5521 omittit
1255 5467 1322 5520 A.
2057 5538 2067 5548 '
2252 5462 2475 5525 chaeli's
2524 5462 2767 5539 Glycas,’
2803 5462 2991 5541 quam
3039 5469 3197 5526 edidi
3253 5486 3394 5527 cum
3450 5462 3742 5533 Isocratis,
3801 5482 3859 5538 ρ.

581 5536 646 5587 ο9
702 5532 934 5604 Inclusa
973 5534 1272 5590 absuntA.
1306 5539 1525 5591 Horum
1549 5540 1751 5591 autem
1773 5535 1906 5593 loco
1929 5538 2094 5593 addit
2127 5555 2140 5594 :
2253 5541 2345 5595 48.
2387 5543 2567 5604 Mosq.
2596 5540 2751 5604 1776,
2780 5543 2829 5594 8.
2865 5540 3079 5599 Confer
3102 5541 3269 5600 etiam
3289 5540 3488 5598 Areth.
3518 5539 3599 5597 ad
3618 5536 3859 5604 Apocal.

581 5532 669 5604 59)
702 5532 934 5611 Inclusa
973 5534 1272 5611 absu_n_tA_.
1306 5539 1525 5591 Horum
1549 5540 1751 5591 autem
1773 5535 1906 5611 loco
1929 5538 2094 5593 addit
2127 5555 2140 5594 :
2253 5541 2345 5595 48.
2387 5543 2567 5611 Mosq.
2588 5532 2751 5606 1776,
2780 5532 2841 5594 8Ῑ
2865 5540 3079 5599 Confer
3102 5541 3269 5600 etiam
3289 5540 3488 5598 Areth.
3518 5532 3860 5611 ad

508 5601 683 5673 Ετυχε
737 5601 1033 5675 βαδίζοντα
1065 5606 1193 5678 (sic)
1247 5608 1416 5659 ὀπίσω
1465 5614 1555 5659 τοῦ
1610 5610 1829 5680 Πέτρου,
1882 5607 2139 5664 ἀνέπεσε-ν.
2252 5628 2305 5682 p.
2339 5612 2437 5665 ’741
2471 5601 2534 5664 Δί
