4130 6320
264 324 397 379 1501

1242 319 1613 378 COMMENT.
1655 320 1725 375 IN
1759 317 2108 375 JOANNEM.
2149 346 2220 359 --
2256 317 2415 372 CAP.
2456 319 2602 374 XXI.

3493 319 3637 377 1502

263 449 486 523 ἔρχομαι
514 452 651 504 κατά
677 454 772 509 τὴν
802 445 1047 522 δευτέραν
1076 467 1178 521 μου
1206 451 1521 522 παρουσίαν,
1562 448 1613 498 τί
1642 447 1773 520 πρὸς
1804 447 1861 497 σὲ

2002 458 2110 498 iere
2157 441 2347 498 donec
2392 443 2657 500 secundo
2710 444 2969 502 adventu
3022 445 3282 512 veniam,
3341 447 3492 520 quid
3546 446 3631 504 illi

259 555 428 590 κοινον
449 554 464 605 ;

332 630 398 678 Σὺ
429 626 695 680 ἀκολούθει
722 646 836 700 μοι.
876 629 942 679 Σὺ
970 628 1058 678 τὸν
1093 628 1183 677 σὸν
1216 626 1431 677 θάνατον
1463 628 1667 690 σκόπει,
1698 618 1863 694 μηδὲν

259 718 349 767 τὸν
379 716 568 768 ἐκείνου
594 718 1082 788 περιεργαζόμενος.

333 803 567 865 Ἐξῆλθεν
599 834 667 843 -
698 800 972 876 ἀδελφούς.
1003 808 1154 862 Ποίος
1177 800 1325 873 λόγος
1353 820 1367 871 ;

330 892 451 945 Ὀτι
503 923 569 934 -
616 890 958 950 ἀποθνήσκει.
1008 889 1161 951 Εἰκὸς
1201 893 1303 963 γὰρ
1347 887 1612 949 κάκείνους
1664 887 1867 941 ἀκούειν
1905 910 1914 918 ·

262 980 453 1053 οἱπρὸς
500 984 586 1034 τὸν
632 984 822 1055 Πέτρον
872 978 1187 1055 ὶῤῥήθησαν.
1220 979 1545 1050 Διεφημὶσθη
1607 973 1667 1029 δὲ
1714 979 1739 1029 ὁ
1787 977 1869 1029 λό-

260 1089 349 1141 γος
378 1069 541 1135 οὗτος,
596 1072 760 1141 ἤγουν
803 1069 918 1141 (59)
948 1069 1029 1120 ὅτι
1073 1067 1168 1120 οὐκ
1225 1065 1562 1131 ἀποθνήσκει,
1626 1070 1690 1127 ὡς
1743 1066 1871 1119 πλα-

260 1160 510 1217 νηθέντων
594 1157 785 1225 αὐτῶν,
866 1161 956 1209 καὶ
1032 1160 1105 1229 μὴ
1169 1159 1567 1231 συνεωρακότων
1638 1158 1725 1207 τὸν
1779 1162 1870 1206 τοῦ

261 1247 413 1319 λόγου
492 1250 710 1300 σκοπόν.
794 1242 922 1299 Εἶτα
1010 1241 1318 1317 διορθοῦται
1383 1248 1475 1302 τήν
1552 1242 1870 1316 ἐσφαλμένην

258 1337 457 1409 μεμην-

336 1428 438 1477 Καὶ
463 1454 531 1463 -
564 1425 622 1475 σέ
642 1439 656 1489 ;
676 1420 841 1495 Ὀπερ
870 1420 930 1473 οῦ
961 1416 1118 1477 δηλοῖ
1144 1420 1226 1471 ὅτι
1255 1419 1349 1470 οῦκ
1381 1418 1721 1491 ἀποθνήσκει,
1764 1419 1873 1473 ἀλλο

262 1512 428 1584 ἕτερον
459 1513 572 1583 ἔχει
601 1513 814 1573 σκοπόν,
845 1512 914 1570 ὡς
942 1511 1270 1583 προείρηται.
1302 1512 1391 1569 Τίς
1428 1507 1516 1559 οὗν
1543 1507 1873 1562 ὑπολείπεται

259 1599 413 1671 λόγος
468 1605 581 1661 τοῖς
623 1597 993 1666 ἐνισταμένοις,
1042 1597 1125 1648 ὅτι
1170 1596 1228 1648 οὐ
1272 1597 1533 1662 τέθνηκεν,
1587 1596 1743 1649 αὐτοῦ
1802 1595 1868 1656 δή

259 1690 444 1743 τούτου
474 1682 772 1762 διαρρήδην
805 1684 1035 1758 βοῶντος
1061 1686 1141 1737 ὅτι
1167 1684 1459 1737 πλανῶνται
1485 1687 1535 1737 οἱ
1564 1692 1717 1737 τοῦτο
1746 1687 1871 1738 ὑπο-

258 1775 609 1849 λαμϐάνοντες
639 1792 653 1842 ;

334 1865 499 1925 Οὗτος
539 1894 610 1906 -
667 1862 846 1916 αὐτοῦ.
904 1865 1005 1915 Καὶ
1057 1857 1292 1933 οἴδαμεν,
1364 1860 1414 1913 οἱ
1477 1858 1668 1922 εἰδότες
1718 1861 1874 1945 αὐτὰ,

260 1956 339 2007 ὅτι
393 1953 593 2013 ἀληθῶς
647 1958 919 2026 μαρτυρεῖ.
976 1954 1217 2002 Φαίνεται
1281 1951 1384 2024 γὰρ
1442 1951 1524 2002 ὅτι
1589 1955 1679 2003 καὶ
1730 1950 1876 2003 ἄλλοι

261 2050 433 2095 ταῦτα
469 2041 767 2113 ἐγίνωσκον.
822 2039 907 2099 Ὡς
956 2035 1043 2090 οὖν
1077 2035 1285 2110 σφόδρα
1337 2037 1537 2113 θαρῥῶν
1562 2046 1625 2111 τῇ
1661 2038 1877 2112 ἀληθείᾳ

261 2136 417 2185 τοῦτό
450 2148 628 2202 φησιν.
665 2134 833 2199 Ἔγνω
878 2129 979 2199 γὰρ
1011 2128 1092 2178 ὅτι
1134 2123 1276 2189 δόξει
1304 2132 1446 2179 τισὶν
1490 2130 1619 2190 ἴσως
1668 2128 1877 2181 ὕποπτα

258 2220 443 2291 λέγειν,
481 2214 574 2270 διὰ
603 2219 661 2269 τὸ
692 2220 764 2289 μή
792 2217 1210 2288 μνημονευθῆναι
1230 2222 1393 2268 ταῦτα
1413 2217 1556 2291 παρά
1586 2224 1686 2268 τῶν
1711 2216 1873 2269 ἄλλων

262 2306 665 2380 εὖαγγελιστῶν.

330 2485 492 2539 Ἐστι
522 2477 581 2534 δὲ
605 2511 674 2523 —
704 2481 730 2532 ό
756 2480 982 2541 Ἰησοῦς.
1017 2478 1204 2553 [Τοῦτο
1232 2480 1346 2549 (60)
1375 2485 1465 2532 καὶ
1497 2479 1732 2553 ἀνωτέρω
1757 2484 1874 2552 περὶ

259 2582 362 2626 τῶν
399 2574 631 2643 σημείων
655 2565 839 2640 εἷπεν.]

331 2661 522 2714 Ἀτινα
547 2687 619 2699 -
645 2655 848 2729 βιϐλία.
881 2655 982 2729 [Οὐ
1013 2656 1125 2727 (61)
1175 2662 1341 2728 χωρεὶ
1374 2652 1433 2707 δὲ
1482 2654 1616 2708 αὐτὰ
1664 2657 1689 2707 ό
1740 2655 1875 2729 εἰρη-

260 2755 414 2825 μένος
444 2752 665 2818 κόσμος,
697 2750 788 2798 καὶ
815 2744 934 2797 καθ’
960 2744 1128 2817 ἕτερον
1145 2744 1313 2816 λόγον,
1346 2744 1405 2795 οὗ
1438 2739 1531 2796 διὰ
1552 2745 1662 2815 (62)
1684 2744 1876 2805 πλῆθος

262 2836 718 2909 συγγραμμάτων,
760 2832 887 2885 ἀ)λά
939 2830 1033 2885 διὰ
1082 2834 1297 2905 μέγεθος
1346 2834 1661 2906 πραγμάτων
1697 2853 1710 2865 ·
1753 2828 1876 2884 οὐδὲ

257 2933 426 2997 τόπῷ,
456 2923 585 2977 ἀλλά
603 2921 825 2997 τρόπῳ.]

339 3015 453 3068 Καθ
514 3009 802 3084 ὑπερϐολὴν
868 3012 894 3061 ό
956 3009 1123 3081 λόγος,
1195 3008 1451 3082 ἐμφαίνων
1502 3014 1596 3068 τήν
1654 3006 1878 3079 ὑπερϐο-

260 3106 359 3163 λήν
430 3108 522 3153 τοῦ
604 3099 836 3161 πλήθους
913 3106 1013 3150 τῶν
1087 3102 1457 3171 πεπραγμένων
1527 3106 1599 3169 τῷ
1680 3100 1874 3172 Κυρίῳ.

263 3200 515 3266 Χρῶνται
570 3185 628 3241 δε
679 3195 752 3258 τῷ
802 3187 941 3258 λόγῷ
998 3195 1093 3249 τῆς
1150 3186 1440 3260 ὑπερϐολῆς
1494 3192 1583 3238 καὶ
1630 3186 1680 3238 οἰ
1746 3186 1878 3258 γρά-

266 3297 470 3354 φοντες,
534 3282 623 3329 καὶ
690 3279 737 3329 οἱ
793 3276 1041 3347 λέγοντες,
1103 3277 1223 3327 ὃταν
1280 3274 1565 3348 ὑπερϐολήν
1640 3277 1881 3345 πράγμα-

266 3389 358 3431 τος
390 3374 739 3441 παραστῆσαι
779 3362 1133 3436 βουληθωσιν.
1177 3363 1339 3423 Οὗτος
1395 3361 1455 3416 δὲ
1502 3367 1591 3416 καὶ
1612 3366 1668 3415 τό
1718 3360 1882 3435 Οἶμαι

266 3457 518 3533 προσθεὶς
571 3452 785 3506 ἐκόλασε
832 3457 925 3510 τήν
980 3450 1291 3527 ὑπερϐολήν,
1337 3456 1425 3504 καὶ
1472 3452 1882 3527 παρεμυθήσατο

267 3549 331 3599 τὸ
361 3540 550 3596 δοκοῦν
581 3541 850 3606 ἀπίθανον,
900 3537 1177 3598 ὑποδηλῶν
1228 3542 1305 3592 ὅτι
1349 3537 1443 3592 διὰ
1488 3543 1546 3592 τό
1576 3540 1885 3612 παμπληθὲς

270 3633 446 3687 αὐτῶν
521 3634 720 3704 εἰρηκεν
780 3629 935 3683 οὕτω.
1017 3634 1118 3681 Καὶ
1192 3628 1323 3680 ἄλλα
1389 3632 1481 3701 μὲν
1561 3625 1649 3680 οὖν
1724 3628 1887 3680 πο).λά

270 3722 538 3787 ἐποίησεν,
590 3721 655 3779 ὡς
684 3720 850 3771 πάντα
898 3714 1212 3790 δυνάμενος·
1245 3713 1431 3791 ῥᾴδιον
1479 3720 1580 3790 γὰρ
1632 3716 1771 3787 αὐτῷ
1827 3720 1885 3768 τό

269 3815 439 3863 ποιεῖν
483 3812 512 3866 ἤ
591 3809 715 3879 ἡμῖν
767 3810 826 3858 τὸ
882 3806 1087 3878 λέγειν·
1158 3810 1291 3879 μόνα
1345 3803 1404 3857 δὲ
1466 3805 1769 3879 ἐγράφησαν
1825 3808 1889 3858 τὰ

271 3899 405 3972 πρὸς
466 3895 726 3949 εὐσέϐειαν
787 3899 876 3947 καὶ
927 3899 1106 3947 πίστιν
1164 3899 1544 3968 χρησιμώτερα
1594 3899 1685 3946 καὶ
1734 3894 1888 3966 ἀναγ-

274 3989 542 4060 καιότερα,
626 3983 783 4037 ἐκεῖνο
860 3991 961 4036 τῶν
1030 3987 1465 4058 συγγεγραφότων
1533 3982 1649 4054 (63)
1724 3986 1886 4042 ἐννοη-

278 4075 503 4141 σάντων,
549 4076 618 4135 ὡς
666 4074 693 4125 ό
732 4077 802 4144 μή
858 4078 964 4133 τοῖς
1015 4079 1263 4146 γραφεῖσι
1304 4074 1562 4123 πιστεύων
1616 4068 1738 4124 οὐδὲ
1785 4079 1889 4133 τοῖς

276 4161 486 4216 πλείοσι
528 4161 790 4235 προσέξει.
836 4159 895 4213 ⁸0
952 4158 1011 4214 δὲ
1062 4168 1225 4213 ταῦτα
1283 4156 1554 4232 δεξάμενος
1602 4160 1781 4232 ἐτέρων
1830 4161 1888 4213 οὗ

280 4247 378 4308 dm
388 4252 623 4308 θήσεται.

358 4431 559 4480 Γένοιτο
599 4424 658 4479 δε
714 4428 872 4498 ἡμᾶς,
933 4426 1158 4487 τελείους
1207 4427 1525 4497 θεραπευτὰς
1570 4432 1666 4486 τῆς
1710 4445 1889 4478 παντε·

278 4516 421 4568 λείου
480 4511 707 4587 Τριάδος
762 4512 1121 4586 ἀναφανέντας,
1187 4512 1364 4584 ἀγαθῷ
1443 4513 1573 4566 τέλει
1627 4513 1894 4567 κατακλεῖ-

287 4622 381 4656 σαι
408 4605 518 4674 (64)
549 4605 637 4654 τὸν
668 4600 806 4674 βίον,
834 4601 882 4653 ἐν
926 4609 1139 4676 Χριστῷ
1179 4601 1357 4659 Ἰησοῦ
1400 4610 1473 4673 τῷ
1508 4606 1680 4673 Κυρίῳ
1725 4605 1897 4674 ἡμῶν.

282 4692 479 4764 Ἀμήν.

358 4787 443 4850 Τῷ
474 4780 589 4851 (65)
621 4778 926 4842 συντελεστῇ
976 4786 1074 4830 τῶν
1116 4776 1285 4829 καλῶν
1330 4785 1444 4849 Θεῷ
1494 4779 1672 4851 χάρις.
1730 4778 1896 4851 Ἀμήν

827 4867 980 4929 Τέλος
1009 4869 1230 4920 πάντων.

1970 535 2168 587 tecum
2202 530 2264 587 in
2292 531 2408 587 hoc
2451 548 2770 589 commune
2814 534 2955 591 est?

2044 621 2203 676 Vers.
2236 622 2324 676 22.
2362 621 2448 676 Tu
2477 638 2569 677 me
2591 636 2850 693 sequere.
2882 624 2966 678 Tu
2997 626 3163 679 tuam
3194 626 3451 680 mortem
3480 638 3629 682 con-

1974 708 2189 775 sidera,
2224 707 2369 764 nihil
2393 709 2468 765 de
2500 710 2656 767 illius
2688 715 2879 767 morte
2914 711 3306 784 investigans.

2044 797 2205 852 Vers.
2235 797 2322 853 23.
2350 798 2515 855 Exiit
2544 829 2613 841 —-
2637 800 2887 869 fratres.
2922 801 3063 865 Quis
3096 816 3291 856 sermo
3324 802 3352 856 ?

2046 886 2209 941 Vers.
2254 887 2344 942 23.
2407 887 2575 955 Quod
2624 919 2693 927 —
2738 892 3088 945 moreretur.
3151 888 3478 945 Verisimile
3538 893 3636 945 est

1976 989 2236 1045 namque
2266 980 2323 1031 et
2341 991 2445 1032 eos
2468 977 2733 1046 audisse,
2759 993 2896 1050 quae
2928 980 3093 1034 Petro
3122 976 3281 1033 dicta
3319 982 3507 1034 erant.
3542 976 3636 1033 Di-

1977 1064 2255 1137 vulgatus
2285 1071 2371 1122 est
2397 1066 2491 1121 hic
2522 1081 2741 1133 sermo,
2772 1064 3062 1131 videlicet,
3095 1065 3254 1137 quod
3285 1081 3405 1121 non
3439 1080 3633 1122 more-

1977 1164 2139 1214 retur
2173 1179 2186 1213 :
2214 1157 2360 1229 quia
2379 1155 2677 1221 errabant,
2700 1169 2811 1210 nec
2834 1154 3127 1210 sermonis
3151 1154 3635 1227 assequebantur

1979 1245 2385 1302 intentionem.
2430 1242 2652 1299 Deinde
2686 1242 2928 1313 corrigit
2955 1258 3261 1300 rumorem
3290 1258 3631 1299 erroneum.

2050 1423 2213 1476 Vers.
2238 1424 2327 1476 23.
2352 1421 2428 1475 Et
2447 1450 2517 1460 —
2543 1424 2598 1474 te
2620 1418 2648 1473 ?
2673 1418 2842 1483 Quod
2868 1432 2991 1473 non
3013 1416 3328 1487 signiﬁcat,
3352 1433 3487 1473 eum
3512 1432 3637 1474 non

1982 1510 2354 1573 moriturum,
2391 1507 2497 1562 sed
2525 1505 2709 1563 aliam
2737 1504 2921 1561 habet
2948 1505 3357 1572 intentionem,
3394 1510 3457 1562 ut
3485 1520 3634 1578 prae-

1981 1598 2209 1655 dictum
2250 1600 2353 1652 est.
2408 1594 2548 1661 Quis
2596 1609 2738 1664 ergo
2770 1593 3116 1666 relinquitur
3164 1609 3361 1650 sermo
3403 1609 3643 1651 asseve-

1982 1684 2278 1749 rantibus,
2302 1699 2440 1739 eum
2458 1698 2575 1739 non
2594 1698 2721 1737 esse
2739 1687 3065 1747 mortuum,
3086 1697 3213 1738 cum
3227 1683 3357 1753 jam
3382 1683 3640 1755 ipsemet

1906 1796 1954 1853 Β
1984 1774 2313 1830 luculenter
2325 1772 2537 1827 clamet
2549 1770 2715 1844 quod
2726 1775 2939 1836 errent,
2959 1771 3062 1844 qui
3078 1771 3193 1827 hoc
3211 1770 3589 1843 suspicantur
3601 1772 3631 1829 7

2058 1864 2219 1919 Vers.
2270 1861 2358 1916 24.
2411 1860 2776 1930 Hic—ejus.
2824 1861 2889 1915 Et
2932 1859 3164 1929 scimus,
3208 1860 3314 1933 qui
3356 1874 3427 1916 ea
3475 1860 3645 1916 novi-

1984 1968 2140 2017 mus,
2172 1950 2338 2022 quod
2380 1964 2586 2005 verum
2625 1948 2932 2020 perhibeat
2973 1948 3401 2004 testimonium.
3442 1950 3641 2022 Appa-

1983 2044 2072 2096 ret
2114 2040 2293 2103 enim,
2335 2038 2501 2110 quod
2532 2042 2586 2093 et
2638 2037 2735 2093 alii
2783 2037 2897 2093 hoc
2926 2035 3356 2107 intelligebant.
3410 2036 3634 2109 Itaque,

1985 2131 2276 2200 tanquam
2296 2126 2678 2182 vehementer
2700 2124 2883 2180 fretus
2909 2125 3167 2191 veritate,
3200 2126 3311 2181 hoc
3331 2125 3472 2181 dicit
3493 2144 3506 2179 :
3524 2128 3640 2181 No-

1986 2215 2043 2271 vi
2062 2215 2380 2289 siquidem,
2409 2214 2575 2286 quod
2592 2213 2893 2286 aliquibus
2915 2213 3208 2271 videbitur
3224 2214 3494 2271 fortassis
3509 2230 3641 2270 sus-

1984 2310 2159 2376 pecta
2182 2304 2397 2370 dicere,
2425 2318 2493 2358 eo
2515 2302 2683 2374 quod
2711 2302 2791 2358 ab
2824 2302 2955 2358 aliis
2993 2302 3376 2373 evangelistis
3417 2303 3635 2359 horum

1984 2408 2107 2449 non
2141 2392 2214 2447 sit
2244 2391 2401 2447 facta
2446 2392 2689 2445 mentio.

2058 2480 2218 2535 Vers.
2256 2479 2350 2535 25.
2389 2478 2537 2533 Sunt
2580 2485 2777 2534 autem
2823 2509 2892 2520 —
2930 2481 3120 2535 Jesus.
3151 2479 3284 2536 Hoc
3311 2479 3490 2535 etiam
3539 2495 3640 2535 su-

1987 2568 2187 2640 perius
2224 2567 2374 2622 dixit
2401 2567 2476 2622 de
2508 2566 2714 2644 signis.

2057 2656 2222 2712 Vers.
2257 2660 2345 2711 25.
2391 2655 2531 2722 Quae
2579 2686 2640 2695 —
2688 2655 2889 2712 libros.
2936 2658 3063 2711 Non
3118 2659 3357 2727 caperet
3397 2671 3501 2712 eos
3551 2656 3639 2711 di-

1986 2750 2118 2802 ctus
2177 2743 2461 2809 mundus,
2506 2742 2626 2799 alio
2677 2744 2859 2799 etiam
2911 2743 3093 2800 modo
3136 2760 3148 2797 :
3219 2759 3341 2800 non
3399 2748 3645 2816 propter

1983 2833 2313 2889 litterarum
2345 2830 2806 2898 multitudinem,
2840 2831 2943 2887 sed
2971 2835 3212 2904 propter
3240 2848 3436 2888 rerum
3468 2848 3642 2905 mag-

1987 2920 2322 2977 nitudinem
2349 2938 2361 2974 :
2396 2934 2590 2992 neque
2621 2921 2696 2975 de
2725 2919 2852 2975 loco
2882 2919 3163 2992 loquitur,
3196 2922 3297 2976 sed
3326 2920 3400 2975 de
3432 2921 3635 2977 modo.

2062 3007 2495 3082 Hyperbolicus
2526 3012 2614 3064 est
2643 3023 2839 3065 sermo
2872 3050 2886 3075 ,
2920 3009 3241 3064 ostendens
3289 3009 3641 3065 immensam

1988 3097 2425 3155 multitudinem
2460 3112 2666 3152 eorum
2718 3112 2852 3169 quae
2898 3112 2935 3152 a
2983 3098 3234 3152 Domino
3278 3096 3434 3154 facta
3481 3104 3644 3154 sunt.

1990 3191 2239 3245 Utuntur
2277 3191 2473 3242 autem
2519 3202 2789 3241 sermone
2827 3186 3216 3257 hyperbolico
3249 3194 3305 3241 et
3342 3186 3448 3258 qui
3493 3186 3636 3241 scri-

1986 3277 2158 3340 bunt,
2188 3280 2243 3330 et
2269 3274 2374 3346 qui
2398 3274 2744 3345 loquuntur,
2778 3273 3024 3345 quando
3055 3275 3137 3329 rei
3166 3274 3642 3346 magnitudinem

1990 3363 2302 3421 ostendere
2340 3363 2745 3418 decreverunt.
2790 3362 2894 3418 Hic
2929 3367 3131 3419 autem
3186 3363 3419 3419 addens
3467 3363 3648 3419 etiam

1991 3451 2267 3517 verbum,
2285 3450 2841 3523 0pinor,auxit(hh)
2854 3450 3247 3523 hyperbolen,
3269 3466 3341 3508 ac
3354 3450 3651 3507 suadibile

1992 3537 2146 3606 fecit,
2175 3539 2343 3612 quod
2369 3538 2713 3595 incredibile
2738 3539 3082 3596 videbatur:
3115 3540 3453 3606 insinuans,
3486 3537 3654 3611 quod

1993 3629 2073 3685 ob
2106 3627 2442 3684 maximam
2474 3644 2680 3684 eorum
2712 3627 3151 3684 multitudinem
3182 3629 3263 3685 ita
3299 3627 3533 3684 dixerit.
3567 3627 3655 3683 Si-

1995 3717 2240 3790 quidem
2278 3722 2335 3772 et
2365 3716 2485 3772 alia
2526 3716 2710 3773 multa
2759 3715 2911 3782 fecit,
2954 3721 3160 3789 utpote
3212 3718 3590 3788 omnipotens
3638 3734 3657 3786 ;

1996 3822 2134 3862 nam
2158 3804 2207 3860 ei
2235 3804 2466 3861 facilius
2488 3810 2613 3861 erat
2634 3804 2849 3870 facere,
2868 3821 3054 3877 quam
3084 3806 3256 3861 nobis
3276 3805 3493 3861 dicere.
3518 3804 3658 3863 Sola

1998 3900 2199 3953 autem
2224 3910 2294 3949 ea
2321 3895 2704 3965 scripserunt,
2737 3910 2871 3966 quae
2893 3894 2971 3949 ad
3002 3894 3349 3964 religionem
3377 3910 3447 3950 ac
3472 3892 3658 3950 ﬁdem

1997 3982 2235 4039 utiliora
2247 3987 2436 4052 erant,
2460 3981 2773 4054 magisque
2796 3981 3133 4038 necessaria
3159 3999 3170 4037 :
3197 3982 3360 4055 quod
3391 3982 3507 4038 hoc
3527 3997 3662 4038 con-

1999 4071 2329 4128 siderarent
2375 4070 2436 4126 hi
2475 4069 2581 4142 qui
2620 4070 3002 4142 scripserunt,
3045 4070 3208 4143 quod
3245 4070 3349 4142 qui
3386 4070 3476 4126 his
3518 4084 3655 4142 quae

1999 4160 2217 4231 scripta
2235 4164 2377 4215 sunt
2394 4175 2512 4215 non
2527 4159 2730 4230 credit,
2756 4174 2947 4232 neque
2978 4158 3249 4231 pluribus
3271 4158 3453 4214 ﬁdem
3469 4157 3653 4215 habe-

1999 4247 2085 4305 bit
2112 4266 2123 4303 :
2151 4249 2202 4303 ei
2225 4264 2387 4313 vero,
2420 4247 2515 4320 qui
2548 4249 2672 4303 haec
2702 4248 2967 4319 suscipit,
3002 4248 3122 4304 alia
3157 4248 3494 4304 necessaria
3532 4262 3656 4304 non

1921 4323 1966 4376 Β
1999 4340 2193 4393 erunt.

2072 4424 2307 4481 Utinam
2337 4428 2535 4479 autem
2560 4428 2618 4479 et
2643 4440 2747 4479 nos
2768 4422 3008 4496 perfecti
3031 4422 3283 4479 ministri
3305 4422 3664 4495 perfectissi-

2000 4530 2113 4569 mae
2138 4512 2424 4568 Trinitatis
2450 4511 2802 4577 habeamur,
2831 4527 2900 4568 ac
2944 4512 3129 4567 vitam
3174 4511 3334 4567 bono
3367 4512 3486 4567 ﬁne
3529 4526 3663 4568 con-

2003 4601 2343 4666 cludamus,
2368 4616 2475 4672 per
2490 4599 2783 4657 Christum
2804 4601 3005 4656 Jesum
3023 4599 3344 4656 Dominum
3368 4604 3665 4657 nostrum.

2004 4690 2218 4746 Amen.

2597 4867 2751 4923 Finis
2780 4867 3068 4924 omnium.

1498 5042 1719 5111 Variae
1752 5042 2075 5110 lectiones
2108 5052 2173 5111 et
2204 5054 2406 5111 notae.

392 5262 479 5334 59)
520 5260 718 5334 Ἥγουν
744 5263 958 5319 omittit
982 5264 1045 5317 A.

390 5332 480 5405 60)
529 5332 754 5388 inclusa
806 5334 1023 5390 absunt
1072 5336 1138 5389 Α.
1191 5332 1528 5406 Respicitur
1581 5339 1780 5389 autem
1823 5334 1900 5390 ad

286 5405 467 5461 Joan.
494 5420 583 5468 xx,
615 5407 704 5460 30.

368 5474 484 5547 (61)
526 5476 654 5531 Haec
678 5475 737 5530 in
771 5477 1041 5545 margine
1071 5476 1250 5532 habet
1276 5477 1345 5532 A.

2106 5263 2197 5319 62l
2232 5268 2301 5317 Τό
2332 5262 2501 5319 addit
2527 5265 2595 5318 Α.

2108 5264 2175 5319 62
2232 5268 2301 5317 Τό
2332 5264 2501 5319 addit
2527 5265 2595 5318 Α.

2108 5264 2197 5404 63)
2228 5339 2630 5406 Συγγραφόντων
2663 5339 2723 5387 Α.

2109 5406 2202 5475 64)
2227 5404 2531 5477 namque:
2564 5412 2624 5470 A,
2657 5404 2819 5477 quod
2849 5405 3133 5462 usitatius
3166 5413 3271 5463 est.

2085 5476 2198 5548 (65)
2232 5478 2363 5533 Hinc
2404 5476 2466 5533 in
2496 5477 2614 5532 fine
2640 5477 2869 5534 addidit
2900 5477 3093 5534 scriba
3120 5478 3267 5536 Cod.
3308 5480 3372 5532 A.

380 5668 513 5740 (hh)
548 5670 761 5726 Auxit.
797 5672 940 5736 Imo,
978 5668 1309 5738 castigavit,
1344 5668 1717 5741 temperavit,
1750 5668 2060 5740 mitigavit.
