4130 6320
452 336 592 393 1499

1768 330 2131 392 EUTHYMII
2164 330 2492 388 ZIGABENI

3675 325 3815 379 1500

523 461 686 515 Vers.
723 462 804 513 19.
838 459 914 513 Et
941 473 1132 514 —me.
1160 459 1301 514 Hinc
1322 473 1564 513 rursum
1608 457 1883 524 ostendit,
1932 458 2099 529 quod

2283 460 2385 508 Καὶ
2428 485 2497 494 -
2544 470 2655 525 μοι.
2690 453 2947 505 Ἐντεῦθεν
2990 450 3143 503 πάλιν
3172 447 3437 502 δείκνυσιν
3467 450 3548 501 ὃτι
3573 455 3674 521 πρὸ
3714 457 3819 500 τῶν

451 563 574 620 prae
591 547 815 603 caeteris
837 545 952 602 sibi
971 545 1329 602 familiarem
1351 561 1489 602 eum
1507 545 1709 613 faciat,
1736 561 1807 600 ac
1827 544 2098 617 ampliori

450 637 728 707 dignetur
756 634 1006 700 honore,
1036 638 1100 690 ut
1124 634 1303 690 etiam
1333 633 1668 706 promptior
1688 632 1814 689 ﬁat.

523 723 692 789 Quod
727 722 777 777 si
806 722 940 794 quis
971 720 1130 777 dicat
1158 740 1169 777 :
1198 721 1512 787 Quomodo
1538 736 1680 791 ergo
1696 719 1959 777 Jacobus
1978 720 2100 776 Hie-

449 810 943 882 rosolymitanam
965 811 1194 882 accepit
1224 810 1428 865 sedem
1449 808 1775 874 ?dicemus,
1804 808 1967 881 quod
1993 806 2101 863 Pe-

449 905 578 955 trus
627 898 788 954 orbis
828 897 1186 953 constitutus
1232 903 1318 953 est
1356 903 1733 969 praeceptor:
1770 913 1908 952 cum
1956 910 2099 965 ergo

451 992 574 1043 tam
601 991 947 1058 praeceptor,
963 1002 1147 1057 quam
1170 985 1447 1057 discipuli
1467 985 1939 1049 deambularent,
1958 983 2102 1039 dixit

452 1077 504 1131 ei
532 1092 544 1129 :
572 1075 827 1147 Sequere
846 1090 957 1139 me,
1002 1079 1065 1130 ut
1110 1074 1369 1130 videlicet
1408 1074 1584 1130 etiam
1633 1072 1996 1145 cruciﬁgaris
2044 1077 2102 1128 et

450 1161 744 1234 aequalem
770 1163 1062 1219 sustineas
1092 1168 1364 1218 mortem.

523 1341 686 1397 Vers.
729 1344 817 1395 20.
854 1340 1179 1396 Conversus
1212 1371 1280 1380 -—
1319 1346 1670 1411 sequentem.
1719 1340 2097 1395 Incedentem

449 1434 588 1501 post
608 1430 841 1484 Petrum
865 1446 878 1494 ;
904 1444 1045 1484 casu
1067 1429 1225 1483 enim
1248 1428 1555 1500 proximus
1576 1428 1627 1484 ei
1650 1427 2100 1484 deambulabat.

520 1607 687 1661 Vers.
717 1604 829 1672 Qui
845 1610 897 1661 et
925 1634 989 1644 —
1018 1605 1113 1660 te?
1138 1606 1195 1658 ln
1230 1620 1403 1660 coena
1431 1604 1707 1676 mystica,
1736 1604 1890 1660 sicut
1915 1604 1996 1659 ibi
2029 1605 2101 1660 si-

450 1694 801 1765 gniﬁcatum
826 1698 935 1748 est.
962 1693 1415 1749 Reducitautem
1444 1692 1620 1748 nobis
1642 1693 1720 1747 ad
1745 1693 2097 1749 memoriam

2213 543 2376 596 ἄλλων
2422 543 2576 595 αὐτὸν
2608 541 2912 606 οἰκειοῦται,
2944 544 3033 593 καὶ
3079 538 3314 611 μείζονος
3342 536 3485 600 ἁξιοί
3508 545 3687 609 τιμῆς,
3734 538 3816 588 ἶνα

2210 636 2299 684 καὶ
2326 632 2712 703 προθυμότερος
2739 632 2971 700 γένηται.

2283 719 2342 773 Εἰ
2397 716 2455 772 δε
2506 719 2647 789 λέγοι
2704 717 2820 789 (53)
2885 736 3006 776 τις·
3067 722 3180 776 Πῶς
3235 711 3325 766 οὖν
3380 713 3617 775 Ἰάκωϐος
3670 712 3822 766 ἔλαϐε

2209 811 2296 859 τὸν
2350 810 2525 880 θρόνον
2577 807 2695 876 (54)
2767 813 2867 857 τῶν
2916 802 3327 879 Ἱεροσολύμωνς
3379 801 3587 875 ἐροῦμεν
3660 802 3743 852 ὅτι
3790 800 3819 851 ὁ

2213 900 2399 967 Πέτρος
2469 905 2559 955 τῆς
2646 893 2947 966 οἰκουμένης
3020 892 3391 967 ἐχειροτονήθη
3460 885 3811 948 διδάσκαλος.

2214 987 2637 1057 Περιπατούντων
2694 989 2970 1056 τοιγαροῦν
3025 988 3114 1032 τοῦ
3178 999 3235 1032 τε
3315 975 3645 1032 διδασκάλου
3725 980 3816 1027 καὶ

2209 1082 2307 1124 τῶν
2373 1073 2639 1144 μαθητῶν,
2690 1067 2845 1135 εἶπεν,
2906 1068 3202 1123 ’Δκολούθει
3249 1087 3361 1139 μοι,
3429 1068 3816 1138 σταυρούμενος

2209 1166 2299 1212 καὶ
2329 1161 2483 1221 αὐτὸς
2511 1160 2624 1229 (55)
2657 1155 2915 1222 δηλονότι,
2956 1162 3048 1209 καὶ
3089 1159 3176 1209 τὸν
3203 1153 3315 1209 ἴσον
3347 1157 3561 1208 θάνατον
3592 1154 3813 1225 ὑφιστά-

2208 1268 2376 1321 μενος.

2282 1338 2652 1411 Ἐπιστραφεὶς
2732 1367 2802 1377 -
2878 1334 3259 1388 ἀκολουθοῦντα
3309 1329 3633 1406 [Βαδίζοντα
3701 1331 3818 1400 (56)

2210 1425 2379 1478 ὀπίσω
2436 1432 2527 1477 τοῦ
2580 1429 2774 1495 Πέτρου
2811 1442 2822 1453 ·
2853 1426 3010 1494 ἔτυχε
3050 1425 3153 1496 γὰρ
3211 1427 3325 1475 τότε
3373 1421 3598 1479 πλησίον
3658 1420 3826 1471 αὐτοῦ

2209 1533 2302 1589 περ
2311 1512 2554 1585 ιπατῶν.]

2278 1601 2374 1663 Ὃς
2429 1606 2615 1653 καὶ-
2656 1618 2751 1665 σε;
2783 1600 2863 1654 Ἐν
2916 1608 2989 1670 τῷ
3051 1596 3244 1670 δείπνῳ
3283 1605 3355 1667 τῷ
3402 1604 3670 1669 μυστικῷ,
3728 1616 3827 1647 κα-

2213 1693 2308 1750 θὼς
2338 1688 2443 1741 ἐκεῖ
2486 1686 2803 1747 δεδήλωται.
2856 1689 3269 1760 Ἀναμιμνὴο-κει
3323 1682 3383 1737 δὲ
3423 1687 3565 1756 ἡμᾶς
3622 1686 3830 1743 ἐκείνης

446 1782 990 1851 interrogationem,
1032 1781 1373 1849 ostendens,
1420 1788 1711 1853 quantam
1766 1784 1965 1836 Petrus
2017 1781 2100 1837 lo-

2221 1787 2303 1841 τῆς
2355 1777 2710 1839 κατακλίσεως
2748 1796 2802 1829 τε
2835 1782 2925 1828 καὶ
2982 1774 3297 1848 ἐρωτήσεως,
3354 1770 3562 1834 δεικνύς
3615 1774 3751 1829 ὅσην
3801 1774 3833 1823 ο

448 1870 673 1943 quendi
729 1868 983 1940 adeptus
1042 1874 1193 1924 esset
1246 1869 1601 1934 libertatem,
1642 1872 1969 1941 postquam
2024 1869 2099 1925 de

2221 1872 2397 1941 Πέτρος
2457 1864 2756 1940 παρρησίαν
2814 1868 2942 1936 ἔσχε
2990 1867 3123 1934 μετὰ
3173 1868 3262 1921 τὴν
3328 1861 3412 1914 ἐπὶ
3476 1870 3539 1934 τῇ
3602 1860 3831 1935 ἀρνήσει

447 1958 762 2028 negatione
786 1959 1129 2029 resipuerat.
1156 1957 1300 2013 Nam
1333 1957 1438 2029 qui
1462 1962 1602 2012 tunc
1620 1973 1807 2012 ausus
1832 1973 1953 2013 non
1975 1963 2102 2013 erat

2221 1958 2505 2012 ιετάνοιαν.
2547 1954 2605 2006 Ὀ
2646 1957 2749 2027 γὰρ
2780 1958 2895 2006 τότε
2923 1958 2994 2026 μὴ
3036 1953 3235 2025 τολμῶν
3266 1954 3546 2023 ἐρωτῆσαι,
3584 1949 3723 2001 ἀλλα
3754 1957 3833 2017 τῷ

448 2047 833 2116 interrogare,
867 2047 966 2100 sed
994 2046 1205 2101 dilecto
1234 2046 1523 2117 discipulo
1549 2045 1625 2100 ad
1646 2046 1763 2101 hoc
1788 2045 2093 2102 utebatur:

2221 2046 2528 2116 ὴγαπημένῳ
2558 2044 2891 2116 χρησάμενος
2929 2041 3000 2104 εἰς
3038 2048 3212 2107 τοῦτο,
3245 2040 3394 2100 οὗτος
3424 2040 3483 2090 ού
3522 2043 3683 2111 μόνον
3733 2043 3829 2095 τὴν

446 2133 544 2189 hic
570 2150 691 2189 non
718 2134 911 2188 solum
938 2134 1379 2204 praesidentiam
1410 2149 1550 2203 erga
1571 2133 1778 2189 fratres
1808 2132 1910 2188 sibi
1940 2149 2101 2189 com-

2221 2136 2537 2204 προστασίαν
2569 2131 2847 2188 ἐπιστεύθη
2876 2138 2975 2183 τῶν
3014 2126 3266 2201 ἀδελφῶν,
3301 2126 3429 2180 ἀλλὰ
3455 2132 3545 2179 καὶ
3580 2132 3705 2200 περὶ
3736 2134 3834 2178 τοῦ

449 2222 695 2276 missam
724 2220 963 2291 accepit,
991 2236 1190 2275 verum
1221 2221 1396 2275 etiam
1426 2220 1501 2275 de
1522 2220 1716 2276 dilecti
1741 2225 1896 2276 statu
1923 2221 2101 2276 conﬁ-

2221 2221 2549 2291 ἦγαπημένου
2581 2217 2869 2293 θαρραλέως
2891 2217 3075 2292 ἐρωτᾷ.

449 2311 658 2367 denter
686 2308 1024 2377 interrogat.

520 2395 682 2448 Vers.
715 2396 802 2447 2t.
837 2392 1015 2446 Hunc
1046 2421 1115 2431 -
1147 2388 1294 2460 quid
1322 2390 1350 2443 ἵ
1378 2389 1534 2445 Num
1568 2394 1624 2445 et
1651 2391 1778 2462 ipse
1810 2394 1865 2447 te
1896 2407 2104 2463 seque-

450 2488 545 2539 tur
567 2481 596 2535 ?
610 2496 757 2535 num
777 2478 1053 2534 eamdem
1074 2477 1389 2533 nobiscum
1412 2478 1619 2533 mortis
1639 2478 1740 2534 via
1758 2479 2061 2548 gradietur
2075 2480 2103 2533 ‘l

448 2586 598 2627 num
628 2565 892 2623 similiter
916 2566 1200 2623 morietur
1229 2566 1257 2621 τ
1286 2566 1591 2638 Siquidem
1620 2567 1923 2634 intellexit,
1957 2569 2104 2640 quid

450 2656 755 2727 innuisset,
813 2656 1017 2711 dicens
1072 2673 1083 2710 ε
1138 2656 1391 2726 Sequere
1441 2671 1575 2721 me;
1615 2671 1875 2729 cumque
1921 2655 2107 2712 Joan-

449 2762 588 2801 nem
627 2744 1008 2800 vehementer
1050 2748 1299 2807 amaret,
1349 2743 1632 2816 cupiebat
1673 2759 1812 2800 eum
1858 2744 2104 2817 aequalis

449 2833 659 2890 mortis
689 2848 995 2887 assumere
1031 2836 1365 2887 consortem
1396 2851 1408 2887 :
1439 2836 1494 2888 et
1542 2839 1833 2904 tanquam
1874 2834 2105 2889 Joanne

448 2923 813 2990 interrogare
835 2936 954 2976 non
979 2920 1254 2987 audente,
1277 2920 1405 2992 ipse
1428 2920 1768 2990 interrogat,
1793 2921 2105 2993 vicemque

450 3010 740 3081 rependit.
766 3009 912 3074 Quid
946 3024 1088 3079 ergo
1113 3010 1373 3064 Christus
1393 3009 1421 3065 ?
1452 3009 1757 3065 Privatum
1784 3014 2106 3082 amputans

453 3097 754 3161 affectum,
790 3113 858 3151 ac
890 3097 1188 3151 instruens
1219 3097 1367 3153 nihil
1396 3097 1638 3152 ulterius
1666 3113 1796 3153 esse
1837 3113 2107 3168 perscru-

453 3186 725 3250 taudum,
769 3183 1025 3239 ostendit
1078 3183 1241 3240 vario
1305 3186 1476 3241 modo
1520 3184 1900 3257 disponenda
1951 3200 2102 3250 esse,

2221 3188 2296 3238 ὅτι
2377 3183 2639 3258 διαφόρως
2696 3188 2761 3238 τὰ
2846 3187 2958 3237 κατ’
3036 3184 3224 3246 αύτούς
3298 3184 3837 3255 οἱκονομηθὴσονται,

451 3288 587 3343 quae
614 3271 743 3327 illos
771 3272 1202 3340 contingerent.

2221 3295 2286 3348 φη
2295 3280 2376 3327 σίν
2406 3274 2523 3345 (58)
2557 3295 2571 3307 θ

524 3362 567 3430 -ι-
597 3358 745 3415 Cum
775 3359 1039 3415 audisset
1072 3360 1276 3415 Petrus
1318 3360 1405 3431 (ut
1451 3359 1698 3430 quidam
1739 3359 1925 3431 aiunt)
1962 3360 2128 3433 quod
2159 3378 2268 3434 pro
2300 3361 2531 3419 Christo
2578 3365 2728 3418 esset
2767 3360 3117 3427 moriturus,
3160 3360 3309 3416 dixit
3367 3379 3381 3417 :
3420 3363 3485 3417 Et
3538 3362 3832 3426 Joannes,

453 3447 600 3519 quid
628 3450 655 3503 ‘I
676 3464 823 3503 num
854 3454 907 3503 et
929 3449 1058 3519 ipse
1089 3449 1412 3503 moriturus
1446 3454 1536 3503 est
1565 3447 1593 3502 ‘l
1614 3448 1882 3504 Christus
1913 3454 2117 3504 autem
2150 3450 2211 3506 id
2255 3452 2496 3523 quidem
2529 3466 2651 3506 non
2682 3450 2920 3521 negavit
2946 3466 2960 3516 ;
3007 3465 3150 3505 nam
3199 3449 3479 3521 quisquis
3510 3454 3695 3505 natus
3721 3456 3833 3519 est,

454 3537 627 3592 etiam
679 3536 1003 3591 morietur:
1049 3536 1153 3591 sed
1203 3536 1284 3591 ait
1328 3536 1421 3591 :Si
1472 3552 1605 3592 eum
1649 3535 1829 3591 velim
1870 3553 2108 3594 manere
2139 3554 2331 3612 usque
2371 3539 2449 3596 ad
2475 3538 2685 3594 mundi
2726 3536 3341 3603 consummationem,
3372 3542 3429 3594 et
3460 3542 3594 3593 tunc
3621 3536 3703 3592 de
3735 3554 3839 3593 me

2282 2400 2476 2447 Τοῦτον
2521 2425 2589 2434 —
2645 2398 2735 2460 τί;
2769 2393 2882 2446 Ούκ
2921 2392 3264 2449 ἀκολουθήσει
3311 2408 3435 2457 σοι;
3468 2391 3527 2443 ού
3581 2396 3685 2449 τὴν
3739 2391 3840 2444 αύ-

2216 2486 2307 2540 τήν
2358 2484 2482 2554 ἡμῖν
2540 2478 2661 2534 ὁδὸν
2709 2488 2802 2533 τοῦ
2852 2483 3073 2533 θανάτου
3124 2477 3443 2552 βαδιεῖται;
3484 2478 3588 2550 οὐχ
3641 2481 3842 2550 ὁμοίως

2218 2569 2588 2636 ἁποθανείταις
2625 2577 2816 2629 Συνῆκε
2866 2572 2967 2641 γὰρ
3019 2574 3072 2621 τί
3142 2564 3410 2625 ὑπεδήλου
3469 2570 3525 2619 τὸ
3585 2567 3841 2620 Ἀκολού-

2216 2660 2291 2711 θει
2338 2678 2447 2730 μοι,
2521 2664 2610 2710 καὶ
2672 2654 2879 2730 σφόδρα
2936 2657 3092 2728 φιλῶν
3143 2659 3230 2707 τὸν
3285 2657 3528 2713 Ἰωάννην
3592 2654 3848 2708 ἐϐούλετο

2214 2750 2454 2798 κοινωνὸν
2513 2746 2669 2798 αὐτὸν
2730 2753 2823 2798 τοῦ
2878 2749 2996 2797 ἴσου
3069 2746 3291 2797 θανάτου
3361 2742 3553 2807 λαϐεῖν,
3607 2749 3707 2796 καὶ
3773 2746 3846 2805 ὡς

2214 2840 2307 2886 τοῦ
2370 2835 2609 2886 Ἰωάννου
2661 2838 2733 2905 μὴ
2788 2832 3077 2904 τολμῶντος
3148 2829 3363 2904 ἐρωτᾷν,
3433 2830 3587 2892 αὐτὸς
3633 2829 3839 2905 ἐρωτᾷ,

2215 2928 2305 2975 καὶ
2352 2926 2446 2980 τὴν
2507 2920 2728 2994 ἀμοιϐὴν
2794 2917 3119 2974 ἀποδίδωσι.
3189 2924 3253 2972 Τί
3319 2916 3407 2971 οὖν
3465 2922 3490 2970 ὁ
3548 2926 3839 2991 Χριστὸςς

2218 3012 2512 3062 Ἐκκὸπτων
2584 3015 2677 3067 τὴν
2734 3014 2952 3082 μερικὴν
3005 3008 3200 3080 φιλίαν,
3255 3013 3347 3060 καὶ
3411 3005 3684 3060 παιδεύων
3738 3028 3844 3080 μη-

2219 3096 2303 3151 δεν
2355 3099 2472 3169 (57)
2526 3102 2811 3172 περαιτέρω
2878 3096 3349 3171 πολυπραγμονεῖν,
3420 3102 3510 3148 καὶ
3566 3098 3836 3167 ἐμφαίνων

2147 3142 2185 3195 C

455 3624 766 3690 testiﬁcari,
792 3624 936 3695 quid
977 3624 1055 3681 ad
1092 3630 1144 3679 te
1169 3626 1197 3680 ?
1236 3626 1449 3680 Dicunt
1479 3625 1699 3697 itaque,
1732 3640 1870 3680 eum
1900 3627 2114 3692 vivere,
2149 3632 2203 3683 et
2244 3628 2359 3682 sub
2389 3626 2750 3684 Antichristo
2781 3626 3175 3683 occidendum
3200 3642 3341 3683 cum
3372 3625 3497 3683 Elia
3520 3630 3577 3681 et
3600 3626 3835 3695 Enoch,

453 3714 879 3786 praedicantem
895 3713 1208 3770 Christum.
1231 3714 1396 3780 Quod
1426 3715 1471 3769 si
1495 3720 1953 3771 monumentum
1986 3716 2116 3787 ejus
2145 3716 2515 3781 ostendatur,
2540 3714 2688 3789 quid
2719 3716 2858 3771 inde
2886 3714 2917 3770 7
2940 3715 3125 3771 Vivus
3145 3729 3412 3786 namque
3436 3713 3580 3769 illud
3604 3714 3840 3784 ingres-

454 3818 557 3857 sus
596 3806 702 3868 est,
744 3801 958 3857 deinde
998 3803 1339 3869 translatus,
1373 3803 1893 3875 quemadmodum
1925 3805 2104 3860 etiam
2145 3805 2338 3860 Enoch
2378 3810 2434 3862 et
2470 3804 2645 3860 Elias.
2689 3804 2904 3860 Evertit
2951 3804 3151 3876 itaque
3189 3801 3558 3874 evangelista
3613 3801 3831 3859 falsam

452 3889 680 3945 illorum
709 3890 1073 3961 opinionem,
1107 3891 1207 3961 qui
1236 3891 1599 3957 existimant,
1637 3907 1756 3947 non
1781 3907 1913 3947 esse
1948 3892 2304 3949 moriturum
2332 3893 2497 3948 hunc
2522 3892 2887 3965 discipulum
2918 3909 2931 3947 :
2955 3907 3100 3948 nam
3126 3891 3207 3948 ita
3238 3890 3463 3948 falsum
3491 3894 3603 3956 est,
3630 3890 3839 3948 homi-

451 3993 591 4033 nem
634 3977 903 4033 videlicet
942 3994 1072 4033 esse
1104 3979 1526 4035 immortalem.
1572 3982 1717 4035 Nam
1764 3979 1871 4035 etsi
1919 3980 2119 4036 Enoch
2174 3986 2229 4036 et
2287 3980 2443 4036 Elias
2488 3996 2610 4037 non
2651 3980 2765 4037 sint
2816 3979 3054 4045 mortui,
3089 3984 3230 4035 sunt
3263 3983 3465 4035 tamen
3515 3979 3827 4035 mortales.

451 4067 537 4120 Ita
565 4080 707 4135 ergo
747 4070 801 4120 et
826 4065 943 4134 hic,
976 4082 1329 4139 quanquam
1359 4073 1627 4122 mortuus
1657 4082 1777 4123 non
1811 4067 1902 4132 sit,
1952 4071 2216 4123 attamen
2265 4069 2570 4125 morietur.
2628 4065 2864 4123 Falsum
2898 4068 3096 4140 itaque
3125 4071 3215 4124 est
3244 4065 3413 4139 quod
3438 4081 3563 4122 non
3603 4068 3831 4123 moria-

451 4158 547 4208 tur
576 4170 590 4219 ;
619 4155 700 4209 sic
738 4154 1097 4210 intellectum
1140 4156 1303 4226 quod
1344 4155 1617 4211 videlicet
1643 4155 1716 4210 sit
1755 4156 2137 4211 immortalis.
2177 4157 2283 4212 Alii
2312 4163 2511 4215 autem
2539 4156 2867 4219 afﬁrmant,
2891 4155 3059 4229 quod
3092 4159 3366 4211 mortuus
3394 4155 3490 4218 sit,
3525 4159 3583 4211 et
3607 4155 3831 4213 dictum

450 4241 595 4297 illud
630 4259 641 4296 :
675 4240 736 4295 Si
763 4258 894 4298 eum
936 4244 1112 4299 velim
1149 4259 1408 4309 manere,
1443 4244 1629 4301 donec
1659 4244 1914 4308 veniam,
1960 4244 2309 4315 intelligunt,
2372 4246 2533 4318 quod
2588 4259 2972 4301 remansurus
3024 4250 3151 4301 erat
3196 4244 3257 4299 in
3302 4242 3514 4299 Iudaea
3565 4244 3830 4300 Joannes

450 4330 643 4387 donec
672 4329 893 4386 veniret
913 4329 1181 4386 Christus
1213 4337 1419 4386 contra
1452 4332 1713 4397 Judteos,
1750 4347 2140 4403 percussurus
2169 4349 2265 4389 eos
2296 4349 2401 4406 per
2428 4348 2641 4389 manus
2672 4335 3105 4397 Romanorum,
3140 4335 3197 4388 et
3226 4332 3308 4388 ita
3328 4330 3568 4387 Petrum
3598 4334 3833 4388 aJoan-

446 4434 520 4474 ne
552 4418 981 4490 separandum,
1016 4423 1078 4475 ut
1108 4418 1286 4475 etiam
1325 4419 1537 4490 majori
1583 4418 1769 4477 fructu
1819 4420 2071 4476 diversis
2120 4421 2264 4478 locis
2309 4421 2715 4492 praedicarent.
2768 4422 2990 4477 Omnes
3030 4419 3209 4491 igitur
3255 4419 3572 4492 opiniones
3619 4420 3828 4476 retuli-

444 4523 602 4576 mus,
635 4512 695 4562 ut
723 4507 936 4563 harum
964 4525 1158 4563 rerum
1190 4508 1437 4564 studiosi
1468 4508 1693 4564 nullam
1721 4510 2083 4578 ignorarent.
2128 4510 2237 4575 Qui
2287 4514 2489 4566 autem
2539 4509 2763 4573 dicunt,
2818 4524 2947 4564 eum
2998 4524 3133 4564 esse
3185 4512 3510 4572 mortuum,
3566 4507 3630 4563 in
3659 4508 3825 4563 hunc

449 4596 697 4651 modum
734 4595 992 4651 referunt
1023 4613 1033 4649 :
1070 4596 1383 4663 Foderunt,
1418 4597 1713 4668 inquiunt,
1750 4596 2002 4663 foveam,
2037 4603 2095 4653 et
2124 4598 2187 4653 in
2214 4613 2363 4670 gyro
2404 4603 2735 4670 posuerunt
2768 4596 3000 4669 lapides
3030 4616 3045 4653 :
3079 4596 3299 4653 deinde
3324 4595 3492 4652 illum
3524 4595 3605 4651 ibi
3635 4595 3824 4652 demi-

451 4688 671 4750 serunt,
705 4700 773 4739 ac
796 4690 1179 4755 operuerunt.
1216 4688 1351 4740 Post
1374 4684 1602 4756 aliquot
1631 4691 1834 4741 autem
1854 4686 1981 4742 dies
2034 4686 2272 4743 scrutati
2305 4692 2441 4742 sunt
2468 4686 2706 4742 foveam
2756 4685 2945 4757 illam,
2990 4690 3047 4742 et
3101 4700 3228 4741 eum
3266 4700 3393 4741 non
3442 4684 3817 4740 invenerunt.

447 4774 685 4839 Verum,
722 4772 867 4844 quia
898 4789 1035 4828 eum
1062 4772 1176 4828 illic
1203 4772 1630 4845 deposuerunt,
1663 4774 1868 4829 dicunt
1897 4790 2038 4830 eum
2068 4774 2250 4831 fuisse
2281 4780 2608 4831 mortuum.

524 4864 680 4917 Vers.
712 4864 798 4915 22.
830 4861 929 4917 Ait
961 4894 1029 4902 —
1056 4868 1108 4918 te
1134 4863 1162 4917 Ἰ
1190 4860 1252 4917 Si
1285 4877 1422 4918 eum
1474 4860 1649 4917 velim
1692 4862 1752 4917 in
1781 4862 1928 4917 vivis
1973 4877 2102 4919 ma-

2286 4869 2432 4936 Λὲγει
2482 4895 2551 4904 -—-
2602 4882 2702 4931 σες
2735 4862 2855 4915 Ἐὰν
2908 4860 3063 4914 αὑτὸν
3112 4861 3238 4915 θέλω
3286 4865 3451 4934 μένειν
3513 4860 3679 4921 ζῶντα
3728 4862 3821 4921 ἕως

1684 5039 1915 5108 Variae
1944 5040 2271 5111 lectiones
2310 5050 2376 5109 et
2404 5050 2606 5108 notae.

537 5258 633 5320 53)
661 5261 813 5320 Λέγει
845 5263 905 5312 Α.

2285 5263 2400 5320 (57)
2426 5258 2581 5320 Μηδέ
2609 5264 2674 5318 Α.

515 5259 1304 5418 apudPatres
1345 5332 1571 5418 Graecos
1600 5331 2103 5418 notat.episco_pa-
2744 5334 3066 5418 Hentenius
3096 5334 3451 5418 ex‘margine
3480 5331 3571 5418 sui
3601 5332 3831 5418 eodicis

444 5406 593 5481 tum.
647 5400 810 5454 Hunc
865 5400 1025 5456 enim
1078 5402 1336 5470 primum
1380 5401 1731 5473 episcopum
1776 5400 1961 5458 fuisse
1994 5400 2105 5460 t—ra-
2216 5400 3833 5481 addiditschglium_,quodhicsubjecti.Similialegun-

444 5471 625 5548 diuit:
667 5547 700 5548 η
749 5544 757 5548 _
841 5540 854 5548 _
906 5545 913 5548 _
1081 5543 1091 5548 _
1150 5544 1159 5548 _
1237 5545 1244 5548 _
1416 5471 1434 5473 “
1586 5471 1603 5473 ⁷
2218 5481 2312 5548 tur
2360 5471 2870 5548 spudfrheophjl.
2908 5491 2968 5548 p.
3000 5478 3104 5548 847
3135 5471 3292 5534 Afer
3320 5478 3381 5533 in
3423 5471 3831 5548 epistola’Mi-

518 5540 632 5683 (55)
666 5540 944 5602 Καὶαύτός
972 5543 1187 5599 omittit
1218 5545 1285 5598 A.
2020 5617 2029 5626 Ι
2215 5540 2438 5602 οὴᾶθιῖε
2488 5540 2730 5618 Glycaef
2766 5540 2953 5619 quam
3002 5547 3160 5605 edidi
3216 5564 3356 5604 cum
3414 5540 3704 5609 Isocratis,
3764 5560 3824 5615 p.

544 5615 608 5665 59
664 5611 897 5683 Inclusa
936 5613 1235 5668 absuntA.
1269 5618 1488 5669 Horum
1512 5617 1714 5669 autem
1736 5613 1869 5671 loco
1892 5616 2057 5671 addit
2089 5633 2102 5671 :
2216 5618 2309 5673 48.
2351 5621 2531 5683 Mosq.
2560 5618 2714 5683 1776,
2743 5621 2792 5673 8.
2828 5617 3042 5676 Confer
3066 5619 3232 5678 etiam
3252 5618 3450 5676 Areth.
3480 5616 3559 5674 ad
3578 5614 3824 5683 Apocal.

544 5611 632 5681 59)
664 5611 897 5689 Inclpsa
936 5613 1235 5689 absu_ntA_.
1269 5618 1488 5669 Horum
1512 5617 1714 5689 autem
1736 5613 1869 5689 loco
1892 5616 2057 5671 addit
2089 5633 2102 5671 :
2216 5618 2309 5673 48.
2351 5621 2531 5689 Mosq.
2552 5611 2714 5684 1776,
2743 5611 2804 5673 8.’
2828 5617 3042 5676 Confer
3066 5619 3232 5678 etiam
3252 5618 3450 5676 Areth.
3480 5616 3559 5674 ad
3578 5611 3825 5689 Apoca].

470 5678 646 5753 Ετυχε
700 5678 996 5752 βαδίζοντα
1028 5684 1156 5755 (sic)
1210 5685 1378 5736 ὀπίσω
1428 5692 1518 5737 τοῦ
1572 5688 1792 5757 Πέτρου,
1844 5685 2102 5741 ἀνέπεσεν.

2221 5706 2268 5760 ρ.
2302 5690 2400 5743 741
2434 5678 2497 5741 AI
