4130 6320
261 346 395 401 1501

1242 341 1614 400 COMMENT.
1656 342 1725 398 IN
1759 339 2108 397 JOANNEM.
2149 368 2220 380 —
2257 338 2415 394 CAP.
2456 341 2602 396 XXI.

3492 341 3637 399 1502

260 472 487 546 ἔρχομαι
514 473 651 525 κατὰ
678 476 772 531 τὴν
803 466 1048 544 δευτέραν
1076 489 1179 542 μου
1206 473 1521 545 παρουσίαν,
1561 471 1614 519 τί
1642 470 1773 543 πρός
1804 469 1861 519 σε

2001 480 2111 520 tere
2157 463 2348 520 donec
2393 465 2657 522 secundo
2710 466 2969 524 adventu
3020 467 3281 534 veniam,
3340 469 3492 542 quid
3547 468 3631 526 illi

256 578 427 613 κοινόν
448 576 463 627 ;

330 652 396 701 Σὺ
428 648 696 701 ἀκολούθει
723 668 836 721 μοι.
876 650 942 701 Σὺ
970 649 1059 700 τὸν
1093 650 1183 699 σόν
1216 647 1432 698 θάνατον
1464 649 1667 712 σκόπει,
1697 640 1863 716 μηδὲν

256 741 347 790 τὸν
377 738 570 790 ἐκείνου
596 740 1083 810 περιεργαζόμενος.

331 824 569 888 Ἐξῆλθεν
600 856 667 865 —-
699 822 973 897 ἀδελφούς.
1003 830 1155 883 Ποῖος
1177 822 1325 895 λόγος
1354 842 1368 892 ;

329 915 451 968 Ὀτι
504 944 570 955 --
617 912 958 971 ἀποθνήσκει.
1009 911 1162 972 Εἰκὸς
1202 915 1303 984 γὰρ
1347 909 1612 971 κάκείνους
1664 908 1867 963 ἀκούειν
1906 932 1915 941 υ

259 1003 453 1076 ἇπρὸς
500 1005 587 1055 τὸν
632 1006 822 1076 Πέτρον
872 999 1187 1076 ἒρῥήθησαν.
1220 1000 1545 1072 Διεφημὶσθη
1607 995 1667 1051 δὲ
1714 1001 1739 1051 ὁ
1787 998 1869 1051 λό-

258 1112 348 1164 γος
376 1091 542 1155 οὗτος,
597 1093 761 1161 ἤγουν
804 1090 919 1161 (59)
948 1090 1030 1142 ὅτι
1073 1089 1168 1141 οὐκ
1226 1087 1562 1154 ἀποθνήσκει,
1626 1091 1690 1148 ὡς
1744 1088 1871 1141 πλα-

259 1182 511 1239 νηθέντων
595 1178 786 1246 αὐτῶν,
866 1182 956 1231 καὶ

259 1270 412 1341 λόγου
492 1270 686 1320 σκοπόν
696 1306 710 1321 .

257 1358 458 1432 θύρην·

335 1449 530 1498 Καὶ-
564 1445 623 1495 σί
642 1461 656 1511 ;
676 1440 841 1517 Ὀπερ
870 1441 930 1493 οὐ
962 1437 1118 1497 δηλοί
1144 1441 1226 1492 ὅτι
1256 1440 1349 1492 οὐκ
1381 1440 1721 1512 ἀποθνήσκει,
1763 1441 1873 1495 ἀλλο

263 1534 428 1605 ἕτερον
458 1534 573 1603 ἔχει
601 1534 814 1595 σκοπόν,
846 1532 914 1591 ὡς
943 1533 1271 1604 προείρηται.
1302 1534 1391 1591 Τίς
1428 1528 1516 1581 οὗν
1543 1529 1873 1583 ὑπολείπεται

259 1621 413 1692 λόγος
468 1626 581 1681 τοῖς
623 1618 993 1687 ἐνισταμένοις,
1042 1618 1125 1669 ὅτι
1170 1617 1228 1669 οὐ
1272 1618 1533 1683 τέθνηκεν,
1588 1618 1743 1670 αὐτοῦ
1802 1616 1868 1677 δὴ

259 1712 444 1764 τούτου
474 1702 773 1782 διαρρήδην
806 1705 1035 1778 βοῶντος
1060 1707 1141 1758 ὅτι
1167 1705 1458 1758 πλανῶνται
1485 1709 1535 1758 οἱ
1564 1714 1717 1759 τοῦτο
1747 1709 1870 1759 ὑπο-

259 1796 608 1871 λαμϐάνοντες
640 1813 653 1863 ;

335 1886 499 1945 Οὗτος
539 1914 611 1926 -
667 1883 847 1937 αὐτοῦ.
905 1887 1005 1935 Καὶ
1057 1878 1292 1953 οἴδαμεν,
1363 1881 1414 1933 οἱ
1476 1879 1668 1943 εἰδότες
1718 1883 1874 1967 αὐτὰ,

262 1978 341 2029 ὅτι
394 1973 593 2033 ἀληθῶς
647 1979 919 2047 μαρτυρεῖ.
977 1974 1217 2023 Φαίνεται
1281 1973 1384 2045 γὰρ
1442 1972 1524 2023 ὅτι
1589 1976 1680 2024 καὶ
1730 1972 1876 2025 ἄλλοι

263 2070 432 2117 ταῦτα
469 2062 768 2133 ἐγίνωσκον.
823 2059 907 2119 Ὠς
956 2056 1044 2111 οὖν
1077 2055 1285 2132 σφόδρα
1338 2058 1537 2135 θαρῥῶν
1562 2068 1626 2132 τῇ
1661 2059 1876 2134 ἀληθείᾳ

264 2156 418 2206 τοῦτό
451 2170 628 2222 φησιν.
666 2155 834 2220 Ἔγνω
879 2151 979 2220 γὰρ
1012 2149 1093 2199 ὅτι
1134 2144 1276 2210 δόξει
1305 2153 1446 2201 τισὶν
1490 2151 1619 2210 ἴσως
1668 2149 1877 2203 ὕποπτα

260 2240 445 2311 λέγειν,
480 2235 574 2291 διὰ
602 2240 662 2289 τό
691 2241 764 2310 μὴ
792 2238 1210 2309 μνημονευθῆναι
1230 2243 1394 2289 ταῦτα
1414 2239 1556 2312 παρὰ
1586 2246 1686 2289 τῶν
1712 2238 1873 2290 ἄλλων

263 2326 665 2400 εὐαγγελιστῶν.

1033 1181 1105 1250 μὴ
1170 1180 1567 1252 συνεωρακότων
1639 1179 1725 1228 τὸν
1779 1184 1870 1228 τοῦ

794 1263 923 1320 Εἶτα
1011 1262 1318 1338 διορθοῦται
1384 1270 1476 1324 τήν
1552 1264 1871 1337 ἐσφαλμένην

330 2505 492 2559 Ἔστι
521 2498 581 2555 δὲ
606 2532 673 2543 -
704 2502 730 2553 ό
756 2501 982 2563 Ἰησοῦς.
1017 2499 1204 2573 [Τοῦτο
1232 2501 1346 2571 (60)
1376 2506 1464 2553 καὶ
1497 2500 1731 2573 ἀνωτέρω
1756 2506 1874 2573 περὶ

263 2602 363 2646 τῶν
400 2595 630 2663 σημείων
655 2586 839 2661 cirum]

333 2681 522 2734 Ἀτινα
548 2708 619 2720 -
646 2676 847 2749 βιϐλία.
881 2675 982 2749 [Οὐ
1013 2677 1126 2748 (61)
1175 2683 1342 2749 χωρεῖ
1374 2672 1433 2728 δὲ
1482 2676 1615 2729 αὐτὰ
1663 2678 1689 2727 ό
1740 2675 1875 2750 εἰρη-

265 2775 416 2845 μένος
446 2772 665 2839 κόσμος,
697 2771 788 2818 καὶ
816 2766 934 2817 καθ’
960 2765 1128 2837 ἕτερον
1144 2765 1313 2836 λόγον,
1346 2764 1404 2815 οὐ
1438 2760 1530 2817 διὰ
1552 2766 1661 2835 (62)
1683 2764 1875 2826 πλῆθος

268 2856 717 2929 συγγραμμάτων,
760 2852 887 2905 ἀ)λά
939 2850 1033 2906 διὰ
1082 2854 1297 2925 μέγεθος
1346 2856 1660 2927 πραγμάτων
1697 2874 1709 2885 ·
1752 2849 1875 2905 οὐδὲ

263 2952 427 3016 τόπῷ,
456 2943 584 2997 ἀλλὰ
602 2942 825 3017 τρόπῳ.]

342 3035 452 3088 Καθ
514 3030 801 3105 ὑπερϐολὴν
868 3031 894 3082 ό
955 3030 1122 3101 λόγος,
1195 3029 1451 3103 ἐμφαίνων
1502 3034 1595 3088 τὴν
1653 3028 1877 3101 ὑπερϐο-

267 3125 361 3182 λὴν
430 3128 521 3173 τοῦ
604 3119 835 3182 πλήθους
913 3127 1013 3171 τῶν
1087 3122 1457 3191 πεπραγμένων
1527 3128 1599 3189 τῷ
1680 3122 1874 3193 Κυρίῳ.

271 3219 514 3285 Χρῶνται
569 3206 627 3262 δε
679 3216 752 3279 τῷ
802 3207 941 3278 λόγῷ
999 3216 1093 3270 τῆς
1150 3207 1440 3281 ὑπερϐολῆς
1494 3212 1583 3259 καὶ
1630 3207 1679 3259 οἰ
1746 3208 1877 3279 γρά-

274 3318 470 3373 φοντες,
533 3303 623 3349 καὶ
689 3299 737 3349 οἱ
792 3296 1041 3368 λέγοντες,
1103 3298 1223 3349 ὅταν
1280 3295 1565 3369 ὑπερϐολὴν
1640 3298 1881 3367 πράγμα-

273 3408 360 3451 τος
391 3395 738 3461 παραστῆσαι
778 3384 1133 3457 βουληθωσιν,
1177 3384 1339 3445 Οὗτος
1396 3382 1456 3437 δὲ
1502 3387 1667 3436 καὶτὸ
1718 3382 1882 3455 Οἶμαι

273 3477 517 3551 προσθεὶς
570 3473 784 3527 ἐκόλασε
832 3478 925 3532 τὴν
980 3472 1291 3547 ὑπερϐολὴν,
1336 3478 1425 3525 καὶ
1472 3473 1881 3547 παρεμυθήσατο

272 3567 333 3617 τὸ
362 3560 549 3616 δοκοῦν
580 3561 850 3626 ἀπίθανον,
900 3558 1176 3618 ὑποδηλῶν
1228 3563 1305 3613 ὅτι
1349 3558 1442 3612 διὰ
1488 3564 1546 3613 τό
1576 3560 1883 3632 παμπληθὲς

276 3652 445 3705 αὐτῶν
520 3654 719 3725 εἰρηκεν
780 3650 935 3705 οὕτω.
1016 3655 1117 3702 Καὶ
1192 3649 1322 3701 ἄλλα
1389 3652 1480 3721 μὲν
1561 3646 1647 3701 οὖν
1723 3648 1886 3701 πολλὰ

275 3739 537 3807 ἐποίησεν,
589 3741 654 3799 ὡς
683 3740 849 3791 πάντα
898 3734 1212 3811 δυνάμενος·
1245 3734 1431 3812 ῥᾴδιον
1479 3740 1579 3810 γὰρ
1631 3737 1771 3807 αὐτῷ
1827 3740 1884 3789 τό

274 3835 437 3881 ποιεῖν
483 3832 511 3887 ἦ
590 3830 715 3899 ἡμῖν
767 3831 825 3879 τό
881 3827 1086 3899 λέγειν*
1157 3831 1290 3899 μόνα
1345 3823 1403 3878 δὲ
1465 3825 1768 3899 ἐγράφησαν
1824 3829 1888 3878 τὰ

277 3920 404 3992 πρὸς
464 3916 726 3969 εὐσέϐειαν
786 3920 875 3968 καὶ
926 3920 1105 3967 πίστιν
1162 3920 1543 3989 χρησιμώτερα
1593 3920 1684 3967 καὶ
1734 3914 1887 3987 ἀναγ-

279 4010 542 4081 καιότερα,
625 4004 782 4057 ἐκεῖνο
860 4012 960 4057 τῶν
1029 4007 1464 4079 συγγεγραφότων
1532 4004 1648 4075 (63)
1723 4006 1885 4063 ἐννοη-

283 4096 503 4161 σάντων,
548 4096 617 4155 ὡς
665 4094 692 4146 ὁ
730 4097 801 4165 μὴ
857 4099 963 4154 τοῖς
1014 4100 1262 4166 γραφεῖσι
1303 4094 1561 4144 πιστεύων
1614 4090 1738 4145 οὐδὲ
1784 4101 1888 4154 τοῖς

281 4182 485 4236 πλείοσι
527 4182 789 4256 προσέξει.
835 4180 894 4234 Ὀ
952 4178 1011 4234 δε
1060 4188 1223 4234 ταῦτα
1282 4177 1553 4253 δεξάμενος
1601 4181 1780 4254 ἐτέρων
1828 4182 1887 4234 οὐ

285 4268 377 4330 δεη
387 4273 623 4330 θήσεται.

357 4452 558 4500 Γένοιτο
599 4445 657 4500 δὶ
712 4448 871 4519 ἡμᾶς,
932 4446 1158 4508 τελείους
1206 4448 1523 4518 θεραπευτὰς
1570 4453 1665 4507 τῆς
1710 4465 1888 4498 παντε-

282 4537 419 4589 λείου
480 4532 706 4607 Τριάδος
760 4533 1119 4607 ἀναφανέντας,
1186 4533 1363 4605 ἀγαθῷ
1441 4534 1571 4587 τέλει
1626 4534 1893 4587 κατακλεῖ-

289 4644 379 4677 σαι
406 4625 517 4695 (64)
548 4626 635 4675 τόν
667 4621 804 4695 βίον,
832 4621 881 4674 ἐν
924 4630 1138 4697 Χριστῷ
1178 4622 1356 4679 Ἰησοῦ
1400 4631 1472 4693 τῷ
1508 4628 1678 4694 Κυρίῳ
1724 4625 1896 4695 ἡμῶν.

285 4712 478 4785 Ἀμήν.

357 4808 441 4871 Τῷ
473 4800 588 4872 (65)
620 4799 925 4863 συντελεστῇ
975 4808 1071 4850 τῶν
1114 4798 1284 4851 καλῶν
1329 4806 1443 4871 Θεῷ
1493 4800 1671 4872 χάρις.
1729 4799 1895 4872 Ἀμήν

825 4888 978 4949 Τέλος
1008 4890 1229 4941 πάντων.

1972 557 2168 609 tecum
2202 552 2265 609 in
2293 553 2408 610 hoc
2451 570 2770 612 commune
2815 556 2955 613 est?

2044 643 2203 698 Vers.
2237 644 2325 697 22.
2363 643 2448 698 Tu
2477 660 2569 700 me
2591 659 2849 715 sequere.
2882 646 2967 701 Tu
2996 648 3163 701 tuam
3193 649 3450 702 mortem
3480 660 3628 704 con-

1974 730 2190 797 sidera,
2224 730 2369 786 nihil
2394 732 2468 787 de
2500 732 2656 789 illius
2688 737 2879 790 morte
2914 733 3305 806 investigans.

2044 819 2206 874 Vers.
2235 818 2323 875 23.
2350 821 2515 877 Exiit
2543 852 2612 863 —
2637 822 2887 891 fratres.
2922 823 3063 887 Quis
3095 837 3291 878 sermo
3323 824 3351 878 ?

2047 908 2209 962 Vers.
2255 909 2344 964 23.
2408 910 2575 977 Quod
2624 941 2692 949 —
2738 914 3089 967 moreretur.
3151 910 3478 966 Verisimile
3538 915 3635 967 est.

1976 1011 2237 1067 namque
2266 1002 2323 1053 et
2342 1013 2445 1054 eos
2469 999 2733 1068 audisse,
2759 1016 2895 1072 quae
2926 1002 3093 1056 Petro
3122 998 3281 1055 dicta
3318 1004 3507 1056 erant.
3542 998 3636 1055 Di-

1977 1086 2255 1159 vulgatus
2285 1093 2370 1144 est
2397 1088 2491 1143 hic
2522 1103 2741 1155 sermo,
2771 1086 3062 1153 videlicet,
3095 1087 3254 1160 quod
3284 1103 3404 1143 non
3439 1103 3633 1144 more-

1978 1185 2140 1236 retur
2173 1200 2186 1234 :
2214 1179 2360 1251 quia
2380 1176 2676 1243 errabant,
2700 1191 2811 1232 nec
2834 1176 3127 1232 sermonis
3150 1176 3634 1249 assequebantur

1978 1266 2385 1325 intentionem.
2430 1264 2653 1321 Deinde
2686 1264 2928 1335 corrigit
2954 1280 3260 1321 rumorem
3289 1280 3630 1321 erroneum.

2052 1444 2213 1498 Vers.
2238 1445 2326 1498 23.
2352 1442 2427 1496 Et
2447 1470 2517 1482 —
2542 1445 2598 1496 te
2619 1440 2647 1495 ?
2673 1439 2842 1504 Quod
2868 1454 2990 1495 non
3014 1438 3327 1509 signiﬁcat,
3352 1455 3488 1495 eum
3511 1454 3637 1497 non

1983 1531 2354 1595 moriturum,
2390 1528 2497 1584 sed
2525 1527 2708 1585 aliam
2736 1526 2921 1583 habet
2948 1527 3357 1595 intentionem,
3393 1532 3457 1583 ut
3485 1542 3634 1600 prae-

1981 1620 2209 1676 dictum
2249 1622 2353 1674 est.
2408 1616 2547 1682 Quis
2596 1631 2738 1685 ergo
2769 1615 3116 1687 relinquitur
3164 1631 3361 1671 sermo
3403 1631 3643 1673 asseve-

1981 1706 2277 1770 rantibus,
2302 1720 2439 1760 eum
2459 1719 2575 1760 non
2594 1720 2720 1759 esse
2738 1708 3064 1769 mortuum,
3086 1719 3213 1759 cum
3227 1704 3356 1774 jam
3382 1705 3641 1777 ipsemet

1905 1817 1954 1874 Β
1983 1795 2313 1851 luculenter
2324 1791 2714 1866 clametquod
2724 1796 2938 1857 errent,
2958 1792 3061 1865 qui
3078 1792 3191 1848 hoc
3211 1792 3632 1866 suspicantur?

2058 1885 2217 1940 Vers.
2269 1883 2357 1937 24.
2410 1881 2776 1951 Hic—ejus.
2823 1883 2889 1937 Et
2932 1881 3164 1951 scimus,
3207 1882 3313 1955 qui
3356 1896 3427 1937 ea
3475 1882 3645 1939 novi-

1984 1989 2139 2039 mus,
2172 1971 2337 2044 quod
2379 1986 2585 2026 verum
2625 1970 2931 2042 perhibeat
2972 1970 3401 2026 testimonium.
3442 1972 3640 2043 Appa-

1982 2066 2071 2117 ret
2113 2061 2292 2125 enim,
2335 2059 2501 2132 quod
2531 2064 2586 2115 et
2637 2059 2735 2115 alii
2782 2058 2897 2114 hoc
2925 2057 3354 2128 intelligebant.
3410 2059 3635 2130 Itaque,

1983 2152 2275 2221 tanquam
2295 2147 2678 2203 vehementer
2700 2145 2883 2202 fretus
2908 2146 3167 2212 veritate,
3198 2147 3310 2202 hoc
3330 2146 3471 2202 dicit
3492 2165 3505 2201 :
3524 2149 3640 2203 No-

1986 2236 2042 2292 vi
2062 2236 2380 2310 siquidem,
2409 2235 2574 2307 quod
2592 2235 2893 2306 aliquibus
2914 2234 3208 2292 videbitur
3224 2236 3494 2292 fortassis
3508 2252 3641 2291 sus-

1984 2330 2158 2397 pecta
2181 2324 2397 2391 dicere,
2424 2339 2493 2379 eo
2515 2324 2683 2395 quod
2711 2323 2790 2380 ab
2823 2324 2955 2379 aliis
2992 2323 3375 2394 evangelistis
3416 2324 3634 2381 horum

1984 2429 2107 2470 non
2140 2413 2214 2468 sit
2242 2412 2400 2469 facta
2446 2413 2688 2467 mentio.

2058 2501 2217 2556 Vers.
2256 2500 2350 2556 25.
2389 2498 2536 2555 Sunt
2580 2506 2776 2555 autem
2822 2530 2892 2541 —
2929 2502 3119 2556 Jesus.
3150 2500 3283 2557 Hoc
3310 2500 3489 2556 etiam
3538 2516 3639 2556 su-

1986 2590 2186 2661 perius
2223 2588 2373 2643 dixit
2401 2589 2475 2643 de
2507 2587 2713 2665 signis.

2056 2677 2220 2733 Vers.
2257 2680 2345 2732 25.
2391 2676 2531 2743 Quae
2578 2707 2639 2717 —
2686 2676 2888 2733 libros.
2934 2679 3063 2733 Non
3118 2681 3356 2749 caperet
3396 2692 3500 2734 eos
3550 2677 3638 2733 di-

1985 2770 2117 2823 ctus
2176 2764 2460 2830 mundus,
2506 2764 2624 2821 alio
2676 2764 2858 2821 etiam
2910 2765 3092 2822 modo
3135 2782 3147 2819 :
3218 2781 3340 2821 non
3398 2769 3644 2838 propter

1982 2853 2312 2910 litterarum
2344 2851 2805 2919 multitudinem,
2840 2853 2943 2908 sed
2969 2857 3211 2926 propter
3239 2869 3435 2909 rerum
3468 2869 3640 2926 mag-

1986 2941 2321 2999 nitudinem
2349 2959 2360 2996 :
2396 2955 2589 3012 neque
2620 2942 2695 2996 de
2725 2940 2851 2996 loco
2882 2940 3162 3013 loquitur,
3195 2943 3296 2997 sed
3325 2942 3400 2997 de
3431 2942 3634 2999 modo.

2062 3029 2494 3103 Hyperbolicus
2525 3034 2613 3085 est
2642 3045 2837 3085 sermo
2872 3072 2885 3096 ,
2920 3030 3240 3086 ostendens
3288 3030 3639 3087 immensam

1989 3118 2424 3176 multitudinem
2459 3134 2665 3173 eorum
2718 3134 2851 3190 quae
2898 3134 2934 3174 a
2982 3120 3233 3174 Domino
3278 3117 3433 3175 facta
3480 3125 3644 3175 sunt.

1990 3212 2239 3266 Utuntur
2276 3212 2473 3263 autem
2518 3223 2789 3262 sermone
2826 3208 3215 3278 hyperbolico
3248 3216 3304 3263 et
3342 3208 3447 3280 qui
3493 3207 3636 3263 scri-

1986 3298 2157 3361 bunt,
2187 3301 2243 3351 et
2268 3295 2372 3368 qui
2398 3296 2744 3366 loquuntur,
2778 3295 3024 3366 quando
3053 3296 3136 3350 rei
3165 3295 3641 3367 magnitudinem

1989 3384 2302 3442 ostendere
2339 3384 2744 3439 decreverunt.
2789 3383 2893 3439 Hic
2928 3388 3130 3440 autem
3185 3384 3418 3441 addens
3466 3385 3648 3440 etiam

1990 3472 2266 3538 verbum,
2284 3471 2840 3544 0pinor,auxit(hh)
2853 3471 3246 3544 hyperbolen,
3268 3488 3339 3529 ac
3352 3472 3650 3529 suadtbile

1992 3558 2145 3625 fecit,
2174 3561 2342 3632 quod
2368 3560 2711 3616 incredibile
2737 3560 3082 3617 videbatur:
3114 3561 3452 3628 insinuans,
3485 3558 3653 3633 quod

1993 3650 2072 3707 ob
2105 3648 2441 3705 maximam
2473 3664 2679 3705 eorum
2712 3648 3150 3705 multitudinem
3181 3650 3261 3706 ita
3299 3648 3531 3705 dixerit.
3566 3648 3653 3704 Si-

1994 3737 2239 3811 quidem
2278 3743 2334 3792 et
2365 3737 2484 3793 alia
2526 3737 2709 3794 multa
2758 3737 2910 3803 fecit,
2954 3742 3159 3810 utpote
3211 3739 3589 3809 omnipotens
3637 3756 3656 3808 ;

1995 3842 2133 3883 nam
2157 3825 2206 3881 ei
2234 3825 2465 3882 facilius
2487 3830 2612 3882 erat
2634 3826 2847 3892 facere,
2867 3842 3053 3898 quam
3082 3828 3255 3882 nobis
3275 3826 3492 3882 dicere.
3517 3826 3657 3884 Sola

1996 3920 2199 3974 autem
2223 3931 2293 3970 ea
2320 3916 2703 3987 scripserunt,
2736 3931 2869 3987 quae
2892 3915 2968 3971 ad
3002 3915 3347 3985 religionem
3376 3932 3445 3972 ac
3471 3914 3657 3972 ﬁdem

1998 4003 2234 4060 utiliora
2246 4008 2435 4073 erant,
2458 4002 2772 4075 magisque
2795 4003 3132 4059 necessaria
3158 4021 3169 4059 :
3196 4003 3359 4076 quod
3390 4004 3505 4059 hoc
3526 4018 3661 4060 con-

1997 4092 2328 4149 siderarent
2374 4091 2434 4147 hi
2473 4090 2580 4163 qui
2619 4091 3000 4163 scripserunt,
3044 4092 3208 4165 quod
3245 4092 3347 4164 qui
3385 4092 3475 4148 his
3517 4106 3654 4164 qum

1998 4181 2216 4251 scripta
2234 4185 2375 4236 sunt
2393 4196 2511 4236 non
2526 4180 2729 4251 credit,
2755 4196 2946 4254 neque
2977 4180 3249 4253 pluribus
3271 4179 3452 4235 ﬁdem
3468 4179 3652 4237 habe-

1997 4269 2122 4326 bit:
2150 4269 2202 4324 ei
2224 4285 2385 4334 vero,
2419 4269 2515 4341 qui
2547 4270 2671 4324 haec
2702 4270 2965 4341 suscipit,
3001 4269 3121 4325 alia
3156 4269 3493 4326 necessaria
3531 4284 3655 4325 non

1920 4344 1965 4397 D
1998 4361 2192 4414 erunt.

2070 4445 2306 4501 Utinam
2336 4449 2535 4501 autem
2559 4450 2616 4500 et
2642 4462 2746 4500 nos
2768 4444 3007 4517 perfecti
3030 4444 3281 4499 ministri
3304 4444 3662 4517 perfectissi-

1999 4550 2112 4590 mae
2137 4533 2422 4589 Trinitatis
2448 4532 2801 4599 habeamur,
2830 4548 2899 4589 ac
2943 4533 3128 4588 vitam
3172 4532 3333 4589 bono
3366 4533 3484 4589 ﬁne
3527 4548 3662 4589 con-

2001 4621 2342 4687 cludamus,
2368 4637 2473 4693 per
2489 4620 2781 4677 Christum
2804 4622 3003 4677 Jesum
3021 4620 3342 4677 Dominum
3366 4620 3663 4678 nOstrum.

2002 4711 2217 4767 Amen.

2596 4887 2749 4943 Finis
2779 4889 3067 4945 omnium.

1497 5064 1718 5132 Varia:
1751 5063 2073 5131 lectiones
2106 5072 2172 5131 et
2203 5074 2404 5132 nolaa.

366 5281 479 5424 ἒὸθ)
519 5281 717 5353 Ἠγουν
743 5283 956 5339 omittit
980 5285 1043 5337 Α.

388 5354 457 5408 60
528 5354 752 5408 Inclusa
804 5354 1021 5409 absunt

367 5354 479 5424 (60)
528 5354 702 5408 lnclus

292 5423 465 5479 Joan.
492 5441 582 5489 xx,
614 5427 702 5480 30.

367 5494 482 5565 (61)
524 5496 653 5551 Haec
676 5495 735 5549 in
770 5497 1040 5565 margine
1070 5496 1249 5551 habet
1274 5498 1344 5552 A.

528 5354 752 5408 Inclusa
804 5354 1021 5409 absunt
1070 5357 1136 5409 A.
1190 5353 1527 5427 Respicitur
1580 5359 1778 5410 autem
1822 5355 1899 5411 ad

2104 5284 2196 5340 62)
2231 5289 2299 5338 Τό
2330 5284 2499 5340 addit
2526 5286 2594 5339 Α,

2107 5357 2195 5425 63)
2227 5360 2628 5427 Συγγραφόντουν
2661 5360 2697 5407 Α
2710 5395 2721 5407 .

2108 5376 2195 5425 Οὔ)
2228 5376 2628 5479 ιυγγρμφοντων
2661 5376 2721 5407 Α.
2932 5427 2942 5438 .
3040 5428 3051 5438 .

2108 5427 2201 5495 64)
2226 5434 2371 5479 Κατα
2403 5434 2530 5479 ῦσαι
2563 5433 2623 5491 Α,
2656 5425 2817 5497 quod
2847 5432 3131 5483 uSItattus
3164 5434 3271 5485 est.

2084 5497 2197 5570 (65)
2230 5499 2362 5554 Haec
2403 5498 2465 5554 in
2494 5498 2612 5553 ﬁne
2639 5497 2867 5554 addidit
2899 5498 3092 5555 scriba
3119 5500 3265 5558 Cod.
3306 5501 3371 5553 A.

378 5688 511 5760 (hh)
546 5689 760 5745 Auxit.
795 5691 939 5755 Imo,
977 5689 1307 5757 castigavit,
1343 5688 1715 5761 temperavit,
1749 5689 2059 5760 mitigavit.
