3976 6222
367 248 430 313 41
1886 250 2257 314 ΡΒᾹΞΡΑΤῘΟ
3707 262 3777 321 .12

1556 590 2579 735 ΡΗλἘΡΑΤΙΟ

1349 852 1794 909 LECTOBIBUS
1846 852 2099 908 DOCTIS
2152 854 2239 907 ET
2286 855 2678 911 BENEVOLIS
2731 859 2787 912 S.

434 1090 566 1145 Post
593 1092 677 1145 tot
701 1085 986 1159 praeclara
1015 1100 1387 1141 summorum
1408 1085 1668 1140 virorum
1694 1083 1769 1138 de
1792 1083 2009 1138 horum
2042 1090 2087 1144 A
2124 1083 2289 1139 bant.
2324 1084 2599 1140 Adhibita
2628 1102 2768 1155 ergo
2800 1088 3139 1153 attentione,
3176 1088 3497 1161 diligentia,
3526 1093 3765 1148 modes.

364 1177 923 1253 Commentariorum
936 1181 1173 1231 auctore
1182 1174 1201 1244 j
1214 1174 1429 1239 udicia,
1443 1172 1665 1245 quibus
1678 1173 1728 1226 ci
1744 1171 2009 1243 proprie-

362 1274 544 1325 tatem
594 1266 907 1332 sermonis,
958 1264 1310 1331 doctrinam,
1356 1278 1586 1325 curam,
1645 1260 2009 1331 diligentiam

362 1363 417 1415 et
443 1372 697 1414 acumen
722 1357 1032 1418 testantur,
1063 1367 1185 1407 non
1216 1367 1459 1406 necesse
1485 1351 1739 1412 videtur,
1777 1355 1834 1403 ut
1863 1348 2009 1403 mul-

361 1452 421 1504 ta
437 1450 488 1518 ej
500 1446 637 1501 usin
650 1443 891 1501 laudem
908 1454 1395 1497 commemorem.
1414 1439 1563 1494 lllud
1577 1442 1811 1494 tantum
1826 1436 2006 1503 addo,

360 1536 540 1599 nulla,
588 1538 686 1590 aut
714 1537 867 1588 certe
897 1529 1263 1603 paucissima
1301 1528 1650 1583 Litterarum
1702 1542 2007 1582 sacrarum

359 1624 667 1685 vocabula,
709 1638 844 1693 quae
884 1620 944 1675 in
991 1623 1250 1690 quatuor
1294 1616 1623 1685 Evangeliis
1670 1615 1762 1669 vel
1810 1614 2010 1669 minus

362 1717 583 1779 Graeca,
614 1711 707 1767 vel
733 1711 1007 1775 obscura,
1042 1712 1379 1767 occurrunt,
1410 1705 1487 1759 ab
1509 1705 1621 1759 hoc
1653 1702 2009 1775 praetermis-

362 1820 429 1859 sa
454 1819 603 1871 esse,
635 1801 781 1872 quin
802 1796 1112 1854 vocabulis
1138 1794 1331 1862 magis
1362 1793 1691 1864 perspicuis
1715 1796 1771 1847 ct
1794 1791 2007 1863 proba-

359 1890 673 1946 bilioribus
702 1885 1016 1957 explicarit.
1060 1885 1287 1936 Nexum
1317 1880 1604 1935 orationis
1634 1884 1690 1934 et
1719 1879 2008 1933 narratio-

362 1995 507 2034 num
521 1994 647 2032 cum
664 1973 1059 2044 singulorum,
1074 1974 1200 2025 tum
1215 1968 1476 2040 plurium
1491 1967 2007 2037 evangelistarum,

362 2068 707 2124 acutissime
725 2058 1137 2119 animadvertit
1153 2073 1221 2112 ac
1246 2060 1413 2112 notat
1434 2072 1449 2109 :
1469 2055 1809 2110 dissensum
1838 2053 2009 2109 facile

364 2163 419 2214 et
450 2153 738 2212 subtiliter
778 2148 1103 2223 componit.
1147 2147 1269 2203 Etsi
1304 2148 1506 2202 autem
1536 2144 1724 2199 multa
1761 2144 2012 2215 Chryso-

364 2253 579 2311 stomo,
614 2239 1104 2317 praestantissimo
1129 2236 1282 2291 inter
1306 2238 1547 2298 veteres,
1582 2248 1651 2288 ac
1674 2249 1826 2304 pene
1850 2231 2012 2287 dixe-

363 2337 500 2400 rim,
540 2334 643 2389 uni
674 2328 975 2402 interpreti
999 2325 1221 2382 debet:
1272 2322 1463 2379 multa
1501 2323 1640 2378 item
1689 2337 1761 2376 ex
1809 2320 2011 2376 multis

2120 1173 2219 1236 tia,
2250 1177 2325 1237 et,
2360 1188 2493 1245 qua:
2531 1175 2625 1229 his
2656 1176 2824 1231 libris
2856 1177 2913 1232 in
2947 1179 3153 1249 primis
3195 1179 3458 1243 debetur,
3506 1182 3623 1237 ﬁde
3659 1184 3769 1238 viri

2117 1260 2369 1323 honesti,
2388 1263 2547 1318 haud
2561 1264 2713 1319 adeo
2739 1265 3051 1322 difficulter
3083 1284 3333 1323 veruma
3355 1268 3505 1324 falso
3535 1287 3772 1341 separa-

2118 1353 2231 1403 tur.
2268 1351 2385 1406 Etsi
2412 1356 2607 1407 autem
2641 1354 3025 1424 Euthymium
3059 1356 3200 1411 satis
3232 1356 3574 1425 diligentem
3621 1363 3677 1413 et
3702 1360 3769 1413 ii-

2117 1437 2313 1494 delem
2355 1442 2624 1509 cognovi,
2676 1447 2863 1497 tamen
2918 1444 3215 1499 interdum
3258 1445 3388 1500 loca
3434 1446 3763 1503 litterarum

2119 1543 2429 1583 sacrarum
2461 1544 2581 1584 non
2609 1546 2679 1585 ex
2710 1529 2892 1585 Libris
2915 1532 3120 1597 sacris,
3156 1532 3263 1588 sed
3285 1550 3354 1588 ex
3390 1536 3767 1590 Commenta-

2118 1615 2217 1670 riis
2240 1617 2858 1688 interpretumlaudat.
2886 1622 3014 1685 Qua
3039 1621 3111 1675 de
3134 1637 3194 1675 re
3220 1618 3533 1692 aliquoties
3557 1624 3768 1677 monui

2117 1702 2177 1757 in
2205 1705 2838 1762 animadversionibus.
2876 1710 3240 1779 Deprehendi
3268 1712 3443 1766 etiam
3476 1710 3767 1766 vocabula

2119 1792 2195 1847 ab
2226 1794 2356 1864 ipso
2387 1796 2641 1865 primum
2665 1796 2843 1861 illata,
2865 1798 3152 1853 nonnulla
3177 1797 3356 1853 etiam
3383 1800 3625 1865 omissa,
3659 1798 3766 1853 sed

2119 1881 2425 1951 pauciora.
2463 1884 2707 1939 Codices
2730 1885 3175 1953 Evangeliorum
3206 1891 3404 1941 autem
3432 1903 3568 1941 cum
3597 1888 3763 1941 Com~

2119 1970 2421 2025 mentariis
2467 1974 2519 2025 et
2552 1974 2791 2037 catenis,
2841 1973 3011 2027 sicuti
3056 1974 3527 2046 Thcophylactus
3558 1976 3763 2041 etiam,

2120 2057 2195 2112 ad
2224 2074 2437 2113 manus
2480 2059 2691 2113 habuit
2731 2060 3043 2131 ejusmodi,
3076 2063 3416 2131 cujusmodi
3469 2069 3600 2117 sunt
3645 2063 3765 2118 mei

2118 2149 2498 2219 Mosquenses
2544 2165 2595 2201 a.
2627 2149 2685 2201 d.
2715 2165 2765 2203 e.
2800 2167 2859 2220 g.
2916 2154 2995 2213 lO,
3042 2149 3115 2204 de
3160 2151 3378 2221 quibus
3426 2152 3672 2221 exposui
3702 2153 3767 2205 in

2120 2234 2465 2291 Prtefatione
2485 2252 2629 2291 meae
2649 2237 2789 2291 Novi
2811 2238 3165 2292 Testamenti
3186 2238 3458 2293 editionis
3482 2239 3557 2293 ad
3582 2242 3766 2293 Evan-

2121 2322 2341 2392 gelium
2389 2324 2586 2379 Marci.
2642 2327 2857 2379 Horum
2906 2324 3243 2380 simillimos
3291 2325 3346 2379 in
3403 2326 3771 2381 bibliotheca

364 2426 495 2482 aliis
525 2422 760 2480 hausit:
791 2433 1001 2475 omnes
1031 2414 1191 2471 enim
1211 2416 1345 2469 ante
1376 2428 1437 2468 se
1458 2409 1832 2467 consuluisse
1858 2409 2011 2465 vide-
2042 2436 2089 2492 B
2122 2413 2387 2467 Parisina
2420 2417 2477 2467 et
2522 2412 2961 2468 Vindobonensi
3009 2414 3248 2479 servari,
3296 2414 3545 2483 cognovi
3573 2430 3641 2468 ex
3673 2414 3770 2469 Bi-

364 2520 460 2571 tur
485 2516 829 2584 interpretes
856 2525 867 2564 :
898 2513 1096 2565 tamen
1118 2504 1180 2559 in
1205 2506 1489 2573 promptu
1514 2504 1818 2570 sunt,quaa
1832 2499 1909 2554 ab
1927 2500 2008 2569 ip~

366 2604 491 2659 sius
524 2602 814 2665 doctrina,
853 2595 1046 2653 studio
1076 2598 1133 2648 et
1164 2591 1401 2660 ingenio
1433 2592 1831 2645 accesserunt.
1865 2588 2010 2651 Qui-

362 2695 479 2750 bus
510 2707 649 2763 ergo
680 2689 873 2746 adhuc
903 2686 1141 2755 ignotus
1172 2684 1259 2735 est
1288 2677 1657 2750 Euthymius,
1687 2677 1789 2740 eis,
1832 2681 1895 2730 ut
1924 2675 2009 2729 in-

363 2784 650 2846 notescat,
682 2774 993 2838 suaserim,
1034 2774 1098 2826 ut
1128 2768 1337 2824 saltem
1374 2766 1583 2821 ultima
1612 2765 1723 2820 tria
1754 2766 2011 2834 Evange-

362 2872 421 2927 lii
450 2869 702 2927 Matthaai
742 2865 929 2935 capita
967 2860 1337 2932 perlustrent.
1374 2857 1532 2909 Hanc
1572 2853 1730 2908 enim
1761 2867 2009 2921 evange-

364 2962 491 3018 licae
535 2955 894 3015 narrationis
937 2954 1164 3023 partem
1205 2950 1262 3002 et
1303 2961 1339 3001 a
1391 2944 1837 3014 Chrysostomo,
1875 2945 1930 2997 et
1973 2958 2010 2997 a

365 3049 601 3122 Cyrillo,
656 3050 713 3101 et
736 3044 812 3100 ab
843 3041 964 3096 aliis
1016 3035 1315 3092 veteribus
1359 3030 1758 3122 negligentius
1798 3034 2006 3085 tracta-

363 3119 487 3196 tam
508 3130 892 3209 deprehendi.
919 3132 998 3183 Ex
1020 3123 1286 3194 Origenis
1303 3128 1522 3184 autem,
1554 3119 1777 3182 nescio,
1807 3122 2007 3209 utrum

361 3230 560 3286 dicam
587 3205 1081 3281 Commentariis,
1132 3228 1210 3269 an
1242 3208 1730 3272 cavillationibus,
1774 3205 2007 3261 etiamsi

363 3319 564 3376 omnia
594 3315 721 3385 ejus
751 3309 964 3379 scripta
1004 3304 1081 3360 ad
1122 3316 1338 3357 manus
1364 3297 1657 3366 habuerit,
1701 3294 1849 3350 nihil
1877 3311 2009 3366 pro-

359 3411 535 3465 ﬁcere
556 3384 763 3478 potuit.
786 3401 1051 3458 Textum,
1080 3408 1260 3463 quem
1291 3384 2005 3478 vocant,_Evangeﬂlior.um

360 3471 840 3564 multo-quidem
894 3480 1238 3544 modestius,
1290 3474 1624 3564 accuratius
1679 3476 1735 3525 et
1770 3471 2007 3564 ﬁdelius

359 3560 654 3644 tractavit,
686 3591 872 3649 quam
921 3564 1282 3625 consuetudo
1315 3560 1420 3616 fuit
1466 3560 1702 3649 illorum
1735 3562 1790 3613 et
1832 3572 2005 3649 supe-

357 3674 583 3729 riorum
634 3645 967 3734 temporum
1020 3655 1425 3724 interpretum.
1490 3648 1769 3717 Origenes
1823 3645 2001 3711 enim,

358 3764 606 3834 ejusque
623 3754 845 3812 nimius
867 3746 1192 3805 admirator
1206 3756 1273 3796 ac
1287 3738 1566 3800 imitator,
1584 3737 2000 3834 llieronymus,

356 3824 418 3908 in
444 3824 646 3905 multis
675 3842 897 3904 leviter,
926 3837 984 3891 in
1016 3833 1143 3889 aliis
1174 3826 1489 3901 perﬁdiose
1521 3824 1700 3880 etiam
1733 3827 1998 3892 egerunt.

358 3940 815 4011 Chrysostomus
830 3930 1051 3986 autem,
1072 3915 1434 3977 abundantis
1446 3912 1739 4011 facundiae
1755 3910 2001 3965 ﬂumine

356 4000 664 4098 abreptus,
702 4018 921 4076 multos
950 4012 1305 4081 scriptorum
1344 4016 1651 4059 sacrorum
1684 4000 1847 4055 locos
1870 4003 2002 4098 tur-

353 4087 532 4182 bavit,
575 4109 808 4183 disjecit
853 4110 909 4161 et
955 4096 1269 4173 oppressit.
1314 4099 1394 4149 Ac
1440 4091 1731 4183 profecto,
1771 4089 1817 4183 si
1870 4087 1996 4141 libri

353 4178 852 4274 evangelistarum
878 4198 933 4250 et
963 4186 1376 4262 apostolorum
1401 4196 1506 4274 per
1538 4178 1697 4274 solos
1718 4178 1998 4247 interpre-

352 4301 463 4361 tes,
494 4266 885 4362 dogmaticos,
922 4277 1229 4338 homiletas
1258 4277 1313 4363 et
1344 4273 1575 4325 ascetas
1610 4266 1685 4321 ad
1720 4281 1834 4363 nos
1860 4280 1990 4363 per-

350 4353 675 4446 venissevnt,
709 4375 939 4434 dudum
967 4370 1029 4425 in
1063 4364 1245 4422 dubio
1271 4353 1665 4446 versaremur,
1695 4353 1839 4426 quid
1870 4360 1995 4446 tan-

528 4470 612 4524 illi
663 4440 1023 4535 scripserint.
1076 4458 1242 4511 Nunc
1290 4452 1487 4505 autem
1536 4444 1737 4516 plures
1788 4440 1993 4535 scribas

350 4563 622 4620 codicum
667 4534 847 4615 docti,
876 4546 1076 4604 attenti
1107 4547 1163 4598 et
1202 4538 1424 4601 ﬁdeles,
1458 4549 1669 4607 parum
1713 4534 1991 4587 curantes

348 4654 429 4724 (a)
454 4644 931 4718 dogmaticorum
961 4638 1015 4691 et
1040 4632 1424 4724 interpretum
1455 4622 1546 4724 vel
1579 4620 1992 4724 perlevitatem

347 4710 867 4808 etlnegligentiam,
898 4724 993 4783 vel
1011 4737 1116 4796 per
1132 4720 1398 4808 fraudem
1426 4719 1483 4770 et
1508 4710 1819 4808 malitiam,
1852 4724 1988 4808 con.

344 4796 434 4888 trra
482 4796 751 4884 codicum
780 4796 964 4875 ﬁdem
1013 4816 1070 4868 et
1098 4805 1504 4866 auctoritatem
1550 4799 1748 4888 illatas
1793 4796 1992 4888 lectio-

344 4887 452 4977 nes
505 4922 559 4973 et
608 4908 951 4974 sententias,
994 4903 1075 4969 id,
1126 4896 1288 4971 quod
1336 4894 1395 4949 in
1443 4890 1565 4946 suis
1610 4887 1990 4977 Novi__Testa-

344 4974 528 5066 menti
559 5000 868 5061 codicibus
897 4988 1291 5066 reperiebant,
1320 4984 1379 5038 in
1411 4995 1608 5042 suum,
1642 4976 1699 5031 in
1735 4974 1987 5066 aliorum

341 5062 677 5160 hominum,
711 5092 770 5145 in
801 5062 1076 5143 Ecclesiae
1102 5091 1278 5134 usum
1310 5070 1611 5145 publicum
1645 5062 1990 5121 transcribe-
2024 5119 2069 5172 D

413 5294 494 5363 (a)
525 5286 841 5349 Recordor,
881 5278 1103 5338 alicubi
1147 5275 1207 5329 in
1248 5266 1477 5340 scriptis
1503 5260 1989 5363 Alichqeﬁzf,:1iri

344 5336 1038 5440 perillustrisiea’mdem
1069 5336 1987 5440 expressamﬂesseﬂs‘elnt‘e‘ntmmri

913 5438 1070 5480 nunc
1094 5401 1212 5475 nén
1241 5422 1511 5495 poteram
1541 5401 1991 5495 reperire.‘l‘l:l.u_d

346 5473 462 5495 ωειλ
490 5473 692 5491 mea...
1244 5473 1257 5486 ,
1423 5483 1432 5493 ο
1610 5473 1620 5478 _
1720 5478 1727 5485 Ι
1877 5474 1886 5483 '
1975 5473 1986 5483 '

346 5517 544 5567 autem
573 5503 763 5563 Critici
797 5497 1089 5555 acutiores
1136 5494 1192 5546 et
1223 5505 1258 5543 a
1282 5490 1540 5558 partium
1564 5473 1989 5567 .studiojalieni

346 5544 544 5567 αυιῡω
574 5544 763 5563 υιιιινι
797 5544 1015 5555 νινυιν-ν-
1034 5544 1081 5549 -Ὕ
1148 5544 1157 5545 κ
1180 5544 1188 5546 ἡ
1285 5544 1302 5558 ⁸

343 5584 565 5639 norunt
585 5591 819 5638 omnes,
848 5572 907 5626 in
946 5569 1163 5624 horum
1194 5571 1445 5617 numero
1474 5551 1638 5609 nullo
1663 5547 1845 5604 modo
1874 5544 1988 5600 ha-

2119 2501 2340 2556 chardo
2369 2501 2656 2566 Simonio,
2689 2500 3011 2565 Lambecio,
3031 2502 3385 2557 Treschovio
3414 2508 3470 2557 et
3500 2503 3768 2572 nuperri-

2119 2605 2215 2645 me
2240 2607 2310 2644 ex
2343 2590 2553 2645 Altero.
2592 2590 2819 2645 Similes
2863 2590 3037 2645 etiam
3096 2590 3355 2645 Birchius
3386 2591 3652 2646 adhibuit
3698 2592 3759 2645 in

2118 2678 2374 2734 editione
2416 2679 2758 2744 Hauniensi,
2810 2678 2889 2733 uti
2922 2694 2991 2733 ex
3028 2678 3329 2733 nonnullis
3373 2680 3450 2734 ab
3495 2696 3564 2734 eo
3594 2678 3768 2733 editis

2118 2766 2331 2836 colligo
2355 2766 2611 2823 scholiis.
2639 2768 2693 2823 Si
2718 2782 2857 2836 ergo
2881 2765 3235 2838 Euthymius
3252 2785 3387 2823 cum
3416 2769 3518 2839 huj
3531 2768 3767 2823 usmodi

2117 2857 2437 2919 codicibus,
2462 2861 2562 2911 aut
2588 2873 2725 2911 cum
2750 2857 3182 2926 Cbrysostomo,
3208 2857 3462 2928 aliisque
3486 2858 3769 2927 interpre-

2119 2944 2274 2999 tibus
2304 2946 2611 3015 consentit,
2647 2944 2775 3015 ejus
2806 2949 3014 3000 contra
3040 2944 3311 2999 meliores
3342 2944 3574 2999 codices
3603 2944 3767 2999 nulla

2118 3037 2311 3104 potest
2358 3048 2485 3087 esse
2517 3033 2854 3089 auctoritas.
2893 3031 3041 3086 Illud
3086 3032 3263 3087 etiam
3318 3033 3377 3087 in
3423 3033 3762 3102 Euthymio,

2119 3122 2286 3176 sicuti
2317 3122 2376 3176 in
2408 3119 2678 3193 pluribus
2726 3122 2937 3176 Graecis
2968 3125 3026 3175 et
3056 3120 3279 3175 Latinis
3321 3120 3765 3191 interpretibus,

2118 3209 2403 3281 displicet,
2448 3210 2610 3281 quod
2657 3212 2981 3281 ἀντιγράφων
3038 3209 3399 3263 vocabulum
3462 3207 3768 3263 indeﬁnite

2118 3299 2380 3368 adhibet,
2413 3315 2534 3353 non
2566 3298 2639 3353 de
2685 3298 2821 3353 solis
2856 3297 3000 3352 Novi
3036 3298 3388 3352 Testamenti
3438 3296 3764 3361 codicibus,

2118 3388 2213 3440 sed
2246 3386 2319 3439 de
2351 3387 2734 3456 interpretum
2766 3386 2945 3438 etiam
2973 3385 3434 3439 Commentariis.
3471 3384 3583 3439 Sed
3620 3383 3769 3438 illud

2116 3476 2321 3528 vitium
2360 3490 2677 3528 commune
2717 3472 3023 3542 quondam
3066 3472 3190 3525 fuit.
3228 3476 3309 3526 Ita
3340 3472 3768 3527 recentioribus

2114 3563 2291 3617 etiam
2318 3561 2690 3632 temporibus,
2722 3562 2957 3614 inventa
2974 3564 3096 3614 arte
3116 3561 3571 3631 typographica,
3597 3560 3767 3615 multi

2115 3667 2184 3705 ex
2212 3650 2423 3705 criticis
2444 3655 2500 3704 et
2520 3648 2840 3703 editoribus
2862 3648 3053 3703 editos
3078 3649 3251 3703 etiam
3275 3648 3459 3703 libros
3486 3650 3764 3705 codicum

2069 3783 2081 3801 ,
2114 3743 2169 3794 et
2194 3738 2620 3809 exemplarium
2650 3736 2885 3792 nomine
2905 3737 3299 3808 appellarunt.
3333 3740 3399 3793 Ut
3417 3744 3616 3793 autem
3650 3739 3762 3793 hos

2114 3828 2583 3884 Commentarios
2608 3826 2868 3893 ederem,
2901 3826 2959 3880 in
2992 3827 3193 3897 primis
3214 3843 3307 3881 me
3339 3831 3763 3897 permoverunt

2112 3924 2192 3973 tot
2241 3917 2715 3972 doctissimorum
2748 3915 3031 3980 virorum,
3069 3917 3447 3987 maximeque
3492 3916 3763 3971 Richardi

2113 4006 2377 4070 Simouii,
2412 4006 2484 4060 de
2515 4006 2581 4059 iis
2606 4005 2865 4074 judicia;
2895 4004 3110 4058 deinde
3142 4005 3262 4059 duo
3286 4004 3762 4075 praestantissimi

2108 4095 2343 4151 codices
2371 4095 2797 4165 Mosquenses;
2827 4092 3084 4162 denique
3107 4107 3345 4147 summa
3370 4092 3549 4161 hujus
3580 4092 3762 4147 libelli

2108 4184 2336 4240 raritas.
2372 4180 2612 4237 Mirabili
2660 4182 2819 4236 enim
2868 4196 3017 4235 casu
3065 4179 3297 4235 videtur
3348 4178 3662 4248 accidisse,
3698 4183 3763 4234 ut

2105 4272 2256 4326 inter
2286 4276 2368 4327 tot
2402 4268 2644 4325 Joannis
2683 4268 2943 4323 llentenii
2991 4266 3282 4322 editiones
3326 4266 3615 4321 versionis
3656 4267 3761 4322 La-

2106 4362 2243 4417 tina:
2273 4360 2374 4415 vix
2401 4374 2522 4414 una
2566 4358 2809 4428 reperiri
2862 4356 3070 4429 possit.
3126 4355 3412 4427 Equidem
3447 4356 3604 4411 certe
3654 4369 3762 4424 per

2103 4465 2288 4504 annos
2318 4447 2636 4503 duodecim
2667 4445 2884 4501 frustra
2906 4445 2997 4500 vel
3028 4460 3217 4499 unum
3250 4442 3392 4499 mihi
3414 4441 3761 4513 exemplum

2101 4538 2369 4611 quaesivi,
2398 4553 2466 4593 ac
2484 4540 2783 4608 postremo
2810 4535 3053 4590 tandem
3081 4533 3278 4597 didici,
3312 4532 3389 4588 ab
3421 4530 3553 4587 aliis
3578 4532 3762 4587 etiam

2100 4634 2251 4699 inter
2305 4626 2489 4681 libros
2536 4624 2791 4679 rariores
2849 4623 3067 4677 referri.
3131 4625 3187 4676 In
3247 4620 3538 4693 principio
3580 4620 3760 4691 hujus

2100 4715 2371 4772 editionis
2394 4730 2535 4784 ergo
2568 4729 2713 4767 usus
2742 4728 2877 4766 sum
2904 4717 3062 4767 tomo
3098 4712 3205 4765 XIX
3237 4709 3614 4765 bibliothecae
3638 4724 3762 4764 ma-

2098 4807 2274 4861 ximm
2306 4801 2718 4873 Lugdunensis
2747 4806 2896 4866 1677,
2931 4816 3109 4872 quem
3132 4799 3271 4854 mihi
3298 4815 3371 4854 ex
3401 4797 3763 4854 bibliotheca

2099 4893 2449 4967 amplissimi
2484 4896 2727 4946 senatus
2764 4890 3079 4962 Lipsiensis
3110 4888 3606 4943 commodaverat
3632 4902 3762 4959 per-

2098 4984 2337 5041 illustris
2377 4982 2669 5049 Mullerus,
2720 4979 3100 5035 serenissimo
3146 4978 3416 5034 Saxoniae
3458 4976 3695 5033 electori
3724 4991 3761 5031 δ.

2100 5073 2359 5131 consiliis
2406 5070 2633 5127 bellicis
2680 5068 3115 5133 secretioribus,
3190 5066 3560 5138 civitatisque
3623 5064 3760 5135 Lip-

2102 5252 2332 5307 bcndos
2351 5267 2481 5305 esse
2514 5248 2741 5304 scribas
2774 5250 3047 5323 Codicum
3084 5244 3608 5323 Cantabrigiensis,
3641 5241 3763 5323 Cla-

2102 5323 2464 5383 romontani.
2504 5319 3060 5389 Sangermanensis,
3098 5319 3428 5391 Augiensi‘s,
3461 5317 3765 5391 Boerneri—

2105 5397 2224 5461 ani,
2250 5385 2725 5465 czeterorumquc
2760 5391 2889 5460 ejus
2922 5388 3427 5465 generis_._Se_dAde
3449 5385 3761 5465 Cantabri:

2104 5457 2293 5537 giensi
2336 5470 2391 5519 et
2444 5457 2858 5537 Roern'erian'o,
2916 5457 2970 5537 si
3022 5460 3370 5537 prodierint,
3404 5457 3606 5529 plures
3653 5457 3764 5510 viri

2103 5530 2259 5594 docti
2287 5537 2479 5592 verius
2511 5539 2568 5590 et
2594 5532 2928 5589 accuratius
2952 5530 3327 5600 judicabunt.

3389 5822 3549 5922 θ’,
