  <div class='ocr_page' id='page_1' title='image "/cluster/home/n/w/nwhite01/storage/ocr_20150623/129/hvd.32044073502395/012.png"; bbox 0 0 3976 6222; ppageno 0'>
   <div class='ocr_carea' id='block_1_1' title="bbox 150 289 3536 358">
    <p class='ocr_par' dir='ltr' id='par_1_1' title="bbox 150 289 3536 358">
     <span class='ocr_line' id='line_1_1' title="bbox 150 289 3536 358; baseline -0.001 0"><span class='ocrx_word' id='word_1_1' title='bbox 150 297 204 358; x_wconf 79' lang='lat' dir='ltr'>t3</span> <span class='ocrx_word' id='word_1_2' title='bbox 1643 289 2020 354; x_wconf 67' lang='lat' dir='ltr'>PR/EFATIO</span> <span class='ocrx_word' id='word_1_3' title='bbox 3469 293 3536 354; x_wconf 61' lang='grc'>44</span> 
     </span>
    </p>
   </div>
   <div class='ocr_carea' id='block_1_2' title="bbox 151 415 3538 496">
    <p class='ocr_par' dir='ltr' id='par_1_2' title="bbox 151 415 3538 496">
     <span class='ocr_line' id='line_1_2' title="bbox 151 415 3538 496; baseline -0.001 -15"><span class='ocrx_word' id='word_1_4' title='bbox 151 426 336 481; x_wconf 86' lang='lat' dir='ltr'>siensis</span> <span class='ocrx_word' id='word_1_5' title='bbox 356 423 585 480; x_wconf 82' lang='lat' dir='ltr'>consul.</span> <span class='ocrx_word' id='word_1_6' title='bbox 617 424 796 496; x_wconf 78' lang='lat' dir='ltr'>Typis</span> <span class='ocrx_word' id='word_1_7' title='bbox 820 423 952 496; x_wconf 90' lang='lat' dir='ltr'>jam</span> <span class='ocrx_word' id='word_1_8' title='bbox 992 438 1275 496; x_wconf 90' lang='lat' dir='ltr'>expresso</span> <span class='ocrx_word' id='word_1_9' title='bbox 1307 423 1447 480; x_wconf 81' lang='lat' dir='ltr'>folio</span> <span class='ocrx_word' id='word_1_10' title='bbox 1493 427 1661 480; x_wconf 85' lang='lat' dir='ltr'>sexto</span> <span class='ocrx_word' id='word_1_11' title='bbox 1693 423 1771 479; x_wconf 92' lang='lat' dir='ltr'>ad</span> <span class='ocrx_word' id='word_1_12' title='bbox 1803 424 1851 478; x_wconf 83' lang='lat' dir='ltr'>A</span> <span class='ocrx_word' id='word_1_13' title='bbox 1882 437 2004 496; x_wconf 90' lang='lat' dir='ltr'>quo</span> <span class='ocrx_word' id='word_1_14' title='bbox 2036 425 2236 478; x_wconf 89' lang='lat' dir='ltr'>tamen</span> <span class='ocrx_word' id='word_1_15' title='bbox 2268 421 2444 476; x_wconf 87' lang='lat' dir='ltr'>valde</span> <span class='ocrx_word' id='word_1_16' title='bbox 2481 415 2712 477; x_wconf 89' lang='lat' dir='ltr'>dubito.</span> <span class='ocrx_word' id='word_1_17' title='bbox 2756 417 3060 476; x_wconf 84' lang='lat' dir='ltr'>Parisinus</span> <span class='ocrx_word' id='word_1_18' title='bbox 3087 419 3248 485; x_wconf 73' lang='grc'><strong>2401,</strong></span> <span class='ocrx_word' id='word_1_19' title='bbox 3279 435 3315 477; x_wconf 84' lang='lat' dir='ltr'>a</span> <span class='ocrx_word' id='word_1_20' title='bbox 3350 433 3538 478; x_wconf 89' lang='lat' dir='ltr'>manu</span> 
     </span>
    </p>
   </div>
   <div class='ocr_carea' id='block_1_3' title="bbox 153 513 1771 588">
    <p class='ocr_par' dir='ltr' id='par_1_3' title="bbox 153 513 1771 588">
     <span class='ocr_line' id='line_1_3' title="bbox 153 513 1771 588; baseline -0.002 -18"><span class='ocrx_word' id='word_1_21' title='bbox 153 516 402 588; x_wconf 79' lang='lat' dir='ltr'>paginam</span> <span class='ocrx_word' id='word_1_22' title='bbox 432 513 520 568; x_wconf 85' lang='lat'>96.</span> <span class='ocrx_word' id='word_1_23' title='bbox 559 513 821 585; x_wconf 80' lang='lat' dir='ltr'>Heynius</span> <span class='ocrx_word' id='word_1_24' title='bbox 850 514 1050 578; x_wconf 88' lang='lat' dir='ltr'>etiam,</span> <span class='ocrx_word' id='word_1_25' title='bbox 1080 513 1505 584; x_wconf 88' lang='lat' dir='ltr'>augustissimo</span> <span class='ocrx_word' id='word_1_26' title='bbox 1545 516 1771 584; x_wconf 69' lang='lat' dir='ltr'>Magnae</span> 
     </span>
    </p>
   </div>
   <div class='ocr_carea' id='block_1_4' title="bbox 158 601 1772 672">
    <p class='ocr_par' dir='ltr' id='par_1_4' title="bbox 158 601 1772 672">
     <span class='ocr_line' id='line_1_4' title="bbox 158 601 1772 672; baseline -0.003 -14"><span class='ocrx_word' id='word_1_27' title='bbox 158 602 422 658; x_wconf 76' lang='lat' dir='ltr'>Britanniae</span> <span class='ocrx_word' id='word_1_28' title='bbox 464 602 594 671; x_wconf 84' lang='lat' dir='ltr'>regi</span> <span class='ocrx_word' id='word_1_29' title='bbox 626 617 662 656; x_wconf 91' lang='lat' dir='ltr'>a</span> <span class='ocrx_word' id='word_1_30' title='bbox 687 601 951 656; x_wconf 87' lang='lat' dir='ltr'>consiliis</span> <span class='ocrx_word' id='word_1_31' title='bbox 1000 601 1230 664; x_wconf 82' lang='lat' dir='ltr'>aulicis,</span> <span class='ocrx_word' id='word_1_32' title='bbox 1264 601 1351 656; x_wconf 84' lang='lat' dir='ltr'>vir</span> <span class='ocrx_word' id='word_1_33' title='bbox 1396 601 1772 672; x_wconf 88' lang='lat' dir='ltr'>perillustris,</span> 
     </span>
    </p>
   </div>
   <div class='ocr_carea' id='block_1_5' title="bbox 157 690 1773 760">
    <p class='ocr_par' dir='ltr' id='par_1_5' title="bbox 157 690 1773 760">
     <span class='ocr_line' id='line_1_5' title="bbox 157 690 1773 760; baseline -0.002 -13"><span class='ocrx_word' id='word_1_34' title='bbox 157 691 216 747; x_wconf 79' lang='lat' dir='ltr'>ad</span> <span class='ocrx_word' id='word_1_35' title='bbox 234 707 305 746; x_wconf 86' lang='lat' dir='ltr'>me</span> <span class='ocrx_word' id='word_1_36' title='bbox 321 691 648 746; x_wconf 76' lang='lat' dir='ltr'>transmisit</span> <span class='ocrx_word' id='word_1_37' title='bbox 671 691 1003 754; x_wconf 82' lang='lat' dir='ltr'>editionem,</span> <span class='ocrx_word' id='word_1_38' title='bbox 1021 695 1082 744; x_wconf 88' lang='lat' dir='ltr'>ut</span> <span class='ocrx_word' id='word_1_39' title='bbox 1105 690 1380 755; x_wconf 84' lang='lat' dir='ltr'>arbitror,</span> <span class='ocrx_word' id='word_1_40' title='bbox 1415 690 1773 760; x_wconf 86' lang='lat' dir='ltr'>principem,</span> 
     </span>
    </p>
   </div>
   <div class='ocr_carea' id='block_1_6' title="bbox 153 778 1777 835">
    <p class='ocr_par' dir='ltr' id='par_1_6' title="bbox 153 778 1777 835">
     <span class='ocr_line' id='line_1_6' title="bbox 153 778 1777 835; baseline -0.002 0"><span class='ocrx_word' id='word_1_41' title='bbox 153 781 549 835; x_wconf 83' lang='lat' dir='ltr'>Lovaniensem</span> <span class='ocrx_word' id='word_1_42' title='bbox 593 781 755 835; x_wconf 77' lang='grc'><strong>1544.</strong></span> <span class='ocrx_word' id='word_1_43' title='bbox 800 779 1116 834; x_wconf 89' lang='lat' dir='ltr'>Codicibus</span> <span class='ocrx_word' id='word_1_44' title='bbox 1149 782 1334 834; x_wconf 82' lang='lat' dir='ltr'>textus</span> <span class='ocrx_word' id='word_1_45' title='bbox 1367 779 1548 833; x_wconf 70' lang='lat' dir='ltr'>Graeci</span> <span class='ocrx_word' id='word_1_46' title='bbox 1577 778 1777 833; x_wconf 89' lang='lat' dir='ltr'>adhuc</span> 
     </span>
    </p>
   </div>
   <div class='ocr_carea' id='block_1_7' title="bbox 148 866 1778 938">
    <p class='ocr_par' dir='ltr' id='par_1_7' title="bbox 148 866 1778 938">
     <span class='ocr_line' id='line_1_7' title="bbox 148 866 1778 938; baseline 0 -16"><span class='ocrx_word' id='word_1_47' title='bbox 148 868 324 922; x_wconf 88' lang='lat' dir='ltr'>inediti</span> <span class='ocrx_word' id='word_1_48' title='bbox 354 883 492 921; x_wconf 89' lang='lat' dir='ltr'>usus</span> <span class='ocrx_word' id='word_1_49' title='bbox 525 884 653 922; x_wconf 90' lang='lat' dir='ltr'>sum</span> <span class='ocrx_word' id='word_1_50' title='bbox 696 867 934 922; x_wconf 86' lang='lat' dir='ltr'>duobus</span> <span class='ocrx_word' id='word_1_51' title='bbox 965 867 1443 938; x_wconf 86' lang='lat' dir='ltr'>Mosquensibus,</span> <span class='ocrx_word' id='word_1_52' title='bbox 1480 866 1778 922; x_wconf 90' lang='lat' dir='ltr'>membra-</span> 
     </span>
    </p>
   </div>
   <div class='ocr_carea' id='block_1_8' title="bbox 150 955 1780 1026">
    <p class='ocr_par' dir='ltr' id='par_1_8' title="bbox 150 955 1780 1026">
     <span class='ocr_line' id='line_1_8' title="bbox 150 955 1780 1026; baseline -0.001 -16"><span class='ocrx_word' id='word_1_53' title='bbox 150 957 344 1012; x_wconf 86' lang='lat' dir='ltr'>naceis.</span> <span class='ocrx_word' id='word_1_54' title='bbox 370 957 637 1011; x_wconf 80' lang='lat' dir='ltr'>auctoris</span> <span class='ocrx_word' id='word_1_55' title='bbox 681 961 854 1011; x_wconf 63' lang='lat' dir='ltr'>aetate</span> <span class='ocrx_word' id='word_1_56' title='bbox 891 955 1151 1026; x_wconf 80' lang='lat' dir='ltr'>scriptis.</span> <span class='ocrx_word' id='word_1_57' title='bbox 1186 955 1344 1010; x_wconf 82' lang='lat' dir='ltr'>Alter</span> <span class='ocrx_word' id='word_1_58' title='bbox 1364 957 1429 1010; x_wconf 87' lang='lat' dir='ltr'>A.</span> <span class='ocrx_word' id='word_1_59' title='bbox 1458 961 1544 1010; x_wconf 88' lang='lat' dir='ltr'>est</span> <span class='ocrx_word' id='word_1_60' title='bbox 1569 955 1780 1010; x_wconf 89' lang='lat' dir='ltr'>biblio-</span> 
     </span>
    </p>
   </div>
   <div class='ocr_carea' id='block_1_9' title="bbox 149 1043 1780 1117">
    <p class='ocr_par' dir='ltr' id='par_1_9' title="bbox 149 1043 1780 1117">
     <span class='ocr_line' id='line_1_9' title="bbox 149 1043 1780 1117; baseline -0.001 -18"><span class='ocrx_word' id='word_1_61' title='bbox 149 1044 307 1099; x_wconf 59' lang='lat' dir='ltr'>thecas</span> <span class='ocrx_word' id='word_1_62' title='bbox 331 1045 725 1117; x_wconf 76' lang='lat' dir='ltr'>typographei</span> <span class='ocrx_word' id='word_1_63' title='bbox 774 1044 1078 1116; x_wconf 82' lang='lat' dir='ltr'>synodalis</span> <span class='ocrx_word' id='word_1_64' title='bbox 1108 1043 1298 1098; x_wconf 82' lang='lat' dir='ltr'>in-t&#39;ol.</span> <span class='ocrx_word' id='word_1_65' title='bbox 1331 1059 1502 1100; x_wconf 89' lang='lat' dir='ltr'>num.</span> <span class='ocrx_word' id='word_1_66' title='bbox 1534 1045 1586 1106; x_wconf 80' lang='lat' dir='ltr'>l,</span> <span class='ocrx_word' id='word_1_67' title='bbox 1619 1059 1780 1098; x_wconf 91' lang='lat' dir='ltr'>com-</span> 
     </span>
    </p>
   </div>
   <div class='ocr_carea' id='block_1_10' title="bbox 151 1131 1777 1204">
    <p class='ocr_par' dir='ltr' id='par_1_10' title="bbox 151 1131 1777 1204">
     <span class='ocr_line' id='line_1_10' title="bbox 151 1131 1777 1204; baseline -0.002 -16"><span class='ocrx_word' id='word_1_68' title='bbox 151 1133 378 1204; x_wconf 89' lang='lat' dir='ltr'>plectens</span> <span class='ocrx_word' id='word_1_69' title='bbox 407 1133 548 1188; x_wconf 87' lang='lat' dir='ltr'>folia</span> <span class='ocrx_word' id='word_1_70' title='bbox 582 1133 708 1189; x_wconf 70' lang='grc'><strong>274.</strong></span> <span class='ocrx_word' id='word_1_71' title='bbox 739 1132 896 1188; x_wconf 80' lang='lat' dir='ltr'>Alter</span> <span class='ocrx_word' id='word_1_72' title='bbox 936 1135 975 1188; x_wconf 88' lang='grc' dir='ltr'><strong>Β</strong></span> <span class='ocrx_word' id='word_1_73' title='bbox 1003 1136 1091 1187; x_wconf 90' lang='lat' dir='ltr'>est</span> <span class='ocrx_word' id='word_1_74' title='bbox 1117 1131 1495 1188; x_wconf 71' lang='lat' dir='ltr'>bibliothecm</span> <span class='ocrx_word' id='word_1_75' title='bbox 1536 1133 1777 1186; x_wconf 87' lang='lat' dir='ltr'>sanctis-</span> 
     </span>
    </p>
   </div>
   <div class='ocr_carea' id='block_1_11' title="bbox 150 1220 1780 1292">
    <p class='ocr_par' dir='ltr' id='par_1_11' title="bbox 150 1220 1780 1292">
     <span class='ocr_line' id='line_1_11' title="bbox 150 1220 1780 1292; baseline 0 -17"><span class='ocrx_word' id='word_1_76' title='bbox 150 1223 294 1276; x_wconf 71' lang='lat' dir='ltr'>sima:</span> <span class='ocrx_word' id='word_1_77' title='bbox 335 1223 542 1292; x_wconf 74' lang='lat' dir='ltr'>synodi</span> <span class='ocrx_word' id='word_1_78' title='bbox 578 1222 638 1277; x_wconf 92' lang='lat' dir='ltr'>in</span> <span class='ocrx_word' id='word_1_79' title='bbox 665 1221 764 1277; x_wconf 86' lang='lat' dir='ltr'>fol.</span> <span class='ocrx_word' id='word_1_80' title='bbox 794 1237 960 1276; x_wconf 91' lang='lat' dir='ltr'>num.</span> <span class='ocrx_word' id='word_1_81' title='bbox 1014 1221 1172 1277; x_wconf 83' lang='lat' dir='ltr'>XLIX</span> <span class='ocrx_word' id='word_1_82' title='bbox 1215 1220 1492 1279; x_wconf 86' lang='lat' dir='ltr'>foliorum</span> <span class='ocrx_word' id='word_1_83' title='bbox 1538 1221 1663 1276; x_wconf 78' lang='grc'><strong>410.</strong></span> <span class='ocrx_word' id='word_1_84' title='bbox 1717 1221 1780 1275; x_wconf 90' lang='lat' dir='ltr'>In</span> 
     </span>
    </p>
   </div>
   <div class='ocr_carea' id='block_1_12' title="bbox 149 1307 1781 1379">
    <p class='ocr_par' dir='ltr' id='par_1_12' title="bbox 149 1307 1781 1379">
     <span class='ocr_line' id='line_1_12' title="bbox 149 1307 1781 1379; baseline -0.001 -15"><span class='ocrx_word' id='word_1_85' title='bbox 149 1309 238 1364; x_wconf 90' lang='lat' dir='ltr'>illo</span> <span class='ocrx_word' id='word_1_86' title='bbox 267 1315 442 1364; x_wconf 83' lang='lat' dir='ltr'>textus</span> <span class='ocrx_word' id='word_1_87' title='bbox 467 1309 924 1378; x_wconf 83' lang='lat' dir='ltr'>Evangeliorum</span> <span class='ocrx_word' id='word_1_88' title='bbox 959 1310 1210 1379; x_wconf 89' lang='lat' dir='ltr'>scriptus</span> <span class='ocrx_word' id='word_1_89' title='bbox 1239 1315 1329 1364; x_wconf 91' lang='lat' dir='ltr'>est</span> <span class='ocrx_word' id='word_1_90' title='bbox 1357 1309 1563 1364; x_wconf 85' lang='lat' dir='ltr'>litteris</span> <span class='ocrx_word' id='word_1_91' title='bbox 1604 1307 1781 1376; x_wconf 92' lang='lat' dir='ltr'>paulo</span> 
     </span>
    </p>
   </div>
   <div class='ocr_carea' id='block_1_13' title="bbox 147 1397 1781 1467">
    <p class='ocr_par' dir='ltr' id='par_1_13' title="bbox 147 1397 1781 1467">
     <span class='ocr_line' id='line_1_13' title="bbox 147 1397 1781 1467; baseline -0.001 -14"><span class='ocrx_word' id='word_1_92' title='bbox 147 1398 465 1467; x_wconf 85' lang='lat' dir='ltr'>majoribus.</span> <span class='ocrx_word' id='word_1_93' title='bbox 483 1397 966 1452; x_wconf 89' lang='lat' dir='ltr'>Commentarius</span> <span class='ocrx_word' id='word_1_94' title='bbox 981 1397 1332 1452; x_wconf 87' lang='lat' dir='ltr'>minoribus.</span> <span class='ocrx_word' id='word_1_95' title='bbox 1352 1401 1411 1452; x_wconf 90' lang='lat' dir='ltr'>In</span> <span class='ocrx_word' id='word_1_96' title='bbox 1426 1397 1539 1452; x_wconf 92' lang='lat' dir='ltr'>hoc</span> <span class='ocrx_word' id='word_1_97' title='bbox 1553 1397 1781 1452; x_wconf 76' lang='lat' dir='ltr'>easdem</span> 
     </span>
    </p>
   </div>
   <div class='ocr_carea' id='block_1_14' title="bbox 149 1485 1779 1556">
    <p class='ocr_par' dir='ltr' id='par_1_14' title="bbox 149 1485 1779 1556">
     <span class='ocr_line' id='line_1_14' title="bbox 149 1485 1779 1556; baseline 0 -16"><span class='ocrx_word' id='word_1_98' title='bbox 149 1495 274 1542; x_wconf 90' lang='lat' dir='ltr'>sunt</span> <span class='ocrx_word' id='word_1_99' title='bbox 312 1486 505 1542; x_wconf 59' lang='lat' dir='ltr'>littere</span> <span class='ocrx_word' id='word_1_100' title='bbox 547 1486 610 1541; x_wconf 92' lang='lat' dir='ltr'>in</span> <span class='ocrx_word' id='word_1_101' title='bbox 643 1491 804 1541; x_wconf 85' lang='lat' dir='ltr'>textu</span> <span class='ocrx_word' id='word_1_102' title='bbox 832 1487 961 1541; x_wconf 91' lang='lat' dir='ltr'>etin</span> <span class='ocrx_word' id='word_1_103' title='bbox 995 1485 1249 1549; x_wconf 90' lang='lat' dir='ltr'>scholiis,</span> <span class='ocrx_word' id='word_1_104' title='bbox 1281 1485 1386 1541; x_wconf 91' lang='lat' dir='ltr'>sed</span> <span class='ocrx_word' id='word_1_105' title='bbox 1423 1486 1550 1550; x_wconf 91' lang='lat' dir='ltr'>iste,</span> <span class='ocrx_word' id='word_1_106' title='bbox 1591 1485 1779 1556; x_wconf 89' lang='lat' dir='ltr'>liquo—</span> 
     </span>
    </p>
   </div>
   <div class='ocr_carea' id='block_1_15' title="bbox 150 1574 1781 1644">
    <p class='ocr_par' dir='ltr' id='par_1_15' title="bbox 150 1574 1781 1644">
     <span class='ocr_line' id='line_1_15' title="bbox 150 1574 1781 1644; baseline -0.001 -15"><span class='ocrx_word' id='word_1_107' title='bbox 150 1576 407 1638; x_wconf 86' lang='lat' dir='ltr'>rerubro,</span> <span class='ocrx_word' id='word_1_108' title='bbox 452 1575 609 1639; x_wconf 67' lang='lat' dir='ltr'>haec,</span> <span class='ocrx_word' id='word_1_109' title='bbox 651 1579 983 1630; x_wconf 86' lang='lat' dir='ltr'>atramento</span> <span class='ocrx_word' id='word_1_110' title='bbox 1032 1575 1250 1644; x_wconf 89' lang='lat' dir='ltr'>scripta</span> <span class='ocrx_word' id='word_1_111' title='bbox 1291 1580 1448 1630; x_wconf 90' lang='lat' dir='ltr'>sunt.</span> <span class='ocrx_word' id='word_1_112' title='bbox 1492 1576 1676 1630; x_wconf 90' lang='lat' dir='ltr'>Istum</span> <span class='ocrx_word' id='word_1_113' title='bbox 1722 1574 1781 1628; x_wconf 92' lang='lat' dir='ltr'>in</span> 
     </span>
    </p>
   </div>
   <div class='ocr_carea' id='block_1_16' title="bbox 153 1662 1778 1734">
    <p class='ocr_par' dir='ltr' id='par_1_16' title="bbox 153 1662 1778 1734">
     <span class='ocr_line' id='line_1_16' title="bbox 153 1662 1778 1734; baseline -0.001 -16"><span class='ocrx_word' id='word_1_114' title='bbox 153 1679 270 1719; x_wconf 87' lang='lat' dir='ltr'>mea</span> <span class='ocrx_word' id='word_1_115' title='bbox 302 1663 435 1720; x_wconf 74' lang='lat' dir='ltr'>Novi</span> <span class='ocrx_word' id='word_1_116' title='bbox 461 1663 829 1719; x_wconf 87' lang='lat' dir='ltr'>Testamenti</span> <span class='ocrx_word' id='word_1_117' title='bbox 859 1662 1114 1717; x_wconf 86' lang='lat' dir='ltr'>editione</span> <span class='ocrx_word' id='word_1_118' title='bbox 1144 1662 1439 1734; x_wconf 84' lang='lat' dir='ltr'>appellavi</span> <span class='ocrx_word' id='word_1_119' title='bbox 1466 1679 1526 1726; x_wconf 87' lang='grc' dir='ltr'>η,</span> <span class='ocrx_word' id='word_1_120' title='bbox 1552 1664 1714 1718; x_wconf 88' lang='lat' dir='ltr'>hunc</span> <span class='ocrx_word' id='word_1_121' title='bbox 1739 1663 1778 1717; x_wconf 83' lang='lat' dir='ltr'>i.</span> 
     </span>
    </p>
   </div>
   <div class='ocr_carea' id='block_1_17' title="bbox 1883 509 3539 581">
    <p class='ocr_par' dir='ltr' id='par_1_17' title="bbox 1883 509 3539 581">
     <span class='ocr_line' id='line_1_17' title="bbox 1883 509 3539 581; baseline 0.001 -15"><span class='ocrx_word' id='word_1_122' title='bbox 1883 511 2196 567; x_wconf 81' lang='lat' dir='ltr'>recentiori</span> <span class='ocrx_word' id='word_1_123' title='bbox 2240 511 2566 581; x_wconf 87' lang='lat' dir='ltr'>ascriptum</span> <span class='ocrx_word' id='word_1_124' title='bbox 2596 510 2777 566; x_wconf 87' lang='lat' dir='ltr'>habet</span> <span class='ocrx_word' id='word_1_125' title='bbox 2815 524 3034 566; x_wconf 86' lang='lat' dir='ltr'>nomen</span> <span class='ocrx_word' id='word_1_126' title='bbox 3083 509 3297 566; x_wconf 67' lang='lat' dir='ltr'>Nicetze</span> <span class='ocrx_word' id='word_1_127' title='bbox 3345 511 3539 567; x_wconf 86' lang='lat' dir='ltr'>Serra-</span> 
     </span>
    </p>
   </div>
   <div class='ocr_carea' id='block_1_18' title="bbox 1883 597 3538 672">
    <p class='ocr_par' dir='ltr' id='par_1_18' title="bbox 1883 597 3538 672">
     <span class='ocr_line' id='line_1_18' title="bbox 1883 597 3538 672; baseline -0.002 -17"><span class='ocrx_word' id='word_1_128' title='bbox 1883 615 2037 665; x_wconf 87' lang='lat' dir='ltr'>rum,</span> <span class='ocrx_word' id='word_1_129' title='bbox 2069 601 2168 672; x_wconf 89' lang='lat' dir='ltr'>qui</span> <span class='ocrx_word' id='word_1_130' title='bbox 2205 600 2379 668; x_wconf 81' lang='lat' dir='ltr'>vulgo</span> <span class='ocrx_word' id='word_1_131' title='bbox 2398 598 2800 653; x_wconf 84' lang='lat' dir='ltr'>Heracleensis</span> <span class='ocrx_word' id='word_1_132' title='bbox 2821 597 3175 669; x_wconf 89' lang='lat' dir='ltr'>appellatur.</span> <span class='ocrx_word' id='word_1_133' title='bbox 3204 597 3362 653; x_wconf 87' lang='lat' dir='ltr'>Alter</span> <span class='ocrx_word' id='word_1_134' title='bbox 3387 598 3538 654; x_wconf 83' lang='lat' dir='ltr'>Pari-</span> 
     </span>
    </p>
   </div>
   <div class='ocr_carea' id='block_1_19' title="bbox 1884 686 3534 759">
    <p class='ocr_par' dir='ltr' id='par_1_19' title="bbox 1884 686 3534 759">
     <span class='ocr_line' id='line_1_19' title="bbox 1884 686 3534 759; baseline -0.001 -15"><span class='ocrx_word' id='word_1_135' title='bbox 1884 690 2071 754; x_wconf 84' lang='lat' dir='ltr'>sinus,</span> <span class='ocrx_word' id='word_1_136' title='bbox 2105 695 2167 743; x_wconf 90' lang='lat' dir='ltr'>ut</span> <span class='ocrx_word' id='word_1_137' title='bbox 2200 689 2472 749; x_wconf 87' lang='lat' dir='ltr'>arbitror.</span> <span class='ocrx_word' id='word_1_138' title='bbox 2508 687 2812 751; x_wconf 86' lang='lat' dir='ltr'>recentior,</span> <span class='ocrx_word' id='word_1_139' title='bbox 2846 686 3045 742; x_wconf 87' lang='lat' dir='ltr'>tribuit</span> <span class='ocrx_word' id='word_1_140' title='bbox 3073 687 3534 759; x_wconf 88' lang='lat' dir='ltr'>Theophylacto,</span> 
     </span>
    </p>
   </div>
   <div class='ocr_carea' id='block_1_20' title="bbox 1886 775 3540 850">
    <p class='ocr_par' dir='ltr' id='par_1_20' title="bbox 1886 775 3540 850">
     <span class='ocr_line' id='line_1_20' title="bbox 1886 775 3540 850; baseline -0.002 -17"><span class='ocrx_word' id='word_1_141' title='bbox 1886 793 2066 850; x_wconf 85' lang='lat' dir='ltr'>quem</span> <span class='ocrx_word' id='word_1_142' title='bbox 2135 777 2410 849; x_wconf 79' lang='lat' dir='ltr'>appellat,</span> <span class='ocrx_word' id='word_1_143' title='bbox 2476 780 2566 828; x_wconf 83' lang='grc' dir='ltr'>τὸν</span> <span class='ocrx_word' id='word_1_144' title='bbox 2629 778 2899 849; x_wconf 81' lang='grc' dir='ltr'>ἱερώτατον</span> <span class='ocrx_word' id='word_1_145' title='bbox 2965 775 3302 850; x_wconf 78' lang='grc' dir='ltr'>Βουλγαρίας,</span> <span class='ocrx_word' id='word_1_146' title='bbox 3362 776 3540 831; x_wconf 86' lang='lat' dir='ltr'>nimi-</span> 
     </span>
    </p>
   </div>
   <div class='ocr_carea' id='block_1_21' title="bbox 1884 865 3541 940">
    <p class='ocr_par' dir='ltr' id='par_1_21' title="bbox 1884 865 3541 940">
     <span class='ocr_line' id='line_1_21' title="bbox 1884 865 3541 940; baseline -0.001 -18"><span class='ocrx_word' id='word_1_147' title='bbox 1884 883 2022 922; x_wconf 89' lang='lat' dir='ltr'>rum</span> <span class='ocrx_word' id='word_1_148' title='bbox 2089 870 2516 940; x_wconf 76' lang='grc' dir='ltr'>ἀρχιεπίοκοπον.</span> <span class='ocrx_word' id='word_1_149' title='bbox 2575 865 2740 920; x_wconf 90' lang='lat' dir='ltr'>Meus</span> <span class='ocrx_word' id='word_1_150' title='bbox 2785 867 2847 920; x_wconf 87' lang='grc' dir='ltr'>Β.</span> <span class='ocrx_word' id='word_1_151' title='bbox 2905 865 3038 921; x_wconf 92' lang='lat' dir='ltr'>loco</span> <span class='ocrx_word' id='word_1_152' title='bbox 3091 866 3310 921; x_wconf 81' lang='lat' dir='ltr'>Indicis</span> <span class='ocrx_word' id='word_1_153' title='bbox 3357 865 3541 921; x_wconf 87' lang='lat' dir='ltr'>habet</span> 
     </span>
    </p>
   </div>
   <div class='ocr_carea' id='block_1_22' title="bbox 1888 954 3538 1028">
    <p class='ocr_par' dir='ltr' id='par_1_22' title="bbox 1888 954 3538 1028">
     <span class='ocr_line' id='line_1_22' title="bbox 1888 954 3538 1028; baseline -0.001 -17"><span class='ocrx_word' id='word_1_154' title='bbox 1888 957 2144 1028; x_wconf 89' lang='lat' dir='ltr'>spatium</span> <span class='ocrx_word' id='word_1_155' title='bbox 2170 970 2444 1017; x_wconf 88' lang='lat' dir='ltr'>vacuum,</span> <span class='ocrx_word' id='word_1_156' title='bbox 2479 954 2611 1009; x_wconf 89' lang='lat' dir='ltr'>ideo</span> <span class='ocrx_word' id='word_1_157' title='bbox 2631 954 2907 1020; x_wconf 84' lang='lat' dir='ltr'>fortasse,</span> <span class='ocrx_word' id='word_1_158' title='bbox 2941 960 3002 1009; x_wconf 91' lang='lat' dir='ltr'>ut</span> <span class='ocrx_word' id='word_1_159' title='bbox 3027 960 3234 1026; x_wconf 91' lang='lat' dir='ltr'>postea</span> <span class='ocrx_word' id='word_1_160' title='bbox 3259 971 3294 1010; x_wconf 88' lang='lat' dir='ltr'>a</span> <span class='ocrx_word' id='word_1_161' title='bbox 3317 955 3538 1027; x_wconf 89' lang='lat' dir='ltr'>pictore</span> 
     </span>
    </p>
   </div>
   <div class='ocr_carea' id='block_1_23' title="bbox 1889 1042 3536 1116">
    <p class='ocr_par' dir='ltr' id='par_1_23' title="bbox 1889 1042 3536 1116">
     <span class='ocr_line' id='line_1_23' title="bbox 1889 1042 3536 1116; baseline -0.002 -15"><span class='ocrx_word' id='word_1_162' title='bbox 1889 1061 2058 1108; x_wconf 89' lang='lat' dir='ltr'>auro,</span> <span class='ocrx_word' id='word_1_163' title='bbox 2091 1043 2294 1099; x_wconf 82' lang='lat' dir='ltr'>aliisve</span> <span class='ocrx_word' id='word_1_164' title='bbox 2320 1042 2619 1098; x_wconf 86' lang='lat' dir='ltr'>coloribus</span> <span class='ocrx_word' id='word_1_165' title='bbox 2651 1042 2971 1099; x_wconf 85' lang='lat' dir='ltr'>adderetur</span> <span class='ocrx_word' id='word_1_166' title='bbox 2995 1047 3174 1116; x_wconf 86' lang='lat' dir='ltr'>atque</span> <span class='ocrx_word' id='word_1_167' title='bbox 3206 1047 3536 1099; x_wconf 85' lang='lat' dir='ltr'>ornaretur.</span> 
     </span>
    </p>
   </div>
   <div class='ocr_carea' id='block_1_24' title="bbox 1891 1131 3539 1202">
    <p class='ocr_par' dir='ltr' id='par_1_24' title="bbox 1891 1131 3539 1202">
     <span class='ocr_line' id='line_1_24' title="bbox 1891 1131 3539 1202; baseline -0.002 -15"><span class='ocrx_word' id='word_1_168' title='bbox 1891 1133 2148 1188; x_wconf 86' lang='lat' dir='ltr'>Iudicem</span> <span class='ocrx_word' id='word_1_169' title='bbox 2202 1131 2418 1186; x_wconf 87' lang='lat' dir='ltr'>codicis</span> <span class='ocrx_word' id='word_1_170' title='bbox 2461 1132 2792 1201; x_wconf 84' lang='lat' dir='ltr'>Aexpressi</span> <span class='ocrx_word' id='word_1_171' title='bbox 2824 1147 2883 1202; x_wconf 93' lang='lat' dir='ltr'>p.</span> <span class='ocrx_word' id='word_1_172' title='bbox 2918 1134 2983 1186; x_wconf 90' lang='grc'>10</span> <span class='ocrx_word' id='word_1_173' title='bbox 3027 1131 3351 1186; x_wconf 87' lang='lat' dir='ltr'>Hentenius</span> <span class='ocrx_word' id='word_1_174' title='bbox 3400 1131 3539 1187; x_wconf 84' lang='lat' dir='ltr'>nul-</span> 
     </span>
    </p>
   </div>
   <div class='ocr_carea' id='block_1_25' title="bbox 1889 1219 3542 1292">
    <p class='ocr_par' dir='ltr' id='par_1_25' title="bbox 1889 1219 3542 1292">
     <span class='ocr_line' id='line_1_25' title="bbox 1889 1219 3542 1292; baseline 0.001 -18"><span class='ocrx_word' id='word_1_175' title='bbox 1889 1221 2014 1276; x_wconf 92' lang='lat' dir='ltr'>lum</span> <span class='ocrx_word' id='word_1_176' title='bbox 2045 1221 2272 1276; x_wconf 88' lang='lat' dir='ltr'>videtur</span> <span class='ocrx_word' id='word_1_177' title='bbox 2300 1219 2614 1291; x_wconf 91' lang='lat' dir='ltr'>reperisse,</span> <span class='ocrx_word' id='word_1_178' title='bbox 2650 1223 2712 1274; x_wconf 89' lang='lat' dir='ltr'>ut</span> <span class='ocrx_word' id='word_1_179' title='bbox 2736 1236 2806 1274; x_wconf 89' lang='lat' dir='ltr'>ex</span> <span class='ocrx_word' id='word_1_180' title='bbox 2839 1221 2970 1291; x_wconf 85' lang='lat' dir='ltr'>ejus</span> <span class='ocrx_word' id='word_1_181' title='bbox 3002 1220 3346 1292; x_wconf 78' lang='lat' dir='ltr'>praefatione</span> <span class='ocrx_word' id='word_1_182' title='bbox 3376 1226 3432 1276; x_wconf 90' lang='lat' dir='ltr'>et</span> <span class='ocrx_word' id='word_1_183' title='bbox 3457 1221 3542 1275; x_wconf 90' lang='lat' dir='ltr'>in-</span> 
     </span>
    </p>
   </div>
   <div class='ocr_carea' id='block_1_26' title="bbox 1889 1309 3537 1381">
    <p class='ocr_par' dir='ltr' id='par_1_26' title="bbox 1889 1309 3537 1381">
     <span class='ocr_line' id='line_1_26' title="bbox 1889 1309 3537 1381; baseline -0.001 -17"><span class='ocrx_word' id='word_1_184' title='bbox 1889 1311 2302 1380; x_wconf 87' lang='lat' dir='ltr'>terpretatione</span> <span class='ocrx_word' id='word_1_185' title='bbox 2331 1324 2389 1380; x_wconf 92' lang='lat' dir='ltr'>p.</span> <span class='ocrx_word' id='word_1_186' title='bbox 2420 1310 2472 1372; x_wconf 89' lang='lat'>9,</span> <span class='ocrx_word' id='word_1_187' title='bbox 2526 1309 2721 1378; x_wconf 83' lang='lat' dir='ltr'>colligi</span> <span class='ocrx_word' id='word_1_188' title='bbox 2765 1314 2984 1381; x_wconf 90' lang='lat' dir='ltr'>potest.</span> <span class='ocrx_word' id='word_1_189' title='bbox 3016 1311 3079 1363; x_wconf 86' lang='lat' dir='ltr'>In</span> <span class='ocrx_word' id='word_1_190' title='bbox 3113 1325 3183 1365; x_wconf 93' lang='lat' dir='ltr'>eo</span> <span class='ocrx_word' id='word_1_191' title='bbox 3209 1315 3406 1366; x_wconf 91' lang='lat' dir='ltr'>autem</span> <span class='ocrx_word' id='word_1_192' title='bbox 3445 1324 3537 1364; x_wconf 90' lang='lat' dir='ltr'>ve-</span> 
     </span>
    </p>
   </div>
   <div class='ocr_carea' id='block_1_27' title="bbox 1889 1396 3540 1468">
    <p class='ocr_par' dir='ltr' id='par_1_27' title="bbox 1889 1396 3540 1468">
     <span class='ocr_line' id='line_1_27' title="bbox 1889 1396 3540 1468; baseline -0.002 -14"><span class='ocrx_word' id='word_1_193' title='bbox 1889 1399 2195 1454; x_wconf 89' lang='lat' dir='ltr'>hementer</span> <span class='ocrx_word' id='word_1_194' title='bbox 2223 1404 2379 1452; x_wconf 87' lang='lat' dir='ltr'>errat</span> <span class='ocrx_word' id='word_1_195' title='bbox 2410 1396 2739 1452; x_wconf 84' lang='lat' dir='ltr'>Richardus</span> <span class='ocrx_word' id='word_1_196' title='bbox 2773 1397 3097 1462; x_wconf 90' lang='lat' dir='ltr'>Simonius,</span> <span class='ocrx_word' id='word_1_197' title='bbox 3124 1397 3283 1468; x_wconf 91' lang='lat' dir='ltr'>quod</span> <span class='ocrx_word' id='word_1_198' title='bbox 3318 1397 3540 1453; x_wconf 88' lang='lat' dir='ltr'>litteras</span> 
     </span>
    </p>
   </div>
   <div class='ocr_carea' id='block_1_28' title="bbox 1891 1485 3536 1558">
    <p class='ocr_par' dir='ltr' id='par_1_28' title="bbox 1891 1485 3536 1558">
     <span class='ocr_line' id='line_1_28' title="bbox 1891 1485 3536 1558; baseline 0.002 -19"><span class='ocrx_word' id='word_1_199' title='bbox 1891 1487 1983 1558; x_wconf 78' lang='grc' dir='ltr'>ὰμ.</span> <span class='ocrx_word' id='word_1_200' title='bbox 2025 1502 2134 1558; x_wconf 90' lang='lat' dir='ltr'>pro</span> <span class='ocrx_word' id='word_1_201' title='bbox 2159 1485 2449 1557; x_wconf 67' lang='grc' dir='ltr'>Ἀμμώνιος</span> <span class='ocrx_word' id='word_1_202' title='bbox 2491 1485 2736 1556; x_wconf 88' lang='lat' dir='ltr'>accepit.</span> <span class='ocrx_word' id='word_1_203' title='bbox 2784 1489 2930 1540; x_wconf 83' lang='lat' dir='ltr'>Nam</span> <span class='ocrx_word' id='word_1_204' title='bbox 2962 1487 3264 1541; x_wconf 89' lang='lat' dir='ltr'>Ammonii</span> <span class='ocrx_word' id='word_1_205' title='bbox 3295 1501 3536 1550; x_wconf 90' lang='lat' dir='ltr'>nomen,</span> 
     </span>
    </p>
   </div>
   <div class='ocr_carea' id='block_1_29' title="bbox 1889 1571 3542 1648">
    <p class='ocr_par' dir='ltr' id='par_1_29' title="bbox 1889 1571 3542 1648">
     <span class='ocr_line' id='line_1_29' title="bbox 1889 1571 3542 1648; baseline -0.001 -18"><span class='ocrx_word' id='word_1_206' title='bbox 1889 1575 2051 1648; x_wconf 90' lang='lat' dir='ltr'>quod</span> <span class='ocrx_word' id='word_1_207' title='bbox 2076 1574 2355 1645; x_wconf 89' lang='lat' dir='ltr'>frequens</span> <span class='ocrx_word' id='word_1_208' title='bbox 2386 1578 2476 1629; x_wconf 88' lang='lat' dir='ltr'>est</span> <span class='ocrx_word' id='word_1_209' title='bbox 2503 1573 2564 1628; x_wconf 91' lang='lat' dir='ltr'>in</span> <span class='ocrx_word' id='word_1_210' title='bbox 2599 1571 2822 1628; x_wconf 88' lang='lat' dir='ltr'>catenis</span> <span class='ocrx_word' id='word_1_211' title='bbox 2854 1575 3090 1641; x_wconf 63' lang='lat' dir='ltr'>Graecis,</span> <span class='ocrx_word' id='word_1_212' title='bbox 3131 1576 3191 1629; x_wconf 90' lang='lat' dir='ltr'>in</span> <span class='ocrx_word' id='word_1_213' title='bbox 3236 1574 3542 1630; x_wconf 87' lang='lat' dir='ltr'>codicibus</span> 
     </span>
    </p>
   </div>
   <div class='ocr_carea' id='block_1_30' title="bbox 1891 1661 3541 1736">
    <p class='ocr_par' dir='ltr' id='par_1_30' title="bbox 1891 1661 3541 1736">
     <span class='ocr_line' id='line_1_30' title="bbox 1891 1661 3541 1736; baseline 0 -18"><span class='ocrx_word' id='word_1_214' title='bbox 1891 1664 2134 1736; x_wconf 89' lang='lat' dir='ltr'>quidem</span> <span class='ocrx_word' id='word_1_215' title='bbox 2165 1661 2616 1733; x_wconf 85' lang='lat' dir='ltr'>Mosquensibus</span> <span class='ocrx_word' id='word_1_216' title='bbox 2641 1676 2956 1732; x_wconf 89' lang='lat' dir='ltr'>nunquam</span> <span class='ocrx_word' id='word_1_217' title='bbox 2987 1661 3183 1717; x_wconf 92' lang='lat' dir='ltr'>inveni</span> <span class='ocrx_word' id='word_1_218' title='bbox 3212 1663 3541 1734; x_wconf 60' lang='lat' dir='ltr'>un0pscri-</span> 
     </span>
    </p>
   </div>
   <div class='ocr_carea' id='block_1_31' title="bbox 161 1750 3542 1826">
    <p class='ocr_par' dir='ltr' id='par_1_31' title="bbox 161 1750 3542 1826">
     <span class='ocr_line' id='line_1_31' title="bbox 161 1750 3542 1826; baseline 0 -20"><span class='ocrx_word' id='word_1_219' title='bbox 161 1755 228 1806; x_wconf 89' lang='lat' dir='ltr'>De</span> <span class='ocrx_word' id='word_1_220' title='bbox 251 1757 483 1824; x_wconf 85' lang='lat' dir='ltr'>utroque</span> <span class='ocrx_word' id='word_1_221' title='bbox 501 1751 758 1824; x_wconf 81' lang='lat' dir='ltr'>exposui</span> <span class='ocrx_word' id='word_1_222' title='bbox 784 1752 863 1806; x_wconf 89' lang='lat' dir='ltr'>ad</span> <span class='ocrx_word' id='word_1_223' title='bbox 882 1750 1196 1822; x_wconf 86' lang='lat' dir='ltr'>epistolam</span> <span class='ocrx_word' id='word_1_224' title='bbox 1230 1751 1391 1806; x_wconf 87' lang='lat' dir='ltr'>Pauli</span> <span class='ocrx_word' id='word_1_225' title='bbox 1423 1751 1502 1806; x_wconf 91' lang='lat' dir='ltr'>ad</span> <span class='ocrx_word' id='word_1_226' title='bbox 1535 1751 1780 1806; x_wconf 87' lang='lat' dir='ltr'>Thessa-</span> <span class='ocrx_word' id='word_1_227' title='bbox 1819 1769 1860 1826; x_wconf 76' lang='grc' dir='ltr'>Β</span> <span class='ocrx_word' id='word_1_228' title='bbox 1892 1758 2081 1824; x_wconf 88' lang='lat' dir='ltr'>ptum,</span> <span class='ocrx_word' id='word_1_229' title='bbox 2128 1751 2238 1806; x_wconf 82' lang='lat' dir='ltr'>etsi</span> <span class='ocrx_word' id='word_1_230' title='bbox 2286 1751 2436 1820; x_wconf 90' lang='lat' dir='ltr'>sigla</span> <span class='ocrx_word' id='word_1_231' title='bbox 2494 1756 2669 1806; x_wconf 83' lang='lat' dir='ltr'>esset.</span> <span class='ocrx_word' id='word_1_232' title='bbox 2709 1750 2828 1821; x_wconf 57' lang='lat' dir='ltr'>’Ay.</span> <span class='ocrx_word' id='word_1_233' title='bbox 2880 1765 3042 1818; x_wconf 87' lang='lat' dir='ltr'>ergo,</span> <span class='ocrx_word' id='word_1_234' title='bbox 3071 1751 3235 1823; x_wconf 89' lang='lat' dir='ltr'>quod</span> <span class='ocrx_word' id='word_1_235' title='bbox 3266 1753 3442 1807; x_wconf 88' lang='lat' dir='ltr'>etiam</span> <span class='ocrx_word' id='word_1_236' title='bbox 3480 1752 3542 1806; x_wconf 89' lang='lat' dir='ltr'>in</span> 
     </span>
    </p>
   </div>
   <div class='ocr_carea' id='block_1_32' title="bbox 158 1839 1784 1911">
    <p class='ocr_par' dir='ltr' id='par_1_32' title="bbox 158 1839 1784 1911">
     <span class='ocr_line' id='line_1_32' title="bbox 158 1839 1784 1911; baseline 0.001 -18"><span class='ocrx_word' id='word_1_237' title='bbox 158 1839 472 1906; x_wconf 86' lang='lat' dir='ltr'>lonicenses,</span> <span class='ocrx_word' id='word_1_238' title='bbox 507 1855 572 1911; x_wconf 90' lang='lat' dir='ltr'>p.</span> <span class='ocrx_word' id='word_1_239' title='bbox 616 1840 739 1904; x_wconf 71' lang='lat'>202,</span> <span class='ocrx_word' id='word_1_240' title='bbox 773 1841 898 1894; x_wconf 76' lang='lat'>203.</span> <span class='ocrx_word' id='word_1_241' title='bbox 935 1840 1272 1910; x_wconf 89' lang='lat' dir='ltr'>Specimina</span> <span class='ocrx_word' id='word_1_242' title='bbox 1308 1840 1635 1896; x_wconf 90' lang='lat' dir='ltr'>litterarum</span> <span class='ocrx_word' id='word_1_243' title='bbox 1669 1855 1784 1894; x_wconf 82' lang='lat' dir='ltr'>aere</span> 
     </span>
    </p>
   </div>
   <div class='ocr_carea' id='block_1_33' title="bbox 163 1927 1786 2000">
    <p class='ocr_par' dir='ltr' id='par_1_33' title="bbox 163 1927 1786 2000">
     <span class='ocr_line' id='line_1_33' title="bbox 163 1927 1786 2000; baseline -0.001 -17"><span class='ocrx_word' id='word_1_244' title='bbox 163 1944 408 2000; x_wconf 85' lang='lat' dir='ltr'>expressa</span> <span class='ocrx_word' id='word_1_245' title='bbox 453 1928 705 1985; x_wconf 84' lang='lat' dir='ltr'>exhibui</span> <span class='ocrx_word' id='word_1_246' title='bbox 739 1927 819 1983; x_wconf 94' lang='lat' dir='ltr'>ad</span> <span class='ocrx_word' id='word_1_247' title='bbox 863 1927 1252 1997; x_wconf 88' lang='lat' dir='ltr'>Evangelium</span> <span class='ocrx_word' id='word_1_248' title='bbox 1310 1927 1557 1984; x_wconf 87' lang='lat' dir='ltr'>Joannis</span> <span class='ocrx_word' id='word_1_249' title='bbox 1615 1927 1786 1982; x_wconf 90' lang='lat' dir='ltr'>istius</span> 
     </span>
    </p>
   </div>
   <div class='ocr_carea' id='block_1_34' title="bbox 167 2015 1788 2087">
    <p class='ocr_par' dir='ltr' id='par_1_34' title="bbox 167 2015 1788 2087">
     <span class='ocr_line' id='line_1_34' title="bbox 167 2015 1788 2087; baseline -0.001 -17"><span class='ocrx_word' id='word_1_250' title='bbox 167 2016 425 2074; x_wconf 89' lang='lat' dir='ltr'>editionis.</span> <span class='ocrx_word' id='word_1_251' title='bbox 477 2016 682 2072; x_wconf 80' lang='lat' dir='ltr'>Codex</span> <span class='ocrx_word' id='word_1_252' title='bbox 732 2015 796 2070; x_wconf 89' lang='lat' dir='ltr'>B.</span> <span class='ocrx_word' id='word_1_253' title='bbox 834 2016 1205 2087; x_wconf 77' lang='lat' dir='ltr'>praestantior</span> <span class='ocrx_word' id='word_1_254' title='bbox 1245 2020 1332 2072; x_wconf 90' lang='lat' dir='ltr'>est</span> <span class='ocrx_word' id='word_1_255' title='bbox 1373 2016 1554 2072; x_wconf 89' lang='lat' dir='ltr'>altero</span> <span class='ocrx_word' id='word_1_256' title='bbox 1585 2015 1788 2071; x_wconf 90' lang='lat' dir='ltr'>ascri-</span> 
     </span>
    </p>
   </div>
   <div class='ocr_carea' id='block_1_35' title="bbox 170 2102 1787 2176">
    <p class='ocr_par' dir='ltr' id='par_1_35' title="bbox 170 2102 1787 2176">
     <span class='ocr_line' id='line_1_35' title="bbox 170 2102 1787 2176; baseline -0.001 -16"><span class='ocrx_word' id='word_1_257' title='bbox 170 2105 234 2160; x_wconf 84' lang='lat' dir='ltr'>ba</span> <span class='ocrx_word' id='word_1_258' title='bbox 254 2105 593 2176; x_wconf 89' lang='lat' dir='ltr'>diligentiori</span> <span class='ocrx_word' id='word_1_259' title='bbox 621 2121 691 2160; x_wconf 90' lang='lat' dir='ltr'>ac</span> <span class='ocrx_word' id='word_1_260' title='bbox 711 2102 962 2158; x_wconf 88' lang='lat' dir='ltr'>ﬁdeliori</span> <span class='ocrx_word' id='word_1_261' title='bbox 993 2103 1268 2175; x_wconf 90' lang='lat' dir='ltr'>scriptus.</span> <span class='ocrx_word' id='word_1_262' title='bbox 1293 2107 1442 2159; x_wconf 86' lang='lat' dir='ltr'>Nam</span> <span class='ocrx_word' id='word_1_263' title='bbox 1473 2103 1620 2159; x_wconf 87' lang='lat' dir='ltr'>alter</span> <span class='ocrx_word' id='word_1_264' title='bbox 1650 2103 1787 2159; x_wconf 86' lang='lat' dir='ltr'>scri-</span> 
     </span>
    </p>
   </div>
   <div class='ocr_carea' id='block_1_36' title="bbox 168 2190 1787 2263">
    <p class='ocr_par' dir='ltr' id='par_1_36' title="bbox 168 2190 1787 2263">
     <span class='ocr_line' id='line_1_36' title="bbox 168 2190 1787 2263; baseline 0.001 -17"><span class='ocrx_word' id='word_1_265' title='bbox 168 2191 234 2246; x_wconf 87' lang='lat' dir='ltr'>ba</span> <span class='ocrx_word' id='word_1_266' title='bbox 268 2194 466 2263; x_wconf 76' lang='lat' dir='ltr'>szspius</span> <span class='ocrx_word' id='word_1_267' title='bbox 515 2191 822 2248; x_wconf 87' lang='lat' dir='ltr'>aberravit</span> <span class='ocrx_word' id='word_1_268' title='bbox 878 2196 936 2247; x_wconf 91' lang='lat' dir='ltr'>et</span> <span class='ocrx_word' id='word_1_269' title='bbox 979 2192 1034 2246; x_wconf 89' lang='lat' dir='ltr'>in</span> <span class='ocrx_word' id='word_1_270' title='bbox 1081 2190 1316 2246; x_wconf 88' lang='lat' dir='ltr'>scholiis</span> <span class='ocrx_word' id='word_1_271' title='bbox 1361 2191 1438 2247; x_wconf 89' lang='lat' dir='ltr'>ad</span> <span class='ocrx_word' id='word_1_272' title='bbox 1490 2192 1787 2248; x_wconf 88' lang='lat' dir='ltr'>Joannem</span> 
     </span>
    </p>
   </div>
   <div class='ocr_carea' id='block_1_37' title="bbox 169 2276 1788 2352">
    <p class='ocr_par' dir='ltr' id='par_1_37' title="bbox 169 2276 1788 2352">
     <span class='ocr_line' id='line_1_37' title="bbox 169 2276 1788 2352; baseline 0.001 -20"><span class='ocrx_word' id='word_1_273' title='bbox 169 2278 326 2335; x_wconf 86' lang='lat' dir='ltr'>multa</span> <span class='ocrx_word' id='word_1_274' title='bbox 347 2280 436 2335; x_wconf 88' lang='lat' dir='ltr'>vel</span> <span class='ocrx_word' id='word_1_275' title='bbox 472 2295 580 2352; x_wconf 90' lang='lat' dir='ltr'>per</span> <span class='ocrx_word' id='word_1_276' title='bbox 612 2279 938 2351; x_wconf 81' lang='lat' dir='ltr'>pigritiam,</span> <span class='ocrx_word' id='word_1_277' title='bbox 969 2276 1054 2333; x_wconf 85' lang='lat' dir='ltr'>vel</span> <span class='ocrx_word' id='word_1_278' title='bbox 1103 2293 1207 2349; x_wconf 91' lang='lat' dir='ltr'>per</span> <span class='ocrx_word' id='word_1_279' title='bbox 1245 2276 1519 2334; x_wconf 85' lang='lat' dir='ltr'>fraudem</span> <span class='ocrx_word' id='word_1_280' title='bbox 1553 2284 1788 2350; x_wconf 68' lang='lat' dir='ltr'>praster-</span> 
     </span>
    </p>
   </div>
   <div class='ocr_carea' id='block_1_38' title="bbox 168 2365 1790 2439">
    <p class='ocr_par' dir='ltr' id='par_1_38' title="bbox 168 2365 1790 2439">
     <span class='ocr_line' id='line_1_38' title="bbox 168 2365 1790 2439; baseline 0.001 -18"><span class='ocrx_word' id='word_1_281' title='bbox 168 2366 315 2422; x_wconf 88' lang='lat' dir='ltr'>misit.</span> <span class='ocrx_word' id='word_1_282' title='bbox 363 2370 424 2422; x_wconf 89' lang='lat' dir='ltr'>ln</span> <span class='ocrx_word' id='word_1_283' title='bbox 460 2373 722 2439; x_wconf 87' lang='lat' dir='ltr'>utroque</span> <span class='ocrx_word' id='word_1_284' title='bbox 777 2366 1004 2429; x_wconf 91' lang='lat' dir='ltr'>codice,</span> <span class='ocrx_word' id='word_1_285' title='bbox 1060 2365 1232 2421; x_wconf 89' lang='lat' dir='ltr'>sicuti</span> <span class='ocrx_word' id='word_1_286' title='bbox 1271 2365 1329 2421; x_wconf 93' lang='lat' dir='ltr'>in</span> <span class='ocrx_word' id='word_1_287' title='bbox 1383 2365 1666 2422; x_wconf 87' lang='lat' dir='ltr'>Parisinis</span> <span class='ocrx_word' id='word_1_288' title='bbox 1733 2370 1790 2422; x_wconf 91' lang='lat' dir='ltr'>et</span> 
     </span>
    </p>
   </div>
   <div class='ocr_carea' id='block_1_39' title="bbox 171 2453 1788 2526">
    <p class='ocr_par' dir='ltr' id='par_1_39' title="bbox 171 2453 1788 2526">
     <span class='ocr_line' id='line_1_39' title="bbox 171 2453 1788 2526; baseline 0.001 -17"><span class='ocrx_word' id='word_1_289' title='bbox 171 2455 422 2518; x_wconf 81' lang='lat' dir='ltr'>Hentenii,</span> <span class='ocrx_word' id='word_1_290' title='bbox 452 2456 646 2511; x_wconf 85' lang='lat' dir='ltr'>multa</span> <span class='ocrx_word' id='word_1_291' title='bbox 683 2454 912 2511; x_wconf 90' lang='lat' dir='ltr'>scholia</span> <span class='ocrx_word' id='word_1_292' title='bbox 949 2453 1028 2510; x_wconf 88' lang='lat' dir='ltr'>ab</span> <span class='ocrx_word' id='word_1_293' title='bbox 1057 2453 1269 2509; x_wconf 87' lang='lat' dir='ltr'>iisdem</span> <span class='ocrx_word' id='word_1_294' title='bbox 1311 2455 1520 2511; x_wconf 88' lang='lat' dir='ltr'>scribis</span> <span class='ocrx_word' id='word_1_295' title='bbox 1569 2455 1788 2526; x_wconf 89' lang='lat' dir='ltr'>scripta</span> 
     </span>
    </p>
   </div>
   <div class='ocr_carea' id='block_1_40' title="bbox 171 2541 1786 2615">
    <p class='ocr_par' dir='ltr' id='par_1_40' title="bbox 171 2541 1786 2615">
     <span class='ocr_line' id='line_1_40' title="bbox 171 2541 1786 2615; baseline 0.002 -20"><span class='ocrx_word' id='word_1_296' title='bbox 171 2550 286 2598; x_wconf 87' lang='lat' dir='ltr'>sunt</span> <span class='ocrx_word' id='word_1_297' title='bbox 307 2545 360 2598; x_wconf 89' lang='lat' dir='ltr'>in</span> <span class='ocrx_word' id='word_1_298' title='bbox 389 2544 676 2615; x_wconf 82' lang='lat' dir='ltr'>margine,</span> <span class='ocrx_word' id='word_1_299' title='bbox 714 2543 789 2598; x_wconf 90' lang='lat' dir='ltr'>de</span> <span class='ocrx_word' id='word_1_300' title='bbox 815 2558 938 2614; x_wconf 87' lang='lat' dir='ltr'>quo</span> <span class='ocrx_word' id='word_1_301' title='bbox 968 2542 1025 2598; x_wconf 91' lang='lat' dir='ltr'>in</span> <span class='ocrx_word' id='word_1_302' title='bbox 1069 2541 1214 2598; x_wconf 93' lang='lat' dir='ltr'>locis</span> <span class='ocrx_word' id='word_1_303' title='bbox 1258 2543 1507 2613; x_wconf 89' lang='lat' dir='ltr'>singulis</span> <span class='ocrx_word' id='word_1_304' title='bbox 1537 2543 1786 2600; x_wconf 89' lang='lat' dir='ltr'>lectores</span> 
     </span>
    </p>
   </div>
   <div class='ocr_carea' id='block_1_41' title="bbox 170 2630 1788 2704">
    <p class='ocr_par' dir='ltr' id='par_1_41' title="bbox 170 2630 1788 2704">
     <span class='ocr_line' id='line_1_41' title="bbox 170 2630 1788 2704; baseline 0.003 -21"><span class='ocrx_word' id='word_1_305' title='bbox 170 2632 369 2687; x_wconf 88' lang='lat' dir='ltr'>monui.</span> <span class='ocrx_word' id='word_1_306' title='bbox 395 2632 676 2688; x_wconf 81' lang='lat' dir='ltr'>Videntur</span> <span class='ocrx_word' id='word_1_307' title='bbox 697 2635 898 2688; x_wconf 90' lang='lat' dir='ltr'>autem</span> <span class='ocrx_word' id='word_1_308' title='bbox 924 2631 1037 2686; x_wconf 87' lang='lat' dir='ltr'>ista</span> <span class='ocrx_word' id='word_1_309' title='bbox 1068 2630 1296 2686; x_wconf 88' lang='lat' dir='ltr'>scholia</span> <span class='ocrx_word' id='word_1_310' title='bbox 1313 2637 1552 2688; x_wconf 88' lang='lat' dir='ltr'>auctore</span> <span class='ocrx_word' id='word_1_311' title='bbox 1575 2633 1788 2704; x_wconf 83' lang='lat' dir='ltr'>Euthy-</span> 
     </span>
    </p>
   </div>
   <div class='ocr_carea' id='block_1_42' title="bbox 177 2720 1793 2793">
    <p class='ocr_par' dir='ltr' id='par_1_42' title="bbox 177 2720 1793 2793">
     <span class='ocr_line' id='line_1_42' title="bbox 177 2720 1793 2793; baseline 0.003 -19"><span class='ocrx_word' id='word_1_312' title='bbox 177 2721 279 2775; x_wconf 90' lang='lat' dir='ltr'>mio</span> <span class='ocrx_word' id='word_1_313' title='bbox 304 2721 440 2793; x_wconf 90' lang='lat' dir='ltr'>ipso,</span> <span class='ocrx_word' id='word_1_314' title='bbox 472 2726 602 2792; x_wconf 89' lang='lat' dir='ltr'>post</span> <span class='ocrx_word' id='word_1_315' title='bbox 657 2721 789 2792; x_wconf 89' lang='lat' dir='ltr'>ejus</span> <span class='ocrx_word' id='word_1_316' title='bbox 837 2720 1146 2793; x_wconf 84' lang='lat' dir='ltr'>repetitam</span> <span class='ocrx_word' id='word_1_317' title='bbox 1189 2720 1513 2787; x_wconf 90' lang='lat' dir='ltr'>lectionem,</span> <span class='ocrx_word' id='word_1_318' title='bbox 1561 2721 1793 2780; x_wconf 87' lang='lat' dir='ltr'>adlecta</span> 
     </span>
    </p>
   </div>
   <div class='ocr_carea' id='block_1_43' title="bbox 177 2807 1793 2882">
    <p class='ocr_par' dir='ltr' id='par_1_43' title="bbox 177 2807 1793 2882">
     <span class='ocr_line' id='line_1_43' title="bbox 177 2807 1793 2882; baseline 0.004 -21"><span class='ocrx_word' id='word_1_319' title='bbox 177 2821 306 2866; x_wconf 87' lang='lat' dir='ltr'>esse.</span> <span class='ocrx_word' id='word_1_320' title='bbox 327 2824 417 2878; x_wconf 82' lang='lat' dir='ltr'>per</span> <span class='ocrx_word' id='word_1_321' title='bbox 436 2809 677 2866; x_wconf 89' lang='lat' dir='ltr'>eosdem</span> <span class='ocrx_word' id='word_1_322' title='bbox 695 2807 950 2864; x_wconf 88' lang='lat' dir='ltr'>scribas.</span> <span class='ocrx_word' id='word_1_323' title='bbox 976 2808 1039 2864; x_wconf 90' lang='lat' dir='ltr'>Id</span> <span class='ocrx_word' id='word_1_324' title='bbox 1066 2808 1208 2864; x_wconf 86' lang='lat' dir='ltr'>satis</span> <span class='ocrx_word' id='word_1_325' title='bbox 1231 2809 1297 2864; x_wconf 85' lang='lat' dir='ltr'>tit</span> <span class='ocrx_word' id='word_1_326' title='bbox 1320 2807 1622 2882; x_wconf 84' lang='lat' dir='ltr'>probabile</span> <span class='ocrx_word' id='word_1_327' title='bbox 1653 2826 1793 2868; x_wconf 88' lang='lat' dir='ltr'>cum</span> 
     </span>
    </p>
   </div>
   <div class='ocr_carea' id='block_1_44' title="bbox 183 2895 1794 2964">
    <p class='ocr_par' dir='ltr' id='par_1_44' title="bbox 183 2895 1794 2964">
     <span class='ocr_line' id='line_1_44' title="bbox 183 2895 1794 2964; baseline 0.002 -14"><span class='ocrx_word' id='word_1_328' title='bbox 183 2911 247 2950; x_wconf 86' lang='lat' dir='ltr'>ex</span> <span class='ocrx_word' id='word_1_329' title='bbox 271 2895 384 2952; x_wconf 86' lang='lat' dir='ltr'>aliis</span> <span class='ocrx_word' id='word_1_330' title='bbox 423 2897 576 2964; x_wconf 91' lang='lat' dir='ltr'>locis,</span> <span class='ocrx_word' id='word_1_331' title='bbox 635 2903 763 2954; x_wconf 90' lang='lat' dir='ltr'>tum</span> <span class='ocrx_word' id='word_1_332' title='bbox 793 2913 866 2952; x_wconf 90' lang='lat' dir='ltr'>ex</span> <span class='ocrx_word' id='word_1_333' title='bbox 905 2895 1128 2952; x_wconf 90' lang='lat' dir='ltr'>scholio</span> <span class='ocrx_word' id='word_1_334' title='bbox 1173 2895 1252 2952; x_wconf 88' lang='lat' dir='ltr'>ad</span> <span class='ocrx_word' id='word_1_335' title='bbox 1284 2899 1422 2953; x_wconf 89' lang='lat' dir='ltr'>Luc.</span> <span class='ocrx_word' id='word_1_336' title='bbox 1452 2913 1533 2960; x_wconf 84' lang='lat' dir='ltr'>1x,</span> <span class='ocrx_word' id='word_1_337' title='bbox 1567 2903 1652 2953; x_wconf 80' lang='lat'>55.</span> <span class='ocrx_word' id='word_1_338' title='bbox 1681 2899 1794 2954; x_wconf 85' lang='lat' dir='ltr'>Ad-</span> 
     </span>
    </p>
   </div>
   <div class='ocr_carea' id='block_1_45' title="bbox 183 2982 1794 3042">
    <p class='ocr_par' dir='ltr' id='par_1_45' title="bbox 183 2982 1794 3042">
     <span class='ocr_line' id='line_1_45' title="bbox 183 2982 1794 3042; baseline 0.001 -6"><span class='ocrx_word' id='word_1_339' title='bbox 183 2982 280 3038; x_wconf 86' lang='lat' dir='ltr'>huc</span> <span class='ocrx_word' id='word_1_340' title='bbox 304 2985 443 3041; x_wconf 87' lang='lat' dir='ltr'>enim</span> <span class='ocrx_word' id='word_1_341' title='bbox 469 2986 527 3042; x_wconf 92' lang='lat' dir='ltr'>in</span> <span class='ocrx_word' id='word_1_342' title='bbox 574 2985 886 3042; x_wconf 88' lang='lat' dir='ltr'>codicibus</span> <span class='ocrx_word' id='word_1_343' title='bbox 934 2984 1156 3041; x_wconf 88' lang='lat' dir='ltr'>desunt</span> <span class='ocrx_word' id='word_1_344' title='bbox 1185 2985 1389 3041; x_wconf 87' lang='lat' dir='ltr'>omnia</span> <span class='ocrx_word' id='word_1_345' title='bbox 1419 2985 1497 3041; x_wconf 90' lang='lat' dir='ltr'>ab</span> <span class='ocrx_word' id='word_1_346' title='bbox 1532 2991 1631 3039; x_wconf 81' lang='grc' dir='ltr'>Καὶ</span> <span class='ocrx_word' id='word_1_347' title='bbox 1659 2987 1794 3039; x_wconf 79' lang='grc' dir='ltr'>εἶπεν</span> 
     </span>
    </p>
   </div>
   <div class='ocr_carea' id='block_1_46' title="bbox 1895 1837 3544 1912">
    <p class='ocr_par' dir='ltr' id='par_1_46' title="bbox 1895 1837 3544 1912">
     <span class='ocr_line' id='line_1_46' title="bbox 1895 1837 3544 1912; baseline -0.002 -16"><span class='ocrx_word' id='word_1_348' title='bbox 1895 1857 2029 1896; x_wconf 91' lang='lat' dir='ltr'>meo</span> <span class='ocrx_word' id='word_1_349' title='bbox 2067 1844 2114 1895; x_wconf 82' lang='grc' dir='ltr'><em>Α</em></span> <span class='ocrx_word' id='word_1_350' title='bbox 2147 1840 2450 1911; x_wconf 90' lang='lat' dir='ltr'>reperitur,</span> <span class='ocrx_word' id='word_1_351' title='bbox 2496 1844 2661 1894; x_wconf 89' lang='lat' dir='ltr'>notat</span> <span class='ocrx_word' id='word_1_352' title='bbox 2699 1837 2858 1910; x_wconf 77' lang='grc' dir='ltr'>ἀμήν.</span> <span class='ocrx_word' id='word_1_353' title='bbox 2902 1839 2984 1895; x_wconf 89' lang='lat' dir='ltr'>Ex</span> <span class='ocrx_word' id='word_1_354' title='bbox 3027 1840 3119 1895; x_wconf 89' lang='lat' dir='ltr'>his</span> <span class='ocrx_word' id='word_1_355' title='bbox 3150 1845 3418 1912; x_wconf 90' lang='lat' dir='ltr'>apparet,</span> <span class='ocrx_word' id='word_1_356' title='bbox 3459 1841 3544 1909; x_wconf 88' lang='lat' dir='ltr'>ig-</span> 
     </span>
    </p>
   </div>
   <div class='ocr_carea' id='block_1_47' title="bbox 1893 1925 3546 1984">
    <p class='ocr_par' dir='ltr' id='par_1_47' title="bbox 1893 1925 3546 1984">
     <span class='ocr_line' id='line_1_47' title="bbox 1893 1925 3546 1984; baseline -0.001 -1"><span class='ocrx_word' id='word_1_357' title='bbox 1893 1932 2104 1983; x_wconf 89' lang='lat' dir='ltr'>notum</span> <span class='ocrx_word' id='word_1_358' title='bbox 2142 1943 2271 1982; x_wconf 88' lang='lat' dir='ltr'>esse</span> <span class='ocrx_word' id='word_1_359' title='bbox 2305 1941 2526 1981; x_wconf 90' lang='lat' dir='ltr'>nomen</span> <span class='ocrx_word' id='word_1_360' title='bbox 2556 1925 2816 1982; x_wconf 87' lang='lat' dir='ltr'>auctoris</span> <span class='ocrx_word' id='word_1_361' title='bbox 2841 1927 3055 1982; x_wconf 89' lang='lat' dir='ltr'>horum</span> <span class='ocrx_word' id='word_1_362' title='bbox 3081 1929 3546 1984; x_wconf 88' lang='lat' dir='ltr'>Commentario-</span> 
     </span>
    </p>
   </div>
   <div class='ocr_carea' id='block_1_48' title="bbox 1893 2014 3546 2089">
    <p class='ocr_par' dir='ltr' id='par_1_48' title="bbox 1893 2014 3546 2089">
     <span class='ocr_line' id='line_1_48' title="bbox 1893 2014 3546 2089; baseline 0 -17"><span class='ocrx_word' id='word_1_363' title='bbox 1893 2032 2047 2072; x_wconf 87' lang='lat' dir='ltr'>rum.</span> <span class='ocrx_word' id='word_1_364' title='bbox 2085 2015 2250 2071; x_wconf 92' lang='lat' dir='ltr'>Unde</span> <span class='ocrx_word' id='word_1_365' title='bbox 2294 2029 2436 2084; x_wconf 88' lang='lat' dir='ltr'>ergo</span> <span class='ocrx_word' id='word_1_366' title='bbox 2479 2015 2874 2084; x_wconf 89' lang='lat' dir='ltr'>cognoscitur,</span> <span class='ocrx_word' id='word_1_367' title='bbox 2921 2014 3101 2071; x_wconf 84' lang='lat' dir='ltr'>fuisse</span> <span class='ocrx_word' id='word_1_368' title='bbox 3129 2017 3546 2089; x_wconf 84' lang='lat' dir='ltr'>Euthymium?</span> 
     </span>
    </p>
   </div>
   <div class='ocr_carea' id='block_1_49' title="bbox 1898 2104 3543 2178">
    <p class='ocr_par' dir='ltr' id='par_1_49' title="bbox 1898 2104 3543 2178">
     <span class='ocr_line' id='line_1_49' title="bbox 1898 2104 3543 2178; baseline 0.001 -17"><span class='ocrx_word' id='word_1_369' title='bbox 1898 2105 2208 2162; x_wconf 91' lang='lat' dir='ltr'>Scilicetex</span> <span class='ocrx_word' id='word_1_370' title='bbox 2228 2104 2502 2175; x_wconf 89' lang='lat' dir='ltr'>ejusdem</span> <span class='ocrx_word' id='word_1_371' title='bbox 2523 2104 2962 2160; x_wconf 89' lang='lat' dir='ltr'>Commentario</span> <span class='ocrx_word' id='word_1_372' title='bbox 2979 2105 3040 2160; x_wconf 91' lang='lat' dir='ltr'>in</span> <span class='ocrx_word' id='word_1_373' title='bbox 3063 2106 3543 2178; x_wconf 68' lang='lat' dir='ltr'>Psalmos,quem</span> 
     </span>
    </p>
   </div>
   <div class='ocr_carea' id='block_1_50' title="bbox 1897 2189 3546 2266">
    <p class='ocr_par' dir='ltr' id='par_1_50' title="bbox 1897 2189 3546 2266">
     <span class='ocr_line' id='line_1_50' title="bbox 1897 2189 3546 2266; baseline -0.001 -14"><span class='ocrx_word' id='word_1_374' title='bbox 1897 2194 2253 2258; x_wconf 88' lang='lat' dir='ltr'>Hentenius,</span> <span class='ocrx_word' id='word_1_375' title='bbox 2287 2189 2791 2257; x_wconf 85' lang='lat' dir='ltr'>Montefalconius,</span> <span class='ocrx_word' id='word_1_376' title='bbox 2835 2207 3072 2265; x_wconf 89' lang='lat' dir='ltr'>nosque</span> <span class='ocrx_word' id='word_1_377' title='bbox 3123 2194 3236 2266; x_wconf 89' lang='lat' dir='ltr'>ipsi</span> <span class='ocrx_word' id='word_1_378' title='bbox 3281 2193 3546 2250; x_wconf 86' lang='lat' dir='ltr'>tractavi-</span> 
     </span>
    </p>
   </div>
   <div class='ocr_carea' id='block_1_51' title="bbox 1895 2281 3543 2352">
    <p class='ocr_par' dir='ltr' id='par_1_51' title="bbox 1895 2281 3543 2352">
     <span class='ocr_line' id='line_1_51' title="bbox 1895 2281 3543 2352; baseline 0 -13"><span class='ocrx_word' id='word_1_379' title='bbox 1895 2299 2051 2340; x_wconf 89' lang='lat' dir='ltr'>mus.</span> <span class='ocrx_word' id='word_1_380' title='bbox 2079 2281 2392 2348; x_wconf 89' lang='lat' dir='ltr'>Quomodo</span> <span class='ocrx_word' id='word_1_381' title='bbox 2421 2285 2620 2336; x_wconf 90' lang='lat' dir='ltr'>autem</span> <span class='ocrx_word' id='word_1_382' title='bbox 2642 2281 2669 2335; x_wconf 68' lang='grc' dir='ltr'><strong>Τ</strong></span> <span class='ocrx_word' id='word_1_383' title='bbox 2695 2282 2887 2337; x_wconf 89' lang='lat' dir='ltr'>Primo</span> <span class='ocrx_word' id='word_1_384' title='bbox 2925 2282 3192 2352; x_wconf 88' lang='lat' dir='ltr'>quidem,</span> <span class='ocrx_word' id='word_1_385' title='bbox 3222 2298 3332 2339; x_wconf 88' lang='lat' dir='ltr'>nec</span> <span class='ocrx_word' id='word_1_386' title='bbox 3361 2299 3543 2339; x_wconf 89' lang='lat' dir='ltr'>ovum</span> 
     </span>
    </p>
   </div>
   <div class='ocr_carea' id='block_1_52' title="bbox 1896 2368 3546 2444">
    <p class='ocr_par' dir='ltr' id='par_1_52' title="bbox 1896 2368 3546 2444">
     <span class='ocr_line' id='line_1_52' title="bbox 1896 2368 3546 2444; baseline 0.001 -17"><span class='ocrx_word' id='word_1_387' title='bbox 1896 2387 2011 2428; x_wconf 91' lang='lat' dir='ltr'>ovo</span> <span class='ocrx_word' id='word_1_388' title='bbox 2057 2371 2140 2425; x_wconf 90' lang='lat' dir='ltr'>ita</span> <span class='ocrx_word' id='word_1_389' title='bbox 2177 2373 2266 2426; x_wconf 85' lang='lat' dir='ltr'>est</span> <span class='ocrx_word' id='word_1_390' title='bbox 2315 2368 2526 2436; x_wconf 89' lang='lat' dir='ltr'>simile,</span> <span class='ocrx_word' id='word_1_391' title='bbox 2560 2374 2623 2424; x_wconf 89' lang='lat' dir='ltr'>ut</span> <span class='ocrx_word' id='word_1_392' title='bbox 2665 2385 2805 2425; x_wconf 91' lang='lat' dir='ltr'>cum</span> <span class='ocrx_word' id='word_1_393' title='bbox 2846 2370 3134 2426; x_wconf 86' lang='lat' dir='ltr'>Hentenio</span> <span class='ocrx_word' id='word_1_394' title='bbox 3180 2371 3410 2444; x_wconf 89' lang='lat' dir='ltr'>loquar,</span> <span class='ocrx_word' id='word_1_395' title='bbox 3461 2373 3546 2428; x_wconf 88' lang='lat' dir='ltr'>uti</span> 
     </span>
    </p>
   </div>
   <div class='ocr_carea' id='block_1_53' title="bbox 1897 2456 3547 2516">
    <p class='ocr_par' dir='ltr' id='par_1_53' title="bbox 1897 2456 3547 2516">
     <span class='ocr_line' id='line_1_53' title="bbox 1897 2456 3547 2516; baseline 0 0"><span class='ocrx_word' id='word_1_396' title='bbox 1897 2459 2118 2516; x_wconf 89' lang='lat' dir='ltr'>similes</span> <span class='ocrx_word' id='word_1_397' title='bbox 2143 2465 2279 2513; x_wconf 88' lang='lat' dir='ltr'>sunt</span> <span class='ocrx_word' id='word_1_398' title='bbox 2297 2456 2796 2515; x_wconf 87' lang='lat' dir='ltr'>hiCommentarii</span> <span class='ocrx_word' id='word_1_399' title='bbox 2823 2461 3279 2516; x_wconf 87' lang='lat' dir='ltr'>Commentariis</span> <span class='ocrx_word' id='word_1_400' title='bbox 3305 2463 3365 2516; x_wconf 91' lang='lat' dir='ltr'>in</span> <span class='ocrx_word' id='word_1_401' title='bbox 3388 2460 3547 2516; x_wconf 87' lang='lat' dir='ltr'>Psal-</span> 
     </span>
    </p>
   </div>
   <div class='ocr_carea' id='block_1_54' title="bbox 1897 2545 3549 2620">
    <p class='ocr_par' dir='ltr' id='par_1_54' title="bbox 1897 2545 3549 2620">
     <span class='ocr_line' id='line_1_54' title="bbox 1897 2545 3549 2620; baseline 0.001 -17"><span class='ocrx_word' id='word_1_402' title='bbox 1897 2563 2049 2603; x_wconf 90' lang='lat' dir='ltr'>mos.</span> <span class='ocrx_word' id='word_1_403' title='bbox 2094 2545 2388 2611; x_wconf 87' lang='lat' dir='ltr'>Secundo,</span> <span class='ocrx_word' id='word_1_404' title='bbox 2433 2545 2493 2601; x_wconf 92' lang='lat' dir='ltr'>in</span> <span class='ocrx_word' id='word_1_405' title='bbox 2533 2545 2774 2602; x_wconf 87' lang='lat' dir='ltr'>scholiis</span> <span class='ocrx_word' id='word_1_406' title='bbox 2803 2548 2877 2603; x_wconf 85' lang='lat' dir='ltr'>ad</span> <span class='ocrx_word' id='word_1_407' title='bbox 2909 2548 3178 2605; x_wconf 88' lang='lat' dir='ltr'>Psalmos</span> <span class='ocrx_word' id='word_1_408' title='bbox 3209 2549 3549 2620; x_wconf 85' lang='lat' dir='ltr'>frequenter</span> 
     </span>
    </p>
   </div>
   <div class='ocr_carea' id='block_1_55' title="bbox 1897 2633 3547 2710">
    <p class='ocr_par' dir='ltr' id='par_1_55' title="bbox 1897 2633 3547 2710">
     <span class='ocr_line' id='line_1_55' title="bbox 1897 2633 3547 2710; baseline 0 -19"><span class='ocrx_word' id='word_1_409' title='bbox 1897 2636 2078 2706; x_wconf 87' lang='lat' dir='ltr'>hujus</span> <span class='ocrx_word' id='word_1_410' title='bbox 2115 2633 2536 2690; x_wconf 89' lang='lat' dir='ltr'>Commentarii</span> <span class='ocrx_word' id='word_1_411' title='bbox 2571 2635 2638 2690; x_wconf 83' lang='lat' dir='ltr'>ﬁt</span> <span class='ocrx_word' id='word_1_412' title='bbox 2663 2637 2907 2701; x_wconf 91' lang='lat' dir='ltr'>mentio,</span> <span class='ocrx_word' id='word_1_413' title='bbox 2938 2637 3022 2694; x_wconf 90' lang='lat' dir='ltr'>ita</span> <span class='ocrx_word' id='word_1_414' title='bbox 3068 2641 3132 2694; x_wconf 92' lang='lat' dir='ltr'>ut</span> <span class='ocrx_word' id='word_1_415' title='bbox 3167 2655 3426 2710; x_wconf 91' lang='lat' dir='ltr'>quorum</span> <span class='ocrx_word' id='word_1_416' title='bbox 3466 2639 3547 2694; x_wconf 90' lang='lat' dir='ltr'>ibi</span> 
     </span>
    </p>
   </div>
   <div class='ocr_carea' id='block_1_56' title="bbox 1900 2724 3550 2796">
    <p class='ocr_par' dir='ltr' id='par_1_56' title="bbox 1900 2724 3550 2796">
     <span class='ocr_line' id='line_1_56' title="bbox 1900 2724 3550 2796; baseline 0.001 -16"><span class='ocrx_word' id='word_1_417' title='bbox 1900 2725 2006 2782; x_wconf 87' lang='lat' dir='ltr'>ﬁat</span> <span class='ocrx_word' id='word_1_418' title='bbox 2041 2725 2286 2792; x_wconf 90' lang='lat' dir='ltr'>mentio,</span> <span class='ocrx_word' id='word_1_419' title='bbox 2319 2739 2391 2779; x_wconf 88' lang='lat' dir='ltr'>ea</span> <span class='ocrx_word' id='word_1_420' title='bbox 2419 2724 2515 2780; x_wconf 86' lang='lat' dir='ltr'>hic</span> <span class='ocrx_word' id='word_1_421' title='bbox 2565 2726 2958 2796; x_wconf 88' lang='lat' dir='ltr'>reperiantur.</span> <span class='ocrx_word' id='word_1_422' title='bbox 2997 2728 3206 2794; x_wconf 86' lang='lat' dir='ltr'>Tertio,</span> <span class='ocrx_word' id='word_1_423' title='bbox 3240 2729 3550 2784; x_wconf 86' lang='lat' dir='ltr'>Commen-</span> 
     </span>
    </p>
   </div>
   <div class='ocr_carea' id='block_1_57' title="bbox 1899 2811 3549 2886">
    <p class='ocr_par' dir='ltr' id='par_1_57' title="bbox 1899 2811 3549 2886">
     <span class='ocr_line' id='line_1_57' title="bbox 1899 2811 3549 2886; baseline 0.001 -16"><span class='ocrx_word' id='word_1_424' title='bbox 1899 2813 2083 2870; x_wconf 85' lang='lat' dir='ltr'>tarius</span> <span class='ocrx_word' id='word_1_425' title='bbox 2109 2813 2171 2868; x_wconf 91' lang='lat' dir='ltr'>in</span> <span class='ocrx_word' id='word_1_426' title='bbox 2196 2811 2464 2869; x_wconf 87' lang='lat' dir='ltr'>Psalmos</span> <span class='ocrx_word' id='word_1_427' title='bbox 2481 2827 2704 2870; x_wconf 90' lang='lat' dir='ltr'>nomen</span> <span class='ocrx_word' id='word_1_428' title='bbox 2725 2815 3017 2886; x_wconf 79' lang='lat' dir='ltr'>Euthymii</span> <span class='ocrx_word' id='word_1_429' title='bbox 3048 2816 3316 2872; x_wconf 88' lang='lat' dir='ltr'>additum</span> <span class='ocrx_word' id='word_1_430' title='bbox 3347 2816 3549 2882; x_wconf 88' lang='lat' dir='ltr'>habet,</span> 
     </span>
    </p>
   </div>
   <div class='ocr_carea' id='block_1_58' title="bbox 1902 2901 3553 2963">
    <p class='ocr_par' dir='ltr' id='par_1_58' title="bbox 1902 2901 3553 2963">
     <span class='ocr_line' id='line_1_58' title="bbox 1902 2901 3553 2963; baseline 0.002 -5"><span class='ocrx_word' id='word_1_431' title='bbox 1902 2904 2008 2960; x_wconf 89' lang='lat' dir='ltr'>etsi</span> <span class='ocrx_word' id='word_1_432' title='bbox 2038 2917 2161 2959; x_wconf 91' lang='lat' dir='ltr'>non</span> <span class='ocrx_word' id='word_1_433' title='bbox 2196 2902 2259 2958; x_wconf 92' lang='lat' dir='ltr'>in</span> <span class='ocrx_word' id='word_1_434' title='bbox 2285 2901 2566 2958; x_wconf 87' lang='lat' dir='ltr'>omnibus</span> <span class='ocrx_word' id='word_1_435' title='bbox 2602 2903 2930 2960; x_wconf 89' lang='lat' dir='ltr'>codicibus.</span> <span class='ocrx_word' id='word_1_436' title='bbox 2972 2905 3212 2961; x_wconf 88' lang='lat' dir='ltr'>Codices</span> <span class='ocrx_word' id='word_1_437' title='bbox 3239 2907 3553 2963; x_wconf 88' lang='lat' dir='ltr'>Commen-</span> 
     </span>
    </p>
   </div>
   <div class='ocr_carea' id='block_1_59' title="bbox 1902 2990 3558 3066">
    <p class='ocr_par' dir='ltr' id='par_1_59' title="bbox 1902 2990 3558 3066">
     <span class='ocr_line' id='line_1_59' title="bbox 1902 2990 3558 3066; baseline 0.003 -21"><span class='ocrx_word' id='word_1_438' title='bbox 1902 2991 2179 3047; x_wconf 88' lang='lat' dir='ltr'>tariorum</span> <span class='ocrx_word' id='word_1_439' title='bbox 2210 2990 2270 3044; x_wconf 91' lang='lat' dir='ltr'>in</span> <span class='ocrx_word' id='word_1_440' title='bbox 2294 2991 2583 3055; x_wconf 88' lang='lat' dir='ltr'>Psalmos,</span> <span class='ocrx_word' id='word_1_441' title='bbox 2613 2992 2718 3064; x_wconf 88' lang='lat' dir='ltr'>qui</span> <span class='ocrx_word' id='word_1_442' title='bbox 2742 2991 2918 3063; x_wconf 85' lang='lat' dir='ltr'>vulgo</span> <span class='ocrx_word' id='word_1_443' title='bbox 2950 2993 3270 3066; x_wconf 85' lang='lat' dir='ltr'>Euthymio</span> <span class='ocrx_word' id='word_1_444' title='bbox 3299 2996 3558 3050; x_wconf 90' lang='lat' dir='ltr'>tribuun-</span> 
     </span>
    </p>
   </div>
   <div class='ocr_carea' id='block_1_60' title="bbox 187 3071 3558 3176">
    <p class='ocr_par' dir='ltr' id='par_1_60' title="bbox 187 3071 3558 3176">
     <span class='ocr_line' id='line_1_60' title="bbox 187 3071 3558 3176; baseline 0.005 -54"><span class='ocrx_word' id='word_1_445' title='bbox 187 3071 265 3122; x_wconf 67' lang='grc' dir='ltr'>οὐχ</span> <span class='ocrx_word' id='word_1_446' title='bbox 301 3073 370 3128; x_wconf 87' lang='lat' dir='ltr'>ad</span> <span class='ocrx_word' id='word_1_447' title='bbox 559 3083 755 3128; x_wconf 77' lang='grc' dir='ltr'>σῶσαι.</span> <span class='ocrx_word' id='word_1_448' title='bbox 806 3074 941 3129; x_wconf 68' lang='lat' dir='ltr'>Haec</span> <span class='ocrx_word' id='word_1_449' title='bbox 1001 3073 1163 3129; x_wconf 90' lang='lat' dir='ltr'>enim</span> <span class='ocrx_word' id='word_1_450' title='bbox 1206 3073 1400 3144; x_wconf 91' lang='lat' dir='ltr'>primo</span> <span class='ocrx_word' id='word_1_451' title='bbox 1444 3075 1796 3146; x_wconf 85' lang='lat' dir='ltr'>Euthymius</span> <span class='ocrx_word' id='word_1_452' title='bbox 1833 3120 1874 3176; x_wconf 63' lang='grc' dir='ltr'>Ο</span> <span class='ocrx_word' id='word_1_453' title='bbox 1906 3086 2021 3145; x_wconf 87' lang='lat' dir='ltr'>tur,</span> <span class='ocrx_word' id='word_1_454' title='bbox 2045 3079 2107 3135; x_wconf 88' lang='lat' dir='ltr'>in</span> <span class='ocrx_word' id='word_1_455' title='bbox 2137 3079 2597 3152; x_wconf 84' lang='lat' dir='ltr'>Mosquensibus</span> <span class='ocrx_word' id='word_1_456' title='bbox 2622 3080 2994 3138; x_wconf 87' lang='lat' dir='ltr'>bibliothecis</span> <span class='ocrx_word' id='word_1_457' title='bbox 3030 3085 3226 3140; x_wconf 90' lang='lat' dir='ltr'>inveni</span> <span class='ocrx_word' id='word_1_458' title='bbox 3251 3085 3426 3141; x_wconf 92' lang='lat' dir='ltr'>duos.</span> <span class='ocrx_word' id='word_1_459' title='bbox 3451 3086 3558 3140; x_wconf 85' lang='lat' dir='ltr'>Ac-</span> 
     </span>
    </p>
   </div>
   <div class='ocr_carea' id='block_1_61' title="bbox 186 3162 3557 3236">
    <p class='ocr_par' dir='ltr' id='par_1_61' title="bbox 186 3162 3557 3236">
     <span class='ocr_line' id='line_1_61' title="bbox 186 3162 3557 3236; baseline 0.004 -21"><span class='ocrx_word' id='word_1_460' title='bbox 186 3163 496 3219; x_wconf 83' lang='lat' dir='ltr'>auctoritate</span> <span class='ocrx_word' id='word_1_461' title='bbox 544 3162 954 3235; x_wconf 84' lang='lat' dir='ltr'>Chrysostomi</span> <span class='ocrx_word' id='word_1_462' title='bbox 1014 3163 1349 3218; x_wconf 85' lang='lat' dir='ltr'>excluserat</span> <span class='ocrx_word' id='word_1_463' title='bbox 1387 3179 1398 3216; x_wconf 92' lang='lat'>:</span> <span class='ocrx_word' id='word_1_464' title='bbox 1434 3163 1495 3218; x_wconf 93' lang='lat' dir='ltr'>in</span> <span class='ocrx_word' id='word_1_465' title='bbox 1547 3164 1800 3236; x_wconf 86' lang='lat' dir='ltr'>repetita</span> <span class='ocrx_word' id='word_1_466' title='bbox 1836 3162 1874 3176; x_wconf 66' lang='grc' dir='ltr'>ν</span> <span class='ocrx_word' id='word_1_467' title='bbox 1908 3169 2067 3224; x_wconf 91' lang='lat' dir='ltr'>cedit</span> <span class='ocrx_word' id='word_1_468' title='bbox 2105 3168 2306 3223; x_wconf 88' lang='lat' dir='ltr'>tertius</span> <span class='ocrx_word' id='word_1_469' title='bbox 2355 3167 2466 3223; x_wconf 87' lang='lat' dir='ltr'>illis</span> <span class='ocrx_word' id='word_1_470' title='bbox 2494 3168 2669 3224; x_wconf 89' lang='lat' dir='ltr'>valde</span> <span class='ocrx_word' id='word_1_471' title='bbox 2716 3167 2944 3226; x_wconf 87' lang='lat' dir='ltr'>similis.</span> <span class='ocrx_word' id='word_1_472' title='bbox 2993 3173 3072 3227; x_wconf 91' lang='lat' dir='ltr'>De</span> <span class='ocrx_word' id='word_1_473' title='bbox 3109 3172 3204 3227; x_wconf 87' lang='lat' dir='ltr'>his</span> <span class='ocrx_word' id='word_1_474' title='bbox 3254 3173 3404 3230; x_wconf 85' lang='lat' dir='ltr'>infra</span> <span class='ocrx_word' id='word_1_475' title='bbox 3433 3190 3557 3230; x_wconf 91' lang='lat' dir='ltr'>mo-</span> 
     </span>
    </p>
   </div>
   <div class='ocr_carea' id='block_1_62' title="bbox 192 3249 3558 3329">
    <p class='ocr_par' dir='ltr' id='par_1_62' title="bbox 192 3249 3558 3329">
     <span class='ocr_line' id='line_1_62' title="bbox 192 3249 3558 3329; baseline 0.004 -27"><span class='ocrx_word' id='word_1_476' title='bbox 192 3252 368 3305; x_wconf 86' lang='lat' dir='ltr'>autem</span> <span class='ocrx_word' id='word_1_477' title='bbox 392 3249 658 3318; x_wconf 88' lang='lat' dir='ltr'>lectione,</span> <span class='ocrx_word' id='word_1_478' title='bbox 693 3254 758 3306; x_wconf 91' lang='lat' dir='ltr'>ut</span> <span class='ocrx_word' id='word_1_479' title='bbox 788 3251 933 3308; x_wconf 89' lang='lat' dir='ltr'>satis</span> <span class='ocrx_word' id='word_1_480' title='bbox 963 3250 1136 3306; x_wconf 90' lang='lat' dir='ltr'>docet</span> <span class='ocrx_word' id='word_1_481' title='bbox 1181 3249 1476 3306; x_wconf 89' lang='lat' dir='ltr'>scholium</span> <span class='ocrx_word' id='word_1_482' title='bbox 1513 3250 1586 3306; x_wconf 88' lang='lat' dir='ltr'>ad</span> <span class='ocrx_word' id='word_1_483' title='bbox 1617 3251 1801 3308; x_wconf 90' lang='lat' dir='ltr'>istum</span> <span class='ocrx_word' id='word_1_484' title='bbox 1909 3257 2032 3313; x_wconf 87' lang='lat' dir='ltr'>nui.</span> <span class='ocrx_word' id='word_1_485' title='bbox 2057 3255 2171 3312; x_wconf 90' lang='lat' dir='ltr'>Sed</span> <span class='ocrx_word' id='word_1_486' title='bbox 2197 3271 2269 3310; x_wconf 92' lang='lat' dir='ltr'>ex</span> <span class='ocrx_word' id='word_1_487' title='bbox 2298 3255 2392 3309; x_wconf 92' lang='lat' dir='ltr'>his</span> <span class='ocrx_word' id='word_1_488' title='bbox 2411 3254 2555 3310; x_wconf 89' lang='lat' dir='ltr'>nihil</span> <span class='ocrx_word' id='word_1_489' title='bbox 2579 3256 2848 3322; x_wconf 76' lang='lat' dir='ltr'>efﬁcitur,</span> <span class='ocrx_word' id='word_1_490' title='bbox 2864 3261 3026 3329; x_wconf 90' lang='lat' dir='ltr'>quod</span> <span class='ocrx_word' id='word_1_491' title='bbox 3041 3261 3298 3315; x_wconf 88' lang='lat' dir='ltr'>auctoris</span> <span class='ocrx_word' id='word_1_492' title='bbox 3315 3264 3558 3318; x_wconf 89' lang='lat' dir='ltr'>nomine</span> 
     </span>
    </p>
   </div>
   <div class='ocr_carea' id='block_1_63' title="bbox 189 3333 3560 3420">
    <p class='ocr_par' dir='ltr' id='par_1_63' title="bbox 189 3333 3560 3420">
     <span class='ocr_line' id='line_1_63' title="bbox 189 3333 3560 3420; baseline 0.004 -31"><span class='ocrx_word' id='word_1_493' title='bbox 189 3333 388 3402; x_wconf 84' lang='lat' dir='ltr'>locum,</span> <span class='ocrx_word' id='word_1_494' title='bbox 414 3339 657 3408; x_wconf 77' lang='lat' dir='ltr'>ejusdem</span> <span class='ocrx_word' id='word_1_495' title='bbox 690 3339 1038 3397; x_wconf 80' lang='lat' dir='ltr'>auctoritate</span> <span class='ocrx_word' id='word_1_496' title='bbox 1068 3338 1402 3395; x_wconf 86' lang='lat' dir='ltr'>addiderat.</span> <span class='ocrx_word' id='word_1_497' title='bbox 1432 3340 1600 3395; x_wconf 83' lang='lat' dir='ltr'>Forte</span> <span class='ocrx_word' id='word_1_498' title='bbox 1638 3339 1800 3396; x_wconf 88' lang='lat' dir='ltr'>hunc</span> <span class='ocrx_word' id='word_1_499' title='bbox 1911 3349 2130 3402; x_wconf 86' lang='lat' dir='ltr'>carent.</span> <span class='ocrx_word' id='word_1_500' title='bbox 2154 3345 2578 3399; x_wconf 89' lang='lat' dir='ltr'>Verumtamen</span> <span class='ocrx_word' id='word_1_501' title='bbox 2606 3343 2680 3400; x_wconf 91' lang='lat' dir='ltr'>de</span> <span class='ocrx_word' id='word_1_502' title='bbox 2699 3345 2969 3417; x_wconf 89' lang='lat' dir='ltr'>Philippo</span> <span class='ocrx_word' id='word_1_503' title='bbox 2992 3347 3190 3414; x_wconf 88' lang='lat' dir='ltr'>Saulo,</span> <span class='ocrx_word' id='word_1_504' title='bbox 3209 3349 3314 3419; x_wconf 89' lang='lat' dir='ltr'>qui</span> <span class='ocrx_word' id='word_1_505' title='bbox 3334 3349 3560 3420; x_wconf 90' lang='lat' dir='ltr'>primus</span> 
     </span>
    </p>
   </div>
   <div class='ocr_carea' id='block_1_64' title="bbox 190 3421 1801 3499">
    <p class='ocr_par' dir='ltr' id='par_1_64' title="bbox 190 3421 1801 3499">
     <span class='ocr_line' id='line_1_64' title="bbox 190 3421 1801 3499; baseline 0.005 -22"><span class='ocrx_word' id='word_1_506' title='bbox 190 3421 428 3482; x_wconf 88' lang='lat' dir='ltr'>laborem</span> <span class='ocrx_word' id='word_1_507' title='bbox 478 3428 673 3492; x_wconf 90' lang='lat' dir='ltr'>etiam,</span> <span class='ocrx_word' id='word_1_508' title='bbox 705 3428 878 3484; x_wconf 90' lang='lat' dir='ltr'>sicuti</span> <span class='ocrx_word' id='word_1_509' title='bbox 926 3427 1301 3499; x_wconf 89' lang='lat' dir='ltr'>Panopliam,</span> <span class='ocrx_word' id='word_1_510' title='bbox 1329 3427 1569 3498; x_wconf 87' lang='lat' dir='ltr'>jubente</span> <span class='ocrx_word' id='word_1_511' title='bbox 1599 3428 1801 3485; x_wconf 83' lang='lat' dir='ltr'>Alexio</span> 
     </span>
    </p>
   </div>
   <div class='ocr_carea' id='block_1_65' title="bbox 192 3510 1804 3588">
    <p class='ocr_par' dir='ltr' id='par_1_65' title="bbox 192 3510 1804 3588">
     <span class='ocr_line' id='line_1_65' title="bbox 192 3510 1804 3588; baseline 0.004 -23"><span class='ocrx_word' id='word_1_512' title='bbox 192 3510 461 3570; x_wconf 89' lang='lat' dir='ltr'>Comneno</span> <span class='ocrx_word' id='word_1_513' title='bbox 504 3516 787 3588; x_wconf 87' lang='lat' dir='ltr'>suscepit,</span> <span class='ocrx_word' id='word_1_514' title='bbox 834 3531 904 3572; x_wconf 89' lang='lat' dir='ltr'>ac</span> <span class='ocrx_word' id='word_1_515' title='bbox 932 3515 1133 3587; x_wconf 90' lang='lat' dir='ltr'>plures</span> <span class='ocrx_word' id='word_1_516' title='bbox 1159 3515 1384 3570; x_wconf 89' lang='lat' dir='ltr'>scribas</span> <span class='ocrx_word' id='word_1_517' title='bbox 1405 3516 1804 3588; x_wconf 88' lang='lat' dir='ltr'>imperatoriis</span> 
     </span>
    </p>
   </div>
   <div class='ocr_carea' id='block_1_66' title="bbox 193 3599 1806 3673">
    <p class='ocr_par' dir='ltr' id='par_1_66' title="bbox 193 3599 1806 3673">
     <span class='ocr_line' id='line_1_66' title="bbox 193 3599 1806 3673; baseline 0.004 -19"><span class='ocrx_word' id='word_1_518' title='bbox 193 3599 443 3673; x_wconf 88' lang='lat' dir='ltr'>impensis</span> <span class='ocrx_word' id='word_1_519' title='bbox 471 3605 803 3662; x_wconf 87' lang='lat' dir='ltr'>conductos</span> <span class='ocrx_word' id='word_1_520' title='bbox 828 3603 1060 3659; x_wconf 90' lang='lat' dir='ltr'>habuit.</span> <span class='ocrx_word' id='word_1_521' title='bbox 1107 3603 1223 3660; x_wconf 89' lang='lat' dir='ltr'>Sed</span> <span class='ocrx_word' id='word_1_522' title='bbox 1263 3603 1326 3659; x_wconf 90' lang='lat' dir='ltr'>id</span> <span class='ocrx_word' id='word_1_523' title='bbox 1357 3604 1575 3660; x_wconf 90' lang='lat' dir='ltr'>deinde</span> <span class='ocrx_word' id='word_1_524' title='bbox 1604 3620 1806 3660; x_wconf 90' lang='lat' dir='ltr'>recen-</span> 
     </span>
    </p>
   </div>
   <div class='ocr_carea' id='block_1_67' title="bbox 199 3689 1805 3762">
    <p class='ocr_par' dir='ltr' id='par_1_67' title="bbox 199 3689 1805 3762">
     <span class='ocr_line' id='line_1_67' title="bbox 199 3689 1805 3762; baseline 0.004 -20"><span class='ocrx_word' id='word_1_525' title='bbox 199 3689 341 3744; x_wconf 88' lang='lat' dir='ltr'>tiores</span> <span class='ocrx_word' id='word_1_526' title='bbox 379 3691 544 3748; x_wconf 87' lang='lat' dir='ltr'>etiam</span> <span class='ocrx_word' id='word_1_527' title='bbox 592 3691 812 3748; x_wconf 67' lang='lat' dir='ltr'>scribis</span> <span class='ocrx_word' id='word_1_528' title='bbox 850 3691 1060 3748; x_wconf 86' lang='lat' dir='ltr'>imitati</span> <span class='ocrx_word' id='word_1_529' title='bbox 1108 3695 1264 3762; x_wconf 86' lang='lat' dir='ltr'>sunt,</span> <span class='ocrx_word' id='word_1_530' title='bbox 1299 3696 1363 3746; x_wconf 90' lang='lat' dir='ltr'>ut</span> <span class='ocrx_word' id='word_1_531' title='bbox 1399 3708 1470 3747; x_wconf 92' lang='lat' dir='ltr'>ex</span> <span class='ocrx_word' id='word_1_532' title='bbox 1518 3693 1805 3748; x_wconf 84' lang='lat' dir='ltr'>Hentenio</span> 
     </span>
    </p>
   </div>
   <div class='ocr_carea' id='block_1_68' title="bbox 200 3774 1808 3852">
    <p class='ocr_par' dir='ltr' id='par_1_68' title="bbox 200 3774 1808 3852">
     <span class='ocr_line' id='line_1_68' title="bbox 200 3774 1808 3852; baseline 0.004 -22"><span class='ocrx_word' id='word_1_533' title='bbox 200 3774 422 3836; x_wconf 88' lang='lat' dir='ltr'>discitur.</span> <span class='ocrx_word' id='word_1_534' title='bbox 447 3783 591 3838; x_wconf 86' lang='lat' dir='ltr'>Nam</span> <span class='ocrx_word' id='word_1_535' title='bbox 624 3780 894 3838; x_wconf 85' lang='lat' dir='ltr'>Hentenii</span> <span class='ocrx_word' id='word_1_536' title='bbox 928 3779 1134 3845; x_wconf 82' lang='lat' dir='ltr'>codex,</span> <span class='ocrx_word' id='word_1_537' title='bbox 1167 3780 1274 3835; x_wconf 89' lang='lat' dir='ltr'>etsi</span> <span class='ocrx_word' id='word_1_538' title='bbox 1300 3780 1444 3836; x_wconf 89' lang='lat' dir='ltr'>satis</span> <span class='ocrx_word' id='word_1_539' title='bbox 1473 3780 1691 3844; x_wconf 91' lang='lat' dir='ltr'>bonus,</span> <span class='ocrx_word' id='word_1_540' title='bbox 1718 3781 1808 3852; x_wconf 87' lang='lat' dir='ltr'>ju-</span> 
     </span>
    </p>
   </div>
   <div class='ocr_carea' id='block_1_69' title="bbox 205 3863 1808 3934">
    <p class='ocr_par' dir='ltr' id='par_1_69' title="bbox 205 3863 1808 3934">
     <span class='ocr_line' id='line_1_69' title="bbox 205 3863 1808 3934; baseline 0.002 -14"><span class='ocrx_word' id='word_1_541' title='bbox 205 3863 309 3922; x_wconf 84' lang='lat' dir='ltr'>dice</span> <span class='ocrx_word' id='word_1_542' title='bbox 331 3870 495 3927; x_wconf 85' lang='lat' dir='ltr'>etiam</span> <span class='ocrx_word' id='word_1_543' title='bbox 523 3870 816 3934; x_wconf 91' lang='lat' dir='ltr'>Simonio,</span> <span class='ocrx_word' id='word_1_544' title='bbox 834 3868 1041 3924; x_wconf 88' lang='lat' dir='ltr'>haberi</span> <span class='ocrx_word' id='word_1_545' title='bbox 1070 3868 1269 3933; x_wconf 90' lang='lat' dir='ltr'>debet,</span> <span class='ocrx_word' id='word_1_546' title='bbox 1294 3872 1497 3926; x_wconf 89' lang='lat' dir='ltr'>tamen</span> <span class='ocrx_word' id='word_1_547' title='bbox 1529 3869 1660 3925; x_wconf 90' lang='lat' dir='ltr'>sine</span> <span class='ocrx_word' id='word_1_548' title='bbox 1688 3868 1808 3925; x_wconf 90' lang='lat' dir='ltr'>ullo</span> 
     </span>
    </p>
   </div>
   <div class='ocr_carea' id='block_1_70' title="bbox 207 3951 1809 4029">
    <p class='ocr_par' dir='ltr' id='par_1_70' title="bbox 207 3951 1809 4029">
     <span class='ocr_line' id='line_1_70' title="bbox 207 3951 1809 4029; baseline 0.002 -22"><span class='ocrx_word' id='word_1_549' title='bbox 207 3951 360 4010; x_wconf 83' lang='lat' dir='ltr'>dubio</span> <span class='ocrx_word' id='word_1_550' title='bbox 385 3959 524 4015; x_wconf 88' lang='lat' dir='ltr'>meis</span> <span class='ocrx_word' id='word_1_551' title='bbox 551 3958 668 4015; x_wconf 85' lang='lat' dir='ltr'>fuit</span> <span class='ocrx_word' id='word_1_552' title='bbox 713 3957 1021 4014; x_wconf 87' lang='lat' dir='ltr'>recentior.</span> <span class='ocrx_word' id='word_1_553' title='bbox 1057 3957 1286 4012; x_wconf 87' lang='lat' dir='ltr'>Etenim</span> <span class='ocrx_word' id='word_1_554' title='bbox 1317 3956 1648 4014; x_wconf 87' lang='lat' dir='ltr'>Hentenius</span> <span class='ocrx_word' id='word_1_555' title='bbox 1681 3958 1809 4029; x_wconf 90' lang='lat' dir='ltr'>ipse</span> 
     </span>
    </p>
   </div>
   <div class='ocr_carea' id='block_1_71' title="bbox 212 4044 1809 4118">
    <p class='ocr_par' dir='ltr' id='par_1_71' title="bbox 212 4044 1809 4118">
     <span class='ocr_line' id='line_1_71' title="bbox 212 4044 1809 4118; baseline 0.001 -18"><span class='ocrx_word' id='word_1_556' title='bbox 212 4047 537 4116; x_wconf 77' lang='lat' dir='ltr'>conqueritur</span> <span class='ocrx_word' id='word_1_557' title='bbox 563 4047 641 4104; x_wconf 92' lang='lat' dir='ltr'>de</span> <span class='ocrx_word' id='word_1_558' title='bbox 690 4045 889 4101; x_wconf 87' lang='lat' dir='ltr'>multis</span> <span class='ocrx_word' id='word_1_559' title='bbox 934 4060 1006 4101; x_wconf 86' lang='lat' dir='ltr'>ac</span> <span class='ocrx_word' id='word_1_560' title='bbox 1050 4044 1400 4100; x_wconf 83' lang='lat' dir='ltr'>difﬁcilibus</span> <span class='ocrx_word' id='word_1_561' title='bbox 1453 4045 1638 4115; x_wconf 81' lang='lat' dir='ltr'>siglis,</span> <span class='ocrx_word' id='word_1_562' title='bbox 1673 4061 1809 4118; x_wconf 66' lang='lat' dir='ltr'>quae</span> 
     </span>
    </p>
   </div>
   <div class='ocr_carea' id='block_1_72' title="bbox 211 4133 1810 4200">
    <p class='ocr_par' dir='ltr' id='par_1_72' title="bbox 211 4133 1810 4200">
     <span class='ocr_line' id='line_1_72' title="bbox 211 4133 1810 4200; baseline 0.001 -12"><span class='ocrx_word' id='word_1_563' title='bbox 211 4144 376 4200; x_wconf 57' lang='lat' dir='ltr'>pauere</span> <span class='ocrx_word' id='word_1_564' title='bbox 407 4141 459 4192; x_wconf 88' lang='lat' dir='ltr'>et</span> <span class='ocrx_word' id='word_1_565' title='bbox 501 4141 656 4192; x_wconf 73' lang='lat' dir='ltr'>natm</span> <span class='ocrx_word' id='word_1_566' title='bbox 703 4141 836 4190; x_wconf 89' lang='lat' dir='ltr'>sunt</span> <span class='ocrx_word' id='word_1_567' title='bbox 876 4133 938 4189; x_wconf 88' lang='lat' dir='ltr'>in</span> <span class='ocrx_word' id='word_1_568' title='bbox 989 4134 1162 4189; x_wconf 89' lang='lat' dir='ltr'>meis.</span> <span class='ocrx_word' id='word_1_569' title='bbox 1218 4133 1502 4190; x_wconf 65' lang='lat' dir='ltr'>Prseterea</span> <span class='ocrx_word' id='word_1_570' title='bbox 1548 4134 1810 4190; x_wconf 86' lang='lat' dir='ltr'>Hentenii</span> 
     </span>
    </p>
   </div>
   <div class='ocr_carea' id='block_1_73' title="bbox 217 4221 1812 4293">
    <p class='ocr_par' dir='ltr' id='par_1_73' title="bbox 217 4221 1812 4293">
     <span class='ocr_line' id='line_1_73' title="bbox 217 4221 1812 4293; baseline 0.003 -21"><span class='ocrx_word' id='word_1_571' title='bbox 217 4222 523 4290; x_wconf 82' lang='lat' dir='ltr'>appendices</span> <span class='ocrx_word' id='word_1_572' title='bbox 540 4225 725 4282; x_wconf 86' lang='lat' dir='ltr'>etiam</span> <span class='ocrx_word' id='word_1_573' title='bbox 742 4221 925 4279; x_wconf 83' lang='lat' dir='ltr'>habet</span> <span class='ocrx_word' id='word_1_574' title='bbox 939 4237 1009 4278; x_wconf 88' lang='lat' dir='ltr'>ex</span> <span class='ocrx_word' id='word_1_575' title='bbox 1019 4221 1459 4293; x_wconf 84' lang='lat' dir='ltr'>Theophylacto</span> <span class='ocrx_word' id='word_1_576' title='bbox 1480 4226 1535 4277; x_wconf 91' lang='lat' dir='ltr'>et</span> <span class='ocrx_word' id='word_1_577' title='bbox 1558 4221 1812 4278; x_wconf 86' lang='lat' dir='ltr'>aliorum</span> 
     </span>
    </p>
   </div>
   <div class='ocr_carea' id='block_1_74' title="bbox 222 4305 1813 4386">
    <p class='ocr_par' dir='ltr' id='par_1_74' title="bbox 222 4305 1813 4386">
     <span class='ocr_line' id='line_1_74' title="bbox 222 4305 1813 4386; baseline 0.003 -25"><span class='ocrx_word' id='word_1_578' title='bbox 222 4305 430 4375; x_wconf 83' lang='lat' dir='ltr'>scholiis,</span> <span class='ocrx_word' id='word_1_579' title='bbox 460 4329 594 4386; x_wconf 63' lang='lat' dir='ltr'>qua;</span> <span class='ocrx_word' id='word_1_580' title='bbox 625 4313 696 4370; x_wconf 88' lang='lat' dir='ltr'>in</span> <span class='ocrx_word' id='word_1_581' title='bbox 739 4317 951 4369; x_wconf 88' lang='lat' dir='ltr'>neutro</span> <span class='ocrx_word' id='word_1_582' title='bbox 999 4325 1272 4367; x_wconf 89' lang='lat' dir='ltr'>meorum</span> <span class='ocrx_word' id='word_1_583' title='bbox 1321 4314 1692 4382; x_wconf 89' lang='lat' dir='ltr'>comparent.</span> <span class='ocrx_word' id='word_1_584' title='bbox 1722 4311 1813 4365; x_wconf 89' lang='lat' dir='ltr'>Ni-</span> 
     </span>
    </p>
   </div>
   <div class='ocr_carea' id='block_1_75' title="bbox 218 4392 1815 4460">
    <p class='ocr_par' dir='ltr' id='par_1_75' title="bbox 218 4392 1815 4460">
     <span class='ocr_line' id='line_1_75' title="bbox 218 4392 1815 4460; baseline 0.002 -11"><span class='ocrx_word' id='word_1_585' title='bbox 218 4392 485 4458; x_wconf 87' lang='lat' dir='ltr'>hilominus</span> <span class='ocrx_word' id='word_1_586' title='bbox 513 4408 723 4460; x_wconf 86' lang='lat' dir='ltr'>tamen</span> <span class='ocrx_word' id='word_1_587' title='bbox 749 4399 952 4458; x_wconf 88' lang='lat' dir='ltr'>multis</span> <span class='ocrx_word' id='word_1_588' title='bbox 975 4399 1035 4456; x_wconf 91' lang='lat' dir='ltr'>in</span> <span class='ocrx_word' id='word_1_589' title='bbox 1080 4399 1225 4455; x_wconf 85' lang='lat' dir='ltr'>locis</span> <span class='ocrx_word' id='word_1_590' title='bbox 1249 4399 1521 4455; x_wconf 86' lang='lat' dir='ltr'>versione</span> <span class='ocrx_word' id='word_1_591' title='bbox 1545 4398 1815 4454; x_wconf 84' lang='lat' dir='ltr'>Hentenii</span> 
     </span>
    </p>
   </div>
   <div class='ocr_carea' id='block_1_76' title="bbox 1913 3432 3565 3509">
    <p class='ocr_par' dir='ltr' id='par_1_76' title="bbox 1913 3432 3565 3509">
     <span class='ocr_line' id='line_1_76' title="bbox 1913 3432 3565 3509; baseline 0.001 -18"><span class='ocrx_word' id='word_1_592' title='bbox 1913 3434 2122 3492; x_wconf 82' lang='lat' dir='ltr'>Latine</span> <span class='ocrx_word' id='word_1_593' title='bbox 2138 3432 2792 3488; x_wconf 86' lang='lat' dir='ltr'>ediditCommentarios</span> <span class='ocrx_word' id='word_1_594' title='bbox 2818 3433 2878 3490; x_wconf 90' lang='lat' dir='ltr'>in</span> <span class='ocrx_word' id='word_1_595' title='bbox 2905 3433 3188 3501; x_wconf 88' lang='lat' dir='ltr'>Psalmos,</span> <span class='ocrx_word' id='word_1_596' title='bbox 3214 3452 3438 3509; x_wconf 86' lang='lat' dir='ltr'>eosque</span> <span class='ocrx_word' id='word_1_597' title='bbox 3457 3439 3565 3492; x_wconf 85' lang='lat' dir='ltr'>Eu-</span> 
     </span>
    </p>
   </div>
   <div class='ocr_carea' id='block_1_77' title="bbox 1914 3520 3565 3597">
    <p class='ocr_par' dir='ltr' id='par_1_77' title="bbox 1914 3520 3565 3597">
     <span class='ocr_line' id='line_1_77' title="bbox 1914 3520 3565 3597; baseline 0.001 -17"><span class='ocrx_word' id='word_1_598' title='bbox 1914 3523 2142 3591; x_wconf 80' lang='lat' dir='ltr'>thymio</span> <span class='ocrx_word' id='word_1_599' title='bbox 2156 3520 2378 3592; x_wconf 91' lang='lat' dir='ltr'>tribuit,</span> <span class='ocrx_word' id='word_1_600' title='bbox 2395 3520 2706 3592; x_wconf 89' lang='lat' dir='ltr'>probabile</span> <span class='ocrx_word' id='word_1_601' title='bbox 2736 3521 2970 3578; x_wconf 90' lang='lat' dir='ltr'>videtur</span> <span class='ocrx_word' id='word_1_602' title='bbox 2995 3538 3132 3579; x_wconf 90' lang='lat' dir='ltr'>eum</span> <span class='ocrx_word' id='word_1_603' title='bbox 3149 3524 3448 3597; x_wconf 86' lang='lat' dir='ltr'>Euthymii</span> <span class='ocrx_word' id='word_1_604' title='bbox 3463 3541 3565 3582; x_wconf 93' lang='lat' dir='ltr'>no-</span> 
     </span>
    </p>
   </div>
   <div class='ocr_carea' id='block_1_78' title="bbox 1914 3611 3569 3685">
    <p class='ocr_par' dir='ltr' id='par_1_78' title="bbox 1914 3611 3569 3685">
     <span class='ocr_line' id='line_1_78' title="bbox 1914 3611 3569 3685; baseline 0.002 -15"><span class='ocrx_word' id='word_1_605' title='bbox 1914 3629 2053 3670; x_wconf 92' lang='lat' dir='ltr'>men</span> <span class='ocrx_word' id='word_1_606' title='bbox 2081 3612 2372 3685; x_wconf 89' lang='lat' dir='ltr'>reperisse</span> <span class='ocrx_word' id='word_1_607' title='bbox 2403 3611 2464 3667; x_wconf 88' lang='lat' dir='ltr'>in</span> <span class='ocrx_word' id='word_1_608' title='bbox 2493 3627 2614 3667; x_wconf 91' lang='lat' dir='ltr'>uno</span> <span class='ocrx_word' id='word_1_609' title='bbox 2636 3616 2738 3666; x_wconf 85' lang='lat' dir='ltr'>aut</span> <span class='ocrx_word' id='word_1_610' title='bbox 2773 3612 3047 3684; x_wconf 89' lang='lat' dir='ltr'>pluribus</span> <span class='ocrx_word' id='word_1_611' title='bbox 3087 3615 3415 3672; x_wconf 87' lang='lat' dir='ltr'>codicibus.</span> <span class='ocrx_word' id='word_1_612' title='bbox 3459 3619 3569 3673; x_wconf 87' lang='lat' dir='ltr'>Ac-</span> 
     </span>
    </p>
   </div>
   <div class='ocr_carea' id='block_1_79' title="bbox 1915 3699 3567 3779">
    <p class='ocr_par' dir='ltr' id='par_1_79' title="bbox 1915 3699 3567 3779">
     <span class='ocr_line' id='line_1_79' title="bbox 1915 3699 3567 3779; baseline 0.002 -21"><span class='ocrx_word' id='word_1_613' title='bbox 1915 3702 2072 3758; x_wconf 89' lang='lat' dir='ltr'>cedit</span> <span class='ocrx_word' id='word_1_614' title='bbox 2091 3701 2240 3757; x_wconf 80' lang='lat' dir='ltr'>iides</span> <span class='ocrx_word' id='word_1_615' title='bbox 2271 3699 2657 3756; x_wconf 85' lang='lat' dir='ltr'>etauctoritas</span> <span class='ocrx_word' id='word_1_616' title='bbox 2682 3700 3142 3772; x_wconf 87' lang='lat' dir='ltr'>Montefalconii,</span> <span class='ocrx_word' id='word_1_617' title='bbox 3170 3704 3271 3778; x_wconf 84' lang='lat' dir='ltr'>qui</span> <span class='ocrx_word' id='word_1_618' title='bbox 3298 3705 3380 3762; x_wconf 89' lang='lat' dir='ltr'>ita</span> <span class='ocrx_word' id='word_1_619' title='bbox 3397 3721 3567 3779; x_wconf 86' lang='lat' dir='ltr'>repe—</span> 
     </span>
    </p>
   </div>
   <div class='ocr_carea' id='block_1_80' title="bbox 1913 3787 3570 3850">
    <p class='ocr_par' dir='ltr' id='par_1_80' title="bbox 1913 3787 3570 3850">
     <span class='ocr_line' id='line_1_80' title="bbox 1913 3787 3570 3850; baseline 0.002 -3"><span class='ocrx_word' id='word_1_620' title='bbox 1913 3791 1992 3848; x_wconf 92' lang='lat' dir='ltr'>rit</span> <span class='ocrx_word' id='word_1_621' title='bbox 2029 3790 2090 3845; x_wconf 90' lang='lat' dir='ltr'>in</span> <span class='ocrx_word' id='word_1_622' title='bbox 2120 3789 2428 3846; x_wconf 90' lang='lat' dir='ltr'>codicibus</span> <span class='ocrx_word' id='word_1_623' title='bbox 2477 3787 2872 3846; x_wconf 88' lang='lat' dir='ltr'>Coislinianis.</span> <span class='ocrx_word' id='word_1_624' title='bbox 2934 3791 3019 3847; x_wconf 88' lang='lat' dir='ltr'>Ita</span> <span class='ocrx_word' id='word_1_625' title='bbox 3078 3793 3238 3849; x_wconf 91' lang='lat' dir='ltr'>enim</span> <span class='ocrx_word' id='word_1_626' title='bbox 3282 3794 3458 3850; x_wconf 89' lang='lat' dir='ltr'>habet</span> <span class='ocrx_word' id='word_1_627' title='bbox 3507 3795 3570 3850; x_wconf 89' lang='lat' dir='ltr'>in</span> 
     </span>
    </p>
   </div>
   <div class='ocr_carea' id='block_1_81' title="bbox 1919 3877 3570 3956">
    <p class='ocr_par' dir='ltr' id='par_1_81' title="bbox 1919 3877 3570 3956">
     <span class='ocr_line' id='line_1_81' title="bbox 1919 3877 3570 3956; baseline 0.002 -20"><span class='ocrx_word' id='word_1_628' title='bbox 1919 3879 2058 3936; x_wconf 91' lang='lat' dir='ltr'>Bibl.</span> <span class='ocrx_word' id='word_1_629' title='bbox 2113 3879 2373 3943; x_wconf 91' lang='lat' dir='ltr'>Coislin.,</span> <span class='ocrx_word' id='word_1_630' title='bbox 2425 3894 2486 3951; x_wconf 91' lang='lat' dir='ltr'>p.</span> <span class='ocrx_word' id='word_1_631' title='bbox 2542 3877 2681 3932; x_wconf 69' lang='lat'>178:</span> <span class='ocrx_word' id='word_1_632' title='bbox 2717 3879 3023 3951; x_wconf 77' lang='lat' dir='ltr'>Euthymii</span> <span class='ocrx_word' id='word_1_633' title='bbox 3076 3883 3391 3953; x_wconf 80' lang='lat' dir='ltr'>Zygadem’</span> <span class='ocrx_word' id='word_1_634' title='bbox 3442 3884 3570 3956; x_wconf 84' lang='lat' dir='ltr'>(sic)</span> 
     </span>
    </p>
   </div>
   <div class='ocr_carea' id='block_1_82' title="bbox 1920 3966 3576 4045">
    <p class='ocr_par' dir='ltr' id='par_1_82' title="bbox 1920 3966 3576 4045">
     <span class='ocr_line' id='line_1_82' title="bbox 1920 3966 3576 4045; baseline 0.001 -19"><span class='ocrx_word' id='word_1_635' title='bbox 1920 3969 2335 4026; x_wconf 81' lang='lat' dir='ltr'>Commentarii</span> <span class='ocrx_word' id='word_1_636' title='bbox 2357 3967 2421 4022; x_wconf 81' lang='lat' dir='ltr'>in</span> <span class='ocrx_word' id='word_1_637' title='bbox 2461 3967 2756 4024; x_wconf 86' lang='lat' dir='ltr'>Psalmos.</span> <span class='ocrx_word' id='word_1_638' title='bbox 2788 3966 2950 4024; x_wconf 83' lang='lat' dir='ltr'>Adde</span> <span class='ocrx_word' id='word_1_639' title='bbox 2981 3970 3264 4026; x_wconf 91' lang='lat' dir='ltr'>eumdem</span> <span class='ocrx_word' id='word_1_640' title='bbox 3289 3988 3348 4045; x_wconf 89' lang='lat' dir='ltr'>p.</span> <span class='ocrx_word' id='word_1_641' title='bbox 3383 3973 3448 4028; x_wconf 88' lang='lat'>58</span> <span class='ocrx_word' id='word_1_642' title='bbox 3471 3975 3576 4045; x_wconf 84' lang='lat' dir='ltr'>Zy-</span> 
     </span>
    </p>
   </div>
   <div class='ocr_carea' id='block_1_83' title="bbox 1920 4055 3573 4131">
    <p class='ocr_par' dir='ltr' id='par_1_83' title="bbox 1920 4055 3573 4131">
     <span class='ocr_line' id='line_1_83' title="bbox 1920 4055 3573 4131; baseline 0.001 -17"><span class='ocrx_word' id='word_1_643' title='bbox 1920 4059 2190 4131; x_wconf 88' lang='lat' dir='ltr'>gabenus</span> <span class='ocrx_word' id='word_1_644' title='bbox 2217 4055 2571 4129; x_wconf 89' lang='lat' dir='ltr'>appellatur,</span> <span class='ocrx_word' id='word_1_645' title='bbox 2606 4055 2750 4112; x_wconf 90' lang='lat' dir='ltr'>ibid.</span> <span class='ocrx_word' id='word_1_646' title='bbox 2784 4073 2842 4128; x_wconf 91' lang='lat' dir='ltr'>p.</span> <span class='ocrx_word' id='word_1_647' title='bbox 2889 4061 2992 4114; x_wconf 83' lang='lat'>200</span> <span class='ocrx_word' id='word_1_648' title='bbox 3019 4064 3072 4114; x_wconf 92' lang='lat' dir='ltr'>et</span> <span class='ocrx_word' id='word_1_649' title='bbox 3093 4063 3216 4117; x_wconf 74' lang='lat'>425.</span> <span class='ocrx_word' id='word_1_650' title='bbox 3248 4061 3573 4118; x_wconf 81' lang='lat' dir='ltr'>Hentenius</span> 
     </span>
    </p>
   </div>
   <div class='ocr_carea' id='block_1_84' title="bbox 1922 4145 3576 4222">
    <p class='ocr_par' dir='ltr' id='par_1_84' title="bbox 1922 4145 3576 4222">
     <span class='ocr_line' id='line_1_84' title="bbox 1922 4145 3576 4222; baseline 0.002 -19"><span class='ocrx_word' id='word_1_651' title='bbox 1922 4163 2062 4203; x_wconf 89' lang='lat' dir='ltr'>eum</span> <span class='ocrx_word' id='word_1_652' title='bbox 2083 4145 2451 4218; x_wconf 83' lang='lat' dir='ltr'>Zigabonum</span> <span class='ocrx_word' id='word_1_653' title='bbox 2476 4145 2758 4217; x_wconf 84' lang='lat' dir='ltr'>appellat.</span> <span class='ocrx_word' id='word_1_654' title='bbox 2789 4145 3011 4211; x_wconf 89' lang='lat' dir='ltr'>Quibus</span> <span class='ocrx_word' id='word_1_655' title='bbox 3026 4150 3270 4205; x_wconf 90' lang='lat' dir='ltr'>nomina</span> <span class='ocrx_word' id='word_1_656' title='bbox 3293 4149 3460 4222; x_wconf 90' lang='lat' dir='ltr'>plura</span> <span class='ocrx_word' id='word_1_657' title='bbox 3491 4166 3576 4205; x_wconf 90' lang='lat' dir='ltr'>re-</span> 
     </span>
    </p>
   </div>
   <div class='ocr_carea' id='block_1_85' title="bbox 1924 4233 3575 4311">
    <p class='ocr_par' dir='ltr' id='par_1_85' title="bbox 1924 4233 3575 4311">
     <span class='ocr_line' id='line_1_85' title="bbox 1924 4233 3575 4311; baseline 0.001 -20"><span class='ocrx_word' id='word_1_658' title='bbox 1924 4236 2249 4291; x_wconf 89' lang='lat' dir='ltr'>centiorum</span> <span class='ocrx_word' id='word_1_659' title='bbox 2265 4233 2606 4290; x_wconf 63' lang='lat' dir='ltr'>Graecorum</span> <span class='ocrx_word' id='word_1_660' title='bbox 2622 4239 2763 4289; x_wconf 91' lang='lat' dir='ltr'>nota</span> <span class='ocrx_word' id='word_1_661' title='bbox 2788 4239 2946 4302; x_wconf 89' lang='lat' dir='ltr'>sunt,</span> <span class='ocrx_word' id='word_1_662' title='bbox 2972 4236 3008 4290; x_wconf 91' lang='lat' dir='ltr'>ii</span> <span class='ocrx_word' id='word_1_663' title='bbox 3036 4243 3276 4303; x_wconf 89' lang='lat' dir='ltr'>norunt,</span> <span class='ocrx_word' id='word_1_664' title='bbox 3292 4236 3575 4311; x_wconf 84' lang='lat' dir='ltr'>etymolo-</span> 
     </span>
    </p>
   </div>
   <div class='ocr_carea' id='block_1_86' title="bbox 1927 4321 3580 4395">
    <p class='ocr_par' dir='ltr' id='par_1_86' title="bbox 1927 4321 3580 4395">
     <span class='ocr_line' id='line_1_86' title="bbox 1927 4321 3580 4395; baseline 0.002 -18"><span class='ocrx_word' id='word_1_665' title='bbox 1927 4323 2087 4392; x_wconf 87' lang='lat' dir='ltr'>giam</span> <span class='ocrx_word' id='word_1_666' title='bbox 2103 4323 2335 4376; x_wconf 87' lang='lat' dir='ltr'>illorum</span> <span class='ocrx_word' id='word_1_667' title='bbox 2349 4321 2654 4375; x_wconf 89' lang='lat' dir='ltr'>nominum</span> <span class='ocrx_word' id='word_1_668' title='bbox 2668 4322 2843 4378; x_wconf 89' lang='lat' dir='ltr'>valde</span> <span class='ocrx_word' id='word_1_669' title='bbox 2856 4338 2982 4378; x_wconf 89' lang='lat' dir='ltr'>esse</span> <span class='ocrx_word' id='word_1_670' title='bbox 2997 4325 3368 4395; x_wconf 90' lang='lat' dir='ltr'>impeditam.</span> <span class='ocrx_word' id='word_1_671' title='bbox 3389 4329 3453 4383; x_wconf 91' lang='lat' dir='ltr'>In</span> <span class='ocrx_word' id='word_1_672' title='bbox 3468 4326 3580 4380; x_wconf 90' lang='lat' dir='ltr'>hoc</span> 
     </span>
    </p>
   </div>
   <div class='ocr_carea' id='block_1_87' title="bbox 1928 4409 3577 4486">
    <p class='ocr_par' dir='ltr' id='par_1_87' title="bbox 1928 4409 3577 4486">
     <span class='ocr_line' id='line_1_87' title="bbox 1928 4409 3577 4486; baseline 0.001 -20"><span class='ocrx_word' id='word_1_673' title='bbox 1928 4410 2172 4466; x_wconf 92' lang='lat' dir='ltr'>nomine</span> <span class='ocrx_word' id='word_1_674' title='bbox 2192 4415 2392 4464; x_wconf 89' lang='lat' dir='ltr'>autem</span> <span class='ocrx_word' id='word_1_675' title='bbox 2415 4412 2455 4464; x_wconf 83' lang='lat' dir='ltr'><strong>Y</strong></span> <span class='ocrx_word' id='word_1_676' title='bbox 2477 4409 2615 4463; x_wconf 91' lang='lat' dir='ltr'>oriri</span> <span class='ocrx_word' id='word_1_677' title='bbox 2643 4412 2832 4479; x_wconf 89' lang='lat' dir='ltr'>potuit</span> <span class='ocrx_word' id='word_1_678' title='bbox 2859 4427 2927 4466; x_wconf 87' lang='lat' dir='ltr'>ex</span> <span class='ocrx_word' id='word_1_679' title='bbox 2960 4413 3139 4482; x_wconf 72' lang='grc' dir='ltr'>ζυγος.</span> <span class='ocrx_word' id='word_1_680' title='bbox 3163 4416 3223 4467; x_wconf 88' lang='grc' dir='ltr'>Η.</span> <span class='ocrx_word' id='word_1_681' title='bbox 3245 4429 3317 4469; x_wconf 91' lang='lat' dir='ltr'>ex</span> <span class='ocrx_word' id='word_1_682' title='bbox 3338 4413 3503 4486; x_wconf 80' lang='grc' dir='ltr'>βαίνω</span> <span class='ocrx_word' id='word_1_683' title='bbox 3524 4422 3577 4468; x_wconf 75' lang='grc' dir='ltr'>Δ.</span> 
     </span>
    </p>
   </div>
   <div class='ocr_carea' id='block_1_88' title="bbox 219 4469 3584 4563">
    <p class='ocr_par' dir='ltr' id='par_1_88' title="bbox 219 4469 3584 4563">
     <span class='ocr_line' id='line_1_88' title="bbox 219 4469 3584 4563; baseline 0.002 -11"><span class='ocrx_word' id='word_1_684' title='bbox 219 4497 303 4552; x_wconf 65' lang='lat' dir='ltr'>PFO</span> <span class='ocrx_word' id='word_1_685' title='bbox 320 4489 494 4546; x_wconf 79' lang='lat' dir='ltr'>codice</span> <span class='ocrx_word' id='word_1_686' title='bbox 511 4493 594 4547; x_wconf 88' lang='lat' dir='ltr'>uti</span> <span class='ocrx_word' id='word_1_687' title='bbox 611 4489 805 4563; x_wconf 88' lang='lat' dir='ltr'>potui.</span> <span class='ocrx_word' id='word_1_688' title='bbox 833 4491 977 4544; x_wconf 83' lang='lat' dir='ltr'>Eam</span> <span class='ocrx_word' id='word_1_689' title='bbox 999 4488 1176 4557; x_wconf 91' lang='lat' dir='ltr'>igitur</span> <span class='ocrx_word' id='word_1_690' title='bbox 1193 4487 1308 4543; x_wconf 90' lang='lat' dir='ltr'>hac</span> <span class='ocrx_word' id='word_1_691' title='bbox 1334 4487 1514 4542; x_wconf 89' lang='lat' dir='ltr'>etiam</span> <span class='ocrx_word' id='word_1_692' title='bbox 1537 4487 1611 4542; x_wconf 93' lang='lat' dir='ltr'>de</span> <span class='ocrx_word' id='word_1_693' title='bbox 1635 4502 1819 4544; x_wconf 85' lang='lat' dir='ltr'>causa</span> <span class='ocrx_word' id='word_1_694' title='bbox 1852 4469 1898 4524; x_wconf 82' lang='lat' dir='ltr'>D</span> <span class='ocrx_word' id='word_1_695' title='bbox 1930 4515 2002 4554; x_wconf 91' lang='lat' dir='ltr'>ex</span> <span class='ocrx_word' id='word_1_696' title='bbox 2015 4495 2136 4553; x_wconf 73' lang='grc' dir='ltr'>δέω.</span> <span class='ocrx_word' id='word_1_697' title='bbox 2172 4496 2368 4552; x_wconf 80' lang='lat' dir='ltr'>Unde]</span> <span class='ocrx_word' id='word_1_698' title='bbox 2385 4497 2618 4560; x_wconf 86' lang='lat' dir='ltr'>venerit,</span> <span class='ocrx_word' id='word_1_699' title='bbox 2643 4469 3418 4558; x_wconf 75' lang='lat' dir='ltr'>nemofacilehariolabitur.</span> <span class='ocrx_word' id='word_1_700' title='bbox 3437 4503 3584 4558; x_wconf 73' lang='lat' dir='ltr'>Prie-</span> 
     </span>
    </p>
   </div>
   <div class='ocr_carea' id='block_1_89' title="bbox 220 4569 1819 4652">
    <p class='ocr_par' dir='ltr' id='par_1_89' title="bbox 220 4569 1819 4652">
     <span class='ocr_line' id='line_1_89' title="bbox 220 4569 1819 4652; baseline 0.001 -24"><span class='ocrx_word' id='word_1_701' title='bbox 220 4569 446 4633; x_wconf 77' lang='lat' dir='ltr'>intactam</span> <span class='ocrx_word' id='word_1_702' title='bbox 470 4579 686 4652; x_wconf 82' lang='lat' dir='ltr'>reliqui</span> <span class='ocrx_word' id='word_1_703' title='bbox 720 4600 732 4632; x_wconf 90' lang='lat'>:</span> <span class='ocrx_word' id='word_1_704' title='bbox 762 4576 956 4648; x_wconf 89' lang='lat' dir='ltr'>adjeci</span> <span class='ocrx_word' id='word_1_705' title='bbox 978 4581 1179 4633; x_wconf 86' lang='lat' dir='ltr'>tamen</span> <span class='ocrx_word' id='word_1_706' title='bbox 1209 4575 1416 4647; x_wconf 84' lang='lat' dir='ltr'>partim</span> <span class='ocrx_word' id='word_1_707' title='bbox 1455 4577 1514 4630; x_wconf 88' lang='lat' dir='ltr'>in</span> <span class='ocrx_word' id='word_1_708' title='bbox 1543 4575 1819 4632; x_wconf 86' lang='lat' dir='ltr'>animad-</span> 
     </span>
    </p>
   </div>
   <div class='ocr_carea' id='block_1_90' title="bbox 224 4664 1824 4741">
    <p class='ocr_par' dir='ltr' id='par_1_90' title="bbox 224 4664 1824 4741">
     <span class='ocr_line' id='line_1_90' title="bbox 224 4664 1824 4741; baseline -0.001 -21"><span class='ocrx_word' id='word_1_709' title='bbox 224 4665 558 4734; x_wconf 77' lang='lat' dir='ltr'>Ymionibus,</span> <span class='ocrx_word' id='word_1_710' title='bbox 586 4665 811 4741; x_wconf 79' lang='lat' dir='ltr'>partim</span> <span class='ocrx_word' id='word_1_711' title='bbox 851 4666 914 4721; x_wconf 93' lang='lat' dir='ltr'>in</span> <span class='ocrx_word' id='word_1_712' title='bbox 944 4664 1063 4721; x_wconf 86' lang='lat' dir='ltr'>ﬁne</span> <span class='ocrx_word' id='word_1_713' title='bbox 1117 4664 1316 4736; x_wconf 91' lang='lat' dir='ltr'>operis</span> <span class='ocrx_word' id='word_1_714' title='bbox 1344 4664 1666 4720; x_wconf 83' lang='lat' dir='ltr'>nonnullas</span> <span class='ocrx_word' id='word_1_715' title='bbox 1697 4679 1824 4719; x_wconf 66' lang='lat' dir='ltr'>coro</span> 
     </span>
    </p>
   </div>
   <div class='ocr_carea' id='block_1_91' title="bbox 224 4753 1822 4816">
    <p class='ocr_par' dir='ltr' id='par_1_91' title="bbox 224 4753 1822 4816">
     <span class='ocr_line' id='line_1_91' title="bbox 224 4753 1822 4816; baseline 0.001 -9"><span class='ocrx_word' id='word_1_716' title='bbox 224 4753 480 4811; x_wconf 74' lang='lat' dir='ltr'>rectiones.</span> <span class='ocrx_word' id='word_1_717' title='bbox 524 4759 638 4816; x_wconf 88' lang='lat' dir='ltr'>Sex</span> <span class='ocrx_word' id='word_1_718' title='bbox 692 4760 892 4813; x_wconf 81' lang='lat' dir='ltr'>autem</span> <span class='ocrx_word' id='word_1_719' title='bbox 945 4754 1174 4811; x_wconf 86' lang='lat' dir='ltr'>codices</span> <span class='ocrx_word' id='word_1_720' title='bbox 1209 4753 1394 4809; x_wconf 66' lang='lat' dir='ltr'>Graeci</span> <span class='ocrx_word' id='word_1_721' title='bbox 1443 4757 1822 4811; x_wconf 75' lang='lat' dir='ltr'>Commenta-</span> 
     </span>
    </p>
   </div>
   <div class='ocr_carea' id='block_1_92' title="bbox 228 4837 1816 4917">
    <p class='ocr_par' dir='ltr' id='par_1_92' title="bbox 228 4837 1816 4917">
     <span class='ocr_line' id='line_1_92' title="bbox 228 4837 1816 4917; baseline 0.001 -21"><span class='ocrx_word' id='word_1_722' title='bbox 228 4837 406 4898; x_wconf 75' lang='lat' dir='ltr'>riorum</span> <span class='ocrx_word' id='word_1_723' title='bbox 439 4844 739 4917; x_wconf 84' lang='lat' dir='ltr'>Euthymii</span> <span class='ocrx_word' id='word_1_724' title='bbox 768 4844 833 4899; x_wconf 89' lang='lat' dir='ltr'>in</span> <span class='ocrx_word' id='word_1_725' title='bbox 861 4843 1186 4914; x_wconf 84' lang='lat' dir='ltr'>Evangelia</span> <span class='ocrx_word' id='word_1_726' title='bbox 1229 4841 1377 4897; x_wconf 90' lang='lat' dir='ltr'>mihi</span> <span class='ocrx_word' id='word_1_727' title='bbox 1416 4841 1617 4898; x_wconf 88' lang='lat' dir='ltr'>adhuc</span> <span class='ocrx_word' id='word_1_728' title='bbox 1648 4842 1816 4897; x_wconf 88' lang='lat' dir='ltr'>inno-</span> 
     </span>
    </p>
   </div>
   <div class='ocr_carea' id='block_1_93' title="bbox 232 4927 1823 5006">
    <p class='ocr_par' dir='ltr' id='par_1_93' title="bbox 232 4927 1823 5006">
     <span class='ocr_line' id='line_1_93' title="bbox 232 4927 1823 5006; baseline -0.002 -19"><span class='ocrx_word' id='word_1_729' title='bbox 232 4927 434 4988; x_wconf 63' lang='lat' dir='ltr'>laarunt.</span> <span class='ocrx_word' id='word_1_730' title='bbox 464 4937 584 4992; x_wconf 89' lang='lat' dir='ltr'>Dno</span> <span class='ocrx_word' id='word_1_731' title='bbox 631 4936 1040 5006; x_wconf 73' lang='lat' dir='ltr'>Iosquenses,</span> <span class='ocrx_word' id='word_1_732' title='bbox 1082 4929 1371 4997; x_wconf 86' lang='lat' dir='ltr'>Hentenii,</span> <span class='ocrx_word' id='word_1_733' title='bbox 1413 4929 1532 4985; x_wconf 91' lang='lat' dir='ltr'>duo</span> <span class='ocrx_word' id='word_1_734' title='bbox 1574 4928 1823 4985; x_wconf 86' lang='lat' dir='ltr'>Parisini</span> 
     </span>
    </p>
   </div>
   <div class='ocr_carea' id='block_1_94' title="bbox 237 5018 1828 5088">
    <p class='ocr_par' dir='ltr' id='par_1_94' title="bbox 237 5018 1828 5088">
     <span class='ocr_line' id='line_1_94' title="bbox 237 5018 1828 5088; baseline -0.008 -5"><span class='ocrx_word' id='word_1_735' title='bbox 237 5018 340 5083; x_wconf 66' lang='grc' dir='ltr'>ηείι</span> <span class='ocrx_word' id='word_1_736' title='bbox 378 5036 527 5078; x_wconf 87' lang='lat' dir='ltr'>num.</span> <span class='ocrx_word' id='word_1_737' title='bbox 572 5026 718 5082; x_wconf 85' lang='lat'>2393</span> <span class='ocrx_word' id='word_1_738' title='bbox 763 5029 818 5075; x_wconf 86' lang='lat' dir='ltr'>et</span> <span class='ocrx_word' id='word_1_739' title='bbox 856 5021 1016 5086; x_wconf 75' lang='grc'><strong>2401,</strong></span> <span class='ocrx_word' id='word_1_740' title='bbox 1063 5024 1120 5074; x_wconf 91' lang='lat' dir='ltr'>et</span> <span class='ocrx_word' id='word_1_741' title='bbox 1157 5019 1239 5088; x_wconf 78' lang='grc' dir='ltr'>(ὁ)</span> <span class='ocrx_word' id='word_1_742' title='bbox 1285 5018 1702 5073; x_wconf 85' lang='lat' dir='ltr'>Baroccianus.</span> <span class='ocrx_word' id='word_1_743' title='bbox 1763 5019 1828 5071; x_wconf 88' lang='lat' dir='ltr'>in</span> 
     </span>
    </p>
   </div>
   <div class='ocr_carea' id='block_1_95' title="bbox 241 5105 1830 5174">
    <p class='ocr_par' dir='ltr' id='par_1_95' title="bbox 241 5105 1830 5174">
     <span class='ocr_line' id='line_1_95' title="bbox 241 5105 1830 5174; baseline 0.004 -21"><span class='ocrx_word' id='word_1_744' title='bbox 241 5105 358 5160; x_wconf 88' lang='lat' dir='ltr'>nullo</span> <span class='ocrx_word' id='word_1_745' title='bbox 379 5109 577 5168; x_wconf 87' lang='lat' dir='ltr'>horum</span> <span class='ocrx_word' id='word_1_746' title='bbox 596 5110 880 5167; x_wconf 85' lang='lat' dir='ltr'>codicum</span> <span class='ocrx_word' id='word_1_747' title='bbox 906 5122 1128 5164; x_wconf 90' lang='lat' dir='ltr'>nomen</span> <span class='ocrx_word' id='word_1_748' title='bbox 1146 5107 1419 5174; x_wconf 89' lang='lat' dir='ltr'>auctoris,</span> <span class='ocrx_word' id='word_1_749' title='bbox 1439 5106 1551 5160; x_wconf 90' lang='lat' dir='ltr'>nisi</span> <span class='ocrx_word' id='word_1_750' title='bbox 1582 5106 1730 5161; x_wconf 82' lang='lat' dir='ltr'>forte</span> <span class='ocrx_word' id='word_1_751' title='bbox 1769 5105 1830 5159; x_wconf 90' lang='lat' dir='ltr'>in</span> 
     </span>
    </p>
   </div>
   <div class='ocr_carea' id='block_1_96' title="bbox 245 5187 1831 5277">
    <p class='ocr_par' dir='ltr' id='par_1_96' title="bbox 245 5187 1831 5277">
     <span class='ocr_line' id='line_1_96' title="bbox 245 5187 1831 5277; baseline -0.003 -25"><span class='ocrx_word' id='word_1_752' title='bbox 245 5187 555 5266; x_wconf 70' lang='lat' dir='ltr'>Bil&#39;occiano,</span> <span class='ocrx_word' id='word_1_753' title='bbox 583 5215 775 5277; x_wconf 84' lang='lat' dir='ltr'>quem</span> <span class='ocrx_word' id='word_1_754' title='bbox 822 5197 1036 5255; x_wconf 72' lang='lat' dir='ltr'>Millius</span> <span class='ocrx_word' id='word_1_755' title='bbox 1078 5195 1368 5265; x_wconf 81' lang='lat' dir='ltr'>tractavit,</span> <span class='ocrx_word' id='word_1_756' title='bbox 1397 5196 1705 5269; x_wconf 89' lang='lat' dir='ltr'>reperitur,</span> <span class='ocrx_word' id='word_1_757' title='bbox 1755 5193 1831 5250; x_wconf 91' lang='lat' dir='ltr'>de</span> 
     </span>
    </p>
   </div>
   <div class='ocr_carea' id='block_1_97' title="bbox 301 5387 1834 5459">
    <p class='ocr_par' dir='ltr' id='par_1_97' title="bbox 301 5387 1834 5459">
     <span class='ocr_line' id='line_1_97' title="bbox 301 5387 1834 5459; baseline -0.004 -9"><span class='ocrx_word' id='word_1_758' title='bbox 301 5390 565 5454; x_wconf 60' lang='lat' dir='ltr'>“titinius</span> <span class='ocrx_word' id='word_1_759' title='bbox 610 5397 672 5453; x_wconf 89' lang='lat' dir='ltr'>in</span> <span class='ocrx_word' id='word_1_760' title='bbox 721 5411 828 5451; x_wconf 83' lang='lat' dir='ltr'>sua</span> <span class='ocrx_word' id='word_1_761' title='bbox 872 5396 938 5450; x_wconf 78' lang='grc' dir='ltr'><strong>Ν.</strong></span> <span class='ocrx_word' id='word_1_762' title='bbox 975 5394 1129 5450; x_wconf 77' lang='lat' dir='ltr'>Test.</span> <span class='ocrx_word' id='word_1_763' title='bbox 1180 5390 1435 5447; x_wconf 88' lang='lat' dir='ltr'>editione</span> <span class='ocrx_word' id='word_1_764' title='bbox 1465 5392 1600 5444; x_wconf 89' lang='lat' dir='ltr'>ante</span> <span class='ocrx_word' id='word_1_765' title='bbox 1640 5387 1834 5459; x_wconf 87' lang='lat' dir='ltr'>capita</span> 
     </span>
    </p>
   </div>
   <div class='ocr_carea' id='block_1_98' title="bbox 261 5456 1834 5538">
    <p class='ocr_par' dir='ltr' id='par_1_98' title="bbox 261 5456 1834 5538">
     <span class='ocr_line' id='line_1_98' title="bbox 261 5456 1834 5538; baseline -0.001 -22"><span class='ocrx_word' id='word_1_766' title='bbox 261 5456 419 5538; x_wconf 61' lang='lat' dir='ltr'>Eusebii</span> <span class='ocrx_word' id='word_1_767' title='bbox 445 5468 737 5538; x_wconf 83' lang='lat' dir='ltr'>Evangelii</span> <span class='ocrx_word' id='word_1_768' title='bbox 784 5465 1055 5538; x_wconf 78' lang='lat' dir='ltr'>Mattheei,</span> <span class='ocrx_word' id='word_1_769' title='bbox 1101 5464 1223 5518; x_wconf 88' lang='lat' dir='ltr'>duo</span> <span class='ocrx_word' id='word_1_770' title='bbox 1258 5463 1385 5538; x_wconf 89' lang='lat' dir='ltr'>loca</span> <span class='ocrx_word' id='word_1_771' title='bbox 1411 5456 1834 5538; x_wconf 75' lang='lat' dir='ltr'>Commentarii</span> 
     </span>
    </p>
   </div>
   <div class='ocr_carea' id='block_1_99' title="bbox 261 5525 1836 5613">
    <p class='ocr_par' dir='ltr' id='par_1_99' title="bbox 261 5525 1836 5613">
     <span class='ocr_line' id='line_1_99' title="bbox 261 5525 1836 5613; baseline -0.005 -21"><span class='ocrx_word' id='word_1_772' title='bbox 261 5525 481 5613; x_wconf 57' lang='lat' dir='ltr'>Fumymii</span> <span class='ocrx_word' id='word_1_773' title='bbox 507 5525 784 5613; x_wconf 62' lang='lat' dir='ltr'>ligabeni</span> <span class='ocrx_word' id='word_1_774' title='bbox 802 5539 862 5592; x_wconf 89' lang='lat' dir='ltr'>in</span> <span class='ocrx_word' id='word_1_775' title='bbox 894 5525 1456 5613; x_wconf 55' lang='lat' dir='ltr'>latthreummotat,</span> <span class='ocrx_word' id='word_1_776' title='bbox 1475 5546 1609 5603; x_wconf 78' lang='lat' dir='ltr'>quae</span> <span class='ocrx_word' id='word_1_777' title='bbox 1630 5531 1836 5612; x_wconf 40' lang='lat' dir='ltr'>legunt</span> 
     </span>
    </p>
   </div>
   <div class='ocr_carea' id='block_1_100' title="bbox 262 5600 1835 5681">
    <p class='ocr_par' dir='ltr' id='par_1_100' title="bbox 262 5600 1835 5681">
     <span class='ocr_line' id='line_1_100' title="bbox 262 5600 1835 5681; baseline -0.004 -19"><span class='ocrx_word' id='word_1_778' title='bbox 262 5600 325 5656; x_wconf 73' lang='grc' dir='ltr'>ιιιι·</span> <span class='ocrx_word' id='word_1_779' title='bbox 347 5600 392 5662; x_wconf 73' lang='lat' dir='ltr'>in</span> <span class='ocrx_word' id='word_1_780' title='bbox 413 5611 511 5667; x_wconf 79' lang='lat' dir='ltr'>hac</span> <span class='ocrx_word' id='word_1_781' title='bbox 536 5600 797 5668; x_wconf 63' lang='lat' dir='ltr'>editione</span> <span class='ocrx_word' id='word_1_782' title='bbox 826 5623 886 5681; x_wconf 89' lang='lat' dir='ltr'>p.</span> <span class='ocrx_word' id='word_1_783' title='bbox 927 5613 986 5663; x_wconf 87' lang='lat' dir='ltr'>l3</span> <span class='ocrx_word' id='word_1_784' title='bbox 1025 5613 1080 5663; x_wconf 85' lang='lat' dir='ltr'>et</span> <span class='ocrx_word' id='word_1_785' title='bbox 1107 5607 1194 5661; x_wconf 69' lang='lat'>15.</span> <span class='ocrx_word' id='word_1_786' title='bbox 1240 5607 1314 5660; x_wconf 81' lang='lat' dir='ltr'>Ea</span> <span class='ocrx_word' id='word_1_787' title='bbox 1343 5600 1545 5660; x_wconf 86' lang='lat' dir='ltr'>autem</span> <span class='ocrx_word' id='word_1_788' title='bbox 1588 5601 1835 5673; x_wconf 85' lang='lat' dir='ltr'>reperiri</span> 
     </span>
    </p>
   </div>
   <div class='ocr_carea' id='block_1_101' title="bbox 1931 4587 3579 4661">
    <p class='ocr_par' dir='ltr' id='par_1_101' title="bbox 1931 4587 3579 4661">
     <span class='ocr_line' id='line_1_101' title="bbox 1931 4587 3579 4661; baseline 0.002 -17"><span class='ocrx_word' id='word_1_789' title='bbox 1931 4593 2016 4644; x_wconf 89' lang='lat' dir='ltr'>ter</span> <span class='ocrx_word' id='word_1_790' title='bbox 2040 4587 2273 4642; x_wconf 88' lang='lat' dir='ltr'>codices</span> <span class='ocrx_word' id='word_1_791' title='bbox 2295 4587 2869 4643; x_wconf 88' lang='lat' dir='ltr'>Commentariorum</span> <span class='ocrx_word' id='word_1_792' title='bbox 2900 4589 3195 4661; x_wconf 86' lang='lat' dir='ltr'>Euthymii</span> <span class='ocrx_word' id='word_1_793' title='bbox 3213 4591 3271 4645; x_wconf 89' lang='lat' dir='ltr'>in</span> <span class='ocrx_word' id='word_1_794' title='bbox 3296 4591 3579 4656; x_wconf 87' lang='lat' dir='ltr'>Psalmos,</span> 
     </span>
    </p>
   </div>
   <div class='ocr_carea' id='block_1_102' title="bbox 1933 4674 3581 4753">
    <p class='ocr_par' dir='ltr' id='par_1_102' title="bbox 1933 4674 3581 4753">
     <span class='ocr_line' id='line_1_102' title="bbox 1933 4674 3581 4753; baseline 0.001 -19"><span class='ocrx_word' id='word_1_795' title='bbox 1933 4680 2189 4748; x_wconf 68' lang='lat' dir='ltr'>Mosqua:</span> <span class='ocrx_word' id='word_1_796' title='bbox 2219 4674 2418 4730; x_wconf 89' lang='lat' dir='ltr'>inveni</span> <span class='ocrx_word' id='word_1_797' title='bbox 2472 4674 2650 4731; x_wconf 88' lang='lat' dir='ltr'>etiam</span> <span class='ocrx_word' id='word_1_798' title='bbox 2684 4676 2916 4732; x_wconf 89' lang='lat' dir='ltr'>codices</span> <span class='ocrx_word' id='word_1_799' title='bbox 2955 4678 3221 4748; x_wconf 89' lang='lat' dir='ltr'>ejusdem</span> <span class='ocrx_word' id='word_1_800' title='bbox 3265 4681 3581 4753; x_wconf 73' lang='lat' dir='ltr'>Panoplim.</span> 
     </span>
    </p>
   </div>
   <div class='ocr_carea' id='block_1_103' title="bbox 1937 4762 3585 4836">
    <p class='ocr_par' dir='ltr' id='par_1_103' title="bbox 1937 4762 3585 4836">
     <span class='ocr_line' id='line_1_103' title="bbox 1937 4762 3585 4836; baseline 0.002 -14"><span class='ocrx_word' id='word_1_801' title='bbox 1937 4769 2014 4822; x_wconf 90' lang='lat' dir='ltr'>De</span> <span class='ocrx_word' id='word_1_802' title='bbox 2045 4765 2134 4820; x_wconf 90' lang='lat' dir='ltr'>his</span> <span class='ocrx_word' id='word_1_803' title='bbox 2176 4763 2358 4836; x_wconf 91' lang='lat' dir='ltr'>paulo</span> <span class='ocrx_word' id='word_1_804' title='bbox 2399 4762 2641 4818; x_wconf 86' lang='lat' dir='ltr'>inferius</span> <span class='ocrx_word' id='word_1_805' title='bbox 2685 4765 2826 4820; x_wconf 87' lang='lat' dir='ltr'>dixi.</span> <span class='ocrx_word' id='word_1_806' title='bbox 2877 4771 3044 4822; x_wconf 81' lang='lat' dir='ltr'>Anna</span> <span class='ocrx_word' id='word_1_807' title='bbox 3095 4767 3443 4834; x_wconf 86' lang='lat' dir='ltr'>Commena,</span> <span class='ocrx_word' id='word_1_808' title='bbox 3480 4769 3585 4825; x_wconf 89' lang='lat' dir='ltr'>lib.</span> 
     </span>
    </p>
   </div>
   <div class='ocr_carea' id='block_1_104' title="bbox 1933 4851 3588 4924">
    <p class='ocr_par' dir='ltr' id='par_1_104' title="bbox 1933 4851 3588 4924">
     <span class='ocr_line' id='line_1_104' title="bbox 1933 4851 3588 4924; baseline 0.003 -16"><span class='ocrx_word' id='word_1_809' title='bbox 1933 4869 2033 4917; x_wconf 83' lang='lat' dir='ltr'>xv,</span> <span class='ocrx_word' id='word_1_810' title='bbox 2061 4867 2119 4924; x_wconf 90' lang='lat' dir='ltr'>p.</span> <span class='ocrx_word' id='word_1_811' title='bbox 2176 4852 2300 4916; x_wconf 80' lang='grc'><strong>490,</strong></span> <span class='ocrx_word' id='word_1_812' title='bbox 2361 4851 2498 4906; x_wconf 91' lang='lat' dir='ltr'>edit.</span> <span class='ocrx_word' id='word_1_813' title='bbox 2553 4852 2737 4908; x_wconf 88' lang='lat' dir='ltr'>Paris.</span> <span class='ocrx_word' id='word_1_814' title='bbox 2771 4854 2929 4920; x_wconf 79' lang='grc'><strong>1651,</strong></span> <span class='ocrx_word' id='word_1_815' title='bbox 2963 4860 3017 4910; x_wconf 90' lang='lat' dir='ltr'>et</span> <span class='ocrx_word' id='word_1_816' title='bbox 3067 4858 3178 4912; x_wconf 87' lang='lat' dir='ltr'>Leo</span> <span class='ocrx_word' id='word_1_817' title='bbox 3217 4856 3466 4913; x_wconf 84' lang='lat' dir='ltr'>Allatius</span> <span class='ocrx_word' id='word_1_818' title='bbox 3518 4859 3588 4913; x_wconf 91' lang='lat' dir='ltr'>de</span> 
     </span>
    </p>
   </div>
   <div class='ocr_carea' id='block_1_105' title="bbox 1937 4940 3590 5015">
    <p class='ocr_par' dir='ltr' id='par_1_105' title="bbox 1937 4940 3590 5015">
     <span class='ocr_line' id='line_1_105' title="bbox 1937 4940 3590 5015; baseline 0.004 -19"><span class='ocrx_word' id='word_1_819' title='bbox 1937 4955 2235 4996; x_wconf 89' lang='lat' dir='ltr'>consensu</span> <span class='ocrx_word' id='word_1_820' title='bbox 2284 4940 2592 5013; x_wconf 90' lang='lat' dir='ltr'>utriusque</span> <span class='ocrx_word' id='word_1_821' title='bbox 2638 4942 2907 4998; x_wconf 79' lang='lat' dir='ltr'>Ecclesiae</span> <span class='ocrx_word' id='word_1_822' title='bbox 2954 4959 3098 5015; x_wconf 87' lang='lat' dir='ltr'>pag.</span> <span class='ocrx_word' id='word_1_823' title='bbox 3159 4945 3284 5010; x_wconf 87' lang='lat'>638,</span> <span class='ocrx_word' id='word_1_824' title='bbox 3319 4961 3389 5002; x_wconf 84' lang='lat' dir='ltr'>ex</span> <span class='ocrx_word' id='word_1_825' title='bbox 3448 4953 3590 5002; x_wconf 88' lang='lat' dir='ltr'>tunc</span> 
     </span>
    </p>
   </div>
   <div class='ocr_carea' id='block_1_106' title="bbox 1940 5029 3590 5108">
    <p class='ocr_par' dir='ltr' id='par_1_106' title="bbox 1940 5029 3590 5108">
     <span class='ocr_line' id='line_1_106' title="bbox 1940 5029 3590 5108; baseline 0.001 -23"><span class='ocrx_word' id='word_1_826' title='bbox 1940 5031 2224 5098; x_wconf 90' lang='lat' dir='ltr'>temporis</span> <span class='ocrx_word' id='word_1_827' title='bbox 2273 5029 2426 5084; x_wconf 88' lang='lat' dir='ltr'>libro</span> <span class='ocrx_word' id='word_1_828' title='bbox 2479 5029 2700 5086; x_wconf 89' lang='lat' dir='ltr'>inedito</span> <span class='ocrx_word' id='word_1_829' title='bbox 2753 5031 2836 5086; x_wconf 92' lang='lat' dir='ltr'>ita</span> <span class='ocrx_word' id='word_1_830' title='bbox 2909 5032 3132 5089; x_wconf 89' lang='lat' dir='ltr'>habent</span> <span class='ocrx_word' id='word_1_831' title='bbox 3181 5051 3192 5088; x_wconf 87' lang='lat'><strong>:</strong></span> <span class='ocrx_word' id='word_1_832' title='bbox 3254 5041 3590 5108; x_wconf 77' lang='grc' dir='ltr'>Παραπέμπω</span> 
     </span>
    </p>
   </div>
   <div class='ocr_carea' id='block_1_107' title="bbox 1939 5117 3591 5196">
    <p class='ocr_par' dir='ltr' id='par_1_107' title="bbox 1939 5117 3591 5196">
     <span class='ocr_line' id='line_1_107' title="bbox 1939 5117 3591 5196; baseline 0.002 -27"><span class='ocrx_word' id='word_1_833' title='bbox 1939 5121 2051 5177; x_wconf 72' lang='grc' dir='ltr'>τοὺς</span> <span class='ocrx_word' id='word_1_834' title='bbox 2101 5117 2448 5190; x_wconf 72' lang='grc' dir='ltr'>βουλομένους</span> <span class='ocrx_word' id='word_1_835' title='bbox 2519 5123 2613 5176; x_wconf 75' lang='grc' dir='ltr'>τὴν</span> <span class='ocrx_word' id='word_1_836' title='bbox 2683 5119 2802 5176; x_wconf 71' lang='grc' dir='ltr'>ὃλην</span> <span class='ocrx_word' id='word_1_837' title='bbox 2875 5121 3074 5195; x_wconf 78' lang='grc' dir='ltr'>αἰρεσιν</span> <span class='ocrx_word' id='word_1_838' title='bbox 3143 5131 3242 5174; x_wconf 78' lang='grc' dir='ltr'>τῶν</span> <span class='ocrx_word' id='word_1_839' title='bbox 3299 5125 3591 5196; x_wconf 73' lang='grc' dir='ltr'>Βογομί).ων</span> 
     </span>
    </p>
   </div>
   <div class='ocr_carea' id='block_1_108' title="bbox 1942 5207 3592 5285">
    <p class='ocr_par' dir='ltr' id='par_1_108' title="bbox 1942 5207 3592 5285">
     <span class='ocr_line' id='line_1_108' title="bbox 1942 5207 3592 5285; baseline 0.003 -29"><span class='ocrx_word' id='word_1_840' title='bbox 1942 5207 2228 5277; x_wconf 56' lang='lat' dir='ltr'>dtur/mium</span> <span class='ocrx_word' id='word_1_841' title='bbox 2263 5207 2328 5266; x_wconf 79' lang='grc' dir='ltr'>εἰς</span> <span class='ocrx_word' id='word_1_842' title='bbox 2377 5211 2435 5258; x_wconf 79' lang='grc' dir='ltr'>τὸ</span> <span class='ocrx_word' id='word_1_843' title='bbox 2476 5207 2607 5258; x_wconf 67' lang='grc' dir='ltr'>οὕτω</span> <span class='ocrx_word' id='word_1_844' title='bbox 2652 5207 2962 5280; x_wconf 73' lang='grc' dir='ltr'>καλούμενον</span> <span class='ocrx_word' id='word_1_845' title='bbox 2995 5209 3217 5282; x_wconf 68' lang='grc' dir='ltr'>βιϐλίον,</span> <span class='ocrx_word' id='word_1_846' title='bbox 3263 5208 3592 5285; x_wconf 75' lang='grc' dir='ltr'>δογματιχήν</span> 
     </span>
    </p>
   </div>
   <div class='ocr_carea' id='block_1_109' title="bbox 1943 5379 3594 5454">
    <p class='ocr_par' dir='ltr' id='par_1_109' title="bbox 1943 5379 3594 5454">
     <span class='ocr_line' id='line_1_109' title="bbox 1943 5379 3594 5454; baseline 0.002 -17"><span class='ocrx_word' id='word_1_847' title='bbox 1943 5380 2122 5437; x_wconf 91' lang='lat' dir='ltr'>tradit</span> <span class='ocrx_word' id='word_1_848' title='bbox 2148 5381 2206 5436; x_wconf 92' lang='lat' dir='ltr'>in</span> <span class='ocrx_word' id='word_1_849' title='bbox 2230 5379 2434 5454; x_wconf 87' lang='lat' dir='ltr'>codice</span> <span class='ocrx_word' id='word_1_850' title='bbox 2470 5380 2817 5440; x_wconf 81' lang='lat' dir='ltr'>Bodleiano.</span> <span class='ocrx_word' id='word_1_851' title='bbox 2846 5453 2849 5454; x_wconf 17' lang='grc' dir='ltr'><em>ν</em></span> <span class='ocrx_word' id='word_1_852' title='bbox 2881 5384 3022 5438; x_wconf 89' lang='lat' dir='ltr'>Cum</span> <span class='ocrx_word' id='word_1_853' title='bbox 3065 5401 3205 5441; x_wconf 87' lang='lat' dir='ltr'>vero</span> <span class='ocrx_word' id='word_1_854' title='bbox 3241 5388 3299 5440; x_wconf 89' lang='lat' dir='ltr'>in</span> <span class='ocrx_word' id='word_1_855' title='bbox 3328 5387 3594 5454; x_wconf 85' lang='lat' dir='ltr'>Prolego-</span> 
     </span>
    </p>
   </div>
   <div class='ocr_carea' id='block_1_110' title="bbox 1946 5453 3596 5512">
    <p class='ocr_par' dir='ltr' id='par_1_110' title="bbox 1946 5453 3596 5512">
     <span class='ocr_line' id='line_1_110' title="bbox 1946 5453 3596 5512; baseline 0.002 -5"><span class='ocrx_word' id='word_1_856' title='bbox 1946 5455 2126 5507; x_wconf 88' lang='lat' dir='ltr'>menis</span> <span class='ocrx_word' id='word_1_857' title='bbox 2156 5453 2392 5507; x_wconf 88' lang='lat' dir='ltr'>nullam</span> <span class='ocrx_word' id='word_1_858' title='bbox 2427 5455 2784 5508; x_wconf 88' lang='lat' dir='ltr'>mentionem</span> <span class='ocrx_word' id='word_1_859' title='bbox 2832 5453 3030 5510; x_wconf 88' lang='lat' dir='ltr'>fecerit</span> <span class='ocrx_word' id='word_1_860' title='bbox 3057 5453 3596 5512; x_wconf 72' lang='lat' dir='ltr'>Bodleianicodicis</span> 
     </span>
    </p>
   </div>
   <div class='ocr_carea' id='block_1_111' title="bbox 1948 5525 3597 5598">
    <p class='ocr_par' dir='ltr' id='par_1_111' title="bbox 1948 5525 3597 5598">
     <span class='ocr_line' id='line_1_111' title="bbox 1948 5525 3597 5598; baseline 0.001 -20"><span class='ocrx_word' id='word_1_861' title='bbox 1948 5525 2266 5598; x_wconf 67' lang='lat' dir='ltr'>Euthymii,</span> <span class='ocrx_word' id='word_1_862' title='bbox 2318 5526 2594 5598; x_wconf 83' lang='lat' dir='ltr'>suspicio</span> <span class='ocrx_word' id='word_1_863' title='bbox 2641 5525 2958 5598; x_wconf 86' lang='lat' dir='ltr'>suboritur,</span> <span class='ocrx_word' id='word_1_864' title='bbox 3018 5528 3232 5582; x_wconf 86' lang='lat' dir='ltr'>Milium</span> <span class='ocrx_word' id='word_1_865' title='bbox 3292 5544 3396 5598; x_wconf 84' lang='lat' dir='ltr'>pro</span> <span class='ocrx_word' id='word_1_866' title='bbox 3455 5528 3597 5581; x_wconf 84' lang='lat' dir='ltr'>Bod-</span> 
     </span>
    </p>
   </div>
   <div class='ocr_carea' id='block_1_112' title="bbox 1945 5567 3143 5655">
    <p class='ocr_par' dir='ltr' id='par_1_112' title="bbox 1945 5567 3143 5655">
     <span class='ocr_line' id='line_1_112' title="bbox 1945 5567 3143 5655; baseline -0.003 -3"><span class='ocrx_word' id='word_1_867' title='bbox 1945 5567 2138 5652; x_wconf 62' lang='lat' dir='ltr'>leiano</span> <span class='ocrx_word' id='word_1_868' title='bbox 2172 5567 2719 5653; x_wconf 56' lang='lat' dir='ltr'>voluisserscribere</span> <span class='ocrx_word' id='word_1_869' title='bbox 2767 5567 3143 5655; x_wconf 57' lang='lat' dir='ltr'>Baroc’ciano.</span> 
     </span>
    </p>
   </div>
  </div>
