3976 6222
317 326 387 382 15
1822 308 1976 363 ΡΒᾹΞ

2133 307 2207 363 'lO
3655 288 3729 351 16

317 447 623 511 πανοπλίαν,
690 442 744 506 ἐξ
797 442 1050 511 ἐπιταγῆς
1103 438 1298 509 τούμοῦ
1346 437 1542 509 πατρὸς
1604 435 1958 488 συντεθεῖσαν.
1993 434 2036 487 Α

320 544 426 595 Καὶ
464 540 563 611 γὰρ
612 536 844 607 μοναχὸν
892 549 1007 581 τινα
1058 522 1363 599 Ζυγαδηνόν
1410 524 1742 595 καλοῦμενον,
1791 542 1964 593 γνωσ-

318 634 405 682 τόν
434 631 524 700 μὲν
560 631 623 697 τῇ
657 619 906 690 δεσποίνῃ
940 621 1029 669 καὶ
1073 619 1200 688 πρὸς
1238 616 1440 687 μητρὸς
1484 611 1578 685 ἐμῇ
1627 614 1841 684 μάμμῃ,
1874 616 1964 664 καὶ

317 725 451 772 πᾶσι
495 709 601 774 τοῖς
655 717 748 762 τοῦ
801 710 1063 781 ἱερατικοῦ
1120 703 1433 775 καταλόγου,
1481 706 1854 774 γραμματικῆς
1905 696 1965 752 δὲ

319 809 390 870 εἰς
416 808 575 879 ἄκρον
609 799 896 859 ἐληλακότα
926 801 1011 848 καὶ
1043 797 1326 869 ῥητορικῆς
1355 791 1450 844 οὐκ
1479 790 1788 863 ἀμελέτητον
1819 794 1961 855 ὄντα,

317 901 407 949 καὶ
450 897 507 947 τό
562 888 740 962 δόγμα
790 889 859 948 ὡς
907 885 1000 937 οὐκ
1025 883 1171 943 οἰλλος
1209 902 1290 942 τις
1327 879 1685 951 ἐπιστάμενον.
1716 884 1909 931 Τοῦτον
1939 879 1965 929 ὁ

318 983 655 1056 αὐτοκράτωρ
739 972 1202 1048 μεταπεμψάμενος
1285 968 1519 1031 ἐπέταξεν
1586 967 1796 1028 ἁπάσας
1879 967 1967 1026 τὰς

321 1076 545 1148 αἱρέσεις
610 1066 874 1134 ἐκθέσθαι,
940 1061 1165 1118 ἑκάστην
1238 1057 1373 1130 ἰδίᾳ,
1453 1061 1543 1108 καὶ
1612 1055 1691 1128 ἐφ’
1770 1055 1963 1127 ἑκάστῃ

320 1144 556 1235 [ἑκάστῳ
576 1156 715 1213 edit.
740 1153 924 1208 Paris.
942 1148 1108 1223 quod
1123 1149 1328 1221 ipsum
1341 1160 1586 1235 quoque
1600 1144 1733 1199 ferri
1748 1144 1962 1215 potest]

320 1231 410 1311 τὰς
445 1256 547 1302 τῶν
585 1245 745 1317 ἁγίων
804 1243 1043 1315 Πατέρων
1109 1235 1405 1310 ἀνατροπὰς
1464 1231 1854 1308 ἐγγράψασθαι,
1898 1260 1967 1271 ..-

319 1344 525 1396 Ταὺτην
576 1339 663 1393 τὴν
737 1329 917 1405 βίϐλον
990 1324 1316 1398 δογματικὴν
1391 1321 1679 1376 πανοπλίαν
1740 1321 1767 1371 ὁ
1811 1320 1969 1372 αὐτο-

322 1430 530 1502 κράτωρ
605 1424 889 1492 ὠνόμασεν.
961 1413 1268 1486 Ζυγαδηνὸν
1325 1425 1468 1481 ergo
1543 1408 1726 1465 habet
1788 1407 1967 1464 editio

322 1495 610 1577 P'arisina,
658 1508 906 1568 Allatius
934 1520 1007 1560 ex
1059 1502 1286 1566 codice,
1328 1515 1438 1556 nec
1478 1495 1971 1553 Montefalconius

324 1607 384 1663 in
429 1602 575 1661 bibl.
615 1597 852 1655 Coislin.
884 1611 944 1666 p.
1008 1593 1115 1647 559
1164 1605 1237 1645 ex
1276 1604 1385 1644 suo
1440 1586 1646 1642 codice
1686 1584 1803 1641 hoc
1843 1584 1971 1640 loco

322 1691 555 1752 notavit
596 1688 958 1744 dissensum.
1026 1676 1318 1750 Panoplia
1371 1673 1666 1746 Euthymii
1707 1673 1969 1745 primum

2211 435 2289 485 Τὰ
2314 434 2482 484 πάντα
2513 427 2584 496 δ’,
2617 434 2682 491 ὡς
2710 435 2843 502 χρὴ,
2871 433 2967 481 παὶ
2997 426 3163 486 καλῶς
3202 424 3492 497 ἐσκεμμένα
3525 440 3537 451 ·

2215 524 2313 572 Καί
2341 539 2391 571 τι
2419 519 2566 571 πλέον
2598 522 2834 592 φέροντα,
2858 515 3128 586 τολμήσας
3155 513 3287 584 λέγω
3312 528 3323 540 ⁸

2214 609 2383 681 Χάρις
2414 602 2471 658 δὲ
2496 611 2644 657 πᾶσα
2667 612 2739 674 τῷ
2773 610 2915 675 σοφῷ
2948 603 3331 675 Χρυσοστόμῳ.

2072 697 2188 750 Hos
2217 710 2423 749 versus
2465 694 2751 749 Macarius
2795 688 3321 762 Chrysocephalus,
3353 686 3603 758 scriptor
3634 701 3726 740 re-

2073 782 2315 848 centior,
2346 782 2422 836 ita
2451 782 2510 836 in
2549 797 2689 835 suos
2717 797 2863 835 usus
2913 777 3211 841 convertit,
3250 779 3314 831 ut
3369 777 3602 831 constat
3646 787 3724 828 ex

2074 870 2345 933 Fabricii,
2378 869 2530 926 Bibl.
2569 869 2666 924 Gr.
2699 872 2738 923 t.
2767 867 2881 930 VII,
2913 869 3096 938 p772.

2218 959 2420 1011 Πολλῶν
2452 962 2615 1010 πόνων
2646 959 2819 1031 ἔρανος
2848 954 3222 1028 ἠκριϐωμένος,

2213 1049 2291 1100 Τὰ
2326 1049 2497 1100 πάντα
2521 1044 2594 1113 δ’,
2627 1048 2696 1106 ὡς
2725 1049 2859 1116 χρὴ,
2882 1049 2973 1096 καὶ
2992 1043 3157 1103 καλῶς
3186 1041 3495 1114 ἐσκεμμένα,

2219 1133 2387 1189 Οὐδὲν
2414 1139 2675 1208 περιττὸν,
2712 1131 2836 1185 οὐδὲ
2859 1132 3030 1185 λεῖπον
3061 1127 3266 1196 ἐνθάδε,

2216 1228 2483 1297 Μακάριος
2504 1223 2704 1294 συνῆψε
2733 1219 3114 1295 φιλαδελφείας.

2077 1333 2259 1391 Credo
2318 1339 2539 1395 autem,
2582 1330 2674 1386 Jo.
2738 1327 3227 1400 Christophorum
3282 1323 3601 1389 Wolﬁum,
3661 1322 3725 1378 in

2075 1422 2280 1478 codice
2292 1419 2655 1477 Barocciano
2678 1418 2791 1473 hos
2810 1431 3012 1471 versus
3034 1417 3115 1471 ita
3137 1413 3387 1486 scriptos
3406 1411 3722 1484 reperisse:

2221 1508 2423 1562 Πολλῶν
2444 1540 2511 1548 -
2540 1506 2892 1582 ἠκριϐωμένος
2921 1522 2935 1537 ο
2958 1500 3125 1556 Οὐδὲν
3147 1533 3213 1542 -—
3236 1497 3437 1553 ἐνθάδε.

2219 1601 2296 1654 Τὰ
2337 1600 2508 1651 πάντα
2554 1628 2623 1637 -
2673 1595 2980 1667 ἐσκεμμένα.
3044 1593 3312 1663 Μακάριος
3368 1621 3436 1630 —
3485 1583 3726 1661 φιλαδελ-

3462 1676 3650 1750 [φείας.

324 1783 484 1842 edita
507 1782 596 1837 est
643 1773 840 1833 Latine
883 1786 958 1826 ex
1002 1767 1270 1824 versione
1314 1764 1463 1821 Petri
1512 1762 1804 1818 Francisci
1847 1760 1973 1816 Zini
2003 1759 2050 1813 Β
2078 1777 2212 1849 Ipse
2257 1780 2481 1843 autem,
2538 1777 2603 1829 ut
2657 1771 2911 1834 videtur,
2962 1767 3237 1825 ordinem
3278 1764 3540 1820 mutavit,
3598 1766 3727 1819 Non

324 1866 678 1929 Veronensis
733 1864 941 1916 Venet.
996 1858 1133 1913 1555
1179 1871 1216 1910 a
1274 1868 1396 1926 quo
1450 1850 1611 1906 haud
1668 1849 1848 1906 dubie
1901 1864 1973 1905 ex

326 1958 550 2018 codicis
572 1952 766 2010 indice
808 1950 1053 2005 vocatur
1085 1942 1433 2013 Zigabenus.
1478 1938 1677 1995 Graece
1728 1938 1973 2010 primun

326 2044 607 2123 apparuit
626 2034 975 2110 Tergobysti
1028 2033 1163 2088 1710
1191 2046 1314 2104 qua
1341 2028 1600 2085 editione
1630 2027 1723 2082 usi
1765 2042 1973 2081 sumus

328 2114 610 2208 ltidsquae.
679 2128 781 2185 Hic
858 2120 1189 2196 appellatur
1258 2114 1569 2190 Ζιγαδηνὸς.
1646 2115 1847 2171 Dicam
1900 2114 1975 2170 de

328 2204 638 2286 codicibus
661 2211 1112 2289 Mosquensibus
1127 2208 1307 2280 hujus
1326 2205 1646 2279 Panopliae.
1681 2204 1977 2276 Antiquis—

330 2317 518 2372 simus
582 2312 671 2366 est
743 2301 1239 2362 membranaceus
1280 2311 1399 2352 sec.
1466 2309 1543 2351 xu
1608 2292 1977 2348 bibliothecas

331 2395 723 2477 typographei
761 2388 1071 2465 synodalis
1111 2384 1285 2477 infici
1316 2382 1610 2477 num..10_,
1624 2380 1730 2454 qui
1774 2380 1834 2436 in
1863 2380 1979 2435 hoc

333 2468 730 2550 nomine—non
750 2480 946 2538 differt
975 2477 1055 2534 ab
1101 2474 1357 2531 editione
1391 2469 1856 2541 Tergobystana.
1881 2468 1976 2522 Se-

332 2578 567 2639 cundus
596 2571 867 2645 ejusdem
894 2564 1268 2623 bibliothecas
1296 2560 1487 2617 inofol.
1516 2574 1684 2615 num.
1713 2557 1799 2645 15,
1827 2559 1888 2611 Β.
1918 2557 1980 2611 in

333 2671 538 2727 charta
559 2644 930 2732 bombycina
948 2654 1132 2712 habet
1148 2650 1453 2723 Ζιγαϐηνός.
1487 2647 1717 2703 Tertius
1747 2644 1982 2700 charta.

329 2776 470 2817 ceus
486 2769 711 2817 sec.xv,
746 2745 1118 2805 bibliothecas
1143 2738 1529 2796 sanctissima;
1556 2733 1777 2808 synodi
1796 2733 1857 2789 in
1878 2733 1979 2788 fol.

330 2864 491 2905 num.
535 2849 624 2912 50,
655 2835 956 2912 Zygadeni
985 2830 1242 2888 exhibet.
1285 2829 1541 2892 Quartus
1594 2823 1864 2895 ejusdem
1893 2822 1983 2876 bi-

334 2934 663 2994 bliothecas,
680 2942 799 2982 sec.
827 2938 938 2985 xw,
952 2920 1015 2976 in
1040 2918 1247 2975 charta
1264 2912 1635 2986 bombycina
1663 2912 1725 2966 in
1745 2913 1978 2982 quarto,

334 3038 510 3081 num.
561 3019 668 3074 369
696 3014 892 3087 primo
911 3008 1051 3066 tolio
1073 3007 1255 3062 caret.
1308 3002 1429 3057 Etsi
1451 3001 1631 3071 igitur
1655 2999 1800 3054 satis
1848 3012 1984 3069 pro-

337 3110 527 3170 habile
566 3110 671 3168 est.
701 3084 865 3160 hunc
891 3092 1395 3155 Commentarium
1416 3089 1704 3161 scriptum
1743 3100 1875 3142 esse
1905 3084 1984 3140 ab
2021 3096 2063 3153 α

337 3197 657 3270 Euthymio
690 3212 704 3263 ;
732 3199 931 3247 tamen
957 3182 1211 3240 dubium
1237 3184 1349 3247 est,
1379 3182 1576 3235 utrum
1608 3175 1981 3248 Zygadenus,

339 3306 417 3347 an
441 3262 788 3360 Zigadenus,
823 3293 896 3333 an
926 3272 1260 3343 Zigabenus
1284 3268 1481 3324 dictus
1535 3265 1626 3321 sit.
1661 3262 1986 3334 Plerisque,

339 3353 694 3438 utarbitror,
727 3384 800 3425 ex
826 3365 920 3422 his
957 3377 1089 3436 quae
1118 3359 1393 3424 diximus,
1425 3353 1779 3428 probabitur
1807 3354 1990 3422 Zyga-

340 3470 554 3529 denus,
615 3458 781 3534 quod
833 3454 981 3510 mihi
1024 3451 1205 3507 etiam
1241 3445 1499 3509 interim,
1557 3441 1750 3496 donec
1791 3438 1991 3509 plures

341 3526 578 3612 codices
636 3526 1042 3603 consulantur,
1100 3534 1320 3606 placet.
1373 3532 1442 3584 Ut
1497 3535 1696 3582 autem
1744 3526 1991 3579 lectores

343 3642 579 3707 scirent,
638 3647 775 3706 qum
845 3622 1070 3682 scholia
1118 3622 1177 3676 in
1236 3615 1609 3686 marginibus
1658 3612 1994 3683 legerentur

347 3698 677 3788 Henten'ius-
692 3721 754 3775 in
782 3710 1078 3790 principio
1110 3722 1337 3771 eorum,
1370 3704 1430 3760 in
1460 3701 1733 3758 versione
1764 3698 1991 3766 Latina,

346 3786 703 3888 ascripserat
757 3786 996 3875 signum
1067 3795 1282 3865 crucis,
1350 3790 1511 3865 quod
1570 3804 1682 3845 nos
1756 3786 1993 3888 retinui-

347 3874 523 3965 mus.‘
553 3903 703 3972 Quae
755 3874 833 3951 ini
864 3889 1030 3948 nullo
1084 3899 1355 3942 meorum
1405 3881 1701 3951 leguntur,
1771 3874 1997 3947 duplici

348 3963 522 4052 cruce
567 3963 818 4058 wsignari
858 3982 919 4037 in
952 3980 1229 4033 contextu
1272 3972 1494 4026 Graeco.
1546 3966 1769 4022 Eodem
1812 3963 1997 4019 modo

346 4082 552 4141 notavi
597 4051 779 4133 etiam
831 4072 892 4126 in
946 4065 1218 4123 versione
1272 4060 1480 4115 Latina
1531 4071 1601 4112 ea
1648 4071 1779 4127 quae
1835 4051 1999 4124 apud

351 4170 705 4230 Hentenium
737 4177 860 4220 non
910 4154 1308 4229 reperiuntur.
1361 4147 1480 4203 Etsi
1526 4142 1788 4200 Hentenii
1827 4142 2002 4196 inter-

348 4260 621 4337 pretatio,
655 4271 727 4312 ex
753 4266 874 4309 uno
904 4246 1057 4303 libro
1081 4240 1302 4313 scripto
1331 4249 1634 4337 expressa,
1660 4233 1742 4331 ita
1778 4229 2002 4337 inrple-

348 4318 556 4424 iisque
572 4318 739 4413 locis,
753 4342 1047 4414 quantum
1074 4329 1321 4404 quidem
1336 4326 1555 4424 linguae
1567 4320 1793 4421 patitur
1811 4318 2003 4417 diver-

353 4405 519 4507 sitas,
539 4405 735 4494 ﬁdelis
750 4405 857 4495 est,
891 4430 955 4482 ut
981 4421 1202 4481 codicis
1241 4414 1653 4475 auctoritatem
1680 4409 1742 4467 in
1784 4405 2004 4464 consti-

350 4499 575 4587 tuendo
625 4516 923 4591 Euthymii
953 4513 1230 4570 contextu
1274 4504 1499 4591 habere
1543 4499 1752 4591 possit,
1788 4500 2003 4591 tamen

353 4614 675 4676 occurrunt
701 4585 854 4672 loca,
911 4603 1033 4657 sive
1067 4594 1421 4667 interpretis,
1458 4590 1581 4645 sive
1613 4585 1834 4643 codicis
1880 4597 2002 4655 quo

353 4672 499 4764 usus
511 4704 599 4758 est
609 4697 802 4770 culpa,
819 4693 881 4749 in
900 4688 1123 4763 quibus
1138 4681 1356 4770 aliquis
1367 4677 1555 4770 possit
1565 4672 1870 4770 offendere
1876 4714 1911 4770 ε.
1921 4673 2003 4770 Ea

355 4758 634 4862 deinceps
662 4758 864 4842 notavi
894 4758 950 4836 εἰ
975 4792 1044 4833 ex
1072 4772 1222 4830 meis
1250 4766 1559 4825 codicibus
1588 4758 2004 4862 correxi.1llud

355 4884 537 4942 etiam
565 4846 946 4934 ‘monendum
996 4862 1164 4926 duxi,
1195 4858 1359 4933 quod
1395 4856 1458 4912 in
1494 4857 1746 4924 utroque
1776 4846 1999 4912 codice,

524 4969 579 5035 3,
614 4966 679 5020 in
711 4960 913 5018 codice
938 4951 1184 5029 quidem
1214 4962 1253 5004 a
1283 4944 1397 5001 sub
1426 4941 1704 5035 imagine—
1721 4936 2004 5035 Chrysos-

355 5022 618 5124 idibhin
639 5022 1083 5124 b,postlndices
1098 5036 1366 5110 capitum
1395 5033 1655 5105 quatuor
1666 5022 2007 5095 Evangelia-

355 5163 508 5214 rum,
538 5144 603 5201 hi
631 5153 837 5198 versus
865 5135 1161 5203 leguntur.

502 5339 708 5395 Πολλῶν
733 5338 899 5388 πόνων
929 5331 1105 5404 ἔρανοὲ
1132 5319 1531 5404 ἠκρᾷιϐωμξνοςξ

502 5383 672 5466 δύδεν
701 5383 962 5479 περιττὸν,
991 5383 1140 5452 οὐδὲν
1168 5383 1346 5446 λεῖπον
1372 5383 1555 5441 ἐνθάδε
1578 5401 1591 5414 ·

434 5631 509 5702 (s)
564 5625 665 5682 Hic
721 5617 1006 5693 prologus
1048 5624 1171 5702 non
1211 5604 1463 5702 scriptus

366 5690 690 5790 Euthymii,
720 5690 1055 5779 iegiturque
1077 5701 1209 5756 ante
1234 5695 1365 5767 ejus
1392 5690 1610 5748 Vitam.

2080 1870 2281 1921 autem
2304 1861 2567 1918 mirabile
2588 1864 2701 1923 est.
2727 1859 3000 1915 Graecum
3030 1856 3340 1912 hominem
3371 1853 3525 1909 alius
3544 1852 3729 1907 versi-

2081 1954 2297 2025 buspro
2309 1952 2431 2007 suis
2461 1965 2633 2006 usum
2652 1965 2800 2004 esse.
2820 1949 2979 2014 Quos
2998 1944 3159 2000 enim
3179 1959 3292 2013 ego
3305 1958 3374 1998 ex
3390 1940 3728 2013 Mosquensi

2081 2042 2283 2099 codice
2336 2038 2787 2109 Evangeliorum
2840 2051 2898 2099 a,
2939 2034 3016 2091 ad
3067 2031 3390 2104 Epistolam
3437 2029 3602 2086 Pauli
3648 2028 3733 2084 ad

2080 2129 2653 2191 Thessalonicenses,
2708 2142 2763 2197 p.
2811 2124 2938 2190 241,
2992 2121 3175 2187 edidi,
3217 2119 3458 2176 eosdem
3494 2134 3565 2173 ex
3611 2117 3731 2173 alio

2082 2219 2283 2277 codice
2303 2217 2565 2275 ediderat
2590 2217 2703 2270 Leo
2734 2211 2998 2280 Allatius,
3037 2212 3115 2265 De
3164 2208 3330 2264 libris
3354 2208 3522 2271 βοείη
3564 2204 3733 2276 apud

2087 2307 2336 2373 Fabric.,
2376 2305 2524 2360 Bibl.
2553 2303 2649 2359 Gr.
2682 2302 2797 2357 vol.
2821 2302 2888 2366 V,
2916 2315 2978 2372 p.
3009 2300 3099 2363 28,
3131 2313 3268 2353 cum
3294 2295 3511 2365 exigua
3540 2293 3730 2349 varie-

2087 2402 2220 2453 tate.

2159 2484 2454 2551 Quoniam
2484 2486 2683 2537 autem
2721 2479 3001 2535 idoneam
3023 2476 3120 2531 hic
3136 2473 3295 2530 nacti
3327 2488 3538 2551 sumus
3565 2484 3737 2526 occa—

2088 2549 2318 2629 sionem
2346 2573 2420 2627 de
2443 2570 2760 2641 Euthymio
2781 2564 3138 2628 disserendi,
3176 2562 3367 2635 primo
3388 2561 3484 2615 hic
3506 2549 3738 2615 addidi-

2091 2678 2222 2718 mus
2250 2661 2674 2732 supplementa
2698 2655 2965 2727 quaedam
2990 2653 3065 2708 ad
3086 2651 3409 2707 editionem
3440 2646 3739 2717 Panoplias

2087 2750 2594 2822 Tergobystanam
2610 2764 2623 2802 :
2642 2744 2857 2801 deinde
2879 2741 3205 2814 adjecimus
3228 2739 3403 2794 unius
3430 2735 3643 2791 Psalmi
3662 2748 3738 2790 ex

2088 2840 2263 2898 codd.
2278 2837 2503 2894 scholia
2522 2855 2535 2905 ;
2551 2852 2621 2893 ac
2641 2833 2895 2905 denique
2907 2831 2981 2885 de
2997 2828 3130 2886 aliis
3160 2825 3491 2898 Euthymiis
3508 2823 3736 2880 monui-

2091 2946 2247 2994 mus,
2280 2941 2542 3001 quorum
2579 2924 2647 2980 ﬁt
2683 2920 2907 2978 mentio
2936 2920 2997 2974 in
3039 2916 3349 2973 codicibus
3373 2912 3742 2984 Mosquensi—

2091 3019 2218 3073 bus.

2164 3156 2615 3229 (Supplementa
2650 3151 2731 3207 ad
2768 3148 3074 3206 editionem
3104 3142 3543 3229 Panopliaeipsi
3557 3141 3744 3195 Pano-

2094 3224 2235 3319 plite
2252 3224 2636 3315 promisimus
2662 3255 2791 3296 cum
2819 3235 3143 3294 recensione
3165 3232 3426 3290 codicum
3442 3224 3746 3299 M'osquen-

2097 3314 2290 3397 siumi;
2321 3330 2551 3388 scholia
2580 3328 2755 3384 etiam
2773 3326 2851 3380 ad
2871 3324 3164 3393 psalmum
3192 3335 3286 3376 CIX
3310 3318 3492 3388 hujus
3526 3314 3751 3385 psalmi

2100 3421 2287 3477 textui
2331 3417 2695 3487 subjecimus.
2752 3416 2899 3467 Enl'r.
2947 3409 3142 3478 Pars.)

2174 3595 2256 3651 De
2282 3592 2414 3649 aliis
2449 3588 2809 3659 Euthymiis,
2850 3600 3102 3657 quorum
3130 3584 3199 3651 ﬁt
3236 3580 3445 3636 mentio
3489 3579 3554 3633 in
3598 3578 3753 3634 codi-

2562 3678 2720 3733 cibus
2748 3671 3202 3745 Mosqucnsibus.

2175 3773 2235 3843 a)
2298 3766 2640 3840 Euthymius
2691 3762 3020 3818 monachus
3076 3759 3151 3814 de
3203 3754 3487 3843 apostolo
3529 3753 3757 3811 Thoma

2106 3841 2357 3932 scripsit.
2392 3858 2453 3911 In
2495 3853 2699 3910 codice
2738 3850 2876 3906 bibl.
2901 3849 2960 3904 S.
3003 3848 3063 3902 S.
3092 3861 3260 3902 num.
3282 3845 3353 3899 26
3382 3842 3567 3932 in-fol.
3605 3859 3620 3909 ;
3653 3841 3758 3912 qui

2106 3954 2193 4005 est
2217 3929 2706 4004 membranaceus
2736 3954 2833 3994 sec
2870 3955 2930 3999 x,
2958 3940 3057 3992 aut
3097 3952 3177 4000 χι,
3208 3933 3351 3989 folio
3376 3931 3465 3994 64,
3506 3931 3587 3985 ita.
3614 3929 3757 3999 legi-

2109 4045 2255 4096 tur:
2311 4035 2575 4105 Εὑθυμίου
2632 4038 2724 4082 τοῦ
2780 4033 3023 4079 ταπεινοῦ
3075 4029 3313 4097 μοναχοῦ
3379 4024 3632 4091 ἰγκὼμιον
3685 4018 3759 4077 εἰς

2108 4133 2194 4182 τόν
2250 4127 2396 4197 ἅγιον
2439 4126 2625 4193 Θωμᾶν
2673 4121 2759 4170 τὸν
2836 4114 3140 4168 ἀπόστολον·
3196 4109 3422 4182 incipit,
3481 4110 3542 4160 Ἢ
3607 4110 3756 4176 πηγὴ

2109 4227 2200 4278 τῆς
2257 4193 2461 4286 σοφίας.
2514 4208 2763 4265 Additur
2816 4208 3117 4277 praeterea,
3174 4204 3300 4274 μηνὶ
3338 4195 3642 4269 Οκτωϐρίῳ.
3700 4193 3760 4255 ς’.

2181 4305 2243 4376 b)
2275 4282 2626 4372 Euthymius
2664 4295 2874 4352 abbas.
2902 4294 2966 4348 ln
2996 4288 3198 4347 codice
3223 4286 3487 4359 ejusdem
3506 4282 3652 4339 bibl.
3676 4282 3766 4337 in—

2112 4374 2233 4451 fol.
2262 4406 2435 4447 num.
2472 4388 2536 4445 41
2559 4386 2662 4458 qui
2686 4388 2778 4439 est
2803 4382 3277 4437 membranaceus
3323 4390 3437 4430 sec.
3470 4374 3547 4436 xi,
3579 4376 3680 4427 aut
3699 4384 3763 4434 ι,

2111 4484 2195 4540 ita
2223 4479 2433 4551 reperi.

2184 4568 2343 4627 Folio
2377 4569 2463 4622 39.
2522 4561 2781 4636 Πρόλογος
2808 4565 2900 4611 τοῦ
2954 4557 3027 4629 (8)
3077 4558 3127 4607 ἓν
3171 4556 3344 4627 άγίόις
3373 4552 3570 4624 Πατρός
3619 4553 3767 4619 ἡμῶν

2115 4662 2397 4731 Εύθυμίου.
2472 4635 2659 4707 Index
2741 4651 2830 4703 est
2873 4662 2887 4701 :
2942 4652 3027 4715 Τῷ
3078 4644 3374 4716 τιμιωτάτῳ
3425 4643 3514 4691 καὶ
3566 4635 3769 4695 ἀληθῶς

2113 4723 2330 4823 ἐναρέτῳ
2389 4744 2557 4815 Πατρὶ
2638 4742 2968 4809 πνιυματικῷ
3034 4731 3173 4803 ἆϐϐᾷ
3228 4734 3486 4804 Γεωργίῳ,
3542 4723 3770 4801 πρεσϐυ-

2112 4817 2243 4913 τέρου
2298 4838 2389 4886 καὶ
2463 4831 2751 4901 ἡγουμένῳ,
2823 4825 3108 4898 θεαρέστως
3186 4818 3520 4891 ἡσυχάζοντι
3602 4817 3767 4883 ἓντῷ,

2114 4902 2252 4981 κατὰ
2326 4917 2640 4975 Σκυθόπολιν
2697 4919 2862 4986 τόπῳ,
2911 4912 3207 4984 καλουμένῳ
3263 4906 3463 4975 Μελλὰ,
3519 4902 3771 4976 mpm;

2115 5013 2480 5090 πρεσϐύτερος,
2563 5006 2612 5059 ἐν
2689 5007 2865 5077 Κυρίῳ
2917 5006 3144 5076 χαίρειν.
3217 4997 3455 5053 Initium
3513 5010 3527 5046 :
3581 4995 3771 5052 Πίστίς

2123 5103 2479 5181 προηγείσθω.

2193 5172 2347 5249 Foiio
2379 5191 2466 5245 40.
2524 5190 2641 5247 Βίος
2670 5190 2759 5236 τοῦ
2787 5184 2836 5235 ἓν
2875 5182 3043 5253 ἁγίοις
3072 5186 3273 5251 Πατρός
3304 5177 3451 5247 ἡμῶν
3482 5172 3773 5243 Εὑθυμίου.

2120 5282 2399 5339 Initium:
2465 5276 2522 5328 '0
2577 5275 2846 5346 μονογενής
2898 5271 3036 5330 Υἱός.
3093 5268 3222 5320 Hac
3277 5264 3409 5319 Vita
3445 5260 3642 5318 divisa
3683 5269 3773 5315 est

2121 5373 2183 5427 in
2215 5369 2429 5441 capita.
2473 5363 2587 5422 Sed
2625 5362 2687 5416 in
2736 5360 2846 5417 hoc
2896 5356 3101 5414 codice
3151 5355 3241 5409 est
3283 5350 3512 5408 mutila.
3567 5346 3777 5404 Deﬁcit

1515 5602 1604 5656 est
1656 5596 1729 5654 ab
1784 5590 2117 5666 Euthymio,
2168 5583 2272 5641 sed
2323 5580 2402 5638 ab
2445 5574 2681 5650 Cyrillo,
2724 5575 2790 5629 ut
2834 5585 2977 5628 mox
3019 5565 3344 5641 apparebit,
3382 5564 3438 5620 in
3479 5562 3775 5619 honorem
