3976 6222
1676 249 2046 308 ΡΒΕΡᾹΤΙΟ
2059 293 2074 306 .
2179 269 2182 272 ’
3507 250 3582 311 30

504 506 598 562 Jo.
632 506 916 564 Albertus
951 509 1252 566 FABRICIUS
1278 510 1339 566 in
1370 511 1745 568 Bibliotheca
1785 512 1990 569 Graeca
2017 509 2134 568 vol.
2164 513 2276 578 VII,
2309 527 2448 585 pag.
2479 513 2603 567 474.
2635 510 2960 582 Hamburgi
2987 511 3144 576 1727,
3167 513 3220 566 4.

236 641 708 695 Commentarius
754 640 1084 713 (Euthymii
1127 643 1433 715 Zigabeni)
1473 645 1535 700 in
1559 649 1818 716 quatuor
1846 645 1892 698 A
1923 645 2032 703 sed
2070 647 2411 702 recentioris
2455 661 2670 701 manus
2714 645 3005 717 scriptura
3033 643 3246 700 Nicetae
3301 641 3577 700 tribuitur

167 728 486 797 Evangelia,
519 744 598 784 ex
628 730 1058 800 Chrysostomo
1079 738 1133 786 et
1162 732 1290 787 aliis
1315 733 1517 803 priscis
1549 733 1818 788 Patribus

161 834 269 874 non
319 819 454 873 sine
499 819 738 888 judicio
772 819 1057 875 delectus.
1105 823 1222 877 Hoc
1259 837 1502 895 quoque
1531 824 1818 878 eximium

159 923 301 977 opus
323 922 437 962 nec
464 907 622 962 dum
643 907 849 964 Graece
868 908 1065 964 lucem
1093 910 1252 974 vidit,
1281 910 1413 967 licet
1437 913 1498 967 id
1519 912 1821 967 afﬁrmant

159 998 251 1052 viri
278 996 466 1059 docti,
506 999 759 1062 Caveus,
799 997 949 1053 Elias
979 999 1060 1053 du
1091 999 1216 1065 Pin,
1257 1007 1435 1072 atque
1466 1001 1582 1056 alii.
1616 1002 1819 1056 Latine

157 1103 184 1140 e
211 1085 506 1156 praeclaro
539 1084 760 1140 Codice
791 1086 936 1141 Bibl.
970 1089 1227 1144 cmnobii
1261 1089 1524 1162 Deiparte
1565 1090 1819 1159 Virginis

158 1174 643 1245 Guadalupensis
657 1175 795 1230 0rd.
819 1177 880 1229 D.
899 1175 1317 1248 Hieronymiin
1331 1193 1515 1247 regno
1539 1178 1815 1242 Castellm,

155 1263 454 1318 transtulit
480 1263 528 1320 Ι.
569 1263 916 1328 Hentenius.
951 1265 1283 1321 accuratior
1320 1267 1482 1333 Zino,
1515 1266 1817 1339 Saulcque

155 1355 467 1423 interpres,
525 1352 708 1422 cujus
767 1353 958 1408 versio
1007 1355 1226 1425 prodiit
1271 1356 1536 1426 primum
1579 1356 1817 1412 Lovanii

157 1443 306 1496 1544.
357 1440 466 1495 fol.
512 1456 731 1496 recusa
759 1441 838 1511 (q)
873 1442 1055 1497 Paris.
1089 1444 1246 1510 1547,
1301 1445 1454 1510 1560,
1488 1446 1644 1515 1602,
1677 1446 1731 1510 8,
1762 1449 1819 1502 et

155 1530 212 1585 in
239 1529 617 1584 Bibliotheca
646 1529 913 1593 Patrum,
948 1535 1095 1586 tom.
1124 1533 1264 1586 XIX.
1301 1531 1438 1588 edit.
1478 1533 1665 1601 Lugd.

224 1617 386 1672 Duos
417 1616 667 1672 codices
695 1633 807 1672 ms.
841 1619 1075 1674 Graecos
1095 1619 1276 1690 hujus
1302 1622 1720 1677 Ccmmentarii
1747 1620 1821 1676 si-

163 1706 388 1760 milibus
440 1704 650 1776 qualia
696 1708 1018 1762 Hentenius
1069 1708 1128 1763 in
1164 1725 1273 1764 suo
1321 1711 1535 1781 reperit
1578 1708 1818 1766 scholiis

162 1796 482 1850 instructos
539 1796 602 1849 in
648 1794 793 1850 Bibl.
840 1796 1021 1866 Regia
1061 1797 1382 1854 Parisiensi
1425 1797 1710 1855 evolvisse
1757 1815 1821 1854 se

164 1887 408 1938 testatur
436 1883 608 1939 Rich.
658 1885 910 1948 Simon.,
941 1885 1037 1939 lib.
1071 1903 1128 1941 Ill
1160 1886 1425 1942 Historiae
1455 1887 1680 1942 Criticae
1725 1889 1816 1958 (ν),

1925 735 2088 806 quod
2109 751 2225 790 non
2246 736 2430 804 magis
2449 733 2746 799 credibile,
2775 749 2959 805 quam
2981 749 3187 788 eorum
3215 733 3573 803 conjectura,

1927 825 2028 895 qui
2082 823 2171 878 vel
2215 823 2574 880 OEcumenio
2622 823 2712 878 vel
2755 821 3076 878 Ammonio
3124 822 3319 876 nescio
3352 821 3446 877 cui
3484 819 3578 876 vel

1926 912 2358 983 Theophylacto
2387 911 2684 967 ascribere
2715 911 3047 967 voluerunt.

2000 1001 2168 1056 Plura
2196 1001 2329 1058 loca
2358 1000 2552 1056 Graece
2584 1016 2655 1056 ex
2683 1001 2798 1056 hoc
2831 999 3272 1056 Commentario
3303 997 3580 1068 producit

1927 1090 2248 1154 Simouius,
2293 1096 2418 1146 tum
2461 1089 2577 1145 hoc
2627 1090 2820 1159 capite
2861 1093 2986 1143 tum
3027 1088 3105 1160 (ε)
3147 1087 3251 1142 lib.
3289 1090 3326 1141 Ι.
3370 1103 3428 1156 p.
3474 1087 3577 1143 120

1930 1180 2063 1244 145;
2099 1183 2152 1234 et
2182 1179 2283 1234 lib.
2331 1194 2410 1243 ιιι,
2445 1194 2502 1249 p.
2553 1181 2640 1244 84,
2672 1182 2730 1232 et
2780 1178 2979 1246 magni
3025 1191 3162 1230 eum
3207 1175 3343 1230 facit
3375 1175 3430 1229 in
3464 1175 3578 1246 pri-

1929 1267 2062 1331 mis,
2105 1268 2537 1338 assentiturque
2568 1266 2925 1330 Maldonato,
2956 1265 3058 1336 qui
3082 1264 3158 1319 ad
3188 1264 3389 1319 Matth.
3436 1279 3575 1329 xvn,

1926 1355 1978 1420 8,
2016 1355 2400 1427 Euthymium
2429 1356 2489 1410 in
2517 1356 2838 1410 verborum
2883 1353 3344 1425 proprietatibus
3375 1352 3581 1408 obser-

1928 1445 2141 1500 vandis
2209 1445 2724 1513 diligentissimum
2806 1458 2933 1497 esse
2997 1441 3362 1498 observavit.
3428 1442 3582 1496 Inter

1931 1533 2247 1604 scriptores
2264 1548 2293 1587 e
2314 1533 2534 1604 quibus
2553 1535 2742 1586 Aurea
2766 1531 3008 1586 Thomaa
3031 1531 3340 1600 Aquinatis
3357 1529 3581 1588 Catena

1927 1623 1989 1678 in
2022 1621 2343 1691 Evangelia
2373 1621 2618 1677 collecta
2658 1625 2765 1684 est,
2817 1620 3107 1691 Euthymii
3141 1635 3361 1674 nomen
3407 1619 3466 1674 in
3495 1634 3578 1673 re—

1929 1711 2285 1766 centioribus
2301 1709 2670 1782 quibusdam
2693 1708 3048 1764 editionibus
3073 1708 3369 1771 additum,
3394 1709 3449 1762 in
3472 1723 3580 1763 ειη-

1929 1799 2281 1870 tiquioribus
2325 1802 2384 1854 et
2411 1799 2471 1853 in
2502 1800 2771 1854 Romana
2801 1797 2938 1851 anni
2991 1797 3149 1861 1670,
3187 1795 3580 1851 desideratur.

1931 1888 2072 1944 Vide
2101 1887 2358 1943 Simonis
2389 1887 2532 1943 Hist.
2575 1886 2846 1942 Criticam
2897 1885 3040 1942 Novi
3068 1887 3215 1941 Test.
3259 1883 3369 1941 lib.
3409 1899 3487 1952 ιιι,
3518 1900 3580 1957 p.

166 1973 300 2027 Novi
326 1973 484 2027 Test.
519 1986 656 2043 cap.
691 1974 783 2040 29,
809 1973 870 2027 in
899 1989 1158 2044 quorum
1185 1975 1369 2032 altero
1395 1975 1816 2050 Mazariniano,
1857 1997 1902 2051 Β
1931 1977 2034 2032 409
2062 1980 2118 2032 et
2141 1978 2263 2031 473.

239 2149 317 2219 ('9)
343 2151 388 2201 Α
435 2147 672 2223 Voigtio
703 2147 764 2202 in
802 2146 1085 2218 Catalogo
1115 2150 1257 2223 Hist.
1305 2150 1442 2207 Crit.
1475 2152 1576 2208 lib.
1621 2167 1734 2207 rar.
1767 2169 1818 2223 p.

169 2219 281 2294 734,
304 2224 381 2294 iet
403 2219 487 2294 ab
519 2219 675 2294 aliis
704 2227 1070 2294 memoratur
1098 2222 1278 2278 etiam
1307 2239 1377 2278 ex
1409 2223 1667 2294 Theoph.
1696 2219 1824 2279 Sin-

162 2292 277 2366 ρει-1
302 2288 579 2366 Biblioth.
608 2290 906 2366 Bistlcrit.
948 2292 1057 2366 lib.
1091 2308 1205 2366 ra_r.
1251 2309 1308 2364 p.
1353 2295 1455 2348 125
1487 2288 1614 2366 seq.
1643 2295 1822 2366 editio

165 2363 425 2436 Parisina
476 2362 621 2436 anni
678 2360 817 2436 1514
840 2360 1515 2436 in-S‘apudlbannem
1572 2360 1817 2436 Beiguy.

165 2432 505 2508 Excudebat
518 2432 714 2508 Carol.
745 2431 1028 2508 Guillard.
1056 2431 1170 2488 Sed
1193 2433 1251 2508 in
1280 2435 1478 2508 Indice
1503 2431 1823 2508 hujus'edi-

165 2505 362 2569 tionis,
396 2518 584 2574 quem
608 2503 908 2571 integrum
926 2504 1507 2561 videturexhibuisse
1540 2503 1822 2574 Vbigtius,

163 2591 282 2631 non
313 2575 569 2648 legitur:
601 2575 783 2630 Liber
814 2575 912 2631 hic
961 2591 1140 2646 neque
1180 2577 1382 2634 Graece
1411 2591 1594 2648 neque
1620 2579 1830 2634 Latine

166 2652 336 2702 antea
387 2645 550 2716 typis
596 2661 860 2718 unquam
915 2645 1164 2704 excusas
1213 2654 1333 2708 est:
1382 2645 1512 2721 quis
1548 2649 1829 2719 leguntur

1933 2153 1992 2208 in
2011 2151 2264 2208 editione
2278 2152 2644 2208 Lovaniensi.
2667 2155 2815 2220 Ergo
2839 2155 2900 2207 ut
2921 2150 3169 2212 videtur,
3193 2150 3580 2206 Lovaniensis

1934 2229 2134 2279 tamen
2165 2229 2252 2279 est
2279 2226 2574 2294 princeps,
2607 2225 2712 2278 etsi
2754 2222 3083 2292 reperiatur
3132 2221 3402 2277 Parisiua
3431 2222 3584 2294 ejus-

1933 2295 2070 2350 dem
2097 2296 2256 2350 anni.
2281 2293 2499 2350 ’Forte’
2519 2301 2717 2352 autem
2771 2298 3032 2349 erratum
3085 2297 3173 2348 est
3203 2294 3262 2348 in
3293 2293 3579 2358 numeris,

1935 2381 2002 2420 ac
2033 2381 2140 2436 pro
2196 2365 2332 2420 1544
2370 2365 2686 2433 legendum
2743 2373 2824 2420 est
2886 2366 3067 2436 1547,
3108 2369 3167 2418 In
3225 2370 3388 2420 tanta
3455 2363 3584 2420 libri

1933 2434 2170 2492 raritate
2198 2437 2341 2491 nihil
2372 2437 2484 2491 hac
2515 2436 2586 2489 de
2612 2452 2674 2490 re
2715 2440 2934 2492 certum
2978 2434 3186 2492 habeo.

2043 2507 2118 2578 (ν)
2151 2510 2709 2562 Commentatorum.

2045 2510 2098 2578 (r
2151 2510 2685 2562 Commentatorum

2045 2510 2118 2650 (si
2147 2577 2227 2634 De
2253 2584 2412 2636 textu
2431 2579 2480 2633 N
2491 2621 2503 2634 .
2538 2581 2685 2634 Test.

481 2961 584 3024 Ex
616 2966 802 3023 tom'o
836 2957 1056 3047 primo
1100 2958 1609 3030 Dissertationis
1646 2961 1990 3031 historice?
2035 2965 2103 3031 in
2164 2961 2675 3030 Bellarmz'num
2705 2959 2782 3026 P.
2830 2957 3008 3026 Phil.
3045 2957 3273 3026 LABBE.

227 3117 588 3188 Euthymius
621 3117 978 3187 Zigabenus,
1021 3119 1355 3175 monachus
1394 3121 1644 3186 Grmcus,
1677 3121 1823 3177 vixit
1853 3119 1894 3178 C
1931 3121 2458 3192 conversasperR.
2483 3124 2541 3176 P.
2563 3120 2903 3192 Philippum
2927 3118 3591 3190 Saulium,episcopum

161 3207 405 3262 ineunte
433 3206 654 3262 saeculo
680 3222 762 3262 χιι
793 3211 1214 3280 superstesque
1256 3209 1457 3265 adhuc
1500 3215 1623 3266 erat
1661 3225 1821 3266 anno

170 3295 335 3360 1118,
392 3310 514 3365 quo
559 3295 790 3352 Alexius
822 3299 1161 3353 Comnenus
1198 3297 1522 3370 imperator
1550 3299 1716 3356 obiit.
1756 3330 1824 3341 -—-

164 3382 418 3454 Scripsit
436 3385 779 3441 orthodoxae
791 3384 935 3440 ﬁdei
951 3385 1293 3458 Pan0pliam
1309 3386 1598 3443 adversus
1611 3403 1824 3444 omnes

159 3472 450 3537 haereses,
479 3472 541 3528 in
565 3474 724 3529 duas
747 3478 947 3545 partes
973 3473 1281 3543 tributam,
1307 3475 1625 3546 interprete
1654 3477 1827 3534 Petro

165 3561 485 3617 Francisco
513 3561 656 3618 Zino
668 3562 987 3618 Veronensi
1006 3563 1298 3620 canonico
1326 3586 1339 3619 :
1369 3564 1831 3620 Commentatio-

164 3666 269 3706 nes
299 3651 366 3706 in
397 3663 628 3714 1.0mnes
664 3652 770 3706 150
797 3651 1090 3720 Psalmos,
1122 3655 1178 3709 et
1213 3653 1421 3709 decem
1462 3669 1648 3710 sacrae
1681 3654 1830 3709 Scri-

1935 3212 2410 3279 Brugnatensem
2447 3227 2460 3277 ;
2490 3210 2927 3264 Commentaria
2950 3207 3012 3262 in
3043 3205 3383 3276 Evangelia,
3413 3206 3594 3262 inter-

1935 3304 2093 3372 prete
2117 3301 2344 3354 Joanne
2374 3297 2655 3352 lientenio
2685 3295 3106 3352 Mechliniensi.

2007 3387 2108 3442 Hic
2138 3390 2346 3442 auctor
2367 3401 2402 3440 a
2421 3385 2585 3441 Sixto
2610 3384 2853 3440 Senensi
2877 3382 3128 3451 diligens
3159 3381 3594 3452 Scripturarum

1939 3475 2259 3548 expositor,
2315 3489 2351 3529 a
2408 3471 2708 3532 cardinale
2794 3471 3050 3527 Baronio
3117 3469 3593 3526 accuratissimus

1940 3563 2641 3634 earumdeminterpresa
2667 3562 2904 3620 Joanne
2927 3558 3284 3624 Maldonato,
3319 3557 3380 3613 in
3394 3558 3596 3614 obser-

1941 3652 2155 3709 vandis
2167 3651 2488 3708 verborum
2517 3649 2980 3723 proprietatibus
2992 3646 3474 3719 diligentissimus
3500 3662 3597 3718 ap-

167 3745 360 3810 pture
416 3738 675 3804 cantica,
725 3754 758 3796 θ
798 3740 1007 3797 Greco
1055 3741 1117 3797 in
1168 3742 1444 3799 Latinum
1492 3757 1831 3799 sermonem
1943 3741 2224 3814 pellatur.

456 4048 566 4118 Jc.
597 4052 952 4141 Augustus
999 4053 1266 4122 ERNESTI
1299 4053 1370 4122 in
1398 4052 1845 4123 Institutione
1880 4017 2169 4138 interpr.
2203 4052 2288 4120 N.
2324 4053 2487 4119 Test.
2527 4050 2696 4118 Pars
2726 4047 2812 4132 II,
2845 4069 2991 4138 cap.
3022 4048 3088 4130 9,
3127 4049 3160 4132 §
3193 4048 3299 4114 24.

235 4215 352 4267 Nec
379 4214 838 4283 praetereundus
869 4212 1232 4286 Euthymius
1261 4211 1616 4283 Zigabenus,
1650 4214 1833 4268 Pano-
1865 4213 1912 4267 D
1945 4211 2221 4268 Sadoleto
2245 4211 2331 4283 (ι),
2355 4226 2536 4282 quem
2560 4209 2679 4266 vid.
2707 4209 2884 4278 Epist.
2915 4208 3098 4280 p.2t4
3119 4205 3257 4262 edit.
3287 4221 3426 4261 nov.
3457 4205 3597 4260 add-

164 4300 302 4371 plin:
347 4299 712 4372 Dogmaticaz
761 4301 1033 4372 scriptor,
1066 4317 1097 4356 e
1147 4319 1284 4358 saec.
1317 4319 1428 4367 xu;
1468 4302 1638 4372 cujus
1667 4304 1836 4357 Com-

163 4390 505 4445 mentarios
535 4390 598 4445 in
633 4389 950 4462 Evangelia
983 4391 1179 4447 Latine
1211 4391 1399 4447 editos
1429 4407 1464 4447 a
1492 4391 1660 4446 Joan.
1693 4392 1838 4445 Hen—

1945 4299 2169 4356 Fabric.
2205 4299 2358 4356 Bibl.
2389 4300 2570 4353 Graec.
2621 4303 2657 4353 t.
2695 4297 2810 4362 VII,
2854 4312 2914 4367 p.
2942 4295 3067 4349 484.
3098 4298 3161 4349 Et
3192 4298 3601 4350 memorantur

1945 4388 2180 4444 codices
2208 4387 2409 4458 scripti
2438 4388 2769 4442 Comment.
2801 4384 2862 4440 in
2886 4383 3063 4455 Epist.
3097 4381 3282 4447 Pauli,
3316 4381 3454 4437 item
3485 4381 3600 4437 Ca-

165 4480 330 4535 tenio
347 4478 681 4544 habemus,
702 4481 924 4550 pariter
939 4495 970 4535 e
985 4481 1412 4552 Chrysostomo
1426 4479 1706 4544 maxime,
1731 4478 1838 4534 sed
1945 4476 2222 4534 tholicas.

167 4575 374 4624 tamen
405 4572 466 4624 et
498 4567 633 4624 aliis
666 4567 897 4633 ductos,
933 4572 989 4625 et
1015 4568 1202 4625 doctis
1246 4567 1415 4626 valde
1442 4569 1743 4640 probatos,
1778 4570 1841 4624 ut

233 4747 308 4817 (ἰ)
347 4744 534 4817 Apud
566 4743 912 4802 Sadoletum
944 4745 982 4799 l.
1014 4745 1053 4799 l.
1088 4747 1148 4800 in
1179 4746 1316 4801 edit.
1349 4748 1555 4802 Veron.
1591 4748 1745 4810 1737,
1782 4749 1838 4809 4,

176 4815 321 4873 nihil
341 4815 462 4873 nisi
487 4816 608 4872 hoc
637 4818 823 4888 reperi
849 4836 865 4889 ;
891 4817 982 4872 Ab
997 4818 1336 4888 Euthymio,
1352 4818 1447 4874 cui
1474 4833 1586 4888 ego
1609 4823 1842 4874 senten.

1948 4747 2060 4802 tias
2091 4745 2306 4810 Basilii,
2345 4744 2869 4816 Chrysostomique
2911 4742 3201 4816 referenti,
3233 4743 3294 4799 in
3326 4742 3600 4815 Epistolis

1949 4818 2111 4875 Pauli
2140 4815 2680 4874 enotandis’tribuo
2702 4815 3087 4886 permultum.

349 5129 463 5197 Jo.
494 5133 857 5218 Augustus
891 5130 1220 5198 Nossser
1246 5132 1346 5197 De
1377 5129 1649 5199 Catenis
1692 5132 1988 5287 Patggm
2057 5132 2462 5197 Graacorum.
2511 5129 2700 5196 IIalae
2743 5127 2823 5194 ad
2867 5126 3086 5195 Salam
3123 5128 3312 5206 1762,
3341 5127 3405 5207 4,

1640 5242 1792 5287 οδε.
1965 5243 2152 5287 seca.

1639 5242 1792 5308 pag.
1829 5242 1914 5287 2.5
1965 5243 2152 5309 seqq.

249 5371 324 5425 Ex
353 5369 572 5427 eodem
598 5385 819 5439 genere
847 5370 932 5440 (α)
961 5373 1047 5424 est
1073 5369 1367 5442 Euthymii
1394 5369 1678 5439 Zigabeni
1699 5386 1834 5424 saec.

190 5470 263 5510 ιιι
275 5461 545 5516 monachi
569 5457 919 5515 monasterii
946 5456 1602 5530 Constantiuopolitaui,
1621 5474 1837 5528 cogno-

1948 5370 2153 5425 minati
2188 5377 2280 5430 τῆς
2303 5368 2664 5442 περιϐλέπτου,
2694 5367 3004 5439 ΡᾶΠΟΡΙὶεΒ
3057 5367 3403 5437 (108111811οω
3458 5365 3602 5420 scri-

1948 5459 2149 5531 ptoris,
2211 5459 2685 5515 Commentarius
2737 5457 2798 5513 in
2828 5473 2888 5514 1v
2948 5456 3286 5526 Evangelia,
3345 5470 3526 5526 quem
3565 5469 3599 5507 a

255 5635 330 5706 (τε)
371 5636 749 5709 Exposuerat
786 5633 1058 5706 proxime
1086 5638 1227 5693 ante
1257 5633 1418 5691 hunc
1447 5634 1524 5692 de
1548 5595 2000 5708 Theophylacto.
