3976 6222
353 254 414 311 31
1856 252 2254 308 ΡΒΑΞΡΑΤΙΟ.
3690 251 3771 303 32

351 380 519 435 Joan.
542 380 823 436 Hentenio
847 380 908 436 in
930 380 1203 437 ccenobio
1226 381 1392 451 regni
1418 380 1680 436 Castellae
1695 384 1995 451 repertum
2026 380 2068 432 Α
2105 394 2135 433 e
2160 378 2431 447 margine
2453 377 2512 432 in
2546 380 2885 432 contextum
2917 374 3231 447 irrepsisse
3264 374 3624 445 exploratum
3641 381 3768 430 est.

352 474 409 523 et
429 483 459 523 e
476 470 673 525 Graeco
700 468 760 523 in
786 470 1057 525 Latinum
1086 485 1425 525 sermonem
1445 469 1794 525 translatum
1817 468 1996 523 habe-

351 571 488 611 mus
535 561 679 612 tom.
735 558 854 613 XIX
900 558 1041 613 Bibl.
1076 558 1186 612 PP.
1232 558 1506 614 maxime:
1534 557 1743 626 Lugd.,
1777 574 1831 626 p.
1890 556 1997 609 475

353 660 520 716 seqq.
550 645 911 701 Concinnata
954 651 1041 701 est
1085 647 1213 702 hmo
1262 646 1550 718 expositio
1602 661 1671 700 ex
1705 643 1994 714 Origenis,

353 730 566 799 Basilii,
592 733 850 804 Gregorii
882 735 1226 790 Nazianzeni
1252 739 1308 790 et
1323 734 1722 806 Chrysostomi
1766 733 1998 804 potissi-

351 822 781 891 mumscriptis,
813 838 883 877 ea
900 824 1146 888 ratione,
1192 828 1247 879 ut
1270 822 1675 894 praetermissis
1715 820 1993 877 omnibus

352 908 840 977 digressionibus,
867 928 1001 983 quas
1029 912 1116 967 vel
1137 912 1407 967 dictionis
1428 916 1791 967 venustatem
1824 910 1997 966 subo-

350 997 489 1066 lent,
503 999 594 1055 vel
607 999 680 1055 ad
697 1000 1079 1069 corrigendos
1098 1018 1292 1056 mores
1310 1005 1597 1073 spectant,
1612 1016 1681 1055 ea
1704 1001 1760 1055 in
1787 999 1995 1071 primis

352 1087 604 1142 breviter
632 1092 689 1142 et
717 1089 1012 1146 succincte
1032 1090 1242 1155 tradat,
1271 1106 1405 1162 qure
1432 1089 1508 1144 ad
1526 1104 1767 1144 sensum
1798 1104 1997 1158 gram-

352 1177 640 1232 maticum
660 1177 1107 1249 intelligendum
1128 1180 1383 1234 maxime
1409 1178 1653 1234 faciunt.
1680 1177 1843 1243 Quod
1861 1192 1995 1232 auc-

352 1265 495 1320 toris
523 1266 705 1320 nostri
745 1267 1056 1322 consilium
1084 1284 1220 1323 cum
1266 1268 1397 1323 aliis
1438 1267 1575 1323 viris
1613 1266 1823 1332 doctis,
1866 1270 1995 1320 tum

352 1353 686 1411 Maldonato
712 1356 1036 1425 praesertim
1061 1360 1373 1427 acceptum
1392 1355 1517 1421 fuit,
1547 1356 1648 1427 qui
1671 1356 1731 1410 in
1749 1371 1897 1410 com.
1922 1355 1996 1408 ad

354 1442 547 1497 Matth.
572 1456 714 1507 xvu,
742 1444 794 1509 8,
822 1443 882 1497 in
914 1444 1227 1498 verborum
1259 1442 1721 1515 proprietatibus
1758 1442 1997 1511 diligen-

352 1529 643 1584 tissimum
675 1546 811 1585 eum
849 1547 974 1586 esse
1004 1532 1255 1588 monuit.
1278 1531 1619 1587 Dubitarunt
1648 1534 1848 1586 autem
1878 1529 1994 1594 alii,

353 1622 555 1673 utrum
584 1619 955 1689 Euthymius,
980 1636 1056 1675 an
1070 1620 1219 1676 alius
1231 1620 1525 1691 quispiam
1539 1618 1797 1675 auctoris
1825 1618 1998 1673 laude

2103 466 2295 522 Refert
2317 466 2477 521 enim
2510 466 2827 521 Hentenius
2850 466 2910 519 in
2932 462 3097 536 praef.
3124 463 3379 533 margini
3402 465 3765 535 exemplaris

2105 555 2390 626 ascriptas
2408 555 2579 609 fuisse
2597 553 3008 610 adnotationes
3036 553 3129 623 (z),
3165 569 3301 623 quas
3326 552 3542 607 deinde
3575 553 3635 608 in
3670 569 3766 609 re-

2103 643 2279 715 liquae
2310 643 2606 710 scripturae
2637 642 2907 697 ordinem
2947 641 3195 696 redactae
3238 646 3416 713 atque
3449 648 3583 712 post
3621 642 3759 712 ejus

2102 732 2408 804 particulm
2431 736 2625 787 textus
2657 732 3116 795 enarrationem,
3138 730 3213 785 ad
3240 746 3427 801 quam
3447 730 3759 801 poneban-

2105 826 2219 885 tur,
2262 821 2338 875 ab
2361 820 2703 891 ipsolocataa
2747 820 2881 874 sint.
2918 819 3082 875 Unde
3112 819 3290 874 etiam
3320 819 3477 873 haud
3512 819 3757 884 mirum,

2103 910 2267 983 quod
2301 911 2469 965 toties
2491 926 2629 965 cum
2660 908 2983 981 exemplari
3014 908 3089 979 (a)
3117 908 3517 979 Complutensi
3548 909 3759 965 Graeco

2104 1005 2161 1055 et
2185 999 2440 1067 Vulgato
2452 999 2766 1069 interprete
2779 1002 3086 1068 congruat,
3117 996 3443 1067 prmsertim
3468 1012 3603 1051 cum
3625 997 3760 1068 ipse

2104 1087 2292 1142 editor
2321 1086 2481 1142 mala
2500 1086 2689 1141 ﬁdein
2704 1085 3057 1155 corrigendo
3081 1083 3332 1139 subinde
3360 1084 3562 1153 egerit.
3596 1089 3681 1139 lta
3696 1085 3757 1139 in

2103 1176 2447 1231 recensione
2471 1175 2737 1231 locorum
2767 1174 3195 1245 quorumdam,
3222 1173 3283 1227 in
3312 1172 3529 1244 quibus
3559 1188 3763 1228 exem-

2107 1263 2234 1336 plar
2264 1263 2528 1319 Hentenii
2567 1263 2684 1319 alia
2727 1262 3003 1326 habebat,
3032 1277 3220 1333 quam
3258 1277 3346 1325 ea,
3405 1277 3541 1333 quae
3568 1260 3755 1330 vulgo

2106 1351 2609 1415 circumferuntur,
2670 1350 3053 1421 exemplaria,
3104 1350 3231 1419 ipse
3282 1348 3414 1404 loco
3462 1350 3555 1404 cit.
3610 1365 3753 1420 pag.

2105 1441 2230 1505 485,
2276 1444 2496 1509 narrat,
2536 1441 2717 1495 verba
2762 1440 2901 1493 Luc.
2952 1455 3068 1508 χιχ,
3112 1439 3199 1492 15.
3233 1438 3308 1498 οἷς
3356 1434 3517 1489 ἔδωκε
3566 1438 3644 1509 (b)
3699 1442 3760 1489 τὸ

2109 1528 2351 1603 ἀργύριον
2368 1528 2531 1599 apud
2562 1528 2936 1599 Euthymium
2965 1543 3083 1582 non
3111 1526 3407 1582 exstitisse
3442 1544 3452 1580 τ
3489 1527 3641 1593 Quod
3671 1534 3762 1582 ta-

2109 1618 2469 1688 men,inquit,
2488 1616 2825 1672 addidimus
2840 1615 2997 1673 sicut
3012 1615 3361 1685 quibusdam
3376 1616 3513 1671 aliis
3533 1616 3591 1668 in
3610 1616 3759 1671 locis

352 1706 653 1761 ornandus
685 1708 756 1762 sit
800 1725 812 1773 ;
850 1711 921 1763 ad
952 1726 1097 1779 quos
1142 1708 1393 1780 pertinet
1442 1710 1614 1763 Joan.
1662 1707 1996 1769 Hentenius,
2029 1727 2072 1781 Β
2107 1707 2259 1763 idem
2273 1707 2527 1777 fecimus,
2547 1706 2776 1776 quodin
2792 1707 2928 1761 aliis
2958 1704 3396 1775 exemplaribus
3422 1710 3476 1759 et
3508 1705 3565 1757 in
3591 1706 3759 1759 Com-

354 1795 452 1865 qui
470 1795 529 1849 in
560 1796 727 1866 epist.
761 1812 1019 1866 nuncup.
1046 1796 1239 1865 refert,
1273 1796 1543 1868 plurimis
1567 1802 1863 1851 auctorem
1895 1795 1999 1849 hu-

346 1883 447 1952 jus
478 1884 709 1939 Catenae
740 1885 929 1940 visum
971 1885 1150 1939 fuisse
1197 1885 1643 1942 (Ecumenium.

426 1971 539 2026 Sed
566 1988 703 2026 cum
734 1973 874 2027 illud
890 1973 1115 2028 videtur
1147 1975 1403 2028 maxime
1425 1974 1773 2041 ambiguum
1798 1973 1889 2036 sit,
1924 1974 2003 2028 ita

353 2074 465 2114 nec
494 2060 706 2115 certius
747 2061 885 2131 quid
915 2062 1124 2118 evincit
1144 2062 1393 2117 adducta
1419 2078 1454 2116 a
1480 2060 1638 2116 Rich.
1690 2060 1931 2116 Simone
1961 2061 1999 2115 Ι.

355 2163 409 2203 c.
427 2163 565 2218 pag.
592 2150 713 2214 410,
740 2151 1098 2221 conjectura,
1118 2150 1777 2221 qua,Theophylactum
1804 2156 2001 2205 aucto-

353 2251 480 2291 rem
521 2254 649 2291 esse
682 2238 792 2293 sibi
809 2239 1137 2310 persuadet.
1174 2238 1281 2305 Qui
1313 2239 1473 2293 enim
1508 2238 1658 2293 inter
1688 2243 2003 2309 utrumque

354 2325 662 2382 intercedit
690 2343 1036 2395 consensus,
1059 2328 1147 2383 vel
1176 2345 1212 2383 a
1244 2330 1684 2399 Chrysostomo,
1714 2333 2001 2398 tanquam

356 2416 663 2470 communi
680 2416 856 2481 fonte,
871 2417 1059 2483 ﬂuxit,
1088 2417 1176 2473 vel
1198 2417 1243 2471 si
1260 2417 1619 2486 singularem
1650 2415 2004 2486 dogmatum

356 2504 763 2574 quorumdam
784 2507 1179 2561 tractationem
1213 2511 1455 2577 spectes,
1471 2522 1505 2559 a
1523 2504 1802 2560 stabilitis
1824 2505 1882 2559 in
1902 2507 2006 2559 Ec-

357 2591 539 2647 clesia
556 2592 831 2649 Orientali
853 2595 990 2648 ﬁdei
1009 2594 1322 2666 capitibus.
1352 2596 1563 2648 Verum
1582 2593 1799 2664 saepius
1818 2592 2007 2648 disce-

358 2679 495 2735 dere
522 2682 901 2753 Euthymium
929 2682 1408 2754 aTlieOphylacto
1432 2682 1642 2737 cumin
1665 2682 2006 2753 interpreta-

358 2768 536 2833 tione,
574 2775 697 2825 tum
718 2772 779 2825 in
808 2770 1075 2838 lectione,
1104 2770 1375 2842 exempla
1406 2769 1812 2840 comprobant.
1838 2770 1925 2825 Ita
1953 2784 2004 2822 e.

359 2874 408 2912 c.
457 2874 593 2913 cum
650 2859 1083 2931 Theophylacto
1136 2860 1373 2932 quidem
1414 2864 1471 2913 et
1532 2858 1656 2912 aliis
1700 2858 2008 2913 codicibus

360 2947 658 3017 conspirat
684 2948 745 3002 in
766 2948 1114 3004 lectionibus
1145 2948 1415 3019 supra(.’c)
1436 2947 1779 3001 memoratis
1810 2946 2005 3002 Matth.

361 3051 436 3101 in,
498 3036 557 3089 11
596 3053 691 3103 ;v,
744 3037 854 3101 47;
914 3037 1053 3100 Luc,
1113 3053 1207 3103 vn,
1265 3038 1323 3092 31
1357 3042 1408 3091 et
1457 3036 1604 3090 aliis.
1664 3035 1832 3090 llaud
1875 3050 2009 3090 raro

360 3125 560 3177 tamen
583 3123 866 3194 singulari
882 3124 1128 3181 lectione
1144 3124 1383 3196 gaudet,
1416 3124 1477 3179 in
1494 3123 1855 3195 quibusdam
1889 3129 2011 3178 tan-

361 3211 676 3267 tummodo
705 3216 768 3268 N.
811 3216 869 3268 T.
912 3213 1215 3269 codicibus
1246 3213 1417 3269 obvia
1453 3230 1465 3279 ;
1498 3218 1557 3266 ut
1585 3212 1755 3268 Joan.
1790 3212 2010 3273 νιιι.40,

364 3299 465 3354 ubi
496 3300 627 3356 loco
679 3304 821 3374 παρὰ
864 3310 953 3353 τοῦ
1014 3304 1128 3354 θεοῦ
1182 3301 1531 3372 Euthymius
1600 3301 1738 3371 legit
1792 3318 1805 3355 :
1864 3302 2014 3373 Παρά

362 3396 452 3440 τοῦ
504 3393 700 3463 πατρὸς
747 3392 915 3462 isque
983 3391 1168 3456 solus,
1223 3396 1280 3444 et
1334 3407 1455 3458 xm,
1506 3391 1595 3454 25,
1641 3389 1770 3445 voci
1826 3388 2012 3448 ἐκεῖνος

364 3476 495 3547 subj
507 3479 664 3547 ungit
681 3479 856 3538 οὓτως.
890 3478 1035 3533 Cum
1057 3492 1204 3547 ergo
1231 3480 1335 3533 ille
1360 3479 1724 3533 recumberet
1747 3478 1831 3531 ita
1848 3492 2016 3545 super

361 3573 556 3635 pectus
585 3568 745 3632 Jesu,
774 3572 887 3621 etc.
918 3567 1089 3631 Quod
1118 3568 1529 3636 interpretatur
1565 3587 1575 3620 :
1610 3566 1706 3621 Ita
1734 3566 1904 3619 sicuti
1932 3581 2016 3619 re-

364 3654 684 3719 cumbebat,
712 3656 819 3710 hoc
851 3662 1053 3711 estnon
1080 3657 1336 3711 elevatus
1358 3667 1381 3723 ;
1401 3655 1503 3709 sed
1527 3660 1756 3709 tantum
1783 3669 2017 3709 conver-

364 3758 479 3797 sus.
546 3742 821 3799 Similiter
849 3745 1025 3798 Joan.
1088 3760 1210 3808 XIX,
1265 3744 1349 3807 16,
1410 3742 1547 3811 legit
1599 3742 1797 3812 ἡγαγον
1852 3742 1917 3802 εἰς
1958 3745 2014 3793 τὸ

364 3836 701 3904 πραιτώριον.
758 3832 958 3889 Matth.
1018 3849 1138 3900 xm,
1193 3831 1282 3895 27,
1310 3832 1474 3886 deest
1524 3838 1598 3900 σῷ
1627 3832 1712 3901 (y)
1747 3836 1840 3898 ;et
1873 3830 2011 3885 Luc.

364 3936 423 3975 v.
470 3922 533 3973 19
557 3920 846 3975 omissum
888 3920 1391 3992 deprehendimus
1422 3917 1515 3972 διὰ
1546 3924 1683 3974 ante
1713 3923 1885 3979 ποίας.
1950 3920 2011 3973 It.

367 4008 508 4061 Luc.
534 4023 671 4073 xxu,
687 4012 775 4077 35,
804 4014 955 4063 recte
974 4024 1109 4063 cum
1125 4007 1301 4062 codd.
1319 4007 1681 4079 quibusdam
1697 4006 1910 4061 omittit
1929 4011 2017 4058 καὶ

366 4092 739 4167 ὑποδημάτων.
764 4096 876 4151 Sed
925 4098 1120 4152 cautio
1151 4097 1246 4151 hic
1272 4095 1611 4151 adhibenda
1671 4102 1763 4150 est
1796 4110 1866 4149 ac
1896 4095 2019 4150 dili-

368 4185 586 4259 gentia,
607 4190 935 4256 propterea,
956 4185 1113 4256 quod
1140 4184 1684 4240 omneslectionum
1710 4185 2019 4240 varietates

368 4273 613 4330 minime
653 4274 731 4329 ab
762 4274 1077 4346 Euthymio
1106 4273 1416 4345 proﬁcisci,
1450 4274 1553 4328 sed
1585 4272 1803 4328 multas
1824 4273 2020 4343 potius

444 4551 527 4617 (ας)
557 4551 695 4619 Pag.
726 4551 810 4604 16.
849 4552 993 4605 Sunt
1031 4555 1231 4605 autem
1257 4549 1349 4603 htB
1384 4565 1396 4602 :
1428 4548 1625 4619 Matth.
1652 4564 1731 4613 ui,
1763 4548 1821 4601 11
1850 4548 2021 4602 omit-

371 4616 517 4676 titur
539 4625 627 4694 καὶ
649 4616 813 4694 ἓτυρίζ
836 4622 1028 4694 N._37_,
1061 4620 1258 4690 φίλους,
1292 4635 1399 4690 pro
1445 4616 1711 4690 ἀδελφούς.
1757 4620 1892 4673 Luc.
1922 4635 2015 4683 vn,

372 4694 461 4755 3t,
495 4687 738 4759 absunt,
765 4688 871 4742 εἶπε
904 4687 961 4742 δὲ
1001 4692 1025 4740 ὁ
1058 4687 1258 4761 Κύριος.

443 4763 530 4829 ty)
566 4763 761 4817 Servat
786 4763 843 4816 id
879 4760 1333 4829 uterque'codex
1370 4775 1558 4813 meus.

443 4778 530 4829 ty)
566 4778 761 4817 servat
786 4778 843 4816 1a
879 4778 1005 4815 uter
1050 4778 1119 4813 ue
1152 4778 1333 4815 coaex
1370 4778 1558 4813 meus.

442 4834 517 4902 (ε)
550 4833 709 4887 Idem
740 4848 973 4957 quoque
1005 4778 1084 4911 3e
1112 4832 1386 4885 Parismis
1416 4831 1594 4887 codd.
1631 4830 1805 4885 refert
1835 4831 2021 4885 Simo—

442 4903 603 4957 us.ld
638 4904 754 4957 inte
783 4904 983 4957 lieitur
1012 4909 1187 4957 etiam
1231 4919 1295 4956 ex
1327 4902 1433 4956 hac
1457 4902 1708 4956 editione
1741 4906 1798 4954 et
1830 4918 1898 4954 ex
1927 4918 2021 4955 co-

372 4903 603 4958 nius.ld
638 4902 983 4971 intelligitur
1012 4902 1187 4957 etiam
1231 4919 1295 4956 ex
1327 4902 1433 4956 hac
1457 4902 1708 4956 editione
1741 4906 1798 4954 et
1830 4918 1898 4954 ex
1927 4918 2021 4955 co-

373 4974 608 5028 dicibus
649 4974 1116 5044 Mosquensibus.
1162 4973 1273 5029 Sed
1327 4976 1438 5027 ista
1498 4973 1904 5027 additamenta
1962 4974 2021 5027 in

376 5045 745 5114 marginibus
780 5045 1003 5099 scholia
1033 5050 1318 5114 spectant,
1356 5059 1476 5098 non
1518 5049 1877 5098 contextum.

443 5113 533 5185 (α)
546 5116 1029 5187 γΟοιῃρΙυΙεεῃερω
1046 5113 1366 5187 editionem
1392 5115 1705 5169 chtenius
1720 5113 1792 5187 ad
1815 5130 2023 5187 manus

376 5184 600 5251 habuit,
635 5184 853 5258 ex—qua
902 5187 1067 5241 etiam
1121 5186 1387 5258 disputat
1443 5192 1649 5239 contra
1702 5184 2019 5258 editionem

376 5258 619 5312 Erasmi.
643 5257 863 5327 Saepius
882 5259 1055 5313 etiam
1078 5257 1410 5311 versionem
1428 5258 1691 5310 Latinam
1712 5257 2024 5324 Vulgatam

377 5345 485 5400 pro
513 5329 831 5398 Euthymio
882 5330 1184 5400 expressit.
1220 5329 1279 5381 ln
1332 5344 1396 5381 eo
1428 5334 1629 5381 autem
1658 5332 1894 5382 secutus
1940 5333 2025 5381 est

377 5399 864 5455 consuetudinem
897 5399 1130 5453 illorum
1170 5404 1525 5467 temporum.

450 5471 529 5615 ἑὸς
560 5471 761 5525 Servat
790 5471 918 5525 haec
962 5477 1205 5541 uterque
1245 5470 1632 5540 Mosquensis.

475 5561 504 5600 c
561 5542 688 5597 Imo
724 5543 810 5598 68.

475 5542 529 5600 ci
561 5542 688 5597 Imo
724 5543 810 5598 68.

2105 1796 2269 1863 plut.
2310 1794 2553 1849 editione
2572 1793 2877 1850 habeatur.
2900 1793 3069 1848 Hisce
3096 1792 3287 1847 nmvis
3336 1792 3507 1847 facile
3529 1791 3757 1847 mederi

2109 1883 2437 1953 potuissent
2476 1882 2749 1947 editores,
2783 1882 2831 1936 si
2861 1886 3088 1937 textum
3142 1880 3443 1952 Euthymii
3490 1879 3761 1949 collegis-

2111 1976 2239 2025 sent
2267 1971 2866 2034 ecodicibusGraecis;
2895 1971 3225 2041 praesertim
3256 1968 3764 2024 Parisiensibuset

2111 2060 2470 2115 Barocciano
2489 2062 2574 2124 28,
2604 2059 2890 2130 quiMillio
2912 2058 3219 2129 quondam
3245 2059 3305 2113 in
3337 2057 3764 2129 conquirendis

2112 2148 2468 2204 lectionibus
2510 2164 2730 2217 magno
2761 2147 3110 2217 adjumento
3150 2146 3277 2203 fuit.
3319 2146 3463 2201 Illud
3512 2161 3762 2217 quoque

2113 2237 2419 2293 sciendum
2435 2244 2540 2303 est,
2556 2236 2939 2307 Euthymium
2978 2235 3118 2290 iisin
3138 2235 3297 2298 locis,
3319 2233 3419 2289 ubi
3439 2248 3759 2303 argumen-

2111 2332 2236 2381 tum
2268 2342 2329 2381 se
2368 2324 2558 2390 offert,
2592 2325 2749 2396 quod
2774 2325 2834 2380 in
2859 2324 2975 2380 alio
3002 2323 3364 2393 evangelista
3383 2323 3510 2393 jam
3545 2321 3759 2376 diluci-

2112 2414 2315 2469 datum
2339 2419 2483 2482 erat,
2503 2414 2894 2469 transmittere
2919 2412 3196 2468 lectorem
3231 2412 3309 2467 ad
3325 2411 3547 2466 dictam
3579 2425 3761 2480 expo—

2114 2503 2412 2567 sitionem,
2434 2502 2608 2558 citato
2629 2502 2911 2557 nimirum
2919 2502 3090 2571 juxta
3115 2501 3450 2555 Graecorum
3474 2502 3761 2571 supputa—

2115 2595 2336 2649 tionem
2365 2592 2590 2663 capite;
2615 2592 2780 2662 cujus
2817 2590 3112 2661 allegandi
3142 2590 3390 2646 rationis
3427 2588 3759 2644 secundum

2115 2682 2347 2751 majora
2389 2680 2639 2752 κεφάλαια
2712 2680 2989 2734 instituta;
3054 2676 3414 2734 mentionem
3493 2676 3763 2746 injiciens

2120 2770 2308 2825 Sixtus
2352 2768 2647 2837 Senensis,
2692 2767 2830 2822 Bibl.
2876 2770 2931 2823 S.
2985 2770 3041 2822 L.
3090 2768 3177 2831 ΙΙΙ,
3227 2782 3282 2837 ρ.
3346 2768 3468 2831 166,
3536 2765 3755 2820 refert:

2118 2858 2468 2929 Euthymius
2485 2873 2599 2923 seu,
2624 2862 2688 2911 ut
2718 2856 3072 2928 quibusdam
3104 2856 3356 2919 videtur,
3375 2854 3766 2909 OEcumenius

2118 2946 2423 3001 distribuit
2454 2946 2850 3016 Evangelium
2872 2944 3217 3000 Matthwiin
3244 2944 3443 2999 titulos
3464 2957 3565 2998 seu
3580 2943 3775 3010 capita

2122 3037 2193 3106 (ο)
2208 3036 2297 3089 86.
2315 3034 2655 3105 Cujusmodi
2668 3034 3071 3089 distinctiones
3084 3031 3247 3104 apud
3261 3034 3525 3087 Marcum
3540 3034 3778 3086 exstant

2119 3128 2188 3179 48
2216 3143 2233 3195 ;
2265 3126 2472 3179 Lucam
2494 3124 2563 3177 83
2596 3139 2608 3187 ;
2639 3125 2932 3179 Joannem
2959 3122 3218 3192 denique
3248 3123 3312 3174 18
3344 3137 3356 3186 ;
3400 3136 3520 3175 non
3569 3135 3781 3174 nume-

2120 3218 2251 3269 rata
2268 3212 2525 3268 sectione
2551 3212 2625 3267 de
2650 3211 2895 3267 muliere
2915 3211 2976 3265 in
2998 3209 3287 3265 adulterio
3311 3208 3768 3280 comprehensa,

2121 3319 2257 3373 quae
2271 3302 2532 3357 narratio
2544 3316 2892 3373 quanquam
2913 3315 2949 3354 a
2962 3298 3177 3355 Graecis
3190 3296 3537 3352 doctoribus
3552 3294 3775 3366 passim

2121 3390 2366 3453 omissa,
2394 3389 2468 3444 ab
2500 3389 2822 3460 Euthymio
2856 3386 3183 3458 explicatur
3212 3386 3317 3455 (d).
3365 3386 3561 3455 Neque
3592 3382 3769 3436 etiam

2122 3481 2374 3535 intactas
2385 3478 3015 3551 relinquitsententias,
3032 3476 3252 3549 quibus
3270 3480 3427 3530 stant
3440 3474 3539 3544 qui
3556 3472 3768 3527 Graecas

2124 3569 2394 3624 Ecclesia;
2424 3568 2694 3623 addictos
2727 3582 2855 3622 sese
2888 3566 3254 3637 profitentur.
3292 3561 3487 3627 Qualis
3517 3566 3605 3615 est
3644 3559 3769 3628 illa,

2123 3675 2259 3730 quae
2272 3657 2584 3730 progenuit
2608 3656 3045 3711 contentionem
3082 3655 3231 3709 inter
3275 3652 3508 3707 Graecos
3539 3654 3597 3705 et
3624 3649 3775 3705 Lati-

2124 3764 2236 3803 nos
2276 3747 2379 3802 diu
2422 3747 2557 3801 olim
2598 3746 2881 3815 agitatam
2917 3761 2929 3809 ;
2960 3760 3081 3816 quo
3114 3742 3335 3797 scilicet
3364 3741 3459 3796 die
3499 3740 3769 3794 Christus

2125 3852 2338 3906 agnum
2378 3835 2727 3908 paschalem
2774 3832 3145 3889 comederit?
3182 3846 3360 3904 porro
3394 3829 3665 3884 doctrina
3697 3827 3773 3881 de

2125 3939 2375 3996 operum
2388 3924 2773 3979 retributione
2787 3938 2905 3976 non
2920 3924 3119 3975 statim
3143 3936 3176 3974 a
3192 3918 3485 3987 mortecuj
3497 3916 3651 3971 usvis
3665 3915 3777 3969 ini-

2127 4015 2273 4069 tium
2291 4014 2579 4084 capiente,
2604 4012 2709 4066 sed
2727 4010 3059 4065 differenda
3080 4008 3157 4064 ad
3175 4005 3547 4077 diemjudicii
3570 4022 3582 4058 :
3607 4004 3779 4059 deni-

2126 4118 2243 4174 que
2258 4103 2435 4157 etiam
2453 4103 2526 4155 de
2551 4101 2769 4172 Spiritu
2785 4104 2991 4154 sancto
3005 4114 3040 4153 a
3066 4096 3193 4151 solo
3217 4099 3381 4151 Patre
3403 4094 3775 4166 procedente.

2128 4191 2222 4246 cui
2239 4190 2511 4263 opinioni
2532 4189 2839 4244 inhresisse
2859 4187 3209 4257 scriptorem
3231 4187 3505 4239 nostrum
3523 4185 3783 4251 arguunt

2128 4281 2280 4346 loca,
2313 4281 2535 4353 quibus
2568 4278 2849 4349 Spiritum
2878 4280 3157 4331 sanctum
3184 4290 3218 4329 a
3263 4274 3429 4329 Patre
3456 4269 3781 4343 procedere

2202 4538 2282 4619 (ιλ)
2310 4535 2484 4619 Addit
2512 4532 3036 4619 vero_E‘uthymius
3078 4531 3137 4585 in
3166 4529 3282 4619 ﬁne
3302 4544 3544 4619 lcavau
3571 4527 3775 4619 11921.9“:

2129 4598 2495 4665 Scireautem
2509 4611 2750 4673 oportet,
2780 4598 2925 4674 quod
2937 4618 3025 4665 ea,
3065 4618 3189 4674 qua
3210 4600 3278 4655 ab
3297 4600 3399 4654 hoc
3414 4598 3778 4674 toco_haben-

2132 4688 2244 4744 tur,
2275 4695 2452 4749 usque
2474 4668 2553 4733 ad
2577 4668 2873 4749 eum,q'uo
2900 4668 3128 4749 dicitur.
3148 4673 3364 4749 Iterum
3377 4685 3516 4740 ergo
3546 4668 3778 4749 locutus

2131 4739 2373 4807 est'illis‘
2398 4752 2579 4811 Jesus,
2612 4739 2819 4800 diceris
2846 4763 2858 4799 :
2890 4768 2917 4792 ι(
2955 4747 3070 4809 Ego
3106 4760 3237 4797 sum
3266 4742 3361 4796 lux
3392 4739 3621 4803 mundi,
3658 4758 3685 4787 »
3713 4739 3778 4791 in

2132 4820 2521 4877 exactioribus
2548 4816 2989 4885 exemplaribus
3006 4822 3104 4869 aut
3128 4830 3245 4867 non
3260 4813 3660 4885 inveniantur,
3676 4815 3780 4862 aut

2131 4894 2285 4948 obelo
2315 4894 2579 4959 con/ossa
2628 4883 2764 4951 sint,
2800 4903 2883 4953 eo,
2938 4887 3091 4955 quod
3138 4885 3429 4953 illegitima
3460 4883 3783 4959 uideantur

2134 4971 2184 5019 el
2226 4953 2450 5018 addita.
2470 4953 3165 5029 Ethuiusargmnentum
3194 4955 3469 5023 est,quod
3498 4953 3699 5029 uultus
3714 4966 3785 5005 ea

2134 5038 2204 5089 sit
2228 5023 2667 5101 interpretatus.
2701 5030 2811 5085 Sed
2826 5023 3207 5101 'minusreete
3227 5029 3545 5101 verborum
3576 5023 3788 5101 Euthy-

2134 5094 2849 5174 miisensumpercepisse
2878 5099 3104 5174 videtur
3140 5094 3787 5174 llenteiiiu_s,qiioniatn

2136 5178 2194 5230 in
2210 5176 2439 5230 duobus
2456 5164 2605 5228 mss.
2630 5164 2813 5226 codici
2826 5174 2952 5235 bus,
2971 5170 3102 5224 huic
3119 5167 3442 5237 exemplari
3456 5167 3527 5220 ad
3540 5164 3789 5237 modum

2138 5247 2448 5309 similibus,
2493 5262 2646 5315 quos
2696 5246 3128 5315 commemorat
3186 5235 3352 5315 ltiel}.
3409 5235 3704 5315 Simonpl.
3741 5250 3789 5287 c.

2137 5334 2296 5389 pag.
2320 5308 2442 5379 4'22,
2475 5308 2651 5369 verba
2698 5316 2776 5367 ita
2817 5329 2893 5389 se‘
2922 5313 3158 5389 habent.
3188 5308 3340 5389 iit-(28:
3372 5314 3456 5389 τὸγ
3488 5310 3796 5389 Χρυσὸστιο-

2137 5379 2387 5461 item“;
2430 5394 2783 5459 μνημονεῦσαι
2833 5383 2992 5452 αὐτῷ.
3058 5383 3149 5435 Ita
3204 5379 3473 5435 Noesselt
3527 5381 3589 5432 in
3648 5383 3792 5431 nota

2137 5460 2213 5515 ad
2253 5460 2310 5515 h.
2347 5460 2386 5513 l.
