3976 6222
144 245 204 298 33
1673 240 2072 308 ΡΒΑΞῨΑΤῙΟ,
3501 253 3574 307 34

144 369 382 431 asserit,
409 367 579 422 nulla
609 367 734 421 Filii
767 367 922 423 facta
952 367 1250 421 mentione
1265 368 1358 436 (e).
1399 365 1646 438 Reliqua
1675 384 1806 439 quae
1842 370 1886 422 A
1918 372 2013 422 net
2045 384 2081 424 a
2108 368 2409 423 nonnullis
2441 370 2756 442 Euthymio
2781 375 3118 444 ascriptam,
3153 375 3308 430 Rich.
3365 375 3571 432 Simon

146 456 451 527 Euthymii
483 457 730 510 nomine
755 454 1027 509 feruntur
1057 455 1294 525 scripta,
1328 455 1600 510 nondum
1633 456 1805 521 edita,

147 563 288 599 num
319 547 486 599 abeo
501 543 772 614 profecta
796 543 936 607 sint,
957 542 1328 613 exploratum
1352 560 1466 597 non
1494 544 1806 599 habemus.

150 635 304 688 Certe
333 633 498 704 quod
522 631 601 686 ad
622 631 1063 702 Expositionem
1085 631 1464 701 epistolarnm
1492 632 1654 686 Pauli
1685 633 1812 688 atti-

207 812 291 878 (ε)
320 811 402 864 lta
429 809 507 863 ad
535 809 713 864 Joan.
737 825 851 870 xw,
879 811 970 863 10.
1003 811 1066 863 Et
1094 807 1268 863 datur
1289 808 1532 880 quidem
1557 824 1592 863 a
1624 809 1810 865 Patre.

149 888 354 952 utpote
387 881 466 935 ab
491 880 594 935 illo
626 880 1248 952 procedens,mittitur
1263 896 1399 952 vero
1431 880 1620 934 aFilio
1641 882 1814 952 quasi

146 950 500 1021 cooperans,
533 957 591 1006 et
618 967 745 1005 non
777 951 1124 1005 contrarius.
1148 950 1428 1006 Similiter
1449 969 1502 1006 c.
1559 950 1812 1013 xv,‘26.:

147 1025 294 1077 Vide
320 1028 540 1080 autem.
569 1022 734 1093 quod
764 1021 1193 1092 mittitquidem
1217 1037 1353 1076 eum
1390 1022 1657 1085 etFilius,
1689 1028 1817 1077 tan-

1922 456 2063 510 Bibl.
2096 456 2217 510 crit.
2243 458 2314 510 de
2351 459 2430 511 Du
2467 459 2567 513 Pin
2596 460 2637 514 l.
2679 477 2724 513 c.
2760 477 2896 532 pag.
2919 463 3160 527 323,eos
3189 463 3569 535 Euthymium

1919 560 2054 598 cum
2086 547 2441 601 ()Ecumenio
2463 555 2863 604 commutasse
2885 551 3136 621 judicat.

1922 825 2105 880 quam
2137 809 2411 878 ejusdem
2444 827 2578 864 cum
2606 816 2767 866 Patre
2784 813 3021 867 honoris
3054 831 3294 880 ;verum
3316 817 3375 871 id
3403 835 3435 871 a
3468 819 3569 872 Pa-

1924 887 2007 934 tre
2033 886 2194 950 puta,
2243 881 2682 957 procedentem.
2737 884 3003 957 Procedit
3054 887 3254 957 itaque
3315 903 3351 942 a
3383 891 3568 952 Patre,

1928 957 2216 1077 tainquzlim
2275 953 2342 1005 de
2398 953 2520 1021 ejus
2580 955 2931 1010 substantia.
2979 953 3233 1013 Noesselt
3283 959 3346 1013 in
3400 959 3572 1013 Notis

1928 1039 1958 1075 α
2078 1061 2090 1072 .
2145 1064 2157 1075 .

1925 1039 2000 1075 αα
2031 1039 2090 1075 η.
2118 1039 2157 1075 ι.

591 1389 1158 1478 JOANNIS
1297 1384 1770 1474 ΗΕΝΤΕ]

1933 1385 1953 1470 [
2091 1385 3150 1480 MECHLINIENSIS

1404 1573 1780 1635 EPISTOLA
1826 1571 2349 1634 DEDICATORIA

220 1872 621 1929 illustrissimo
651 1887 727 1927 ac
757 1869 1254 1926 reverendissimo
1277 1867 1515 1924 domino
1547 1866 1610 1920 D.
1636 1868 1813 1920 Fran-
1846 1865 1887 1918 Β
1923 1863 2168 1919 humius
2189 1864 2528 1935 consul,qui
2543 1865 3010 1934 ignominiosam
3027 1885 3238 1940 pacem
3252 1889 3390 1928 cum
3411 1873 3580 1930 Clau-

163 1964 312 2019 cisco
361 1978 397 2016 a
450 1959 781 2016 Bovadilla
819 1959 1102 2030 episcopo
1155 1955 1474 2026 Cauriensi,
1530 1953 1817 2011 archidia-

168 2066 311 2107 cono
357 2050 666 2111 Toletano,
724 2053 835 2103 etc.
885 2047 1141 2102 Joannes
1216 2044 1533 2101 Hentenius
1589 2042 1816 2100 Mechli-

164 2139 389 2202 niensis,
422 2137 482 2192 S.
521 2138 588 2191 Ι).

222 2229 274 2283 Si
292 2228 515 2282 bonum
537 2241 614 2281 eo
628 2222 1006 2297 praestantius
1018 2237 1148 2276 esse
1167 2225 1396 2293 quanto
1417 2221 1814 2287 communius,

157 2333 325 2371 nemo
339 2322 430 2370 est
441 2315 538 2370 vel
551 2312 932 2369 mediocriter
948 2309 1154 2366 morali
1167 2309 1550 2382 philosophia
1571 2310 1818 2364 instruc-

157 2413 240 2460 tus
261 2405 369 2476 qui
384 2402 640 2466 dubitet,
656 2399 1269 2472 praesulamplissime,
1284 2399 1563 2454 virtutum
1583 2414 1652 2453 ac
1675 2398 1818 2453 litte-

157 2510 348 2548 rarum
383 2491 640 2546 antistes
672 2507 686 2553 ;
712 2505 833 2544 non
864 2489 971 2542 erit
1008 2487 1188 2542 etiam
1215 2487 1311 2557 qui
1340 2486 1622 2554 ambigat,
1657 2502 1817 2542 com-

154 2597 334 2635 mune
347 2580 588 2634 bonum
599 2578 836 2648 privato
847 2591 974 2630 esse
986 2574 1654 2646 prmponendumldque
1666 2575 1818 2630 adeo

155 2683 367 2722 verum
396 2671 514 2728 est,
543 2671 608 2719 ut
635 2664 815 2719 etiam
850 2662 1114 2719 Christus
1165 2662 1633 2718 sacratissimam
1656 2662 1818 2718 illam

157 2760 348 2811 vitam
401 2769 578 2808 suam
621 2751 792 2806 vilem
826 2750 1112 2815 habuerit,
1137 2766 1259 2822 quo
1292 2750 1566 2806 universo
1618 2751 1816 2821 generi

157 2845 447 2899 humano
458 2840 616 2894 salus
628 2839 912 2910 adempta
934 2839 1126 2910 possit
1145 2837 1386 2893 restitui.
1412 2841 1626 2894 Verum
1649 2854 1722 2893 ne
1734 2839 1820 2894 di-

156 2927 573 3002 catquispiam
589 2926 804 2983 Christi
816 2930 1215 2998 operautpote
1227 2926 1426 2981 divina
1439 2941 1818 2999 nequaquam

159 3023 218 3075 in
250 3032 582 3074 numerum
636 3030 768 3071 esse
817 3014 1146 3084 redigenda
1184 3030 1194 3067 :
1235 3029 1345 3082 age
1385 3018 1442 3070 et
1469 3015 1542 3069 ab
1569 3015 1818 3070 ethnicis

149 3123 390 3180 quoque
414 3119 648 3178 paucos
673 3103 749 3158 de
789 3103 1104 3157 innumeris
1133 3102 1478 3166 referamus,
1514 3103 1617 3174 qui
1644 3119 1816 3158 suam

1923 1950 2022 2006 dio
2055 1951 2258 2006 Pontio
2292 1952 2646 2008 Samnitium
2673 1954 2912 2011 ducead
2952 1957 3144 2013 furcas
3163 1960 3460 2016 Caudinas
3483 1978 3578 2034 pe-

1922 2039 2153 2110 pigerat
2167 2055 2234 2094 ac
2251 2039 2676 2111 spoponderat,
2693 2049 2894 2098 auctor
2910 2045 3020 2100 fuit
3035 2048 3578 2112 senatui,utsecum

1923 2126 2152 2197 collega
2181 2143 2251 2183 ac
2265 2128 2517 2183 tribunis
2547 2130 2648 2200 qui
2669 2136 2941 2186 auctores
2960 2136 3300 2204 sponsionis
3321 2136 3574 2204 fuerant,

1923 2230 2029 2286 per
2059 2215 2318 2271 fmciales
2344 2220 2539 2271 nudos
2565 2219 2911 2290 vinctosque
2926 2222 3292 2278 Samnitibus
3313 2224 3572 2291 dederet,

1923 2319 2044 2374 quo
2083 2304 2336 2374 populus
2365 2306 2672 2360 Romanus
2698 2307 2772 2360 ab
2801 2307 2902 2362 illa
2949 2325 3092 2378 pace
3124 2311 3466 2366 solveretur.

1995 2394 2061 2456 Ο.
2123 2391 2376 2446 Ceditius
2440 2395 2712 2449 tribunus
2785 2396 3061 2463 militum,
3112 2415 3292 2469 quem
3351 2401 3580 2456 videtur

1923 2481 2082 2536 Titus
2099 2481 2293 2535 Livius
2319 2482 2744 2553 Calphurnium
2780 2486 3106 2541 Flammam
3126 2506 3357 2553 vocare,
3387 2491 3578 2562 primo

1929 2567 2081 2622 bello
2115 2568 2332 2623 Punico
2389 2585 2528 2624 cum
2566 2571 3022 2641 quadringentis
3059 2575 3343 2630 militibus
3375 2578 3485 2641 vel,
3516 2583 3581 2632 ut

1925 2656 2102 2711 habet
2123 2656 2342 2727 Livius,
2369 2674 2506 2712 cum
2535 2661 2832 2729 trecentis,
2865 2663 2977 2716 nisi
3010 2663 3278 2718 fortassis
3302 2665 3398 2720 hic
3428 2666 3579 2721 alius

1925 2744 2116 2807 fuerit,
2150 2747 2325 2800 morti
2353 2763 2414 2800 se
2446 2747 2687 2802 tradidit
2715 2764 2727 2801 :
2765 2750 2993 2805 utdum
3039 2751 3098 2805 in
3130 2768 3251 2816 eos,
3283 2753 3578 2810 tumulum

1925 2833 2251 2904 quemdam
2309 2835 2628 2906 capientes,
2686 2843 3091 2894 averterentur
3149 2841 3351 2897 hostes
3402 2843 3579 2912 legio-

1925 2936 2032 2974 nes
2088 2936 2222 2976 cum
2264 2921 2612 2977 consulibus
2666 2924 3104 2991 circumventae,
3152 2927 3483 2985 incolumes
3508 2946 3581 2986 ex

1924 3007 2230 3063 obsidione
2270 3009 2555 3075 liberatae,
2612 3015 3055 3082 pertransirent.
3093 3017 3292 3072 Simile
3343 3035 3582 3090 quoque

1925 3096 2047 3164 egit
2063 3096 2555 3152 Deciustribunus
2574 3100 2827 3155 militum
2843 3117 2980 3157 cum
2995 3106 3242 3160 consule
3256 3107 3313 3160 P.
3347 3107 3581 3163 Valerio

152 3208 530 3265 suorumque
547 3192 730 3247 vitam
743 3190 1046 3246 communi
1062 3191 1225 3246 bono
1240 3191 1737 3262 posthabuerunt.
1753 3192 1816 3246 In
1854 3201 1895 3256 (ς,
1923 3185 2193 3247 Corvino,
2219 3185 2461 3253 junctus
2479 3187 2730 3242 hastatis
2746 3190 2922 3243 unius
2948 3190 3194 3258 legionis
3211 3195 3582 3266 (quanquam

152 3284 361 3356 primis
384 3288 592 3338 autem
606 3279 900 3336 occurritJ
908 3278 1080 3333 unius
1104 3278 1199 3333 ille
1216 3279 1441 3345 Brutus,
1462 3279 1694 3349 primus
1710 3283 1817 3335 Ro-

145 3387 344 3427 manae
373 3368 671 3426 libertatis
702 3370 981 3436 assertor,
1018 3366 1119 3436 qui
1151 3366 1428 3436 proprios
1449 3365 1625 3430 ﬁlios,
1650 3367 1814 3438 quod

145 3461 408 3516 fuissent
433 3455 671 3513 consilii
707 3454 780 3510 de
811 3453 1165 3509 reducendis
1211 3453 1450 3525 regibus
1475 3455 1813 3540 participes,

150 3549 346 3604 securi
373 3547 560 3617 jussit
590 3543 840 3615 percuti:
873 3543 1108 3599 tametsi
1140 3557 1210 3597 ex
1228 3558 1436 3598 eorum
1466 3544 1627 3599 caede
1649 3546 1817 3614 gravl

146 3639 270 3708 ipse
304 3634 686 3690 sauciaretur
707 3629 952 3686 vulnere
983 3648 996 3694 ;
1027 3629 1168 3702 quis
1205 3630 1365 3686 enim
1393 3647 1562 3687 amor
1591 3631 1817 3704 aequari

149 3727 344 3798 possit
370 3728 616 3794 patrum
645 3733 788 3787 erga
803 3718 973 3782 ﬁlios,
999 3717 1234 3773 amori?
1257 3720 1376 3774 Nec
1393 3718 1452 3772 id
1477 3735 1619 3775 sane
1638 3720 1818 3788 Virgi-

149 3815 302 3870 lium
331 3811 531 3877 latuit,
561 3809 665 3878 qui
695 3807 769 3862 de
796 3821 866 3862 eo
891 3807 1152 3877 loquitur
1184 3805 1242 3860 in
1269 3807 1430 3861 hunc
1457 3808 1694 3862 modum
1731 3825 1741 3860 :

159 3905 256 3957 Vis
286 3909 344 3956 et
384 3897 747 3967 Tarquinios,
779 3908 942 3964 reges
973 3895 1338 3967 animamque
1366 3897 1672 3964 superbam

161 3972 388 4045 Ultoris
420 3965 612 4045 Bruti,
640 3968 950 4045 fascesque
975 3965 1170 4045 uidere
1189 3974 1442 4034 receptos
1474 3970 1502 4021 7

152 4044 425 4100 Consulis
457 4038 762 4108 imperium
795 4037 891 4092 hic
921 4037 1142 4104 primus
1167 4053 1460 4108 saevasque
1488 4053 1712 4093 secures

151 4115 424 4181 Accipiet
458 4127 470 4166 :
507 4107 786 4179 natosque
809 4112 1153 4181 pater‘nova
1186 4107 1337 4163 bella
1358 4115 1642 4181 moventes

155 4187 245 4239 Ab
260 4178 495 4253 prmum
519 4178 774 4248 pulchra
793 4193 910 4253 pro
932 4178 1199 4253 libertate
1213 4179 1438 4234 vocabit

158 4250 410 4324 Infelix,
444 4251 970 4324 utcunqueferent
996 4264 1060 4324 ea
1083 4250 1512 4324 facta_nepotes
1541 4269 1553 4306 :

161 4320 370 4381 Vincet
395 4339 571 4380 amor
595 4320 827 4390 patriae,
881 4320 1233 4391 laudumque
1254 4321 1538 4377 immensa
1588 4322 1815 4391 cupido.

223 4435 280 4488 P.
309 4431 528 4487 Decius
553 4427 686 4483 Mus
715 4442 855 4482 cum
877 4425 1121 4482 consule
1151 4428 1214 4482 1‘.
1257 4427 1490 4497 Manlio,
1521 4429 1820 4500 Torquato

1925 3273 2036 3326 hos
2070 3270 2310 3327 fortuna
2339 3272 2698 3344 liberaverit)
2731 3290 2805 3329 ne
2823 3276 3023 3331 hostes
3049 3280 3344 3334 Samnites
3383 3283 3444 3336 in
3473 3298 3578 3336 eos

1924 3366 2280 3431 pugnarent.
2316 3363 2467 3415 [nter
2521 3362 2998 3419 Lacedtemonios
3043 3366 3254 3436 ingens
3285 3377 3374 3423 est
3401 3370 3580 3440 hujus

1926 3447 2089 3502 modi
2148 3450 2316 3518 copia
2375 3449 2787 3521 exemplorum
2823 3471 2835 3510 :
2871 3469 3079 3510 verum
3116 3457 3397 3528 praecipui
3451 3474 3579 3512 sese

1924 3536 2069 3590 mihi
2093 3536 2349 3591 offerunt
2365 3538 2535 3592 Buris
2559 3544 2614 3594 et
2635 3541 2878 3611 Spartis,
2899 3542 2996 3612 qui
3028 3544 3105 3598 ad
3135 3548 3356 3601 Xerxen
3379 3549 3580 3603 Persa-

1924 3641 2060 3680 rum
2075 3641 2274 3695 regem
2298 3631 2507 3697 sponte
2535 3630 2778 3699 profecti
2797 3636 2962 3686 sunt:
2991 3634 3182 3689 daturi
3201 3651 3409 3705 poenas
3431 3653 3582 3708 quas

1927 3713 2358 3769 Lacedaemonii
2377 3715 2547 3785 juxta
2567 3732 2708 3772 orac
2720 3718 2816 3773 ulu
2829 3737 2884 3774 m
2904 3723 3161 3791 pendere
3175 3723 3495 3789 debebant,
3512 3742 3583 3781 eo

1925 3802 2090 3874 quod
2122 3803 2402 3859 Oratores
2442 3821 2478 3858 a
2502 3806 2676 3860 Persa
2702 3807 2916 3861 missos
2955 3811 3329 3867 occidissent.
3352 3815 3414 3868 Hi
3442 3830 3584 3885 ergo

1927 3906 2055 3944 cum
2098 3890 2174 3944 ad
2207 3894 2422 3946 Xerxen
2445 3893 2761 3959 venissent,
2789 3897 3096 3966 jusserunt
3137 3905 3198 3955 ut
3229 3916 3289 3955 se
3320 3917 3585 3972 quocun-

1926 3993 2042 4048 que
2073 3981 2250 4032 modo
2283 3980 2595 4046 videretur,
2648 3998 2756 4054 pro
2805 3985 3264 4043 Lacedaemoniis
3304 3990 3588 4046 interfice-

1929 4073 2031 4120 ret.
2062 4067 2330 4139 Cumque
2376 4085 2475 4123 rcx
2507 4070 2790 4140 pietatem
2849 4072 2908 4127 in
2939 4078 3195 4144 patriam
3230 4077 3583 4146 admiratus,

1929 4155 2387 4228 animorumque
2419 4157 2842 4231 fortitudinem,
2864 4162 3308 4221 liberassetillos
3326 4182 3362 4222 a
3388 4183 3586 4238 pcena,

1930 4249 2264 4315 peteretque
2297 4252 2359 4299 ut
2398 4248 2563 4316 apud
2595 4265 2658 4302 se
2689 4257 2997 4306 manerent
3045 4271 3056 4307 :
3094 4253 3206 4318 Qui
3236 4270 3586 4325 possumus,

1927 4330 2216 4401 inquiunt,
2251 4332 2346 4387 hic
2376 4333 2587 4402 vivere,
2620 4336 2826 4392 relicta
2859 4341 3064 4407 patria,
3111 4343 3432 4413 patriisque
3455 4343 3591 4415 legi-

1929 4419 2042 4473 bus
2070 4434 2140 4474 ac
2155 4418 2313 4484 viris,
2331 4435 2584 4491 quorum
2618 4425 2809 4491 gratia
2827 4427 3060 4482 tantum
3093 4428 3200 4483 iter
3213 4431 3590 4503 suscepimus

150 4530 364 4579 contra
379 4519 625 4575 Latinos
658 4531 960 4589 pugnans,
976 4531 1112 4570 cum
1131 4531 1495 4587 responsum
1521 4523 1821 4574 essetora-
1858 4545 1900 4598 ι)
1931 4507 2200 4598 morituri
2231 4508 2258 4562 ?
2279 4509 2429 4573 Quid
2469 4510 2641 4566 Codri
2668 4513 3119 4572 Atheniensium
3146 4519 3300 4588 regis
3332 4526 3587 4578 mortem

149 4614 307 4676 culo,
343 4609 544 4665 utrius
573 4606 864 4663 exercitus
894 4603 1217 4676 imperator
1245 4604 1506 4674 legiones
1534 4605 1818 4672 hostium,

157 4717 340 4774 seque
374 4711 559 4769 super
603 4710 708 4750 eas
739 4693 1104 4757 devovisset,
1132 4693 1260 4762 ejus
1292 4694 1487 4764 populi
1515 4695 1823 4766 partisque

158 4789 278 4845 fore
316 4785 642 4844 victoriam
673 4798 686 4848 ;
713 4797 779 4837 se
813 4781 1016 4852 ipsum
1043 4796 1154 4852 pro
1195 4781 1502 4837 communi
1532 4783 1821 4839 exercitus

162 4881 350 4936 salute
380 4874 651 4932 devovit.

233 4969 529 5038 Idemque
559 4961 696 5018 fecit
721 4959 1019 5030 filiusejus
1036 4958 1249 5015 eodem
1269 4959 1605 5030 appellatus
1633 4961 1824 5016 nomi-

166 5075 247 5120 ne.
278 5073 423 5114 cum
448 5056 583 5126 jam
615 5050 855 5106 tertium
881 5047 1090 5104 consul
1120 5047 1348 5110 fuisset,
1378 5049 1678 5121 semelque
1695 5065 1824 5104 cen-

169 5163 255 5202 sor
287 5167 296 5201 :
333 5158 604 5218 quorum
637 5139 822 5194 etiam
862 5137 951 5191 his
973 5135 1172 5192 verbis
1199 5141 1375 5207 poeta
1401 5139 1669 5194 meminit
1702 5157 1712 5191 :

182 5235 316 5299 Quin
348 5234 561 5291 Decios
599 5231 937 5297 Drusosque
962 5226 1164 5308 simut,
1213 5239 1542 5308 scarumque
1563 5229 1754 5308 securi

183 5298 366 5377 Aspice
403 5306 771 5374 Torquatum
797 5306 850 5354 et
881 5298 1227 5366 referentem
1257 5298 1431 5368 signa
1469 5299 1814 5356 Camillum.

240 5396 459 5451 Marcus
491 5389 738 5448 Curtius
757 5392 1038 5459 praeterea
1066 5385 1146 5441 ob
1184 5385 1391 5457 populi
1421 5385 1673 5442 salutem
1699 5403 1826 5444 sese

181 5496 326 5554 equo
351 5485 657 5540 invectum
683 5479 749 5533 in
778 5483 944 5532 terra:
995 5477 1228 5532 hiatum
1254 5476 1478 5547 injecit.
1539 5479 1639 5549 Sp.
1662 5479 1824 5534 Post-

1931 4596 2204 4661 referam,
2256 4598 2531 4669 quicum
2583 4600 2802 4658 videret
2857 4603 3164 4672 regionem
3211 4623 3386 4664 suam
3433 4609 3590 4666 ferro

1931 4685 2170 4757 ignique
2194 4688 2439 4753 vastari,
2468 4703 2578 4744 nec
2609 4690 2728 4746 alio
2751 4692 2922 4748 modo
2949 4694 3121 4763 juxta
3145 4697 3432 4768 Apollinis
3461 4715 3593 4755 ora-

1933 4775 2135 4830 culum
2163 4781 2290 4832 tam
2321 4792 2500 4846 grave
2541 4779 2765 4835 bellum
2802 4781 3024 4839 discuti
3071 4791 3295 4856 posset,
3328 4787 3442 4842 nisi
3465 4788 3592 4858 ipse

1932 4863 2197 4919 hostium
2227 4880 2413 4920 manu
2441 4868 2771 4939 occidisset,
2797 4869 2979 4942 idque
2995 4887 3119 4928 non
3147 4874 3339 4930 solum
3367 4876 3428 4931 in
3454 4877 3590 4932 totis

1932 4951 2378 5008 Atheniensium
2410 4956 2634 5026 castris,
2675 4958 2780 5012 sed
2810 4960 2986 5015 etiam
3018 4960 3080 5016 in
3125 4964 3437 5019 contrariis
3464 4981 3590 5036 per-

1933 5039 2279 5106 crebuisset,
2339 5043 2584 5115 ideoque
2610 5046 2867 5102 edictum
2921 5055 3094 5112 esset,
3129 5067 3204 5107 ne
3233 5053 3370 5123 quis
3420 5054 3590 5109 Codri

1933 5144 2148 5200 corpus
2205 5131 2543 5188 vulneraret
2599 5136 2882 5206 depositis
2931 5139 3163 5209 imperii
3227 5139 3588 5211 insignibus,

1932 5216 2290 5276 familiarem
2320 5221 2777 5288 induitcultum,
2813 5241 2879 5279 ac
2898 5226 3231 5298 palantium
3265 5229 3442 5298 globo
3462 5245 3592 5286 sese

1933 5307 2165 5375 objecit,
2219 5323 2525 5380 unumque
2572 5327 2644 5366 ex
2703 5312 2787 5367 liis
2840 5313 2989 5369 falce
3022 5332 3379 5388 percussum
3409 5320 3469 5372 in
3501 5321 3591 5373 sui

1935 5394 2162 5451 caedem
2189 5397 2488 5468 compulit,
2516 5404 2579 5455 ut
2603 5402 2860 5472 patriam
2875 5411 3129 5460 servaret
3162 5425 3173 5473 ;
3206 5407 3387 5476 hujus
3414 5407 3588 5476 siqui-

1939 5483 2082 5537 dem
2103 5483 2363 5548 interitu,
2395 5503 2470 5542 ne
2496 5489 2740 5545 Athenae
2771 5493 3113 5550 occiderent
3161 5494 3428 5550 effectum
3474 5498 3590 5549 est.
