3976 6222
409 255 478 309 35
1919 255 2318 319 ΡΒΑΞΡΑΤΙΟ.

3754 292 3823 348 36

483 382 626 437 Huic
663 382 790 453 jam
822 382 905 438 rei
946 383 1126 438 ﬁnem
1152 383 1479 456 imponam,
1523 385 1574 439 si
1608 382 1771 456 prius
1799 381 2054 438 hominis
2084 384 2127 435 A
2165 399 2301 441 men
2336 403 2471 444 cum
2530 396 2785 463 posteris
2854 398 3007 455 adeo
3042 402 3181 459 utile
3209 420 3277 460 ac
3336 408 3822 480 amplectendum

407 471 863 543 ethnici,nempe
888 472 1179 527 Ciceronis
1200 474 1280 527 De
1294 475 1517 528 somnio
1536 473 1803 543 Scipionis
1824 473 2048 529 dictum

405 574 541 614 vere
575 560 971 614 Christianum
1009 560 1079 614 de
1107 562 1433 616 communis
1468 562 1608 616 boni
1645 560 2049 629 magnitudine

402 647 672 711 retulero,
702 647 804 718 qui
847 648 929 702 sic
966 648 1045 702 ait
1078 668 1141 706 :«
1178 648 1304 714 Quo
1345 651 1445 714 sis,
1474 650 1767 717 Africane,
1804 649 2050 703 alacrior

404 737 481 791 ad
518 737 828 792 tutandam
870 736 1319 808 rempublicam,
1353 738 1437 792 sic
1472 737 1727 795 habeto:
1767 737 2049 793 omnibus

402 826 502 895 qui
544 825 797 896 patriam
838 825 1333 893 conservaverint,
1367 825 1715 897 adjuverint,
1756 825 2041 889 auxerint,

402 917 624 969 certum
662 929 787 968 esse
817 914 877 967 in
909 913 1058 969 coelo
1080 930 1144 968 ac
1167 914 1471 969 deﬁnitum
1503 914 1723 977 locum,
1761 915 1853 969 ubi
1888 914 2046 969 beati

400 1018 522 1057 aevo
542 1004 902 1073 sempiterno
916 1003 1199 1058 fruantur.
1222 1003 1409 1059 »Nihil
1424 1004 1774 1060 estenimilli
1789 1004 1927 1067 Deo,
1942 1003 2045 1074 qui

397 1108 633 1147 omnem
661 1093 819 1147 hunc
842 1092 1135 1146 mundum
1160 1091 1327 1160 regit,
1357 1091 1518 1162 quod
1536 1092 1782 1163 quidem
1802 1094 1861 1145 in
1878 1092 2045 1146 terris

395 1182 514 1242 ﬁat,
549 1181 866 1251 acceptius,
894 1195 1080 1251 quam
1125 1179 1381 1235 concilia
1406 1183 1709 1251 coetusque
1734 1180 2042 1234 hominum

394 1270 523 1339 jure
546 1269 768 1332 sociati,
787 1284 915 1339 quia
949 1268 1258 1323 societates
1276 1268 1651 1338 appellantur
1675 1284 1686 1321 :
1721 1269 1937 1322 harum
1953 1282 2045 1322 re-

402 1361 591 1411 ctores
612 1363 665 1412 et
709 1360 1154 1411 conservatores
1174 1356 1311 1410 hinc
1338 1355 1729 1425 profecti,huc
1756 1362 2043 1410 reverten-

390 1451 506 1499 tur.
540 1446 649 1503 His
674 1446 871 1514 igitur,
897 1444 999 1516 qui
1016 1440 1107 1499 vel
1132 1444 1356 1514 seipsos
1376 1443 1595 1501 fortiter
1619 1457 1721 1513 pro
1738 1444 2043 1513 republica

392 1536 567 1589 morti
594 1534 981 1597 tradiderunt,
1013 1539 1113 1587 aut
1144 1533 1202 1586 in
1230 1532 1359 1601 ejus
1388 1532 1700 1587 utilitatem
1725 1537 1911 1586 artem
1941 1532 2041 1586 ali-

388 1638 571 1693 quam
584 1622 970 1693 quantumvis
984 1622 1160 1675 etiam
1175 1620 1519 1675 illiberalem
1535 1636 1602 1675 ac
1616 1620 2034 1687 sedentariam,

2161 474 2493 574 reliquisset
2516 496 2697 574 lopus,
2736 490 2899 543 tanta
2956 490 3063 546 fuit
3100 493 3287 548 animi
3332 474 3625 557 modestia
3655 506 3821 574 quod

2161 568 2337 659 etiam
2368 569 2592 636 passim
2624 586 2693 627 ex
2725 575 2853 643 ejus
2908 579 3140 650 scriptis
3188 581 3314 637 luce
3337 584 3553 642 clarius
3574 568 3820 663 est-per-

2159 657 2383 747 spicere
2416 660 2479 710 ut
2504 657 2615 711 sibi
2647 658 2699 712 id
2735 663 2885 717 adeo
2910 681 3029 720 non
3082 668 3488 735 vindicaverit,
3515 657 3816 747 quod'nec

2156 741 2465 841 pro-prium
2498 760 2703 802 nomen
2737 752 3135 822 adjiciendum
3165 762 3481 824 censuerit,
3509 741 3612 819 sed
3632 768 3809 841 Chry-

2156 829 2405 921 sostomi
2434 834 2623 902 potius
2671 854 2797 893 cum
2854 846 3098 907 cmteris,
3133 861 3393 917 quorum
3440 850 3696 921 ingenue
3723 829 3810 914 fa-

2155 916 2384 972 tebatur
2410 936 2535 977 esse
2580 927 2906 1017 potissima,
2950 949 3076 1002 quae
3110 916 3169 988 in
3205 952 3387 993 unum
3417 916 3540 1011 ipse
3571 945 3807 1017 collegit

2154 1018 2490 1106 quanquam
2514 1017 2568 1066 et
2603 1014 2729 1085 ipse
2779 1033 2886 1073 suo
2929 1028 3113 1077 marte
3143 1024 3400 1094 plurima
3430 1046 3560 1102 quae
3583 1039 3637 1089 et
3666 1014 3806 1106 prse-

2155 1096 2515 1153 stantissima
2538 1108 2719 1167 erant,
2783 1106 3155 1175 adjunxerat,
3206 1119 3268 1167 ut
3328 1096 3469 1172 hinc
3521 1096 3803 1191 conjicias

2154 1187 2445 1272 quantum
2471 1189 2668 1245 animo
2690 1193 3093 1252 dissideretab
3121 1199 3189 1252 iis
3211 1203 3311 1272 qui
3334 1203 3391 1258 in
3418 1187 3665 1265 modum
3682 1230 3806 1269 cor-

2156 1269 2366 1367 niculaa
2397 1273 2605 1331 alienis
2637 1296 2763 1335 sese
2778 1290 2993 1338 ornant
3015 1269 3653 1364 acvenditantplumis.
3676 1301 3806 1357 Plu-

2154 1371 2319 1445 rimis
2349 1377 2493 1417 sane
2548 1372 2749 1423 auctor
2772 1370 2869 1425 hic
2932 1372 3111 1429 fuisse
3154 1377 3385 1435 videtur
3416 1383 3804 1445 (Ecumenius

2151 1443 2218 1544 is,
2383 1451 2595 1544 similia
2625 1458 3065 1516 Commentaria
3094 1480 3165 1519 ex
3198 1466 3422 1524 eisdem
3447 1473 3681 1544 collegit
3703 1443 3804 1533 au;

2150 1535 2432 1635 ctoribus,
2470 1538 2527 1593 in
2559 1547 2700 1597 Acta
2739 1548 3166 1616 apostolorum,
3225 1554 3281 1607 in
3320 1535 3630 1627 Epistolas”
3662 1580 3800 1635 quae

2149 1620 2460 1723 Catholicae
2490 1640 2933 1701 nuncupantur,
2984 1654 3052 1692 ac
3078 1640 3135 1692 in
3170 1620 3444 1699 Paulin-as
3478 1620 3710 1723 omnes,
3738 1620 3801 1710 ut

388 1712 510 1800 sive
537 1710 925 1800 quidpiamin
941 1725 1011 1763 ea
1033 1708 1399 1800 praecipuum
1420 1709 2036 1800 gratumqueposteris
2071 1724 2114 1778 Β
2145 1710 2694 1800 certisquibusdam
2709 1728 3076 1791 argumentis
3104 1729 3413 1800 colligitur,
3434 1738 3667 1795 etiamsi
3691 1708 3798 1798 ᾗδὲ

388 1798 831 1860 adinvenerunt,
862 1798 1017 1851 vices
1045 1798 1369 1867 rependere
1400 1796 1646 1866 cupiens
1670 1796 2030 1867 antiquitas:

388 1890 440 1940 et
470 1902 591 1956 qua
615 1886 830 1949 liceret,
848 1891 1197 1957 perpetuam
1218 1899 1424 1938 eorum
1441 1884 1781 1939 memoriam
1806 1884 2033 1939 abinte-

382 1974 496 2029 ritu
508 1974 830 2039 vindicare,
852 1978 1080 2029 statuas
1092 1988 1276 2027 aereas
1296 1988 1399 2026 seu
1413 1987 1747 2027 marmorea
1759 1972 2031 2043 sepulcra

381 2062 581 2119 erexit.
615 2064 897 2119 Prmterea
951 2061 1322 2116 ethnicorum
1346 2061 1521 2116 libros
1550 2061 1769 2131 ingenti
1796 2060 2031 2116 redem-

383 2158 517 2222 ptos
544 2152 729 2223 pretio
759 2166 980 2219 magna
1011 2150 1125 2205 ﬁde
1148 2149 1240 2205 vel
1274 2149 1555 2219 religione
1584 2149 1782 2220 potius
1810 2148 2029 2206 descri-

380 2244 529 2311 ptos,
561 2240 816 2295 cedrinis
856 2239 1105 2294 inclusos
1157 2238 1433 2309 capsulis,
1491 2243 1617 2294 tum
1667 2238 1823 2294 cedri
1851 2255 2028 2296 succo

381 2329 612 2397 oblitos,
643 2329 857 2399 posteri
880 2328 937 2382 in
972 2327 1209 2398 templis
1242 2327 1579 2383 cautissime
1610 2327 1981 2398 reponebant
2012 2345 2024 2383 :

380 2418 597 2489 partim
624 2422 686 2472 ut
722 2418 801 2473 rei
833 2422 952 2472 tam
984 2432 1188 2480 sacrm,
1221 2422 1462 2487 tamque
1511 2416 1723 2470 divina:
1753 2416 2027 2473 custodia

380 2521 501 2561 non
516 2506 646 2562 aliis
671 2521 854 2578 quam
876 2506 1020 2577 ipsis
1036 2505 1383 2559 numinibus
1396 2504 1847 2560 concrederetur
1867 2520 1878 2557 :
1897 2520 2026 2576 par-

376 2594 480 2650 tim
515 2611 585 2650 nc
616 2595 763 2666 quid
795 2595 941 2649 situs
977 2599 1079 2649 aut
1105 2594 1291 2649 caries
1318 2592 1417 2647 illa
1447 2597 1837 2649 monumenta
1859 2593 2022 2649 vitia-

372 2688 480 2740 ret.
509 2684 616 2739 Alii
646 2699 719 2738 ne
745 2683 856 2739 hac
887 2682 1130 2753 quidem
1154 2682 1409 2737 contenti
1431 2680 1754 2753 diligentia,
1788 2681 2023 2737 codices

373 2788 482 2828 ceu
511 2773 857 2828 thesaurum
888 2770 1419 2841 incomparabilem
1449 2770 1507 2824 in
1530 2769 1820 2825 altissimis
1853 2774 2021 2825 terra;

367 2859 609 2915 latebris
641 2857 1035 2915 recondebant
1093 2863 1256 2913 tanta
1287 2872 1449 2921 cura,
1484 2861 1549 2912 ut
1572 2872 1681 2912 nec
1709 2857 2015 2922 incendiis,

366 2963 476 3003 nec
507 2948 798 3004 bellorum
825 2946 1120 3019 procellis,
1144 2945 1364 3017 quibus
1389 2946 1595 3002 omnia
1622 2960 1791 3000 sacra
1822 2945 2015 3016 profa-

365 3052 559 3110 naque
588 3035 1381 3105 solentmisceri,interirent,
1411 3034 1725 3105 etposteris
1751 3038 1901 3089 certe
1922 3050 2011 3089 su-

364 3128 684 3196 peressent.
718 3126 898 3179 Porro
931 3124 978 3178 si
1008 3124 1103 3180 hic
1134 3124 1325 3179 honos
1350 3128 1437 3179 est
1462 3122 1695 3179 habitus
1730 3124 2009 3193 supersti-

359 3212 525 3268 tiosis
552 3213 730 3269 etiam
759 3211 1181 3276 voluminibus,
1217 3211 1391 3273 veluti
1420 3213 1624 3266 Numae
1655 3226 1723 3267 ac
1757 3211 2006 3282 Sybillae,

361 3304 465 3357 aut
487 3317 678 3357 rerum
693 3300 770 3357 ab
798 3300 1143 3356 hominibus
1162 3302 1469 3368 gestarum
1485 3299 1838 3356 memoriam
1850 3316 2011 3356 com-

358 3389 769 3461 plectentibus,
785 3390 991 3461 quales
1004 3392 1175 3444 erant
1188 3387 1604 3459 zEgyptiorum
1616 3386 1747 3442 libri
1769 3388 2011 3445 :autali-

358 3494 543 3549 quam
570 3478 853 3534 humanae
912 3476 1214 3547 sapientia:
1248 3477 1578 3546 poruonem
1608 3474 2006 3541 tradentibus,

350 3567 530 3622 veluti
555 3566 812 3621 Platonis
856 3570 912 3619 et
963 3562 1329 3618 Aristotelis:
1382 3566 1612 3633 quanto
1649 3563 1863 3633 justius
1920 3570 2009 3620 est

355 3654 516 3710 idem
535 3654 727 3710 facere
767 3653 1132 3709 Christianos
1178 3650 1238 3705 in
1271 3650 1583 3705 servandis
1613 3650 1849 3706 illorum
1884 3668 2006 3709 mo-

352 3743 652 3799 numentis
678 3744 704 3797 ?
734 3742 832 3813 qui
850 3756 1019 3797 sacro
1038 3739 1223 3797 afﬂati
1251 3740 1483 3809 Spiritu,
1501 3755 1627 3795 non
1658 3744 1782 3795 tam
1803 3740 2001 3805 libros,

349 3847 533 3905 quam
552 3832 797 3887 oracula
820 3830 993 3886 nobis
1020 3828 1399 3898 reliquerunt,
1416 3828 1631 3899 quibus
1649 3827 2002 3896 lectitandis,

350 3926 578 3993 pectus,
620 3935 741 3975 non
768 3919 1037 3975 doctrina
1064 3918 1258 3972 solum
1315 3923 1416 3971 aut
1445 3916 1677 3972 dicendi
1703 3917 1999 3985 facultate,

354 4010 461 4066 sed
473 4008 789 4065 virtutibus
816 4022 885 4064 ac
907 4008 1120 4078 pietate
1140 4006 1477 4076 ergaDeum
1496 4004 1811 4077 impleatur
1836 4023 2003 4063 :cum

349 4103 505 4154 certe
517 4096 892 4153 ethnicorum
906 4096 1194 4150 librorum
1202 4093 1752 4164 jacturaidtantum
1765 4094 1996 4160 eﬂiciat,

350 4190 409 4241 ut
439 4186 636 4242 minus
662 4184 874 4241 eruditi
896 4184 1104 4249 simus,
1128 4188 1229 4239 aut
1269 4182 1469 4237 minus
1500 4181 1998 4253 eloquentes,non

350 4280 416 4331 ut
443 4275 645 4331 minus
659 4275 764 4347 pii.

416 4375 479 4429 In
503 4373 595 4428 his
625 4373 825 4445 itaque
856 4371 957 4443 qui
988 4374 1250 4426 veterum
1307 4371 1620 4425 auctorum
1660 4384 1727 4423 ac
1755 4372 1993 4425 Patrum
2024 4399 2070 4455 Β

346 4463 564 4534 scripta
575 4462 749 4517 nobis
764 4460 1148 4523 tradiderunt,
1168 4458 1425 4514 maxime
1438 4462 1636 4513 autem
1648 4458 1996 4529 Chrysosto-

344 4551 428 4605 mi
446 4566 567 4622 quo
593 4566 771 4606 nemo
793 4549 852 4603 in
865 4547 1214 4603 enarrandis
1239 4546 1425 4601 sacris
1438 4545 1844 4602 voluminibus
1857 4546 1993 4602 dex-

345 4639 522 4695 terius
544 4643 808 4694 versatus
829 4642 932 4699 est,
968 4644 1023 4690 et
1043 4651 1163 4706 quo
1184 4635 1486 4690 neminem
1508 4635 1775 4690 invenias
1798 4636 1991 4706 magis

339 4727 861 4784 accommodatum
888 4725 978 4781 his
994 4725 1094 4795 qui
1118 4724 1193 4780 ad
1210 4740 1429 4779 munus
1454 4724 1851 4779 concionandi
1864 4741 1992 4783 sese

338 4822 687 4889 parantnon
720 4814 1074 4887 posteriores
1103 4812 1478 4869 tulitGraecus
1491 4814 1737 4885 quidam
1753 4818 1987 4869 auctor:

336 4906 437 4976 qui
466 4920 713 4961 cernens
766 4908 991 4960 veteres
1036 4918 1239 4958 sacros
1261 4907 1533 4957 auctores
1590 4906 1648 4957 et
1698 4902 1990 4973 praecipue

338 5012 438 5049 eos
468 4994 571 5067 qui
587 4994 909 5065 plurimum
930 4991 1345 5047 laboraverant
1363 4992 1421 5045 in
1441 4990 1791 5045 enarrandis
1813 5006 1988 5045 evan-

339 5084 533 5151 gelicm
560 5082 839 5137 doctrinm
897 5081 1063 5135 libris
1090 5080 1164 5135 ad
1212 5096 1400 5152 quam
1448 5080 1785 5135 docendam
1817 5080 1988 5134 Filius

338 5172 438 5227 Dei
468 5172 545 5227 ad
578 5176 783 5227 terram
815 5168 1205 5225 descenderat
1239 5184 1621 5241 nequaquam
1644 5183 1752 5239 pro
1782 5169 1988 5224 merito

336 5260 580 5316 lectitari
599 5278 611 5314 :
630 5260 753 5314 sive
768 5259 823 5313 id
840 5259 1127 5314 librorum
1143 5257 1541 5319 multitudine,
1562 5256 1987 5313 sivelectorum

337 5350 597 5411 fastidio,
634 5350 753 5402 sive
785 5349 1066 5419 temporis
1097 5347 1375 5403 acciderit
1405 5347 1638 5417 penuria
1671 5364 1683 5401 :
1710 5346 1767 5401 in
1798 5362 1982 5405 unum

337 5438 571 5507 collegit
618 5438 918 5505 volumen,
976 5436 1272 5509 quidquid
1324 5436 1404 5491 illi
1460 5451 1682 5504 magna
1721 5436 1984 5492 codicum

337 5529 510 5586 turba
540 5527 844 5590 selectum,
868 5526 1021 5583 circa
1046 5524 1366 5595 Evangelia
1387 5523 1766 5596 reliquerant.
1811 5527 1876 5579 Et
1904 5529 1986 5580 ta-

2144 1793 2222 1896 ibi
2276 1800 2524 1896 voluerit
2570 1821 2746 1861 suum
2778 1824 2997 1866 nomen
3053 1793 3419 1885 exprimere:
3472 1793 3794 1896 qua

2141 1885 2713 1988 pluribusagemus,
2740 1913 2873 1988 cum
2903 1905 3133 1959 tomum
3164 1904 3331 1962 illum
3366 1885 3611 1969 alterum
3653 1932 3794 1988 pro—

2140 1974 2379 2071 pediem‘
2417 1978 2477 2033 in
2522 1979 2705 2071 lucem
2763 1985 3062 2045 dabimus.
3128 1992 3294 2050 Hunc
3340 1998 3540 2071 itaque
3589 1974 3793 2064 Graeca

2141 2077 2320 2159 manu
2346 2065 2708 2162 descriptum
2762 2079 2896 2131 ante
2930 2078 3145 2136 multas
3176 2086 3378 2141 aetates
3394 2065 3554 2159 quod
3577 2100 3791 2162 praeter

2138 2156 2295 2222 ipsas
2316 2156 2813 2254 evangelistarum
2836 2179 2993 2221 novo
3025 2171 3206 2225 modo
3236 2156 3520 2243 depictas,
3534 2156 3788 2254 jamque

2137 2244 2563 2332 propemodum
2641 2255 2923 2308 vetustate
2963 2256 3180 2315 deletas
3215 2244 3550 2332 imagines;
3580 2244 3783 2327 multis

2135 2329 2310 2425 nobis
2338 2336 2703 2425 argumentis
2732 2339 2987 2399 innotuit
3016 2360 3153 2402 cum
3185 2365 3329 2405 casu
3345 2329 3709 2425 reperissem
3727 2362 3787 2417 in

2134 2415 2495 2520 bibliotheca
2508 2424 2778 2520 .cmnobii
2805 2429 3069 2520 Deiparee
3085 2434 3339 2504 Virginis
3358 2456 3391 2495 a
3416 2415 3786 2520 Cuadalupe,

2135 2505 2354 2608 ordinis
2407 2508 2891 2608 divi‘llieronymi
2924 2519 2984 2573 in
3015 2536 3199 2591 regno
3222 2526 3505 2596 Castellae,
3555 2534 3615 2589 in
3668 2505 3790 2608 qua

2139 2593 2467 2696 etiamnum
2496 2598 2782 2696 delitescit
2814 2620 2827 2658 :
2862 2611 2951 2696 Aut
2981 2615 3115 2666 sunt
3157 2612 3285 2683 ejus
3319 2593 3602 2689 sodalitii,

2136 2682 2337 2738 sertim
2368 2690 2565 2742 autem
2597 2689 3131 2765 celeberrimilillius
3160 2682 3505 2763 monasterii
3527 2682 3786 2769 cmnobi-

2132 2774 2220 2867 αξ,
2240 2786 2360 2827 non
2394 2774 2575 2831 modo
2601 2778 2946 2867 Christianae
2973 2791 3195 2843 nostra;
3210 2790 3543 2865 religionis,
3577 2815 3785 2859 verum

2129 2862 2309 2955 etiam
2335 2864 2963 2931 prmstantissimorum
2993 2888 3229 2947 semper
3245 2862 3579 2951 auctorum,
3606 2892 3784 2960 potis-

2130 2954 2350 3003 simum
2380 2954 2583 3007 tamen
2608 2960 2896 3023 veterum,
2928 2960 3339 3033 diligentissimi
3363 2954 3780 3035 observatores

2051 3067 2092 3123 ρ
2124 3049 2194 3091 ac
2224 3035 2498 3139 cultorps,
2525 3041 2723 3139 visum
2752 3050 2840 3102 est
2868 3046 3050 3105 invidi
3075 3067 3226 3120 esse,
3258 3071 3332 3113 ne
3360 3058 3556 3119 dicam
3587 3065 3772 3139 impii,

2121 3137 2182 3178 re
2212 3123 2363 3180 adeo
2402 3126 2676 3197 frugifera
2705 3134 2826 3203 pati
2871 3135 3089 3194 diutius
3132 3141 3344 3212 privari
3369 3148 3628 3208 Latinos.
3656 3123 3771 3212 ἀθά

2120 3214 2311 3314 tamen
2335 3214 2555 3314 inscius
2581 3234 2767 3286 eram,
2807 3238 2991 3294 quam
3049 3228 3284 3299 duram,
3344 3251 3650 3314 quamque
3680 3260 3773 3301 ar-

2120 3299 2312 3399 duam.
2360 3304 2596 3403 adirem-
2637 3311 2999 3403 provinciam
3035 3320 3295 3387 :partim
3316 3299 3581 3395 quidem:
3605 3299 3772 3403 quod

2119 3395 2367 3487 propriae
2399 3395 2674 3450 conscius
2699 3398 3141 3487 imbecillitatis,
3168 3406 3490 3484 incultique
3521 3395 3765 3487 ingenii,

2119 3475 2446 3570 habueram
2468 3496 2704 3554 semper
2731 3485 2791 3541 in
2814 3488 3041 3560 animo,
3063 3494 3210 3550 nihil
3244 3498 3303 3553 in
3326 3475 3617 3570 publicum
3636 3475 3775 3565 ede;

2221 3580 2232 3618 :
2264 3569 2486 3636 partim
2512 3576 2825 3645 veroquod
2854 3577 2999 3633 mihi
3015 3596 3108 3637 res
3131 3590 3285 3642 esset
3311 3569 3450 3645 cum
3466 3593 3775 3663 ejusmodi

2114 3652 2288 3755 libro,
2323 3672 2513 3755 quem
2525 3660 2618 3755 vel
2646 3662 2842 3755 legere
2865 3680 2985 3724 non
3014 3672 3329 3731 mediocris
3352 3652 3772 3755 foret'negotii,

2115 3747 2315 3813 utpote
2354 3745 2570 3816 ignotis
2598 3754 2658 3804 ut
2684 3751 3008 3822 plurimum
3054 3767 3297 3820 exarato
3326 3745 3773 3831 characteribus

2214 3836 2592 3905 compendiis,
2625 3840 2892 3898 maxima
2946 3844 3080 3902 licet
3134 3864 3274 3906 cura
3312 3869 3382 3911 ac
3402 3856 3709 3929 diligentia
3754 3883 3767 3919 :

2112 3919 2435 4009 litterarum
2454 3925 2631 3981 etiam
2650 3926 2859 4000 ﬁguris
2878 3931 3229 4007 plerumque
3262 3942 3349 3997 vel
3376 3919 3542 4003 carie
3562 3965 3634 4005 ac
3654 3952 3771 4009 situ

2111 4008 2472 4104 oblitteratis,
2506 4013 2597 4069 vel
2617 4016 2910 4074 tinearum
2926 4037 2992 4076 ac
3008 4022 3332 4085 blattarum
3358 4032 3576 4104 injuria
3592 4044 3774 4098 semi-

2110 4098 2280 4164 rosis,
2308 4099 2397 4153 vel
2440 4115 2598 4157 novo
2656 4104 2806 4161 adeo
2854 4123 3019 4164 more
3076 4114 3342 4185 depictis,
3386 4098 3449 4179 ut
3470 4124 3528 4179 in
3556 4125 3775 4187 formis

2109 4187 2291 4278 etiam
2334 4192 2703 4249 noscitandis
2777 4196 2911 4253 mihi
2978 4200 3128 4259 foret
3185 4217 3769 4278 repuerascendum.

2110 4276 2325 4331 Omitto
2383 4280 2548 4349 quod
2578 4282 2917 4353 frequenter
2940 4287 2996 4342 in
3028 4276 3315 4349 orationis
3339 4304 3618 4359 contextu
3638 4276 3777 4366 non

2108 4369 2312 4455 suntia
2338 4367 2667 4424 seinvicem
2699 4379 2995 4443 separatae
3022 4378 3313 4439 dictiones
3340 4401 3352 4438 :
3386 4392 3441 4443 et
3463 4404 3494 4445 e
3527 4392 3777 4455 diverso

2105 4454 2365 4555 ejusdem
2440 4457 2712 4555 dictionis
2760 4462 2956 4519 litterae
3008 4473 3111 4524 aut
3155 4472 3396 4543 syllabae
3440 4479 3775 4555 plusquam

2098 4542 2260 4612 justo
2286 4560 2322 4600 a
2347 4560 2408 4600 se
2452 4546 2701 4603 invicem
2760 4560 3114 4622 separantur
3164 4542 3495 4631 intervallo,
3528 4542 3687 4630 ad‘eo
3710 4542 3779 4634 ὦ

2104 4646 2211 4723 nec
2244 4649 2450 4689 versus
2484 4636 2779 4707 syllabam
2808 4644 3024 4713 ste-pius
3055 4645 3248 4704 ﬁniat:
3276 4662 3564 4716 commata
3590 4676 3660 4717 ac
3681 4666 3780 4723 in-

2101 4722 2245 4825 cisa.
2273 4724 2367 4777 vix
2398 4723 2721 4790 adduntur,
2754 4735 2877 4825 .aut
2942 4733 3041 4788 ubi
3088 4737 3227 4825 nihil
3287 4756 3439 4814 opus
3468 4756 3552 4803 est
3580 4766 3780 4825 appo-

2103 4814 2367 4866 nuntur:
2402 4827 2524 4882 qua:
2566 4828 2659 4909 res
2707 4817 3060 4909 plerumque
3104 4824 3513 4890 difﬁcultatem
3570 4814 3781 4909 gignit

2100 4912 2217 4951 non
2245 4913 2514 4969 parvam.
2570 4902 2837 4960 Sciebam
2878 4916 3158 4978 praeterea
3192 4926 3420 4983 quanto
3452 4929 3514 4979 ut
3542 4902 3599 4981 in
3626 4902 3776 4988 tini-

2101 5001 2340 5042 versum
2381 4988 2596 5081 dicam
2618 5008 2746 5048 sese
2793 5006 3096 5067 exponant
3142 5006 3414 5073 periculo,
3439 5015 3539 5081 qui
3574 5015 3779 5078 libros

2100 5090 2146 5178 al
2161 5078 2475 5147 peregrina
2513 5079 2721 5175 lingua
2746 5087 3047 5178 traductos
3070 5090 3127 5144 in
3150 5092 3343 5149 lucem
3367 5078 3545 5157 edunt
3578 5121 3783 5178 :quot

2099 5167 2154 5269 Et
2180 5180 2372 5269 quam.
2400 5166 2598 5263 varios
2613 5170 2941 5241 suscipiant
2948 5176 3200 5244 judices,
3217 5197 3475 5253 quorum
3492 5166 3780 5269 plerique

2098 5252 2539 5347 Griecislitteris
2568 5272 2643 5347 ne
2674 5274 2709 5315 a
2737 5259 2939 5317 limine
2969 5266 3210 5335 quidem
3242 5252 3540 5345 salutatis,
3586 5252 3686 5339 ot;

2099 5342 2296 5433 statim
2330 5344 2531 5397 omnia
2563 5344 2875 5411 damnant,
2924 5355 3082 5422 quod
3116 5360 3408 5419 mundum
3441 5342 3600 5424 illum
3631 5342 3751 5433 rhe

2098 5431 2349 5486 toricum
2380 5446 2502 5527 prae
2535 5450 2596 5527 se
2627 5450 2747 5491 non
2782 5437 2983 5511 terant,
3020 5444 3360 5513 ignorantes
3392 5431 3779 5527 quibus

2098 5524 2248 5575 tetur
2312 5522 2509 5577 modis
2536 5521 2603 5589 is,
2660 5526 2763 5596 qui
2822 5527 3027 5586 alienas
3082 5534 3295 5607 linguae
3323 5521 3671 5616 depositum
3705 5521 3779 5614 fi-
