3976 6222
169 237 231 300 37

1699 225 2089 291 PH/EFATIO.

3517 245 3587 303 38

170 367 377 424 deliter
406 364 646 422 reddere
676 360 932 432 cogitur.
967 359 1360 435 Summopere
1400 362 1560 418 enim
1618 375 1822 416 euran-
1859 359 1906 412 A
1938 360 2151 414 seriem
2195 360 2387 430 magis
2413 361 2676 424 accedat,
2728 377 2849 420 non
2908 363 3055 420 nihil
3112 371 3305 422 tamen
3358 370 3590 426 subolet

175 458 324 513 dum
349 461 434 511 est
460 455 529 518 ei,
553 452 658 524 qui
690 451 772 508 ab
804 467 926 507 una
959 451 1164 521 lingua
1194 450 1506 523 quidpiam
1553 448 1828 505 transfert

181 548 242 602 in
313 544 482 600 aliam
542 562 555 600 :
618 555 695 597 ne
748 539 898 595 dum
953 541 1212 595 sermoni
1265 539 1476 611 quaerit
1527 541 1824 601 ornatum,

185 639 400 706 repente
421 647 532 703 pro
563 632 882 701 interprete
907 629 1343 700 paraphrasten
1363 632 1504 697 agat
1532 645 1543 682 :
1570 641 1827 682 rursum—

179 739 284 794 que
312 722 481 776 neita
503 718 695 774 verbis
719 717 964 782 haereat,
994 717 1283 788 utprioris
1323 717 1541 786 linguae
1579 715 1828 770 idioma-

174 820 226 866 ta
249 815 354 866 aut
381 807 672 863 dialectos
704 806 953 860 retineat
985 824 998 863 :
1029 804 1132 860 sed
1157 819 1413 876 quaeque
1439 804 1645 871 lingua
1664 799 1828 874 quod

171 915 346 954 suum
376 900 469 952 est
491 895 719 951 habeat
749 911 760 947 :
788 893 1007 965 alioqui
1031 908 1136 948 nec
1159 895 1353 950 Graece
1383 892 1545 964 loqui
1575 891 1824 953 videtur,

167 1003 275 1044 nec
303 987 506 1042 Latine
539 1004 551 1042 ;
587 983 770 1055 idque
799 981 967 1054 quod
992 982 1053 1038 in
1083 982 1378 1037 indoctum
1425 982 1716 1051 jactatum
1743 983 1830 1033 est

168 1077 489 1136 comicum,
517 1072 635 1142 ipsi
662 1070 1064 1142 adaptabitur,
1097 1070 1264 1142 quod
1285 1087 1356 1125 ex
1383 1069 1598 1125 Graecis
1631 1067 1824 1130 bonis,

169 1159 610 1222 Latinafecerit,
641 1174 764 1214 non
794 1159 976 1227 bona,
1005 1158 1064 1214 id
1091 1158 1255 1230 quod
1278 1158 1352 1213 de
1379 1157 1578 1212 multis
1610 1155 1828 1210 exulce-

167 1260 297 1309 rato
319 1253 432 1305 hoc
458 1247 682 1304 saeculo
703 1251 834 1318 apte
859 1247 997 1317 quis
1027 1246 1255 1301 dixerit.
1279 1246 1419 1310 Quis
1444 1245 1602 1300 enim
1626 1257 1828 1297 sacras

159 1343 285 1412 jam
316 1340 565 1394 Litteras
595 1335 821 1406 passim
878 1349 1002 1388 non
1039 1334 1147 1390 sibi
1197 1334 1468 1400 vindicat,
1511 1339 1824 1403 antequam

167 1431 402 1484 discat:
437 1429 692 1494 torquet,
747 1422 1015 1477 lacerat:
1063 1438 1294 1494 suoque
1344 1420 1661 1476 intellectui
1705 1420 1827 1473 imo

169 1517 290 1572 suis
320 1513 644 1570 affectibus
682 1509 897 1565 servire
937 1510 1091 1577 cogit
1134 1510 1488 1580 scripturam
1517 1508 1694 1564 etiam
1744 1522 1827 1560 re-

166 1600 664 1677 pugnantem?Et
700 1598 1210 1670 quemadmodum
1243 1597 1558 1652 scribimus
1607 1595 1828 1650 indocti

1935 445 2208 502 dictionis
2259 447 2423 504 illum
2473 449 2784 506 affectasse
2839 458 3256 512 venustatem:
3303 455 3588 531 quodque

1935 535 2221 590 rhetorice
2261 537 2482 593 dixisse
2538 540 2680 594 satis
2714 541 2910 610 cupiat
2950 542 3154 608 videri,
3215 548 3271 598 et
3325 561 3435 599 non
3478 545 3585 601 soli

1935 622 2136 679 litterae
2160 626 2519 681 enarrationi
2540 627 2780 683 haerere.
2798 630 2872 688 At
2896 636 3096 686 noster
3116 631 3211 686 hic
3237 637 3436 688 auctor
3459 635 3589 691 uni-

1935 727 2074 766 cum
2095 711 2255 767 hunc
2267 712 2478 770 habuit
2496 731 2765 787 scopum,
2783 721 2844 772 ut
2864 719 3268 788 evangelicam
3293 721 3586 779 succincte

1937 800 2165 855 cunctis
2191 803 2442 871 aperiret
2470 803 2798 860 historiam.
2824 806 2992 869 Quod
3027 808 3075 862 si
3101 809 3177 863 ad
3213 825 3405 864 mores
3440 825 3590 882 quo-

1935 903 2052 959 que
2075 889 2453 957 corrigendos
2475 891 2740 946 nonnihil
2771 893 3194 950 exhortationis
3228 903 3490 969 exoptes,
3525 897 3587 952 id

1935 975 2115 1032 etiam
2160 977 2414 1032 breviter
2440 979 2684 1049 quidem
2718 995 2786 1034 ac
2844 983 3056 1048 rarius,
3098 985 3201 1039 sed
3255 985 3588 1042 felicissime

1940 1064 2114 1119 tradit
2159 1064 2256 1120 hic
2308 1073 2529 1122 auctor.
2572 1068 2761 1131 Quam
2793 1074 2950 1140 apte,
3011 1071 3167 1126 bone
3218 1074 3393 1141 Deus,
3449 1090 3587 1130 cum

1936 1151 2311 1222 evangelistas
2337 1154 2648 1225 plurimum
2673 1157 2960 1214 dissidere
2987 1159 3279 1226 videntur,
3313 1163 3392 1218 ita
3415 1161 3589 1218 dissi-

1937 1239 2138 1296 dentia
2163 1243 2458 1297 connectit
2507 1243 2659 1310 loca,
2688 1251 2750 1300 ut
2790 1245 2862 1301 ab
2896 1247 3106 1303 eodem
3148 1249 3320 1319 plane
3366 1250 3467 1305 illa
3507 1250 3585 1304 vi-

1936 1328 2190 1384 deantur
2219 1346 2349 1386 esse
2380 1331 2554 1386 dicta.
2580 1335 2645 1388 Et
2671 1334 2806 1388 huic
2834 1335 3076 1405 quidem
3106 1339 3186 1391 rei
3209 1338 3426 1404 nullus,
3460 1355 3586 1394 meo

1931 1417 2178 1486 judicio,
2213 1420 2364 1474 adeo
2394 1421 2606 1476 utiliter
2635 1438 2704 1477 ac
2737 1423 2887 1478 serio
2915 1424 3202 1480 hactenus
3236 1427 3586 1497 invigilavit.

1938 1506 1995 1558 In
2027 1523 2146 1577 quo
2187 1511 2406 1568 tamen.
2440 1509 2590 1564 sicut
2617 1526 2809 1582 neque
2850 1512 2909 1565 in
2940 1514 3183 1577 caeteris,
3219 1515 3401 1571 nolim
3433 1516 3591 1586 quis-

1937 1609 2118 1664 quam
2137 1595 2283 1650 meis
2311 1596 2486 1651 ﬁdem
2526 1597 2745 1652 habeat
2772 1598 2988 1663 verbis,
3035 1600 3145 1655 nisi
3201 1601 3372 1670 longe
3420 1604 3590 1673 plura

166 1693 443 1762 doctique
487 1691 776 1760 poemata
824 1687 1070 1757 passim,
1102 1685 1183 1740 ita
1214 1691 1270 1741 et
1307 1684 1589 1756 plerique,
1640 1699 1829 1755 quan-
1858 1693 1902 1750 Β
1939 1682 1997 1736 in
2044 1683 2158 1738 hoc
2208 1683 2539 1750 lectitando,
2607 1685 2781 1741 laude
2820 1687 2998 1756 digna
3048 1691 3344 1760 repererit.
3401 1708 3589 1762 quam

167 1798 347 1854 quam
381 1781 442 1834 in
475 1794 590 1832 sua
621 1791 805 1832 arena
843 1774 1086 1830 feliciter
1124 1781 1527 1838 versarentur,
1556 1773 1829 1844 proprios

169 1867 647 1942 egressilimites,
667 1864 814 1919 dum
831 1868 1080 1929 sutores,
1096 1862 1312 1919 relictis
1330 1861 1608 1932 crepidis,
1628 1862 1832 1931 ignota

175 1973 422 2031 quaeque
493 1952 834 2023 dijudicare
891 1957 1200 2020 conantur,
1254 1967 1374 2006 non
1433 1967 1566 2006 raro
1618 1950 1831 2006 misere

181 2047 625 2101 hallucinantur.
681 2039 830 2106 Quid
867 2040 1029 2095 enim
1071 2041 1304 2096 medico
1350 2043 1448 2096 aut
1491 2039 1830 2110 jurisperito

179 2152 308 2192 cum
348 2135 619 2189 versione
664 2133 768 2186 aut
821 2129 1301 2200 interpretatione
1342 2145 1649 2184 sacrorum
1703 2143 1832 2199 my-

171 2226 480 2281 steriorum
512 2225 540 2276 ?
579 2219 874 2290 Quodque
915 2217 1090 2287 longe
1125 2219 1318 2287 magis
1349 2217 1694 2273 deﬂendum
1726 2222 1828 2284 est,

167 2318 304 2370 dum
337 2313 550 2369 animo
579 2309 784 2381 pravis
813 2306 1031 2362 imbuti
1059 2312 1192 2362 sunt
1232 2307 1554 2376 dogmatis,
1585 2321 1719 2377 quae
1769 2321 1836 2360 ex

168 2403 372 2459 Graeco
418 2403 660 2455 vertunt
683 2398 744 2451 in
792 2395 1080 2459 Latinum,
1115 2410 1237 2450 non
1274 2396 1417 2450 satis
1451 2394 1695 2449 ﬁdeliter
1727 2399 1837 2449 tra-

163 2499 328 2549 ctant
353 2509 370 2544 :
412 2504 577 2545 nunc
615 2483 886 2558 quidem,
920 2485 1078 2553 quod
1112 2483 1447 2555 frequenter
1471 2483 1706 2551 accidit,
1734 2499 1832 2538 co-

163 2586 340 2650 gente
378 2578 602 2633 barum
649 2589 847 2629 rerum
892 2571 1203 2642 imperitia,
1252 2572 1416 2643 quod
1455 2578 1676 2634 tamen,
1720 2569 1832 2625 nisi

160 2670 346 2726 illotis
391 2664 741 2721 accederent
765 2660 841 2716 ad
864 2661 1285 2716 contrectanda
1319 2676 1488 2716 sacra
1534 2659 1830 2726 manibus,

162 2756 415 2814 facilius
463 2756 665 2824 posset
706 2748 941 2819 ignosci
973 2769 985 2804 :
1020 2764 1180 2804 nunc
1211 2764 1371 2812 vero,
1395 2763 1468 2803 ne
1499 2748 1620 2803 suis
1665 2765 1835 2819 repu-

165 2848 372 2916 gnent
401 2841 706 2911 dogmatis,
735 2844 838 2894 aut
884 2837 1208 2905 truncatim,
1237 2842 1341 2892 aut
1373 2852 1553 2908 prave
1593 2851 1833 2893 sensum

163 2933 351 2990 nobis
381 2929 657 2986 reddunt.
687 2926 858 2993 Quod
891 2925 1016 2982 luce
1047 2924 1262 2980 clarius
1292 2925 1698 2990 ostendemus,
1732 2926 1833 2980 ubi

165 3022 422 3076 alterum
451 3023 682 3074 tomum
710 3015 830 3070 Deo
855 3012 1109 3084 propitio
1135 3012 1195 3067 in
1221 3012 1414 3067 lucem
1445 3011 1828 3079 ediderimus,

166 3109 352 3182 quod,
389 3113 454 3164 ut
479 3120 676 3177 spero,
700 3102 863 3159 brevi
887 3101 1200 3157 faciemus.
1231 3099 1318 3155 0b
1342 3101 1471 3155 haec
1491 3101 1668 3171 igitur
1691 3101 1828 3157 alia-

167 3215 282 3270 que
301 3197 559 3269 plurima
578 3208 714 3265 quae
732 3190 1060 3246 versionem
1081 3189 1262 3244 variis
1287 3195 1651 3259 exaggerant
1676 3189 1832 3245 difﬁ-

168 3285 510 3346 cultatibus,
533 3298 647 3337 non
660 3281 711 3336 is
734 3295 866 3334 sum
888 3279 985 3349 qui
1014 3293 1135 3333 non
1159 3277 1504 3349 intelligam,
1533 3282 1830 3349 quantum

164 3376 298 3431 huic
359 3371 599 3429 auctori
646 3366 970 3438 dignitatis,
1030 3371 1443 3438 quantumque
1497 3366 1828 3438 splendoris

163 3462 583 3520 tenebricosus
624 3459 910 3527 interpres
949 3453 1314 3510 abstulerim.
1363 3451 1472 3510 Sed
1531 3459 1828 3527 utcunque

162 3555 251 3619 sit,
281 3566 542 3608 sensum
572 3553 777 3604 tamen
803 3559 899 3600 me
937 3547 1279 3598 assecutum
1320 3542 1543 3613 opinor,
1575 3542 1708 3599 licet
1738 3545 1827 3615 ip-

162 3660 298 3700 sum
341 3639 516 3696 nullo
553 3635 717 3692 cultu
772 3629 1188 3688 adornaverim
1226 3648 1238 3684 :
1284 3647 1487 3687 verum
1531 3631 1594 3688 id
1651 3647 1829 3689 nemo

161 3749 318 3789 sana:
364 3727 588 3785 mentis
637 3723 700 3778 in
747 3719 1198 3777 Commentariis
1239 3720 1514 3791 requiret,
1571 3721 1830 3777 maxime

163 3823 236 3878 ab
268 3836 346 3876 eo
376 3818 502 3888 qui,
537 3818 602 3870 ut
653 3809 934 3883 praefatus
990 3825 1133 3873 sum,
1190 3810 1509 3880 peregrinae
1554 3810 1829 3865 astrictus

112 3932 120 3937 ·
165 3917 250 3966 est
279 3909 526 3975 linguae.
553 3899 725 3967 Quod
752 3899 800 3953 si
823 3896 1115 3952 universis
1148 3896 1486 3952 satisfacere
1519 3913 1633 3953 non
1669 3898 1832 3968 potui

165 3998 329 4054 facile
367 3995 584 4055 feram,
619 4003 753 4043 cum
784 4002 858 4041 ne
891 3985 1293 4057 mihiquidem
1330 3985 1434 4054 ipsi
1461 3985 1520 4040 in
1553 3986 1832 4041 omnibus

165 4057 386 4143 faciam
419 4081 588 4138 satis.
624 4081 894 4132 Attamen
920 4089 1072 4127 onus
1122 4074 1250 4139 hoc,
1283 4089 1627 4144 quanquam
1683 4075 1834 4130 meis

165 4179 343 4247 longe
382 4173 581 4242 impar
600 4164 883 4228 humeris,
908 4161 1107 4217 subire
1134 4177 1451 4232 aggressus
1481 4178 1638 4227 sum,
1673 4163 1832 4232 quod

173 4265 280 4319 alio
301 4275 434 4316 sese
457 4273 588 4314 non
615 4253 914 4316 offerente,
941 4250 1169 4320 grande
1195 4251 1474 4304 ducerem
1505 4249 1829 4319 piaculum,

166 4353 214 4407 si
235 4350 445 4406 ﬁdeles
467 4343 698 4400 diutius
724 4344 886 4397 tanto
910 4337 1330 4395 fraudarentur
1348 4338 1645 4392 thesauro.
1679 4339 1832 4403 Quid

163 4441 346 4506 enim,
377 4433 552 4509 quod
596 4431 673 4488 ad
714 4426 1068 4496 evangelicae
1105 4425 1362 4482 historiae
1394 4427 1830 4483 enarrationem

167 4531 392 4593 attinet,
425 4526 491 4580 in
526 4522 954 4592 Chrysostomo
997 4515 1395 4588 potissimum,
1439 4513 1649 4569 deinde
1689 4516 1829 4572 etin

171 4621 441 4688 Origene,
488 4610 725 4672 Basilio,
767 4610 870 4662 aut
905 4606 1266 4660 Nazianzeno
1316 4603 1608 4667 invenies,
1667 4605 1830 4674 quod

175 4707 256 4763 hic
317 4703 611 4762 facillime
647 4703 708 4753 et
757 4692 1216 4752 succinctissime
1256 4707 1379 4746 non
1420 4689 1681 4763 proferat
1707 4695 1735 4748 ‘?
1766 4695 1828 4748 Et

177 4796 603 4868 Chrysostomo
634 4786 865 4860 quidem
916 4783 1060 4838 satis
1091 4785 1252 4854 patet
1298 4796 1418 4835 non
1457 4796 1596 4836 eum
1649 4779 1828 4836 fuisse

181 4903 439 4959 scopum,
481 4887 541 4937 ut
573 4875 1033 4945 Evangeliorum
1061 4879 1160 4926 aut
1197 4871 1505 4959 actionum,
1545 4871 1827 4942 apostoli-

182 4958 378 5039 carum,
414 4988 523 5028 seu
547 4966 934 5023 Paulinarum
970 4959 1364 5032 Epistolarum
1389 4958 1621 5013 nudum
1652 4959 1826 5014 nobis

182 5066 410 5121 traderet
459 5057 851 5117 intellectum.
895 5050 1128 5121 Alioqui
1181 5048 1340 5103 enim
1396 5050 1517 5101 tam
1561 5051 1728 5103 vasta
1767 5048 1826 5103 in

183 5168 371 5222 paucos
404 5164 602 5207 sacrae
631 5142 953 5212 Scriptura:
988 5137 1164 5193 libros
1191 5151 1308 5191 non
1363 5133 1695 5206 reliquisset
1729 5153 1828 5191 vo-

185 5240 393 5308 lumina,
450 5239 562 5295 sed
615 5231 807 5307 plebis
841 5227 1192 5284 formandos
1254 5239 1449 5278 mores
1489 5223 1826 5295 suscepisse

195 5336 344 5392 aisais
368 5332 613 5388 videtur
649 5341 661 5377 :
689 5326 747 5376 et
775 5318 997 5373 idcirco
1029 5316 1189 5370 locos
1223 5313 1298 5368 ad
1352 5311 1584 5383 plebem
1620 5317 1827 5369 tractat

195 5393 526 5485 τρέωυηεε,
581 5418 639 5471 et
683 5406 1116 5467 enarrationem
1177 5401 1437 5458 homiliis
1497 5401 1821 5473 distinguit.

194 5509 308 5570 Quin
331 5520 380 5571 ει
404 5500 938 5579 Theophylactus,
981 5508 1332 5568 quanquam
1363 5489 1411 5546 is
1442 5490 1520 5546 ad
1563 5490 1824 5547 historiae

1869 3042 1908 3097 C

1867 4385 1910 4440 D

1938 1786 2048 1840 ego
2075 1772 2300 1842 possim
2333 1774 2568 1844 assequi
2603 1777 3039 1832 enumerando.

2010 1860 2341 1932 Hocitaque
2357 1876 2531 1932 opus,
2554 1865 2618 1917 ut
2643 1861 2743 1917 tibi
2767 1879 3202 1936 nuncuparem,
3220 1868 3590 1940 amplissime

1940 1949 2177 2020 praesul,
2202 1949 2510 2004 fecitinter
2546 1951 2890 2007 innumeras
2917 1957 3042 2008 tuas
3082 1953 3270 2025 dotes,
3325 1957 3591 2013 maxima

1939 2036 2282 2092 humanitas
2298 2043 2435 2093 tua:
2465 2054 2650 2110 quam
2670 2046 2880 2110 praeter
2899 2042 3162 2098 auditam
3186 2044 3400 2100 famam
3417 2045 3590 2116 longe

1942 2124 2172 2196 lateque
2212 2125 2561 2198 dispersam,
2589 2144 2707 2183 non
2733 2130 2914 2184 semel
2945 2131 3002 2185 in
3033 2136 3084 2186 te
3110 2149 3243 2188 sum
3271 2141 3540 2206 expertus
3575 2151 3587 2190 :

1942 2231 2063 2286 qua
2101 2232 2233 2269 cum
2261 2231 2461 2270 omnes
2484 2216 2662 2271 etiam
2717 2223 2993 2273 extremm
3042 2220 3285 2278 fortunas
3316 2224 3590 2280 homines

1943 2308 2070 2358 tum
2143 2303 2348 2359 studiis
2401 2304 2784 2376 potissimum
2833 2307 3080 2374 deditos,
3159 2310 3590 2381 benignissime

1945 2407 2176 2462 semper
2219 2391 2640 2461 amplecteris:
2691 2394 2940 2466 ipsaque
2989 2397 3199 2462 studia,
3255 2400 3589 2471 ubicunque

1945 2479 2038 2535 vel
2068 2480 2315 2535 minima
2343 2479 2512 2535 datur
2542 2482 2796 2547 occasio,
2834 2484 2966 2539 totis
3007 2487 3283 2556 provehis
3336 2489 3586 2544 viribus.

1944 2569 2233 2624 Praeterea
2261 2569 2314 2624 id
2351 2570 2541 2642 magis
2573 2572 2814 2640 aggredi
2848 2590 2981 2628 sum
3013 2591 3219 2646 ausus,
3259 2579 3421 2649 quod
3450 2595 3583 2633 cum

1943 2656 2046 2712 tibi
2094 2656 2240 2712 forte
2296 2658 2534 2714 fortuna
2590 2674 2700 2714 nos
2778 2660 3070 2725 invisenti.
3119 2667 3372 2736 primum
3427 2667 3588 2722 hunc

1943 2761 2145 2800 meum
2177 2750 2405 2816 partum
2455 2747 2702 2803 omnino
2753 2749 2947 2806 adhuc
2993 2751 3309 2809 informem
3341 2755 3562 2811 demon

1944 2840 2249 2898 strassem,
2267 2850 2386 2891 una
2402 2852 2537 2890 cum
2557 2835 2763 2892 Grmco
2775 2840 3123 2911 exemplari,
3139 2858 3508 2915 nequaquam
3525 2850 3589 2902 ut

1944 2927 2267 2978 monstrum
2295 2923 2670 2994 abhorruisti,
2695 2926 2800 2982 sed
2821 2927 2988 2984 veluti
3016 2929 3374 3000 pulchellum
3396 2934 3588 3006 pusio-

1943 3027 2080 3067 nem
2099 3013 2273 3068 avide
2285 3013 2729 3070 deosculabaris
2746 3035 2756 3074 :
2776 3016 3072 3074 mirabere
3093 3035 3212 3076 non
3232 3022 3428 3078 nullas
3440 3040 3588 3095 quo-

1941 3116 2052 3171 que
2069 3100 2329 3156 occultas
2349 3102 2406 3156 iu
2429 3118 2498 3157 eo
2517 3103 2700 3174 dotes,
2728 3120 2846 3160 non
2869 3107 3130 3176 cujusvis
3147 3110 3336 3166 oculis
3359 3113 3587 3184 exposi-

1945 3194 2048 3244 tas.
2084 3188 2253 3253 Quod
2281 3189 2393 3242 nisi
2421 3189 2502 3244 ita
2531 3191 2892 3261 contigisset,
2927 3210 3048 3264 qua
3079 3198 3428 3262 temeritate,
3467 3206 3587 3257 ten-

1940 3281 2179 3342 tassem,
2210 3282 2331 3330 tam
2357 3277 2634 3348 locupleti
2660 3278 2774 3334 hac
2795 3280 2973 3334 etiam
3001 3281 3058 3336 in
3083 3289 3267 3352 parte,
3289 3287 3432 3352 viro,
3465 3293 3587 3343 tan-

1939 3365 2129 3421 tillum
2147 3365 2355 3420 oti'erre
2374 3365 2829 3422 munusculum:
2856 3371 3288 3439 Munusculum,
3310 3373 3583 3446 inquam:

1937 3469 2081 3508 nam
2102 3452 2234 3508 licet
2260 3451 2323 3507 in
2369 3470 2430 3508 se
2464 3469 2682 3509 munus
2712 3454 2803 3523 sit,
2831 3454 3094 3512 fortassis
3125 3474 3245 3515 non
3276 3476 3588 3531 aspernan-

1940 3542 2097 3608 dum,
2122 3542 2172 3597 si
2198 3547 2391 3598 tamen
2419 3542 2496 3598 ad
2516 3543 2836 3600 immensas
2857 3562 2927 3602 ac
2953 3547 3416 3618 pretiosissimas
3457 3556 3589 3610 tuas

1939 3647 2086 3703 opes
2132 3631 2492 3701 conferatur,
2544 3633 2860 3703 indignum
2909 3637 3261 3704 censebitur,
3312 3641 3471 3710 quod
3529 3643 3590 3698 in

1941 3725 2040 3776 tuo
2055 3720 2352 3785 thesauro,
2374 3720 2463 3776 vel
2479 3721 2759 3790 exiguum
2781 3723 3586 3800 inveniatlocum.Siquidem

1944 3814 2006 3864 ut
2045 3809 2172 3864 haec
2222 3809 2455 3864 interim
2510 3809 2732 3878 sileam,
2786 3828 2919 3884 quae
2975 3813 3118 3870 dicit
3162 3817 3480 3888 Apostolus
3530 3819 3590 3874 in

1943 3897 2223 3969 episcopo
2285 3913 2406 3951 non
2462 3904 2728 3969 oportere
2796 3900 3118 3957 desiderari
3171 3921 3183 3957 :
3244 3920 3461 3976 nempe
3529 3912 3591 3961 ut

1941 3985 2472 4055 irreprehensibilis
2549 3987 2645 4050 sit,
2706 3997 2985 4059 tanquam
3051 3991 3149 4045 Dei
3201 3992 3585 4063 dispensator,

1942 4074 2192 4143 vigilans
2248 4089 2424 4146 super
2471 4090 2732 4146 gregem,
2790 4077 3025 4131 sobrius
3083 4095 3200 4133 non
3247 4082 3591 4152 praefractus

1944 4163 2420 4228 noniracundus,
2457 4163 2562 4218 sed
2589 4164 2912 4229 modestus,
2942 4166 3275 4238 hospitalis,
3307 4177 3482 4240 aptus
3513 4172 3591 4227 ad

1943 4249 2303 4314 docendum,
2336 4252 2493 4322 pius,
2525 4256 2883 4322 temperans,
2904 4259 3076 4309 tenax
3105 4257 3234 4325 ejus
3262 4259 3364 4328 qui
3385 4275 3592 4314 secun-

1943 4341 2085 4395 dum
2128 4339 2460 4394 doctrinam
2486 4343 2577 4395 est
2605 4338 2794 4395 ﬁdelis
2831 4344 3138 4408 sermonis,
3173 4349 3237 4398 ut
3262 4351 3473 4415 potens
3518 4348 3592 4402 sit

1943 4429 2121 4483 etiam
2207 4427 2502 4482 exhortari
2587 4443 2690 4498 per
2777 4428 3111 4484 doctrinam
3188 4447 3418 4499 sanam,
3535 4441 3594 4494 et

1941 4517 2409 4572 contradicentes
2472 4515 2838 4582 convincere,
2890 4532 3010 4573 non
3070 4520 3428 4587 vinolentus,
3468 4540 3592 4581 non

1939 4620 2270 4676 percussor,
2303 4620 2427 4659 non
2447 4605 2696 4676 turpiter
2720 4605 2860 4660 lucri
2890 4607 3117 4673 avidus,
3149 4609 3251 4664 sed
3283 4626 3490 4683 aequus
3520 4630 3590 4670 ac

1931 4692 2127 4764 justus
2164 4709 2199 4748 a
2235 4693 2454 4764 pugnis
2480 4698 2536 4749 et
2569 4693 2647 4748 ab
2687 4693 2935 4751 avaritia
2963 4694 3214 4764 alienus,
3257 4700 3361 4770 qui
3392 4701 3587 4758 domui

1939 4797 2062 4836 suae
2129 4781 2274 4837 bene
2308 4781 2533 4853 praesit.
2587 4782 2748 4853 (Nam
2780 4784 2825 4838 si
2870 4785 3024 4856 quis,
3078 4787 3291 4859 inquit,
3332 4791 3589 4862 propriae

1937 4869 2142 4924 domui
2177 4886 2432 4942 prazesse
2459 4887 2573 4925 non
2599 4873 2778 4938 novit,
2807 4874 3114 4944 quomodo
3140 4877 3456 4933 Ecclesiam
3491 4881 3588 4934 Dei

1939 4958 2244 5029 curabit?)
2279 4976 2395 5014 non
2423 4961 2482 5013 in
2514 4959 2630 5014 fide
2661 4960 2937 5025 novitins,
2970 4979 3034 5016 ne
3069 4964 3309 5020 inﬂatus
3354 4968 3590 5038 injurii-

1938 5047 2098 5102 cium
2139 5048 2362 5104 incidat
2409 5048 2626 5103 diaboli
2655 5067 2666 5102 :
2699 5051 2799 5120 qui
2834 5055 2889 5105 et
2922 5050 3148 5107 bonum
3180 5055 3397 5110 habeat
3438 5059 3590 5111 testi-

1940 5136 2202 5189 monium
2257 5136 2328 5190 ab
2381 5138 2693 5192 extraneis.
2754 5139 2824 5193 Ut
2873 5138 3018 5205 hmo,
3057 5141 3327 5213 inquam,
3389 5145 3590 5201 omnia

1938 5223 2144 5279 sileam
2185 5241 2320 5295 qum
2372 5223 2569 5279 nullus
2609 5226 2710 5296 qui
2755 5230 2805 5280 te
2851 5230 3096 5298 promus
3141 5232 3381 5295 noverit,
3427 5233 3481 5287 in
3534 5239 3588 5288 te

1937 5313 2270 5367 desiderare
2293 5313 2508 5384 poterit
2535 5331 2546 5369 :
2576 5315 2718 5385 quin
2751 5315 3034 5386 pleraque
3067 5321 3243 5373 etiam
3275 5320 3586 5376 abundan-

1937 5400 2052 5456 tius
2086 5401 2360 5468 inveniet,
2393 5419 2576 5476 quam
2619 5405 2874 5473 exegerit
2910 5407 3245 5477 Apostolus,
3282 5425 3419 5464 cum
3450 5410 3585 5481 pul-

1937 5489 2231 5548 cherrimo
2286 5505 2524 5565 quoque
2572 5493 2628 5549 et
2673 5492 3101 5564 fulgentissimo
3147 5496 3244 5553 illo
3297 5496 3586 5552 castitatis
