3976 6222
420 268 491 322 39
1927 266 2326 321 ΡΙΏΕΡΑΤΙΟ.
3737 272 3800 328 40

417 390 672 463 cingulo.
721 390 939 446 Verum
993 390 1129 462 quis
1185 405 1303 445 non
1367 389 1760 445 admirabitur
1822 389 1885 444 in
1929 390 2056 446 viro
2087 392 2139 445 Α
2165 388 2463 456 facillime,
2508 389 2567 444 in
2625 389 2838 461 quibus
2864 405 2974 460 ego
3013 395 3215 446 noctes
3267 394 3445 463 atque
3479 392 3606 448 dies
3640 393 3800 450 desu-

413 483 537 535 tam
564 478 847 551 praclaro
867 492 1081 548 genere
1106 482 1255 541 orto,
1280 478 1372 532 cui
1404 478 1553 533 adeo
1584 492 1819 549 semper
1849 477 2057 532 arrise-

416 567 487 622 rit
523 583 594 623 ex
622 582 788 622 omni
814 570 979 638 parte
1008 565 1264 630 fortuna,
1299 582 1434 638 qua
1460 565 1602 621 nihil
1628 567 1787 637 quod
1810 581 2057 621 suarum

415 658 503 710 est
551 654 814 726 partium
878 654 993 725 ipsi
1047 669 1315 726 unquam
1361 668 1612 725 negasse
1655 653 1901 721 videtur,
1930 658 2055 709 tam

412 743 659 809 variam,
686 746 930 814 tamque
945 741 1313 797 reconditam
1332 741 1745 807 eruditionem,
1764 742 2053 811 judicium

408 831 831 893 certissimum,
846 830 1146 901 ingenium
1162 837 1281 885 tam
1299 846 1454 895 acre,
1476 845 1743 901 peneque
1759 829 2051 893 divinum,

386 904 387 913 ‘
409 919 759 977 memoriam
788 920 940 975 adeo
958 923 1229 975 tenacem
1259 918 1287 972 ?
1316 919 1377 973 in
1400 935 1520 990 quo
1546 925 1759 991 prater
1780 923 2052 973 exactam

406 1007 710 1080 utriusque
764 1007 911 1078 juris
974 1006 1372 1079 prudentiam,
1427 1006 1749 1079 perfectam
1811 1022 2052 1078 quoque

408 1097 586 1153 trium
604 1096 946 1165 linguarum
966 1094 1238 1167 peritiam
1263 1095 1394 1167 quis
1419 1111 1541 1151 non
1559 1095 1889 1167 suspiciat?
1905 1097 2051 1151 Nam

405 1185 467 1241 in
494 1183 711 1239 Gracis
758 1200 827 1239 ac
854 1181 1068 1238 Latinis
1111 1183 1309 1238 adhuc
1358 1198 1500 1254 puer
1528 1182 2052 1239 exercitatissimus

405 1276 570 1328 erat:
604 1272 663 1326 in
697 1270 949 1327 Hebrais
995 1286 1133 1326 vero
1164 1270 1318 1326 Deus
1375 1271 1533 1327 bone
1574 1287 1759 1342 quam
1816 1270 2054 1325 feliciter

406 1365 674 1417 versatus
704 1367 809 1423 est,
832 1375 1017 1431 quam
1043 1359 1220 1414 etiam
1252 1374 1394 1428 erga
1416 1375 1597 1414 suum
1626 1363 2050 1430 praceptorem

403 1447 684 1504 liberalis.
736 1448 847 1512 Qui
895 1446 987 1502 his
1029 1446 1203 1514 igitur
1248 1445 1566 1501 comitibus
1627 1445 1709 1501 ita
1740 1445 1819 1500 ad
1848 1461 2051 1501 sacras

399 1537 527 1608 jam
551 1535 775 1590 dudum
826 1533 1073 1590 accessit
1123 1534 1384 1597 Litteras,
1431 1538 1493 1588 ut
1528 1549 1721 1605 neque
1767 1532 2051 1588 naturalis

404 1623 818 1696 philosophia,
850 1637 1047 1694 neque
1105 1621 1439 1692 theologia,
1493 1638 1680 1694 quam
1746 1620 2052 1676 scholasti-

403 1727 529 1768 cam
581 1716 816 1779 vocant,
874 1709 1289 1765 destitueretur
1330 1709 1562 1782 peritia,
1606 1709 1736 1782 quis
1789 1709 2052 1778 ambigat

402 1801 601 1873 ipsum
640 1799 793 1855 mira
847 1798 1233 1869 prastiturum
1258 1799 1287 1853 ?
1328 1798 1533 1870 Itaque
1586 1798 1819 1853 nullum
1878 1798 1940 1853 in
1968 1796 2052 1852 eis

401 1890 782 1962 quantumvis
811 1889 1150 1943 abstrusum
1174 1887 1442 1942 invenias
1464 1886 1892 1957 locum,cujus,
1919 1901 2053 1942 exa-

401 1976 728 2032 ctissimam
740 1991 857 2031 non
882 1974 1070 2046 possit
1092 1990 1165 2030 ex
1179 1979 1446 2046 tempore
1468 1974 1714 2030 reddere
1736 1973 2048 2029 rationem.

402 2065 517 2121 Sed
538 2066 641 2137 qui
671 2079 783 2133 ego
812 2063 940 2118 hac
970 2078 1091 2118 non
1122 2062 1432 2118 credituris
1461 2061 1679 2118 frustra
1708 2062 1992 2117 denuntio
2021 2060 2049 2115 ?

401 2153 471 2210 de
496 2152 737 2208 homine
794 2151 1195 2223 potissimum,
1226 2150 1329 2222 qui
1368 2153 1638 2206 nondum
1677 2149 1957 2221 quintum
1994 2153 2051 2205 et

403 2242 765 2298 tricesimum
811 2240 1001 2309 attigit
1028 2256 1277 2309 annum,
1302 2240 1359 2293 in
1380 2239 1835 2311 praclarissimo
1861 2238 2049 2308 digni-

402 2335 591 2387 tatum
621 2345 927 2401 opumque
958 2327 1275 2399 splendore
1298 2344 1534 2400 semper
1548 2328 1883 2391 constituto,
1910 2343 2047 2398 qua

402 2435 526 2475 non
566 2435 773 2489 parum
827 2417 1239 2489 impedimenti
1293 2417 1504 2471 studiis
1578 2416 1786 2472 afferre
1835 2416 2045 2471 solent.

406 2510 587 2579 Spero
602 2507 879 2579 equidem
904 2506 1069 2577 quod
1090 2506 1425 2562 concredita
1455 2505 1570 2561 sibi
1589 2506 1805 2561 talenta
1824 2520 2047 2576 nequa-

402 2611 586 2667 quam
618 2594 677 2649 in
710 2600 924 2648 terram
953 2592 1223 2647 defodiet.
1256 2596 1613 2665 Quanquam
1662 2592 1822 2648 enim
1870 2591 2047 2647 etiam

404 2700 562 2740 nunc
597 2684 843 2739 lucerna
868 2682 943 2737 sit
973 2697 1088 2736 non
1107 2682 1311 2737 subter
1362 2681 1648 2747 modium,
1720 2681 1825 2736 sed
1869 2695 2048 2751 super

400 2773 828 2829 candelabrum
879 2770 1096 2843 posita,
1166 2768 1445 2825 omnibus
1514 2769 1617 2841 qui
1656 2769 1717 2824 in
1776 2768 2046 2824 Ecclesia

399 2862 583 2917 domo
608 2866 764 2927 sunt,
798 2861 933 2915 vita
958 2874 1029 2914 ac
1054 2874 1290 2914 morum
1337 2858 1690 2926 integritate,
1731 2856 2045 2912 librorum-

398 2966 516 3023 que
541 2949 833 3005 editorum
890 2947 1156 3003 doctrina
1198 2945 1545 3018 pralucens,
1599 2961 1667 3000 ac
1698 2951 1759 3000 ut
1784 2945 2046 3017 probum

400 3043 629 3112 praestet
682 3036 889 3093 Christi
916 3036 1120 3092 ovium
1181 3034 1293 3091 sibi
1330 3034 1805 3090 concreditarum
1852 3039 2046 3105 pasto-

396 3142 541 3190 rem,
575 3125 847 3197 plurimis
876 3125 1067 3197 iisque
1115 3123 1374 3179 maxime
1405 3121 1608 3178 arduis
1659 3121 2046 3193 distringatur

400 3215 649 3287 negotiis
691 3233 702 3267 :
731 3214 894 3271 dabit
916 3219 1117 3270 tamen
1138 3211 1509 3283 propediem,
1530 3211 1581 3265 si
1613 3210 1883 3266 divinare
1911 3210 2046 3267 licet

395 3305 600 3377 majus
640 3303 836 3360 adhuc
860 3302 951 3357 sui
981 3300 1283 3373 specimen
1312 3299 1374 3354 in
1400 3300 1617 3364 lucem,
1649 3314 1772 3370 quo
1818 3299 2045 3371 perspi-

394 3411 576 3451 cuum
619 3392 899 3448 omnibus
944 3392 1062 3455 tiet,
1124 3406 1219 3445 me
1274 3390 1402 3444 hac
1454 3387 1798 3444 assentandi
1855 3388 2044 3457 gratia

393 3483 642 3538 minime
670 3479 1098 3553 promulgasse,
1118 3478 1221 3531 sed
1241 3477 1415 3543 longe
1442 3476 1638 3530 adhuc
1658 3476 1815 3530 intra
1838 3476 2043 3531 verita-

391 3570 468 3626 tis
517 3570 733 3625 limites
784 3567 1087 3622 calamum
1125 3564 1502 3619 continuisse.
1565 3563 1735 3627 Quod
1779 3562 1826 3617 si
1871 3562 1962 3617 his
2010 3579 2043 3619 e

392 3659 590 3713 Graco
656 3655 953 3711 vertendis
1022 3667 1232 3708 vacare
1311 3649 1611 3713 voluisset,
1671 3666 2042 3722 supervacue

390 3745 564 3801 nobis
597 3745 897 3800 maximus
930 3741 1026 3795 hic
1068 3741 1239 3796 labor
1287 3743 1641 3795 sumeretur.
1700 3738 1831 3794 Scio
1881 3739 2041 3794 enim

390 3832 683 3889 nonnulla
707 3847 844 3887 eum
875 3828 1052 3902 quasi
1101 3844 1207 3901 per
1255 3828 1465 3883 ludum
1509 3826 1621 3880 sibi
1652 3826 1763 3897 ipsi
1803 3827 2041 3882 vertisse

2165 476 2340 542 dans,
2373 477 2821 534 necdumomne
2850 479 2911 533 id
2941 479 3105 550 quod
3120 480 3454 550 quarebam
3484 497 3581 536 me
3607 483 3804 552 opinor

2165 576 2528 620 assecutum.
2562 566 2607 622 Ο
2648 567 2874 622 utinam
2906 567 3049 622 tales
3078 566 3270 622 forent
3311 583 3521 624 omnes
3550 571 3799 642 episcopi

2165 667 2231 708 ac
2269 653 2728 725 dispensatores,
2760 671 2912 726 quos
2950 655 3239 710 Dominus
3287 658 3589 714 constituit
3638 675 3802 731 super

2164 740 2451 797 familiam
2510 757 2703 808 suam,
2756 748 2819 796 ut
2860 744 2998 798 dent
3030 742 3113 797 illi
3150 743 3351 799 cibum
3381 745 3442 799 in
3505 750 3748 817 tempore
3782 749 3794 801 ἔ

2164 828 2424 900 profecto
2488 830 2712 885 felicius
2761 835 3034 899 ageretur
3081 847 3215 887 cum
3295 832 3510 889 Christi
3579 834 3798 902 ovibus,

2162 917 2284 972 imo
2350 933 2487 972 cum
2541 922 2659 973 tota
2717 917 3023 989 republica
3082 918 3436 976 Christiana.
3496 922 3800 979 Prasulum

2160 1019 2423 1077 namque
2447 1009 2822 1077 etpastorum
2849 1006 3029 1062 vitam
3044 1022 3113 1063 ac
3130 1022 3326 1063 mores
3345 1022 3488 1077 grex
3505 1009 3802 1066 universus

2161 1092 2443 1149 imitatur.
2460 1095 2835 1165 Quapropter
2849 1094 3127 1150 omnibus
3153 1094 3207 1149 in
3227 1096 3428 1164 rebus,
3451 1098 3801 1155 ornatissime

2159 1181 2399 1253 prasul,
2430 1182 2544 1237 hoc
2590 1182 2827 1237 aurium
2858 1190 3267 1239 ornamentum
3305 1199 3381 1239 ne
3408 1182 3691 1257 fastidias,
3746 1192 3801 1242 te

2159 1285 2266 1341 per
2287 1274 2452 1325 tuam
2481 1270 2607 1324 orbi
2631 1272 2936 1338 cognitam
2965 1271 3391 1328 humanitatem
3419 1273 3596 1329 etiam
3634 1279 3804 1347 atque

2161 1358 2329 1413 etiam
2381 1358 2663 1414 obtestor.
2707 1359 2866 1414 Nosti
2906 1358 3068 1415 enim
3094 1359 3209 1432 ipsi
3235 1367 3599 1433 praceptum
3628 1362 3803 1419 fuisse

2161 1446 2321 1514 Mosi,
2353 1451 2416 1500 ut
2446 1446 2525 1501 ad
2555 1446 3005 1502 tabernaculum
3031 1464 3100 1504 ac
3116 1451 3526 1505 sanctuarium
3551 1456 3806 1507 constru-

2160 1536 2380 1589 endum
2411 1549 2530 1590 non
2573 1534 2751 1590 modo
2778 1551 2994 1591 aurum
3032 1540 3091 1592 et
3118 1541 3454 1609 argentum,
3488 1554 3800 1611 purpuram

2160 1628 2216 1679 et
2227 1623 2498 1694 byssum,
2517 1624 2743 1696 lapides
2756 1625 3088 1696 onychinos
3104 1641 3171 1682 ac
3187 1641 3459 1695 gemmas
3488 1629 3773 1700 acciperet
3790 1646 3804 1684 :

2159 1727 2370 1767 verum
2418 1712 2596 1768 etiam
2635 1712 2778 1768 viles
2815 1712 2967 1769 inter
3011 1718 3226 1770 catera
3265 1730 3580 1787 caprarum
3618 1716 3793 1788 pilos.

2161 1800 2285 1855 Scis
2310 1803 2366 1854 et
2401 1800 2595 1856 vidua
2625 1800 2747 1856 duo
2779 1816 2897 1856 ara
2945 1801 3177 1858 minuta
3228 1818 3350 1859 non
3402 1803 3585 1860 modo
3630 1804 3805 1861 fuisse

2161 1887 2388 1943 Christo
2406 1888 2768 1956 gratissima,
2792 1889 2898 1944 sed
2913 1889 3195 1945 omnibus
3211 1906 3455 1963 quoque
3480 1891 3805 1964 splendidis

2158 1974 2404 2031 divitum
2435 1976 2775 2031 muneribus
2814 1977 2890 2032 ab
2919 1992 2991 2033 eo
3034 1978 3356 2049 praposita
3386 1998 3398 2037 :
3427 1983 3486 2034 et
3523 1980 3800 2051 poculum

2158 2078 2333 2134 aqua
2370 2063 2593 2134 frigida
2643 2064 2851 2119 Christi
2898 2066 3135 2121 nomine
3164 2065 3532 2132 offerentem,
3590 2082 3801 2140 nequa-

2156 2168 2335 2222 quam
2355 2153 2596 2222 pramio
2611 2152 3038 2209 frauda'ihim.
3075 2154 3325 2223 Siigitur
3347 2171 3562 2211 munus
3587 2157 3694 2212 hoc
3725 2157 3805 2212 ad

2159 2245 2292 2295 tuas
2349 2240 2512 2295 domi
2544 2242 2836 2310 repositas
2892 2241 3132 2296 divitias
3187 2242 3483 2313 conferas,
3538 2244 3793 2315 profecto

2157 2328 2321 2383 vilius
2349 2329 2456 2384 erit
2476 2328 2892 2398 abjectissimis
2920 2345 3236 2400 caprarum
3268 2331 3400 2402 pilis
3429 2352 3440 2389 :
3475 2333 3569 2387 cui
3596 2332 3803 2388 nihilo-

2159 2418 2378 2483 minus,
2410 2417 2562 2472 sicut
2587 2422 2642 2472 et
2686 2417 2821 2482 illis,
2852 2418 3017 2472 locus
3047 2419 3156 2473 erit
3183 2419 3262 2475 ad
3291 2420 3582 2476 exteriora
3610 2421 3800 2477 taber-

2158 2505 2351 2561 naculi
2382 2506 2612 2561 Domini
2651 2506 3038 2562 asservanda.
3071 2508 3129 2563 Si
3180 2523 3322 2563 vero
3374 2508 3637 2564 animum
3682 2525 3806 2581 quo

2157 2594 2583 2649 munusculum
2622 2594 2736 2649 hoc
2757 2599 2870 2649 tua
2914 2594 3329 2652 illustrissima
3360 2595 3605 2653 oﬂ'ertur
3630 2598 3802 2653 Celsi-

2155 2682 2346 2744 tudini
2366 2682 2765 2754 conspexeris,
2795 2682 2985 2739 audeo
3015 2698 3299 2749 asserere,
3335 2700 3484 2741 auro
3504 2688 3560 2740 et
3611 2701 3818 2756 argen-

2156 2774 2235 2838 to,
2266 2785 2534 2843 purpura
2562 2774 2619 2825 et
2642 2769 2849 2840 bysso,
2878 2770 3180 2841 lapidibus
3204 2772 3523 2844 onychinis
3554 2788 3624 2828 ac
3652 2788 3817 2842 gem-

2154 2860 2269 2914 mis
2307 2858 2482 2927 longe
2522 2858 2890 2930 prastantius
2939 2858 3089 2915 fore.
3154 2861 3383 2915 Etenim
3408 2860 3457 2915 si
3481 2876 3605 2932 qua
3643 2864 3704 2917 in
3749 2879 3815 2919 re

2154 2947 2346 3009 detur,
2376 2952 2440 3001 ut
2470 2947 2753 3017 propensi
2784 2961 2927 3017 erga
2962 2951 3018 3002 te
3062 2948 3179 3003 mei
3217 2949 3401 3004 animi
3440 2948 3620 3004 facias
3665 2951 3815 3021 peri-

2154 3034 2350 3090 culum
2402 3034 2651 3097 nullam,
2680 3033 2879 3090 subire
2934 3051 3285 3092 recusavero
3339 3036 3722 3103 sententiam,
3765 3039 3813 3095 si

2154 3139 2249 3178 me
2322 3122 2448 3178 ullo
2493 3122 2674 3177 modo
2718 3129 2773 3177 te
2823 3122 3119 3178 inveneris
3170 3123 3467 3179 fefellisse.
3522 3127 3604 3181 Ne
3668 3141 3814 3197 ergo

2152 3227 2373 3266 munus
2396 3211 2510 3267 hoc
2539 3210 2599 3265 in
2617 3228 2679 3265 se
2709 3211 3073 3279 consideres,
3103 3227 3214 3268 nec
3243 3213 3322 3267 ad
3349 3212 3697 3269 universam
3730 3216 3814 3271 tui

2150 3299 2339 3354 musei
2383 3297 2806 3368 supellectilem
2868 3299 3185 3356 conferas:
3241 3302 3343 3356 sed
3372 3300 3453 3358 ad
3504 3301 3808 3358 oﬂerentis

2151 3388 2441 3457 animum,
2496 3403 2618 3459 quo
2657 3386 2717 3441 id
2771 3388 3102 3443 verecunde
3149 3389 3410 3458 porrigit,
3478 3405 3807 3460 parumper

2149 3475 2355 3530 oculos
2372 3475 2724 3536 deﬂecte.ac
2740 3477 3165 3531 munusculum
3211 3477 3586 3534 hilarifronte
3627 3480 3817 3534 susci-

2150 3578 2225 3635 pe
2252 3579 2265 3618 :
2294 3567 2357 3619 ut
2381 3563 2530 3618 dum
2555 3563 2683 3618 hac
2712 3579 2833 3619 non
2863 3564 3098 3633 ingrata
3145 3564 3250 3620 tibi
3279 3565 3460 3620 fuisse
3484 3565 3822 3637 deprehen-

2150 3653 2316 3718 dero,
2338 3653 2594 3724 majores
2612 3653 2691 3708 ad
2715 3653 3063 3724 hujusmodi
3085 3654 3282 3711 studia
3301 3655 3456 3711 vires
3476 3670 3815 3712 assumam.

2152 3740 2310 3807 Vale,
2338 3741 2665 3813 prasulum
2695 3741 2879 3796 decus
2909 3741 3217 3797 eximium.
3272 3742 3520 3799 Lovanii
3581 3759 3748 3799 anno
3778 3761 3819 3801 a

2151 3834 2317 3899 partu
2348 3828 2636 3897 virgineo,
2672 3829 2826 3893 1545,
2870 3833 3038 3883 sexto
3054 3828 3193 3883 Idus
3218 3830 3486 3899 Augusti.

528 4117 859 4207 Ejusdem
882 4118 1256 4184 admonitio
1288 4112 1368 4179 de
1393 4116 1677 4179 auctore
1700 4110 2044 4267 Ιῑονιῖφέιᾶε

2162 4114 2645 4265 rylzentariorum
2665 4135 2748 4177 ex
2785 4111 3085 4180 editione
3126 4116 3220 4201 (a)
3262 4114 3669 4181 Lovaniensi

2162 4222 2171 4262 ι
2211 4252 2224 4265 .

2034 4253 2049 4281 ,
2095 4221 2224 4281 Ῑοι.

462 4350 743 4408 Studioso
777 4346 1019 4405 Lectori.

461 4440 610 4496 Cum
639 4439 750 4494 hos
786 4434 1258 4493 Commentarios
1297 4437 1431 4488 ante
1463 4431 1692 4504 aliquot
1713 4431 2042 4503 menses(b)

389 4528 451 4582 in
476 4526 670 4581 lucem
699 4524 1034 4589 ederemus,
1064 4522 1326 4577 studiose
1355 4520 1553 4585 lector,
1583 4535 1694 4575 nec
1713 4519 1853 4575 certi
1872 4518 2043 4589 quid-

389 4630 575 4688 quam
604 4612 975 4674 haberemus,
1018 4609 1181 4682 quod
1219 4609 1293 4664 de
1334 4613 1574 4664 auctore
1612 4606 2039 4672 divinaremus,

390 4704 643 4761 aliorum
688 4700 905 4770 magis,
968 4713 1154 4769 quam
1192 4702 1464 4752 nostrum
1496 4696 1681 4752 secuti
1721 4694 2041 4766 judicium,

387 4791 615 4865 prafati
656 4805 889 4854 sumus,
931 4785 1296 4860 quibusdam
1337 4784 1523 4840 videri
1559 4787 1865 4840 auctorem
1911 4799 2043 4840 esse

460 4971 541 5095 (al)
568 4972 728 5025 Hanc
758 4958 1097 5048 editionem,
1130 4979 1317 5034 quam
1358 4962 1648 5044 beneﬁcio
1679 4960 1901 5042 ileynii,
1938 4961 2044 5045 viri

463 5042 508 5095 ri
541 5040 756 5095 lustris.
815 5054 885 5093 ex
936 5035 1292 5090 bibliotheca
1344 5036 1732 5089 univerSitatis
1794 5033 2044 5086 Goettin-

384 5033 885 5113 perillustris,_ex
936 5033 1292 5113 bibliotheca
1344 5033 1742 5113 universitatis
1794 5033 2045 5113 Cogniti-

383 5103 582 5183 gensis
595 5104 1485 5183 accepi,_rece_nset.Hamberger,
1500 5105 1574 5183 ign
1602 5103 1840 5183 m’crten_
1856 5103 2046 5183 Theile

387 5174 491 5238 ἷίον
512 5174 923 5250 zuverlc’issigcn
943 5175 1341 5233 Nachrichten
1362 5191 1472 5231 von
1495 5176 1601 5231 den
1630 5174 2043 5230 vornehmsten

385 5250 1168 5327 Schrittstellezjighpagﬁ?
1204 5251 1290 5327 8.3;
1409 5318 1420 5327 _
1603 5314 1635 5327 ,,
1738 5318 1748 5327 ,
1955 5315 1967 5326 .

458 5325 542 5450 (ὺέ
572 5328 740 5405 A_nno
765 5317 953 5403 .1543,
998 5322 1176 5401 .sexto
1224 5317 1365 5374 Idus
1394 5317 1657 5387 Augusti,
1690 5318 1757 5371 ut
1809 5330 1882 5371 ex
1915 5317 2044 5386 ejus

458 5412 511 5450 'a
538 5401 732 5450 atione
763 5392 1129 5450 intelligitur.

387 5391 732 5470 prafatione
763 5391 1129 5470 intelligitur.
1226 5459 1236 5470 υ
1615 5458 1627 5470 ο
1680 5458 1690 5469 ⁸
1888 5457 1921 5470 ν
1976 5457 1987 5467 ⁸

458 5457 1005 5539 (clluagnum‘ess—e
1059 5459 1395 5539 discrimeri
1435 5458 1746 5539 acuminis,
1799 5457 2040 5539 ordinis,

388 5528 1117 5604 consiliifgracitatisque
1165 5532 1319 5604 inter,
1360 5528 2043 5604 Pseudo—OEcumenium

385 5614 443 5665 et
482 5600 633 5665 inter
672 5600 1073 5678 Euthymiuni,
1098 5617 1278 5659 nemo
1305 5602 1367 5657 in
1388 5600 1645 5657 dubium
1660 5600 1911 5663 vocabit,
1939 5601 2044 5672 qui

2075 4342 2121 4397 D
2156 4341 2594 4405 (Ecumenium,
2651 4357 2834 4413 quem
2889 4341 2951 4396 in
3002 4345 3218 4398 catera
3261 4341 3405 4397 Novi
3453 4344 3829 4399 Testamenti

2151 4428 2319 4484 brevi
2369 4444 2407 4483 a
2447 4429 2614 4484 nobis
2666 4430 2939 4486 Latinum
2997 4431 3276 4502 accipies.
3328 4433 3703 4503 Quanquam
3732 4434 3836 4503 (ut.

2150 4532 2360 4573 verum
2389 4516 2599 4588 fatear)
2626 4519 2801 4590 hujus
2824 4518 3058 4591 phrasis
3097 4518 3176 4575 ab
3205 4519 3303 4574 illo
3341 4534 3459 4575 non
3488 4535 3709 4592 parum
3744 4522 3834 4593 (ε)

2150 4605 2296 4661 mihi
2326 4605 2613 4662 dissidere
2638 4606 2974 4664 videbatur.
3006 4610 3167 4663 Nunc
3188 4623 3328 4663 vero
3341 4609 3623 4665 eumdem
3656 4610 3837 4665 nacti

2153 4698 2457 4750 auctorem
2507 4694 2566 4749 in
2619 4695 2885 4752 Psalmos
2941 4695 3279 4761 Davidicos,
3330 4700 3390 4752 et
3443 4696 3505 4752 in
3570 4697 3843 4754 Cantica.

2152 4798 2287 4854 qua
2321 4783 2402 4854 (ά)
2441 4798 2564 4839 una
2619 4799 2756 4839 cum
2820 4781 3068 4840 Psalmis
3132 4785 3292 4841 canit
3349 4784 3633 4855 Ecclesia,
3690 4786 3843 4856 jam

2152 4964 2475 5033 utrumque
2498 4960 2721 5029 legerit,
2742 4962 2854 5033 sed
2866 4961 2941 5033 de
2959 4962 3316 5018 (Ecumenio
3332 4962 3477 5033 quid
3503 4961 3812 5019 sentirem
3824 5006 3840 5029 ,

2152 5031 2268 5105 dici
2281 5031 2436 5105 alibi.
2454 5032 2598 5086 Cum
2626 5032 2944 5105 Euthymio
2958 5033 3119 5105 nullo
3138 5033 3320 5105 modo
3338 5031 3845 5105 comparandus.

2152 5102 2505 5177 _Situillir_nu_s
2529 5108 2727 5177 autem
2769 5103 3081 5177 Euthymio
3117 5108 3207 5159 est
3246 5102 3853 5177 PesudolTheophy-

2151 5173 2344 5229 lactus
2376 5172 2435 5227 in
2464 5173 2760 5244 Epistolas
2798 5172 3090 5230 Paulinas.

2224 5244 2303 5314 (ἀ)
2334 5244 2449 5299 Ista
2497 5245 2731 5316 cantica
2783 5245 2844 5300 in
2902 5245 3199 5316 plerisque
3255 5245 3562 5302 codicibus
3592 5253 3704 5297 τῶν
3750 5247 3852 5313 Ο’,

2148 5316 2486 5389 junguntur
2524 5315 2829 5389 __Ps_almis.
2884 5315 3217 5389 Atqueiita
3248 5318 3455 5389 Aetiam
3507 5318 3716 5389 reperi
3778 5318 3855 5373 in

2151 5384 2391 5441 duobus
2432 5384 2739 5442 codicibus
2764 5384 3219 5458 MOsquensibus
3247 5384 3626 5444 Psalmorum
3686 5404 3859 5445 cum

2151 5458 2631 5529 interpretatione
2665 5458 2981 5527 Euthymii,
3047 5459 3332 5514 nimirum
3371 5475 3431 5515 in
3470 5460 3610 5515 cod.
3678 5460 3856 5516 Bibl.

2156 5529 2255 5585 SS.
2278 5529 2495 5600 synodi
2521 5545 2685 5585 num.
2719 5532 2823 5585 196
2847 5533 2906 5585 et
2932 5531 3022 5584 97.
