3976 6222
163 222 204 270 u
517 231 526 236 -
1639 198 2030 256 PRASFATIO.
3465 198 3529 248 ἂι)

165 340 372 395 secundo
396 339 464 407 (e)
500 338 655 409 typis
684 352 994 398 excusum,
1029 335 1351 390 certissimo
1392 331 1604 386 certius
1636 329 1762 382 ausi
1799 326 1837 375 Α
1877 325 1937 376 Et
1974 323 2286 392 utrobique
2319 335 2497 390 super
2522 335 2592 374 eo
2641 321 2839 380 verbo,
2868 319 3113 372 Prieibis
3141 326 3276 374 ante
3311 321 3528 387 faciem

167 426 483 484 sumusferre
552 425 870 495 judicium,
916 424 1134 479 horum
1183 419 1763 476 Commentariorum

173 524 405 573 auctorem
437 529 571 569 esse
608 513 990 583 Euthymium
1021 511 1094 582 (Γ)
1148 509 1536 579 Zigabonum.
1565 509 1764 576 Neque

183 607 293 660 enim
316 619 471 657 ovum
511 617 635 657 ovo
693 600 802 656 fuit
834 615 1101 671 unquam
1154 599 1306 653 adeo
1334 596 1545 659 simile,
1577 609 1762 665 quam

180 697 265 749 δέρε
287 692 349 762 (g)
377 689 603 762 phrasis
632 689 733 744 illi.
759 688 974 744 Videas
1005 689 1063 743 in
1092 693 1340 757 utroque
1368 690 1601 753 gratam
1628 697 1762 736 cum

173 782 299 836 simili
326 781 522 848 pietate
561 778 946 846 brevitatem,
985 778 1345 831 succinctam
1389 773 1760 829 Hebraismo-

171 887 268 926 rum
289 868 774 939 explanationem.
799 869 862 922 Et
885 864 1404 938 quemadmodum
1432 863 1514 918 ibi
1546 861 1761 917 Psalte-

168 962 302 1021 rium,
326 958 395 1012 ita
428 956 599 1012 ethic
628 955 1006 1024 singulorum
1057 953 1555 1022 evangelistarum
1595 965 1760 1004 enar-

168 1050 370 1103 rationes
396 1046 574 1102 simili
601 1061 676 1100 ac
718 1048 1078 1116 pervenusta
1107 1041 1407 1097 concludit
1433 1041 1520 1111 (ἡ)
1555 1037 1761 1101 doliola-

167 1143 232 1206 γίᾳ
267 1138 440 1206 juncta
491 1138 826 1205 παραινέσει.
896 1132 1060 1186 Adde
1130 1133 1193 1202 (ἱ)
1246 1130 1399 1200 quod
1456 1130 1602 1184 inter
1653 1145 1762 1183 Cte-

166 1230 262 1280 tera
303 1229 512 1280 enarrat
559 1226 620 1278 et
653 1221 844 1278 Mariae
897 1237 966 1276 ac
991 1221 1280 1276 Zachariae
1346 1220 1594 1283 cantica,
1628 1234 1760 1289 qum

165 1316 298 1369 habet
331 1315 500 1368 Lucas
541 1313 745 1383 primo
775 1311 965 1382 capite
1000 1328 1011 1364 :
1054 1325 1314 1381 quorum
1372 1313 1427 1362 et
1451 1307 1510 1362 in
1568 1307 1683 1362 hoc
1706 1310 1761 1361 et

165 1404 201 1456 in
229 1403 307 1456 illo
329 1402 485 1465 libro,
515 1399 724 1455 verbis
745 1399 1030 1453 duntaxat
1048 1413 1152 1468 pro
1176 1397 1453 1452 varietate
1482 1395 1760 1466 interpre-

168 1490 586 1548 tumimmutatis,
624 1488 910 1543 eamdem
944 1486 1166 1542 videbis
1200 1485 1756 1556 interpretationem.

1875 411 2113 464 Domini
2163 424 2376 478 parare
2405 408 2532 464 vias
2591 410 2739 476 ejus.
2786 407 2928 472 Quae
2971 407 3106 470 sint,
3173 407 3380 480 inquit,
3415 410 3527 464 via:

1873 499 1999 567 ejus
2050 498 2310 552 diximus
2375 497 2540 552 tertio
2599 496 2792 566 capite
2843 495 3136 564 Evangelii
3191 497 3528 554 secundum

1873 587 2233 652 Matthmum,
2269 586 2636 640 ubihabetur
2669 605 2680 642 :
2709 587 2826 640 V0.2:
2848 586 3161 639 clamantis
3191 585 3254 640 in
3281 586 3522 651 deserto,

1868 679 2084 744 parate
2113 676 2279 732 viam
2293 674 2554 732 Domini.
2571 673 2720 728 Cum
2750 673 2876 727 haec
2900 673 3134 744 aliaque
3150 673 3526 746 plurimaque

1871 764 2203 817 certissima
2269 763 2342 816 de
2399 765 2510 816 hoc
2572 767 2812 817 auctore
2870 761 3092 815 indicia
3131 762 3516 827 haberemus,

1870 851 2196 906 maluimus
2228 851 2285 906 in
2343 851 2436 904 his
2489 867 2622 922 quae
2675 850 2948 905 nondum
3003 849 3286 907 distracta
3338 858 3522 918 erant,

1870 939 2331 1012 exemplaribus,
2385 939 2653 994 studioso
2690 939 2887 994 lectori
2925 938 2982 992 id
3025 937 3308 1009 indicare,
3339 955 3526 1012 quam

1869 1044 2003 1082 eum
2036 1028 2256 1082 diutius
2307 1043 2666 1099 suspensum
2716 1032 2928 1083 tenere.
2982 1029 3169 1092 Quare
3223 1028 3370 1082 sicut
3399 1029 3525 1084 illo-

1869 1133 2000 1171 rum
2028 1117 2592 1171 Commentariorum
2629 1117 2687 1171 in
2707 1116 2987 1180 Psalmos,
3013 1121 3319 1172 auctorem
3343 1133 3522 1172 nemo

1869 1205 2096 1260 dubitat
2157 1221 2290 1260 vere
2347 1221 2474 1260 esse
2544 1205 2923 1276 Euthymtum
2981 1205 3376 1274 Zigabonum,
3439 1207 3523 1262 sic

1869 1309 2058 1364 neque
2099 1293 2376 1366 deinceps
2437 1295 2651 1348 horum
2681 1293 2738 1348 in
2782 1294 3100 1363 Evangelia
3139 1294 3524 1351 Commenta-

1866 1383 2085 1436 riorum
2103 1382 2435 1449 suspicetur
2450 1383 2773 1453 quisquam
2811 1382 2993 1437 alium
3016 1398 3143 1437 esse
3181 1388 3512 1440 auctorem.

1866 1471 2026 1525 Vale.
2054 1475 2221 1525 Anno
2251 1472 2405 1525 1544.
2440 1472 2619 1524 Nonis
2655 1471 2974 1526 Februarii.

219 1671 272 1730 (ε)
301 1668 365 1720 Ex
383 1665 485 1720 hoc
512 1663 738 1732 colligit
763 1661 1220 1731 Hambergerus,
1247 1675 1427 1732 supra
1448 1657 1750 1732 laudatus:

1903 1648 2028 1732 ἰιρά
2058 1647 2113 1702 in
2156 1648 2420 1732 hac__ipsa
2451 1647 2732 1732 editione.
2753 1647 3070 1727 Euthymii,
3091 1648 3238 1732 anni
3276 1653 3428 1713 1544,
3465 1651 3522 1703 in

173 1729 276 1789 Das:
317 1737 470 1805 arrige
495 1729 888 1800 Excinplare,
913 1729 1078 1805 alter
1131 1729 1759 1805 tValtrsc/ieigzlichkcit

171 1808 300 1866 nach,
315 1801 740 1868 dasVa/zr13343,
762 1804 1011 1871 aufdem
1033 1803 1182 1858 Titel
1195 1801 1443 1870 fiihren.
1461 1801 1573 1855 Sed
1589 1817 1757 1856 voca-

171 1876 330 1932 bulum
369 1893 637 1932 excusum
686 1881 776 1930 est
821 1873 1192 1944 ambiguum.
1237 1872 1756 1944 Incertumienim,

175 1955 327 2003 utrum
347 1949 412 2003 ad
436 1947 920 2002 Commentarios
959 1942 1020 2001 in
1045 1945 1335 2003 Psalmos.
1369 1959 1445 1998 an
1485 1943 1563 1998 ad
1593 1942 1760 1998 Com-

183 2019 428 2073 meutarios
467 2019 525 2074 in
567 2016 902 2074 Evangelia
932 2018 1004 2071 sit
1044 2015 1441 2070 referendum.
1479 2015 1590 2069 Sed
1618 2013 1756 2068 illud

222 2094 316 2142 uto.
342 2089 524 2144 Etenim
554 2084 1050 2144 Montet'alconius
1089 2088 1149 2141 in
1190 2085 1551 2140 Bibliotheca
1604 2084 1760 2139 Cois-

199 2159 360 2219 iniana,
384 2177 427 2230 p.
454 2162 535 2224 58,
568 2163 876 2230 memorat
899 2157 1131 2230 illorum
1160 2155 1756 2230 Commentariorum,

175 2244 224 2302 ex
245 2228 666 2302 interpretatione
687 2228 950 2302 Philippi
973 2229 1157 2302 Sauli,
1173 2228 1506 2302 editionem
1519 2228 1759 2302 Veronae

173 2301 311 2356 iii-fol.
336 2298 455 2356 ann.
488 2303 644 2370 1530,
679 2307 737 2354 et
769 2298 1263 2370 Lutet.in-8,ann.
1292 2298 1756 2370 175743.7Priorem,

169 2371 207 2442 si
225 2379 346 2425 recte
371 2369 773 2435 memini,vidi
799 2370 1111 2442 quondam
1156 2370 1216 2423 in
1245 2369 1603 2442 bibliotheca
1633 2383 1758 2422 am-

169 2439 365 2510 plissimi
390 2450 617 2498 senatus
642 2439 996 2512 Lipsiensis.
1059 2441 1241 2506 Hanc,
1277 2445 1338 2494 ut
1376 2440 1623 2512 videtur,
1657 2454 1758 2493 no-

170 2519 227 2584 tat
251 2513 666 2584 Hambergenls,
696 2510 837 2568 loco
859 2512 1091 2584 laudato
1121 2526 1474 2584 quanquam
1529 2510 1623 2564 hic
1651 2525 1760 2580 pro

169 2580 373 2649 Lutetia,
396 2580 623 2657 scripsit
638 2584 904 2640 Parisiis.
929 2580 1185 2638 Alterum
1205 2580 1624 2652 argumentum
1651 2586 1758 2644 est,

1870 1717 2061 1791 Indice
2109 1718 2417 1791 scribitur:
2453 1736 2481 1767 «
2526 1717 2690 1772 Liber
2718 1718 2814 1772 hic
2858 1733 3052 1788 neque
3088 1718 3302 1791 Graece,
3329 1735 3522 1791 neque

1871 1789 2070 1869 Latine
2081 1795 2258 1869 antea
2270 1789 2428 1869 typis
2442 1804 2710 1869 unquam
2723 1805 2976 1869 excusus
2987 1793 3093 1844 est.
3107 1810 3134 1837 »
3153 1790 3412 1869 genique
3425 1789 3522 1845 hic

1871 1859 1926 1913 in
1951 1860 2068 1932 ﬁne
2092 1860 2266 1932 hujus
2296 1859 2740 1914 admonitionis
2799 1859 3012 1928 legitur
3053 1877 3121 1914 :«
3164 1860 3224 1914 In
3258 1859 3344 1932 his
3383 1877 3520 1932 quae

1868 1931 2140 1985 nondum
2186 1931 2467 1986 distracta
2509 1935 2694 1993 erant,
2741 1952 2768 1979 »
2797 1939 2903 1985 etc.
2956 1932 3052 1985 Est
3094 1945 3236 1998 ergo
3283 1931 3434 2000 haec,
3462 1936 3526 1987 ut

1869 2001 2066 2065 credo,
2105 2002 2282 2056 editio
2313 2001 2614 2072 princeps,
2650 2006 2879 2057 mutato
2905 2005 3136 2056 tantum
3164 2001 3375 2056 Iudice.

1939 2073 2014 2210 γ’)
2056 2073 2159 2134 Ita,
2201 2088 2310 2143 pro
2340 2073 2684 2142 Zigabenus.

1960 2144 2252 2210 g)ldipse
2317 2143 2496 2199 etiam
2552 2148 2684 2199 testa

1960 2144 2252 2214 g)ldipse
2317 2143 2496 2199 etiam
2552 2144 2747 2199 testari
2776 2158 3042 2214 possum,
3107 2159 3239 2198 cum
3289 2143 3522 2199 codices

1867 2213 2244 2284 Mosquenses
2272 2214 2639 2270 Psalmorum
2667 2213 3063 2270 tractaverim.

1941 2284 2020 2356 (h)
2045 2285 2187 2365 “Sed
2241 2285 2354 2339 hoc
2406 2286 2466 2340 in
2492 2285 2761 2358 pluribus
2795 2286 3034 2340 Patrum
3067 2285 3520 2341 Commentariis

1867 2361 2177 2426 reperitur.

1940 2442 2004 2513 (i)
2034 2443 2131 2497 His
2161 2448 2217 2498 et
2237 2443 2529 2500 similibus
2551 2443 2990 2513 argumentisin
3017 2442 3222 2514 primis
3249 2444 3517 2512 efﬁcitur,

1869 2519 2168 2593 auctorem
2223 2514 2435 2570 horum
2507 2515 3082 2571 Commentariorum
3129 2530 3262 2571 esse
3307 2516 3519 2586 Euthy-

1869 2599 2081 2639 mlum.

1067 2941 1671 3031 EJUSDEM
1808 2943 2552 3039 PR/EFATIO.

665 3259 940 3318 Candide
956 3260 1196 3316 Lectori.

221 3441 287 3494 Ne
325 3440 446 3510 quid
487 3442 540 3498 in
595 3443 721 3498 hoc
801 3446 1037 3496 auctore
1093 3437 1425 3496 evolvendo
1497 3438 1751 3506 haesitas,

161 3527 366 3584 candide
389 3529 603 3597 Lector,
664 3529 876 3603 paucis
905 3529 978 3585 de
1008 3529 1187 3584 rebus
1217 3532 1271 3583 te
1302 3527 1583 3583 duximus
1609 3543 1753 3599 pree-

157 3619 488 3674 monendum.
540 3621 606 3675 1d
698 3620 877 3690 igitur
923 3619 1178 3688 primum
1234 3618 1324 3684 sit,
1379 3617 1541 3688 quod
1593 3617 1649 3670 in
1683 3632 1753 3671 eo

155 3706 420 3776 exemplari
443 3709 608 3780 quod
631 3707 718 3763 ad
748 3711 983 3761 nostras
1036 3721 1252 3760 manus
1283 3705 1568 3776 pervenit,
1595 3720 1754 3775 quie-

153 3790 258 3848 dam
315 3798 731 3853 annotationes
764 3795 1058 3850 interdum
1121 3794 1494 3863 ponebantur
1545 3793 1628 3863 (lc)
1693 3793 1750 3847 in

153 3885 460 3953 marginibus
494 3903 725 3960 :quas,
765 3901 903 3940 cum
943 3899 1322 3955 nequaquam
1381 3881 1753 3954 paenitendas

149 3985 420 4038 censerem,
470 3992 599 4031 non
625 3974 740 4029 fuit
800 3973 1040 4029 animus
1072 3975 1310 4044 penitus
1361 3970 1638 4042 abjicere,
1680 3986 1753 4025 ne

147 4061 212 4113 vel
231 4060 326 4118 hoc
355 4063 690 4120 commodo
761 4061 1139 4118 fraudareris.
1200 4062 1411 4116 Verum
1446 4075 1520 4116 ne
1550 4060 1754 4130 hujus-

146 4150 264 4203 modi
311 4150 809 4210 adnotationibus
861 4151 1161 4221 margines
1206 4150 1590 4222 replerentur,
1647 4165 1754 4206 nec

147 4244 259 4292 esset
300 4243 562 4312 spatium
631 4239 932 4311 ponendis
980 4256 1164 4296 sacrae
1232 4239 1540 4310 Scriptura;
1584 4238 1752 4306 locis,

147 4337 244 4392 quae
286 4331 511 4400 passim
561 4329 648 4386 ab
692 4333 932 4385 auctore
979 4328 1256 4394 citantur,
1289 4343 1391 4384 eas
1429 4328 1490 4382 in
1519 4327 1755 4398 reliquae

138 4412 400 4484 Scriptura:
448 4418 739 4475 ordinem
793 4416 1148 4487 redegimus,
1205 4419 1382 4488 atque
1447 4420 1583 4487 post
1628 4417 1755 4486 ejus

139 4503 389 4567 particulae
411 4510 620 4562 textus
653 4506 1092 4561 enarrationem
1141 4506 1219 4561 ad
1245 4520 1422 4577 quam
1452 4504 1757 4574 poneban-

1791 3257 1833 3311 C
1863 3259 2043 3315 habet
2079 3261 2388 3331 originem,
2444 3277 2580 3332 quae
2611 3262 2743 3317 loca
2791 3267 3000 3317 auctor
3059 3267 3279 3326 noster,
3319 3265 3515 3334 utqui

1863 3349 2096 3404 Grmcus
2122 3354 2352 3404 tantum
2377 3354 2547 3414 esset,
2563 3349 3518 3420 automninopraatermiserat,aut

1862 3437 2549 3496 infelicitertractaverat.
2567 3441 2627 3493 In
2642 3437 2836 3509 primo
2851 3437 3048 3493 statim
3063 3436 3327 3508 cujusvis
3342 3437 3512 3492 faciei

1863 3524 2026 3581 initio
2055 3541 2275 3582 nomen
2293 3526 2696 3596 evangelista,
2717 3542 2838 3581 una
2861 3541 2998 3580 cum
3029 3525 3241 3596 capitis
3262 3541 3515 3582 numero

1857 3615 2018 3686 juxta
2041 3616 2372 3670 Latinorum
2405 3615 2914 3671 enumerationem
2955 3615 3270 3686 posuimus
3298 3631 3309 3668 :
3333 3631 3516 3686 supra

1861 3703 2026 3775 ipsos
2055 3709 2252 3759 autem
2280 3703 2512 3774 paginae
2527 3720 2752 3768 versus,
2784 3703 3132 3773 majusculis
3154 3703 3380 3766 litteris,
3411 3720 3515 3759 nu-

1864 3808 2093 3847 merum
2106 3792 2308 3864 capitis
2316 3792 2485 3863 juxta
2497 3792 2828 3848 Grmcorum
2841 3791 3326 3863 supputationem
3350 3793 3516 3864 quod

1862 3896 1992 3936 eam
2029 3881 2218 3936 solam
2263 3885 2468 3936 auctor
2499 3885 2694 3936 noster
2724 3884 2844 3936 toto
2876 3894 3056 3951 opere
3089 3885 3512 3952 prosequatur.

1937 3971 2087 4025 Loca
2115 3985 2256 4025 vero
2285 3985 2316 4024 e
2351 3969 2546 4025 Bibliis
2559 3968 2757 4038 citata,
2791 3971 2895 4024 aut
2919 3984 2990 4024 ea
3003 3969 3514 4033 concernentia,in

1863 4057 2132 4129 margine
2189 4057 2606 4115 adnotavimus
2632 4075 2649 4122 ;
2692 4056 3145 4128 numerisjuxta
3172 4057 3516 4112 Latinorum

1862 4145 2301 4202 distinctionem
2329 4147 2526 4218 capita
2545 4145 3015 4215 designantibus,
3044 4143 3211 4216 quod
3240 4145 3367 4200 haec
3393 4145 3518 4217 opi-

1863 4250 2077 4290 nemur
2106 4251 2234 4291 esse
2271 4233 2370 4290 tibi
2403 4234 2652 4290 notiora.
2713 4233 2821 4289 Ubi
2881 4238 3082 4289 autem
3140 4233 3306 4288 locus
3355 4234 3518 4305 quis-

1864 4323 2032 4395 piam
2069 4324 2303 4390 citatus,
2329 4338 2450 4378 non
2483 4321 2658 4376 fuerit
2687 4321 2748 4375 in
2779 4322 3049 4390 margine
3075 4335 3406 4392 expressus,
3438 4319 3516 4374 ad

1866 4411 2140 4484 ejusdem
2161 4411 2481 4467 voluminis
2497 4409 2696 4465 locum
2726 4414 2903 4464 antea
2923 4409 3168 4464 citatum
3196 4408 3512 4473 recurrito;

1865 4501 1930 4556 id
1984 4499 2142 4556 enim
2195 4499 2269 4554 de
2293 4498 2584 4554 industria
2639 4497 2972 4562 omisimus,
3021 4512 3096 4551 ne
3121 4495 3282 4551 idem
3337 4501 3520 4568 caput

136 4593 215 4654 tur,
241 4591 570 4651 locavimus
608 4612 622 4649 :
650 4595 818 4650 certis
841 4593 1487 4666 tamenquibusdam(l)
1510 4593 1754 4659 notulis,
1790 4598 1836 4652 D
1867 4589 2135 4661 ejusdem
2165 4587 2480 4643 voluminis
2506 4586 2676 4642 toties
2698 4585 2918 4641 iteratis
2951 4584 3182 4640 vicibus
3205 4585 3518 4641 adnotare-

137 4675 238 4733 hinc
253 4683 493 4753 quidem
508 4683 973 4740 adnotationem
989 4683 1198 4756 ipsam,
1222 4683 1384 4738 illinc
1405 4697 1541 4738 vero
1559 4683 1758 4738 locum

133 4767 622 4844 cuirespondeant
671 4771 1146 4842 designantibus.
1172 4771 1330 4829 Alias
1359 4775 1580 4837 autem,
1621 4787 1758 4843 quae

132 4853 332 4916 duobus
358 4863 571 4918 verbis
603 4861 867 4933 capitum
898 4861 1218 4917 sententias
1243 4861 1757 4927 demonstrabant,

132 4945 225 4999 suis
249 4947 388 5005 locis
413 4950 808 5022 reliquimus.
843 4949 996 5015 Quin
1035 4955 1091 5006 et
1115 4951 1322 5022 paucis
1370 4950 1430 5004 in
1461 4949 1626 5012 locis,
1660 4949 1759 5004 ubi

131 5046 285 5100 Opera!
332 5041 608 5111 pretium
659 5039 858 5094 visum
897 5044 1002 5104 est,
1033 5043 1270 5096 nostras
1305 5054 1547 5111 quoque
1577 5038 1762 5093 adnoo

131 5123 451 5186 ratiunculas
487 5129 756 5199 margini
797 5128 1136 5185 addidimus
1170 5147 1180 5184 :
1211 5129 1541 5201 praesertim
1576 5149 1586 5186 :
1623 5144 1760 5183 cum

129 5211 292 5272 ὕεια-ω
340 5220 538 5274 dictio
600 5215 806 5290 aliqua
856 5217 1191 5275 Hebraicam
1244 5223 1349 5274 aut
1377 5216 1761 5277 Chaldaicam

176 5415 247 5474 ila)
280 5415 445 5470 Idem
472 5413 830 5469 observavit
855 5413 1181 5470 Richardus
1215 5414 1514 5471 Simonius
1562 5416 1619 5470 in
1651 5419 1760 5470 Eu-

126 5481 300 5605 :iymii
345 5484 678 5568 codicibus
749 5484 1040 5550 Parisinis,
1120 5489 1178 5542 et
1242 5503 1351 5542 nos
1404 5487 1464 5542 in
1512 5491 1764 5558 utroque

159 5570 452 5608 05008081.

189 5573 452 5628 squenSI.

378 5656 653 5711 ΡΑτιοι..
699 5653 804 5708 Gn.
845 5653 1074 5712 CXXIX.

1867 4696 2026 4735 mus.
2057 4682 2330 4749 Ignosces
2367 4677 2543 4732 etiam
2575 4690 2684 4746 pro
2710 4678 2812 4730 tua
2835 4673 3230 4738 humanitate,
3267 4674 3520 4730 candide

1865 4768 2065 4838 lector,
2089 4766 2255 4839 quod
2276 4781 2446 4822 voces
2459 4763 2755 4836 quasdam
2775 4777 2899 4818 non
2911 4763 3323 4826 vitaverimus,
3347 4763 3520 4834 aqui-

1866 4858 1982 4914 bus
2011 4861 2219 4912 nostro
2249 4855 2359 4910 hoc
2376 4852 2611 4909 feliciori
2630 4852 2846 4907 saeculo
2871 4851 3196 4907 abhorrent
3214 4851 3518 4915 nonnulli;

1868 4945 2044 5004 veluti
2075 4950 2227 5008 sunt,
2281 4943 2560 5008 salvator,
2600 4943 2846 5005 salvare,
2887 4940 3153 5009 compati,
3196 4941 3518 5010 compassio,

1869 5033 2442 5106 incompassibilitas,
2475 5031 2848 5100 dispensatio,
2881 5029 3294 5098 dispensatorie
3358 5045 3422 5084 ac
3450 5028 3524 5083 si-

1871 5126 2079 5181 miles:
2146 5121 2514 5194 potissimum
2545 5135 2682 5174 cum
2731 5118 2992 5173 viderem
3035 5117 3401 5173 doctissimos
3454 5133 3523 5172 ac

1873 5210 2395 5286 eloquentissimos
2447 5207 2782 5264 christianaa
2808 5205 3105 5277 religionis
3151 5221 3425 5278 proceres
3447 5204 3524 5260 ab

1947 5411 2013 5480 (ι)
2045 5408 2324 5464 Nimirum
2354 5407 2527 5476 signo
2565 5404 2751 5460 crucis
2801 5403 2963 5475 quod
2996 5419 3102 5458 nos
3127 5418 3367 5475 quoque
3399 5399 3525 5453 imi-

1877 5484 1980 5538 tati
2006 5497 2238 5536 sumus.

3211 5641 3242 5692 ‘2
