3976 6222
386 242 456 307 43
1903 209 2297 277 PREFATIO.
3735 202 3809 258 44

386 378 480 433 his
511 386 901 447 nequaquam
954 365 1351 430 abhorruisse,
1404 360 1827 418 Tertullianum
1879 351 2032 409 dico.

386 462 782 525 Lactantium,
831 457 1218 530 Cyprianum,
1266 453 1694 523 Hieronymum
1728 449 1781 501 et
1811 448 2037 530 Augus-

387 557 595 618 tinum,
621 551 725 624 qui
754 527 935 605 etiam
960 563 1081 602 xm.
1112 548 1191 601 De
1234 542 1458 606 Trinit.,
1489 556 1594 611 cap
1624 538 1707 602 10,
1743 534 1822 589 ita
1852 527 2037 624 loqui-

386 650 479 701 tur
506 662 520 699 :
545 665 566 693 ι
602 639 722 697 Nisi
746 636 1061 694 inﬁrmitas
1084 636 1259 699 esset,
1292 629 1592 686 medicum
1629 617 2033 680 necessarium

385 749 508 790 non
537 730 849 794 haberent,
876 724 979 798 qui
997 728 1088 780 est
1114 721 1387 778 hebraice
1413 722 1596 779 Jesus,
1627 716 1823 769 Graece
1849 708 2032 798 Soter,

385 828 588 879 nostra
625 821 830 874 autem
881 797 1178 870 locutione
1203 811 1472 865 Salvator
1500 826 1520 861 .·
1569 802 1733 876 quod
1790 797 2037 854 verbum

382 910 590 968 Latina
632 907 840 976 lingua
889 918 1013 959 non
1050 899 1332 961 habebat,
1384 895 1488 951 sed
1526 893 1747 949 habere
1788 885 2032 976 poterat,

382 1000 533 1055 sicut
583 972 795 1052 habuit
817 990 1065 1065 quando
1102 987 1353 1044 voluit.»
1402 987 1465 1039 Et
1503 982 1711 1038 merito
1738 979 1859 1033 haec
1898 972 2039 1028 dicit

379 1085 758 1157 Augustinus.
794 1064 933 1147 Quis
957 1079 1113 1136 enim
1134 1076 1387 1139 dubitat,
1415 1072 1561 1145 quin
1580 1070 1800 1134 Cicero,
1829 1064 1879 1118 si
1902 1078 2037 1117 nos-

384 1152 716 1232 trisvfuisset
744 1169 1134 1242 temporibus,
1168 1168 1505 1233 nostraque
1530 1158 1671 1214 ﬁdei
1720 1152 2037 1224 recepisset

382 1266 687 1334 dogmata,
722 1260 994 1333 plurimis
1027 1272 1170 1312 usus
1192 1254 1400 1309 fuisset
1414 1249 1660 1305 vocibus
1682 1244 1901 1319 quibus
1919 1255 2035 1295 non

381 1359 468 1410 est
497 1370 641 1409 usus
674 1368 685 1406 :
711 1332 1060 1421 quanquam
1082 1349 1138 1399 et
1162 1344 1292 1413 ipso
1314 1340 1494 1395 verbo
1515 1338 1761 1393 Salvare
1779 1346 1922 1386 usus
1951 1332 2037 1383 est

379 1443 439 1498 in
469 1444 530 1497 L.
559 1441 855 1503 Pisonem,
890 1440 946 1491 et
974 1434 1101 1504 ejus
1148 1446 1293 1487 voce
1319 1428 1581 1500 passiva,
1610 1425 1659 1478 II
1707 1424 1786 1476 De
1822 1422 2037 1474 natura

378 1531 648 1585 deorum.
674 1523 1068 1591 Quintilianus
1098 1533 1339 1591 quoque
1368 1515 1469 1570 lib.
1498 1527 1745 1581 xu,cap.
1771 1509 1854 1572 10,
1884 1521 2029 1560 usus

377 1624 468 1675 est
498 1616 712 1672 eodem
764 1611 986 1673 verbo;
1027 1607 1191 1679 quod
1223 1606 1401 1660 etiam
1455 1600 1884 1656 adnotaverunt
1900 1599 2034 1648 ante

376 1722 487 1762 nos
502 1704 606 1759 viri
629 1698 979 1759 doctissimi.
1000 1698 1362 1765 Quanquam
1384 1689 1739 1746 recentiores
1756 1691 2030 1758 typogra-
2069 1688 2112 1744 Β
2144 1675 2310 1765 genie
2340 1666 2645 1731 sententia,

376 1795 635 1868 phorum
665 1790 1049 1861 castigatores
1074 1785 1201 1840 haec
1225 1782 1535 1837 immutare
1570 1777 1703 1833 ausi
1726 1775 1867 1829 sint:
1904 1772 2026 1826 sive

375 1884 433 1940 id
466 1898 575 1937 suo
604 1859 844 1935 fecerint
890 1873 1154 1940 arbitrio,
1214 1870 1335 1926 sive
1380 1867 1632 1924 aliorum
1672 1878 1876 1928 suasu,
1929 1859 2031 1932 qui

378 1971 507 2025 haec
538 1968 864 2039 depravata
891 1962 1073 2017 fuisse
1099 1957 1459 2023 asserebant,
1486 1953 1651 2023 quod
1676 1967 1811 2007 rara
1843 1951 2037 2004 essent

377 2061 648 2115 inventu.
680 2055 802 2123 Ego
818 2058 1021 2108 tamen
1048 2048 1229 2117 vulgo
1267 2062 1365 2101 me
1384 2042 1656 2100 nonnihil
1687 2053 2021 2096 accommo-

387 2148 531 2205 dare
562 2144 764 2202 debui.
792 2141 935 2208 Quia
955 2152 1097 2194 vero
1126 2135 1320 2192 locum
1362 2130 1631 2206 quemvis
1661 2131 2035 2185 ocurrentem

379 2238 534 2293 idem
578 2238 803 2297 auctor,
860 2227 1024 2286 nullo
1067 2223 1463 2299 praetermisso
1507 2220 1589 2276 ita
1623 2217 1920 2289 explanat,
1974 2217 2034 2269 ut

375 2339 753 2399 quaecunque
771 2321 926 2376 circa
955 2333 1089 2373 eam
1116 2314 1451 2381 materiam,
1474 2314 1577 2366 aut
1605 2308 1763 2363 idem
1781 2318 2031 2373 evange-

375 2416 509 2471 lista
531 2392 735 2470 alio—in
765 2410 921 2475 loco,
950 2410 1054 2463 aut
1077 2404 1270 2460 caeteri
1294 2401 1619 2468 recensent,
1634 2396 1855 2469 pariter
1876 2392 2033 2449 edis-

376 2509 550 2569 serat,
571 2501 648 2558 ad
667 2500 905 2555 minima
918 2509 1111 2567 usque
1126 2487 1808 2561 singuloruminterdum
1823 2479 2026 2547 verba,

383 2593 639 2665 ubi;vero
653 2604 778 2645 sese
790 2584 1169 2660 postmodum
1186 2580 1392 2635 eadem
1404 2594 1497 2633 res
1513 2574 1806 2642 obtulerit,
1826 2571 1901 2627 ad
1916 2569 2037 2625 dic-

384 2664 507 2738 tam
545 2676 1091 2750 interpretationem
1120 2670 1296 2725 citato
1310 2667 1480 2737 juxta
1506 2664 1841 2719 Graecorum
1898 2674 2039 2728 sup-

380 2770 749 2842 putationem
771 2764 956 2834 capite
979 2756 1362 2815 transmittat:
1378 2754 1596 2809 idcirco
1618 2751 2023 2821 prrestatante-

379 2875 563 2931 quam
595 2833 1052 2912 auctorisverba
1069 2844 1490 2915 aggrediamur
1506 2838 1860 2911 praemittere
1878 2833 2032 2888 ordi-

380 2926 517 3003 nem
547 2962 618 3001 ac
656 2955 975 2998 numerum
1036 2932 1395 3005 singulorum
1426 2927 1680 2999 capitum
1711 2926 1885 2980 modo
1917 2936 2031 2993 quo

381 3035 545 3109 apud
570 3036 804 3089 Graecos
833 3027 1114 3082 distincta
1144 3026 1297 3086 sunt,
1332 3034 1513 3093 quem
1540 3022 1595 3072 et
1624 3032 1735 3070 nos
1756 3030 1871 3069 una
1895 3029 2029 3067 cum
2066 3038 2104 3092 ρ

380 3100 621 3183 auctore
669 3122 728 3175 in
800 3121 1003 3173 nostra
1049 3110 1319 3167 versione
1379 3106 1775 3163 servabimus.
1812 3100 2031 3157 Deinde

376 3216 520 3289 quia
551 3215 609 3267 in
641 3213 864 3274 Graeco,
892 3205 952 3260 in
982 3202 1139 3275 quod
1171 3198 1508 3259 incidimus,
1529 3192 1866 3263 exemplari,
1895 3207 2029 3244 con-

378 3280 565 3362 textus
592 3295 893 3367 Evangelii
920 3308 1042 3348 non
1068 3305 1204 3345 raro
1236 3286 1533 3357 discrepat
1560 3300 1594 3339 a
1616 3285 1913 3337 Novorum
1934 3280 2029 3332 Te-

377 3395 810 3451 stamentorum
849 3382 1117 3443 editione,
1148 3392 1281 3450 quae
1318 3374 1547 3447 passim
1575 3369 1786 3425 Graecis
1813 3382 2028 3423 excusa

374 3484 536 3556 typis
565 3474 1063 3535 circumferuntur
1097 3486 1109 3519 :
1142 3481 1262 3535 quo
1292 3462 1393 3517 ubi
1425 3458 1652 3522 accidit,
1676 3457 2027 3529 plerumque

375 3542 681 3628 c'o-nt'orme
713 3567 799 3617 est
843 3555 1140 3627 exemplar
1182 3550 1357 3606 Grzuci
1388 3548 1564 3617 hujus
1619 3544 1875 3599 auctoris
1909 3542 2027 3596 edi-

375 3658 517 3715 tioni
540 3654 885 3709 Bibliorum,
908 3660 1036 3715 qua:
1067 3639 1347 3696 dominus
1378 3634 1728 3691 Franciscus
1758 3633 2024 3687 Ximeuez

372 3743 857 3814 archiepiscopus
885 3734 1027 3789 olim
1064 3729 1396 3791 Toletanus,
1414 3742 1481 3780 ac
1504 3725 1559 3777 S.
1582 3722 1648 3775 H.
1682 3718 2020 3775 E.cardina~

370 3838 459 3902 lis,
486 3809 794 3889 immensis
826 3821 1178 3893 sumptibus,
1227 3815 1531 3871 laboribus
1551 3828 1618 3867 ac
1644 3809 1874 3880 vigiliis,
1903 3822 2023 3863 ma-

369 3898 533 3981 xima
553 3936 691 3977 cum
716 3912 1022 3984 diligentia
1074 3905 1357 3978 compluti
1393 3902 1615 3959 curavit
1644 3898 1854 3954 nostris
1880 3903 2024 3953 tem-

369 4013 618 4086 poribus
645 4005 825 4063 variis
854 3998 1075 4069 linguis
1121 3991 1467 4051 excudenda
1497 4009 1509 4045 :
1545 3988 1737 4045 accitis
1768 3986 2023 4057 undique

372 4074 663 4161 terrarum
690 4101 813 4151 tum
835 4090 973 4145 viris
1004 4088 1062 4142 in
1080 4086 1421 4154 linguarum
1448 4076 1781 4147 cognitione
1808 4074 2021 4130 doctis.

368 4194 554 4255 simis,
596 4194 724 4244 tum
764 4175 1205 4250 exemplaribus
1249 4164 1724 4238 castigatissimis
1768 4179 1835 4218 ac
1861 4168 2023 4217 vetu-

367 4252 662 4343 stissimis,
726 4271 817 4329 vel
865 4269 941 4325 ab
1010 4266 1142 4337 ipsa
1221 4258 1431 4315 Leonis
1508 4257 1555 4310 χ
1624 4252 2016 4312 Bibliotheca,

364 4374 520 4431 vela
547 4341 908 4424 Venetorum
936 4360 1147 4411 senatu
1185 4346 1567 4409 transmissis,
1619 4347 1721 4399 aut
1760 4341 2017 4405 aliunde,
2052 4370 2096 4423 Ι)

363 4461 530 4518 nulla
559 4463 957 4529 expensarum
977 4461 1080 4499 seu
1105 4441 1383 4497 laborum
1410 4434 1617 4491 habita
1640 4430 1863 4487 ratione
1890 4443 2020 4482 con-

364 4522 747 4622 quisitis-Ne
794 4537 928 4610 quis
989 4547 1129 4601 ergo
1172 4523 1623 4594 Evangeliorum
1680 4522 2019 4573 contextum

362 4604 472 4694 nos
500 4641 722 4690 temere
743 4604 1097 4681 immutasse
1120 4615 1434 4676 existimet,
1463 4611 1592 4665 loca
1624 4604 2021 4676 discrepantia

363 4722 777 4784 adnotavimus
808 4731 820 4768 :
854 4722 1200 4783 quanquam
1243 4703 1578 4773 frequenter
1599 4712 1691 4751 res
1720 4695 1791 4749 sit
1821 4692 2019 4762 exigui

362 4811 668 4873 momenti,
703 4798 1174 4877 quaadissidium
1208 4791 1401 4846 faciat.
1467 4786 1567 4842 Ubi
1601 4788 1802 4841 autem
1854 4784 2020 4836 Com-

358 4906 622 4978 plutense
652 4899 761 4952 hoc
799 4888 1167 4947 citaverimus
1224 4878 1544 4950 exemplar,
1605 4878 1866 4929 Graecum
1936 4871 2021 4924 in-

356 4959 671 5062 telligimus
728 4984 1065 5039 contextum
1130 4988 1242 5026 non
1301 4967 1569 5023 Latinum
1638 4977 1775 5016 nam
1810 4961 1868 5013 in
1907 4959 2020 5013 hoc

360 5047 511 5139 nihil
533 5096 569 5135 a
599 5075 849 5143 Vulgata
881 5067 1137 5123 editione
1164 5061 1535 5115 immutatum
1591 5056 1693 5106 est.
1752 5051 1927 5102 Porro
1960 5047 2019 5101 in

358 5171 579 5244 quibus
606 5162 890 5219 dissideat
920 5154 1177 5225 Vulgata
1221 5146 1398 5202 editio
1441 5143 1511 5199 ab
1556 5138 1844 5195 universis
1872 5136 2019 5189 Grae-

1270 5237 1301 5244 ⁸⁵
1506 5239 1513 5244 ‘
1703 5243 1706 5244 ν
1784 5227 1794 5244 ε
1814 5242 1827 5244 -
1844 5224 1934 5244 ..111
1953 5241 1982 5244 --
1999 5242 2018 5244 ,Α

357 5224 563 5317 dorum
607 5246 1075 5320 exemplaribus,
1110 5258 1182 5295 ex
1231 5237 1473 5292 aliorum
1503 5239 1615 5287 tum
1648 5224 2019 5282 versionibus

356 5358 483 5407 tum
517 5336 1025 5404 adnotationibus,
1066 5329 1235 5385 facile
1267 5323 1456 5380 cuivis
1492 5318 1855 5391 perspicuum
1892 5314 2016 5368 erit.

359 5405 636 5497 Praeterea
667 5447 738 5485 ne
765 5426 900 5498 quis
940 5420 1209 5494 protinus
1242 5414 1577 5481 Vulgatam,
1610 5408 1723 5461 hac
1760 5405 1820 5460 in
1852 5405 2019 5474 parte

360 5531 599 5587 damnet
626 5519 961 5578 editionem,
993 5508 1159 5582 quod
1189 5522 1260 5561 ea
1281 5519 1411 5574 quas
1437 5498 1633 5553 Graece
1651 5510 1755 5566 per
1781 5498 2019 5560 tempus

2068 344 2111 395 A
2146 353 2390 410 przesens
2416 339 2514 391 aut
2556 333 2907 405 prieteritum
2966 330 3292 394 efferuntur,
3328 328 3539 382 habeat
3566 327 3621 382 in
3654 328 3816 383 futu-

2145 445 2275 483 rum
2308 444 2490 492 versa,
2526 424 2672 479 sicut
2698 418 2955 475 nonnulli
2997 418 3321 488 frequenter
3383 416 3580 471 fecisse
3610 417 3812 471 viden-

2147 524 2242 573 tur
2288 534 2300 568 :
2337 511 2904 570 animadvertendum
2978 511 3081 571 est,
3125 505 3505 576 evangelistas
3559 509 3616 560 et
3665 522 3810 574 apo-

2148 606 2341 671 stolos,
2393 619 2524 659 cum
2569 617 2775 673 genere
2830 597 3047 653 Hebraei
3079 600 3289 659 essent,
3320 595 3426 649 hac
3463 596 3521 649 111
3578 611 3634 650 re
3660 595 3811 650 sicut

2148 695 2280 750 etin
2310 693 2433 747 aliis
2474 690 2690 754 multis,
2739 686 3080 742 Hebraicum
3117 690 3337 739 secutos
3397 684 3628 748 idioma,
3684 701 3804 753 quo

2148 783 2225 837 illi
2285 778 2751 851 frequentissime
2794 792 2894 847 pro
2926 772 3214 844 praesenti,
3283 773 3438 843 quod
3502 772 3804 844 proprium

2149 888 2263 926 non
2294 870 2528 932 habent,
2558 869 2661 921 aut
2717 880 2818 935 pro
2858 863 3074 928 futuro,
3112 860 3359 916 efferunt
3396 860 3753 930 praeteritum
3786 878 3802 918 :

2148 966 2325 1033 utque
2353 959 2413 1012 in
2444 957 2773 1011 universum
2824 951 3035 1015 dicam,
3085 954 3312 1021 tempus
3335 965 3514 1003 unum
3556 964 3656 1018 pro
3684 948 3805 1003 alio

2148 1048 2370 1104 Hebraei
2400 1059 2796 1117 saepenumero
2822 1040 3139 1095 collocant:
3168 1038 3327 1110 quod
3357 1038 3533 1093 etiam
3559 1053 3806 1108 evange-

2146 1139 2292 1195 listse
2320 1153 2431 1191 non
2463 1152 2596 1190 raro
2656 1134 2928 1196 fecerunt,
2978 1146 3077 1184 nec
3132 1129 3290 1183 solm;
3344 1127 3667 1193 Matthaaus,
3702 1128 3806 1198 qui

2149 1228 2331 1298 patria
2375 1224 2609 1295 scripsit
2645 1223 2864 1291 lingua,
2922 1220 3029 1273 hoc
3075 1223 3161 1274 est
3196 1218 3453 1279 Hebraea,
3486 1217 3586 1271 sed
3612 1220 3669 1270 et
3695 1232 3806 1271 cm-

2147 1317 2273 1380 teri,
2333 1316 2427 1385 qui
2486 1314 2680 1367 Graace
2726 1309 3098 1379 scripserunt.
3138 1307 3417 1374 Quaedam
3468 1321 3605 1375 ergo
3628 1304 3805 1358 exin-

2146 1403 2398 1459 numeris
2448 1401 2584 1456 locis
2624 1398 2867 1454 seorsim
2898 1396 3313 1463 recensuimus,
3355 1395 3411 1447 in
3441 1393 3652 1463 quibus
3683 1410 3805 1447 ma-

2146 1493 2346 1548 nifeste
2405 1505 2672 1561 priesens,
2721 1487 3014 1542 interdum
3080 1484 3257 1539 etiam
3298 1480 3659 1553 praeteritum
3702 1498 3807 1552 pro

2145 1583 2339 1638 futuro
2365 1581 2619 1635 locatum
2668 1582 2752 1631 est
2787 1597 2798 1629 :
2830 1590 3083 1646 quorum
3111 1576 3167 1627 et
3210 1587 3315 1625 nos
3369 1570 3631 1642 quaedam
3688 1568 3809 1623 exi-

2670 1680 2775 1737 per
2800 1664 3059 1719 futurum
3073 1660 3379 1716 vertimus:
3406 1658 3549 1714 alibi
3567 1673 3806 1728 quoque

2146 1759 2203 1814 id
2234 1776 2301 1815 ex
2344 1757 2544 1813 litterae
2577 1758 2852 1810 contextu
2904 1756 3009 1807 aut
3037 1766 3106 1805 ex
3156 1748 3292 1819 ipsis
3348 1744 3804 1803 Commentariis

2146 1849 2387 1921 planum
2430 1846 2582 1901 erit:
2644 1843 2933 1898 interdum
2990 1855 3125 1894 vero
3166 1837 3239 1894 ob
3298 1836 3551 1892 auctoris
3618 1834 3801 1890 nostri

2145 1936 2574 1993 enarrationem
2614 1934 2928 1987 immutare
2952 1944 3069 1984 non
3099 1926 3277 1983 licuit.
3298 1926 3397 1981 Est
3426 1930 3481 1980 et
3504 1924 3620 1979 alia
3636 1940 3801 1994 pecu-

2145 2026 2307 2082 liaris
2330 2024 2714 2079 Hebraeorum
2745 2020 2999 2092 phrasis,
3016 2032 3201 2089 quam
3227 2031 3339 2069 non
3366 2028 3499 2069 raro
3516 2012 3799 2068 aemulan-

2145 2122 2237 2171 tur
2267 2112 2659 2184 evangelistae,
2692 2111 2809 2182 qua‘
2836 2123 2946 2181 pro
2995 2104 3250 2177 epitheto
3273 2104 3391 2159 sive
3438 2103 3670 2158 nomine
3701 2102 3797 2158 ad-

2140 2205 2370 2277 jectivo,
2410 2202 2627 2259 addunt
2655 2197 2983 2271 genitivum
3014 2192 3462 2255 substantivum,
3493 2193 3745 2245 dicentes
3777 2207 3791 2243 :

2147 2293 2302 2349 Deus
2325 2292 2499 2363 pacis,
2523 2284 3247 2353 misericordice,justiti¢e,
3273 2280 3535 2344 ultionis,
3559 2280 3675 2334 hoc
3686 2284 3793 2341 est,

2145 2381 2442 2454 pacificus,
2476 2377 2816 2439 misericors,
2838 2375 3048 2446 justus,
3100 2370 3378 2426 ulciscens
3410 2388 3421 2421 :
3453 2368 3545 2425 lex
3571 2366 3796 2429 mortis,

2148 2471 2204 2525 id
2231 2474 2316 2525 est
2367 2464 2663 2523 mortifera
2695 2482 2708 2530 ;
2733 2464 2848 2533 ﬁlii
2902 2460 3322 2524 inobedientiw,
3364 2456 3753 2513 inobedientes
3786 2470 3800 2518 ;

2135 2556 2693 2630 judexiniquitalis,
2710 2554 2970 2623 iniquus,
2986 2564 3317 2605 mammona
3333 2544 3658 2618 iniquitatis
3670 2585 3683 2609 ,
3698 2541 3805 2598 ini-

2146 2664 2336 2718 quum
2361 2665 2372 2712 ;
2405 2660 2510 2699 vom
2526 2640 2851 2709 clamantis,
2879 2639 3180 2703 clamans;
3205 2636 3471 2691 fortassis
3502 2639 3558 2688 et
3588 2646 3803 2687 merces

2144 2733 2499 2806 iniquitatis,
2534 2732 2761 2801 iniqua.
2792 2729 2883 2784 Sic
2908 2727 3086 2783 Judas
3106 2725 3319 2780 dicitur
3342 2724 3501 2790 filius
3522 2721 3798 2791 perditio-

2144 2824 2255 2887 nis,
2291 2822 2397 2876 hoc
2423 2823 2506 2875 est
2536 2817 2809 2890 perditus,
2831 2815 3064 2885 aliaque
3086 2813 3419 2868 innumera.
3454 2812 3513 2863 Id
3544 2809 3806 2880 plerum-

2143 2927 2260 2982 que
2298 2910 2610 2965 immutare
2660 2922 2777 2960 non
2821 2903 2980 2958 licuit
3033 2906 3264 2973 pr0pter
3321 2899 3572 2955 auctoris
3619 2898 3803 2952 nostri

2144 2998 2382 3064 scholia,
2403 3014 2535 3070 quae
2564 2994 2803 3051 litteram
2837 3008 2935 3063 per
2953 2991 3280 3061 genitivum
3302 2988 3795 3059 interpretantur:

2142 3088 2429 3155 interdum
2456 3101 2683 3156 quoque
2701 3098 2819 3137 non
2842 3081 3024 3144 libuit,
3054 3079 3213 3150 quod
3253 3077 3411 3148 apud
3442 3091 3649 3131 omnes
3670 3075 3801 3145 jam

2140 3178 2279 3234 olim
2308 3177 2424 3231 alia
2461 3178 2696 3245 recepta
2727 3174 2876 3225 esset
2914 3168 3207 3223 sententia.

2209 3268 2295 3320 Ad
2323 3265 2447 3319 haec
2474 3262 2659 3317 solent
2686 3258 2915 3313 Hebrtei
2940 3258 3086 3310 hanc
3120 3255 3429 3310 dictionem
3448 3252 3678 3309 verbum
3696 3256 3803 3307 aut

2137 3371 2327 3410 sermo
2358 3369 2465 3425 pro
2491 3368 2551 3406 re
2576 3350 2666 3405 vel
2700 3348 2851 3403 facto
2878 3360 3091 3416 ponere
3124 3362 3136 3398 :
3174 3342 3332 3415 quod
3365 3343 3422 3395 in
3457 3341 3644 3396 Veteri
3675 3340 3806 3409 qui-

2138 3444 2270 3497 dem
2285 3442 2657 3497 Testamento
2680 3433 3211 3505 frequentissimum
3228 3436 3334 3495 est,
3357 3434 3420 3485 ut
3437 3445 3563 3483 cum
3582 3427 3806 3483 dicitur

2134 3531 2272 3615 (Ιεα.
2305 3529 2395 3599 39)
2438 3542 2449 3581 :
2480 3528 2615 3581 Non
2638 3525 2754 3594 fuit
2786 3522 3022 3578 verbum
3054 3521 3212 3591 quod
3240 3535 3355 3574 non
3373 3516 3692 3573 ostenderit
3716 3517 3807 3571 eis

2132 3603 2413 3673 Ezechias
2443 3616 2504 3669 in
2539 3614 2702 3668 domo
2731 3626 2861 3673 sua,
2920 3608 3014 3664 ubi
3066 3612 3267 3663 tamen
3327 3605 3497 3678 paulo
3553 3603 3808 3661 inferius

2134 3704 2494 3776 subsequitur
2528 3719 2539 3755 :
2604 3702 2737 3755 Non
2774 3699 2897 3769 fuit
2930 3714 3021 3753 res
3065 3713 3235 3766 quam
3277 3693 3593 3751 ostenderet
3627 3694 3710 3748 eis
3742 3694 3806 3748 in

2132 3794 2419 3850 thesauris
2451 3793 2618 3847 meis.
2652 3792 2715 3843 Et
2762 3788 2897 3842 alibi
2930 3788 2992 3857 (Il
3018 3788 3154 3853 Reg.
3210 3788 3248 3855 ι)
3287 3801 3425 3839 cum
3467 3784 3549 3838 ait
3614 3782 3805 3838 David

2132 3897 2333 3954 puero,
2368 3881 2549 3951 quiex
2572 3877 2779 3933 castris
2802 3875 2976 3930 Israel
2996 3891 3055 3929 se
3110 3873 3325 3943 fugisse
3346 3871 3593 3926 dicebat.
3631 3871 3805 3935 Quod

2133 3979 2211 4027 est
2236 3970 2470 4027 verbum
2502 3967 2657 4038 quod
2684 3967 2913 4033 factum
2927 3970 3010 4019 est
3032 3964 3059 4017 ?
3088 3961 3291 4017 indica
3316 3960 3467 4015 mihi
3501 3977 3515 4025 ;
3545 3966 3599 4014 et
3628 3959 3808 4013 innu-

2132 4060 2295 4115 meris
2321 4057 2445 4112 aliis
2502 4056 2561 4109 in
2616 4054 2777 4109 locis.
2812 4054 2959 4107 Idem
2991 4052 3049 4105 in
3080 4054 3238 4106 Novo
3309 4064 3551 4120 quoque
3594 4051 3807 4103 Testa-

2130 4154 2325 4204 mento
2381 4144 2595 4217 passim
2622 4141 2814 4213 (Marci
2847 4157 2885 4205 r,
2922 4141 3039 4195 Luc
3071 4156 3106 4203 I,
3154 4154 3213 4201 11,
3266 4138 3344 4206 1v)
3372 4153 3482 4191 usu
3513 4136 3695 4200 venit,
3739 4141 3807 4191 ut

2132 4254 2261 4293 cum
2317 4237 2579 4306 leprosus
2630 4234 2864 4286 curatus
2915 4227 3322 4283 disseminasse
3388 4225 3596 4281 dicitur
3651 4225 3802 4280 Ser-

2130 4340 2383 4382 monem.
2419 4326 2485 4378 Et
2541 4318 3009 4392 frequentissime
3038 4317 3196 4387 apud
3231 4317 3439 4370 Lucam
3471 4332 3489 4383 ;
3517 4315 3653 4369 Non
3683 4317 3808 4369 erit

2129 4413 2487 4484 impossibile
2504 4412 2621 4465 Deo
2645 4424 2803 4464 omne
2818 4406 3069 4462 verbum.
3112 4403 3411 4461 Videamus
3432 4404 3543 4459 hoc
3555 4402 3807 4459 verbum

2127 4504 2285 4575 quod
2302 4503 2533 4572 factum
2560 4504 2663 4554 est.
2696 4528 2763 4537 —
2790 4496 2954 4561 Quod
2971 4500 3054 4551 est
3073 4494 3174 4549 hoc
3202 4494 3456 4555 verbum,
3479 4491 3634 4562 quod
3665 4508 3807 4548 cum

2127 4591 2463 4647 auctoritate
2493 4603 2562 4644 ac
2581 4591 2868 4656 potestate
2894 4586 3147 4652 imperat
3177 4581 3478 4651 spiritibus
3510 4584 3537 4636 ?
3561 4582 3629 4635 Et
3659 4580 3808 4635 alibi

2130 4681 2490 4752 frequenter.
2542 4678 2725 4741 Quam
2756 4679 2961 4729 tamen
2988 4672 3357 4727 Hebrmorum
3391 4668 3661 4740 phrasim
3700 4684 3810 4725 au-

2129 4776 2253 4826 ctor
2282 4773 2480 4824 noster
2502 4766 2845 4836 plerumque
2885 4776 3000 4816 non
3033 4761 3257 4815 videtur
3288 4758 3803 4827 animadvertisse,

2130 4859 2273 4913 sicut
2294 4871 2400 4911 nec
2433 4854 2851 4925 praecedentem
2876 4849 3073 4921 :quod
3094 4849 3373 4904 Hebraice
3386 4864 3501 4901 non
3531 4846 3805 4919 calleret,

2130 4949 2229 5004 sed
2259 4952 2485 5002 tantum
2515 4946 2727 4998 Graece.
2756 4944 2944 5012 Atque
2971 4940 3041 4994 ob
3064 4939 3116 4993 id
3148 4954 3382 5010 quoque
3413 4938 3606 4993 citans
3628 4939 3811 5010 quip—

2129 5038 2285 5108 piam
2300 5053 2368 5091 ex
2384 5033 2570 5089 Veteri
2586 5033 2981 5095 Testamento,
2998 5044 3228 5098 semper
3236 5028 3398 5096 juxta
3410 5027 3813 5099 Septuaginta

2128 5126 2342 5197 profert
2358 5124 2723 5191 Interpretes.
2744 5118 3032 5173 Craterum
3064 5117 3167 5171 etsi
3184 5117 3401 5171 cunctis
3419 5115 3811 5173 manifestum

2128 5217 2199 5271 sit
2212 5232 2306 5270 me
2320 5214 2696 5283 interpretem
2711 5214 2940 5264 tantum
2957 5222 3141 5277 agere,
3152 5206 3403 5275 nihilque
3415 5206 3579 5276 quod
3593 5221 3812 5263 meum

2128 5305 2197 5360 sit
2227 5306 2415 5367 edere,
2450 5301 2569 5355 sive
2623 5299 2764 5352 illud
2810 5295 3262 5367 approbandum
3318 5295 3409 5358 sit,
3444 5294 3563 5349 sive
3596 5310 3813 5364 repro-

2130 5392 2400 5451 bandum
2444 5406 2454 5444 :
2490 5405 2564 5445 ne
2593 5388 2725 5459 quis
2788 5391 2989 5439 tamen
3021 5384 3175 5440 hunc
3204 5389 3505 5440 auctOrem
3547 5384 3813 5440 minoris

2131 5483 2323 5549 faciat,
2356 5478 2517 5551 quod
2546 5492 2661 5533 uno
2691 5478 2796 5532 aut
2827 5474 3002 5530 altero
3034 5474 3091 5529 in
3117 5473 3249 5531 loco
3288 5489 3325 5530 a
3353 5473 3665 5529 communi
3700 5476 3816 5532 La-
