3976 6222
222 218 276 282 ις
1401 218 1414 226 ’
1627 207 2023 267 ΡΗΑΞΡΑΤΙΟ.
3459 216 3528 273 46

215 347 426 402 tinorum
453 342 818 415 theologorum
843 338 1118 411 opinione
1139 335 1445 393 dissentire
1465 336 1762 400 videatur,
1799 339 1848 392 A
1878 353 1991 408 que
2018 353 2130 394 esse
2153 337 2465 396 subsistens
2493 335 2660 396 habet
2699 354 2773 396 ex
2804 339 2982 397 Patre
3009 338 3188 396 simul
3228 345 3280 397 et
3336 341 3489 398 Filio
3513 361 3526 395 :

214 432 627 508 quemadmodum
643 435 698 485 et
724 428 820 484 alii
840 427 1024 484 Graeci
1050 446 1062 480 :
1091 442 1307 499 nempe
1331 425 1404 480 dc
1427 425 1522 480 die
1547 424 1768 480 mensis

217 539 307 593 quo
331 521 526 576 Christus
554 517 865 589 mysticam
898 515 1280 570 celebraverit
1320 514 1586 580 Coenam,
1614 517 1669 566 et
1694 512 1769 567 de

210 609 434 664 bonorum
455 623 512 662 ac
527 605 817 662 malorum
833 603 1217 660 retributione
1240 618 1493 675 operum
1521 620 1531 660 :
1571 605 1769 656 utrum

202 696 351 751 statim
376 696 684 767 acujusque
719 699 902 748 morte
939 691 1061 755 ﬁat,
1095 705 1171 746 an
1231 690 1306 746 ad
1367 690 1528 745 diem
1583 704 1770 759 usque

195 786 419 860 postremi
426 783 612 853 judicii
626 781 902 838 diﬂ'eratu
912 779 1362 852 r,quemadmod
1374 795 1470 836 um
1487 777 1627 833 olim
1643 793 1766 832 sen-

192 873 537 930 seruntGrreci.
570 871 648 926 De
678 869 898 942 Spiritu
927 875 1134 924 sancto
1147 881 1388 940 quoque
1403 865 1562 937 quod
1587 882 1622 920 a
1642 863 1771 919 solo

189 964 328 1022 Patre
345 962 611 1033 procedat,
636 961 742 1015 etsi
757 959 817 1014 id
830 971 1132 1029 nusquam
1148 955 1307 1011 dicat
1331 959 1530 1010 auctor
1552 957 1768 1017 noster,

184 1053 308 1107 idem
333 1056 505 1105 tamen
533 1064 670 1104 cum
701 1047 926 1102 caeteris
952 1045 1166 1101 Graecis
1199 1043 1459 1098 sensisse
1514 1040 1768 1104 videtur,

184 1158 291 1195 cum
315 1137 470 1193 semel
499 1143 675 1208 atque
707 1135 921 1191 iterum
961 1134 1119 1189 dicat
1151 1131 1318 1187 illum
1361 1147 1396 1186 a
1432 1133 1599 1186 Patre
1642 1144 1773 1200 pro-

179 1229 363 1294 cedere,
391 1225 542 1282 nulla
571 1225 694 1280 Filii
751 1225 906 1279 facta
934 1221 1260 1278 mentione.
1301 1221 1365 1276 Et
1415 1233 1771 1292 quanquam

177 1315 658 1390 praedictisinlocis,
691 1310 1004 1383 marginali
1029 1307 1515 1366 adnotatiuncula
1547 1312 1599 1362 te
1625 1322 1772 1378 prte-

175 1404 524 1469 munierimus,
574 1401 830 1458 candide
877 1399 1056 1456 lector
1091 1415 1103 1452 :
1138 1397 1217 1454 ob
1254 1396 1376 1453 duo
1416 1401 1616 1450 tamen
1671 1394 1772 1450 illa

172 1494 449 1566 posteriora
489 1491 588 1547 tibi
622 1488 1123 1563 perpendendum
1172 1491 1277 1552 est,
1343 1485 1507 1557 quod
1563 1487 1772 1539 auctor

173 1588 334 1638 noster
354 1581 538 1637 multis
569 1578 784 1652 procul
808 1577 995 1633 dubio
1034 1575 1203 1631 annis
1245 1580 1513 1645 tempora
1542 1570 1771 1628 concilii

1878 432 1930 482 et
1955 441 2030 482 ex
2047 433 2289 499 utroque
2310 430 2676 488 acternaliter
2697 436 2974 500 tanquam
3010 431 3084 486 ab
3107 432 3526 500 unoprincipio

1879 520 1931 570 et
1949 516 2118 571 unica
2127 516 2455 586 spiratione
2465 519 2735 588 procedit.
2751 520 3125 575 Declarantes
3139 520 3290 591 quod
3301 519 3360 574 id
3371 522 3530 592 quod

1878 605 2065 659 sancti
2073 604 2338 663 doctores
2353 614 2404 662 et
2429 609 2635 664 Patres
2653 608 2880 674 dicunt,
2896 623 2965 664 eae
2979 609 3164 663 Patre
3181 624 3292 677 per
3301 606 3527 665 Filium

1877 693 2188 759 procedere
2216 693 2499 763 Spiritum
2512 701 2794 760 sanctum,
2818 695 2895 750 ad
2915 697 3072 752 hanc
3090 698 3526 768 intelligentiam

1882 781 2084 845 tendit,
2105 789 2169 838 ut
2188 784 2416 851 perhoc
2432 784 2792 855 signiﬁcetur
2819 785 3034 840 Filium
3050 801 3277 856 quoque
3302 802 3420 842 esse
3442 802 3530 842 se-

1882 869 2129 924 cundum
2152 872 2379 928 Graecos
2407 873 2639 944 quidem
2666 889 2928 940 causam,
2951 874 3262 930 secundum
3289 875 3527 930 Latinos

1881 973 2017 1013 vero
2029 961 2392 1029 principium
2413 960 2799 1017 subsistentia
2816 963 3076 1032 Spiritus
3096 961 3288 1018 sancti
3311 963 3461 1018 sicut
3476 969 3530 1018 et

1881 1046 2137 1102 Patrem.
2164 1049 2240 1103 Et
2263 1051 2545 1119 quoniam
2587 1051 2785 1106 omnia
2810 1067 2942 1122 qua
2981 1051 3179 1106 Patris
3214 1056 3370 1116 sunt,
3406 1053 3529 1120 ipse

1880 1134 2364 1207 Paterunigenito
2387 1137 2541 1194 Filio
2553 1156 2656 1194 suo
2667 1139 2960 1210 gignendo
2987 1140 3166 1204 dedit,
3181 1146 3398 1211 praeter
3413 1156 3533 1197 esse

1881 1223 2114 1280 Patrem
2125 1269 2138 1293 ,
2161 1225 2268 1281 hoc
2282 1227 2468 1295 ipsum
2481 1229 2640 1298 quod
2651 1228 2912 1296 Spiritus
2924 1234 3166 1285 sanctus
3181 1229 3442 1297 procedit
3457 1244 3531 1285 ex

1880 1313 2048 1379 Filio,
2079 1316 2198 1382 ipse
2226 1315 2418 1370 Filius
2459 1332 2495 1372 a
2543 1317 2719 1372 Patre
2743 1318 3110 1373 aeternaliter
3135 1318 3324 1383 habet,
3359 1333 3395 1374 a
3420 1333 3528 1390 quo

1882 1403 2237 1458 aeternaliter
2262 1403 2435 1459 etiam
2458 1405 2685 1474 genitus
2709 1410 2813 1460 est.
2843 1405 3159 1474 Deﬁnimus
3178 1407 3530 1474 insuperex-

1878 1490 2246 1560 plicationem
2276 1491 2511 1547 illorum
2546 1491 2869 1558 verborum,
2918 1493 3200 1566 Filioque,
3262 1493 3530 1550 veritatis

1880 1579 2262 1634 declaranda:
2275 1582 2477 1649 gratia
2499 1587 2551 1634 et
2577 1580 2909 1636 imminente
2922 1586 3064 1636 tunc
3081 1583 3435 1648 necessitate,
3461 1582 3525 1637 li-

174 1671 430 1728 Florentini
485 1666 893 1742 praecesserit:
944 1665 1003 1721 in
1042 1679 1164 1736 quo
1230 1662 1527 1732 Eugenius
1576 1659 1772 1716 Ponti-
1804 1685 1846 1740 Β
1881 1668 1996 1723 cite
2028 1676 2099 1723 ac
2121 1667 2552 1724 rationabiliter
2579 1668 2840 1738 symbolo
2875 1669 3062 1737 fuisse
3090 1673 3432 1740 appositam.
3461 1673 3527 1725 Et

173 1759 242 1816 {ex
275 1759 346 1824 Ν,
383 1756 782 1814 consentiente
845 1756 1201 1828 imperatore
1233 1748 1774 1820 Constantinopoli-

171 1853 300 1915 tano,
324 1855 370 1904 et
392 1848 517 1904 loca
542 1844 884 1902 tenentibus
911 1841 1408 1916 patriarcharum,
1425 1838 1773 1911 ceeterisque

174 1936 438 1992 Ecclesiam
469 1933 834 1992 Orientalem
871 1928 1444 2004 reprmsentantibus,
1479 1942 1638 1984 anno
1669 1929 1772 1982 Do-

178 2024 357 2080 minica
381 2022 813 2080 lncarnationis
867 2021 1022 2086 1439,
1049 2017 1240 2091 pridie
1269 2020 1466 2073 Nonas
1496 2015 1650 2079 Julii,
1681 2015 1770 2070 sui

173 2112 489 2181 pontiﬁcatus
512 2126 678 2168 anno
708 2124 892 2174 nono,
913 2106 1136 2164 litteras
1161 2111 1379 2162 sanctas
1411 2102 1570 2160 dedit
1603 2101 1770 2157 unio-

166 2199 254 2265 nis,
288 2201 483 2274 quibus
511 2197 785 2274 praedicti
807 2213 1014 2253 omnes
1054 2211 1163 2251 sua
1188 2193 1437 2250 nomina
1474 2190 1772 2262 subscrip-

167 2295 347 2353 serunt,
374 2290 497 2345 haac
517 2289 673 2344 inter
698 2289 915 2342 caetera
955 2284 1345 2341 continentes.

216 2378 594 2435 Cont'enientes
624 2375 833 2432 Latini
853 2380 905 2432 et
929 2373 1120 2430 Graeci
1145 2373 1205 2428 in
1236 2371 1347 2428 hac
1391 2373 1774 2426 sacrosancta

162 2466 736 2536 ecumenicasynodo,
770 2479 983 2535 magno
1012 2461 1208 2518 studio
1224 2459 1472 2516 invicem
1503 2457 1772 2520 usisunt,

162 2560 209 2608 ut
226 2556 360 2610 inter
384 2557 493 2611 alia
518 2555 704 2611 etiam
731 2553 1028 2610 articulus
1055 2551 1158 2606 ille
1183 2549 1255 2606 de
1281 2548 1486 2604 divina
1510 2546 1774 2616 Spiritus

159 2645 316 2699 sancti
327 2645 714 2713 processione,
731 2657 959 2697 summa
979 2656 1101 2694 cum
1117 2637 1429 2709 diligentia
1455 2642 1509 2692 et
1539 2634 1775 2691 assidua

162 2731 478 2803 inquisitione
498 2732 910 2788 discuteretur.
927 2727 1175 2784 Prolatis
1195 2741 1323 2782 vero
1345 2722 1682 2781 testimoniis
1700 2737 1776 2780 ex

158 2821 338 2876 divinis
349 2818 1077 2893 Scripturis,plurimisque
1088 2813 1534 2873 auctoritatibus
1546 2815 1773 2868 sancto-

158 2924 268 2963 rum
287 2909 556 2965 doctorum
586 2906 993 2964 Orientalium
1034 2910 1086 2961 et
1126 2901 1594 2960 Occidentalium
1623 2916 1634 2956 :
1664 2899 1771 2955 ali-

157 2996 552 3069 quibusquidem
586 3013 662 3054 ex
687 2999 868 3052 Patre
891 3000 943 3050 et
966 2993 1140 3058 Filio,
1170 2990 1519 3064 quibusdam
1551 3003 1683 3045 vero
1701 3002 1775 3044 ex

160 3083 302 3141 Patre
310 3103 400 3157 per
417 3086 646 3142 Filium
658 3083 968 3157 procedere
978 3081 1308 3138 dicentibus
1324 3078 1619 3149 Spiritum
1640 3092 1774 3133 san-

163 3180 311 3242 ctum,
324 3182 371 3232 et
384 3175 457 3231 ad
473 3176 742 3234 eamdem
757 3171 1209 3244 intelligentiam
1228 3166 1638 3240 aspicientibus
1656 3183 1774 3223 om-

165 3265 414 3319 nibussub
434 3265 678 3322 diversis
700 3261 1014 3319 vocabulis.
1038 3260 1229 3316 Graeci
1256 3257 1487 3330 quidem
1519 3270 1773 3311 asserue-

158 3359 282 3408 runt
300 3354 434 3424 quod
452 3354 505 3409 id
521 3351 679 3426 quod
697 3351 907 3407 dicunt
931 3346 1212 3419 Spiritum
1228 3353 1493 3403 sanctum
1514 3360 1586 3401 ea:
1597 3345 1776 3401 Patre

154 3442 446 3510 procedere,
465 3458 587 3498 non
620 3442 734 3498 hac
763 3443 953 3495 mente
971 3436 1335 3508 proferrent,
1368 3438 1431 3489 ut
1457 3433 1773 3490 excludant

154 3527 361 3596 Filium,
392 3531 490 3586 sed
530 3529 682 3604 quia
721 3529 801 3585 eis
846 3525 1172 3587 videbatur,
1223 3529 1287 3579 ut
1313 3525 1506 3590 aiunt,
1539 3524 1778 3579 Latinos

156 3633 370 3675 asserere
383 3621 683 3689 Spiritum
699 3621 973 3673 sanctum
993 3629 1067 3672 ex
1085 3613 1268 3670 Patre
1291 3613 1565 3685 Filioque
1583 3627 1778 3683 proce-

156 3704 281 3772 dere,
301 3715 578 3780 tanquam
601 3722 682 3764 ea:
705 3705 928 3761 duobus
941 3702 1250 3774 principiis
1270 3708 1321 3758 et
1343 3701 1568 3757 duabus
1589 3702 1780 3773 spira-

155 3797 387 3864 tionibus,
421 3799 548 3855 ideo
569 3796 983 3853 abstinuerunt
1005 3807 1041 3848 a
1070 3791 1311 3848 dicendo
1347 3789 1493 3863 quod
1515 3789 1778 3859 Spiritus

156 3890 357 3941 sanctus
387 3903 455 3943 ex
479 3887 667 3942 Patre
696 3882 966 3953 procedat
1020 3895 1091 3936 ex
1147 3879 1305 3935 Filio
1334 3898 1354 3934 :
1409 3878 1604 3933 Latini
1647 3893 1779 3933 vero

151 3972 351 4041 afﬁrma
360 3981 571 4033 verunt
587 3989 714 4029 non
728 3987 788 4028 se
806 3971 918 4026 hac
930 3975 1118 4026 mente
1133 3969 1329 4024 dicere
1338 3967 1626 4037 Spiritum
1640 3982 1704 4021 sa
1713 3983 1781 4021 n-

153 4069 284 4118 ctum
305 4079 370 4120 ex
393 4065 553 4120 Filio
569 4060 909 4135 procedere,
935 4065 999 4112 ut
1021 4055 1332 4114 excludant
1357 4055 1615 4119 Patrem,
1636 4055 1780 4126 quin

150 4151 211 4204 sit
237 4152 353 4219 fons
380 4169 448 4209 ac
469 4149 845 4222 principium
871 4150 1047 4203 totius
1080 4145 1339 4211 Deitatis,
1373 4143 1517 4201 Filii
1563 4144 1783 4200 scilicet

153 4246 200 4292 et
225 4238 448 4310 Spiritus
473 4237 694 4303 sancti,
723 4242 829 4294 aut
846 4233 995 4309 quod
1021 4235 1086 4290 id
1095 4233 1247 4306 quod
1269 4233 1532 4303 Spiritus
1553 4240 1783 4288 sanctus

145 4329 379 4396 procedit
407 4347 481 4388 ex
507 4329 705 4393 Filio,
736 4325 930 4382 Filius
959 4339 994 4381 a
1025 4325 1208 4380 Patre
1247 4339 1367 4379 non
1399 4322 1632 4388 habeat,
1665 4323 1786 4378 sive

148 4421 277 4487 quod
290 4419 395 4476 duo
418 4421 654 4492 ponant
661 4415 966 4487 principia
987 4427 1085 4469 seu
1108 4412 1252 4469 duas
1282 4411 1650 4482 spirationes,
1689 4411 1785 4466 sed

152 4513 200 4561 ut
214 4524 381 4565 unum
395 4516 631 4564 tantum
648 4509 924 4562 asserunt
939 4517 1054 4558 esse
1065 4501 1422 4572 principium
1439 4501 1786 4572 unicamque

151 4599 494 4663 mirationem
518 4594 795 4666 Spiritus
811 4591 1016 4655 sancti,
1031 4595 1212 4660 prout
1235 4589 1514 4645 hactenus
1533 4604 1788 4644 asserue-

150 4693 299 4740 runt:
330 4694 381 4744 et
415 4702 552 4742 cum
578 4698 656 4740 ex
676 4681 765 4738 his
784 4679 1050 4736 omnibus
1081 4695 1228 4734 unus
1252 4680 1303 4733 et
1331 4677 1482 4732 idem
1519 4677 1789 4734 eliciatur

149 4777 384 4832 veritatis
415 4788 648 4835 sensus,
672 4769 900 4826 tandem
932 4769 993 4823 in
1024 4767 1189 4836 infra
1217 4765 1502 4836 scriptam
1534 4773 1789 4822 sanctam

155 4861 243 4917 beo
286 4863 607 4919 amabilem
635 4859 826 4914 eodem
875 4872 1042 4913 sensu
1065 4853 1370 4924 eademque
1397 4862 1587 4909 mente
1626 4856 1791 4908 unio-

151 4969 275 5018 nem,
300 4954 678 5007 unanimiter
694 4945 1135 5002 concordarunt
1168 4949 1219 4999 et
1253 4946 1705 5004 consenserunt;
1730 4942 1787 4994 in

154 5043 354 5099 nomine
383 5044 578 5113 igitur
627 5043 840 5093 sancta
888 5033 1211 5097 Trinitatis,
1247 5031 1448 5088 Patris
1487 5035 1539 5087 et
1569 5029 1708 5086 Filii
1736 5038 1789 5085 et

152 5129 619 5197 Spiritussanrti,
635 5128 744 5183 hoc
756 5140 923 5181 sacro
938 5121 1268 5179 universali
1277 5119 1650 5191 approbante
1662 5120 1793 5174 Flo-

159 5222 360 5276 rentino
406 5218 667 5275 concilio
699 5213 1026 5282 deﬁnimus,
1055 5215 1115 5266 ut
1161 5209 1278 5266 haec
1300 5208 1441 5278 ﬁdei
1471 5207 1682 5264 veritas
1721 5207 1791 5262 ab

164 5309 387 5364 omnibus
416 5303 789 5365 Christianis
813 5301 1087 5358 credatur
1113 5306 1166 5356 et
1195 5298 1565 5366 suscipiatur,
1597 5296 1794 5368 sicque

169 5408 326 5450 manes
349 5396 757 5468 proﬁteantur
779 5407 791 5446 :
822 5390 970 5462 quod
997 5386 1254 5458 Spiritus
1269 5391 1506 5442 sanctus
1522 5398 1595 5442 ea:
1612 5385 1795 5441 Patre

164 5489 211 5536 et
227 5479 360 5540 Pilio
388 5484 760 5540 aternaliter
787 5485 888 5550 est,
928 5484 980 5535 et
1037 5475 1332 5533 essentiam
1384 5489 1573 5538 suam,
1604 5490 1794 5531 suum-

1881 1754 2035 1810 infra
2060 1756 2132 1810 de
2158 1771 2406 1827 operum
2433 1755 2815 1811 retributione
2863 1757 3173 1828 subjungit
3207 1775 3218 1812 :
3252 1757 3528 1816 Illorum-

1879 1859 1991 1915 que
2014 1845 2245 1900 animas
2264 1845 2363 1916 qui
2368 1850 2493 1916 post
2515 1843 2803 1914 baptisma
2816 1851 3140 1914 susceptum
3161 1848 3390 1903 nullam
3413 1864 3532 1904 om-

1879 1934 2019 1988 nino
2048 1933 2272 2003 peccati
2295 1933 2590 1989 maculam
2607 1933 3009 1999 incurrerunt,
3039 1934 3180 1990 illas
3202 1937 3378 1992 etiam
3403 1953 3527 2008 qua:

1878 2026 2004 2090 post
2021 2022 2623 2089 contractampeccati
2642 2023 2959 2091 maculam,
2981 2023 3076 2078 vel
3094 2021 3149 2077 in
3181 2024 3297 2078 suis
3328 2040 3530 2094 corpo-

1881 2109 2064 2174 ribus,
2090 2110 2181 2165 vel
2205 2108 2416 2164 eisdem
2443 2115 2628 2165 exuta
2644 2109 3007 2179 corporibus,
3040 2111 3101 2166 in
3124 2113 3302 2182 poenis
3322 2128 3536 2184 purga-

1883 2199 2041 2264 torii,
2063 2203 2238 2268 prout
2268 2198 2540 2266 superius
2582 2196 2801 2254 dictum
2828 2205 2928 2264 est,
2974 2205 3110 2254 sunt
3149 2208 3436 2271 purgatae,
3471 2204 3534 2258 in

1881 2287 2083 2343 caelum
2111 2302 2253 2342 mox
2276 2285 2480 2356 recipi,
2511 2289 2563 2343 et
2577 2285 2799 2343 intueri
2819 2287 2984 2344 clare
3006 2287 3195 2358 ipsum
3220 2289 3408 2346 Deum
3433 2291 3535 2346 tri-

1881 2392 2021 2431 num
2037 2381 2095 2431 et
2118 2391 2302 2430 unum
2323 2375 2495 2430 sicuti
2504 2382 2602 2442 est,
2622 2375 2968 2432 meritorum
2989 2383 3185 2434 tamen
3200 2378 3536 2437 diversitate

1882 2463 2067 2521 alium
2097 2463 2216 2520 alio
2239 2463 2574 2533 perfectius.
2596 2463 2842 2520 Illorum
2859 2468 3052 2522 autem
3073 2465 3316 2534 animas,
3346 2469 3450 2540 qui
3472 2469 3534 2525 in

1883 2552 2110 2608 actuali
2133 2552 2374 2608 mortali
2388 2558 2630 2622 peccato
2654 2553 2740 2610 vel
2763 2553 2886 2609 solo
2914 2554 3206 2624 originali
3225 2555 3526 2624 decedunt,

1883 2655 2022 2698 mox
2040 2643 2100 2696 in
2119 2641 2443 2709 infernum.
2449 2642 2630 2710 paznis
2641 2648 2830 2700 tamen
2843 2641 3172 2714 disparibus
3179 2645 3534 2712 puniendus.

1884 2728 2062 2785 Porro
2084 2727 2154 2784 de
2179 2729 2375 2801 prima
2412 2727 2513 2785 illa
2567 2728 2902 2786 diversitate
2943 2729 3057 2786 diei
3104 2747 3226 2804 quo
3271 2733 3534 2790 Christus

1884 2831 2106 2887 agnum
2143 2816 2488 2889 paschalem
2517 2816 2721 2883 ederit,
2749 2821 2806 2874 et
2833 2817 2908 2874 de
2933 2835 3003 2874 eo
3032 2835 3154 2892 quo
3209 2836 3316 2892 pro
3356 2821 3532 2877 nobis

1885 2909 2149 2962 mortuus
2176 2905 2266 2971 sit,
2288 2905 2469 2978 longa
2494 2921 2732 2978 semper
2751 2906 2862 2963 fuit
2903 2891 3070 2962 inter,
3092 2891 3322 2965 Graecos
3352 2915 3408 2966 et
3433 2911 3534 2968 La-
3623 2891 3632 2900 ’

1885 2995 2038 3050 tinos
2057 2993 2375 3060 contentio,
2394 2994 2731 3051 dicentibus
2754 2995 2968 3052 Graecis
2983 2996 3172 3067 ipsum
3187 2997 3538 3055 decimater-

1885 3083 1961 3138 tia
1997 3082 2140 3138 luna
2178 3098 2403 3152 agnum
2457 3083 2648 3140 edisse
2682 3084 3052 3155 paschalem,
3091 3103 3348 3159 passum
3401 3105 3538 3145 vero

1884 3170 2355 3243 decimaquarta,
2396 3175 2461 3225 ut
2502 3172 2720 3228 veritas
2757 3173 3147 3244 responderet
3200 3176 3440 3245 ﬁgurir:
3475 3183 3531 3233 et

1885 3265 2126 3334 propter
2151 3258 2292 3314 illud
2317 3258 2563 3315 Joannis
2589 3257 2787 3330 (Joan.
2819 3276 2978 3327 xvui,
3009 3261 3139 3334 29):
3172 3263 3247 3317 Et
3277 3262 3389 3331 ipsi
3422 3281 3532 3320 non

1885 3349 2246 3405 introierunt
2268 3348 2329 3403 in
2353 3348 2724 3418 prmtorium,
2748 3364 2820 3406 ne
2835 3351 3405 3418 contaminarentur,
3433 3355 3536 3409 sed

1887 3436 2453 3495 utederentPascha.
2478 3439 2567 3494 Ac
2588 3435 2733 3492 illud
2745 3438 2934 3508 (Joan.
2961 3453 3084 3494 xix.
3115 3439 3201 3509 14)
3225 3455 3239 3508 ;
3268 3441 3539 3498 Eratau—

1887 3533 1998 3583 tem
2028 3526 2356 3583 Parasceve
2380 3526 2752 3596 paschw;et:
2785 3526 2877 3582 Ibi
2904 3541 3040 3598 ergo
3077 3536 3322 3599 propter
3349 3530 3540 3588 Para-

1886 3632 2090 3674 sceven
2127 3615 2502 3684 Iudaeorum,
2529 3619 2668 3687 quia
2693 3631 2866 3688 prope
2907 3623 3035 3673 erat
3078 3627 3536 3687 monumentum,

1887 3711 2207 3777 posuerunt
2247 3703 2464 3760 Iesum.
2519 3703 2829 3776 Siquidem
2871 3703 2972 3761 illa
3022 3705 3346 3763 Parasceve
3398 3709 3543 3766 nihil

1889 3793 2052 3851 aliud
2066 3798 2210 3858 erat,
2237 3809 2420 3866 quam
2441 3792 2569 3848 dies
2585 3793 3058 3865 prmparationis,
3089 3811 3210 3867 quo
3227 3811 3291 3851 se
3320 3813 3544 3870 praepa-

1888 3881 2102 3938 rabant
2126 3879 2314 3936 Judaei
2357 3880 2434 3936 ad
2464 3878 2766 3936 edendum
2797 3897 3022 3952 agnum
3058 3883 3418 3954 paschalem.
3439 3886 3544 3942 La-

1889 3969 1993 4026 tini
2025 3985 2160 4024 vero
2187 3974 2461 4025 asserunt
2491 3984 2629 4024 eum
2656 3969 3104 4042 decimaquarta
3133 3970 3279 4030 luna
3320 3989 3544 4044 agnum

1891 4058 2136 4131 quidem
2153 4057 2346 4113 edisse
2368 4057 2733 4131 paschalem,
2750 4059 2901 4114 sicut
2923 4065 2980 4114 et
2997 4062 3242 4116 Crateros
3271 4062 3539 4120 Iudaeos:

1891 4147 2034 4221 quia
2064 4150 2128 4202 ut
2170 4147 2350 4203 habet
2404 4147 2582 4202 etiam
2637 4147 2872 4202 Graecus
2927 4147 3416 4221 Chrysostomus,
3468 4153 3547 4208 ad

1894 4241 2146 4291 mortem
2192 4251 2377 4306 usque
2436 4251 2673 4306 semper
2719 4236 2974 4290 servavit
3030 4237 3260 4306 legem:
3295 4254 3546 4311 passum

1894 4339 2036 4380 vero
2066 4323 2231 4378 aiunt
2261 4321 2701 4393 decimaquinta
2741 4321 2904 4388 luna,
2943 4329 3178 4395 propter
3229 4324 3381 4382 alios
3430 4331 3547 4385 tres

1897 4410 2295 4480 evangelistas
2337 4409 2577 4482 (Matth.
2612 4425 2770 4476 xxvt;
2809 4410 2994 4469 Marc.
3019 4413 3347 4478 x1v;,Luc.
3381 4419 3548 4490 χχιι.)

1897 4500 2000 4574 qui
2035 4505 2310 4556 astruunt
2340 4498 2523 4554 fuisse
2549 4499 2807 4570 primum
2840 4499 2999 4555 diem
3020 4517 3392 4573 azymorum,
3421 4523 3546 4578 quo

1900 4591 2158 4646 Christus
2172 4593 2466 4660 postrema
2479 4603 2539 4642 m
2557 4603 2792 4643 caenam
2804 4605 2870 4642 cu
2881 4606 2939 4644 m
2956 4589 3268 4663 discipulis
3283 4593 3545 4652 celebra-

1898 4679 2001 4734 vit.
2035 4679 2100 4733 Et
2133 4678 2194 4732 hi
2225 4684 2424 4732 autem
2459 4680 2517 4732 et
2567 4675 2648 4731 illi
2699 4683 3135 4750 repugnantem
3185 4679 3548 4754 Scripturam

1897 4766 2130 4822 obtorto
2144 4765 2293 4821 collo
2307 4764 2534 4820 trahere
2548 4764 2994 4836 quodammodo
3007 4767 3275 4824 videntur
3287 4770 3366 4826 ad
3381 4788 3550 4827 suum

1899 4871 2166 4910 sensum.
2181 4857 2546 4925 QuaprOpter
2559 4869 2751 4925 opera:
2766 4855 3018 4926 pretium
3038 4855 3303 4914 facturus
3319 4859 3545 4926 videor,

1899 4945 1948 4998 si
1975 4943 2135 4999 intui
2168 4943 2441 5013 gratiam,
2471 4942 2758 4998 benevole
2779 4943 2982 5008 lector,
3009 4945 3123 5001 hoc
3147 4945 3275 5002 loco
3293 4948 3550 5006 dilucide

1899 5031 2280 5096 adnotavero,
2308 5047 2441 5102 quae
2477 5031 2638 5086 varia
2670 5030 2912 5088 lectione
2951 5034 3293 5108 magnisque
3327 5039 3554 5094 sudori-

1899 5121 2014 5175 bus
2049 5120 2160 5176 hac
2186 5119 2260 5173 de
2291 5119 2426 5174 rein
2456 5119 2875 5191 compendium
2907 5121 3128 5192 redegi.
3159 5124 3422 5182 Primum
3449 5129 3554 5183 ita-

1899 5223 2015 5281 que
2041 5209 2375 5264 notaudum
2405 5213 2511 5273 est,
2561 5207 2715 5279 quod
2755 5209 3048 5265 naturalis
3070 5211 3196 5267 dies
3239 5216 3401 5286 apud
3445 5217 3552 5270 He-

1902 5297 2096 5352 braeos
2125 5297 2328 5368 incipit
2353 5297 2429 5352 ab
2452 5313 2670 5352 occasu
2695 5297 2847 5363 solis,
2868 5303 2924 5355 et
2948 5298 3162 5356 desinit
3186 5301 3245 5356 in
3283 5305 3548 5374 ejusdem

1903 5401 2173 5442 occasum
2202 5385 2316 5440 diei
2349 5386 2858 5458 sequentis,juxta
2902 5387 3051 5444 illud
3083 5389 3251 5459 (Gen.
3285 5393 3327 5463 ι)
3357 5409 3367 5444 ;
3403 5392 3552 5448 Fac-

1908 5483 2032 5531 tum
2058 5481 2136 5530 est
2170 5489 2398 5544 vespere
2435 5482 2490 5530 et
2537 5489 2704 5531 mane
2750 5474 2869 5532 dies
2906 5493 3072 5532 unus.
3113 5479 3324 5534 Mensis
3351 5494 3491 5534 vero
3516 5494 3554 5534 a
