3976 6222
430 232 495 284 Π
1962 224 2357 279 ΡΗᾹΞΡΑΤΙΟ.
3775 233 3844 288 48

438 354 855 425 conjunctione
890 354 1090 408 media
1122 352 1534 425 lnminarium;
1567 358 1623 410 et
1648 352 2083 422 durattriginta
2118 350 2164 404 A
2194 366 2324 422 quae
2354 351 2447 407 die
2463 353 2910 409 Sabbatifacere
2930 353 3331 419 nonlicuisset,
3350 356 3563 426 septies
3592 355 3843 413 circum-

438 441 1001 506 diebus,duodecim
1038 443 1217 507 horis,
1246 443 1549 498 etduabus
1575 442 1759 497 tertiis
1783 441 1961 496 unius
1986 441 2083 495 ho-

438 548 515 586 rae
547 547 683 585 cum
717 530 903 585 tribus
938 531 1199 601 minutis,
1233 547 1357 603 quae
1388 532 1732 603 supputatio
1764 528 2086 584 invariabi-

439 620 566 675 liter
596 618 920 674 conformis
936 624 1025 673 est
1053 636 1182 672 cum
1220 620 1530 674 Ptolemaeo
1545 619 1791 691 aliisque
1823 622 2084 673 astrono-

437 708 551 763 mis
574 707 902 762 secundum
922 706 1175 761 medium
1193 707 1626 762 cursninlunte.
1650 712 1855 762 Annus
1886 711 2081 761 autem

439 796 747 852 exordium
776 795 957 850 sumit
983 796 1352 850 aNeomenia
1379 796 1500 851 sive
1528 795 1666 850 solis
1697 812 1765 850 ac
1786 796 1941 850 luna:
1972 794 2087 849 coi-

440 885 593 940 tione
622 884 895 954 proxima
924 883 1281 955 aequinoctio
1312 884 1554 953 vernali,
1601 884 1926 938 secundum
1967 898 2086 937 me-

441 974 608 1029 dium
658 989 901 1027 cursum
954 972 1090 1028 solis
1147 977 1203 1027 et
1256 974 1409 1027 lunre.
1443 973 1651 1043 (Levit.
1692 988 1866 1039 xxm;
1907 973 2082 1028 Num.

441 1078 623 1117 xxvm
656 1065 710 1117 et
739 1062 921 1132 xxxx).
953 1062 1241 1116 l’raaterea
1267 1062 1467 1116 omnia
1508 1062 1659 1117 festa
1691 1060 2084 1123 Hebraeorum,

442 1166 577 1222 quae
604 1166 641 1205 a
674 1150 927 1204 Mosaica
963 1149 1091 1217 lege
1128 1148 1444 1213 habentur,
1477 1153 1686 1220 prteter
1742 1148 2083 1213 Sabbatum,

443 1254 617 1293 suam
657 1237 1127 1292 numerationem
1162 1255 1229 1291 ac
1258 1238 1651 1292 variationem
1691 1253 1792 1308 per
1825 1237 2089 1291 diversos

440 1326 841 1381 hebdomade.
869 1327 1016 1392 dies,
1054 1332 1297 1380 sumunt
1339 1342 1374 1380 a
1430 1325 1620 1396 primo
1650 1326 1745 1380 die
1803 1325 2087 1396 prmdictac

444 1415 801 1475 Neomeniae,
832 1430 996 1485 aquo
1026 1416 1195 1485 juxta
1220 1414 1410 1483 legem
1445 1414 1648 1469 omnia
1669 1430 1779 1468 sua
1808 1413 1956 1468 festa
1984 1429 2088 1467 nu-

441 1508 675 1559 merant
716 1502 963 1557 Hebraei:
998 1508 1135 1572 puta
1166 1501 1400 1557 decimo
1439 1503 1649 1573 quinto
1688 1501 1779 1557 die
1815 1501 2084 1571 ejusdem

444 1592 619 1663 primi
649 1591 872 1645 mensis
893 1589 1237 1646 festumerat
1267 1594 1712 1661 azymorum,et
1738 1590 1919 1661 pridie
1959 1589 2087 1659 ejus

443 1679 579 1745 diei,
611 1678 669 1732 id
691 1684 778 1733 est
806 1678 1033 1733 decima
1055 1684 1269 1750 quarta
1299 1678 1443 1732 luna
1482 1678 1557 1733 ad
1590 1693 1924 1750 vesperam,
1955 1676 2087 1731 ede-
2117 1696 2159 1748 Β

439 1769 616 1824 batur
645 1783 838 1836 agnus
880 1766 1193 1838 paschalis.
1235 1768 1280 1821 Λ
1320 1767 1467 1821 festo
1498 1770 1696 1822 autem
1723 1770 2086 1837 Azymorum

440 1856 751 1913 transactis
766 1858 989 1926 septem
1009 1854 1430 1920 hebdomadis,
1448 1858 1715 1926 sequenti
1735 1855 1847 1923 die,
1870 1871 2085 1926 nempe

440 1942 965 2016 quinquagesimo,
984 1942 1195 1996 festum
1221 1948 1341 1997 erat
1359 1942 1793 1998 Primitivorum
1810 1943 1932 1998 sive
1946 1944 2085 1996 Pen-

442 2036 709 2090 tecostes.
744 2031 886 2085 Post
918 2045 1020 2084 sex
1047 2045 1185 2085 vero
1215 2046 1446 2085 menses
1470 2030 1709 2086 lunares
1736 2032 1812 2086 ab
1872 2032 2083 2087 eadem

439 2120 634 2191 prima
647 2115 1052 2182 Neomenia,id
1067 2121 1150 2171 est
1166 2120 1550 2188 postcentum
1569 2118 1944 2189 septuaginta
1956 2134 2084 2188 sep-

442 2215 559 2266 tem
611 2208 774 2271 dies;
840 2206 1110 2278 sequenti
1168 2206 1262 2260 die
1321 2210 1441 2261 erat
1491 2206 1706 2262 festum
1757 2207 2080 2271 Tubarum,

440 2311 655 2369 nempe
681 2296 740 2350 in
782 2293 1124 2358 Neomenia,
1159 2294 1431 2366 proxima
1456 2295 1813 2367 aequinoctio
1853 2300 2084 2350 autum-

440 2385 583 2441 nali.
615 2384 851 2439 Decimo
884 2382 1020 2437 inde
1048 2382 1145 2437 die
1178 2382 1393 2437 festum
1422 2383 1788 2454 Expiationis
1834 2382 2083 2438 celeber-

438 2475 680 2531 rimum.
711 2471 942 2527 Decimo
964 2470 1176 2541 quinto
1199 2470 1470 2541 ejusdem
1493 2472 1714 2525 mensis
1732 2471 1846 2537 die,
1868 2472 2084 2527 festum

442 2560 825 2633 Scenopegiae
847 2559 965 2613 sive
989 2558 1563 2615 Tabernaculorum.
1597 2558 1662 2614 Et
1682 2560 1759 2614 ab
1780 2560 1894 2615 hoc
1912 2560 2079 2623 festo,

440 2652 535 2706 die
566 2656 796 2714 octavo,
841 2648 901 2702 id
928 2651 1018 2702 est
1042 2652 1180 2718 post
1206 2652 1433 2719 septem
1456 2648 1726 2718 ejusdem
1762 2648 1889 2704 festi
1930 2649 2080 2714 dies,

442 2738 791 2796 occurrebat
810 2736 1073 2791 ultimum
1088 2751 1286 2791 eorum
1302 2736 1761 2808 festum,nempe
1780 2742 1969 2791 coetus
1994 2736 2085 2791 vel

442 2829 697 2885 collectae
732 2826 848 2880 sive
886 2824 1267 2880 retentionis:
1302 2825 1465 2895 quod
1505 2824 1698 2880 solum
1732 2825 2087 2896 designabat

441 2917 700 2973 fidelium
734 2917 792 2969 in
835 2918 1044 2969 sancta
1069 2913 1327 2968 Ecclesia
1356 2914 1872 2983 congregationem
1905 2930 1972 2967 ac
2002 2932 2085 2967 re-

2194 441 2392 495 eundo
2419 442 2599 495 altare
2624 459 2757 496 eum
2792 442 3131 514 palmarum
3159 442 3494 506 frondibus,
3526 445 3585 499 in
3620 462 3841 501 memo-

2194 528 2343 583 riam
2372 536 2558 600 captre
2587 531 2817 586 Jericho
2860 532 3060 602 prima:
3083 532 3351 595 civitatis,
3382 549 3565 603 quam
3598 533 3657 588 in
3690 538 3843 590 terra

2193 617 2612 688 promissionis
2640 619 2740 672 ﬁlii
2784 620 2953 674 Israel
2984 619 3336 690 hujusmodi
3371 622 3708 691 septenaria
3737 624 3839 678 cir-

2195 702 2446 756 cuitione
2483 709 2784 773 ceperant,
2816 704 2871 758 in
2906 704 3016 758 hoc
3044 710 3330 775 prmtcrea
3373 705 3468 759 die
3498 705 3668 761 lectio
3696 723 3839 778 quo-

2194 791 2423 861 queilla
2454 790 2777 846 Psalrnistae
2804 794 3188 864 (Psal.cxvn),
3228 792 3461 865 publice
3488 794 3840 851 decantaba—

2197 884 2315 933 tur:
2340 879 2598 944 Obsecro,
2618 880 2878 948 Domine,
2894 882 3085 945 salva,
3102 897 3322 952 quaeso:
3343 883 3842 953 obsecro,Domine

2194 983 2465 1037 prospere
2490 984 2633 1038 age:
2679 970 3006 1025 benedictus
3036 971 3135 1040 qui
3173 971 3325 1025 venit
3374 972 3437 1026 in
3478 977 3713 1028 nemine
3741 978 3840 1029 Do-

2194 1057 2358 1111 mini.
2402 1055 2549 1111 Nam
2580 1062 2635 1111 et
2663 1057 2821 1112 hanc
2847 1059 3329 1115 constitutionem
3347 1060 3571 1115 scimus
3606 1077 3841 1133 quoque

2198 1145 2257 1199 in
2300 1162 2409 1199 usu
2442 1146 2620 1200 fuisse
2649 1146 2941 1210 Israelitis,
2970 1163 3108 1201 cum
3166 1148 3357 1202 adhuc
3390 1148 3449 1203 in
3505 1149 3841 1220 captivitate

2197 1239 2397 1287 essent
2447 1234 2816 1304 Babylonica.
2859 1235 3163 1307 Siquidem
3196 1252 3267 1290 ex
3300 1237 3596 1307 Thargum
3642 1238 3843 1293 Esther

2198 1321 2705 1393 colligimusquod
2729 1339 2799 1378 eo
2814 1323 2906 1377 die
2922 1324 3205 1379 secabant
3228 1324 3464 1379 frondes
3487 1326 3840 1397 palmarum,

2198 1413 2369 1479 atque
2398 1410 2793 1481 decerpebant
2822 1412 3003 1465 citrea
3045 1427 3238 1482 poma,
3268 1412 3700 1469 abscindebant
3727 1431 3841 1471 ros-

2198 1498 2517 1561 marinum,
2565 1505 2620 1552 et
2651 1498 2941 1554 faciebant
2999 1498 3113 1554 sibi
3165 1511 3399 1563 κινωπη
3458 1502 3729 1559 hosana:
3771 1504 3843 1559 le-

2198 1586 2533 1657 gebantque
2565 1586 2621 1641 in
2666 1587 2830 1641 libris
2863 1588 2981 1641 suis
3011 1594 3064 1642 et
3103 1589 3376 1655 orabant,
3410 1590 3768 1647 laetabantur
3789 1598 3841 1648 et

2196 1675 2409 1731 hilares
2441 1683 2607 1730 erant
2636 1677 2690 1730 in
2724 1687 2958 1740 summa
2995 1677 3251 1748 hosana,
3297 1678 3603 1736 saltabant
3645 1688 3701 1736 et
3758 1700 3840 1735 ex-

2197 1764 2477 1819 siliebant
2497 1764 2647 1819 sicut
2679 1765 2855 1821 haedi.
2883 1768 3047 1820 Unde
3074 1766 3273 1821 videre
3301 1767 3433 1823 licet
3461 1775 3521 1823 ut
3552 1770 3667 1825 hoc
3698 1787 3839 1841 quo-

2193 1868 2309 1923 que
2338 1852 2592 1907 docendi
2614 1853 2802 1924 gratia
2824 1854 3119 1909 addamus
3140 1856 3498 1911 vocabulum
3518 1858 3835 1916 Hebraeum

2193 1950 2294 2003 μυ
2341 1952 2599 2004 Hymn
2652 1944 2875 1998 hosana
2922 1943 3082 2013 vulgi
3136 1960 3299 1999 more
3350 1946 3507 2017 apud
3564 1947 3837 2005 Hebreeos

2193 2029 2370 2086 etiam
2401 2036 2535 2086 ante
2567 2031 2863 2086 Christum
2894 2037 3100 2087 natum
3135 2032 3318 2089 fuisse
3351 2041 3690 2107 corruptum
3738 2044 3838 2093 aut

2192 2117 2321 2173 illos
2352 2135 2674 2190 usurpasse
2706 2119 2901 2190 ipsum
2953 2136 3117 2175 more
3156 2120 3493 2189 Chaldaico,
3530 2130 3584 2179 et
3623 2124 3836 2181 deinde

2192 2207 2415 2261 abusos
2446 2207 2626 2262 fuisse
2658 2224 2766 2279 pro
2794 2207 3168 2263 solemnitate
3202 2210 3573 2277 Palmarum,
3630 2214 3687 2268 in
3719 2230 3834 2285 qua

2192 2312 2326 2350 cum
2348 2296 2527 2350 ramis
2558 2296 2928 2351 caeremoniae
2952 2296 3187 2353 ﬁebant.
3226 2300 3289 2353 Et
3310 2300 3387 2354 ita
3414 2307 3554 2356 nato
3578 2308 3837 2372 postmo-

2192 2384 2337 2439 dum
2362 2383 2609 2449 Christo,
2643 2400 2779 2439 cum
2836 2385 3009 2441 vellet
3049 2387 3306 2457 populus
3358 2404 3493 2443 eum
3522 2389 3835 2456 honorare,

2192 2478 2247 2527 et
2303 2488 2441 2528 cum
2484 2473 2781 2544 triumpho
2832 2474 3238 2545 Hierosolyma
3295 2476 3613 2541 deducere,
3670 2478 3833 2550 igno-

2191 2567 2389 2617 rantes
2430 2561 2875 2633 compleverunt
2903 2564 3279 2634 prophetiam
3334 2567 3693 2637 Davidicam,
3745 2585 3838 2624 oc-

2193 2652 2426 2705 casione
2484 2655 2719 2721 sumpta
2766 2666 2836 2705 ex
2878 2652 3133 2706 surculis
3192 2653 3269 2708 ab
3312 2653 3483 2709 olivis
3542 2656 3833 2728 decerptis

2192 2743 2243 2793 et
2288 2738 2347 2793 in
2388 2739 2541 2793 viam
2588 2739 2811 2804 stratis,
2868 2740 3191 2795 clamantes
3243 2744 3502 2807 Hosana,
3548 2744 3609 2799 id
3675 2746 3838 2817 quod

2193 2826 2448 2882 clamare
2529 2832 2959 2882 consueverant
3040 2828 3097 2882 in
3179 2829 3548 2885 solemnitate
3630 2834 3836 2887 Ramo-

2193 2931 2344 2970 rum.
2389 2915 2485 2969 His
2520 2914 2719 2986 itaque
2751 2916 3067 2985 praemissis
3098 2916 3705 2975 animadvertendum
3732 2925 3837 2987 est,

444 3007 767 3064 tentionem
819 3004 940 3057 sive
982 3002 1506 3074 perseverantiam,
1552 3002 1715 3075 quod
1748 3002 1969 3057 factum
2001 3008 2086 3058 est
2124 3040 2164 3097 Ο
2194 3003 2353 3073 quod
2415 3018 2574 3057 anno
2642 3019 2763 3073 quo
2830 3018 3047 3074 passus
3114 3009 3199 3058 est
3251 3004 3519 3060 Christus
3589 3008 3841 3062 occurrit

444 3100 581 3168 post
610 3093 820 3148 veteris
849 3090 997 3160 legis
1039 3090 1239 3146 ﬁnitas
1290 3088 1512 3160 ﬁguras
1569 3106 1639 3146 ac
1676 3092 2081 3146 ctercmonias.

444 3184 668 3241 Deinde
697 3180 1298 3238 animadvertendum
1329 3184 1414 3234 est
1443 3179 1607 3251 quod
1638 3180 1878 3251 quando
1920 3181 2087 3251 juxta

443 3273 684 3332 vernale
697 3269 1271 3343 tequinoctium,conj
1282 3269 1479 3324 unctio
1493 3268 1863 3324 luminarium
1879 3285 2085 3325 secun-

446 3365 593 3420 dum
610 3360 870 3417 medium
900 3374 1135 3414 cursum
1158 3357 1658 3429 occurrebatpost
1674 3357 1971 3413 decimam
1992 3374 2088 3412 oc-

448 3457 647 3509 tavam
675 3449 791 3505 diei
819 3448 1054 3509 horam,
1078 3446 1221 3516 quia
1245 3446 1373 3515 jam
1425 3450 1675 3515 peractaa
1731 3450 1897 3500 erant
1954 3445 2087 3515 plus

445 3554 630 3612 quam
647 3542 761 3590 tres
774 3540 995 3606 quarta:
1016 3538 1213 3604 partes
1232 3532 1428 3601 diei,et
1444 3532 1781 3587 declinabat
1799 3533 1991 3602 magis
2011 3532 2085 3586 ad

445 3628 605 3681 diem
652 3626 1018 3693 sequentem,
1058 3620 1193 3674 ideo
1226 3619 1572 3673 servabatur
1598 3634 1832 3690 quoque
1875 3620 1969 3674 die
1999 3635 2087 3673 se-

448 3712 726 3787 quenti,et
740 3710 812 3764 ab
827 3708 939 3763 hoc
951 3706 1411 3763 numerabantur
1424 3707 1618 3761 omnia
1630 3707 1902 3778 praedicta
1914 3708 2083 3762 festa.

518 3802 804 3856 Praaterea
844 3798 890 3851 si
933 3796 1086 3851 dicta
1117 3797 1312 3869 prima
1364 3795 1683 3851 Neomenia
1740 3795 2091 3851 occurrebat

445 3888 731 3956 secundo,
762 3890 997 3958 quarto,
1038 3885 1130 3941 vel
1170 3890 1334 3939 sexto
1377 3883 1776 3938 hebdomadas
1822 3884 1915 3939 die
1972 3900 2087 3939 ser-

447 3978 669 4041 vanda,
702 3974 1077 4046 rejiciebatur
1098 3975 1156 4030 in
1184 3971 1342 4026 diem
1371 3978 1739 4043 sequentem.
1767 3974 1913 4027 Nam
1940 3973 1982 4027 si
2008 3989 2093 4028 se-

446 4065 645 4122 cundo
676 4061 1069 4118 hebdomadaz
1094 4061 1188 4115 die
1211 4059 1419 4115 fuisset
1443 4066 1695 4125 servata,
1727 4066 1863 4116 tunc
1877 4062 2091 4116 festum

446 4154 837 4229 Expiationis,
877 4152 1041 4225 quod
1071 4154 1195 4206 erat
1239 4149 1714 4214 celeberrimum,
1740 4151 2094 4205 occurrisset

447 4248 544 4304 die
558 4250 720 4301 sexto
747 4243 1173 4299 celebrandum
1197 4257 1209 4294 :
1247 4239 1461 4312 quodsi
1476 4245 1638 4294 sexto
1656 4238 1745 4293 die
1766 4244 2094 4295 servaretur

448 4337 605 4393 dicta
626 4335 821 4408 prima
834 4332 1159 4388 Neomenia
1185 4329 1307 4384 sive
1322 4328 1549 4399 primus
1564 4328 1699 4383 anni
1714 4344 1921 4383 eorum
1944 4328 2091 4391 dies,

2195 3090 2391 3161 prima
2420 3092 2761 3156 Neomenia,
2782 3090 2902 3145 sive
2934 3092 3273 3161 conjunctio
3300 3092 3690 3149 luminarium
3710 3111 3839 3166 pro-

2194 3178 2359 3234 xiina
2371 3180 2727 3251 aequinoctio
2742 3179 2964 3234 vernali
2977 3179 3301 3234 secundum
3321 3182 3583 3237 medium
3600 3198 3840 3238 cursum

2197 3268 2337 3323 solis
2357 3274 2412 3323 et
2426 3267 2611 3338 lunaaj
2625 3274 2763 3323 uxta
2778 3284 2977 3323 veram
2992 3273 3047 3323 et
3068 3273 3336 3325 exactam
3355 3272 3838 3342 supputationem

2196 3356 2690 3428 peritissimorum
2709 3357 3214 3420 Hebraeorum,die
3227 3358 3432 3430 quinto
3450 3359 3844 3416 hebdomadas

2196 3449 2329 3514 post
2355 3443 2647 3498 decimam
2673 3459 2894 3499 nonam
2914 3444 3030 3497 diei
3056 3444 3288 3507 horam,
3324 3462 3458 3501 cum
3483 3446 3708 3517 aliquot
3728 3447 3842 3502 mi-

2194 3532 2351 3586 nutis
2380 3548 2391 3584 :
2426 3537 2481 3585 et
2511 3532 2591 3585 ita
2614 3532 2784 3602 juxta
2812 3532 3097 3603 prtedicta
3126 3539 3250 3588 erat
3277 3535 3545 3606 sequenti
3570 3534 3667 3590 die
3723 3551 3847 3591 ser-

2196 3619 2416 3675 vanda.
2439 3620 2549 3673 Sed
2575 3621 2735 3691 quia,
2758 3627 2923 3675 sexto
2943 3620 3058 3689 die,
3080 3621 3381 3677 utdictum
3395 3628 3501 3689 est,
3526 3639 3845 3694 nunquam

2198 3709 2568 3774 servabatur,
2596 3709 2809 3763 idcirco
2838 3710 3026 3764 Judaei
3058 3726 3129 3765 eo
3181 3727 3342 3767 anno
3373 3714 3695 3769 servabant
3726 3715 3850 3785 pri-

2201 3814 2365 3852 mum
2392 3797 2537 3851 illud
2552 3796 2919 3852 novilunium
2946 3798 3040 3853 die
3061 3799 3329 3855 Sabbati:
3367 3806 3425 3856 et
3451 3801 3534 3857 ita
3570 3802 3849 3857 decimus

2198 3886 2582 3957 quintusdies
2596 3886 2853 3955 ejusdem
2871 3887 3109 3952 mensis,
3138 3904 3259 3959 quo
3276 3891 3850 3946 occurrebatfestum

2201 3979 2570 4045 Azymorum,
2610 3975 2779 4044 juxta
2805 3975 3148 4031 Judaeorum
3183 3978 3619 4035 observantiam
3670 3981 3855 4036 etiam

2200 4068 2322 4118 erat
2343 4063 2467 4117 dies
2501 4062 2774 4118 Sabbati:
2820 4063 3075 4135 ideoque
3111 4070 3352 4138 propter
3382 4068 3644 4123 duorum
3678 4069 3856 4126 festo-

2201 4166 2333 4203 rum
2360 4149 2828 4219 concursum,de
2862 4151 2961 4205 illo
3000 4151 3143 4206 dicit
3173 4153 3431 4208 Joannes
3470 4154 3655 4225 (Joan.
3693 4157 3852 4227 xix);

2202 4239 2364 4308 quod
2396 4242 2522 4293 erat
2552 4254 2795 4307 magnus
2814 4238 2932 4294 dies
2964 4240 3067 4296 ille
3087 4240 3341 4308 Sabbati,
3366 4247 3428 4297 ut
3469 4244 3653 4299 etiam
3685 4245 3767 4301 ad
3790 4260 3859 4300 ea

2202 4327 2381 4381 verba
2393 4326 2566 4380 habet
2580 4332 2787 4382 auctor
2798 4332 3018 4383 noster.
3035 4328 3293 4385 Christus
3308 4347 3446 4386 vero
3458 4335 3861 4406 servavitqui-

449 4389 841 4483 t—uncdictum
874 4418 1239 4493 Expiationis
1276 4389 1482 4473 festum
1515 4417 1608 4471 die
1649 4418 1857 4488 primo,
1912 4389 2093 4487 quem
2126 4389 2170 4441 D
2201 4414 2331 4469 dem
2363 4416 2743 4469 Neomeniam
2770 4420 2932 4471 sexto
2958 4416 3357 4473 hebdomadas
3378 4420 3500 4474 die:
3524 4437 3667 4477 cum
3695 4389 3861 4479 enim

448 4530 561 4570 nos
593 4528 880 4568 vocamus
920 4510 1316 4573 Dominicum,
1358 4506 1707 4562 occurrisset
1732 4507 1809 4560 ab
1840 4506 1921 4558 eis
1949 4504 2093 4560 cele-

449 4600 780 4657 brandum:
815 4614 1074 4669 quorum
1086 4602 1405 4666 utrumque
1423 4594 1752 4649 admodum
1767 4607 1945 4661 grave
1960 4607 2089 4647 cen-

450 4691 684 4747 sebatur
701 4694 757 4743 et
775 4686 944 4742 valde
957 4700 1281 4740 onerosum
1299 4683 1403 4740 toti
1416 4682 1663 4755 populo,
1680 4698 1750 4738 eo
1772 4681 1936 4753 quod
1946 4682 2093 4737 duo-

449 4780 567 4835 bus
592 4775 882 4833 continuis
909 4773 1116 4829 diebus
1140 4771 1534 4838 naturalibus,
1568 4785 1785 4841 nempe
1814 4769 1961 4825 festo
1986 4772 2093 4825 Ex-

451 4867 731 4941 piationis
752 4870 808 4920 et
837 4862 1119 4927 Sabbato,
1144 4859 1309 4915 nullo
1340 4860 1521 4915 modo
1552 4860 1750 4914 liceret
1775 4874 1985 4929 parare
2015 4858 2090 4913 ci-

450 4957 701 5023 bos,aut
731 4952 981 5025 sepelire
1012 4956 1580 5019 mortuos:corpora
1609 4951 1809 5004 autem
1835 4952 2088 5011 mortua,

447 5051 549 5101 aut
592 5048 761 5101 cocta
790 5042 952 5097 olera
1011 5055 1132 5095 non
1190 5042 1432 5109 possent
1484 5038 1544 5091 in
1597 5035 1833 5091 tertium
1874 5037 2092 5091 servari

448 5135 628 5199 diem,
647 5129 1050 5205 praesertimin
1077 5128 1282 5184 calidis
1296 5126 1659 5196 regionibus.
1689 5123 1909 5189 Quodsi
1937 5129 2092 5180 sexto

447 5225 541 5281 die
561 5226 891 5280 servaretur
921 5218 1197 5292 praedicta
1212 5217 1535 5272 Neomenia
1560 5215 1681 5269 sive
1709 5214 1971 5285 primum
1984 5230 2091 5270 no-

444 5313 762 5379 vilunium,
790 5316 930 5367 tunc
954 5308 1244 5379 septimus
1278 5306 1401 5360 dies
1417 5303 1549 5360 festi
1575 5304 1954 5376 Scenopegiae
1972 5304 2092 5359 sive

442 5400 987 5460 Tabernaculorum
1009 5393 1468 5453 occurrissetdie
1491 5392 1751 5450 Sabbati.
1769 5394 1835 5448 In
1859 5393 1972 5450 hoc
1988 5410 2091 5450 an-

445 5497 564 5550 tem
596 5488 847 5562 septimo
879 5485 974 5543 die
1001 5485 1190 5541 multa
1218 5482 1433 5540 laetitiae
1455 5480 1629 5551 signa
1680 5482 2088 5546 ostendebant,

2202 4508 2337 4574 post
2353 4502 2644 4557 decimam
2661 4519 2885 4559 nonam
2905 4505 3115 4561 horam
3134 4509 3487 4565 occurrisset
3503 4510 3699 4581 quinti
3717 4512 3859 4577 diei,

2200 4591 2626 4648 rationabiliter
2641 4596 2700 4647 ut
2712 4593 2931 4649 dictum
2948 4600 3054 4658 est,
3090 4598 3286 4665 magis
3304 4598 3590 4669 pertinere
3602 4600 3863 4657 videba-

2204 4686 2294 4736 tur
2324 4680 2403 4737 ad
2432 4681 2591 4736 diem
2618 4689 2983 4752 sequentem.
3005 4684 3220 4739 Verum
3244 4701 3280 4740 a
3299 4690 3463 4741 sexto
3480 4687 3577 4742 die
3598 4690 3682 4743 ad
3714 4691 3865 4746 Sab-

2201 4768 2408 4825 batum
2441 4785 2574 4824 cum
2589 4769 2812 4825 Judaeis
2836 4771 3149 4827 transferre
3168 4773 3375 4829 noluit.
3402 4776 3552 4831 Nam
3570 4776 3689 4832 hoc
3722 4795 3861 4849 pro.

2203 4862 2331 4930 pter
2356 4858 2505 4913 festa
2537 4858 2791 4930 septimo
2824 4876 3031 4916 mense
3072 4860 3270 4917 futura
3299 4863 3597 4920 faciebant
3640 4867 3864 4937 Judtei,

2206 4951 2265 5001 ut
2294 4947 2647 5018 praedictum
2682 4952 2794 5014 est;
2828 4949 3092 5004 Christus
3122 4958 3323 5007 autem
3371 4960 3635 5021 noverat,
3687 4958 3865 5027 quod

2203 5050 2308 5106 per
2331 5051 2503 5090 suam
2524 5035 2879 5092 Passionem
2893 5053 3027 5108 qua:
3046 5038 3322 5105 instabat,
3346 5046 3599 5097 cessaret
3621 5044 3869 5115 obliga-

2203 5125 2281 5178 tio
2314 5125 2679 5193 sequentium
2707 5125 2939 5179 illorum
2997 5126 3304 5193 festorum,
3340 5129 3491 5184 sicut
3538 5135 3595 5185 et
3636 5138 3872 5191 caetera

2202 5213 2346 5283 legis
2365 5213 2825 5270 caaremonialia.
2853 5216 3087 5286 PrOpter
3112 5216 3224 5272 hoc
3250 5218 3468 5291 itaque,
3498 5208 3682 5277 etiam
3714 5226 3873 5296 quia

2200 5301 2464 5373 sequenti
2498 5302 2593 5357 die
2621 5304 2942 5358 moriturus
2964 5305 3391 5372 eratChristus,
3425 5309 3699 5380 typicum
3736 5316 3872 5384 qui-

2199 5392 2338 5447 dem
2370 5407 2591 5461 agnum
2618 5408 2757 5447 vera
2786 5400 2841 5447 et
2868 5392 3135 5464 legitima
3157 5396 3391 5452 decima
3438 5402 3655 5467 quarta
3684 5400 3867 5467 luna,

2196 5480 2563 5552 quzefuitdie
2602 5482 2831 5552 quinto,
2875 5482 3160 5549 comedit;
3191 5491 3404 5557 quarta
3443 5487 3687 5547 decima
3716 5509 3873 5550 vero
