3976 6222
233 301 287 354 ι9
1633 290 2035 348 PREFATIO.
3474 301 3547 355 50

225 423 337 478 luna
343 421 478 490 juxta
490 423 704 472 veterem
718 415 1093 472 Hebraeorum
1108 416 1583 473 numerationem
1596 418 1775 472 etiam
1805 418 1850 471 A
1883 423 2010 474 rent
2031 418 2216 474 Exod.
2233 419 2355 490 xu),
2375 424 2569 476 etnon
2591 421 3007 478 fermentatum
3029 437 3243 494 panem
3263 426 3321 479 et
3343 427 3539 480 tamen

223 511 445 580 legitima,
477 508 520 560 in
553 505 706 574 cujus
741 520 992 576 vespera
1025 505 1217 561 Judai
1252 507 1519 578 typicum
1549 520 1772 574 agnum

226 595 690 658 erantimmolaturi,
706 594 828 666 ipse
849 609 1022 650 verus
1042 596 1242 666 Agnus
1278 595 1382 651 fuit
1397 594 1768 650 immolatus:

218 691 261 741 et
279 688 342 740 ita
372 682 546 738 veritas
572 681 870 754 respondit
890 681 1117 752 ﬁgura.
1149 683 1365 738 Horum
1397 689 1596 738 autem
1635 697 1771 738 cau-

208 789 319 835 sam,
355 777 404 826 ut
441 771 725 826 verisimile
754 777 867 838 est,
897 771 1091 826 solum
1120 771 1488 827 indicaverat
1538 769 1774 842 patrifa-

204 861 357 917 milias
375 860 424 914 in
439 861 590 930 cujus
609 858 843 914 adibus
874 861 1099 932 pascha
1125 861 1354 925 edebat,
1379 866 1434 915 et
1459 859 1598 931 ipsis
1628 859 1774 914 duo-

203 949 352 1004 decim
369 947 925 1020 discipulis,quorum
947 950 1104 1022 (Luc.
1128 954 1272 1021 xxii)
1300 955 1500 1006 Petrus
1523 955 1579 1005 et
1601 951 1774 1004 Joan-

199 1053 280 1094 nes
304 1053 362 1093 ex
377 1037 524 1107 jussu
547 1036 751 1092 Christi
784 1040 1117 1094 necessaria
1151 1043 1526 1110 paraverant,
1560 1053 1774 1110 nempe

197 1128 403 1182 lactucas
415 1131 659 1193 agrestes
670 1132 727 1182 et
743 1125 990 1182 baculos
1004 1143 1017 1181 :
1032 1143 1174 1182 nam
1191 1143 1302 1196 agn
1313 1145 1378 1182 us
1391 1129 1515 1198 ipse
1537 1126 1772 1182 decimo

193 1213 266 1269 die
298 1214 480 1269 mensis
515 1213 843 1285 parabatur
895 1233 907 1271 :
961 1231 1146 1287 panes
1181 1231 1415 1287 quoque
1455 1215 1665 1287 azymi,
1711 1219 1772 1270 ut

191 1303 447 1358 verisimile
471 1305 781 1375 est(E.1:0d.
803 1309 910 1375 xu)
932 1305 1305 1376 aliquotante
1339 1304 1570 1368 diebus,
1597 1305 1772 1375 juxta

189 1391 482 1448 familiarum
496 1392 969 1462 magnitudinem
984 1393 1162 1464 parati
1192 1399 1363 1450 erant
1380 1412 1396 1463 ;
1414 1393 1608 1465 itaque
1633 1393 1769 1450 nul-

186 1481 254 1536 lus
265 1497 322 1536 ex
333 1481 431 1536 hoc
441 1498 648 1552 passus
661 1481 1118 1538 estoﬂ'endiculu
1128 1498 1402 1554 m,neque
1413 1483 1492 1538 ob
1504 1482 1563 1538 id
1576 1498 1771 1539 coram

183 1570 336 1640 judice
357 1571 522 1642 potuit
547 1570 839 1626 accusari.

237 1660 359 1724 Quin
401 1664 452 1714 et
490 1658 878 1715 Tertullianus
926 1659 1162 1716 Latinus
1209 1667 1417 1717 auctor
1464 1661 1768 1732 proximus

1882 505 2047 562 illam
2070 507 2511 565 immunditiam
2541 509 2872 567 levissimas
2909 511 2984 566 ob
2998 527 3207 568 causas
3234 513 3543 569 contrahe-

1881 593 2048 651 bant

1955 684 2123 750 Quod
2153 691 2351 744 autem
2391 689 2557 744 aiunt
2597 689 2885 755 nonnulli,
2926 689 3160 745 Judaos
3202 690 3539 761 praeceden-

1886 773 1921 829 ti
1953 773 2047 828 die
2097 779 2421 846 occupatos
2453 777 2608 833 circa
2659 778 3020 848 capiendum
3070 778 3382 840 Christum,
3439 795 3538 836 ne-

1884 861 2133 930 glexisse
2171 879 2399 933 agnum
2437 866 2612 921 edere
2641 865 3008 938 paschalem,
3034 873 3088 922 et
3112 867 3278 938 quod
3316 867 3538 924 idcirco

1883 955 2055 1006 nocte
2086 953 2352 1024 sequenti
2382 953 2549 1010 illum
2576 959 2773 1010 essent
2801 955 3138 1018 comesturi,
3167 971 3289 1011 non
3310 957 3376 1012 ﬁt
3391 956 3538 1012 veri-

1883 1039 2091 1095 simile.
2127 1041 2432 1112 Siquidem
2462 1043 2643 1099 etiam
2666 1042 2746 1098 illi
2769 1043 2872 1116 qui
2894 1043 3154 1113 legitimo
3183 1043 3536 1101 tenebantur

1881 1128 2308 1198 impedimento
2327 1130 2563 1187 decimo
2582 1135 2794 1203 quarto
2816 1132 2906 1187 die
2938 1132 3109 1203 primi
3142 1132 3379 1197 mensis,
3412 1148 3535 1189 non

1879 1221 2153 1288 poterant
2182 1219 2448 1289 sequenti
2483 1220 2577 1275 die
2607 1235 2715 1291 pro
2740 1219 2906 1275 libito
2938 1235 3162 1291 agnum
3195 1220 3368 1276 edere
3397 1237 3534 1293 pas-

1879 1305 2128 1371 chalem,
2167 1306 2271 1360 sed
2301 1308 2602 1378 sequentis
2632 1308 2856 1364 mensis
2888 1309 2983 1363 die
3008 1309 3273 1364 similiter
3300 1309 3531 1367 decimo

1878 1397 2093 1466 quarto
2119 1395 2190 1450 ad
2225 1410 2553 1466 vesperam,
2591 1401 2656 1452 ut
2683 1396 2937 1453 habetur
2974 1397 3213 1452 Numeri
3245 1413 3300 1452 χ.
3332 1398 3533 1470 Itaque

1879 1481 1974 1536 die
1998 1481 2294 1538 Passionis
2310 1484 2514 1539 Christi
2537 1500 2664 1539 cum
2682 1483 2956 1541 nondum
2977 1485 3252 1542 inchoata
3267 1491 3420 1542 esset
3443 1502 3534 1543 so-

1878 1571 2154 1627 lemnitas
2183 1572 2481 1628 Paschalis
2520 1577 2620 1628 aut
2665 1576 3046 1645 Azymorum,
3083 1575 3252 1644 juxta
3277 1580 3535 1633 veterem

1877 1660 2217 1715 Judaorum
2247 1661 2708 1728 observantiam,
2742 1663 2960 1719 licebat
2983 1663 3070 1718 eis
3091 1679 3279 1735 usque
3301 1664 3378 1720 ad
3395 1664 3533 1720 solis

185 1747 531 1818 apostolorum
579 1750 970 1820 temporibus,
1011 1749 1084 1805 de
1105 1749 1199 1805 die
1230 1748 1520 1806 Passionis
1562 1749 1768 1805 Christi
1804 1763 1847 1818 Β
1882 1765 2166 1804 occasum
2199 1749 2505 1818 judicialia
2532 1765 3140 1818 exercere,accusare,
3163 1757 3338 1808 testes
3367 1752 3534 1808 adhi-

182 1837 239 1892 ita
281 1836 505 1907 loquitur
568 1837 628 1892 in
700 1839 1080 1907 Apologetz’co
1165 1838 1443 1896 adversus
1507 1840 1768 1895 Judaeos.

186 1951 204 1974 ρ
223 1927 334 1990 Quae
366 1925 554 1982 Passio
577 1925 739 1981 intra
766 1928 1032 1998 tempora
1053 1927 1432 1998 septuaginta
1459 1926 1772 1982 hebdoma-

186 2014 346 2070 darum
387 2014 637 2086 perfecta
695 2018 803 2078 est,
858 2014 966 2068 sub
1020 2015 1247 2071 Tiberio
1305 2017 1552 2080 Casare,
1617 2031 1768 2071 coss.

187 2103 388 2158 Rubellio
408 2102 656 2159 Gemino
689 2108 744 2158 et
774 2101 927 2158 Rufo
971 2102 1240 2167 Gemino,
1294 2119 1501 2159 mense
1545 2105 1770 2171 Martio,

180 2192 478 2262 temporibus
508 2192 772 2257 Pascha,
805 2191 899 2246 die
928 2196 1140 2248 octavo
1168 2191 1569 2248 Kalendarum
1610 2192 1773 2264 Apri-

176 2280 302 2346 lium,
325 2281 408 2336 die
443 2281 632 2352 primo
671 2285 1049 2352 Azymorum,
1073 2296 1190 2351 quo
1208 2297 1426 2350 agnum
1455 2286 1512 2336 ut
1541 2280 1770 2337 occide-

176 2375 272 2422 rent
317 2369 386 2424 ad
433 2385 770 2441 vesperam,
821 2384 858 2424 a
923 2369 1078 2424 Mose
1127 2368 1321 2424 fuerat
1386 2375 1768 2441 praceptum.

175 2458 333 2528 Neque
359 2457 503 2512 enim
529 2458 608 2514 ob
657 2457 723 2512 id
769 2457 882 2513 dici
913 2461 1099 2528 potest
1136 2458 1330 2529 primo
1383 2458 1478 2513 die
1521 2462 1772 2530 Azymo-

173 2560 273 2601 rum
315 2551 586 2613 mortuus,
645 2547 822 2617 juxta
851 2547 1132 2617 pradicta
1187 2547 1525 2604 Tertulliani
1570 2547 1768 2612 verba,

172 2633 302 2705 quod
327 2650 390 2692 ea
427 2639 596 2691 nocte
645 2638 860 2708 captus
903 2635 1091 2690 fuerit.
1153 2636 1454 2707 Siquidem
1498 2637 1770 2692 omnium

173 2721 452 2776 testimonio
477 2723 534 2777 in
561 2737 742 2778 cruce
774 2725 830 2777 et
861 2738 977 2777 non
1007 2723 1067 2778 in
1107 2724 1636 2795 comprehensione
1667 2723 1774 2778 fuit

171 2817 334 2868 nostra
357 2813 698 2885 redemptio.
729 2815 794 2869 Et
817 2813 1025 2885 procul
1050 2814 1226 2869 dubio
1245 2813 1446 2869 divina
1472 2815 1530 2868 id
1569 2819 1772 2870 actum

168 2904 238 2954 est
285 2901 650 2968 Providentia,
705 2903 868 2974 quod
923 2918 992 2958 eo
1039 2918 1200 2958 anno
1264 2902 1485 2976 duplex
1536 2903 1773 2958 decima

165 2994 338 3059 quarta
363 2989 484 3046 luna
520 2990 898 3055 occurrebat,
928 2995 992 3046 ut
1021 2991 1272 3046 diversis
1296 2990 1684 3063 respectibus,
1717 2996 1772 3048 et

1883 1838 2021 1894 bere
2049 1843 2104 1893 et
2134 1837 2496 1904 examinare,
2531 1840 2886 1895 sententiam
2909 1839 3081 1910 ferre,
3115 1841 3415 1897 Simonem
3438 1856 3533 1896 co-

1884 1941 2020 1996 gere
2051 1930 2116 1981 ut
2143 1941 2380 1981 crucem
2421 1925 2665 1993 tolleret,
2699 1927 2961 1998 sepelire,
3010 1933 3270 1983 aromata
3308 1942 3536 1999 prapa-

1883 2029 2034 2077 rare,
2051 2012 2288 2085 aliaque
2305 2012 2562 2086 plurima
2578 2029 2774 2084 agere,
2787 2030 2923 2086 qua
2947 2017 2973 2069 ,Ι
2982 2014 3135 2070 udai
3155 2029 3536 2088 nequaquam

1885 2102 2175 2167 fecissent,
2210 2102 2259 2157 si
2279 2102 2579 2158 decimam
2594 2102 2873 2175 quintam
2901 2103 3108 2160 lunam
3133 2108 3190 2159 et
3219 2103 3301 2159 ita
3319 2103 3536 2159 festum

1886 2191 2128 2246 Pascha
2167 2194 2224 2246 et
2267 2191 2628 2262 Azymorum
2673 2206 2744 2246 eo
2788 2191 2884 2246 die
2935 2190 3354 2259 celebrassent,
3397 2207 3536 2246 cum

1885 2279 2042 2336 facta
2074 2295 2184 2334 sua
2198 2279 2503 2350 perlegam
2526 2279 2851 2334 Mosaicam
2865 2278 3195 2350 justiﬁcare
3217 2279 3539 2336 niterentur

1883 2369 2147 2423 dicentes
2181 2368 2335 2422 :Nos
2369 2369 2543 2438 legem
2573 2368 2861 2437 habemus,
2892 2374 3028 2438 etc.,
3058 2371 3114 2424 et
3154 2368 3417 2424 maxime
3445 2369 3537 2424 Jo-

1882 2457 2029 2529 seph
2058 2456 2134 2512 ab
2159 2456 2505 2512 Arimathea
2528 2455 2615 2512 vir
2643 2456 2838 2512 bonus
2865 2472 2932 2513 ac
2957 2457 3153 2527 justus
3199 2459 3254 2512 et
3300 2457 3540 2512 Nicode-

1885 2562 2011 2600 mus
2042 2544 2143 2616 qui
2158 2543 2481 2600 Dominum
2499 2544 2881 2616 sepelierunt,
2905 2543 3006 2618 qui
3019 2548 3260 2618 propter
3276 2547 3540 2601 Parasce-

1884 2650 1995 2690 ven
2015 2634 2382 2698 Judaorum,
2415 2633 2558 2706 quia
2589 2649 2774 2706 prope
2813 2637 2940 2691 erat
2953 2638 3426 2699 monumentum,
3456 2634 3538 2689 ibi

1885 2727 2208 2795 posuerunt
2235 2722 2459 2788 Jesum,
2489 2722 2570 2778 ait
2598 2724 2858 2778 Joannes
2880 2721 3110 2778 decimo
3136 2722 3346 2794 capite.
3373 2722 3541 2778 Circa

1881 2829 2017 2884 qua
2044 2811 2229 2868 verba
2266 2811 2442 2868 habet
2481 2811 2847 2882 Augustinus
2889 2828 2902 2866 :
2937 2811 3375 2867 «Acceleratam
3417 2810 3542 2866 vult

1884 2900 2126 2970 intelligi
2159 2900 2547 2972 sepulturam,
2580 2898 2656 2955 ne
2683 2900 3220 2971 advesperasceret,
3245 2914 3384 2954 cum
3410 2899 3537 2969 jam

1883 2989 2113 3061 aliquid
2131 2989 2244 3044 tale
2259 3005 2373 3044 non
2389 2988 2587 3044 liceret
2599 2993 2839 3060 propter
2850 3002 3213 3060 parasceven
3227 3003 3413 3059 quam
3430 3003 3539 3044 ca-

166 3076 274 3132 hinc
295 3081 397 3134 veri
455 3080 594 3150 agni
640 3079 976 3134 immolatio
1025 3080 1224 3152 typico
1265 3079 1662 3150 responderet,
1717 3083 1772 3135 et
1802 3106 1842 3162 ρ
1883 3095 2025 3134 nam
2042 3077 2669 3150 puramJudaiLatine
2690 3076 2959 3133 usitatius
2977 3078 3136 3149 apud
3171 3091 3281 3131 nos
3300 3081 3533 3133 vocant.

167 3163 292 3221 illinc
306 3167 542 3224 Christus
581 3169 670 3224 ad
691 3167 867 3222 ﬁnem
905 3184 1090 3240 usque
1122 3169 1252 3224 vita
1273 3167 1464 3237 legem
1489 3172 1765 3235 servaret,

167 3253 381 3310 nthabet
404 3258 567 3313 etiam
614 3259 848 3314 Gracus
877 3256 1358 3327 Chrysostomus,
1392 3271 1461 3311 ac
1503 3257 1770 3327 typicum

162 3355 345 3408 agnum
371 3360 486 3400 vera
502 3351 558 3401 et
581 3345 860 3413 legitima
891 3345 1120 3400 decima
1139 3351 1354 3416 quarta
1386 3345 1524 3399 luna
1554 3343 1766 3407 ederet,

156 3431 278 3485 sicut
301 3449 418 3488 eum
449 3434 649 3490 edisse
683 3433 821 3488 dicit
847 3434 1259 3504 Hieronymus.
1289 3435 1348 3488 Et
1376 3434 1448 3487 de
1473 3433 1586 3487 hac
1615 3431 1767 3488 deci-

159 3534 234 3574 ma
262 3531 452 3591 quarta
496 3522 671 3586 luna,
708 3523 878 3592 juxta
909 3521 1116 3578 Christi
1175 3521 1650 3577 numerationem
1690 3522 1770 3575 lo-

153 3615 372 3678 quuntur
405 3612 657 3668 indubia
684 3611 1010 3678 Matthaus,
1049 3611 1275 3665 Marcus
1305 3615 1360 3665 et
1391 3611 1596 3676 Lucas,
1631 3623 1769 3664 cum

158 3697 285 3753 aiunt
301 3699 460 3755 fuisse
487 3702 759 3772 primum
791 3699 950 3754 diem
976 3703 1359 3768 Azyinorum.
1383 3697 1531 3753 Nam
1554 3713 1691 3752 cum
1709 3695 1766 3752 hi

155 3789 244 3840 tres
277 3790 650 3861 evangelista
691 3803 976 3857 magnam
1025 3787 1286 3842 facerent
1342 3787 1523 3856 hujus
1577 3801 1768 3840 coena

153 3876 479 3944 mentionem,
507 3885 566 3935 et
588 3876 1056 3934 consecrationis
1073 3875 1467 3940 Eucharistia,
1497 3873 1767 3930 ostende-

153 3968 260 4018 runt
305 3964 586 4023 Christum
634 3967 811 4022 etiam
853 3968 914 4022 in
967 3965 1082 4021 hoc
1135 3964 1330 4035 legem
1395 3963 1766 4030 observasse,

151 4066 327 4125 nempe
353 4057 519 4126 juxta
561 4070 768 4112 veram
797 4055 986 4127 ipsius
1020 4053 1507 4127 supputationem
1542 4057 1601 4106 ut
1622 4067 1767 4122 pra-

151 4140 364 4198 diximus
383 4145 553 4216 (Joan
567 4190 582 4203 .
595 4145 745 4216 xui).
763 4145 1023 4200 Joannes
1041 4159 1183 4199 vero
1202 4142 1308 4215 qui
1325 4142 1398 4198 de
1419 4156 1613 4208 cana,
1641 4145 1767 4196 tan-

151 4243 306 4298 quam
326 4234 394 4288 ab
417 4234 548 4290 aliis
570 4233 752 4290 latius
775 4237 1042 4300 tractata,
1084 4232 1263 4287 unico
1295 4231 1480 4286 verbo
1508 4228 1766 4285 absolvit

151 4316 357 4376 dicendo
385 4343 398 4381 :
427 4323 613 4380 Cana
642 4321 1015 4393 facta,aliam
1043 4322 1215 4393 juxta
1247 4325 1508 4377 veterem
1535 4318 1765 4375 Judao—

147 4411 701 4470 rumobservantiam
723 4411 1021 4468 decimam
1045 4413 1324 4483 quartam
1339 4408 1546 4464 lunam
1573 4407 1764 4463 consi-

147 4499 334 4555 deravit
361 4519 375 4566 ;
406 4502 483 4557 ad
513 4499 964 4557 excludendum
997 4515 1278 4564 errorem,
1326 4498 1429 4570 qui
1468 4495 1762 4552 nonnullis

146 4585 251 4641 oriri
273 4591 548 4661 potuisset
587 4605 662 4644 ex
714 4587 848 4644 aliis
887 4587 1288 4659 evangelistis,
1339 4601 1550 4656 nempe
1601 4583 1762 4655 quod

147 4676 320 4732 veritas
342 4693 460 4734 non
490 4677 876 4750 responderet
899 4676 1105 4747 ﬁgura
1136 4675 1197 4730 in
1229 4674 1350 4730 veri
1386 4675 1522 4744 agni
1547 4673 1764 4728 immo-

146 4759 346 4823 latione.
385 4771 445 4823 Et
476 4769 618 4824 ideo
655 4767 794 4824 dicit
825 4765 1021 4839 (Joan.
1066 4781 1184 4833 xix,
1210 4767 1300 4836 14)
1335 4763 1501 4837 quod
1526 4762 1620 4818 die
1642 4777 1763 4834 quo

147 4861 366 4910 mortuus
416 4863 508 4913 est
550 4857 822 4913 Christus
846 4859 973 4912 erat
1022 4870 1348 4926 parasceve
1389 4851 1654 4916 Pascha.
1708 4855 1767 4908 et

146 4942 273 5011 quod
301 4961 411 5001 non
442 4946 800 5003 introierunt
824 4945 885 5000 in
919 4943 1259 5016 praetorium
1287 4958 1361 4998 ne
1402 4941 1766 4997 contamina-

145 5036 321 5097 rentur,
347 5035 449 5091 sed
479 5041 547 5091 ut
575 5035 821 5091 ederent
865 5032 1087 5104 pascha
1119 5053 1131 5091 :
1169 5033 1264 5088 ubi
1310 5030 1490 5086 dictio
1536 5030 1768 5085 Pascha

148 5129 480 5196 neqnaquam
513 5140 627 5195 pro
656 5123 884 5194 azymis
913 5122 1044 5193 capi
1062 5126 1266 5194 potest,
1304 5124 1365 5175 ut
1387 5118 1639 5190 quidam
1669 5133 1767 5173 vo-

150 5207 261 5270 lunt.
286 5218 400 5268 tum
430 5212 600 5286 quod
617 5227 923 5284 nusquam
955 5210 1094 5266 alibi
1121 5213 1201 5264 ita
1229 5211 1504 5280 capiatur
1529 5209 1589 5262 in
1625 5209 1769 5263 Scri-

155 5299 313 5364 Pturis,
341 5305 457 5356 tum
484 5300 650 5374 quod
667 5300 744 5356 ad
769 5297 1004 5354 edenda
1034 5313 1244 5370 azyma
1279 5313 1581 5369 nusquam
1612 5296 1772 5351 dica-

156 5385 410 5458 turrequiri
431 5406 657 5463 ;neque
674 5387 985 5445 verisimile
1006 5386 1217 5441 sitesse
1243 5401 1504 5448 necesse,
1526 5390 1583 5437 ut
1603 5400 1769 5438 mun-

158 5467 204 5521 di
230 5474 335 5538 sint,
363 5496 499 5534 cum
520 5495 702 5552 pana
716 5476 920 5533 mortis
947 5475 1250 5538 intentata,
1273 5478 1504 5544 septem
1530 5473 1774 5542 integris

153 5557 317 5618 diebus
341 5569 713 5624 naturalibus
745 5567 1162 5638 praciperetur
1195 5563 1277 5620 eis
1307 5568 1374 5618 ut
1412 5578 1622 5632 azyma
1643 5561 1775 5617 ede'

1880 3168 2082 3240 Neque
2112 3166 2271 3221 enim
2301 3165 2494 3233 authi,
2519 3169 2619 3221 aut
2647 3165 2760 3236 pia
2779 3165 2892 3220 illa
2925 3165 3197 3221 mulieres
3223 3164 3418 3220 adhuc
3443 3180 3539 3220 co-

1881 3256 2452 3325 gnoverantcessare
2465 3252 2525 3307 in
2536 3252 2743 3307 Christi
2760 3258 2946 3307 morte
2958 3252 3539 3321 legalia.Demum,ut

1879 3343 2113 3414 epilogo
2129 3341 2578 3404 concludamus,
2617 3339 2878 3394 Christus
2908 3355 3086 3394 suum
3120 3340 3350 3396 Pascha
3367 3340 3536 3410 juxta

1878 3430 2026 3501 legis
2058 3429 2322 3485 Mosaica
2351 3435 2616 3492 tenorem
2641 3427 2972 3491 celebravit,
2995 3426 3187 3482 Judai
3209 3429 3412 3482 autem
3439 3426 3536 3481 die

1880 3519 2149 3590 sequenti
2163 3519 2331 3588 juxta
2344 3517 2586 3572 Patrum
2605 3515 2950 3571 traditiones
2969 3533 2984 3583 ;
3003 3514 3224 3588 quippe
3253 3515 3356 3587 qui
3379 3514 3536 3585 lega-

1877 3608 1930 3664 le
1962 3611 2320 3679 praceptum
2351 3607 2423 3662 de
2445 3605 2679 3661 Pascha
2705 3604 3123 3661 observatione
3149 3605 3264 3660 hac
3286 3620 3400 3660 sua
3425 3608 3534 3661 tra-

1879 3697 2100 3753 ditione
2132 3701 2535 3766 corruperunt.
2577 3709 2762 3766 quam
2802 3693 2976 3749 refert
3021 3692 3534 3764 historiographus

1879 3802 2087 3842 eorum
2117 3784 2298 3841 Sedar
2316 3783 2485 3841 Olam
2509 3800 2522 3848 ;
2545 3783 2716 3853 cujus
2744 3781 3098 3848 traditionis,
3127 3781 3344 3838 relictis
3375 3797 3537 3837 com-

1879 3874 2080 3946 pendii
2110 3874 2298 3943 gratia
2323 3871 2614 3927 Hebraicis
2633 3871 2758 3926 hac
2781 3876 2920 3926 sunt
2944 3871 3125 3926 verba
3157 3887 3170 3924 :
3201 3871 3292 3926 Sic
3322 3873 3536 3926 statue-

1877 3967 2018 4018 runt
2045 3962 2307 4034 magistri
2330 3960 2512 4016 nostri
2540 3959 2772 4031 judices
2804 3958 3139 4015 Sanhedrin
3163 3958 3369 4027 magni
3417 3973 3533 4013 no-

1879 4052 2050 4109 minis
2089 4051 2141 4105 in
2171 4049 2408 4106 saculo.
2449 4050 2514 4104 In
2543 4049 2726 4104 domo
2758 4047 3074 4104 sanctuarii
3109 4046 3372 4102 secunda
3399 4063 3534 4101 cum

1876 4145 2175 4196 exstructa
2197 4145 2352 4194 esset
2371 4144 2425 4193 et
2440 4141 3015 4202 consummata,tunc
3030 4136 3304 4208 apparuit
3319 4133 3535 4190 solium

1873 4230 2119 4300 igneum
2161 4227 2672 4298 perfectissimum,
2716 4241 2893 4297 super
2943 4225 3100 4296 quod
3134 4224 3377 4278 sedebat
3410 4224 3534 4278 Rex

1875 4317 2085 4374 mundi
2115 4315 2386 4372 sublimis
2420 4314 2591 4368 valde
2611 4321 2777 4369 stans
2809 4314 2957 4368 inter
2985 4312 3277 4383 po.-ticuin
3311 4330 3322 4366 :
3357 4315 3413 4365 et
3439 4327 3533 4365 ac-

1873 4410 2147 4478 ceperunt
2167 4419 2474 4470 coronam,
2491 4402 3022 4474 appenderuntque
3046 4399 3302 4469 sigillum
3331 4414 3535 4453 recon-

1871 4495 2154 4560 ditum,et
2171 4498 2508 4554 sanxerunt,
2533 4490 3075 4558 ordinaveruntque
3106 4491 3384 4542 statutum
3410 4503 3533 4558 per-

1872 4589 2116 4656 petuum
2152 4598 2166 4636 :
2212 4585 2267 4636 et
2306 4579 2584 4635 traditum
2622 4581 2713 4632 est
2747 4578 2803 4631 in
2837 4591 3022 4631 manu
3080 4573 3267 4631 Babbi
3301 4575 3532 4640 Eliezer,

1870 4673 1976 4745 qui
2004 4670 2246 4743 reliquis
2287 4666 2572 4724 omnibus
2600 4665 2778 4736 major
2807 4669 2934 4720 erat
2989 4681 3001 4718 :
3035 4669 3091 4718 et
3143 4665 3191 4718 is
3240 4664 3536 4720 ordinavit

1873 4760 2031 4815 diem
2093 4757 2340 4813 sortium
2397 4770 2519 4810 non
2587 4753 2888 4810 observari
2948 4751 3236 4818 secundo,
3296 4755 3532 4824 quarto,

1876 4848 2132 4920 septimo
2161 4843 2561 4900 hebdomada
2594 4841 2721 4897 die:
2754 4856 2949 4912 neque
2982 4839 3205 4895 Pascha
3261 4839 3535 4902 secundo,

1873 4942 2088 5010 quarto
2134 4939 2297 4989 sexto
2351 4949 2364 4987 :
2427 4947 2621 5003 neque
2689 4929 2852 4985 diem
2937 4927 3300 4984 Reteutionis
3370 4927 3538 4981 tertio

1876 5026 2108 5098 quinto,
2137 5021 2425 5095 septimo:
2459 5035 2655 5092 neque
2678 5017 3038 5090 principium
3071 5017 3213 5072 anni
3251 5015 3538 5078 secundo,

1877 5121 2111 5187 quarto,
2129 5116 2293 5167 sexto
2315 5127 2327 5165 :
2349 5125 2543 5181 neque
2560 5107 2720 5164 diem
2738 5105 3098 5179 Expiationis
3115 5105 3332 5177 primo,
3347 5104 3538 5167 tertio,

1880 5208 2047 5258 sexto
2065 5203 2123 5256 in
2153 5206 2464 5255 aternum.
2494 5197 2644 5261 Hac,
2675 5196 2723 5250 si
2748 5195 2842 5251 cui
2870 5195 3116 5265 placeat,
3137 5193 3312 5248 latius
3339 5192 3540 5249 videre

1880 5291 2100 5364 poterit
2137 5289 2196 5344 in
2231 5289 2410 5345 Paulo
2449 5286 2726 5357 Burgensi
2783 5300 2964 5357 super
3015 5284 3370 5348 Matthaum,
3404 5298 3537 5354 cap.

1881 5384 1970 5446 26,
2017 5386 2070 5434 et
2125 5380 2188 5433 in
2241 5377 2388 5432 libro
2444 5392 2621 5450 quem
2699 5373 2883 5430 edidit
2957 5373 3170 5429 Paulus
3235 5372 3541 5429 Midelbur—

1882 5468 2081 5542 gensis
2117 5468 2435 5539 episcopus
2499 5464 2966 5538 Sempronianus
3026 5462 3098 5517 de
3151 5459 3539 5517 celebratione

1888 5557 2146 5614 Pascha.
