3976 6222
382 259 445 313 51
1894 260 1952 314 Ρ]

2227 257 2291 314 Ο.
3721 259 3796 312 52

453 381 606 436 Nihil
622 396 761 451 ergo
794 396 998 437 eorum
1027 387 1371 455 quaenoster
1390 383 1573 438 habet
1600 386 1764 439 uctor
1793 383 1899 438 tibi
1930 400 2028 438 no-
2060 386 2106 439 Α
2140 381 2245 435 niri
2298 382 2591 439 curaveris
2623 381 2933 435 antidotis.
2974 380 3122 449 Lege
3166 380 3363 452 itaque
3397 395 3622 446 secure,
3657 398 3794 454 quae

381 473 662 525 cumeuto
698 484 830 523 esse
868 470 1101 540 poterit,
1133 470 1227 542 pie
1256 470 1457 537 lector,
1492 470 1543 525 si
1564 471 1657 526 his
1692 476 1744 526 te
1776 487 2029 544 praemu-
2136 487 2258 526 non
2286 472 2410 526 sine
2446 470 2708 527 maximo
2739 469 2933 525 fructu
2965 469 3146 539 leges.

1922 807 2252 863 EIUSDEM.

393 961 534 1016 Loca
590 960 846 1031 quwdam
901 961 959 1014 in
1017 961 1220 1031 quibus
1272 967 1532 1017 nostrum
1586 960 1895 1087 exempéar
1940 960 2060 1014 alio
2116 958 2277 1085 modo
2319 957 2485 1040 liabet
2549 973 2725 1030 quam
2783 972 2852 1014 ea
2910 972 3034 1027 qua
3084 956 3254 1027 vulgo
3310 956 3799 1026 circumferuntur

1840 1046 1981 1087 mea
2009 1045 2215 1087 exemn
2245 1045 2396 1087 aria.

1840 1046 1981 1087 mea
2009 1045 2396 1099 exemptarza.

1010 1340 1105 1395 Ex
1129 1339 1412 1396 Manliae.
2148 1342 2465 1398 Nobiscum
2489 1341 2715 1397 faciunt
2740 1343 2794 1396 et
2818 1339 3125 1412 exemplar
3156 1339 3569 1410 Compiutense
3595 1342 3652 1394 et
3682 1339 3804 1394 vul-

460 1426 649 1483 Matth.
677 1430 731 1497 2,
765 1429 822 1482 11
881 1428 984 1497 (α).
1014 1430 1077 1483 Et
1123 1428 1408 1483 intrantes
1440 1428 1686 1485 domum
1718 1429 2038 1501 (viderunt)
2148 1434 2285 1499 gata
2334 1429 2535 1486 editio.
2599 1430 2877 1484 Similiter
2931 1428 3083 1483 infra
3131 1429 3212 1499 (ν.
3267 1429 3380 1499 31.)
3431 1428 3489 1483 in
3542 1427 3803 1483 dictione

390 1528 667 1584 puerum.
700 1516 886 1571 Habet
937 1517 1093 1571 enim
1136 1512 1273 1568 εἶδον
1319 1532 1441 1572 non
1480 1518 1623 1592 εὗρον
1661 1519 2033 1575 invenerunt.
2148 1519 2483 1584 Bethsaida,
2514 1534 2634 1574 non
2665 1518 3043 1574 Bethsaidan.

395 1604 553 1660 Facit
578 1605 890 1661 nobiscum
922 1604 1227 1676 exemplar
1257 1606 1689 1677 Complutense.
2072 1663 2111 1677 n
2220 1608 2305 1672 12,
2337 1610 2395 1663 8.
2435 1609 2719 1663 Dominus
2749 1612 2839 1661 est
2880 1606 3123 1661 Sabbati
3156 1605 3333 1661 Filius
3365 1604 3645 1661 hominis.
3676 1604 3803 1659 Non

461 1696 513 1765 3,
583 1698 664 1749 11.
727 1696 855 1764 Ipse
923 1663 1124 1750 autem
1178 1663 1505 1765 baptizabit
1551 1712 1656 1752 vos
1709 1697 1769 1751 in
1820 1697 2038 1768 Spiritu
2071 1663 2114 1716 Β
2148 1663 2306 1752 enim
2360 1696 2598 1752 additur
2628 1700 2716 1748 καὶ
2768 1701 2843 1752 et.
2899 1695 2989 1751 Sic
3033 1699 3089 1751 et
3136 1693 3557 1767 Complutense
3610 1710 3804 1750 exem-

392 1788 616 1840 sancto.
644 1784 773 1838 Non
806 1782 973 1838 addit
996 1788 1085 1836 καὶ
1114 1788 1242 1859 πυρί
1262 1783 1478 1853 etigni.
1499 1786 1831 1842 Concordat
1857 1786 2038 1841 etiam
2148 1786 2301 1857 plar.

395 1872 832 1944 Complutensis
863 1872 1052 1927 editio.
2219 1876 2307 1939 13,
2335 1874 2424 1928 32.
2459 1875 2643 1945 Majas
2678 1880 2762 1929 est
2782 1873 3113 1941 (omnibus)
3149 1871 3432 1941 oleribus,
3471 1873 3589 1928 sive
3616 1874 3802 1929 maxi-

462 1965 514 2025 6,
551 1961 633 2014 18.
666 1962 748 2014 Ne
773 1960 1031 2016 videaris
1062 1961 1407 2016 hominibus
1432 1962 1720 2033 jejunare,
1765 1969 1875 2018 etc.
1910 1965 2040 2019 Post
2148 1978 2316 2017 mum
2347 1962 2491 2017 inter
2521 1962 2724 2017 omnia
2749 1962 2927 2018 olera.
2962 1961 3210 2016 Additur
3234 1959 3395 2016 enim
3435 1962 3636 2013 πάντων
3667 1978 3794 2017 om-

392 2049 574 2104 verba
603 2048 743 2102 illa:
784 2048 1005 2103 Reddet
1053 2049 1181 2112 tibi,
1240 2064 1355 2104 non
1411 2050 1669 2117 additur,
1726 2051 1775 2102 ἐν
1823 2072 1894 2102 τω
1947 2072 2039 2123 φα·
2148 2051 2335 2107 nium.
2373 2053 2437 2105 Et
2476 2051 2555 2107 ita
2590 2051 2764 2107 habet
2802 2057 2856 2107 et
2899 2050 3149 2121 Vulgata
3176 2049 3355 2105 editio
3406 2055 3460 2106 et
3500 2050 3803 2122 exemplar

390 2145 533 2208 νερῷ,
564 2136 623 2191 in
655 2138 993 2208 propatulo.
1030 2137 1208 2193 Habet
1237 2137 1615 2193 conformiter
1657 2145 1711 2193 et
1735 2140 2041 2212 exemplar
2150 2138 2589 2212 Complutense.

393 2226 831 2297 Complutense,
878 2231 934 2282 et
974 2226 1218 2297 Vulgata
1264 2227 1461 2284 editio.
1510 2231 1858 2301 Quanquam
1893 2234 1949 2285 et
1979 2230 2041 2285 in
2220 2229 2307 2291 14,
2331 2230 2419 2282 34.
2444 2227 2840 2299 (Gennezaret)
2867 2243 3102 2299 semper
3126 2226 3309 2283 habet
3329 2227 3391 2281 in
3416 2225 3573 2282 ﬁne?
3601 2231 3787 2291 tenue,

392 2320 595 2372 nostro
622 2320 677 2370 et
706 2314 765 2370 in
793 2315 1195 2386 Complutensi
1226 2317 1545 2388 exemplari
1574 2324 1750 2373 antea
1778 2319 1849 2373 sit
1875 2318 2038 2373 addi-
2150 2321 2209 2372 et
2232 2315 2452 2388 duplex
2480 2337 2555 2380 νν,
2604 2316 2942 2372 Chananaea
2968 2332 3105 2371 vero
3147 2316 3342 2387 capite
3372 2316 3658 2387 sequenti,
3720 2319 3794 2385 (v.

393 2409 687 2461 tumcum
718 2406 786 2459 de
808 2405 1185 2476 eleemosyna
1213 2408 1370 2462 ﬁeret
1397 2422 1617 2464 sermo.
2148 2405 2265 2473 22.)
2291 2410 2346 2459 et
2388 2404 2534 2460 alias
2584 2405 2822 2475 saepius,
2856 2420 3092 2476 semper
3119 2404 3301 2460 habet
3344 2404 3404 2459 in
3436 2403 3604 2459 initio
3632 2425 3673 2475 χ
3719 2421 3805 2459 as-

464 2498 516 2559 7,
555 2493 636 2546 12.
671 2494 796 2563 (Ita)
828 2493 984 2547 enim
1018 2498 1103 2548 est
1132 2492 1225 2549 lex
1269 2499 1325 2549 et
1357 2493 1685 2566 prOphetaa.
1740 2495 2041 2567 Siquidem
2150 2498 2445 2566 peratum.
2504 2493 2660 2548 Facit
2709 2493 2770 2548 in
2824 2498 3073 2565 utroque
3127 2493 3448 2549 nobiscum
3502 2492 3805 2564 exemplar

393 2580 571 2637 habet
600 2580 780 2647 οὕτως,
814 2580 891 2636 ita
918 2580 1013 2636 vel
1053 2582 1153 2645 sic,
1189 2597 1303 2638 non
1334 2583 1501 2653 οὗτος,
1531 2584 1647 2639 hic.
1689 2584 1818 2639 Pari
1863 2601 1961 2640 mo

1053 2582 1153 2645 sic,
1189 2597 1303 2638 non
1334 2583 1501 2653 οὗτος,
1531 2584 1647 2639 hic.
1689 2584 1818 2639 Pari
1863 2584 2042 2640 modo
2153 2581 2585 2652 Complutense.

393 2670 531 2738 legit
555 2670 855 2741 Complut.
889 2670 1219 2742 exemplar.
2226 2671 2312 2734 16,
2344 2672 2432 2724 20.
2464 2672 2626 2725 Tunc
2654 2670 2933 2741 praecepit
2960 2668 3267 2743 discipulis
3297 2669 3440 2733 suis,
3488 2676 3552 2724 ut
3587 2669 3805 2726 nemini

464 2760 518 2827 7,
550 2759 617 2815 14
664 2759 906 2831 (Quam)
944 2764 1201 2828 angusta
1250 2762 1335 2815 est
1382 2765 1550 2831 porta
1604 2766 1659 2817 et
1701 2763 1903 2819 stricta
1950 2763 2046 2819 via
2153 2757 2433 2823 dicerent,
2464 2757 2629 2829 quod
2655 2758 2784 2828 ipse
2816 2763 2966 2813 esset
2986 2756 3272 2814 Christus.
3297 2757 3423 2812 Non
3450 2757 3689 2813 additur
3709 2773 3808 2813 no-

396 2864 531 2921 quae
561 2848 718 2903 ducit
751 2848 822 2903 ad
856 2848 1044 2903 vitam.
1082 2848 1270 2904 Habet
1298 2850 1447 2904 enim
1482 2856 1551 2916 τὶ,
1595 2866 1716 2906 non
1747 2853 1847 2917 ὅτι,
1878 2868 1960 2925 qu

2238 2863 2293 2902 in
2318 2846 2542 2908 Ἰησοῦς.
2578 2846 2641 2901 Et
2673 2847 2753 2902 ita
2783 2847 2967 2919 liquet
2996 2847 3311 2918 Origenem
3362 2847 3439 2916 (ο)
3489 2846 3706 2917 legisse
3751 2847 3808 2901 in

396 2936 487 2991 vel
537 2936 845 3008 quoniam.
887 2936 1014 2992 Pari
1054 2939 1235 2993 modo
1281 2937 1483 3008 legunt
1528 2944 1582 2995 et
1629 2939 2046 3012 Complutense
2093 3008 2121 3012 _
2156 2935 2279 2990 suis
2310 2933 2581 2989 homiliis.

398 3024 697 3095 exemplar
718 3030 771 3080 et
797 3023 975 3080 editio
1002 3024 1266 3094 vulgata.
1783 3008 1795 3012 ⁷
2083 3008 2123 3063 C
2232 3026 2316 3089 18,
2351 3028 2402 3079 8.
2436 3022 2723 3077 Abscinde
2754 3023 2888 3093 (ea).
2922 3022 3109 3078 Habet
3139 3024 3298 3078 enim
3322 3022 3455 3074 αὐτὰ
3485 3021 3808 3094 pluraliter,

468 3114 516 3176 s,
569 3112 653 3164 11.
695 3111 850 3165 Multi
892 3111 969 3167 ab
1015 3112 1236 3167 oriente
1268 3116 1323 3168 et
1373 3112 1675 3169 occidente
1719 3116 1956 3171 venient
1993 3120 2050 3171 et
2158 3126 2280 3166 non
2310 3110 2465 3175 αὐτὸν
2507 3110 2901 3180 singulariter-
2936 3110 3267 3166 Concordat
3291 3110 3469 3166 etiam
3512 3109 3815 3183 exemplar

398 3200 757 3256 accumbent
783 3200 866 3270 (in
905 3200 1162 3269 sinibus)
1198 3199 1523 3257 Abraham.
1568 3202 1766 3260 Habet
1796 3204 1958 3259 enim
2002 3204 2050 3256 ἐν
2160 3200 2453 3272 Complut.

399 3296 502 3349 τοῖς
532 3288 755 3354 κόλποις,
790 3288 851 3343 in
903 3288 1150 3357 sinibus,
1194 3304 1315 3345 non
1355 3294 1483 3362 μετά
1523 3307 1680 3347 cum.
1726 3293 1969 3348 Nobisci

2245 3290 2318 3353 I8,
2370 3290 2446 3343 19.
2480 3291 2733 3344 Rursum
2762 3288 2985 3355 (amen)
3018 3288 3152 3344 dico
3178 3287 3367 3352 vobis,
3407 3288 3572 3359 quod
3604 3287 3656 3343 si
3698 3288 3815 3343 duo

397 3377 609 3449 legisse
636 3377 720 3448 (h)
738 3376 1233 3451 Chrysostomum
1258 3379 1641 3435 manifestum
1665 3385 1752 3436 est
1770 3397 1841 3437 ex
1862 3382 2053 3437 homi-
2159 3393 2230 3434 ex
2253 3378 2438 3449 vobis,
2463 3382 2572 3433 etc.
2606 3381 2753 3433 Nam
2780 3376 3014 3432 additur
3044 3376 3181 3451 ἀμὴν
3208 3377 3386 3433 etiam
3428 3378 3487 3432 in
3520 3378 3810 3450 Complut.

396 3466 475 3523 lia
500 3467 685 3539 ipsius
713 3469 802 3530 2'7,
838 3482 1016 3537 super
1040 3467 1390 3522 Mattheeum.
2160 3466 2504 3538 exemplari.

469 3558 520 3622 8,
560 3556 640 3609 15.
665 3554 925 3608 Surrexit
947 3558 1000 3607 et
1026 3554 1400 3609 ministrabat
1424 3555 1518 3624 (ei)
1541 3558 1689 3611 Nam
1711 3556 1892 3612 habet
1912 3558 2052 3628 αὕη-ᾧ
2232 3556 2316 3619 18,
2351 3558 2438 3609 29.
2492 3553 2805 3609 Procidens
2854 3569 2996 3624 ergo
3025 3554 3277 3626 (servus)
3324 3554 3397 3608 ad
3435 3554 3617 3625 pedes
3660 3556 3809 3625 ejus.

398 3641 792 3709 singulariter,
827 3656 949 3695 non
991 3640 1161 3700 αὐτοῖς
1200 3641 1304 3696 eis.
1337 3641 1658 3697 Nobiscum
1704 3644 1843 3699 facit
1888 3645 1964 3700 Co

2252 3642 2349 3698 bet
2374 3643 2532 3697 enim
2564 3642 2642 3713 (ἀ)
2693 3640 2901 3706 δοῦλος,
2928 3658 3050 3697 non
3079 3639 3363 3703 σύνδουλος
3395 3643 3555 3694 αὐτοῦ
3588 3657 3818 3698 conser-

399 3728 667 3802 plutense
688 3729 1014 3799 exemplar,
1044 3736 1099 3783 et
1127 3728 1379 3799 Vulgata
1406 3730 1583 3785 editio
1609 3732 1665 3785 in
1698 3733 2054 3804 quibusdam
2160 3747 2273 3786 vus
2301 3732 2449 3802 ejus,
2480 3746 2835 3803 quanquam
2866 3747 3000 3785 vere
3026 3746 3343 3787 conservus
3373 3735 3517 3786 erat.
3550 3733 3616 3785 Et
3648 3730 3816 3794 intra,

399 3817 693 3873 veteribus
722 3818 1183 3888 exemplaribus.
2161 3820 2374 3875 eodem
2418 3836 2611 3885 versu,
2663 3822 2726 3874 Et
2758 3817 2984 3874 solvam
3023 3819 3123 3875 tibi
3159 3838 3171 3874 :
3206 3835 3326 3875 non
3382 3819 3618 3875 additur
3658 3822 3823 3872 πάντα

478 3911 557 3969 10,
591 3909 643 3963 1.
690 3906 1001 3961 Accersitis
1038 3909 1100 3960 12
1131 3906 1428 3978 discipulis
1462 3908 1604 3974 suis,
1639 3908 1803 3964 dedit
1842 3910 1927 3965 eis
1953 3925 2056 3982 po-
2162 3909 2387 3964 omnia.
2423 3911 2487 3963 Et
2531 3908 2591 3963 in
2624 3908 2736 3963 hoc
2777 3908 3090 3980 posteriore
3136 3907 3458 3964 concordat
3499 3907 3821 3963 nobiscum

400 4000 670 4052 testatem
722 3993 1053 4065 (adversus)
1094 3994 1337 4067 spiritus
1395 3996 1757 4051 immundos.
1822 4001 1935 4054 Nec
1994 3999 2055 4055 in
2163 3997 2471 4069 exemplar
2502 3995 2800 4068 Complut.
3390 4000 3405 4019 ’

400 4087 603 4140 nostro
647 4098 755 4139 nec
785 4082 845 4137 in
889 4082 1293 4155 Complutensi
1341 4084 1652 4156 exemplari
1708 4087 2056 4158 exprimitur
2234 4086 2321 4151 21,
2356 4087 2406 4139 1.
2440 4088 2507 4141 Et
2553 4084 2818 4140 similiter
2845 4085 2984 4140 Luc.
3021 4089 3104 4151 19,
3132 4085 3219 4140 29.
3255 4084 3653 4157 Bethsphage,
3690 4084 3824 4139 scri—

400 4174 721 4245 praeposito
764 4174 897 4223 κατὰ
936 4172 1245 4227 adversus.
1276 4174 1341 4228 Et
1367 4172 1442 4227 ita
1471 4189 1712 4245 quoque
1742 4176 1951 4245 legisse
1978 4177 2056 4231 vi-
2165 4175 2321 4231 bitur
2342 4175 2415 4242 (e)
2442 4174 2787 4246 interposito
2815 4194 2865 4228 σ.
2896 4174 3224 4230 Concordat
3254 4174 3476 4246 ubique
3498 4173 3822 4246 exemplar.

401 4260 572 4318 detur
601 4261 701 4333 qui
724 4260 1028 4332 vulgarem
1056 4260 1220 4316 dedit
1244 4261 1563 4317 editionem
1593 4285 1603 4315 :
1636 4264 1715 4319 ait
1737 4265 1884 4320 enim
1912 4282 1923 4320 :
1953 4267 2056 4321 De—
2165 4263 2459 4336 Complut.

402 4351 487 4405 dit
525 4349 608 4406 eis
637 4354 987 4422 potestatem
1022 4350 1329 4422 spirituum
1363 4349 1839 4419 immundorum,
1879 4353 2057 4409 Addi-
2088 4364 2133 4417 D
2234 4354 2323 4417 21,
2358 4354 2407 4407 7.
2453 4354 2517 4407 Et
2542 4351 2714 4423 (sedit
2764 4367 2939 4422 super
2980 4351 3071 4421 ea)
3125 4351 3393 4407 videlicet
3444 4351 3826 4407 vestimenta.

402 4440 603 4495 dimus
636 4443 857 4505 tamen,
892 4440 1161 4509 exigente
1192 4439 1247 4494 id
1280 4440 1592 4495 sententia.
2168 4440 2354 4495 Habet
2401 4441 2557 4494 enim
2606 4439 2979 4510 singulariter
3037 4440 3274 4493 ἐκάθισεν
3335 4439 3505 4508 sedit,
3556 4444 3616 4495 et
3667 4440 3829 4492 αὐτῶν

476 4528 561 4592 10,
591 4533 640 4583 3.
666 4528 1165 4600 JacobusAlpheei
1187 4528 1342 4583 ﬁlius
1366 4534 1418 4583 et
1442 4528 1757 4599 (Labicus).
1780 4533 1927 4586 Nam
1954 4531 2056 4586 ha-
2167 4528 2483 4601 pluraliter.
2513 4528 2735 4585 Eodem
2762 4529 2944 4585 modo
2974 4529 3277 4600 exemplar
3302 4528 3590 4600 Complut.
3628 4526 3831 4601 quoad

402 4616 500 4670 bet
533 4616 747 4685 ubique
775 4616 979 4677 λεϐαῖος
1008 4617 1259 4687 simplici
1302 4615 1357 4688 β.
1400 4619 1462 4672 Et
1492 4618 1573 4672 ita
1603 4634 1839 4690 semper
1884 4618 2059 4675 habet
2168 4633 2429 4683 sensum,
2503 4617 2634 4672 licet
2698 4617 2948 4673 verbum
3023 4619 3243 4674 haheat
3292 4617 3693 4688 compositum
3771 4616 3831 4668 ἐπ

402 4703 645 4772 vulgata
674 4704 872 4759 editio.

2265 4709 2402 4758 θισεν
2434 4706 2529 4778 (Γ),
2564 4721 2686 4763 non
2716 4714 2913 4762 autem
2946 4712 3008 4762 ut
3038 4707 3154 4763 alia
3181 4707 3549 4778 exemplaria
3586 4706 3827 4760 ἐπεκάθι-

478 4794 563 4861 11,
609 4792 688 4846 16.
743 4792 957 4848 Similis
997 4796 1084 4848 est
1131 4792 1330 4862 pueris
1382 4794 1727 4850 sedentibus
1781 4795 1843 4850 in
1886 4795 2048 4867 (foroj

2260 4794 2462 4847 »ἐπάνω
2497 4795 2579 4865 (g)
2626 4795 2790 4856 αὐτῆς
2818 4796 3185 4853 collocarunt
3233 4811 3416 4867 super
3441 4794 3635 4865 illam,
3687 4801 3830 4869 puta

405 4880 602 4939 Habet
632 4883 788 4937 enim
843 4880 1007 4955 ἀγορᾷ
1055 4881 1440 4951 singulariter,
1475 4899 1597 4939 non
1647 4882 1865 4957 ἀγοραῖς
1894 4884 1975 4940 for

852 4880 1007 4955 ὶγορᾴ
1055 4881 1440 4951 singulariter,
1475 4899 1597 4939 non
1647 4882 1865 4957 ἀγοραῖς
1894 4884 2055 4940 foris.
2171 4885 2422 4940 asinam.

467 5057 569 5134 (α).
618 5059 770 5134 Loca
801 5062 1075 5134 quatuor
1119 5058 1619 5134 evangelistarum
1660 5058 1736 5115 ab
1777 5062 2060 5117 llentenio
2241 5062 2343 5134 (ε).
2383 5064 2549 5134 Tom.
2584 5065 2669 5127 Ill,
2701 5079 2765 5134 p.
2807 5067 2929 5120 532.
2961 5066 3025 5119 Α.

406 5128 603 5206 minus
634 5128 871 5206 deﬁnite
899 5134 1103 5184 notata
1129 5129 1188 5185 in
1219 5147 1387 5185 usum
1415 5130 1702 5186 lectorum
1732 5134 2060 5188 accuratius
2242 5128 2627 5206 ((ἰ)Σύνδουλος
2654 5128 2825 5190 habet
2858 5142 3104 5206 uterque
3134 5151 3296 5190 meus
3326 5135 3638 5206 Enthymii.

407 5199 689 5279 ἱηίῇςτᾶχὶ.
857 5275 865 5279 _
928 5276 935 5279 _
1270 5272 1327 5279 μ
1348 5276 1360 5279 Α
1454 5275 1477 5279 Α
1563 5273 1572 5279 _
1865 5274 1892 5279 __
2240 5199 2315 5279 (el
2339 5205 2558 5279 Scribis
2587 5206 2808 5261 scilicet
2833 5199 3046 5263 Graecis
3074 5212 3272 5262 notum
3299 5213 3427 5263 erat
3464 5199 3665 5279 ἇφαγὴ.

478 5271 554 5341 (ὁ)
589 5272 891 5350 Ctirjfsost.
924 5272 1111 5350 tul/ll,
1166 5288 1218 5350 ρ.
1267 5272 1391 5350 299,
1443 5275 1499 5329 C.
1530 5273 1602 5350 ei;
1650 5279 1768 5350 1'03);
1817 5274 2048 5350 κρλπους.

1565 5273 1602 5350 i5
1650 5279 1768 5350 1'03);
1817 5274 2055 5350 κρλπους.
2346 5277 2646 5350 euexit}:sz
2672 5284 3135 5350 uterquemens.

408 5341 561 5426 Idem
616 5342 758 5428 ibi-cl.
933 5341 1230 5428 (liquari.
1292 5345 1355 5428 Et
1411 5344 1776 5428 p.1361,‘D:‘
1820 5345 1884 5406 εἰς
1942 5366 1978 5396 τι

2262 5341 2323 5418 ῃ)
2368 5348 2538 5428 adre;
2584 5341 2864 5428 Erasmifs
2920 5348 3258 5428 importavit
3302 5350 3830 5428 _coptr_a_cod_i‘ces.

408 5412 794 5490 x6).::ou;._Per
828 5412 1283 5490 ’incogitantiain
1337 5412 1464 5490 huic
1506 5415 1673 5490 tinxit
1719 5418 1975 5490 Chrysos

2262 5412 2443 5473 funda
2474 5424 2673 5475 tamen
2718 5421 2846 5490 ejus
2892 5412 3070 5476 editio
3102 5426 3258 5475 recte
3302 5420 3482 5477 habet
3524 5419 3832 5474 ἐπεκάθισεν

410 5501 536 5538 mus
566 5501 637 5539 ex
671 5487 801 5540 Luc.
844 5490 923 5551 16,
959 5488 1043 5551 23,
1071 5490 1131 5541 ut
1158 5502 1229 5540 ex
1263 5485 1455 5556 primo
1488 5485 1896 5557 Chrysostomi
1930 5489 1980 5543 lo

410 5556 777 5612 intelligitur.

983 5488 1043 5551 :3,
1071 5490 1131 5541 ut
1158 5502 1229 5540 ex
1263 5485 1455 5556 primo
1488 5485 1896 5557 Chrysostomi
1930 5489 2061 5544 loco
2171 5488 2339 5540 ἐπάνω
2363 5490 2553 5545 αὐτῶν.

410 5572 777 5626 intelligitur.
