3976 6222
239 260 299 319 53
1678 248 2076 310 PREFATIO.
3513 252 3585 309 54

292 387 376 452 21,
404 385 478 440 1t.
505 381 558 435 Et
601 379 958 434 accesserunt
1012 374 1086 432 ad
1137 391 1274 433 eum
1331 373 1527 431 claudi
1577 377 1632 432 et
1662 374 1819 432 caeci.
1851 376 1899 437 A
1929 376 2174 449 vigilare
2187 393 2427 435 mecum
2449 377 2559 435 ‘iEt
2578 377 2705 434 haec
2730 375 3029 434 distinctio
3062 375 3255 447 magis
3284 376 3578 449 quadrat:

233 477 357 531 Nam
373 471 463 527 hoc
484 467 671 524 ordine
690 466 826 538 legit
854 464 1159 537 exemplar
1183 464 1356 521 etiam
1372 462 1815 535 Complutense:
1928 465 2148 538 alioqui
2181 466 2342 523 enim
2380 466 2527 522 nihil
2565 471 2655 522 est
2683 465 2847 539 quod
2876 464 2989 521 soli
3017 465 3184 521 Petro
3213 463 3446 520 locutus
3472 464 3572 521 sit.

234 578 332 618 non
375 565 426 616 ut
478 558 581 614 alia
626 555 987 630 exemplaria
1033 554 1254 611 diverso
1298 552 1526 621 ordine,
1576 552 1707 609 caeci
1766 555 1822 608 et
1929 556 2242 629 Exemplar
2261 557 2440 613 etiam
2462 556 2880 629 Complutense
2898 555 3066 612 addit
3088 554 3584 628 (m)hypostigma

226 649 393 706 claudi.
1925 649 2063 716 post
2087 644 2397 701 dictionem
2425 644 2584 707 οὕτως
2614 645 2718 700 sic.

264 738 342 799 22,
364 740 411 795 4.
434 737 572 792 Ecce
592 733 909 807 prandium
934 748 1135 790 meum
1164 731 1469 803 (paratum
1496 729 1821 803 est).Siqui-
2000 732 2087 800 27,
2121 737 2213 791 42.
2256 733 2588 790 Descendat
2639 748 2799 789 nunc
2855 733 2928 788 de
2956 748 3130 788 cruce
3177 734 3235 787 et
3268 730 3584 788 credemus

209 826 310 881 dem
339 823 503 881 habet
546 825 873 896 ἡτοίμασται
913 820 1083 879 tertia
1131 834 1377 892 persona
1426 818 1664 891 passiva
1703 835 1819 874 non
1928 820 2010 894 (in
2038 821 2223 892 eum).
2252 825 2453 895 Neque
2509 822 2659 879 enim
2723 820 3070 894 simpliciter
3109 819 3291 877 habet
3322 820 3462 891 αὐτῷ
3507 820 3581 884 ei,

202 918 431 985 ἑτοίμασα
455 910 681 984 paravi.

2007 909 2136 966 1ἐπ’
2170 910 2331 981 αὐτῷ.
2389 910 2519 969 Pari
2560 910 2743 967 modo
2789 909 2932 981 legit
2957 913 3014 965 et
3051 909 3357 983 exemplar
3407 907 3577 965 Com-

256 1003 333 1067 32,
358 1003 439 1067 35,
470 1003 535 1058 Et
564 997 947 1069 interrogavit
971 1014 1111 1056 eum
1142 1013 1293 1055 unus
1317 1010 1385 1052 ex
1418 995 1503 1053 eis
1522 995 1663 1069 legis
1684 996 1816 1053 doc-
1925 998 2226 1070 plutense.

196 1098 269 1148 tor
298 1096 506 1147 tentans
552 1104 717 1146 eum.
758 1091 882 1146 Non
942 1085 1099 1145 enim
1145 1085 1377 1144 additur
1420 1089 1501 1146 τὶς
1548 1084 1814 1157 (h)quis-
1994 1090 2083 1154 27,
2126 1092 2212 1144 54.
2257 1087 2533 1146 Centurio
2564 1092 2766 1147 autem
2797 1091 2854 1145 et
2881 1085 2987 1161 qui
3018 1102 3157 1149 cum
3177 1102 3244 1143 eo
3269 1090 3440 1145 erant
3464 1100 3583 1144 ser-

190 1182 346 1254 piam,
370 1184 501 1235 ante
523 1180 797 1235 Tentans.
833 1175 1075 1233 Faciunt
1100 1174 1408 1235 nobiscum
1431 1178 1488 1233 et
1509 1171 1818 1248 exemplar
1922 1185 2132 1236 vantes
2157 1180 2382 1246 Jesum,
2406 1196 2545 1237 cum
2564 1179 2855 1239 vidissent
2875 1194 3009 1252 quae
3024 1177 3264 1248 fiebant,
3283 1181 3394 1234 etc.
3424 1176 3582 1235 Nihil

189 1271 567 1344 Complutense
594 1273 654 1327 et
689 1268 945 1339 Vulgata
974 1266 1172 1323 editio.
1924 1268 2015 1324 hic
2042 1268 2255 1325 dicitur
2281 1269 2355 1326 de
2386 1274 2555 1327 terra:
2585 1274 2754 1326 motu
2783 1284 2795 1322 :
2829 1283 3026 1340 neque
3056 1267 3218 1323 enim
3249 1267 3581 1325 addebatur

240 1361 317 1424 23,
359 1365 412 1416 7.
443 1358 509 1415 Et
531 1357 737 1415 vocari
764 1356 841 1413 ab
860 1355 1204 1413 hominibus
1233 1354 1449 1427 (Rabbi
1480 1353 1685 1426 Rabbi)
1716 1370 1810 1426 ge-

2038 1360 2247 1431 νεισμὸν
2276 1363 2384 1424 καὶ,
2441 1362 2865 1426 terraemotum,
2899 1362 2977 1413 et.
3006 1360 3121 1414 Nec
3162 1361 3363 1412 tamen
3403 1356 3493 1429 (η)
3517 1355 3580 1413 id

184 1448 460 1519 iniustam
488 1447 769 1505 dictione.
792 1449 905 1502 Nec
933 1449 1021 1502 est
1046 1443 1229 1521 ῥαϐϐεί
1269 1460 1374 1519 per
1422 1444 1814 1517 dipthongum
1920 1445 2137 1505 librarii
2164 1448 2307 1504 vitio
2341 1447 2632 1505 omissum
2668 1446 2934 1503 videtur:
2976 1462 3115 1503 nam
3143 1446 3410 1511 Joannis,
3442 1460 3577 1517 cap.

183 1537 270 1594 sed
300 1536 466 1610 ῥαϐϐί.
502 1540 666 1595 Facit
696 1551 804 1609 per
842 1533 1048 1592 omnia
1100 1534 1399 1591 nobiscum
1440 1532 1616 1591 editio
1647 1534 1810 1591 Com-
1922 1551 2038 1603 Vill,
2078 1554 2133 1590 v.
2192 1537 2277 1600 28,
2335 1552 2514 1609 super
2565 1550 2637 1593 eo
2687 1534 2915 1591 verbo:
2976 1534 3125 1590 Cum
3183 1533 3580 1591 exaltaveritis

183 1625 453 1699 plutensis.
1923 1625 2120 1682 Filium
2150 1625 2427 1693 hominis,
2458 1629 2566 1683 etc.
2623 1627 2758 1685 Haec
2814 1623 2999 1681 verba
3038 1623 3097 1683 iu
3128 1623 3411 1681 eumdem
3437 1623 3580 1683 citat

235 1715 309 1778 23,
352 1715 435 1779 13,
472 1716 566 1775 14.
599 1713 704 1769 Vm
741 1711 917 1771 vobis
986 1710 1204 1768 Scribae
1263 1714 1319 1767 et
1370 1709 1641 1771 Pharisaei
1706 1709 1813 1784 hy-
1847 1722 1889 1779 Β
1922 1713 2188 1772 modum.

176 1803 396 1875 pocrite,
422 1803 570 1875 quia
620 1799 921 1872 devoratis
980 1801 1181 1855 domos
1211 1800 1548 1859 viduarum.
1582 1797 1646 1855 Et
1676 1803 1812 1871 post
1991 1806 2079 1872 28,
2121 1802 2208 1860 19.
2236 1805 2475 1871 Euntes,
2509 1800 2719 1861 docete
2744 1816 2958 1858 omnes
2998 1804 3225 1871 gentes.
3254 1803 3384 1861 Non
3409 1798 3578 1858 addi-

181 1891 306 1949 hanc
347 1890 836 1963 deplorationem,
878 1888 1140 1961 sequitur
1195 1887 1317 1952 illa,
1352 1904 1469 1965 qua
1498 1887 1633 1947 dicit
1664 1905 1676 1944 :
1710 1889 1809 1947 Va:
1920 1894 2010 1948 tur
2041 1892 2117 1963 (ο)
2145 1888 2231 1944 οὖν
2259 1907 2418 1964 ergo,
2470 1894 2611 1964 post
2649 1890 2972 1947 dictionem
3031 1893 3247 1946 euntes.
3274 1888 3402 1948 Pari
3428 1903 3577 1962 quo-

180 1980 320 2038 robis
343 1979 556 2037 Scriba:
582 1984 645 2037 et
678 1978 959 2036 Pharisaei
986 1977 1331 2053 hypocritse,
1363 1976 1505 2051 quia.
1532 1976 1807 2035 clauditis
1917 1995 2035 2054 que
2065 1980 2246 2039 modo
2277 1980 2419 2053 legit
2440 1979 2744 2051 exemplar
2770 1977 3215 2055 Complutense.

184 2084 383 2140 regnum
411 2068 735 2128 ccelorum.
768 2069 886 2125 Hoc
914 2066 1094 2122 etiam
1120 2066 1323 2123 ordine
1345 2065 1480 2137 legit
1501 2065 1807 2139 exemplar

183 2157 581 2228 Complutense.

228 2248 305 2303 26.
331 2246 419 2303 45.
470 2245 768 2312 Quisnam
823 2248 910 2303 est
948 2242 1135 2303 ﬁdelis
1186 2259 1385 2301 servus
1413 2247 1470 2299 et
1520 2240 1800 2317 prudens,
1993 2250 2036 2320 i,
2072 2248 2164 2305 16.
2206 2245 2362 2303 Vidit
2391 2245 2696 2305 Simonem
2716 2248 2773 2303 et
2796 2242 3100 2304 Andream
3123 2244 3365 2301 fratrem
3384 2242 3574 2317 ipsius

174 2348 323 2405 Quem
342 2332 596 2405 praefecit
654 2333 947 2391 Dominus
976 2332 1192 2405 (suus).
1230 2330 1477 2389 Additur
1532 2330 1689 2387 enim
1715 2330 1804 2383 a6—
1913 2335 2243 2408 (Simonis.)
2270 2334 2523 2393 Additur
2550 2349 2817 2405 namque
2867 2340 2960 2389 τοῦ
2986 2338 3228 2406 Σίμωνος,
3280 2332 3458 2391 etiam
3510 2332 3572 2391 iu

174 2431 245 2475 rei
269 2423 369 2493 (Ir).
404 2421 691 2479 Similiter
713 2420 868 2480 intra
908 2421 989 2494 (ν.
1036 2421 1127 2492 49)
1170 2436 1184 2476 :
1227 2422 1292 2477 Et
1322 2418 1565 2493 coeperit
1603 2434 1805 2493 percu-
1912 2422 2237 2494 exemplari
2271 2422 2698 2494 Complutensi.

172 2514 269 2568 tere
302 2526 614 2569 conservos
647 2511 862 2582 (suos).
914 2508 1216 2582 Siquidem
1245 2508 1355 2565 hoc
1376 2507 1556 2565 etiam
1588 2505 1647 2563 in
1679 2507 1802 2564 loco
1984 2515 2033 2579 1,
2060 2516 2147 2568 35.
2186 2511 2345 2569 Abiit
2368 2511 2431 2570 in
2460 2511 2766 2569 desertum
2785 2510 3011 2568 locum.
3046 2513 3112 2568 In
3142 2512 3345 2569 nostro
3374 2522 3573 2567 exem-

171 2597 463 2657 addebatur
484 2599 679 2654 αὐτοῦ.
715 2598 959 2655 Faciunt
1006 2597 1318 2655 nobiscum
1363 2596 1421 2652 in
1464 2596 1643 2668 priori
1672 2595 1803 2671 qui-
1911 2600 2062 2675 plari
2098 2616 2219 2657 non
2246 2599 2695 2673 exprimebatur
2746 2614 2969 2657 nomen
3024 2598 3250 2663 Ἰησοῦς.
3281 2598 3442 2656 Facit
3467 2613 3570 2657 au-

173 2687 282 2748 dem
303 2688 597 2760 exemplar
616 2686 1149 2759 Complutense;in
1164 2684 1476 2763 posteriori
1500 2702 1653 2751 vero,
1687 2684 1803 2741 edi-
1910 2692 2030 2749 tem
2060 2688 2372 2749 nobiscum
2403 2689 2515 2745 hoc
2544 2689 2605 2746 in
2635 2688 2766 2747 loco
2792 2687 3028 2759 vulgata
3066 2687 3255 2745 editio.

174 2774 241 2833 tio
270 2775 513 2846 Vulgata.
1981 2777 2034 2844 3,
2078 2780 2165 2836 34.
2199 2777 2469 2851 Cumque
2517 2776 3030 2850 circumspexisset
3090 2778 3153 2833 in
3199 2775 3446 2833 circuitu
3464 2776 3572 2833 cir-

229 2865 309 2929 25,
334 2868 388 2921 2.
420 2864 703 2938 Quinque
728 2867 927 2922 autem
959 2877 1032 2923 ex
1074 2862 1154 2921 eis
1209 2867 1369 2921 erant
1398 2861 1715 2939 prudentes
1745 2864 1803 2919 et
1911 2882 2040 2922 cum
2073 2865 2359 2923 sedentes.
2410 2867 2542 2922 Non
2574 2865 2740 2922 addit
2761 2865 2840 2938 (p)
2880 2865 3118 2938 μαθητάς
3142 2864 3488 2937 discipulos,
3516 2869 3572 2923 et

166 2954 394 3025 quinque
428 2952 627 3009 fatum.
667 2954 785 3008 Hoc
835 2951 1043 3007 ordine
1097 2950 1203 3024 qui
1255 2949 1580 3006 naturalior
1606 2953 1714 3017 est,
1748 2955 1802 3017 et
1912 2954 1991 3013 ita
2014 2954 2352 3026 generalius
2379 2953 2658 3027 loquitur.
2684 2954 2930 3013 Faciunt
2955 2953 3268 3012 nobiscum
3298 2956 3357 3013 et
3374 2968 3572 3011 exem-

163 3041 303 3111 juxta
329 3048 620 3116 praecepta
662 3040 1005 3109 rhetorices,
1036 3041 1206 3098 habet
1229 3040 1396 3129 etiam
1423 3038 1600 3129 editio
1632 3038 1802 3094 Com-
1839 3069 1881 3129 ε
1910 3043 2037 3116 plar
2067 3044 2482 3117 Complutense
2512 3046 2571 3101 et
2602 3042 2852 3116 Vulgata
2884 3041 3082 3101 editio.

167 3129 438 3200 plutensis.
470 3132 538 3188 Et
570 3130 856 3189 similiter
898 3129 1054 3189 infra
1083 3128 1158 3202 (ν.
1190 3131 1241 3201 4)
1271 3146 1289 3202 ;
1316 3128 1636 3185 Prudente:
1665 3142 1800 3183 vero
1862 3128 1865 3129 ⁷
1980 3136 2036 3200 4,
2072 3133 2161 3189 21.
2207 3135 2360 3189 Num
2397 3131 2641 3192 lucerna
2705 3130 2910 3205 (venit)
2943 3137 3006 3187 ut
3051 3130 3254 3191 subter
3303 3129 3570 3189 modium

173 3224 475 3291 acceperunt
503 3220 720 3279 oleum
759 3220 818 3273 in
860 3218 1022 3279 vasis
1046 3217 1169 3275 suis
1222 3234 1357 3275 cum
1410 3215 1799 3288 lampadibus
1910 3220 2221 3292 ponatur?
2258 3222 2408 3278 Nam
2466 3218 2642 3278 habet
2685 3220 2901 3293 ἔρχεται
2950 3234 3071 3277 non
3104 3220 3185 3291 (q)
3239 3222 3443 3272 καίεται
3480 3234 3570 3275 ac-

2575 2122 2673 2178 Ex
2697 2120 2917 2177 Marco.

172 3305 330 3377 (suis)
349 3307 514 3364 Addit
538 3308 732 3365 etiam
766 3305 1077 3363 nobiscum
1108 3304 1389 3379 pradicla
1416 3304 1589 3362 editio
1632 3304 1800 3357 αὐτῶν
1910 3307 2198 3368 cenditur,
2231 3310 2298 3365 Et
2349 3307 2447 3365 hic
2504 3324 2743 3383 quoque
2788 3307 3108 3365 nobiscum
3138 3307 3364 3365 faciunt
3389 3311 3446 3363 et
3470 3321 3570 3363 ex-

169 3395 291 3452 suis.
1910 3398 2139 3470 emplar
2165 3395 2577 3470 Complutense
2608 3401 2665 3453 et
2692 3396 2944 3465 Vulgata
2969 3394 3169 3453 editio.

224 3486 407 3551 26,18.
445 3490 525 3543 ite
555 3486 631 3543 in
647 3484 944 3545 civitatem
968 3486 1045 3545 ad
1064 3483 1411 3559 quemdam.
1438 3482 1670 3543 etdicite
1698 3481 1749 3540 ei
1778 3499 1797 3541 :
1979 3491 2028 3554 5,
2056 3487 2149 3545 1-1.
2186 3488 2320 3545 Erat
2343 3493 2536 3544 autem
2592 3485 2676 3544 ibi
2720 3486 2891 3558 juxta
2910 3484 3226 3557 (montem)
3269 3498 3414 3554 grex
3438 3499 3568 3542 ma-

165 3570 380 3645 Tempus
424 3590 642 3635 meum
684 3589 871 3647 prope
898 3578 1004 3631 est.
1055 3576 1186 3633 Non
1233 3572 1464 3631 habeté
1534 3568 1799 3627 όιὸάσκαο
1907 3590 2065 3649 gnua
2098 3590 2437 3648 porcorum.
2478 3574 2782 3649 Siquidem
2805 3573 2986 3633 habet
3013 3576 3143 3647 πρὸς
3167 3581 3239 3645 τῷ
3268 3576 3394 3648 spat,
3445 3587 3570 3631 non

162 3660 389 3733 λοςῦνῖι,
448 3663 734 3735 Magister
790 3662 965 3728 dicit;
998 3676 1190 3734 neque
1240 3659 1426 3719 Ullam
1477 3659 1616 3717 ῖεοίῐ
1666 3659 1797 3733 eius
1905 3663 2209 3740 pluraliter
2258 3666 2325 3719 τά
2391 3665 2485 3739 ὂρη
2545 3669 2802 3725 montes.
2863 3662 3139 3727 Similiter
3194 3666 3249 3723 et
3289 3662 3384 3721 hic
3438 3661 3570 3738 pari

166 3750 489 3809 mentionem
518 3753 577 3813 in
616 3748 1094 3811 Commentariis.
1136 3748 1321 3807 Habet
1343 3753 1544 3809 tamen
1574 3749 1716 3807 illud
1739 3748 1799 3806 in
1908 3753 2091 3811 modo
2116 3753 2323 3826 legunt
2347 3754 2478 3811 duae
2501 3754 2791 3827 praedictae
2826 3752 3137 3809 editiones.

167 3836 331 3896 Hercc
378 3844 432 3899 et
466 3840 659 3906 Luca,
705 3838 854 3897 sicut
906 3844 961 3897 et
1013 3842 1227 3901 cetera
1299 3835 1681 3910 exemplaria.
1736 3841 1800 3897 Et
1979 3847 2030 3905 6,
2066 3842 2151 3899 18.
2181 3846 2309 3899 Non
2347 3843 2484 3900 licet
2535 3842 2641 3900 tibi
2692 3841 2908 3900 habere
2968 3856 3220 3903 uxorem
3265 3839 3568 3917 (Philippi)

166 3926 286 3997 quia
347 3926 450 3983 hoc
512 3927 706 3987 etiam
769 3926 900 3986 loco
953 3926 1012 3983 id
1062 3925 1241 3983 habet
1294 3925 1472 3985 editio
1525 3925 1801 4011 Complu-
1906 3930 2102 3991 fratris
2127 3931 2252 3998 tui;
2288 3930 2520 3989 additur
2549 3930 2710 3988 enim
2732 3929 3016 3988 Φιλιππου.

165 4016 351 4082 tonsis;
404 4033 624 4077 vereor
670 4030 745 4073 ne
790 4013 855 4073 id
917 4015 981 4089 (ι)
1034 4013 1251 4075 librarii
1300 4014 1439 4071 vitio
1500 4015 1570 4072 sit
1627 4013 1799 4071 omis-
1975 4020 2144 4087 6,32.
2196 4022 2260 4076 Et
2288 4018 2538 4093 (egressi
2567 4019 2748 4093 sunt),
2782 4019 3022 4089 navigio
3048 4019 3109 4076 in
3153 4018 3457 4077 desertum
3485 4017 3569 4078 lo-

168 4118 302 4163 sum.

1997 4124 2072 4168 ω.
2140 4106 2455 4180 Siquidem
2534 4106 2719 4167 habet
2786 4107 3067 4182 pluralier
3130 4107 3383 4175 ἀπῆλθον,
3446 4123 3567 4168 non

225 4194 408 4259 26,10.
437 4196 621 4257 Etait
646 4195 873 4259 Petro:
905 4192 1043 4253 Sic?
1071 4197 1192 4255 Non
1221 4194 1625 4271 potuistisuna
1654 4194 1799 4257 hora
1905 4195 2154 4269 ἀπῆλθεν,
2207 4197 2380 4254 abiit.
2442 4195 2546 4252 Hic
2603 4195 2775 4255 etiam
2832 4194 3204 4253 concordant
3268 4194 3571 4268 exemplar

224 4331 295 4467 ἷὴ)
318 4335 590 4392 Erasmus
623 4333 845 4391 scilicet
872 4337 1001 4407 post
1022 4339 1232 4408 νομικός
1258 4334 1437 4392 habet
1457 4355 1555 4397 τις.
1904 4341 2063 4393 runt.
2126 4336 2452 4408 Utrumque
2494 4341 2651 4392 recte
2699 4337 2980 4392 omittunt
3016 4336 3425 4403 Tertullianus,
3457 4338 3568 4394 Ire-

246 4405 282 4467 ἢ
312 4408 591 4462 Erasmus
627 4406 789 4462 enim
813 4406 873 4461 in
898 4408 1148 4467 mtiam
1175 4408 1388 4463 Latium
1418 4407 1691 4467 Vulgata:
1713 4423 1798 4464 se.
1833 4424 1873 4467 n
1906 4425 2093 4467 mnus.
2171 4407 2520 4467 Cyprianus,
2570 4412 2633 4462 ut
2687 4412 2851 4462 notat
2890 4407 3255 4463 Sabatierius
3286 4408 3365 4464 ad
3406 4409 3568 4466 hunc

246 4405 282 4483 tl
312 4406 789 4483 Erasmus‘qnin;
813 4405 1148 4483 iplgratia'm
1175 4408 1388 4483 Latina;
1418 4407 1691 4483 Vulgata:
1713 4423 1798 4483 se-
1828 4424 1873 4483 ι)
1906 4425 2093 4483 nanus,
2160 4405 2520 4483 Cyprianus,
2570 4412 2633 4462 ut
2687 4412 2851 4483 notat
2890 4407 3255 4463 Sabatierius
3286 4408 3365 4464 ad
3386 4409 3568 4483 hunc

166 4479 261 4530 mel
283 4478 462 4551 omisit
518 4476 710 4551 ῥαςϐί,
754 4476 956 4551 ῥαϐϐεᾷ,
1008 4494 1111 4551 per
1141 4498 1204 4543 η,
1238 4477 1294 4533 in
1324 4478 1617 4551 plerisque
1651 4478 1797 4536 locis
1828 4476 1862 4483 ﬁ
1905 4480 2132 4551 locum.
2160 4476 2241 4551 Ex
2255 4476 2576 4535 codicibus
2600 4478 3067 4551 o_mnibus,quos
3085 4478 3567 4551 egoexaminavi,

167 4498 261 4530 me:
283 4498 462 4535 omisit
555 4498 710 4542 acut,
754 4498 956 4551 pauca,
1008 4498 1111 4548 per
1141 4498 1204 4543 ιι,
1238 4498 1294 4533 ιι]
1324 4498 1617 4551 plerisque
1651 4498 1797 4536 10018
1905 4498 2132 4536 locum.
2160 4498 2241 4534 nx
2267 4498 2576 4535 οοωοωιιε
2600 4498 3067 4550 omntnus,quos
3085 4498 3567 4550 egoexammaw,

167 4547 303 4630 apud
319 4498 823 4630 Iheopgylactum
865 4549 1037 4611 etiam
1071 4549 1301 4630 legitur.
1364 4626 1383 4630 _
1433 4618 1445 4630 .
1903 4550 2081 4607 habet
2120 4548 2283 4606 solus
2307 4548 2691 4630 mosquensis
2728 4564 2779 4604 e.
2809 4549 3170 4630 vocabulum
3201 4550 3308 4621 οὖν,
3348 4550 3449 4630 qui
3482 4558 3568 4630 est

224 4616 294 4689 (ir)
326 4616 610 4694 Erasinus
630 4691 637 4694 _
658 4619 941 4675 nimirum
969 4616 1177 4694 omittit
1224 4620 1384 4671 αὐτοῦ
1430 4618 1490 4675 in
1542 4619 1796 4694 editione
1906 4616 2500 4694 cumcommentario
2523 4625 2578 4675 et
2596 4625 2833 4694 catena.
2863 4622 3155 4694 Interpres
3177 4616 3318 4691 ergo
3351 4616 3566 4694 aliquis

168 4690 393 4763 secunda
417 4697 471 4746 et
500 4691 681 4748 tertia
719 4706 856 4761 quae
899 4706 1056 4763 nunc
1084 4692 1157 4763 ad
1191 4706 1407 4763 manus
1434 4696 1597 4763 erant
1623 4691 1787 4763 solre.
1904 4691 2227 4763 hicidenuo
2250 4691 2574 4761 incipiebat
2593 4690 3168 4763 interpretationem.
3197 4690 3347 4763 Ergo
3378 4690 3564 4748 vinci-

170 4760 439 4836 Omissum
468 4763 548 4836 ab
584 4758 828 4817 Erasmo
860 4761 1021 4813 αὐτοῦ
1037 4767 1091 4817 et
1116 4760 1271 4816 Millii
1301 4766 1358 4817 et
1386 4762 1692 4818 Wetstenii
1716 4761 1798 4818 la—
1905 4762 2077 4819 endte
2102 4758 2382 4819 orationis
2410 4778 2596 4819 causa
2622 4758 2880 4820 addebat
2910 4758 3016 4816 οὖν.
3049 4764 3166 4822 Pro
3187 4780 3258 4820 eo
3275 4758 3376 4820 alii
3411 4764 3566 4836 lege-

169 4830 262 4885 tuit
281 4832 672 4901 diligentiam.
1905 4840 2042 4891 runt
2069 4841 2176 4886 νῦν.

230 4902 285 4973 tt)
326 4904 492 4965 Recte
536 4903 770 4976 judicat
824 4902 1167 4960 Hentenius.
1214 4901 1401 4960 Habet
1437 4901 1597 4959 enim
1648 4905 1798 4959 uter-
1977 4906 2058 4976 (p)
2092 4908 2371 4978 Erasmus
2400 4919 2614 4978 nempe
2644 4904 3250 4978 ineditionesecunda
3268 4909 3403 4978 etc.,
3425 4910 3567 4978 post

173 4986 266 5052 (³⁸³9
292 4991 473 5052 ωὲυθ·
565 5046 579 5052 -
772 5045 801 5052 Α-
1085 5045 1114 5052 -
1376 5049 1383 5052 _
1449 5046 1462 5052 -
1723 5047 1733 5052 _

1376 5049 1383 5052 Α
1449 5046 1462 5052 _
1723 5047 1733 5052 _
1905 4978 2215 5052 «aptant-‘0'?
2269 4976 2450 5052 habet
2477 4976 2732 5052 μιοιθιυτοέςςΓ

230 5043 311 5119 (πη
342 5047 509 5119 Eorte
564 5045 1012 5119 hypostigmen.
1076 5045 1271 5105 Graece
1302 5049 1391 5100 est
1440 5046 1793 5119 ἡποστισγμήν.
1968 5043 2049 5119 '(q)
2084 5048 2315 5103 Scilicet
2339 5048 2399 5102 in
2456 5043 2759 5102 nonnullis
2816 5046 3123 5119 codicibus
3159 5047 3375 5104 Latinis
3416 5047 3565 5118 legi-

232 5114 301 5190 (It)
344 5114 621 5190 Utroque
654 5114 792 5190 loco
839 5121 1292 5190 uterquemeus
1354 5114 1650 5190 omittunt
1672 5114 1799 5190 :ista
1907 5114 2382 5185 tur'uccenditur,
2414 5133 2524 5190 pro
2551 5119 2861 5190 venit.llic
2880 5118 3041 5175 fraus
3069 5114 3562 5190 interpolatorum

180 5186 322 5241 verba
348 5186 669 5260 Euthymio
700 5188 931 5243 videtur
956 5186 1066 5260 hoc
1088 5187 1220 5244 loco
1244 5186 1604 5260 imposuisse
1627 5188 1799 5257 Chry-
1905 5191 2120 5260 elucet.
2178 5193 2321 5246 Nam
2383 5186 2481 5245 alii
2540 5189 2597 5245 id
2650 5189 3037 5260 reddiderunt
3082 5186 3302 5260 καίεται,
3342 5189 3460 5255 alii,
3502 5190 3563 5247 in

186 5262 292 5331 sust.
321 5257 509 5331 t._VlI.'
543 5276 605 5331 p.
666 5260 770 5314 825
798 5273 852 5331 e,
905 5260 1008 5331 qui
1039 5258 1163 5313 haec
1193 5257 1424 5331 silentio
1464 5259 1797 5331 prtetermit.
1905 5259 1996 5317 his
2026 5262 2218 5317 Codex
2248 5259 2773 5330 Cantabrigiensis,
2804 5261 3075 5317 omnium
3107 5257 3374 5326 infimus,
3409 5260 3561 5314 ἄπτε-

188 5325 309 5402 ίὶιξιρ
353 5325 573 5387 Lucum
609 5346 713 5402 pro
770 5325 1035 5386 Mattliteo
1073 5330 1346 5400 explicat.
1398 5325 1629 5402 Habent
1675 5330 1801 5385 haec
1907 5351 1994 5383 ται
2020 5332 2314 5402 Audacter
2360 5325 2650 5388 nunc‘ita
2680 5333 2749 5387 de
2776 5332 2913 5388 cod.
2952 5333 3226 5387 Cantabr.
3258 5325 3361 5388 seu
3397 5332 3562 5402 Wetf

190 5397 687 5479 fflicesmqliores
726 5416 943 5457 omnes
1000 5397 1179 5472 atque
1217 5402 1395 5458 etiam
1441 5400 1739 5472 Origenes,
1759 5406 1798 5458 t.
1909 5401 2178 5479 steniiC.
2228 5403 2393 5479 loqui
2445 5419 2715 5479 possum.
2744 5403 2875 5461 Mox
2921 5403 3077 5459 enim
3106 5405 3163 5460 in
3186 5402 3378 5459 lucem
3404 5400 3556 5456 istud

192 5462 552 5544 mai-29813,
1081 5462 1098 5472 ⁸
1211 5543 1239 5544 Π
1342 5542 1351 5544 ἓ
1536 5462 1604 5544 “ν
1724 5462 1737 5544 ’ν
1910 5477 2240 5530 monstrum
2264 5462 2662 5544 pi‘otrahetur.

246 5538 306 5609 (ο)
342 5543 680 5601 Latinorum
707 5541 812 5600 alii
841 5548 931 5593 νῦν
959 5558 1136 5612 nunc,
1170 5543 1271 5600 alii
1299 5542 1385 5595 οὖν
1422 5558 1565 5615 ergo
1591 5543 1802 5603 intule-
