3976 6222
363 313 433 366 55
1871 307 2261 363 ΡΒΑΞΡΑΤΙΟ.
3708 307 3779 362 56

366 434 780 505 Complutense
806 436 862 487 et
892 432 1145 503 Vulgata
1167 432 1359 501 editio,
1384 434 1551 505 quod
1600 436 1774 491 etiam
1824 434 2017 503 magis
2052 435 2095 487 A
2128 437 2214 488 est
2238 432 2384 489 nihil
2431 432 2625 489 habet.
2658 433 2773 489 Nec
2822 432 3045 490 librarii
3076 432 3144 504 (t)
3198 431 3429 487 incuria
3480 430 3780 487 omissum

363 523 619 597 quadrat
647 538 782 577 cum
813 521 1282 593 praecedentibus
1313 528 1369 578 et
1396 523 1801 594 sequentibus.

436 618 488 677 6,
522 618 608 666 37.
644 609 1213 681 Egressi(ememus)
1238 611 1507 667 ducentis
1528 613 1780 668 denariis
1807 628 2014 684 panes.

368 701 669 773 Siquidem
720 698 1045 770 ἀγοράσωμεν
1090 699 1269 755 habet
1325 700 1629 756 indicandi
1698 701 1901 766 modo,
1964 705 2019 755 et

364 807 481 847 non
509 792 847 862 ἀγοράσωμεν
879 804 1157 854 emamus,
1186 806 1293 861 per
1319 791 1787 861 subjunctivum.

436 885 488 947 6,
522 883 608 935 44.
642 882 1027 933 Erantautem
1059 879 1163 949 qui
1190 879 1893 950 manducaverant(ipsos
1915 895 2020 950 pa-

362 969 491 1039 nes)
549 967 801 1022 Additur
848 967 1007 1021 enim
1068 971 1187 1027 τοὺς
1234 970 1443 1039 ἄρτους.
1502 969 1662 1025 Facit
1712 968 2019 1024 nobiscum

364 1055 667 1127 exemplar
692 1054 1132 1126 Complutense.

436 1148 489 1211 7,
521 1148 608 1200 26.
640 1147 982 1199 Eratautem
997 1143 1211 1199 mulier
1226 1144 1427 1200 Graeca
1460 1146 2021 1217 (Syrathnicissa)

366 1248 581 1304 genere
615 1250 628 1299 ;
652 1248 774 1289 non
801 1236 1003 1288 Graeca
1040 1232 1497 1305 Syrophoenissa
1523 1250 1627 1306 per
1647 1234 2022 1306 compositio-

365 1337 527 1377 nem.
596 1322 729 1377 Pari
776 1323 957 1377 modo
1024 1321 1166 1391 legit
1246 1326 1301 1377 et
1356 1322 1773 1394 Complutense
1826 1338 2021 1379 exem-

364 1410 517 1481 plar.

436 1500 575 1564 9,6.
641 1501 790 1553 Nom
848 1498 1007 1552 enim
1062 1497 1275 1553 sciebat
1336 1499 1504 1569 (quid
1538 1500 1799 1555 dicturus
1828 1502 2016 1569 esset).

365 1586 556 1641 Habet
625 1586 783 1641 enim
849 1585 1082 1649 λαλήσει,
1151 1600 1255 1657 per
1316 1586 1730 1651 indicativum,
1788 1592 1843 1643 et
1898 1603 2021 1643 non

365 1674 590 1745 λαλήσῃ,
620 1688 725 1745 per
757 1672 1226 1743 subjunctivum.
1276 1675 1435 1731 Facit
1491 1677 1799 1731 nobiscum
1850 1678 2020 1731 Com-

2127 521 2419 587 arbitror;
2454 522 2676 593 alioqui
2698 522 2935 577 citasset
2986 520 3190 592 utique
3217 520 3277 574 in
3318 518 3559 574 seholiis
3581 518 3686 573 ubi
3716 518 3780 573 id

2130 611 2432 681 Scriptura
2451 610 2628 676 dicat,
2657 609 3165 682 quemadmodum
3182 608 3241 663 in
3260 607 3560 663 similibus
3585 607 3785 663 facere

2128 700 2289 755 solet.
2314 700 2518 755 Nescio
2549 716 2625 755 an
2654 716 2690 755 a
2719 699 2991 755 studioso
3006 699 3296 771 qquiam
3318 696 3673 768 prophetam
3703 696 3783 751 ci-

2129 793 2289 845 tante
2316 789 2377 843 id
2394 789 2655 859 primum
2683 788 2936 857 margini
2968 787 3041 843 sit
3069 787 3365 849 additum,
3394 784 3611 840 deinde
3640 790 3782 840 tem-

2128 894 2270 950 pore
2300 878 2681 949 procedente,
2713 878 2914 933 litterae
2947 878 3019 931 sit
3044 876 3394 933 admistum.

2201 967 2285 1019 15.
2319 971 2406 1023 29.
2465 966 2632 1037 (Vah)
2661 966 2764 1037 qui
2820 964 3071 1021 destruis
3122 962 3411 1034 templum
3436 962 3557 1017 Dei.
3592 960 3783 1017 Habet

2128 1069 2390 1125 namque
2447 1054 2562 1121 o-Ja’,
2618 1069 2739 1108 non
2795 1052 2933 1115 οὐαί,
3008 1067 3109 1107 vae.
3174 1050 3417 1105 Faciunt
3460 1049 3780 1105 nobiscum

2131 1143 2545 1213 Complutense
2585 1142 2909 1214 exemplar,
2951 1141 3322 1211 Vulgataque
3351 1138 3555 1195 editio.

2202 1232 2287 1297 16,
2336 1233 2425 1287 11.
2467 1232 2620 1287 Loco
2646 1232 2796 1301 ejus,
2825 1231 2987 1302 quod
3045 1230 3103 1284 in
3145 1229 3275 1283 aliis
3328 1227 3543 1283 Latinis
3576 1227 3786 1283 editio-

2130 1320 2306 1375 nibus
2336 1336 2406 1375 ex
2431 1318 2645 1376 Graecis
2690 1318 2902 1374 dicitur
2929 1336 2941 1372 :
2976 1320 3041 1371 Et
3067 1317 3147 1373 illi
3174 1316 3377 1372 audito
3424 1316 3591 1388 quod
3624 1317 3785 1371 vive-

2129 1413 2218 1464 ret
2264 1413 2318 1463 et
2360 1409 2523 1464 visus
2562 1414 2715 1463 esset
2772 1406 2844 1463 ab
2893 1423 2982 1471 ea,
3016 1422 3139 1461 non
3181 1404 3593 1461 crediderunt:
3632 1405 3784 1461 nihil

2128 1497 2310 1553 habet
2348 1498 2426 1567 (υ)
2458 1500 2728 1552 nostrum
2759 1494 3081 1567 exemplar.
3137 1497 3253 1550 Nec
3280 1493 3519 1559 mirum,
3578 1493 3628 1548 si
3669 1494 3787 1549 hoc

2128 1584 2419 1657 quispiam
2467 1584 2779 1649 addiderit,
2808 1599 2947 1639 cum
2993 1587 3187 1639 totum
3216 1582 3330 1638 hoc
3373 1583 3448 1637 de
3474 1583 3791 1638 Resurrec-

2130 1674 2288 1729 tione
2331 1681 2508 1744 caput
2528 1672 2894 1743 adjectitium
2934 1688 3065 1727 esse
3117 1672 3384 1745 plerique
3442 1671 3787 1727 Grecorum

363 1762 513 1833 plut.
543 1762 719 1817 editio
753 1778 767 1829 ;
795 1776 903 1817 nec
937 1762 1215 1818 eamdem
1236 1768 1327 1819 est
1365 1764 1680 1836 utrobique
1707 1768 2018 1826 sententia.
2054 1786 2094 1839 Β
2130 1767 2421 1831 asserant,
2447 1766 2511 1817 ut
2560 1762 2743 1817 habet
2770 1766 2971 1817 noster
3020 1766 3225 1816 auctor
3259 1778 3269 1813 :
3306 1760 3585 1830 idemque
3631 1760 3788 1815 inter

366 1855 433 1905 ut
483 1854 643 1921 patte
681 1865 748 1905 ex
820 1850 999 1921 hujus
1061 1850 1197 1906 dicti
1254 1850 1737 1922 interpretatione
1810 1852 2012 1908 Matth.

369 1954 501 2003 xvu,
537 1942 596 1993 4.

440 2028 529 2094 10,
562 2026 651 2082 43.
685 2027 801 2083 Sed
846 2028 1185 2100 quicunque
1206 2029 1457 2085 voluerit
1484 2028 1611 2085 ﬁeri
1638 2045 1897 2099 magnus
1940 2031 2027 2085 in-

368 2120 458 2172 ter
478 2132 605 2171 vos.
639 2119 766 2171 Non
796 2116 956 2172 enim
1006 2118 1237 2172 additur
1290 2120 1431 2190 ὑμῶν
1483 2124 1619 2191 post
1668 2119 2023 2190 quicunque.

371 2205 613 2261 Faciunt
636 2203 954 2261 nobiscum
986 2210 1289 2278 exemplar
1314 2208 1606 2278 Complut.
1653 2212 1710 2263 et
1752 2207 1875 2264 Vul.
1902 2208 2025 2263 edi-

370 2294 469 2349 tio.
500 2294 563 2348 Id
595 2298 793 2350 autem
824 2310 940 2349 non
992 2299 1217 2350 rectum
1248 2301 1356 2363 est,
1399 2296 1559 2368 quod
1603 2311 1797 2369 neque
1823 2298 1883 2351 in
1909 2296 2028 2351 iine

371 2382 669 2438 dictorum
689 2384 1003 2439 verborum
1026 2384 1202 2441 habet
1222 2385 1474 2456 Vulgata
1490 2385 1667 2442 editio
1693 2403 1703 2441 :
1735 2386 1889 2440 Inter
1902 2400 2025 2452 vos,

371 2474 494 2539 aut,
520 2472 582 2525 In
614 2471 807 2526 vobis.

446 2560 532 2623 1-1,
562 2558 649 2613 32.
674 2559 748 2615 At
792 2559 1104 2634 (dicamus)
1140 2563 1225 2617 Ab
1282 2563 1628 2619 hominibus
1666 2585 1677 2623 :
1729 2571 1789 2621 ut
1815 2565 2030 2621 subau-

374 2646 593 2718 diatur,
624 2664 754 2703 non.
787 2651 988 2721 Neque
1038 2652 1197 2706 enim
1245 2651 1481 2707 additur
1510 2654 1593 2704 ἐάν
1649 2654 1721 2718 si,
1751 2659 1814 2709 ut
1846 2656 2031 2725 possit

373 2734 486 2805 legi
516 2753 529 2790 :
560 2737 697 2791 Atsi
727 2736 1064 2793 dixerimus.
1094 2742 1294 2811 Neque
1320 2740 1472 2795 adeo
1498 2742 1813 2797 commode
1837 2746 2031 2815 potest

374 2825 567 2895 aptari
595 2826 1000 2897 sequentibus.
1021 2828 1182 2883 Facit
1198 2829 1505 2884 nobiscum
1530 2832 1831 2902 exemplar
1862 2834 2030 2887 Com-

372 2912 518 2984 plut.

452 3004 534 3067 12,
559 3006 645 3058 29.
678 3003 828 3058 Audi
884 3004 1063 3060 Israel
1116 3005 1406 3062 Dominus
1459 3009 1611 3063 Deus
1654 3011 1887 3082 (vester)
1922 3012 2030 3067 Do-

375 3088 568 3143 minus
606 3104 765 3144 unus
800 3094 903 3146 est.
933 3090 1237 3162 Siquidem
1262 3109 1383 3149 non
1402 3094 1584 3151 habet
1636 3098 1781 3168 ἠμῶν
1812 3105 2025 3163 noster,

376 3176 480 3231 sed
529 3180 670 3249 ὑμῶν
716 3188 919 3237 vester.
976 3183 1042 3235 Et
1096 3181 1250 3237 infra
1305 3199 1451 3237 vers.
1508 3184 1595 3249 30,
1658 3201 1779 3241 non
1831 3187 2025 3253 habet,

376 3270 461 3316 καὶ
490 3264 543 3327 ἐξ
573 3267 693 3327 ὅλης
718 3276 813 3329 τῆς
872 3270 1058 3342 ἰσχύος
1091 3287 1206 3322 σουο
1260 3274 1325 3328 Et
1371 3288 1438 3327 ex
1487 3278 1606 3329 tota
1661 3275 1873 3332 virtute
1906 3282 2027 3344 tua,

377 3354 534 3425 quod
576 3361 778 3412 tamen
810 3356 1025 3415 librarii
1053 3360 1126 3431 (ν)
1152 3360 1292 3415 vitio
1319 3360 1544 3416 factum
1567 3363 1844 3431 arbitror,
1880 3369 1940 3419 ut
1969 3365 2029 3419 in

376 3442 471 3498 illo
501 3444 633 3501 loco
662 3446 1108 3505 adnotavimus.
1140 3451 1284 3504 Item
1312 3449 1483 3505 intra.
1518 3467 1574 3504 v.
1607 3453 1693 3505 31.
1726 3454 1788 3507 Et
1818 3468 2028 3508 secun-

375 3533 521 3586 dum
577 3534 767 3588 simile
837 3540 924 3590 est
998 3536 1143 3605 (illi).
1208 3539 1355 3591 Nam
1431 3537 1615 3593 habet
1670 3540 1822 3610 αὐτῇ,
1906 3556 2028 3597 non

375 3621 505 3677 αῦτη
542 3622 649 3676 hoc
683 3639 695 3686 ;
732 3627 793 3677 ut
820 3622 932 3691 legi
963 3624 1149 3694 possit
1182 3640 1193 3678 :
1225 3627 1290 3679 Et
1321 3626 1648 3680 secundum
1682 3628 1869 3683 simile
1918 3631 2029 3685 hoc

373 3713 482 3764 est.
511 3708 830 3765 Nobiscum
862 3711 1077 3779 legisse
1104 3711 1346 3777 videtur,
1394 3714 1498 3784 qui
1528 3715 1843 3785 Vulgatam
1869 3718 2031 3774 dedit

373 3796 715 3852 editionem.

446 3887 532 3948 12,
566 3889 654 3941 36.
696 3886 824 3957 Ipse
854 3886 1013 3943 enim
1040 3888 1217 3945 David
1266 3889 1406 3945 dixit
1447 3906 1553 3962 per
1583 3892 1863 3963 Spiritum
1895 3912 2029 3951 san-

375 3978 527 4028 ctum
564 3990 573 4028 :
610 3975 799 4046 (Dicit)
833 3976 1123 4032 Dominus
1172 3980 1425 4035 Domino
1453 3995 1610 4043 meo,
1641 3998 1761 4036 non
1791 3984 1861 4054 (ε)
1894 3981 2027 4037 εἶπεν

371 4062 541 4117 dixit.
569 4066 631 4117 Et
661 4064 720 4118 in
747 4064 984 4119 seholiis
1015 4066 1149 4122 facit
1179 4067 1361 4123 etiam
1390 4068 1573 4140 hujus
1612 4074 1975 4129 mentionem
2008 4093 2019 4129 :

373 4156 430 4205 et
458 4152 537 4205 ita
568 4152 746 4207 habet
787 4154 1092 4225 exemplar
1123 4156 1421 4228 Complut.

447 4244 531 4303 14,
562 4242 647 4297 32.
677 4242 883 4297 Sedete
926 4242 1019 4298 hic
1070 4244 1214 4299 dum
1242 4246 1451 4302 orabo.
1500 4248 1627 4303 Non
1669 4250 1826 4305 enim
1856 4251 2029 4308 habet

373 4328 601 4383 ἀπελθὼν
631 4330 913 4401 digressus
945 4337 1079 4387 ante
1148 4334 1361 4390 Orabo.
1414 4335 1789 4392 Concordant
1828 4339 2027 4394 nobis-

371 4435 510 4474 cum
566 4425 621 4476 et
678 4421 1096 4493 Complutense
1150 4424 1449 4495 exemplar
1501 4430 1557 4480 et
1609 4426 1853 4497 Vulgata
1909 4429 2028 4484 edi-

370 4507 465 4563 tio.

444 4597 530 4660 15,
564 4597 657 4652 28.
695 4600 847 4653 Loco
878 4601 1026 4670 ejus,
1054 4601 1219 4672 quod
1255 4602 1353 4657 alii
1383 4602 1587 4672 legunt
1617 4621 1629 4659 :
1666 4607 1730 4659 Et
1784 4605 2028 4673 impleta

370 4689 458 4738 est
484 4684 779 4755 Scriptura
803 4702 938 4756 quae
979 4688 1117 4741 dicit
1150 4708 1161 4746 :
1226 4691 1435 4743 Etcum
1464 4692 1685 4763 iniquis
1716 4698 2025 4764 reputatus

371 4861 518 4987 In(ar)
576 4862 747 4915 Recte
799 4862 1048 4918 monuit.
1105 4865 1306 4921 Servat
1382 4868 1543 4922 enim
1616 4868 1729 4923 ista
1778 4875 2023 4943 uterque

475 4949 558 4985 IIS.

475 4949 558 4985 IIS.

368 5072 408 5126 b
438 5004 514 5128 (ts)
537 5002 822 5088 Nimirum
867 5020 977 5076 pro
1008 5006 1269 5063 secundo
1302 5009 1477 5079 hujus
1512 5026 1716 5065 versus
1746 5012 1881 5065 εἶπεν
1920 5012 2020 5068 ha-

412 5088 440 5127 e
514 5094 645 5128 .ενει.

412 5088 467 5128 et
496 5088 645 5145 λεγει.

440 5144 506 5220 (t)
544 5144 813 5220 Abestin
849 5152 1097 5220 utroque
1152 5166 1302 5205 meo.
1339 5153 1424 5205 Ad
1468 5153 1668 5208 Matth.
1710 5170 1885 5218 xxvn,
1931 5160 2017 5219 38,

366 5214 572 5271 latidat
601 5218 841 5289 quidem
882 5214 1221 5290 Euthymius
1265 5222 1408 5283 haec,
1440 5224 1542 5276 sed
1605 5241 1672 5277 ex
1732 5214 1898 5281 Isaia.
1941 5214 2018 5280 15.3

366 5292 563 5361 tamen
598 5290 649 5340 in
676 5290 1162 5361 interpretatione
1192 5293 1358 5347 Marci
1380 5293 1623 5347 lectores
1649 5298 1900 5351 remittit.
1938 5301 2017 5352 lix

364 5358 739 5433 Lectionai'iis
777 5358 925 5433 hanc
955 5366 1391 5433 corruptionem
1442 5371 1631 5419 ortum
1674 5384 1800 5422 esse
1841 5370 2015 5423 docui

364 5445 496 5500 quia
528 5430 733 5485 INBCII]
765 5432 946 5488 altera
974 5430 1219 5489 lectione
1268 5436 1571 5497 omittunt,
1626 5454 1759 5492 cum
1815 5446 2013 5494 tamen

363 5502 419 5554 in
451 5502 632 5556 altera
660 5502 935 5558 habeant.

435 5574 512 5643 (ι’)
539 5577 699 5629 [ἰυοο
725 5575 1020 5631 defectum
1045 5579 1207 5648 apud
1234 5578 1422 5633 solum
1466 5580 1851 5651 Eutliymium
1893 5584 2015 5637 ani-

2132 1851 2368 1907 Latinos
2388 1850 2562 1905 divus
2592 1850 3055 1922 Hieronymusin
3085 1848 3349 1920 Epistolis
3365 1848 3539 1903 refert
3557 1851 3784 1919 pleros-

2131 1956 2247 2012 que
2273 1940 2487 1994 dicere.
2539 1941 2603 1994 Et
2655 1945 2974 2009 prmtercea
3005 1938 3269 1994 secundo
3298 1937 3585 1993 adversus
3617 1937 3788 1993 Pela-

2133 2029 2341 2098 gianos
2362 2028 2477 2083 hoc
2488 2028 2652 2084 aitde
2665 2027 3025 2100 exprobrata
3041 2025 3450 2083 incredulitate
3462 2025 3784 2097 cordisque

2132 2117 2362 2173 duritie.

2796 2206 2896 2261 Ex
2934 2206 3116 2261 Luca.

2205 2296 2260 2364 2,
2281 2295 2372 2351 33.
2404 2298 2657 2351 Eterant
2717 2295 2935 2366 Ioseph
2987 2298 3044 2350 et
3082 2297 3269 2349 mater
3309 2294 3438 2363 ejus
3479 2292 3781 2348 admiran-

2136 2387 2246 2453 tes,
2305 2388 2414 2438 etc.
2475 2386 2605 2438 Non
2650 2383 2832 2439 habet
2883 2382 3034 2437 enim
3062 2385 3088 2433 ὁ
3140 2386 3338 2455 πατήρ,
3371 2382 3474 2436 sed
3506 2380 3530 2431 ὀ
3562 2380 3783 2451 Ἰωσήφ.

2138 2473 2295 2527 Facit
2322 2472 2631 2527 nobiscum
2681 2470 2976 2542 Complut.
3004 2470 3328 2542 exemplar,
3384 2471 3503 2525 imo
3532 2474 3591 2525 et
3646 2469 3789 2524 Vul—

2139 2568 2277 2631 gata
2302 2562 2499 2626 editio,
2530 2561 2739 2616 saltem
2765 2561 2825 2615 in
2851 2560 3151 2615 veteribus
3184 2558 3545 2631 quibusdam
3586 2574 3790 2614 exem-

2138 2651 2423 2722 plaribus.
2490 2650 2765 2706 Similiter
2822 2649 2997 2716 infra,
3039 2664 3189 2703 vers.
3240 2650 3356 2703 43:
3426 2650 3489 2703 Et
3517 2663 3639 2703 non
3695 2663 3791 2703 co-

2138 2740 2339 2809 gnovit
2373 2740 2605 2810 Joseph,
2665 2746 2719 2794 et
2761 2744 2951 2794 mater
3002 2738 3152 2808 ejus,
3195 2738 3548 2793 assentiente
3605 2736 3788 2792 etiam

2138 2828 2230 2883 hic
2261 2828 2661 2899 Complutensi
2683 2827 3005 2899 exemplari
3036 2843 3175 2881 cum
3194 2825 3291 2881 alii
3319 2824 3585 2880 habeant
3613 2842 3623 2879 :
3685 2830 3790 2877 Καὶ

2138 2918 2230 2969 οὐκ
2260 2921 2485 2989 ἔγνωσαν
2517 2920 2563 2969 οἱ
2584 2924 2747 2988 γονεῖς
2774 2917 2953 2980 αὐτοῦ,
2984 2918 3049 2971 Et
3095 2930 3211 2970 non
3237 2919 3647 2984 cognoverunt
3685 2929 3795 2985 pa-

2135 3011 2331 3062 rentes
2359 3008 2515 3078 ejus.

2210 3099 2260 3161 3,
2289 3097 2377 3151 33.
2412 3097 2476 3150 Et
2508 3095 2633 3166 ipse
2662 3096 2833 3150 Jesus
2864 3099 2989 3151 erat
3018 3094 3202 3151 ferme
3229 3108 3526 3150 annorum
3550 3091 3797 3162 triginta

2140 3184 2441 3239 incedens.
2477 3186 2604 3239 Non
2638 3184 2948 3255 incipiens.
3001 3183 3187 3239 Habet
3212 3197 3477 3253 namque
3508 3179 3791 3255 ἐρχόμενος

2144 3274 2222 3343 (at)
2254 3276 2374 3328 Non
2405 3274 2712 3348 ἀρχόμενος,
2746 3272 2912 3345 quod
2946 3274 3123 3329 etiam
3174 3270 3554 3327 manifestum
3593 3273 3681 3324 est
3713 3285 3783 3325 ex

2143 3362 2397 3417 auctoris
2430 3362 2684 3417 scholiis.

2210 3450 2358 3504 Ibid.
2388 3450 2499 3515 Qui
2556 3450 2665 3505 fuit
2720 3450 2826 3505 Eli.
2877 3450 3213 3507 notandum
3243 3450 3305 3505 in
3337 3453 3539 3505 nostro
3592 3463 3796 3504 exem-

2140 3537 2288 3608 plari
2358 3538 2487 3605 ἠλεί,
2539 3540 2730 3594 lenem
2787 3538 3005 3595 habere
3064 3538 3353 3611 spiritum.
3390 3537 3677 3592 Praeterea
3735 3542 3799 3591 et

2140 3626 2299 3692 ἠλίας,
2326 3629 2795 3700 quotiescunque
2822 3628 2983 3701 apud
3014 3628 3411 3697 evangelistas
3445 3627 3677 3695 legitur.
3709 3626 3799 3679 Id-

2139 3732 2254 3787 que
2290 3717 2655 3771 conformius
2677 3722 2763 3773 est
2798 3717 3014 3787 linguae
3063 3716 3366 3772 Hebraicae
3395 3716 3455 3770 in
3485 3730 3605 3786 qua
3637 3714 3798 3769 Elias

2140 3804 2217 3860 ab
2244 3806 2424 3876 Aleph
2446 3805 2636 3862 littera
2681 3806 2863 3861 sumit
2912 3805 3223 3861 exordium
3258 3822 3271 3871 ;
3305 3805 3419 3860 hoc
3450 3808 3652 3859 autem
3678 3802 3797 3858 ele-

2140 3899 2427 3959 mentum,
2483 3900 2547 3948 ut
2601 3894 2993 3950 communiter
3034 3894 3265 3963 dicitur,
3309 3893 3529 3948 nullam
3585 3906 3796 3946 secum

2138 3983 2311 4039 trahit
2337 3983 2784 4054 aspirationem.
2834 3985 3189 4055 Quanquam
3222 3987 3281 4037 ut
3325 3998 3527 4036 verum
3580 3980 3792 4044 fatear,

2136 4088 2331 4142 neque
2353 4071 2527 4137 Elias,
2563 4072 2667 4126 sed
2696 4072 2921 4127 Eliiahu
2942 4071 3325 4128 scribendum
3354 4075 3525 4133 esset,
3565 4070 3613 4124 si
3633 4074 3796 4124 recte

2138 4161 2403 4216 Hebraeos
2452 4161 2701 4217 velimus
2741 4161 2961 4216 imitari
2998 4177 3011 4215 :
3060 4162 3210 4214 sicut
3240 4164 3295 4216 et
3330 4158 3645 4214 Jesahiahu
3690 4162 3797 4213 aut

2136 4250 2441 4307 Iesaeiahu
2458 4266 2579 4305 non
2604 4250 2803 4305 Esaias
2830 4254 2930 4306 aut
2956 4250 3196 4305 Hesaias
3226 4248 3348 4305 sive
3374 4249 3576 4304 Isaias.

2209 4345 2258 4404 3,
2302 4341 2388 4394 24.
2424 4341 2532 4405 Qui
2562 4340 2670 4394 fuit
2701 4339 3001 4411 (Matthan)
3032 4354 3154 4393 non
3186 4339 3419 4403 Mathat,
3451 4342 3512 4392 ut
3534 4352 3604 4392 ex
3636 4353 3791 4393 com-

2138 4428 2401 4483 munibus
2424 4428 2681 4485 habetur
2695 4428 2911 4483 Graecis
2936 4427 3401 4499 exemplaribus.
3419 4427 3483 4482 In
3500 4425 3795 4498 plerisque

2136 4517 2314 4571 etiam
2363 4517 2541 4587 hujus
2600 4517 2961 4587 genealogiaa
3008 4516 3374 4581 nominibus,
3431 4520 3487 4571 et
3526 4515 3796 4570 similiter

2136 4605 2283 4675 ejus,
2320 4622 2504 4677 quam
2536 4605 2811 4660 describit
2832 4606 3162 4671 Matthaaus,
3186 4605 3622 4676 variaturapud
3653 4620 3795 4660 auc-

2136 4698 2322 4748 torem
2370 4699 2641 4750 nostrum
2687 4693 3111 4766 orthographia
3140 4712 3173 4749 a
3214 4693 3463 4749 lectione
3506 4708 3795 4748 commu-

2132 4872 2434 4944 madverti.
2460 4876 2657 4944 Neque
2686 4873 2971 4937 Birchius,
2996 4872 3351 4944 novissimus
3389 4870 3598 4944 editor.
3625 4870 3791 4944 hunc

2130 4941 2423 4998 defectum
2447 4960 2515 4999 ex
2544 4941 2745 4999 codice
2763 4945 3006 4999 notavit.
3035 4943 3397 5007 Alteretiam,
3428 4943 3516 4996 vir
3531 4941 3791 5012 diligen-

2131 5014 2411 5078 tissimus,
2447 5016 2672 5069 nullum
2687 5016 2781 5069 hic
2809 5031 2879 5069 ex
2898 5015 3072 5070 codd.
3097 5013 3659 5069 Vindobonensibus
3689 5013 3787 5067 de-

2131 5084 2347 5139 fectum
2380 5087 2623 5142 notavit.
2659 5087 2781 5141 [mo
2803 5093 3009 5140 contra
3037 5101 3102 5139 ex
3132 5086 3304 5140 codd.
3334 5085 3615 5139 indicavit
3657 5085 3788 5141 ἡπί-

2132 5175 2332 5213 στησαν
2365 5173 2471 5227 pro
2536 5158 2745 5211 vitiosa
2778 5159 2953 5211 unius
3008 5157 3223 5210 codicis
3280 5157 3529 5227 lectione
3558 5156 3788 5213 ἠπίστη-

2128 5226 2489 5299 καν.ΑΙὶ(Ῐ11ί‹ἱ
2518 5228 2761 5282 humani
2788 5235 3095 5298 passusest
3130 5234 3229 5282 aut
3250 5232 3377 5298 ipse
3412 5226 3782 5297 Euthymius,

2128 5305 2223 5352 aut
2255 5300 2464 5351 scribae
2487 5299 2635 5369 ejus.

2199 5374 2283 5438 (χ)
2316 5374 2429 5424 Hoc
2461 5368 2546 5424 est
2580 5372 2781 5424 vitium
2837 5371 3214 5425 manifestum
3271 5368 3500 5424 scribae.
3574 5371 3789 5423 Neuter

2125 5458 2395 5495 InPOI'llm
2452 5443 2533 5495 ita
2594 5442 2791 5496 habet.
2854 5442 3257 5509 Interpretatio
3345 5440 3476 5493 illus
3528 5440 3643 5494 loci
3700 5448 3789 5495 est

2123 5514 2298 5567 etiam
2330 5529 2435 5581 pro
2460 5516 2778 5586 ἀρχόμενος.
2808 5514 2967 5569 Nam
2999 5517 3226 5586 ἔρχομαι
3263 5527 3381 5567 non
3422 5513 3787 5566 construitur

2122 5600 2256 5637 cum
2292 5585 2571 5653 genitivo.
