3976 6222
222 310 280 362 57
1660 299 1796 355 ΡΒᾹ

1936 297 2056 356 ΓΙΟ.
3487 306 3552 366 58

218 432 664 487 niumGrecorum
679 427 1118 501 exemplarium,
1137 428 1726 501 frequenterquoque
1741 434 1796 482 et
1826 426 1870 478 A
1897 425 2005 481 fuit
2033 428 2254 496 Melchi,
2287 432 2390 504 qui
2418 431 2529 490 fuit
2555 435 2724 500 Addi,
2758 435 2864 507 qui
2897 433 2998 490 fuit
3028 435 3266 499 Cosam,
3303 435 3404 506 qui
3443 434 3553 490 fuit

219 538 251 576 a
277 520 515 575 Germana
544 517 922 574 Hebrzeorum
961 517 1231 573 lectione.
1277 518 1650 588 Quapropter
1679 516 1793 587 pri-

217 623 349 663 mum
373 613 470 662 erat
485 606 716 662 animus
732 607 949 662 horum
970 605 1456 678 orthographiam
1477 605 1792 662 nominum

209 697 267 751 ad
289 712 459 751 verum
495 695 874 750 Hebraeorum
916 695 1140 750 fontem
1184 695 1500 750 reducere:
1531 697 1792 764 postmo-

203 786 316 840 dum
334 800 456 840 vero
473 800 594 840 rem
612 785 860 857 propius
876 785 1254 857 inspectanti,
1277 789 1333 839 et
1353 784 1515 855 quod
1527 781 1656 838 haec
1673 797 1794 838 nou

195 873 258 930 ab
282 873 523 935 Hebraeis,
546 873 654 929 sed
673 889 710 930 a
739 873 952 929 Graecis
979 871 1350 928 traducerem
1381 871 1791 944 perpendenti,

192 963 339 1016 satius
353 962 537 1017 visum
567 967 659 1017 est
683 978 806 1017 non
834 961 985 1017 adeo
1009 959 1190 1016 multa
1212 960 1271 1015 in
1288 959 1479 1016 littera
1497 957 1794 1029 Evangelii

187 1048 478 1120 immutare,
509 1065 584 1105 ne
613 1050 758 1122 quid
788 1049 1087 1105 interdum
1109 1047 1355 1104 haereret
1388 1043 1581 1113 lector,
1606 1048 1795 1102 incer-

187 1143 263 1193 tus
283 1137 348 1192 de
371 1154 486 1209 quo
516 1137 678 1194 ﬁeret
701 1154 917 1194 sermo.
947 1141 1062 1194 Nec
1086 1141 1290 1193 tamen
1319 1136 1669 1193 Hebraicam
1695 1136 1798 1191 ho-

183 1242 290 1282 rum
325 1227 625 1282 nominum
673 1225 1171 1298 orthographiam
1201 1227 1437 1296 penitus
1466 1224 1796 1296 relinquere

181 1314 333 1378 volui,
361 1330 429 1369 ne
457 1314 608 1386 quid
640 1331 678 1372 a
723 1330 818 1370 me
851 1313 1158 1370 studiosus
1198 1313 1385 1370 lector
1421 1313 1793 1379 desideraret,

179 1403 264 1458 sed
278 1404 332 1458 in
350 1403 503 1458 hunc
523 1403 732 1460 locum
757 1403 981 1473 redegi.
1010 1404 1262 1458 Breviter
1278 1403 1478 1473 itaque
1492 1401 1796 1472 utriusque

180 1492 523 1561 Evangelistaa
547 1491 952 1562 generationis
969 1491 1178 1546 seriem
1191 1495 1350 1546 recta
1370 1489 1798 1561 orthographia

177 1587 415 1635 retexam.
448 1580 646 1646 Liber,
669 1580 865 1653 inquit
885 1579 1207 1648 Mattheus,
1237 1577 1632 1649 generationis
1657 1577 1795 1632 Jesu

175 1669 379 1733 Christi,
397 1669 500 1724 ﬁlii
529 1669 745 1739 David,
771 1669 872 1724 ﬁlii
895 1669 1198 1724 Abraham
1229 1687 1243 1724 :
1268 1667 1568 1723 Abraham
1593 1669 1796 1736 genuit

1899 515 2230 587 Elmodam,
2263 522 2366 592 qui
2405 522 2514 579 fuit
2539 525 2630 588 Er,
2663 525 2769 596 qui
2800 523 2906 579 fuit
2934 525 3091 589 Jose,
3122 523 3228 595 qui
3271 523 3378 578 fuit
3403 521 3551 578 Elie-

1899 620 2010 669 zer,
2039 607 2141 678 qui
2171 607 2279 664 fuit
2305 609 2516 677 .loram,
2550 612 2654 683 qui
2683 611 2791 667 fuit
2825 613 3094 677 Matatha,
3126 612 3230 683 qui
3256 611 3365 667 fuit
3399 611 3548 676 Levi,

1901 693 1996 765 qui
2019 694 2124 751 fuit
2141 695 2403 763 Simeon,
2427 701 2530 771 qui
2549 699 2658 756 fuit
2677 699 2928 764 Jehuda,
2951 701 3048 770 qui
3066 699 3176 754 fuit
3192 699 3432 771 Joseph,
3450 699 3553 770 qui

1900 782 2009 838 fuit
2036 786 2204 848 Jona,
2239 788 2340 858 qui
2366 787 2477 843 fuit
2507 788 2766 856 Eliacim,
2799 789 2904 860 qui
2931 789 3039 844 fuit
3060 789 3283 853 Milcha,
3315 789 3418 860 qui
3446 787 3554 844 fuit

1899 871 2154 938 Mainan,
2189 875 2291 946 qui
2323 875 2428 932 fuit
2457 878 2728 943 Matatha,
2761 877 2863 948 qui
2895 877 3001 932 fuit
3024 877 3278 942 Nathan,
3311 874 3414 948 qui
3444 876 3552 931 fuit

1901 959 2106 1027 David,
2139 963 2240 1033 qui
2273 962 2380 1020 fuit
2413 961 2562 1030 lisai,
2611 964 2716 1037 qui
2749 965 2856 1021 fuit
2890 965 3073 1029 Obed,
3108 965 3210 1037 qui
3243 964 3346 1020 fuit
3382 965 3546 1031 Boaz,

1902 1050 1996 1120 qui
2019 1049 2128 1105 fuit
2152 1051 2413 1119 Salmon,
2435 1055 2532 1124 qui
2554 1053 2661 1108 fuit
2680 1054 2981 1118 Nahason,
3005 1053 3107 1125 qui
3127 1053 3230 1108 fuit
3253 1053 3553 1109 Ammina-

1901 1137 2042 1204 dab,
2079 1140 2181 1211 qui
2206 1139 2315 1196 fuit
2339 1141 2578 1210 Haram,
2609 1143 2712 1214 qui
2739 1142 2845 1198 fuit
2871 1145 3114 1208 Hesron,
3147 1143 3250 1213 qui
3274 1141 3382 1196 fuit
3405 1142 3552 1197 Pha-

1901 1243 2014 1291 rez,
2046 1228 2149 1299 qui
2181 1227 2287 1284 fuit
2309 1229 2568 1301 Jehudae,
2589 1231 2690 1302 qui
2718 1231 2824 1287 fuit
2850 1230 3052 1294 Iacob,
3081 1231 3185 1302 qui
3204 1230 3313 1286 fuit
3340 1230 3549 1297 Iishac,

1901 1315 2003 1386 qui
2017 1315 2119 1370 fuit
2133 1315 2458 1379 Abraham,
2477 1318 2577 1389 qui
2596 1317 2964 1382 fuitNachor,
2981 1318 3083 1388 qui
3102 1317 3208 1372 fuit
3227 1318 3431 1387 Serug,
3454 1320 3552 1388 qui

1902 1402 2010 1458 fuit
2037 1407 2220 1473 Ragu,
2253 1405 2355 1476 qui
2386 1405 2493 1461 fuit
2532 1405 2772 1475 Phaleg,
2805 1405 2909 1477 qui
2940 1405 3047 1460 fuit
3076 1407 3274 1471 Heber,
3306 1406 3401 1477 qui
3444 1406 3552 1462 fuit

1904 1492 2057 1557 Sala,
2073 1492 2177 1564 qui
2193 1493 2552 1559 fuitCainan,
2570 1495 2671 1566 qui
2687 1493 3146 1566 fuitArphaxad,
3163 1495 3266 1565 qui
3278 1494 3383 1550 fuit
3402 1496 3549 1564 Sem,

1901 1579 2007 1652 qui
2037 1580 2145 1636 fuit
2177 1581 2362 1643 Noah,
2392 1584 2492 1654 qui
2519 1582 2917 1647 fuitLamech,
2940 1583 3043 1654 qui
3071 1583 3176 1637 fuit
3197 1582 3549 1650 Mathusale,

1902 1669 2003 1740 qui
2030 1668 2138 1724 fuit
2168 1671 2389 1738 Enoch,
2420 1671 2518 1742 qui
2550 1670 2657 1726 fuit
2687 1671 2873 1736 Iared,
2920 1670 3015 1742 qui
3053 1671 3160 1725 fuit
3190 1671 3547 1739 Mahalaleel,

174 1758 351 1822 Iishac,
381 1759 563 1814 Iishac
593 1762 802 1814 autem
833 1759 1035 1827 genuit
1062 1757 1302 1822 Jaacob,
1341 1756 1565 1812 Jaacob
1595 1761 1793 1812 autem
1825 1758 1868 1811 B
1903 1758 2001 1828 qui
2033 1757 2141 1812 fuit
2189 1758 2430 1824 Cainan,
2476 1759 2579 1830 qui
2610 1759 2717 1815 fuit
2757 1762 2934 1824 Enos,
2971 1759 3073 1831 qui
3113 1758 3218 1814 fuit
3249 1759 3407 1826 Seth,
3447 1759 3547 1831 qui

173 1846 634 1917 genuitlehudam
647 1852 705 1903 et
718 1848 923 1903 fratres
937 1847 988 1916 ej
998 1861 1085 1910 us,
1099 1845 1362 1900 Jehudas
1378 1850 1577 1901 autem
1591 1846 1795 1914 genuit

175 1935 357 1989 Pharez
380 1940 435 1989 et
464 1935 659 1991 Zarah
691 1933 763 1989 de
792 1935 1068 1997 Thamar,
1101 1933 1323 1988 Pharez
1351 1938 1553 1989 autem
1594 1933 1796 2002 genuit

176 2021 381 2089 Hesron,
416 2026 650 2080 Hesron
683 2028 881 2080 autem
901 2021 1542 2094 genuitAmminadab,
1573 2023 1796 2078 Ammi-

172 2111 338 2166 nadah
349 2117 537 2168 autem
553 2111 765 2182 genuit
777 2111 1075 2175 Nahason,
1095 2111 1372 2167 Nahason
1388 2117 1578 2166 autem
1592 2111 1797 2181 genuit

171 2199 386 2266 Salmon,
414 2201 670 2258 Salmon
697 2206 892 2257 autem
909 2199 1114 2270 genuit
1139 2199 1294 2257 Boaz
1311 2209 1384 2256 de
1398 2200 1626 2267 Rabab,
1642 2201 1796 2256 Boaz

167 2295 330 2343 autem
358 2291 560 2359 genuit
592 2288 762 2346 Obed
805 2305 877 2344 ex
926 2288 1109 2359 Ruth,
1159 2288 1317 2346 Obed
1359 2293 1561 2344 autem
1592 2287 1796 2358 genuit

164 2373 293 2442 lisai,
319 2378 444 2434 Iisai
473 2380 684 2434 autem
704 2377 907 2448 genuit
932 2375 1118 2433 David
1140 2391 1365 2448 regem,
1392 2377 1575 2433 David
1594 2388 1794 2432 autem

164 2480 248 2520 rex
274 2467 462 2536 genuit
507 2465 891 2523 Solomonem
917 2482 989 2522 ex
1015 2481 1084 2521 ea
1119 2481 1255 2538 quae
1283 2465 1389 2521 fuit
1431 2465 1600 2530 Urire,
1636 2464 1796 2521 Solo~

165 2568 284 2608 mon
308 2560 494 2610 autem
525 2555 742 2624 genuit
770 2553 1164 2610 Rechabeam.
1191 2554 1564 2610 Rechabeam
1593 2559 1795 2609 autem

165 2643 342 2710 genuit
374 2643 603 2709 Abiam,
643 2643 860 2699 Abiam
887 2649 1083 2698 autem
1124 2642 1330 2712 genuit
1359 2642 1669 2715 Josaphat,
1702 2642 1796 2696 Jo-

165 2731 359 2802 saphat
368 2737 550 2787 autem
564 2730 1079 2802 genuitJehoram,
1103 2731 1372 2787 Jehoram
1389 2736 1579 2786 autem
1594 2731 1796 2800 genuit

166 2818 368 2884 Osiam,
391 2819 548 2876 Osias
584 2826 794 2876 autem
826 2821 1028 2891 genuit
1051 2819 1311 2886 Jotham,
1332 2820 1570 2875 Jotham
1595 2825 1795 2876 autem

164 2908 346 2976 genuit
369 2909 574 2973 Achaz,
603 2909 803 2964 Achaz
818 2913 1017 2966 autem
1037 2908 1236 2980 genuit
1262 2907 1576 2973 Hizkiahu,
1612 2908 1796 2963 Hizki-

166 2994 268 3050 ahu
282 3000 469 3052 autem
483 2997 701 3068 genuit
716 2999 1050 3062 Manassen,
1069 2999 1365 3054 Manasses
1379 3001 1575 3053 autem
1593 2996 1797 3067 genuit

1901 1847 2009 1903 fuit
2040 1845 2254 1910 Adam,
2281 1845 2388 1919 qui
2416 1845 2524 1902 fuit
2552 1847 2675 1902 Dei.

1972 1935 2026 1999 5,
2054 1938 2137 1991 19.
2171 1936 2431 2006 Cumque
2465 1950 2585 1991 non
2614 1935 2997 2000 invenissent,
3029 1951 3150 2007 qua
3181 1935 3346 1991 illum
3374 1935 3554 1991 infer-

1902 2027 2057 2078 rent.
2113 2026 2241 2079 Non
2283 2023 2632 2095 exprimitur
2685 2023 3020 2095 praepositio
3073 2021 3168 2075 διὰ
3219 2038 3340 2094 per.
3390 2021 3554 2078 Facit

1903 2112 2216 2167 nobiscum
2248 2111 2530 2184 Complut.
2556 2111 2762 2169 editio.

1975 2201 2026 2264 5,
2072 2199 2165 2254 27.
2205 2199 2351 2254 Vidit
2381 2199 2770 2271 publicanum
2810 2199 3052 2255 nomine
3097 2198 3323 2269 (Levin)
3366 2198 3555 2254 Habet

1905 2289 2063 2343 enim
2092 2287 2247 2340 λευίν.
2280 2289 2346 2343 Et
2377 2289 2574 2345 statim
2623 2288 2775 2344 infra
2815 2305 2873 2342 v.
2905 2289 2973 2342 29
3006 2304 3016 2342 :
3050 2289 3116 2341 Et
3143 2287 3277 2342 fecit
3322 2287 3370 2341 ei
3413 2303 3552 2342 con-

1903 2375 2126 2431 vivium
2171 2391 2453 2447 magnum
2493 2377 2710 2448 (Levis)
2739 2377 2892 2442 λευίς,
2941 2391 3062 2431 non
3100 2391 3205 2447 per
3238 2375 3551 2446 diphthon-

1904 2480 2044 2535 gum
2084 2465 2144 2520 in
2187 2467 2487 2536 posteriori
2518 2465 2729 2521 sillaba
2757 2465 2844 2537 (ῃ)
2882 2465 3042 2517 λευείν
3075 2469 3132 2520 et
3167 2465 3347 2524 λευείς.
3382 2465 3554 2522 Facit

1904 2552 2222 2610 nobiscum
2252 2554 2426 2609 etiam
2474 2554 2774 2625 exemplar
2811 2552 3252 2624 Complutense.
3299 2553 3554 2609 Possunt

1904 2646 2104 2697 autem
2135 2642 2194 2696 hi
2227 2658 2401 2698 casus
2430 2643 2485 2697 in
2518 2643 2783 2698 Latinam
2810 2657 3045 2714 quoque
3073 2641 3344 2711 linguam
3367 2646 3554 2696 trans-

1904 2729 2156 2796 formari,
2199 2731 2706 2803 quemadmodum
2747 2746 2782 2785 a
2823 2729 3173 2786 nominibus
3223 2729 3554 2801 Emphasis,

1905 2819 2178 2885 Protasis,
2215 2819 2464 2891 Epitasis
2490 2835 2559 2876 ac
2587 2819 2904 2874 similibus.

1975 2910 2027 2974 5,
2051 2910 2138 2962 30.
2161 2909 2689 2965 Etmurmurabant
2710 2909 2909 2964 scribae
2926 2909 3048 2980 (qui
3071 2907 3222 2964 inter
3245 2923 3345 2962 eos
3367 2907 3555 2979 erant)

1906 2997 2154 3053 Additur
2191 3013 2455 3070 namque
2494 2997 2682 3053 αὐτῶν.
2719 2999 2810 3053 Sic
2841 3003 2898 3053 et
2939 2996 3242 3070 exemplar
3282 2997 3560 3068 Complu-

167 3088 340 3149 Amon,
367 3090 556 3141 Amon
589 3089 798 3142 autem
825 3086 1027 3156 genuit
1045 3084 1573 3150 Josiahu,Josiahu
1595 3091 1794 3141 autem
1834 3107 1872 3161 ρ
1904 3091 2091 3142 tense.

169 3173 338 3238 genuit
351 3172 695 3240 Jekoniam,
717 3179 771 3230 et
791 3172 1000 3229 fratres
1026 3173 1154 3246 ejus
1180 3172 1242 3229 in
1269 3173 1794 3243 transmigratione

171 3257 511 3331 Babylonica.
537 3266 606 3318 Et
623 3269 758 3334 post
776 3262 1356 3332 transmigrationem
1375 3263 1794 3335 Babylonicam

167 3347 440 3405 Jechonias
480 3350 701 3420 genuit
747 3349 1002 3420 Sealtiel,
1054 3349 1287 3408 Sealtiel
1341 3359 1540 3407 autem
1598 3350 1797 3420 genuit

168 3437 517 3503 Zorobbabel,
544 3437 925 3495 Zorobbabel
947 3444 1143 3494 autem
1164 3439 1366 3508 genuit
1382 3439 1642 3504 Abihud,
1663 3439 1796 3494 Abi-

167 3522 270 3578 bud
299 3531 486 3582 autem
520 3527 734 3597 genuit
763 3525 1031 3592 Eliakim,
1066 3527 1314 3582 Eliakim
1358 3532 1547 3584 autem
1592 3527 1798 3599 genuit

168 3612 308 3681 Azor,
327 3618 466 3671 Azor
481 3621 696 3673 autem
719 3615 924 3684 genuit
946 3616 1138 3672 Zadoc
1163 3617 1352 3673 Zadoc
1378 3621 1579 3673 autem
1592 3616 1797 3686 genuit

167 3701 362 3767 Achim,
403 3705 624 3760 Achim
665 3707 866 3760 autem
911 3704 1106 3774 genuit
1152 3704 1342 3769 Eliud,
1390 3704 1556 3759 Eliud
1597 3711 1796 3761 autem

168 3792 341 3856 genuit
354 3791 622 3856 Eleazar,
640 3791 1078 3848 Eleazarautem
1094 3794 1294 3862 genuit
1306 3794 1558 3859 Mathan,
1575 3793 1797 3849 Mathan

173 3883 343 3934 autem
372 3883 574 3952 genuit
601 3880 842 3948 Jaacob,
870 3881 1090 3938 Jaacob
1120 3886 1314 3939 autem
1349 3884 1550 3952 genuit
1574 3882 1798 3953 Joseph

171 3966 338 4022 virum
365 3969 554 4025 Maria:
606 3968 683 4024 de
725 3985 848 4041 qua
889 3978 1062 4025 natus
1095 3974 1181 4024 est
1221 3972 1388 4026 Jesus
1417 3972 1522 4042 qui
1556 3976 1800 4027 vocatur

172 4051 428 4115 Christus.
494 4060 695 4113 Lucas
751 4072 936 4112 vero:
972 4056 1122 4129 Ipse,
1186 4057 1397 4130 inquit.
1449 4059 1621 4113 Jesus
1675 4062 1801 4113 erat

171 4139 327 4199 ferme
366 4161 677 4202 annorum
731 4143 969 4217 triginta
1015 4145 1311 4210 incedens,
1372 4151 1433 4201 ut
1478 4146 1800 4219 putabatur

172 4227 301 4284 ﬁlius
324 4235 539 4305 Joseph
588 4233 694 4304 qui
725 4231 836 4289 fuit
866 4233 966 4298 Eli,
1002 4235 1101 4306 qui
1133 4234 1241 4290 fuit
1269 4235 1524 4302 Mathan,
1558 4235 1659 4305 qui
1692 4233 1802 4289 fuit

171 4317 409 4392 Levi,qui
437 4321 546 4377 fuit
570 4321 806 4384 Melchi,
833 4324 938 4393 qui
965 4320 1073 4378 fuit
1097 4324 1306 4390 Janna,
1329 4323 1431 4394 qui
1455 4322 1562 4379 fuit
1581 4322 1800 4394 Joseph

1975 3175 2026 3238 6,
2046 3173 2132 3227 18.
2153 3171 2754 3243 thuivexabantura
2772 3171 3077 3242 spiritibus
3095 3171 3443 3233 immundis,
3461 3186 3558 3224 cu-

1901 3260 2208 3318 rabantur.
2261 3259 2389 3316 Non
2417 3261 2574 3314 enim
2621 3262 2831 3331 repetit
2859 3260 3332 3330 conjunctionem
3383 3265 3472 3309 καί
3504 3265 3560 3314 et

1903 3353 2039 3404 ante
2064 3347 2306 3404 verbum
2337 3347 2728 3405 curabuntur.
2760 3348 2922 3403 Facit
2961 3346 3269 3401 nobiscum
3314 3345 3557 3414 Vulgata

1903 3437 2107 3494 editio.

1973 3529 2028 3592 6,
2054 3527 2143 3582 20.
2197 3528 2262 3581 Et
2291 3527 2420 3598 ipse
2460 3525 2696 3581 elevatis
2742 3523 2930 3579 oculis
2977 3522 3095 3577 suis
3140 3523 3196 3577 in
3229 3520 3558 3593 discipulos

1904 3614 2111 3686 (suos).
2137 3615 2285 3669 Nam
2310 3614 2591 3685 repetitur
2611 3613 2769 3665 αὐτοῦ
2789 3627 2937 3667 suos.
2970 3609 3215 3666 Faciunt
3238 3609 3560 3666 nobiscum

1904 3708 1960 3759 et
1987 3703 2414 3775 Complutensis
2438 3707 2493 3757 et
2526 3702 2773 3771 Vulgata
2801 3701 2980 3756 editio
3006 3717 3018 3755 :
3057 3716 3398 3771 quanquam
3426 3699 3558 3754 haec

1905 3792 1982 3848 ad
2013 3791 2338 3848 dictionem
2361 3791 2576 3858 Oculis,
2601 3807 2721 3846 non
2752 3790 3025 3862 adiungit
3046 3790 3412 3860 reciprocum
3435 3788 3560 3845 suis

1903 3880 2084 3952 idque
2114 3880 2269 3936 male
2282 3924 2297 3938 .

1978 3972 2028 4036 6,
2070 3973 2160 4024 23.
2203 3972 2346 4024 Ecce
2390 3969 2546 4024 enim
2600 3983 2824 4023 merces
2877 3973 3071 4023 vestra
3125 3967 3310 4022 multa
3363 3970 3449 4021 est
3500 3965 3558 4020 in

1906 4055 2101 4130 (ccelo)
2144 4073 2265 4114 non
2305 4056 2352 4110 ἐν
2379 4064 2482 4117 τοῖς
2512 4056 2763 4129 οὐρανοῖς,
2807 4056 2870 4110 in
2897 4055 3056 4111 caelis
3086 4055 3415 4126 pluraliter.
3456 4055 3560 4109 Fa-

1907 4147 1983 4201 cit
2011 4147 2323 4202 nobiscum
2350 4145 2766 4216 Complutense
2803 4143 3126 4215 exemplar.

1976 4235 2030 4298 6,
2063 4236 2150 4289 26.
2199 4235 2295 4289 Vae
2336 4250 2472 4288 cum
2505 4233 2880 4287 laudaverint
2933 4248 3038 4286 vos
3093 4231 3384 4285 homines.
3435 4233 3558 4285 Non

1906 4323 2064 4378 enim
2093 4322 2328 4377 additur
2357 4323 2478 4392 ὑμῖν
2501 4322 2675 4386 vobis,
2713 4324 2840 4390 post
2866 4319 3330 4389 interjectionem
3369 4334 3468 4372 vce.
3499 4319 3560 4373 Et

167 4407 250 4501 qui
279 4407 378 4501 fuit
402 4409 756 4501 Matatheize,
787 4411 884 4480 qui
916 4409 1023 4466 fuit
1066 4413 1267 4476 Amos,
1301 4412 1402 4484 qui
1435 4411 1538 4466 fuit
1587 4415 1797 4475 Naum,
1835 4449 1877 4501 Β
1908 4411 1970 4466 in
2010 4411 2122 4465 hoc
2162 4409 2298 4465 facit
2335 4409 2651 4463 nobiscum
2691 4412 2904 4478 praeter
2934 4407 3236 4477 exemplar
3261 4406 3555 4501 Complut.

169 4494 252 4561 qui
275 4495 374 4550 fuit
400 4499 544 4562 Ezel,
595 4498 700 4569 qui
725 4495 834 4553 fuit
858 4500 1094 4570 Naggae,
1127 4498 1231 4571 qui
1279 4499 1387 4555 fuit
1431 4499 1652 4565 Mahal,
1695 4499 1799 4571 qui

168 4581 257 4638 fuit
289 4584 642 4651 llatatheiee,
671 4585 774 4658 qui
801 4584 908 4642 fuit
937 4587 1148 4648 Semei.
1177 4587 1282 4660 qui
1309 4587 1672 4659 fuitJoseph,
1702 4588 1799 4660 qui

169 4667 258 4724 fuit
281 4672 522 4741 Jehuda,
561 4673 671 4746 qui
700 4675 810 4730 fuit
855 4675 1191 4740 Johannan,
1217 4677 1320 4748 qui
1359 4675 1465 4732 fuit
1499 4680 1668 4746 Besa,
1695 4677 1800 4748 qui

171 4755 256 4812 fuit
276 4761 672 4828 Zorobbabel,
700 4763 801 4834 qui
839 4761 942 4817 fuit
974 4763 1226 4829 Sealtiel,
1255 4764 1360 4834 qui
1385 4763 1490 4819 fuit
1519 4765 1671 4833 Neri,
1698 4765 1798 4835 qui

230 4989 304 5122 ἓν)
334 4993 624 5049 Erasmus
658 4998 701 5044 εί
726 4991 929 5055 edidit,
957 4995 1020 5048 ut
1049 5009 1230 5065 supra
1259 4993 1462 5067 ῥαϐϐεί.

249 5073 295 5122 zl
321 5063 628 5122 Chrvsost.
657 5071 696 5118 t.
727 5063 841 5122 Vll.
875 5079 933 5122 D.
966 5065 1088 5122 192.
1122 5073 1186 5121 Α.
1219 5066 1462 5121 veheme

207 5063 295 5138 ¹(ιη
321 5063 696 5138 Chrysost,_t.
727 5063 841 5128 Vll,
875 5079 933 5134 p.
966 5065 1088 5130 192,
1122 5063 1186 5121 Et.
1219 5063 1599 5138 vehementer
1628 5071 1798 5138 urget

174 5133 218 5178 τὸ
273 5133 465 5196 minii.
524 5136 586 5189 ’0
635 5133 695 5187 δὲ
736 5133 960 5208 Λτξυκᾶς,
1020 5137 1174 5208 enim
1226 5137 1430 5208 inquit,
1473 5142 1561 5189 καὶ
1627 5133 1798 5189 ἐπίτε-

177 5207 365 5276 τξιμὲοως
417 5212 508 5258 καὶ
567 5209 700 5278 μετὰ
761 5205 1017 5279 πλείονος⁸
1049 5207 1202 5259 αὑτὸν
1252 5205 1797 5279 πᾶραμυθίαςητοτξτα

182 5273 397 5350 itﬁuium
449 5273 634 5349 ?naiw.
696 5278 773 5329 Οὐ
830 5279 929 5348 γὰρ
989 5273 1054 5334 δὴ
1110 5283 1260 5348 μόνον
1313 5273 1434 5340 rei};
1482 5278 1650 5339 κακῶς
1705 5277 1796 5331 διὰ

183 5348 248 5423 τῖι
289 5350 398 5399 Θεὸν
455 5348 738 5409 ἀκούοντας
796 5349 1073 5419 μακαρίζει
1107 5369 1118 5382 ⁸
1154 5348 1280 5401 ἀλλὰ
1331 5355 1419 5401 καὶ
1474 5355 1598 5411 τοὺς
1653 5354 1796 5423 παρὰ

183 5415 343 5467 πάντων
393 5421 564 5482 καλῶς
618 5415 903 5480 ἀχούούτας
941 5415 1229 5482 ’ταλανίζειο
1281 5421 1397 5472 οὐαὶ
1459 5424 1560 5493 γὰρ
1620 5415 1794 5492 ὁμῇ),-

183 5493 326 5553 φησὶν,
393 5496 515 5544 ὅταν
586 5493 757 5550 καλῶς
823 5492 951 5561 ὑμᾶς
1017 5495 1200 5543 εἴπωσι
1267 5495 1447 5551 πάντες
1510 5492 1558 5543 σε
1623 5494 1795 5576 ἄνθρω

179 5571 265 5610 παι.
315 5567 489 5615 Καίτοι
537 5569 626 5616 καὶ
685 5565 805 5622 τοὺς
857 5561 1170 5622 ἀποστόλους
1227 5562 1392 5624 καλῶς
1444 5562 1628 5635 ἔλεγον·
1687 5561 1792 5616 ἀλλ’

1907 4500 2085 4557 etiam
2116 4498 2368 4568 Vulgata
2395 4497 2592 4552 editio.
2622 4499 2686 4554 ln
2718 4513 2788 4552 eo
2821 4500 3020 4550 autem
3051 4495 3212 4566 quod
3247 4509 3364 4549 non
3393 4494 3561 4550 addit

1909 4594 2112 4643 auctor
2143 4592 2341 4642 noster
2380 4587 2560 4646 πάντες
2592 4585 2664 4656 (z)
2695 4600 2899 4649 omnes,
2947 4587 3082 4638 ante
3115 4583 3386 4646 homines,
3422 4583 3560 4639 facit

1907 4676 2217 4732 nobiscum
2249 4674 2536 4746 Complut.
2572 4674 2767 4740 editio,
2803 4679 2858 4728 et
2888 4671 3100 4728 melius
3137 4672 3561 4744 correspondet

1908 4765 2214 4821 contrarias
2239 4763 2608 4819 beatitudini.

1907 4996 1966 5048 οὐ
2019 4998 2226 5056 πάντες·
2287 4991 2380 5047 διὰ
2438 5002 2590 5046 τοῦτο
2643 4995 2741 5046 adv.
2799 4992 2956 5062 εἶπεν,
3019 4998 3138 5046 ὅταν
3194 4993 3374 5065 καλῶςΔ
3425 4994 3561 5065 ὑμᾶς

1907 5070 2119 5140 ξῖπωσιν
2165 5069 2212 5118 οἱ
2269 5069 2551 5140 ἄνθρωποι,
2625 5065 2731 5117 ἀλλ’
2802 5071 2920 5117 ὅταν
2992 5067 3198 5125 πάντες.
3265 5061 3406 5116 Οὐδὲ
3460 5061 3558 5134 λγὰρ

1907 5135 2127 5190 δυνατὸν
2178 5142 2299 5199 τοὺς
2345 5135 2392 5188 ἐὺ
2438 5137 2590 5210 ἀρετῇ
2656 5141 2847 5199 ζῶντας
2904 5140 3072 5210 παρὰ¹
3101 5140 3305 5188 πάντων
3359 5135 3558 5186 ἀκούειν

1904 5210 2090 5271 καλῶς·
2154 5213 2216 5264 Et
2265 5217 2303 5263 t.
2363 5206 2494 5271 νΗΙ,
2559 5206 2680 5273 483,
2742 5211 2808 5262 Α.
2867 5206 2999 5260 Οὐαὶ
3044 5209 3182 5280 ὑμῖν,
3237 5212 3355 5258 ὅταν
3394 5206 3561 5266 καλῶς

1903 5281 2091 5333 simini
2175 5283 2358 5340 πάντες
2434 5285 2482 5331 οἱ
2557 5282 2832 5350 ἄνθρωποι.
2909 5280 3025 5333 Sed
3101 5279 3561 5350 rChl‘YSOVSlOAlIlUS

1903 5354 2094 5406 multa
2141 5351 2472 5406 homilelicc
2516 5348 2706 5418 magis
2748 5367 2930 5421 quam
2987 5349 3180 5421 critice
3219 5349 3378 5403 dicit.
3418 5348 3559 5421 'i‘iuj-g

1902 5423 2114 5488 omitti,
2148 5426 2344 5482 πάντες.
2382 5423 2438 5476 in
2483 5427 2642 5477 textu
2686 5418 2874 5476 servat
2911 5420 3329 5490 'I‘lieophylact,
3367 5434 3423 5488 p.
3457 5418 3558 5472 344

1903 5499 1965 5548 Α.
2005 5495 2115 5549 Sed
2160 5493 2341 5563 hujus
2387 5495 2790 5565 interpretatio
2834 5494 2936 5565 vix
2967 5493 3205 5565 videtur
3249 5490 3558 5565 admittere

1900 5569 2106 5626 πάντες.
2142 5557 2279 5620 Vide
2319 5566 2442 5621 ibit.
2495 5557 2558 5621 C:
2602 5564 2882 5638 Φρίξωμεν,
2917 5561 3150 5634 ἀδελφοὶ,
3192 5570 3303 5621 πῶς
3343 5563 3401 5611 τὸ
3440 5557 3558 5610 οὐαὶ
