3976 6222
375 268 444 326 59
1883 268 2277 327 PBASFATIO.
3713 270 3793 326 60

449 398 502 461 6,
533 397 620 451 37.
652 395 761 466 (Et)
792 395 970 451 nolite
1010 394 1297 467 judicare.
1333 396 1638 467 Siquidem
1669 396 2028 467 praeponitur
2057 398 2101 450 A
2206 398 2294 463 10,
2326 399 2411 452 23.
2448 398 2599 451 Beati
2626 396 2779 452 oculi
2809 396 2909 468 qui
2936 395 3139 452 vident
3168 413 3298 468 quae
3330 395 3559 452 videtis.
3587 399 3793 468 Neque

381 492 469 537 καί
499 493 572 548 et,
601 485 661 540 in
693 484 1015 556 exemplari
1040 501 1281 558 quoque
1314 485 1744 557 Complutensi.

449 572 502 637 6,
533 573 624 627 40.
672 571 971 631 Perfectus
1001 577 1203 628 autem
1238 573 1340 627 erit
1370 573 1523 628 sicut
1546 574 1831 643 magister
1862 589 2023 638 suus,

382 678 499 717 non
531 662 687 717 enim
716 660 895 716 habet
926 668 1025 721 πᾶς
1058 661 1137 732 (a)
1166 662 1369 724 omnis,
1397 666 1527 716 ante
1550 663 1681 717 erit.

450 755 501 816 ‘7,
535 752 589 805 7.
623 752 775 806 Loco
806 767 1007 806 eorum
1034 766 1167 822 qua
1194 751 1352 823 apud
1383 751 1527 806 alios
1552 751 1848 806 habentur
1874 752 2027 822 (pro-

380 845 506 910 pter
531 839 694 911 quod
712 845 768 895 et
796 855 889 895 me
907 840 1106 911 ipsum
1133 856 1254 895 non
1277 856 1411 895 sum
1438 840 1687 910 dignum
1710 840 2029 896 arbitratus

384 936 447 984 ut
485 928 745 985 venirem
781 928 857 984 ad
904 928 981 1000 te)
1010 927 1155 984 nihil
1196 928 1379 986 habet
1407 933 1612 985 auctor
1642 933 1859 985 noster.
1912 927 2027 984 Sed

382 1034 575 1089 neque
597 1018 652 1072 in
676 1018 969 1082 Matthaeo,
996 1017 1491 1087 evangelistarum
1510 1017 1663 1073 dicta
1684 1016 2026 1081 concilians,

384 1108 593 1163 horum
637 1106 775 1162 facit
805 1104 1173 1162 mentionem.
1206 1107 1337 1162 Non
1370 1104 1600 1162 videtur
1638 1120 1778 1175 ergo
1807 1104 2028 1161 librarii

382 1194 741 1263 negligentia
776 1192 1260 1265 praetermissum.
1295 1195 1360 1249 In
1397 1193 1511 1249 hoc
1538 1194 1696 1250 enim
1732 1193 1921 1266 capite
1953 1192 2030 1250 ad

383 1285 503 1339 haec
530 1288 840 1339 contextus
871 1282 1055 1340 verba
1088 1300 1099 1338 ;
1134 1304 1161 1334 «
1184 1284 1314 1338 Non
1345 1284 1501 1339 enim
1533 1299 1664 1337 sum
1696 1282 1971 1351 idoneus,
2000 1304 2027 1329 n

384 1382 516 1441 etc.,
546 1372 678 1428 loco
711 1371 1072 1427 scholiorum
1094 1372 1257 1441 ponit
1287 1371 1465 1426 verba
1490 1388 1625 1442 quae
1659 1376 2027 1443 sequuntur:

387 1464 517 1516 Haec
550 1460 729 1516 etiam
761 1458 905 1515 dixit
946 1459 1237 1515 Matthaeus
1273 1477 1285 1515 :
1321 1462 1384 1515 Et
1426 1460 1718 1514 declarata
1766 1464 1904 1514 sunt
1950 1458 2030 1529 (b)

385 1550 663 1622 pracdicto
693 1549 903 1620 capite.
934 1548 1102 1614 Quod
1136 1549 1182 1603 si
1207 1548 1528 1619 judicasset
1555 1548 1669 1605 hoc
1700 1549 1826 1603 loco
1862 1548 2032 1602 inter-

386 1638 731 1709 ponendum
755 1654 766 1691 :
786 1639 1025 1708 Propter
1046 1634 1208 1709 quod
1228 1643 1281 1692 et
1302 1654 1397 1692 me
1419 1638 1636 1709 ipsum,
1658 1641 1791 1705 etc.,
1812 1651 2033 1708 nequa-

382 1742 566 1798 quam
598 1726 843 1782 dixisset
868 1726 1073 1782 omnia
1094 1741 1130 1782 a
1156 1726 1429 1783 Matthaao
1454 1742 1580 1781 esse
1600 1725 1780 1790 dicta,
1806 1730 1862 1782 et
1887 1724 1942 1780 in
1963 1739 2033 1779 eo
2058 1745 2098 1796 Β

383 1813 683 1870 declarata
710 1832 847 1869 cum
880 1814 961 1870 ibi
984 1814 1141 1870 nulla
1171 1814 1236 1869 fit
1264 1814 1472 1869 horum
1506 1814 1753 1872 mentio.

452 1903 505 1967 7,
538 1907 625 1956 28.
679 1902 819 1958 Dico
842 1903 999 1959 enim
1031 1903 1199 1959 vobis
1232 1919 1243 1957 :
1280 1902 1341 1957 ln
1371 1900 1463 1957 his
1492 1901 1596 1974 qui
1622 1916 1653 1957 e
1694 1900 2033 1959 mulieribus

384 1991 501 2045 nati
533 1995 689 2059 sunt,
729 1992 943 2061 major,
983 1991 1209 2047 Joanne
1244 1990 1499 2063 Baptista
1537 2005 1715 2047 nemo
1750 1995 1857 2047 est.
1907 1992 2034 2045 Non

387 2078 547 2133 addit
601 2085 881 2152 προφήτης,
928 2095 1037 2133 nec
1086 2083 1287 2135 tamen
1329 2077 1559 2135 videtur
1604 2077 2035 2148 negligentiam

387 2168 699 2232 omissum,
725 2168 802 2223 ob
827 2168 1100 2223 eamdem
1127 2184 1396 2231 causam,
1420 2182 1605 2240 quam
1629 2166 1916 2239 superiori
1934 2166 2035 2221 ad-

386 2255 791 2311 notatiuncula
828 2255 1161 2311 retulimus.

451 2346 504 2409 8,
538 2346 597 2400 5.
647 2348 712 2400 Et
743 2344 1004 2401 volucres
1036 2344 1161 2401 caeli
1188 2342 1417 2417 (etiam)
1447 2344 1838 2401 comederunt
1867 2340 2031 2399 illud.

386 2434 631 2488 Additur
660 2434 818 2489 enim
845 2434 912 2505 (ε)
946 2449 1178 2490 rursum
1208 2438 1296 2485 καὶ
1327 2438 1399 2489 et.

456 2526 506 2587 9,
540 2525 627 2576 43.
662 2521 951 2578 Omnibus
977 2537 1113 2577 vero
1130 2520 1565 2576 admirantibus
1592 2535 1775 2591 supra
1790 2519 1882 2575 his
1905 2535 2034 2590 quae

384 2609 636 2666 faciebat
707 2610 936 2681 (Jesus).
1012 2609 1262 2665 Additur
1318 2610 1477 2665 enim
1530 2624 1750 2665 nomen
1811 2608 2033 2672 Ἰησοῦς,

385 2700 563 2754 etiam
595 2700 651 2753 in
682 2696 996 2770 exemplari
1022 2698 1310 2770 Complut.

454 2787 509 2854 9,
543 2788 627 2841 55.
677 2790 1007 2842 Conversus
1053 2790 1273 2852 autem,
1322 2784 1648 2857 increpavit
1698 2783 1852 2839 illos.
1910 2786 2037 2839 Non

386 2876 545 2931 enim
586 2876 824 2931 additur
854 2892 1068 2932 nomen
1110 2875 1333 2945 Ἰησοῦς,
1373 2890 1567 2947 neque
1618 2875 1676 2929 in
1714 2872 2036 2944 exemplari

387 2962 709 3034 Complut.,
736 2979 927 3036 neque
954 2964 1015 3020 in
1045 2964 1291 3033 Vulgata
1313 2963 1590 3018 editione.
1624 2962 1847 3018 Deinde
1872 2960 2037 3034 quod

386 3053 649 3123 sequitur
678 3053 740 3108 in
770 3052 1051 3107 omnibus
1076 3051 1465 3117 versionibus,
1485 3058 1540 3108 et
1564 3052 1619 3107 in
1641 3054 1842 3107 Graeca
1859 3050 2037 3106 etiam

386 3140 645 3197 editione
682 3140 1087 3213 Complutensi
1139 3145 1324 3212 puta:
1360 3140 1427 3196 Et
1478 3140 1557 3196 ait
1610 3139 1759 3195 illis:
1794 3137 2037 3195 Nescitis

386 3233 558 3303 cujus
610 3232 838 3304 spiritus
870 3232 1008 3287 estis
1042 3247 1161 3287 vos.
1216 3231 1389 3287 Filius
1419 3232 1579 3287 enim
1619 3230 1877 3286 hominis
1914 3244 2034 3285 non

382 3319 542 3376 venit
563 3319 638 3376 ad
664 3318 1037 3390 perdendum
1060 3319 1289 3375 animas
1318 3319 1654 3383 hominum,
1680 3317 1780 3373 sed
1816 3316 1891 3373 ad
1925 3315 2038 3372 sal-

384 3408 650 3463 vandnm
681 3426 693 3463 :
720 3424 1074 3481 quanquam
1100 3423 1210 3464 nos
1232 3406 1600 3463 addidimus:
1633 3405 1934 3475 vereor(d)
1964 3420 2039 3460 ne

384 3512 507 3552 non
558 3499 631 3551 sit
679 3497 898 3552 librarii
947 3497 1172 3551 incuria
1220 3496 1561 3551 omissum:
1596 3495 1856 3549 maxime
1904 3509 2037 3547 cum

384 3587 441 3642 in
472 3586 712 3641 scboliis
741 3586 969 3640 nullam
996 3583 1173 3639 faciat
1196 3584 1403 3640 horum
1436 3584 1827 3639 mentionem.

458 3678 507 3739 9,
540 3674 629 3729 57.
673 3675 898 3744 Sequar
936 3678 988 3727 te
1018 3688 1381 3744 quocunque
1416 3672 1551 3726 ieris
1580 3671 1883 3742 (Domine).
1924 3670 2039 3725 Ad-

384 3760 606 3817 diditur
632 3761 788 3815 enim
824 3763 998 3833 Κύριε,
1032 3760 1209 3815 etiam
1240 3760 1300 3815 in
1322 3760 1751 3833 Complutensi.

465 3851 540 3913 l0,
573 3852 661 3903 22.
685 3849 774 3920 (Et
802 3864 1127 3904 conversus
1146 3847 1223 3903 ad
1241 3848 1565 3920 discipulos
1583 3847 1791 3920 dixit):
1826 3848 2039 3905 Omnia

386 3939 530 3996 mihi
570 3938 786 3994 tradita
815 3943 953 3993 sunt
992 3954 1024 3992 a
1073 3937 1239 3993 Patre
1271 3954 1425 3994 meo.
1466 3930 1774 4010 Siquidem
1820 3938 1891 4009 (ε)
1936 3937 2039 3994 ad-

386 4030 608 4085 duntur
637 4028 816 4082 etiam
846 4028 902 4083 in
950 4025 1277 4099 exemplari
1326 4026 1609 4099 Complut.
1649 4027 1776 4082 haec
1808 4026 1988 4085 verba
2022 4050 2033 4093 ;

389 4122 488 4172 Καὶ
522 4121 760 4189 στραφεὶς
789 4120 914 4188 πρὸς
936 4118 1051 4176 τούς
1076 4117 1317 4187 μαθητὰς
1342 4112 1449 4169 εἷπε
1476 4132 1489 4171 :
1520 4115 1586 4172 Ει
1606 4130 1929 4172 conversus
1960 4116 2038 4173 ad

387 4205 705 4277 discipulos
736 4205 902 4261 dixit.

388 4415 585 4483 ἔχωσιν
661 4415 709 4464 οἱ
774 4414 917 4483 παρὰ
969 4420 1068 4463 τῶν
1137 4410 1419 4483 ἀνθρώπων
1502 4409 1874 4482 ἐπαινούμενοι.
1924 4416 2111 4490 ηΑείο

389 4480 476 4555 μέν
533 4488 631 4557 γὰρ
685 4490 774 4536 καὶ
836 4480 978 4557 “napo:
1022 4493 1119 4536 τῶν
1172 4480 1454 4557 ἀν’θφώπωη
1512 4480 2041 4557 ἐπαινεζὰθαι-ηάλᾎὰ

389 4550 635 4627 ὴρὸτέρόν
670 4550 965 4627 ἀπὸ
996 4556 1049 4610 Si
1076 4550 1299 4627 nivi-mf},
1330 4553 1660 4623 probasset,
1690 4550 2040 4627 bauddubie

392 4623 739 4695 scripsisset,
776 4625 883 4675 ἀλλ’
915 4625 971 4676 οὐ
1004 4630 1147 4696 παρὰ
1194 4626 1415 4676 πάντων.
1464 4628 1543 4696 lta
1585 4629 1765 4696 certe!
1796 4623 2042 4693 Chryso-

391 4693 619 4750 stomus
647 4693 1106 4763 argumentatur.
1153 4696 1271 4749 Hoc
1302 4700 1490 4749 autem
1530 4694 1585 4747 in
1627 4693 1903 4748 confesso
1956 4698 2041 4746 est

391 4767 776 4837 Entbymium
804 4771 859 4821 et
887 4766 1433 4837 Theophylactum,
1454 4764 1868 4837 accedentibus
1910 4778 2042 4834 pro-

392 4834 711 4891 batioribus
743 4834 1071 4899 codicibus,
1094 4834 1323 4906 semper
1343 4836 1537 4891 valere
1560 4841 1766 4890 contra
1789 4834 2043 4906 Chryso-

391 4915 571 4963 stom.
623 4911 701 4963 Ex
729 4910 1142 4979 Chrysostomo
1171 4904 1312 4979 ergo
1348 4910 1468 4977 ὑμῖν
1514 4913 1568 4963 et
1598 4908 1783 4965 πάντες
1813 4904 2041 4979 illatum

394 4980 632 5035 scboliis
661 4985 715 5033 et
738 4976 979 5041 catenis,
1012 4996 1081 5034 ac
1106 4976 1321 5034 deinde
1343 4976 1520 5033 etiam
1549 4976 1867 5032 contextui.

465 5051 538 5189 (a)
573 5056 676 5125 Πᾶς
706 5052 885 5105 habet
918 5058 1160 5121 uterque
1193 5064 1388 5105 meus.

490 5122 543 5189 ὁ)
567 5121 779 5175 Evolve
804 5122 956 5175 infra
995 5123 1051 5175 in
1090 5124 1388 5189 interpret:

490 5122 543 5189 ὁ)
567 5121 779 5175 Evolve
804 5122 956 5175 infra
995 5118 1569 5192 in'interpretatione
1588 5118 1798 5173 Matth.
1839 5134 1935 5192 vin
1961 5119 2043 5181 13,

394 5198 483 5245 καὶ
517 5192 658 5249 ἰάοη.
711 5194 982 5248 Consistit
1036 5194 1130 5248 hic
1178 5190 1346 5247 locus
1383 5197 1722 5244 C(DlOI‘Ol'llm
1770 5190 2046 5244 codicum

395 5265 739 5319 aucoritate.
768 5264 959 5328 Quid?
989 5265 1143 5334 quod
1168 5280 1277 5319 nec
1310 5262 1519 5334 Bit'cliii
1554 5262 1688 5316 Cod.
1725 5261 1853 5316 Vat.
1894 5261 2044 5327 1209,

394 5336 449 5391 in
480 5336 726 5399 gratiam
762 5333 1104 5390 Latinorum
1132 5335 1254 5389 tunc
1282 5333 1499 5388 omittit
1530 5333 1555 5385 ‘I

496 5408 549 5475 ι’)
580 5407 792 5461 Neuter
818 5422 1086 5460 meorum
1117 5407 1383 5475 agnoscit
1414 5410 1516 5457 καί.

496 5425 524 5461 ι’
580 5407 792 5461 Neuter
818 5422 1086 5460 meorum
1117 5407 1383 5475 agnoscit
1414 5410 1516 5457 καί.

472 5407 549 5547 id;
583 5477 831 5547 Copiose
873 5480 946 5531 de
974 5477 1081 5532 hoc
1128 5478 1257 5533 loco
1305 5474 1601 5547 disputavi
1640 5474 1699 5529 in
1731 5491 1865 5531 mea
1909 5474 2050 5529 Novi

396 5545 758 5605 Testamenti
786 5548 1041 5606 editione
1069 5549 1145 5605 ad
1166 5548 1227 5605 h.
1261 5548 1297 5602 1.
1335 5545 1520 5618 p.223
1552 5562 1717 5619 seqq.

2137 485 2295 539 enim
2327 485 2384 539 in
2418 490 2653 540 auctore
2680 491 2900 551 nostro,
2944 500 3135 557 neque
3174 485 3233 539 in
3264 484 3590 556 exemplari
3618 487 3797 541 Com—

2135 573 2284 644 plut.
2334 573 2680 643 exprimitur
2710 574 2855 644 ὑμεῖς
2898 588 3015 629 vos.
3062 572 3239 628 Video
3294 572 3521 639 ethoc,
3576 577 3631 628 et
3680 573 3798 629 alia

2137 660 2409 732 quaedam
2436 661 2781 731 hujusmodi
2802 660 3097 717 minutula
3114 678 3258 725 esse,
3284 667 3339 716 et
3364 678 3498 733 quae
3528 661 3794 716 fortassis

2136 750 2312 806 alicui
2397 750 2776 806 adnotatione
2866 751 3107 819 indigna
3170 750 3532 805 videbuntur
3578 750 3791 815 ;nolui

2138 844 2338 895 tamen
2366 840 2435 909 (Ι)
2468 840 2931 910 praetermittere,
2964 854 3039 893 ne
3069 838 3397 911 quisquam
3429 838 3782 911 negligentia

2140 933 2241 984 aut
2270 929 2593 984 temeritate
2619 927 2825 983 relicta
2850 932 3017 999 putet
3048 944 3151 982 seu
3174 928 3508 984 immutata.

2216 1021 2297 1084 l0,
2316 1020 2403 1072 39.
2423 1017 2562 1081 Quse
2579 1016 2755 1072 etiam
2776 1016 3043 1072 assidens
3058 1016 3133 1072 ad
3154 1016 3335 1087 pedes
3349 1015 3487 1070 Jesu
3506 1015 3793 1073 audiebat

2139 1105 2488 1176 (sermones)
2509 1104 2680 1160 illius.
2712 1103 3070 1161 Habetenim
3095 1104 3273 1160 etiam
3293 1104 3599 1176 exemplar
3622 1106 3792 1161 Com-

2138 1194 2408 1266 plutense
2438 1203 2537 1245 τῶν
2562 1193 2724 1265 λόγων
2755 1193 3078 1264 pluraliter.

2212 1284 2296 1348 11,
2332 1287 2425 1340 53.
2476 1282 2793 1354 Coeperunt
2838 1281 3101 1355 (Scriba)
3129 1284 3183 1336 et
3229 1281 3505 1337 Pharisaei
3537 1283 3795 1351 graviter

2140 1372 2430 1427 insistere.
2466 1374 2590 1427 Non
2623 1371 2779 1427 enim
2813 1370 2995 1425 habet
3035 1376 3240 1443 νομικοὶ
3273 1369 3405 1442 legis
3443 1371 3646 1440 periti,
3690 1372 3795 1426 sed

2139 1468 2459 1536 γραμματεῖς
2504 1460 2738 1517 Scriba).
2789 1462 2853 1514 Et
2903 1458 3100 1513 statim
3144 1459 3301 1514 infra
3348 1460 3561 1515 eodem
3596 1476 3794 1526 versu,

2140 1567 2259 1606 non
2290 1549 2467 1606 habet
2488 1549 2858 1621 ἀποστομίζειν
2891 1550 3144 1620 captiose
3166 1550 3535 1619 interrogare
3560 1566 3571 1603 :
3599 1565 3795 1622 neque

2142 1656 2279 1695 cum
2334 1638 2460 1693 aliis
2523 1639 2881 1710 ἐπιστομίζειν
2936 1653 2996 1694 os
3050 1638 3358 1704 obstruere,
3411 1638 3516 1692 sed
3566 1636 3794 1690 ἀποστο-

2142 1729 2375 1799 ματίζεν,
2417 1729 2525 1783 hoc
2579 1733 2684 1798 est,
2745 1726 2822 1783 ab
2875 1743 2975 1783 ore
3031 1727 3413 1795 interrogare.
3472 1727 3624 1792 Quid
3680 1728 3795 1783 hoc

2142 1822 2339 1873 autem
2382 1815 2491 1871 sibi
2521 1815 2677 1883 velit,
2722 1815 2855 1870 vide
2900 1816 2957 1870 in
3003 1814 3182 1884 hujus
3230 1814 3341 1869 loci
3388 1816 3783 1873 enarratione.

2219 1908 2303 1971 12,
2362 1907 2447 1960 18.
2502 1908 2564 1959 Et
2608 1904 2743 1960 illuc
2786 1903 3166 1974 congregabo
3216 1903 3416 1961 omnia
3470 1920 3605 1975 quae
3652 1910 3796 1960 nata

2143 1999 2278 2048 sunt
2320 1992 2483 2047 mihi.
2540 1995 2735 2063 Neque
2777 1992 2863 2063 (ρ)
2908 1991 3066 2048 enim
3119 1990 3357 2048 additur
3385 1996 3472 2043 καὶ
3514 1995 3579 2043 τὰ
3619 1990 3794 2062 ἀγαθά

2143 2102 2261 2153 μου.
2300 2081 2365 2134 Et
2392 2081 2557 2137 bona
2587 2097 2738 2136 mea.

2214 2172 2303 2238 13,
2335 2170 2416 2224 15.
2453 2169 2829 2241 (Hypocritaa)
2847 2169 3259 2240 unusquisque
3281 2174 3535 2225 vestrum
3573 2168 3793 2226 Subba-

2143 2257 2243 2314 tho
2291 2273 2413 2314 non
2464 2257 2656 2323 solvit,
2705 2264 2818 2313 etc.
2877 2258 3058 2313 Habet
3106 2258 3265 2314 enim
3316 2257 3611 2329 pluraliter
3660 2258 3787 2308 ὐπο-

2144 2351 2344 2421 κριταί.
2404 2346 2778 2405 Concordant
2827 2353 2882 2402 et
2930 2346 3236 2419 exemplar
3278 2346 3692 2419 Complutense
3740 2350 3799 2403 et

2143 2437 2394 2506 Vulgata
2419 2436 2618 2491 editio.

2215 2526 2303 2591 13,
2356 2529 2442 2579 35.
2490 2527 2635 2581 Ecce
2679 2524 3029 2597 relinquitur
3075 2524 3245 2582 vobis
3285 2526 3500 2581 domus
3551 2529 3793 2583 vestra:

2144 2616 2267 2669 Non
2308 2614 2655 2685 exprimitur
2704 2616 2888 2686 ἔρημος
2935 2614 3179 2683 deserta,
3233 2613 3395 2687 quod
3442 2630 3514 2670 ex
3560 2629 3799 2671 enarra-

2144 2702 2302 2758 tione
2329 2707 2486 2773 patet
2508 2702 2732 2758 librarii
2758 2702 2895 2759 vitio
2923 2701 3146 2758 factum
3178 2718 3293 2759 non
3323 2718 3469 2759 esse.

2217 2794 2303 2857 14,
2345 2793 2426 2847 l5.
2470 2791 2683 2847 Beatus
2728 2792 2829 2862 qui
2877 2790 3244 2862 (prandium)
3288 2792 3457 2848 sumit
3505 2791 3566 2849 in
3611 2807 3797 2861 regno

2149 2880 2265 2935 Dei.
2302 2883 2499 2950 Neque
2544 2880 2699 2935 enim
2741 2879 2921 2936 habet
2965 2880 3119 2951 ἄρτον
3162 2894 3399 2949 panem,
3434 2879 3538 2935 sed
3582 2882 3797 2954 ἄριστον

2140 2968 2476 3039 prandium.
2538 2968 2872 3024 Concordat
2924 2968 3102 3025 etiam
3160 2967 3465 3040 exemplar
3522 2968 3799 3040 Complu-

2073 3088 2114 3144 Ο
2146 3062 2327 3113 tense.

2218 3148 2305 3211 14,
2358 3147 2446 3201 21.
2505 3148 2570 3201 Et
2625 3162 2897 3203 reversus
2955 3162 3162 3202 servus
3219 3144 3355 3217 (ille)
3416 3145 3803 3214 renuntiavit,

2145 3240 2262 3292 etc.
2313 3237 2437 3292 Non
2487 3234 2727 3291 additur
2770 3234 2954 3296 ἐκεῖνος
2992 3234 3112 3301 ille,
3159 3236 3334 3291 etiam
3376 3234 3435 3291 in
3474 3234 3806 3307 exemplari

2147 3322 2573 3396 Complutensi.

2220 3415 2303 3477 15,
2335 3416 2425 3468 26.
2464 3416 2527 3467 Et
2568 3411 2853 3469 accersito
2884 3428 3003 3468 uno
3043 3412 3115 3469 de
3157 3413 3363 3468 servis.
3393 3414 3521 3468 Non
3568 3411 3804 3468 additur

2146 3500 2304 3552 αὐτοῦ
2330 3502 2447 3555 suis
2488 3502 2595 3571 (h),
2623 3516 2732 3557 nec
2761 3502 2823 3557 in
2866 3500 3187 3575 exemplari
3220 3500 3652 3572 Complutensi,
3697 3516 3805 3555 nec

2144 3589 2205 3645 in
2227 3589 2483 3645 editione
2504 3589 2777 3659 Vulgata.

2218 3680 2303 3743 17,
2335 3681 2385 3733 4.
2422 3680 2488 3731 Et
2518 3677 2729 3747 septies
2763 3679 2823 3734 in
2854 3676 2949 3739 die
2980 3694 3303 3735 conversus
3342 3678 3517 3734 fuerit
3546 3678 3755 3735 dicens
3789 3695 3800 3733 :

2216 3766 2464 3823 Paenitet
2494 3783 2609 3821 me.
2642 3768 2771 3822 Non
2820 3766 3001 3823 habet
3043 3766 3125 3820 ἐπί
3158 3786 3213 3820 σε
3255 3766 3324 3823 ad
3354 3775 3421 3824 te.
3469 3767 3807 3824 Concordat

2145 3855 2323 3912 editio
2355 3855 2814 3926 Complutensis.

2222 3946 2303 4009 l7,
2334 3945 2423 4001 21.
2460 3948 2658 4015 Neque
2698 3944 2890 3999 dicent
2928 3961 2941 3998 :
2982 3947 3127 4001 Ecce
3170 3944 3286 4011 hic,
3332 3960 3460 3999 ecce
3490 3942 3629 4000 illic.
3674 3947 3803 4003 Non

2144 4034 2210 4105 (ί)
2259 4032 2442 4091 habet
2488 4035 2515 4091 ἦ
2552 4040 2699 4088 aut:
2734 4033 2881 4087 sicut
2926 4034 3104 4089 etiam
3152 4033 3307 4089 infra
3360 4049 3525 4089 versu
3566 4035 3655 4101 23,
3701 4033 3806 4090 ubi

2146 4122 2356 4178 eadem
2388 4126 2733 4194 repetuntur
2772 4121 2975 4183 verba,
3022 4123 3082 4177 in
3122 4121 3285 4177 nullo
3314 4120 3569 4177 habetur
3600 4138 3807 4181 exem-

2144 4212 2316 4284 plari.
2347 4210 2744 4266 Conformiter
2769 4210 2910 4279 legit
2939 4216 2995 4266 et
3023 4210 3457 4283 Complutensis
3481 4212 3681 4269 editio.

2217 4416 2291 4554 ξε)
2325 4416 2403 4467 De
2433 4413 2549 4468 hoc
2582 4414 2758 4468 etiam
2792 4414 2921 4470 loco
2950 4413 3029 4468 ibi
3060 4412 3205 4479 dixi,
3240 4429 3372 4485 pag.
3401 4414 3525 4469 240.

2241 4486 2295 4554 f)
2330 4487 2501 4539 Recte
2552 4484 2761 4548 fecisti,
2799 4486 3059 4539 Henteni.
3107 4488 3250 4540 Nam
3281 4486 3375 4540 vel
3417 4491 3525 4541 ext

2330 4487 2501 4539 Recte
2552 4484 2761 4548 fecisti,
2799 4486 3059 4539 Henteni.
3107 4484 3251 4540 Nam
3281 4486 3375 4540 vel
3417 4502 3489 4541 ex
3517 4485 3630 4541 tuis
3674 4484 3815 4541 ani-

2150 4555 2674 4625 madversionibus
2707 4563 2999 4625 apparent
3028 4556 3523 4612 ballucinationes
3556 4557 3812 4624 Erasmi,

2148 4624 2407 4680 hominis
2440 4626 2605 4699 levis,
2642 4624 3013 4696 negligentis,
3038 4629 3403 4699 temerariiet
3429 4628 3661 4699 perﬁdi.
3683 4628 3815 4683 Ple-

2148 4713 2335 4768 raque
2373 4698 2552 4761 enim,
2602 4713 2735 4769 qum
2777 4700 3138 4763 memorasti,
3182 4714 3282 4769 per
3324 4698 3490 4754 illum
3537 4699 3612 4753 ad
3662 4699 3815 4753 Vul-

2150 4776 2348 4836 gatam
2381 4769 2643 4823 Latinam
2667 4774 2805 4823 sunt
2835 4770 2993 4823 ﬁcta.
3022 4771 3255 4835 Quanta
3284 4771 3402 4825 fide
3422 4775 3476 4825 et
3499 4770 3817 4837 diligentia

2151 4841 2207 4893 in
2260 4841 2574 4909 postremis
2620 4840 2979 4894 editionibus
3026 4842 3145 4895 suis
3178 4841 3656 4910 Complutensem
3695 4847 3816 4895 tra-

2152 4910 2341 4973 ctarit,
2372 4927 2546 4964 nemo
2574 4910 2809 4965 criticns
2834 4912 3079 4981 ignorat.
3099 4912 3412 4975 Quomodo
3436 4927 3576 4981 ergo
3602 4918 3817 4967 tracta-

2152 4984 2298 5035 verit
2328 4982 2606 5037 codices?
2628 4984 2770 5037 Nam
2800 4983 2906 5037 etsi
2936 4998 3041 5036 nec
3070 4983 3502 5053 Complutensis
3530 5000 3564 5039 a
3595 4984 3820 5038 criticis

2153 5052 2379 5127 idoneis
2436 5060 2639 5127 curata
2689 5058 2794 5115 est,
2847 5059 3043 5127 tamen
3094 5052 3273 5110 habet
3321 5054 3537 5111 multas
3592 5054 3820 5127 probas

2154 5123 2432 5179 lectiones
2465 5124 2541 5177 ab
2578 5126 2821 5179 Erasmo
2845 5124 3161 5192 neglectas.

2228 5198 2309 5261 (Ω)
2341 5198 2538 5250 Servat
2567 5202 2807 5265 uterque
2838 5212 3031 5252 meus.

2228 5264 2311 5339 (Ii)
2343 5267 2501 5318 αὐτον
2542 5264 2823 5339 Erasmus
2858 5266 3068 5333 intulit,
3102 5283 3212 5339 pro
3243 5284 3365 5337 quo
3398 5273 3598 5322 tamen
3641 5267 3827 5325 silent

2158 5338 2407 5395 codices.
2445 5354 2478 5391 a
2510 5338 2733 5393 Btrchio
2760 5340 3069 5393 examinati
3101 5338 3338 5393 Omnes.
3381 5338 3571 5392 Miror.

2234 5408 2298 5477 (τ’)
2340 5409 2529 5462 Primo
2578 5409 2709 5464 loco
2757 5415 2999 5481 uterque
3050 5426 3219 5465 meus
3269 5411 3501 5474 omittit,
3552 5410 3830 5467 secundo

2165 5486 2407 5551 uterque
2445 5486 2660 5536 servat.
