3976 6222
205 251 264 306 61
1719 249 2099 310 ΡΒΑΞΡΑΤΙΟ
2112 295 2126 310 .
3561 261 3630 320 62

275 378 368 440 t7,
409 379 498 430 32.
525 377 809 431 Hemores
836 377 1023 431 estote
1056 375 1257 432 uxoris
1289 378 1408 432 Lot.
1442 378 1572 431 Non
1611 375 1946 434 habeturA
2052 381 2139 442 22,
2191 379 2278 433 30.
2343 382 2410 435 Ut
2462 379 2652 438 edatis
2710 397 2781 438 ac
2834 381 3055 439 bibatis
3115 399 3296 457 super
3352 400 3627 441 mensam

210 460 269 516 δὲ
302 473 519 527 autem,
560 479 668 517 nec
700 463 764 517 in
815 463 1143 536 exemplari
1195 463 1622 536 Complutensi,
1672 480 1779 519 nec
1810 464 1865 518 in

2005 481 2199 521 neam.
2233 469 2361 523 Non
2387 467 2628 524 additur
2654 470 2724 542 (ε)
2753 469 2800 521 ἐν
2822 478 2884 542 τῇ
2927 469 3174 543 βασιλείᾳ
3195 490 3315 543 μων
3357 473 3418 526 In
3446 459 3651 542 regno

209 555 387 610 veteri
411 552 824 609 translatione.
857 556 923 609 Et
948 553 1298 609 similiterin
1325 554 1439 610 ﬁne
1462 554 1670 626 capitis
1698 569 1872 608 versu
1978 569 2134 609 meo.
2170 557 2370 627 Neque
2415 557 2475 612 in
2502 559 2876 614 enarratione
2922 559 2987 616 ﬁt
3020 559 3138 616 ulla
3162 561 3342 631 hujus
3385 561 3628 618 mentio.

210 643 409 698 ultimo
449 659 467 695 :
502 641 588 697 lbi
622 642 1161 712 congregabuntur
1189 642 1424 715 aquilae,
1469 658 1588 698 non
1632 641 1872 699 additur
2049 645 2136 708 22,
2180 644 2267 700 35.
2321 646 2572 710 Quando
2616 647 2755 702 misi
2807 663 2912 701 vos
2963 647 3087 703 sine
3130 649 3337 705 loculis
3381 654 3436 705 et
3465 665 3628 721 pera.

201 737 281 781 xui
306 737 380 794 et,
407 745 524 785 nec
557 732 619 785 in
653 731 919 786 editione
953 730 1360 804 Complutensi
1395 731 1498 804 (k).

260 821 346 885 18,
381 824 434 875 3.
461 820 657 876 Vidua
688 825 892 875 autem
913 823 1037 875 erat
1062 821 1120 876 in
1145 819 1380 876 civitate
1407 820 1524 877 illa.
1545 822 1670 875 Non
1694 818 1870 876 habet

191 913 265 970 τὶς
293 909 604 979 quaedam,
643 925 757 965 nec
790 908 849 964 id
893 909 1080 965 habet
1104 909 1397 983 Complut.
1446 909 1641 975 editio,
1676 924 1869 982 neque

189 999 495 1069 Chrysost.
546 999 610 1053 in
643 998 829 1071 priori
865 998 933 1054 de
973 998 1196 1056 orando
1237 1001 1422 1054 Deum
1466 997 1728 1068 homilia,
1767 995 1869 1052 ubi

191 1102 459 1159 praesens
486 1085 718 1141 citatur
749 1086 938 1142 locus.

1978 735 2103 788 Non
2162 733 2404 790 additur
2466 741 2567 788 Καὶ
2619 733 2973 809 ὑποδημάτων
3024 745 3078 793 et
3143 738 3560 794 calceamentis
3613 758 3624 796 :

1976 837 2086 877 nec
2111 822 2234 878 ulla
2263 823 2328 878 ﬁt
2369 823 2549 895 hujus
2581 825 2806 881 mentio
2841 828 2900 880 in
2933 827 3395 882 commentariis.
3432 828 3630 895 Arguit

1978 909 2044 983 (ι)
2076 916 2275 967 autem
2315 911 2684 983 adjectitium
2713 929 2860 979 esse,
2895 915 3064 987 quod
3113 915 3266 971 infra
3315 931 3487 970 versu
3536 916 3624 981 36,

1977 1014 2112 1054 cum
2149 1000 2363 1057 dicitur
2397 1019 2408 1056 :
2444 1001 2549 1058 sed
2574 1017 2736 1057 nunc
2784 1003 2886 1074 qui
2935 1002 3121 1059 habet
3163 1003 3409 1074 loculos,
3443 1003 3626 1072 tollat,

1977 1089 2244 1144 similiter
2281 1094 2337 1145 et
2365 1106 2593 1162 peram,
2643 1091 2790 1146 illud
2832 1091 2892 1147 in
2936 1091 3102 1148 nullo
3133 1091 3392 1148 addatur
3421 1109 3624 1149 exem-

1976 1175 2144 1248 plari.

2046 1271 2133 1334 22,
2181 1268 2269 1324 47.
2320 1271 2383 1322 Et
2433 1270 2936 1342 appropinquavit
2974 1272 3108 1326 Jesu
3154 1275 3216 1325 ut
3264 1269 3628 1325 oscularetur

1975 1371 2132 1409 eum.
2164 1355 2416 1411 Additur
2443 1358 2642 1413 statim
2671 1364 3118 1430 consequenter,
3157 1358 3335 1414 etiam
3367 1357 3425 1414 in
3458 1360 3622 1414 Com.

253 1177 342 1241 19,
378 1178 436 1231 4.
466 1175 764 1231 Ascendit
813 1175 875 1230 in
908 1174 1328 1248 (capriﬁcum).
1363 1177 1424 1230 In
1459 1179 1664 1232 nostro
1713 1180 1770 1230 et
1807 1174 1865 1230 in

188 1264 609 1336 Complutensi
642 1263 972 1338 exemplari
1015 1263 1271 1320 habetur
1301 1265 1467 1322 tertia
1497 1263 1734 1337 syllaba
1763 1280 1869 1335 per

188 1374 254 1412 ωε
279 1369 361 1409 ne
387 1353 584 1410 nobis
609 1354 854 1409 Stunica
880 1354 947 1424 (t)
970 1353 1213 1423 objiciat
1239 1351 1318 1408 ob
1342 1352 1400 1408 id
1429 1369 1604 1426 prave
1627 1369 1864 1408 versum

189 1458 316 1499 esse
349 1442 745 1514 capriﬁcum,
781 1443 946 1515 quod
979 1458 1085 1516 per
1114 1462 1138 1494 ο
1170 1441 1397 1498 micron
1430 1441 1742 1497 scribatur.
1774 1444 1865 1496 At-

2005 1443 2230 1499 ilutensi
2280 1445 2602 1517 exemplari
2679 1461 2690 1500 ξ
2747 1453 2910 1500 Τοῦτο
2954 1449 3053 1521 γὰρ
3132 1454 3344 1520 σημεῖον
3403 1443 3625 1500 δεδώκει

193 1537 392 1588 tamen
447 1531 760 1602 Complut.
816 1531 1000 1586 habet
1054 1530 1446 1602 penultimam
1504 1547 1610 1603 per
1667 1528 1863 1601 ἐψιλόν,

2005 1533 2168 1599 εὖτ-οῖς,
2200 1533 2292 1584 “Ov
2320 1533 2378 1584 ἂν
2411 1535 2633 1605 φιλήσω,
2679 1534 2829 1596 αὐτος
2862 1534 2992 1587 ἐστι·
3039 1539 3156 1590 Hoc
3185 1537 3342 1590 enim
3385 1535 3626 1605 signum

191 1637 325 1676 cum
380 1619 678 1676 eamdem
709 1619 933 1676 habeat
989 1625 1261 1674 nostrum
1295 1618 1599 1690 exemplar
1652 1635 1757 1691 per
1812 1639 1866 1670 αι
1976 1623 2219 1677 dederat
2265 1621 2376 1676 illis
2411 1638 2422 1674 ε
2461 1624 2889 1694 Quemcunque
2921 1623 3222 1678 osculatus
3260 1623 3448 1690 fuero,
3501 1625 3627 1696 ipse

192 1710 650 1782 diphthongum
682 1710 779 1779 (m)
813 1716 1201 1781 συκομωραίαν.

2013 1715 2082 1765 st.

263 1801 348 1865 19,
385 1801 478 1854 15.
509 1798 701 1854 Jussit
743 1798 940 1853 vocari
972 1797 1053 1852 ad
1096 1814 1157 1853 se
1183 1814 1384 1853 servos
1415 1795 1564 1852 illos.
1599 1799 1724 1852 Non
1765 1793 1864 1852 ad-
2045 1799 2134 1863 23,
2196 1798 2247 1851 2.
2306 1798 2470 1854 Hunc
2514 1798 2852 1853 invenimus
2906 1803 3333 1870 pervertentem
3388 1803 3625 1869 gentem

190 1889 347 1944 ditur
380 1888 473 1960 (η)
511 1889 590 1948 οἷς
615 1883 778 1939 ἔδωκε
817 1890 873 1938 τὸ
902 1885 1149 1960 ἀργύριον
1179 1905 1190 1938 :
1223 1885 1449 1953 Quibus
1484 1885 1731 1940 dederat
1760 1901 1865 1956 pe-

2005 1887 2288 1958 nostram)
2319 1890 2463 1943 Nam
2494 1887 2574 1958 (v)
2609 1887 2668 1942 in
2700 1891 2908 1943 nostro
2939 1887 3266 1960 exemplari
3293 1887 3628 1943 addebatur

191 1979 459 2034 cuniam.
497 1976 676 2043 Quod
708 1980 910 2030 tamen
935 1974 1300 2040 addidimus,
1336 1973 1486 2030 sicut
1512 1975 1589 2046 (ο)
1615 1973 1864 2046 quibus-
1973 1978 2138 2049 ἡμῶν,
2164 1977 2317 2033 sicut
2351 1981 2406 2031 et
2445 1975 2687 2046 Vulgata
2709 1977 2896 2033 habet
2927 1977 3124 2033 editio.

191 2066 328 2123 dam
395 2066 538 2121 aliis
593 2067 656 2121 in
705 2063 850 2120 locis
879 2063 1040 2119 idem
1092 2063 1356 2130 fecimus,
1399 2063 1562 2135 quod
1616 2063 1676 2116 in
1730 2060 1862 2116 aliis
2044 2068 2105 2122 In
2137 2064 2254 2120 fine
2314 2065 2613 2136 Evangelii
2666 2066 2751 2137 (ω)
2811 2081 2932 2122 non
2973 2066 3214 2122 additur
3265 2063 3421 2139 ἀμήν,
3479 2064 3630 2122 sicut

187 2152 654 2227 exemplaribus
676 2156 731 2209 et
762 2154 940 2208 etiam
967 2153 1025 2206 in
1056 2152 1346 2224 Complut.
1368 2150 1626 2207 editione
1643 2150 1864 2206 habea—
1970 2172 2080 2211 nec
2111 2156 2170 2211 in
2196 2155 2314 2211 ﬁne
2346 2156 2597 2211 aliorum
2633 2156 3143 2227 Evangelistarum
3183 2158 3244 2213 in
3292 2156 3412 2213 ullo
3439 2155 3627 2212 habe-

187 2249 284 2300 tur
317 2260 328 2298 :
366 2248 425 2297 et
453 2249 668 2298 tamen
695 2257 920 2303 vereor,
950 2257 1022 2296 ne
1050 2241 1105 2296 id
1131 2240 1354 2296 librarii
1379 2239 1608 2296 incuria
1637 2239 1861 2294 factum
1973 2250 2066 2302 tur
2093 2243 2441 2318 exemplari.

183 2347 309 2387 non
337 2333 437 2400 sit,
473 2330 744 2385 maxime
775 2328 1022 2401 quodin
1051 2328 1498 2385 Commentariis
1519 2329 1605 2400 (ρ)
1636 2326 1863 2383 nullam

187 2421 411 2476 horum
443 2419 632 2475 faciat
664 2418 1053 2475 mentionem.

2615 2335 2710 2392 Ea:
2730 2335 2983 2391 Joanne.

263 2509 355 2574 20,
387 2511 444 2563 5.
503 2509 562 2561 Si
594 2506 943 2572 dixerimus,
986 2509 1024 2561 Ε
1053 2505 1222 2570 οωιο,
1274 2506 1428 2562 dicet
1461 2523 1471 2558 :
1507 2507 1700 2572 Quare
1744 2519 1864 2558 non

192 2595 545 2652 credidistis
576 2596 706 2651 illi?
732 2599 852 2652 Non
878 2594 1120 2651 additur
1150 2592 1235 2647 οὖν
1263 2611 1416 2666 ergo,
1452 2610 1562 2650 nec
1586 2594 1648 2649 id
1686 2594 1867 2650 habet

195 2685 512 2758 exemplar
538 2683 836 2757 Complut.

270 2774 372 2842 20,
408 2779 465 2830 9.
500 2775 682 2830 Homo
717 2772 1007 2847 plantavit
1039 2772 1294 2829 vineam.
1347 2776 1468 2829 Non
1520 2772 1754 2829 additur
1785 2773 1867 2846 (q)

197 2868 290 2924 τὶς
341 2860 607 2933 quidam.
643 2863 708 2915 Et
737 2859 1008 2915 similiter
1035 2859 1186 2917 intra
1218 2876 1388 2916 versu
1434 2862 1520 2916 19.
1558 2863 1624 2916 Et
1661 2862 1867 2917 timue-

191 2955 366 3008 runt.
417 2951 544 3006 Non
577 2948 818 3004 additur
869 2952 956 3000 τὸν
1007 2947 1127 3001 λαόν
1171 2949 1480 3019 populum.
1540 2950 1867 3006 Concordat

199 3037 531 3109 utrobique
558 3035 995 3108 Complutensis
1025 3036 1223 3094 editio.

274 3128 366 3193 20,
400 3127 490 3182 20.
533 3129 599 3182 Ut
629 3131 910 3198 caperent
940 3126 1070 3197 ejus
1109 3127 1516 3198 (sermonem).
1555 3127 1739 3184 Habet
1789 3128 1864 3202 (r)

206 3231 476 3287 namque
519 3216 672 3287 λόγον
698 3215 895 3289 patrio
926 3231 1073 3272 casu
1104 3232 1114 3269 :
1146 3231 1268 3272 non
1296 3215 1457 3289 λόγῳ,
1511 3222 1573 3273 ut
1614 3217 1863 3290 dicatur,

211 3305 274 3359 in
300 3305 396 3359 vel
417 3319 494 3360 ea:
514 3319 797 3362 sermone.
825 3304 1156 3360 Concordat
1175 3305 1350 3361 etiam
1369 3305 1677 3378 exemplar
1699 3309 1866 3364 Com-

207 3394 510 3465 plutense.

276 3482 366 3546 21,
404 3484 488 3536 16.
527 3479 864 3537 Trademini
898 3486 1100 3537 autem
1129 3498 1164 3539 a
1190 3483 1530 3555 parentibus
1557 3489 1614 3538 et
1641 3498 1868 3553 cogna-

206 3570 296 3632 tis.
345 3569 556 3625 amicis
617 3574 674 3625 et
725 3568 1022 3625 fratribus.
1081 3572 1196 3626 Hoc
1251 3571 1426 3627 etiam
1475 3570 1682 3628 ordine
1729 3571 1868 3642 legit

207 3658 507 3730 Complut.
540 3656 738 3723 editio,
791 3662 854 3712 ut
883 3656 1091 3713 fratres
1121 3656 1332 3714 ultimo
1373 3663 1676 3730 ponantur
1715 3659 1863 3714 loco.

277 3834 366 3904 (Ic)
405 3834 780 3892 Mirabuntur
819 3833 1105 3904 nonnulli,
1155 3833 1233 3891 ab
1267 3836 1546 3892 Heutenio
1596 3851 1714 3891 non
1762 3852 1866 3891 no-

204 3911 563 3988 tatumesse
595 3906 891 3988 defectum
923 3906 1491 3988 vers‘us‘integrig6,‘
1513 3923 1693 3988 quem
1720 3923 1868 3988 praef

208 3977 544 4034 termittunt
592 3977 827 4034 codices
876 3977 993 4033 mei
1035 3977 1350 4048 Euthymii.
1382 3977 1493 4032 Sed
1535 3977 1593 4033 is
1641 3977 1866 4034 Erasmi

203 4049 531 4122 editionem
567 4049 958 4122 comparavit,
989 4064 1126 4122 qua:
1170 4051 1280 4104 ista
1308 4050 1641 4122 appendice
1687 4053 1863 4122 caret.

205 4119 619 4203 igitur-etiam
673 4119 827 4176 infra
877 4119 936 4175 in
984 4119 1460 4203 interpretatione
1523 4120 1699 4203 hujus
1743 4120 1864 4203 loci

203 4189 364 4246 hunc
393 4197 588 4247 totum
620 4207 853 4246 versum
909 4190 1114 4246 omisit
1140 4189 1499 4246 ’Hentenius.
1536 4189 1759 4248 SciliCet
1805 4194 1866 4247 in

211 4262 571 4320 Bibliotheca
621 4261 1170 4333 Patrum_maxima
1214 4262 1608 4333 Lugdunensi,
1646 4268 1684 4317 t.
1733 4263 1864 4330 XIX,

201 4350 258 4405 p.
297 4337 416 4407 652,
446 4334 736 4407 columna
773 4349 842 4407 a,_
877 4331 1072 4407 littera
1101 4347 1157 4388 α.
1193 4331 1389 4388 Bonus
1425 4335 1584 4407 Beza,
1621 4333 1732 4390 hac
1761 4351 1868 4407 ap-

199 4404 457 4483 pendice
485 4420 601 4461 nos
647 4404 1029 4476 locupletavit
1059 4409 1112 4459 et
1143 4420 1214 4459 ex
1259 4419 1329 4460 eo
1379 4405 1632 4461 editores
1676 4404 1866 4461 textus
1900 4427 1945 4483 Ι)

198 4478 441 4532 recenti.

265 4493 619 4617 igpsut'unica
675 4545 897 4601 nobilis
932 4545 1038 4601 fuit
1085 4545 1467 4602 adversarius
1525 4546 1756 4602 Erasmi
1812 4552 1868 4604 et

201 4616 370 4743 ξ’ξὲνὶ
423 4616 830 4690 Stapulensis.
864 4617 1036 4672 Forte
1087 4631 1228 4687 ergo
1276 4617 1372 4673 hic
1402 4617 1868 4689 reprehenderat

324 4707 492 4743 rum.

244 4691 492 4745 abrum.

272 4763 373 4830 (m)
412 4763 673 4832 Uterque
701 4775 870 4814 meus
912 4764 1284 4832 συκομοραίαν.
1315 4762 1504 4832 Atque
1539 4760 1618 4815 ita
1647 4758 1866 4816 habent

209 4809 379 4911 etiam
407 4809 655 4911 codiEes
687 4811 1071 4911 Mosquenses
1101 4809 1160 4887 Β.
1196 4836 1251 4886 et
1282 4847 1336 4885 v.
1378 4809 1483 4903 qui
1510 4837 1648 4888 sunt
1678 4832 1737 4886 in
1776 4847 1866 4888 or-

209 4900 572 4974 tbographia
596 4900 1054 4974 accuratissimi.

274 4972 358 5042 (ri)
382 4974 492 5030 Mei
520 4990 662 5045 cum
689 4972 937 5045 reliquis
969 4972 1143 5045 codd.
1169 4972 1293 5045 ista,
1322 4976 1577 5045 servant.

277 5049 371 5119 (_o)_
387 5045 532 5101 Sine
559 5043 972 5119 admonitione
996 5047 1063 5119 in
1081 5043 1493 5119 locissingulis
1516 5044 1573 5098 id
1595 5043 1719 5098 fieri
1745 5059 1865 5099 non

217 5112 482 5186 debebat.
538 5119 657 5171 Hoc
689 5116 870 5171 modo
901 5115 1096 5170 multis
1127 5115 1182 5169 in
1228 5112 1373 5170 locis
1416 5121 1732 5186 corruptus
1781 5124 1867 5170 est

223 5185 666 5259 Chrysostomus
689 5203 724 5242 a
748 5187 969 5259 Savilio
993 5192 1047 5241 et
1069 5186 1304 5259 reliquis
1325 5186 1665 5251 editoribus,
1692 5193 1745 5242 et
1769 5187 1864 5242 alii

229 5257 523 5329 scriptores
555 5261 758 5331 plures
785 5260 864 5312 ab
897 5258 1026 5312 aliis
1057 5257 1340 5331 pluribus.

235 5396 243 5402 _
285 5327 356 5396 (ri)
391 5333 506 5386 Hoc
534 5327 1114 5402 argumentumnon
1135 5329 1307 5383 valet.
1346 5327 1523 5402 Multa
1546 5327 1699 5402 talia,
1730 5345 1863 5402 quae

235 5399 568 5476 intellectum
595 5399 828 5458 habent
854 5399 1112 5464 facilem,
1137 5400 1583 5470 praetermittunt
1615 5401 1670 5454 in
1695 5399 1864 5456 scho-

239 5465 366 5612 mla)
394 5542 550 5601 Alter
577 5558 855 5602 meorum
882 5541 1115 5606 omittit,
1149 5541 1293 5599 alter
1321 5540 1520 5599 habet.

2044 2424 2097 2488 1,
2129 2426 2216 2479 28.
2274 2424 2406 2478 Haec
2455 2421 2515 2478 in
2569 2423 2898 2493 (Bethania)
2957 2423 3112 2480 facta
3146 2427 3303 2478 sunt.
3355 2424 3482 2479 Non
3540 2422 3626 2494 (y)

1975 2510 2279 2586 βηθαϐαρά.
2333 2511 2664 2567 Conformis
2718 2517 2805 2567 est
2857 2518 2910 2568 et
2951 2511 3388 2583 Complutensis
3447 2511 3624 2568 editio

1975 2605 2033 2656 et
2070 2601 2314 2674 Vulgata
2360 2617 2370 2653 :
2419 2616 2773 2673 quanquam
2814 2607 3022 2657 auctor
3065 2601 3224 2656 dicat
3272 2602 3331 2656 in
3383 2599 3624 2656 scholiis

1975 2689 2173 2744 verius
2198 2688 2312 2758 legi
2342 2688 2694 2746 Bethabara.

2055 2779 2100 2844 t,
2129 2778 2214 2834 30.
2249 2780 2369 2832 Non
2420 2782 2767 2849 repetuntur
2796 2777 2922 2833 hrec
2976 2781 3079 2832 alit
3123 2777 3335 2832 similia
3395 2775 3577 2832 verba
3609 2795 3621 2833 ε

1978 2867 2144 2928 Οὗτός
2202 2866 2316 2918 ἐστι
2373 2868 2490 2939 περί
2545 2866 2603 2917 οὗ
2650 2864 2748 2938 ἐγὼ
2789 2868 2949 2932 εἷπον,
3008 2866 3209 2920 Ὀπίσω
3255 2887 3354 2939 μου
3413 2869 3627 2940 ἔρχεται

1979 2955 2126 3031 ἀνὴρ,
2175 2954 2225 3018 ὃς
2256 2956 2544 3029 ἔμπροσθέν
2588 2975 2688 3027 μου
2739 2959 2962 3028 γέγονεν,
3016 2957 3095 3007 ὅτι
3141 2959 3342 3031 πρῶτός
3394 2975 3492 3027 μου
3543 2952 3624 3012 ἧν.

1901 3075 1938 3130 C
1978 3046 2078 3100 Hic
2101 3048 2186 3101 est
2211 3043 2284 3098 de
2314 3059 2435 3116 quo
2467 3059 2576 3115 ego
2608 3043 2872 3100 dicebam
2910 3061 2921 3098 :
2953 3045 3088 3100 Post
3115 3060 3209 3099 me
3236 3052 3517 3100 venturus
3543 3047 3630 3100 est

1975 3132 2084 3198 vir,
2131 3133 2232 3204 qui
2267 3140 2403 3188 ante
2429 3149 2524 3188 me
2555 3131 2682 3198 fuit,
2725 3133 2868 3204 quia
2917 3134 3073 3204 prior
3103 3148 3198 3189 me
3231 3139 3376 3190 erat.
3407 3133 3628 3189 Eadem

1976 3226 2177 3277 tamen
2205 3220 2649 3292 propemodum
2697 3221 2883 3276 verba
2912 3221 3092 3294 paulo
3122 3223 3396 3294 superius
3429 3223 3628 3294 posita

1975 3314 2164 3365 erant.

2047 3396 2099 3462 2,
2131 3400 2220 3452 22.
2275 3395 2661 3452 Crediderunt
2709 3397 2968 3453 sermoni
3020 3397 3190 3468 (ejus)
3245 3399 3391 3453 Nam
3448 3397 3630 3453 habet

1976 3487 2137 3539 αὐτοῦ
2194 3487 2344 3559 ejus,
2397 3501 2518 3542 non
2565 3493 2604 3558 ᾧ
2660 3487 2794 3540 εἶπεν
2852 3485 3128 3552 ὁἼησοῦς,
3161 3502 3342 3558 quem
3401 3486 3630 3544 dixerat

1976 3576 2162 3630 Jesus.

2047 3667 2099 3730 2,
2127 3667 2214 3720 24.
2251 3667 2330 3721 Eo
2361 3664 2517 3734 quod
2548 3663 2676 3736 ipse
2729 3667 2930 3720 nosset
2956 3662 3204 3736 (omnia)
3243 3663 3427 3720 Habet
3467 3664 3628 3721 enim

1975 3841 2124 3966 γωδ)
2155 3841 2258 3898 Mei
2290 3841 2464 3913 λόγου.
2520 3843 2799 3898 Erasmus
2835 3857 2897 3897 se
2935 3841 3165 3899 volutat
3204 3843 3352 3900 inter
3391 3843 3539 3915 λόγον
3572 3848 3628 3900 et

1996 3933 2131 3966 ,ονω.

1996 3933 2131 3967 ιονω.

2036 3934 2274 4056 (SDDixi
2305 3983 2378 4056 de
2425 3983 2539 4039 hoc
2589 3983 2720 4040 loco
2766 3983 3006 4056 copiose
3053 3985 3112 4040 in
3146 4001 3279 4041 mea
3331 3988 3396 4041 N.
3429 3988 3629 4044 Testa-

1978 4057 2163 4110 menti
2195 4054 2472 4110 editione.

2047 4125 2115 4198 (ρ)
2171 4128 2396 4198 arguta
2426 4129 2525 4198 est
2555 4125 2821 4198 omissio.
2872 4126 3085 4192 Primo,
3136 4127 3301 4198 quod
3343 4128 3626 4185 continuo

1976 4196 2142 4254 nulla
2168 4196 2230 4251 ﬁt
2253 4196 2479 4268 mentio
2519 4196 3076 4268 calceamentorum.
3116 4196 3222 4252 Sed
3255 4198 3498 4266 intelligi
3524 4215 3631 4268 po»

1982 4271 2134 4351 terat
2160 4284 2228 4351 ex
2254 4267 2686 4351 superioribus.
2719 4269 2956 4351 Deinde,
2990 4268 3154 4351 quod
3184 4284 3304 4324 non
3348 4267 3626 4326 credibile

1977 4337 2307 4403 videbatur,
2330 4337 2463 4392 'sine
2492 4338 2910 4395 calceamentis
2941 4337 3153 4394 missos
3181 4355 3327 4394 esse.

2051 4410 2125 4479 (v)
2183 4410 2328 4479 ἡμῶν
2387 4409 2615 4464 addunt
2665 4409 2797 4466 mei.
2848 4411 3188 4464 Proximum
3247 4414 3336 4461 καὶ
3403 4417 3620 4478 autem,

1977 4463 2121 4537 ante,
2145 4463 2445 4544 κῷὶύοντα,
2461 4463 2760 4535 omittunt.

2049 4552 2152 4624 (τε)
2176 4551 2404 4607 Scilicet
2434 4551 2797 4624 interpretes,
2832 4549 3292 4622 Chrysostomus
3324 4557 3380 4624 et
3408 4552 3623 4624 caeteri,

1975 4621 2102 4708 lpco
2119 4621 2292 4704 apt»,
2330 4621 2495 4708 quod
2521 4626 2720 4708 tex‘tus.
2739 4627 2844 4706 est,
2869 4628 3024 4708 post.
3043 4638 3193 4705 suas.
3208 4621 3628 4708 explicationes

1976 4694 2048 4749 de
2078 4691 2186 4748 suo
2219 4695 2276 4749 in
2331 4691 2448 4749 ﬁne
2497 4693 2728 4748 addunt
2781 4691 2938 4765 ἁμῆν,
2973 4699 3150 4765 atque
3181 4694 3259 4751 ita
3285 4691 3629 4752 'terminant

1974 4765 2545 4836 interpretationem.

2049 4833 2143 4907 (y)
2172 4840 2230 4891 In
2270 4837 2359 4910 his
2384 4842 2439 4892 et
2471 4833 2763 4891 similibus
2796 4835 3627 4910 Origenesantiquiscriticis

1975 4907 2374 4980 expectoravit
2394 4914 2672 4980 mentem,
2701 4907 3227 4980 utrecentioribus,
3252 4907 3622 4980 perlibelilum

1973 4978 2472 5052 Hermeneutg'sche
2487 4978 2944 5052 Yorbereitnng,
2957 4978 3272 5052 senilerus,
3286 4980 3387 5052 qui
3404 4979 3624 5034 dudum

1976 5053 2152 5105 antea
2202 5067 2262 5105 se
2294 5049 2368 5104 ab
2420 5049 2632 5103 criticis
2668 5048 2742 5102 ad
2780 5050 3115 5104 triumviros
3145 5056 3207 5104 Α.
3260 5048 3324 5105 Αἰ
3362 5052 3424 5106 A.
3461 5053 3519 5106 F.
3565 5052 3623 5107 F.

1977 5121 2289 5176 transferre
2321 5119 2638 5175 debuisset.
2671 5119 2818 5174 Illud
2851 5125 3047 5174 autem
3081 5121 3222 5175 mihi
3256 5121 3329 5176 de
3351 5121 3464 5178 hoc
3494 5123 3626 5177 loco

1976 5192 2246 5246 mirabile
2271 5192 2462 5245 visum
2486 5198 2589 5256 est,
2619 5189 2781 5262 quod
2811 5189 3011 5245 nullus
3041 5208 3112 5246 ex
3136 5193 3432 5248 veteribus
3454 5194 3626 5248 inter-

2017 5262 2238 5317 rctibus
2304 5263 2514 5316 Graecis
2570 5263 2743 5324 infra,
2810 5279 2938 5332 cap.
2990 5278 3049 5325 Χ,
3097 5279 3246 5318 vers.
3322 5265 3406 5330 40,
3467 5265 3624 5318 hunc

1996 5349 2169 5388 ocum
2226 5333 2543 5388 lectoribus
2589 5334 2646 5386 in
2695 5333 3044 5388 memoriam
3091 5340 3346 5390 revocat.
3399 5335 3626 5390 Scilicet

1975 5404 2193 5460 conscii
2237 5409 2404 5458 erant
2449 5404 2578 5467 sibi,
2623 5420 2683 5457 se
2727 5409 2944 5458 temere
2983 5412 3216 5460 secutos
3266 5422 3391 5461 esse
3431 5406 3624 5472 Orige-

1976 5491 2134 5546 nem,
2167 5474 2380 5546 relicta,
2408 5475 2761 5531 auctoritate
2792 5474 3092 5546 codicum.
3130 5479 3280 5546 Ergo
3306 5475 3622 5532 consultius

1975 5545 2290 5618 putabant,
2329 5545 2630 5603 abstinere
2657 5561 2722 5601 se
2756 5545 2836 5602 ab
2867 5547 2981 5603 isto
3009 5544 3161 5603 loco.
