3976 6222
411 302 481 358 63
1914 298 2306 360 ΡΒᾹΞΕΑΤΙΟ.
3742 307 3813 364 64

417 429 585 481 πάντα
612 429 688 501 (z)
735 444 857 486 non
904 432 1098 491 πάντας
1145 447 1363 489 omnes.
1405 432 1706 489 Consonat
1750 428 2055 501 exemplar

2176 435 2267 480 οεῖν
2291 426 2470 495 αὐτοῦ,
2501 435 2563 485 ut
2591 434 2831 503 possent
2861 446 3142 487 accusare
3181 448 3339 499 eum,
3384 430 3485 487 sed
3515 436 3597 483 ἵνα
3644 434 3814 504 ἔχωσι

416 517 854 589 Complutense.

487 606 536 672 3,
572 607 659 660 22.
694 607 856 662 Etihi
889 607 1233 664 morabatur
1257 624 1393 664 cum
1433 606 1757 681 discipulis,
1799 624 1868 663 ac
1894 607 2055 677 (bap-

416 693 695 764 tizabant)
743 696 1040 766 Siquidem
1076 696 1378 768 pluraliter
1412 695 1590 754 habet
1622 698 1701 769 (a)
1734 696 2006 755 ἐϐάπτιζον
2039 713 2051 751 ;

415 783 568 853 quod
609 800 680 838 ex
721 782 957 839 scholiis
984 785 1355 841 manifestius
1386 791 1654 858 apparet.

488 874 539 936 4,
569 874 654 927 31.
686 875 910 928 Interea
939 874 1227 942 rogabant
1256 891 1394 931 eum
1443 875 1715 946 discipuli
1742 872 1917 945 (ejus)
1957 872 2052 928 di-

417 965 613 1015 centes
668 978 680 1015 :
736 961 947 1031 Rabbi,
1008 965 1275 1018 comede.
1338 963 1587 1019 Additur
1648 965 1807 1018 enim
1876 962 2054 1032 αὐτοῦ,

420 1047 599 1103 etiam
630 1048 689 1103 in
721 1049 1045 1121 exemplari
1076 1052 1502 1121 Complutensi.

491 1136 543 1203 6,
578 1137 663 1190 52.
698 1139 1009 1202 Quomodo
1050 1146 1244 1211 potest
1278 1140 1371 1195 hic
1402 1140 1576 1196 nobis
1616 1140 1752 1195 dare
1792 1155 2056 1203 carnem,

419 1224 498 1280 ad
532 1226 970 1281 comedendum
992 1230 1019 1283 ‘2
1048 1228 1283 1285 Nullum
1317 1230 1397 1300 (ὁ)
1428 1230 1696 1285 Grmcum
1734 1228 2055 1299 exemplar,

420 1313 583 1383 quod
619 1313 887 1378 viderim,
919 1315 1190 1371 additum
1233 1316 1413 1372 habet
1456 1317 1615 1369 αὐτοῦ
1657 1332 1844 1383 suam,
1874 1331 2061 1387 quan-

421 1414 603 1471 quam
636 1402 871 1456 verterit
897 1405 1171 1458 Erasmus
1198 1421 1209 1457 :
1241 1404 1485 1459 Carnem
1512 1404 1672 1460 illam
1697 1419 1888 1459 suam.

493 1490 542 1553 6,
577 1493 663 1543 '70.
706 1491 1033 1561 Respondit
1082 1492 1166 1546 eis
1204 1508 1214 1546 :
1260 1494 1410 1547 Num
1442 1508 1553 1562 ego
1591 1508 1697 1547 vos
1743 1491 2061 1547 duodecim

422 1576 621 1647 elegi?
664 1580 789 1632 Non
834 1578 1073 1634 additur
1122 1579 1343 1646 Ἰησοῦς,
1395 1596 1581 1651 neque
1638 1581 1697 1635 in
1738 1579 2062 1651 exemplari

423 1664 844 1736 Complutensi.

2164 524 2482 593 κατηγορίαν
2530 516 2640 571 κατ’
2692 520 2873 584 αὑτοῦ,
2914 525 2978 576 ut
3032 520 3319 577 haberent
3368 520 3813 578 accusationem

2166 606 2450 662 adversus
2480 624 2637 663 eum.
2670 610 2955 663 Praeterea
2982 624 3118 663 cum
3150 613 3282 680 post
3308 625 3501 681 pauca
3524 610 3713 665 verba
3730 626 3814 664 se.

2165 694 2407 765 quentia
2435 712 2610 751 versu
2640 700 2693 764 9,
2716 696 2931 752 dicitur
2960 718 2970 755 :
3004 697 3171 753 Initio
3202 697 3359 753 facto
3388 714 3421 753 a
3449 696 3808 764 senioribus,

2166 783 2403 840 additur
2428 787 2521 845 ἕως
2564 794 2661 836 τῶν
2712 785 2951 857 ἐσχάτων
2992 802 3176 858 usque
3208 786 3277 841 ad
3314 790 3665 857 postremos.
3704 790 3813 842 De-

2164 870 2300 925 inde
2328 886 2497 927 versu
2524 873 2611 938 IO,
2648 870 2744 928 ubi
2778 874 3050 929 subditur
3083 888 3093 927 :
3128 876 3272 929 Cum
3294 879 3494 929 autem
3530 875 3813 931 erexisset

2167 976 2227 1015 se
2247 961 2433 1015 Iesus.
2468 963 2666 1032 Neque
2692 959 2808 1028 hic,
2832 978 3019 1034 neque
3051 958 3109 1016 in
3134 962 3379 1033 Vulgata
3419 963 3673 1018 editione
3702 964 3775 1018 ad
3793 994 3813 1005 -

2165 1048 2318 1103 ditur
2373 1055 2825 1121 consequenter,
2890 1055 2977 1101 καὶ
3031 1043 3234 1122 μηδένα
3298 1050 3625 1122 θεασάμενος,
3688 1050 3809 1109 πλὴν

2169 1146 2269 1198 ’τῆς
2296 1142 2558 1207 γυναικός.
2606 1140 2672 1193 Et
2708 1138 3013 1194 neminem
3064 1136 3329 1193 vidisset:
3368 1145 3579 1210 praeter
3610 1140 3813 1195 mulie-

2167 1240 2292 1280 rem
2319 1248 2329 1290 ;
2355 1226 2518 1297 quod
2548 1232 2749 1281 tamen
2779 1233 2831 1282 et
2853 1228 2911 1281 in
2944 1226 3353 1299 Complutensi
3390 1226 3647 1283 editione
3676 1232 3730 1283 et
3754 1231 3813 1284 in

2169 1315 2299 1370 aliis
2329 1314 2538 1370 Graecis
2570 1315 2824 1371 habetur
2845 1316 3287 1387 exemplaribus
3317 1333 3327 1370 :
3365 1315 3469 1371 sed
3509 1316 3647 1372 loco
3690 1318 3812 1388 ejus

2169 1402 2344 1458 habet
2387 1399 2518 1455 εἶδεν
2565 1404 2747 1461 αὐτὴν·
2803 1404 2955 1459 Vidit
3010 1420 3164 1459 eam.
3194 1408 3255 1459 In
3297 1405 3617 1477 exemplari
3676 1421 3813 1473 ergo

2170 1490 2569 1562 Complutensi
2596 1492 2854 1564 plurima
2876 1492 3187 1548 nobiscum
3215 1492 3437 1547 faciunt
3469 1497 3679 1549 contra
3702 1494 3813 1550 alia

2171 1580 2533 1650 exemplaria
2571 1581 2808 1647 Graeca;
2850 1581 3133 1651 quaedam
3165 1597 3305 1636 vero
3344 1597 3480 1635 cum
3515 1588 3573 1636 et
3603 1582 3732 1636 aliis
3762 1588 3813 1637 et

2172 1684 2293 1723 non
2324 1668 2660 1723 nobiseum.
2714 1669 2865 1733 Quin
2898 1675 2953 1723 et
2998 1669 3141 1723 illud
3190 1669 3495 1741 exemplar
3539 1671 3809 1741 quaedam

494 1759 548 1819 7,
576 1754 627 1807 1.
662 1757 786 1809 Non
818 1755 973 1810 enim
1009 1758 1280 1828 (poterat)
1326 1758 1385 1812 in
1414 1756 1625 1813 Judaea
1662 1757 1899 1813 versari.
1934 1758 2062 1812 Non
2098 1775 2141 1829 Β
2170 1756 2369 1822 habet,
2403 1773 2537 1829 quas
2562 1772 2756 1830 neque
2783 1774 2890 1812 nos
2915 1757 3228 1823 habemus,
3260 1774 3453 1829 neque
3480 1759 3597 1813 alia
3619 1775 3811 1814 exem-

423 1841 606 1897 habet
634 1842 807 1899 ἤθελεν
832 1844 1092 1914 volebat,
1115 1845 1218 1901 sed
1244 1844 1384 1917 εἶχεν
1414 1846 1674 1912 ἐξουσίαν,
1697 1845 1952 1901 habebat
1972 1862 2064 1917 po-

426 1934 717 1995 testatem,
745 1932 885 1997 sive,
914 1936 1160 1988 Poterat.

497 2024 549 2089 7,
576 2022 656 2075 I2.
680 2020 789 2075 Alii
815 2038 951 2076 vero
979 2022 1255 2078 dicebant
1284 2038 1295 2075 :
1321 2022 1470 2089 Non,
1492 2023 1596 2077 sed
1620 2021 1851 2077 seducit
1871 2022 2065 2094 (mun-

427 2106 617 2179 dum).
651 2109 776 2164 Non
818 2110 995 2164 habet
1018 2110 1174 2181 ὄχλον
1216 2111 1472 2175 turbam,
1516 2112 1619 2165 sed
1662 2115 1857 2182 κόσμον
1897 2127 2065 2167 mun-

424 2196 587 2261 dum,
615 2198 774 2267 quod
806 2198 983 2254 etiam
1014 2200 1074 2254 in
1105 2197 1341 2254 scholiis
1371 2200 1725 2255 declaratur.

495 2286 547 2352 7,
579 2287 668 2341 53.
696 2286 897 2357 (Abiit)
922 2288 1409 2360 unusquisquein
1436 2289 1681 2344 domum
1714 2304 1908 2342 suam.
1939 2291 2063 2343 Non

425 2373 577 2430 cnim
621 2374 801 2430 habet
845 2375 1115 2449 ἐπορώθη,
1171 2377 1464 2449 profectus
1515 2382 1617 2442 est,
1656 2377 1761 2432 sed
1817 2376 2065 2434 «summa.

422 2463 578 2519 Infra
609 2465 803 2519 statim
828 2480 959 2536 cap.
991 2482 1110 2531 VIII,
1138 2465 1169 2518 2
1204 2467 1493 2536 (Summo)
1524 2482 1659 2521 vero
1684 2465 1943 2521 diluculo
1963 2466 2060 2520 ite-

422 2568 558 2607 rum
616 2553 821 2625 (venit)
875 2554 1087 2626 (Jesus)
1133 2556 1189 2610 in
1253 2556 1564 2627 templum.
1615 2555 1863 2610 Additur
1905 2554 2064 2610 enim

424 2640 608 2713 βαθέος
665 2658 889 2697 summo
928 2643 1018 2699 vel
1058 2644 1384 2713 profundo,
1436 2650 1492 2699 et
1541 2659 1762 2699 nomen
1819 2642 2060 2712 Ἰησοῦς;

422 2733 537 2787 Nec
583 2732 763 2787 habet
812 2735 1111 2806 παρεγένετο
1154 2734 1407 2797 accessit,
1476 2734 1582 2787 sed
1634 2730 1801 2789 ἦλθεν.
1866 2735 1928 2786 Et
1982 2733 2063 2786 in-

421 2819 508 2875 fra
540 2836 691 2876 vers.
724 2825 754 2876 3
799 2837 809 2875 :
846 2821 1201 2891 (Adducunt)
1234 2821 1565 2877 mulierem.
1614 2824 1738 2877 Non
1779 2821 1958 2877 habet
1985 2826 2063 2892 φέ-

419 2927 602 2979 ρουσιν
631 2910 911 2977 a/ferunt,
946 2909 1049 2965 sed
1086 2912 1301 2980 ἄγουσι.
1352 2912 1466 2965 Nec
1516 2909 1756 2965 additur
1803 2913 1932 2982 πρὸς
1975 2909 2062 2960 a-J-

419 3001 506 3048 τον
536 2998 612 3052 ad
659 3013 802 3053 eum.
841 2997 995 3053 Infra
1046 3014 1199 3053 vers.
1250 2998 1405 3053 eod:
1452 2997 1562 3051 Ἐπὶ
1613 3003 1854 3070 μοιχείᾳ,
1909 2998 1967 3052 in
2008 3014 2065 3053 a-

420 3083 690 3150 dulterio,
724 3100 845 3140 non
874 3084 920 3137 ἐν
947 3091 1181 3159 μοιχείᾳ.
1213 3090 1354 3142 Item
1381 3086 1562 3143 habet
1592 3083 1729 3138 εἷπον
1759 3086 2061 3150 dixerunt,
2103 3122 2143 3177 C

419 3188 541 3229 non
568 3174 777 3245 λέγουσι
812 3175 1038 3230 dicunt.
1074 3174 1319 3230 Additur
1352 3191 1593 3248 quoque
1636 3176 1693 3229 iu
1736 3181 1939 3231 nostro
1970 3191 2065 3229 ex-

420 3262 667 3335 emplari
712 3265 1036 3338 πειράζοντες
1088 3270 1399 3320 tentantes.
1458 3266 1573 3321 Nec
1621 3264 1800 3320 habet
1851 3268 1983 3321 αὕτη
2030 3266 2059 3321 ἡ

417 3356 547 3422 γυνὴ
584 3352 925 3424 κατειλήφθη,
980 3353 1122 3410 Haec
1163 3352 1369 3408 mulier
1412 3354 1782 3424 deprehensa
1822 3358 1923 3416 est,
1960 3352 2063 3407 sed

417 3444 610 3499 ταύτην
670 3442 898 3515 εὕρομεν,
962 3443 1135 3499 Hanc
1184 3442 1541 3496 invenimus.
1576 3441 1727 3496 Infra
1774 3457 1925 3496 vers.
1959 3447 1989 3494 5
2048 3462 2060 3494 :

416 3531 498 3583 Tu
524 3535 724 3583 autem
770 3529 914 3601 quid
956 3531 1039 3583 ais
1073 3530 1173 3598 (de
1205 3528 1369 3595 illa?)
1434 3528 1683 3582 Additur
1738 3529 1897 3582 enim
1946 3533 2063 3602 περὶ

420 3616 602 3677 αὐτῆς.
654 3618 765 3670 Nec
790 3616 929 3670 dicit
970 3616 1123 3671 intra
1182 3632 1328 3670 vers.
1376 3616 1428 3677 6,
1486 3617 1567 3667 ἶνα
1615 3619 1781 3687 ἔχωσι
1835 3636 2059 3686 κατηγο-

487 3740 564 3809 (z)
593 3740 672 3793 Ex
702 3739 1124 3809 Chrysostomo
1156 3738 1265 3792 hoc
1287 3737 1631 3809 assumpsit,
1677 3740 1777 3809 qui
1817 3740 1876 3793 in
1904 3739 2061 3793 codi-

419 3811 589 3865 cibus
618 3809 1070 3879 Mosquensibus
1100 3809 1281 3865 habet
1311 3811 1375 3860 τὰ
1405 3811 1590 3872 πάντα,
1627 3810 1729 3864 sed
1761 3809 2059 3865 Moutefal-

419 3882 649 3943 conius,
679 3885 717 3934 t.
747 3882 881 3945 VIII,
918 3898 969 3950 p.
999 3881 1093 3933 137
1124 3881 1180 3933 C.
1206 3880 1389 3935 edidit
1417 3882 1606 3933 πάντα.

493 3952 573 4033 (a‘)
607 3951 800 4033 Etiam
825 3952 937 4033 hoc
981 3951 1055 4033 ad
1090 3950 1849 4033 Chrysostomum__ﬁetum,_
1877 3951 2063 4033 liabet

418 4021 1008 4093 quidem_Vulgatam
1043 4021 1372 4085 lectionem,
1407 4027 1446 4075 t.
1502 4023 1636 4089 VIII,
1666 4038 1723 4093 p.
1767 4026 1861 4076 164
1902 4025 1966 4077 A.
1997 4021 2055 4077 C.

424 4093 533 4176 §ed
581 4091 800 4176 ibidgtn
848 4094 1013 4176 addit
1045 4094 1107 4172 _D
1156 4098 1329 4176 acti-ref
1384 4100 1602 4176 προϊών-
1633 4091 1868 4176 (scilicet
1925 4109 2055 4176 cap.

421 4162 511 4247 ly,
579 4179 631 4216 v.
705 4166 976 4247 εἶλχησὶν
1034 4166 1058 4215 ὀ
1117 4162 1506 4234 εὐαγγελιστῆς,
1578 4162 1655 4215 δτι
1709 4163 1907 4247 Ἰξσρῡς
1968 4162 2060 4215 03x

421 4232 874 4304 ﬁednrcﬁw,an’
945 4236 991 4286 οἱ
1054 4232 1287 4305 {ueniat
1346 4235 1525 4291 αὑτοῦ,
1575 4237 1683 4286 ὅθεν
1744 4232 1920 4301 δῆλον,
1983 4239 2060 4287 ὅτι

418 4311 507 4359 καὶ
534 4305 753 4358 ἐνταῦθα
798 4314 947 4358 τοῦτο
978 4306 1131 4377 λέγει,
1160 4309 1239 4358 ὅτι
1283 4306 1430 4357 αὐτοὶ
1481 4312 1851 4378 ΕΒΑΠἸΊΖΟΝ
1891 4312 2058 4378 μόνοι.

420 4378 699 4442 Origenes
729 4384 767 4432 t.
802 4380 889 4447 IV,
943 4379 1157 4448 p.162,
1202 4379 1267 4443 D;
1301 4378 1480 4432 habet
1510 4377 1753 4448 quidem
1797 4376 2058 4443 éGa’imCe,

2171 1845 2358 1916 plaria
2396 1848 2591 1901 Graeca
2625 1868 2636 1898 :
2673 1851 2733 1901 ut
2779 1861 2917 1901 cum
2961 1846 3173 1901 dicitur
3218 1862 3370 1902 vers.
3404 1851 3475 1902 6:
3515 1848 3812 1903 Scribebat

2172 1932 2227 1987 in
2277 1939 2507 1999 terram,
2564 1934 2732 1989 addit
2782 1934 2961 1990 editio
3016 1934 3470 2005 Complutensis,
3522 1941 3592 2008 μὴ
3644 1955 3807 2008 προσ-

2172 2027 2468 2093 ποιούμενος
2497 2022 2899 2078 dissimulans.
2926 2025 2988 2078 Et
3017 2022 3171 2079 infra
3191 2040 3343 2079 vers.
3372 2028 3418 2087 9.
3454 2024 3555 2079 ubi
3580 2024 3807 2092 dicitur,

2174 2114 2246 2166 At
2301 2110 2381 2165 iIli
2437 2127 2576 2165 cum
2630 2110 2937 2176 vidissent,
2999 2111 3165 2167 addit
3222 2112 3341 2168 illa.
3402 2117 3502 2165 Καὶ
3568 2115 3665 2165 ὑπὸ
3723 2120 3808 2172 τῆς

2176 2197 2519 2260 συνειδήσεως
2550 2199 2898 2273 ἐλεγχόμενοι,
2945 2202 3007 2254 Et
3047 2216 3081 2254 a
3112 2202 3469 2256 conscientia
3503 2201 3803 2270 redargue-

2172 2295 2388 2345 rentur.
2408 2288 2585 2344 Multa
2610 2305 2845 2361 quoque
2875 2288 2991 2343 alia
3019 2288 3151 2343 hinc
3172 2289 3308 2344 inde
3330 2290 3644 2353 variantur,
3672 2306 3801 2361 qua:

2173 2377 2317 2449 quia
2375 2375 2666 2431 minutula
2708 2381 2866 2443 sunt,
2914 2376 3218 2431 noluimus
3272 2392 3585 2432 recensere.
3632 2378 3810 2433 Tanta

2172 2467 2373 2538 itaque
2422 2465 2914 2536 exemplariorum
2943 2466 3217 2528 varietas,
3253 2472 3466 2538 praeter
3496 2466 3630 2537 alia,
3678 2467 3809 2521 satis

2173 2557 2368 2626 arguit
2404 2554 2559 2609 hanc
2606 2553 2911 2609 historiam
2966 2553 3282 2609 ascititiam
3335 2570 3485 2619 esse,
3533 2554 3811 2626 quemad-

2176 2642 2418 2698 modum
2449 2658 2585 2697 cum
2627 2641 2897 2712 pluribus
2944 2642 3072 2696 aliis
3116 2642 3329 2697 asserit
3361 2648 3568 2698 auctor
3599 2648 3805 2698 noster.

2244 2734 2295 2797 8,
2336 2732 2424 2785 40.
2459 2730 2568 2795 Qui
2623 2730 2923 2785 veritatem
2954 2729 3187 2784 locutus
3220 2746 3352 2785 sum
3402 2730 3592 2796 vobis,
3635 2747 3810 2802 quam

2173 2820 2375 2875 audivi
2406 2836 2440 2874 a
2466 2819 2699 2890 (Patre).
2734 2818 2917 2873 Habet
2943 2835 3204 2891 namque
3232 2824 3433 2892 Πατρός
3466 2825 3519 2875 et
3545 2836 3665 2876 non
3684 2827 3808 2872 Θεοῦ

2172 2909 2302 2963 Deo.
2339 2910 2403 2963 Et
2437 2907 2588 2962 infra
2616 2922 2785 2962 versu
2837 2910 2923 2961 49.
2982 2907 3094 2962 Sed
3130 2907 3359 2963 honoro
3408 2914 3661 2978 patrem.
3696 2911 3811 2962 Non

2173 2996 2411 3051 additur
2440 3015 2539 3068 μου
2568 3011 2782 3050 meum.
2819 2995 3146 3066 Statimque
3176 2996 3234 3049 in
3262 2996 3474 3050 eodem
3504 3011 3680 3051 versu
3710 3016 3721 3053 :
3756 2997 3816 3049 Et

2173 3101 2275 3139 vos
2307 3083 2669 3139 contumelia
2699 3100 2791 3137 me
2823 3082 3120 3154 (afﬁcitis).
3155 3086 3302 3139 Nam
3332 3084 3514 3140 habet
3546 3084 3811 3156 ἀτιμάζετε

2174 3190 2277 3245 per
2308 3187 2587 3245 praesens,
2618 3187 2739 3227 non
2790 3173 3103 3243 ἠτιμάσατε,
3135 3172 3496 3227 contumelia
3522 3172 3809 3227 aﬂ‘ecistis.

2175 3262 2506 3317 Concordat
2536 3259 2847 3315 nobiscum
2898 3259 2957 3313 in
2990 3265 3292 3331 postremo
3323 3261 3631 3332 exemplar
3658 3262 3814 3316 Com-

2174 3350 2472 3421 plutense.

2245 3442 2294 3502 8,
2326 3443 2410 3491 59.
2443 3438 2611 3491 Jesus
2655 3442 2856 3492 autem
2897 3436 3224 3492 occultatus
3272 3442 3380 3502 est,
3432 3442 3487 3492 et
3534 3436 3718 3492 exivit
3749 3436 3815 3491 de

2175 3526 2414 3597 templo.
2458 3525 2706 3580 Additur
2733 3526 2949 3590 statim,
2985 3528 3161 3581 etiam
3194 3526 3255 3580 in
3288 3525 3613 3598 exemplari
3660 3526 3817 3582 Com-

2172 3615 2426 3685 plutensi
2458 3633 2469 3671 :
2502 3613 2715 3665 Διελθὼν
2785 3614 2871 3685 ((ἰ)
2924 3611 3017 3665 διὰ
3073 3619 3234 3686 μέσον
3302 3615 3489 3683 αὐτῶν,
3533 3620 3626 3666 καὶ
3693 3633 3813 3685 παρ·

2244 3739 2323 3820 (ῤ’)
2384 3738 2625 3820 Scripsit
2685 3738 2811 3820 haec
2868 3739 3184 3820 He‘ntenius
3232 3755 3394 3820 anno
3458 3743 3611 3820 1543.
3650 3742 3816 3820 _Qu_ot

2173 3810 2460 3865 editiones
2508 3812 2719 3863 Graecae
2749 3814 2888 3864 tunc
2934 3810 3168 3874 fuerint,
3222 3816 3431 3865 notum
3483 3817 3587 3865 est.
3647 3813 3703 3865 Si
3738 3812 3813 3863 ita

2172 3881 2407 3935 locutus
2442 3886 2595 3933 esset
2631 3880 3021 3951 Hieronymus
3053 3886 3108 3935 et
3155 3881 3457 3950 Origenes,
3492 3882 3663 3936 multi
3708 3880 3813 3935 sibi

2173 3951 2498 4019 cogitarent
2552 3951 2839 4005 ducentos
2879 3951 3115 4006 codices
3159 3952 3514 4007 recensionis
3577 3952 3813 4007 Alexan-

2172 4023 2357 4077 drinae
2407 4028 2463 4076 et
2501 4020 2914 4094 Occidentalis.
2953 4022 3064 4094 Sed
3094 4022 3227 4094 hoc
3268 4038 3510 4094 quoque
3543 4024 3812 4094 Chrysos-

2172 4098 2371 4164 tomus
2404 4094 2654 4164 invexit,
2682 4094 2785 4163 qui
2807 4093 2863 4146 in
2893 4093 3202 4147 codicibus
3230 4093 3456 4164 uosqq.
3488 4094 3571 4148 ita
3602 4093 3775 4149 habet
3802 4114 3811 4143 :

2174 4172 2290 4225 Πὼς
2337 4161 2551 4216 δύναται
2628 4160 2809 4215 δοῦναι
2872 4165 2994 4235 ἡμῖν
3042 4172 3216 4235 φαγεῖν
3286 4160 3437 4224 05:50;—
3500 4170 3593 4223 τὴν
3658 4167 3816 4237 σάρκα

2172 4237 2362 4299 αὐτοὺς
2418 4235 2564 4306 Vide
2616 4240 2650 4288 t.
2702 4236 2833 4297 VIII,
2893 4234 3102 4304 272.
3164 4238 3221 4289 Β.
3256 4236 3500 4306 Cyrinus
3557 4236 3656 4290 hic
3710 4234 3815 4306 pri:

2170 4324 2338 4378 mum
2382 4305 2459 4360 ad
2513 4321 2795 4378 nauseam
2845 4303 3016 4378 vexat
3066 4303 3426 4361 vocabulum
3476 4314 3607 4375 πῶς,
3662 4303 3816 4378 quod

2171 4377 2628 4448 Chrysostomus
2661 4376 2971 4447 paululum
3005 4381 3227 4431 tantum
3260 4376 3701 4448 commoverat,
3728 4377 3818 4430 de-

419 4448 522 4535 sed
551 4445 1092 4535 moxunilﬂdem'alia
1130 4455 1322 4535 mutat
1366 4445 1542 4503 versu
1572 4450 1667 4535 ’23.
1714 4448 1983 4535 Cyrillus,

2176 4445 2305 4535 inde
2428 4449 2514 4532 IV,
2572 4462 2634 4533 ρ.
2665 4445 2800 4531 ⁷360,
2848 4450 2902 4501 Β.
2958 4449 3204 4532 repetit:
3256 4455 3367 4535 ne;
3406 4445 3819 4535 dli-aermnae);

420 4522 505 4591 IV,
541 4536 598 4590 p.
640 4523 733 4574 I56
762 4522 817 4581 Β,
848 4520 946 4573 ubi
966 4520 1123 4574 hunc
1144 4520 1339 4575 locum
1359 4537 1427 4574 ex
1454 4520 1750 4591 professo,
1784 4526 1841 4575 ut
1873 4522 2058 4585 aiunt,

418 4590 851 4660 interpretatur,
903 4591 959 4643 in
1015 4596 1289 4645 contextu
1309 4590 1577 4660 "versum
1629 4596 1694 4644 22
1734 4598 1789 4643 et
1836 4596 1923 4652 23,
1978 4592 2061 4645 ita

417 4659 594 4732 habet
646 4676 659 4714 :
718 4665 816 4712 Καὶ
881 4663 1011 4732 μετὰ
1081 4669 1245 4712 ταῦτα
1300 4659 1447 4719 ἦλθεν
1498 4664 1521 4712 ὁ
1582 4661 1782 4732 Ἰησοῆς
1837 4662 1907 4732 ei;
1968 4665 2060 4717 τὴν

418 4728 681 4803 Ῐῐουὸαἰαν
742 4739 840 4802 γῆν
881 4728 1022 4802 ’μετὰ
1082 4732 1179 4782 τῶν
1233 4735 1477 4803 μαθητῶν
1520 4736 1698 4783 αὐτοῦ·
1743 4729 1821 4803 iv,
1860 4729 1916 4784 δε
1973 4736 2061 4803 καὶ

417 4800 652 4863 Ἰωάννης
682 4800 802 4859 an.
837 4800 1052 4867 L'Quze
1075 4817 1215 4871 ergo
1233 4800 1696 4873 Chrysostomus
1727 4802 1914 4857 dubia
1940 4802 2063 4856 red-

417 4873 665 4938 diderat,
699 4890 770 4928 ea
817 4889 1057 4941 prorsus
1088 4874 1287 4929 omisit
1326 4874 1592 4943 Cyrillus.
1636 4874 1819 4928 Habet
1864 4880 2060 4927 tamen

418 4944 554 4997 ibid.
592 4947 651 5009 E,
686 4945 858 5016 plane
884 4951 945 4998 ut
972 4945 1462 5015 Chrysostomus:
1498 4946 1752 5003 Βαπτίζει
1789 4952 2062 5016 τοιγαρούν

418 5016 443 5087 ῤ
476 5012 703 5085 Χριστὸξ
737 5012 829 5067 διὰ
872 5024 969 5067 τῶν
998 5012 1177 5067 ἑανέοῦ
1214 5018 1475 5087 μαθητῶν.
1508 5016 1685 5087 Tales
1715 5012 1893 5069 critici
1928 5012 2064 5087 sunt

418 5086 509 5139 isti
547 5093 661 5141 tres
696 5096 783 5146 τῆς
830 5087 1131 5158 οἰκουμένης
1176 5086 1459 5158 φωστῆρες,
1501 5103 1636 5140 cum
1679 5086 1873 5141 locum
1925 5086 2064 5139 data

417 5172 601 5226 opera
650 5144 918 5229 tractant.
973 5144 1483 5229 Clirvsostomiun,
1543 5159 1862 5229 principem
1917 5158 2064 5229 (ii'm-

418 5244 621 5299 eorum
673 5228 915 5283 Patrum
974 5226 1267 5296 omnium,
1328 5226 1565 5299 excuso.
1626 5226 2060 5299 Attpopulum

419 5298 577 5352 enim
622 5299 785 5353 dixit.
818 5300 927 5354 Sed
959 5301 1238 5368 Origenes
1270 5306 1323 5353 et
1354 5298 1596 5369 Cyrillus
1630 5298 1793 5355 omni
1824 5316 2064 5353 excusa-

425 5370 574 5423 tione
604 5377 821 5423 carent.
850 5371 1137 5451 Viridocti
1169 5378 1385 5451 autem,
1414 5370 1507 5451 qui
1528 5371 1862 5451 Origenein,
1888 5372 2063 5451 Chry:

424 5447 759 5495 sostomum
816 5448 870 5495 et
938 5442 1217 5511 Cyrillum
1268 5442 1585 5505 diligenter
1654 5442 1943 5505 legerunt,
2006 5441 2063 5494 id

422 5513 651 5566 dudum
683 5518 1100 5583 perspexerunt
1152 5516 1213 5566 In
1247 5512 1374 5566 aliis
1407 5519 1679 5567 eventum
1708 5514 1883 5567 habet
1917 5512 2066 5567 vati-

426 5584 641 5638 cinium
688 5584 847 5638 Isaiae
879 5600 952 5651 v1,
981 5588 1032 5653 9,
1067 5585 1155 5637 10.

2170 4522 2293 4590 ἡμῖν
2352 4516 2534 4569 δοῦναι
2574 4516 2673 4574 ἔην
2734 4519 2903 4600 σάρκα
2960 4516 3117 4569 «ﬁrmi
3158 4527 3371 4590 φαγεῖνς
3426 4519 3695 4585 Origenis
3720 4516 3818 4600 “ad

2169 4588 2325 4645 hunc
2358 4589 2557 4643 locum
2590 4604 2764 4655 nugae
2804 4588 3245 4660 interciderunt,
3294 4591 3399 4644 sed
3434 4596 3469 4645 t.
3506 4592 3594 4660 IV,
3632 4607 3683 4660 p.
3719 4588 3816 4641 364

2171 4667 2234 4715 Α.
2295 4660 2501 4715 laudat
2568 4676 2579 4712 :
2640 4666 2748 4719 Πῶς
2816 4656 3035 4711 δύναται
3088 4663 3209 4731 ἡμῖν
3282 4661 3432 4722 οὗτός
3492 4656 3678 4712 δοῡνὰι
3730 4664 3816 4715 τήν

2175 4734 2350 4804 σάρκαγ
2370 4736 2587 4804 φαγεῖν)

2244 4800 2312 4873 (c)
2343 4800 2510 4855 Haud
2542 4800 2717 4854 dubie
2746 4801 2929 4873 voluit
2962 4802 3241 4870 scribere,
3275 4802 3615 4857 Audissent.

2244 4872 2328 4944 (ιι)
2370 4876 2605 4942 Propter
2638 4872 3017 4942 Euthymium
3079 4874 3255 4928 etiam
3291 4875 3403 4928 hoc
3458 4874 3811 4937 notandum,

2173 4945 2335 5016 quod
2376 4944 2501 4997 haec
2534 4958 2652 4995 non
2689 4960 2805 5016 uno
2838 4944 2967 4998 loco
3008 4944 3254 5016 junctim
3289 4946 3511 5008 reeitat,
3565 4944 3670 4998 sed
3716 4958 3815 5014 per

2174 5014 2395 5087 partes,
2452 5014 2882 5087 interpositam
2942 5015 3189 5081 singulis
3221 5017 3487 5085 partibus
3524 5016 3812 5087 (interpre-

2176 5085 2407 5140 talione.
2455 5085 2763 5151 Distinguit
2807 5090 3008 5139 autem
3045 5094 3265 5141 textum
3298 5089 3393 5141 ita.
3447 5086 3635 5140 Primo
3666 5101 3813 5138 vers.

2177 5162 2241 5211 ⁵9
2303 5156 2509 5227 ῖἯραν
2565 5151 2650 5205 οὖν
2710 5155 2784 5208 ad
2820 5155 2892 5207 ἐπ’
2945 5156 3119 5211 αὐτόν.
3158 5158 3471 5211 Secundo:
3505 5161 3709 5217 Ἰησοῦς
3762 5151 3816 5205 δὲ

2175 5227 2387 5301 ἐκρύϐη.
2420 5226 2605 5301 Tertio
2641 5241 2651 5279 ζ
2690 5231 2791 5277 Καὶ
2830 5226 3035 5301 ἐξᾷΜεν
3085 5227 3138 5278 ἐκ
3194 5238 3283 5279 τοῦ
3332 5231 3489 5300 ἱεροῦ.
3546 5230 3767 5292 Quarto
3804 5246 3813 5276 :

2176 5294 2389 5351 Alma»
2467 5294 2559 5348 διὰ
2617 5301 2776 5367 μέσον
2849 5298 3035 5351 αὐτῶν.
3092 5299 3306 5363 Quinto
3360 5294 3381 5352 ε’
3434 5304 3531 5351 Καὶ
3592 5307 3817 5371 παρῆγεν

2176 5372 2356 5429 οὕτως.
2402 5373 2615 5443 Sexto:
2656 5374 2752 5443 Κναῇ
2802 5374 3046 5443 παράγων
3080 5370 3152 5423 ad
3209 5378 3430 5443 γενετῆς.
3472 5368 3696 5443 UtlpItiX
3729 5368 3819 5423 hic

2175 5443 2358 5497 oritur
2380 5439 2645 5509 (μιεεςοιίο.
2678 5439 2895 5498 Altera.
2928 5442 3055 5510 quis
3085 5457 3154 5494 ex
3184 5439 3507 5495 editoribus
3537 5443 3598 5495 Ν.
3628 5442 3820 5493 Testa.

2176 5514 2356 5567 menti
2387 5513 2513 5564 haec
2557 5510 2857 5565 exclusit?
2888 5513 3189 5578 Erasmus,
3242 5512 3425 5567 homo
3476 5510 3819 5565 temerarius

2176 5589 2229 5639 et
2255 5582 2537 5655 perﬁdus,
2558 5581 2657 5651 qui
2686 5581 2813 5636 haec
2836 5583 2895 5636 in
2924 5584 3046 5636 suis
3080 5582 3313 5648 Graecis,
3349 5583 3549 5638 nescio
3576 5582 3816 5653 quibus,
