  <div class='ocr_page' id='page_1' title='image "/cluster/home/n/w/nwhite01/storage/ocr_20150623/129/hvd.32044073502395/038.png"; bbox 0 0 3976 6222; ppageno 0'>
   <div class='ocr_carea' id='block_1_1' title="bbox 190 216 3526 279">
    <p class='ocr_par' dir='ltr' id='par_1_1' title="bbox 190 216 3526 279">
     <span class='ocr_line' id='line_1_1' title="bbox 190 216 3526 279; baseline -0.005 0"><span class='ocrx_word' id='word_1_1' title='bbox 190 228 245 279; x_wconf 78' lang='lat'><strong>65</strong></span> <span class='ocrx_word' id='word_1_2' title='bbox 1625 216 2024 272; x_wconf 64' lang='lat' dir='ltr'><strong>PREFATIO.</strong></span> <span class='ocrx_word' id='word_1_3' title='bbox 3454 221 3526 272; x_wconf 82' lang='lat'><strong>66</strong></span> 
     </span>
    </p>
   </div>
   <div class='ocr_carea' id='block_1_2' title="bbox 192 340 3525 419">
    <p class='ocr_par' dir='ltr' id='par_1_2' title="bbox 192 340 3525 419">
     <span class='ocr_line' id='line_1_2' title="bbox 192 340 3525 419; baseline 0 -19"><span class='ocrx_word' id='word_1_4' title='bbox 333 349 478 406; x_wconf 68' lang='grc' dir='ltr'><strong>οὕτως,</strong></span> <span class='ocrx_word' id='word_1_5' title='bbox 525 345 925 400; x_wconf 88' lang='lat' dir='ltr'><strong>Pertransiens</strong></span> <span class='ocrx_word' id='word_1_6' title='bbox 978 359 1082 417; x_wconf 85' lang='lat' dir='ltr'><strong>per</strong></span> <span class='ocrx_word' id='word_1_7' title='bbox 1123 345 1391 401; x_wconf 91' lang='lat' dir='ltr'><strong>medium</strong></span> <span class='ocrx_word' id='word_1_8' title='bbox 1444 345 1684 400; x_wconf 86' lang='lat' dir='ltr'><strong>illorum</strong></span> <span class='ocrx_word' id='word_1_9' title='bbox 1712 348 1768 398; x_wconf 89' lang='lat' dir='ltr'><strong>et</strong></span> <span class='ocrx_word' id='word_1_10' title='bbox 1801 343 1847 395; x_wconf 83' lang='lat' dir='ltr'><strong>A</strong></span> <span class='ocrx_word' id='word_1_11' title='bbox 1877 340 2049 396; x_wconf 86' lang='lat' dir='ltr'><strong>abeo.</strong></span> <span class='ocrx_word' id='word_1_12' title='bbox 2081 341 2331 399; x_wconf 77' lang='lat' dir='ltr'><strong>Additur</strong></span> <span class='ocrx_word' id='word_1_13' title='bbox 2357 343 2513 398; x_wconf 90' lang='lat' dir='ltr'><strong>enim</strong></span> <span class='ocrx_word' id='word_1_14' title='bbox 2544 362 2666 415; x_wconf 80' lang='grc' dir='ltr'><strong>μου,</strong></span> <span class='ocrx_word' id='word_1_15' title='bbox 2697 343 2877 398; x_wconf 86' lang='lat' dir='ltr'><strong>etiam</strong></span> <span class='ocrx_word' id='word_1_16' title='bbox 2929 343 2986 398; x_wconf 92' lang='lat' dir='ltr'><strong>in</strong></span> <span class='ocrx_word' id='word_1_17' title='bbox 3041 343 3298 398; x_wconf 81' lang='lat' dir='ltr'><strong>editione</strong></span> <span class='ocrx_word' id='word_1_18' title='bbox 3353 345 3525 400; x_wconf 86' lang='lat' dir='ltr'><strong>Com-</strong></span> 
     </span>
    </p>
   </div>
   <div class='ocr_carea' id='block_1_3' title="bbox 196 434 584 508">
    <p class='ocr_par' dir='ltr' id='par_1_3' title="bbox 196 434 584 508">
     <span class='ocr_line' id='line_1_3' title="bbox 196 434 584 508; baseline -0.015 -16"><span class='ocrx_word' id='word_1_19' title='bbox 196 439 265 492; x_wconf 85' lang='lat' dir='ltr'><strong>ita</strong></span> <span class='ocrx_word' id='word_1_20' title='bbox 283 434 584 508; x_wconf 67' lang='lat' dir='ltr'><strong>praeteribat.</strong></span> 
     </span>
    </p>
   </div>
   <div class='ocr_carea' id='block_1_4' title="bbox 264 538 1768 611">
    <p class='ocr_par' dir='ltr' id='par_1_4' title="bbox 264 538 1768 611">
     <span class='ocr_line' id='line_1_4' title="bbox 264 538 1768 611; baseline -0.004 -14"><span class='ocrx_word' id='word_1_21' title='bbox 264 543 375 610; x_wconf 84' lang='lat'><strong>9,8.</strong></span> <span class='ocrx_word' id='word_1_22' title='bbox 422 539 570 594; x_wconf 78' lang='lat' dir='ltr'><strong>Vicini</strong></span> <span class='ocrx_word' id='word_1_23' title='bbox 604 539 826 610; x_wconf 81' lang='lat' dir='ltr'><strong>itaque,</strong></span> <span class='ocrx_word' id='word_1_24' title='bbox 871 544 929 594; x_wconf 91' lang='lat' dir='ltr'><strong>et</strong></span> <span class='ocrx_word' id='word_1_25' title='bbox 977 540 1076 611; x_wconf 86' lang='lat' dir='ltr'><strong>qui</strong></span> <span class='ocrx_word' id='word_1_26' title='bbox 1109 539 1385 594; x_wconf 78' lang='lat' dir='ltr'><strong>viderant</strong></span> <span class='ocrx_word' id='word_1_27' title='bbox 1439 555 1576 595; x_wconf 89' lang='lat' dir='ltr'><strong>eum</strong></span> <span class='ocrx_word' id='word_1_28' title='bbox 1605 538 1768 610; x_wconf 88' lang='lat' dir='ltr'><strong>prius</strong></span> 
     </span>
    </p>
   </div>
   <div class='ocr_carea' id='block_1_5' title="bbox 209 626 1767 701">
    <p class='ocr_par' dir='ltr' id='par_1_5' title="bbox 209 626 1767 701">
     <span class='ocr_line' id='line_1_5' title="bbox 209 626 1767 701; baseline -0.004 -18"><span class='ocrx_word' id='word_1_29' title='bbox 209 630 332 701; x_wconf 82' lang='lat' dir='ltr'><strong>quod</strong></span> <span class='ocrx_word' id='word_1_30' title='bbox 360 629 558 698; x_wconf 62' lang='lat' dir='ltr'><strong>(aecus)</strong></span> <span class='ocrx_word' id='word_1_31' title='bbox 599 633 772 682; x_wconf 81' lang='lat' dir='ltr'><strong>esset.</strong></span> <span class='ocrx_word' id='word_1_32' title='bbox 804 627 996 683; x_wconf 86' lang='lat' dir='ltr'><strong>Habet</strong></span> <span class='ocrx_word' id='word_1_33' title='bbox 1019 626 1181 683; x_wconf 88' lang='lat' dir='ltr'><strong>enim</strong></span> <span class='ocrx_word' id='word_1_34' title='bbox 1229 627 1438 700; x_wconf 80' lang='grc' dir='ltr'><strong>τυφλός.</strong></span> <span class='ocrx_word' id='word_1_35' title='bbox 1481 643 1601 682; x_wconf 94' lang='lat' dir='ltr'><strong>non</strong></span> <span class='ocrx_word' id='word_1_36' title='bbox 1631 646 1767 678; x_wconf 83' lang='grc' dir='ltr'><strong>πτω-</strong></span> 
     </span>
    </p>
   </div>
   <div class='ocr_carea' id='block_1_6' title="bbox 202 713 1771 790">
    <p class='ocr_par' dir='ltr' id='par_1_6' title="bbox 202 713 1771 790">
     <span class='ocr_line' id='line_1_6' title="bbox 202 713 1771 790; baseline 0 -20"><span class='ocrx_word' id='word_1_37' title='bbox 202 722 349 790; x_wconf 65' lang='grc' dir='ltr'><strong>χόςίρ)</strong></span> <span class='ocrx_word' id='word_1_38' title='bbox 375 715 665 772; x_wconf 66' lang='lat' dir='ltr'><strong>mendicus.</strong></span> <span class='ocrx_word' id='word_1_39' title='bbox 708 715 1008 772; x_wconf 86' lang='lat' dir='ltr'><strong>Consonat</strong></span> <span class='ocrx_word' id='word_1_40' title='bbox 1032 715 1213 771; x_wconf 90' lang='lat' dir='ltr'><strong>etiam</strong></span> <span class='ocrx_word' id='word_1_41' title='bbox 1262 713 1572 786; x_wconf 81' lang='lat' dir='ltr'><strong>exemplar</strong></span> <span class='ocrx_word' id='word_1_42' title='bbox 1600 713 1771 770; x_wconf 85' lang='lat' dir='ltr'><strong>Com-</strong></span> 
     </span>
    </p>
   </div>
   <div class='ocr_carea' id='block_1_7' title="bbox 196 806 424 877">
    <p class='ocr_par' dir='ltr' id='par_1_7' title="bbox 196 806 424 877">
     <span class='ocr_line' id='line_1_7' title="bbox 196 806 424 877; baseline -0.018 -17"><span class='ocrx_word' id='word_1_43' title='bbox 196 806 424 877; x_wconf 83' lang='lat' dir='ltr'><strong>plutense.</strong></span> 
     </span>
    </p>
   </div>
   <div class='ocr_carea' id='block_1_8' title="bbox 243 911 1772 984">
    <p class='ocr_par' dir='ltr' id='par_1_8' title="bbox 243 911 1772 984">
     <span class='ocr_line' id='line_1_8' title="bbox 243 911 1772 984; baseline 0 -19"><span class='ocrx_word' id='word_1_44' title='bbox 243 913 311 976; x_wconf 87' lang='grc'><strong>10,</strong></span> <span class='ocrx_word' id='word_1_45' title='bbox 339 915 380 966; x_wconf 91' lang='lat'><strong>8.</strong></span> <span class='ocrx_word' id='word_1_46' title='bbox 411 913 616 968; x_wconf 86' lang='lat' dir='ltr'><strong>Omnes</strong></span> <span class='ocrx_word' id='word_1_47' title='bbox 656 916 954 984; x_wconf 76' lang='lat' dir='ltr'><strong>quotquot</strong></span> <span class='ocrx_word' id='word_1_48' title='bbox 982 915 1293 975; x_wconf 85' lang='lat' dir='ltr'><strong>venerunt,</strong></span> <span class='ocrx_word' id='word_1_49' title='bbox 1337 911 1495 967; x_wconf 86' lang='lat' dir='ltr'><strong>fures</strong></span> <span class='ocrx_word' id='word_1_50' title='bbox 1549 914 1687 966; x_wconf 90' lang='lat' dir='ltr'><strong>sunt</strong></span> <span class='ocrx_word' id='word_1_51' title='bbox 1714 914 1772 965; x_wconf 93' lang='lat' dir='ltr'><strong>et</strong></span> 
     </span>
    </p>
   </div>
   <div class='ocr_carea' id='block_1_9' title="bbox 183 998 1772 1074">
    <p class='ocr_par' dir='ltr' id='par_1_9' title="bbox 183 998 1772 1074">
     <span class='ocr_line' id='line_1_9' title="bbox 183 998 1772 1074; baseline 0.001 -22"><span class='ocrx_word' id='word_1_52' title='bbox 183 1000 408 1055; x_wconf 76' lang='lat' dir='ltr'><strong>latrones.</strong></span> <span class='ocrx_word' id='word_1_53' title='bbox 438 999 559 1054; x_wconf 85' lang='lat' dir='ltr'><strong>Non</strong></span> <span class='ocrx_word' id='word_1_54' title='bbox 590 999 834 1055; x_wconf 84' lang='lat' dir='ltr'><strong>additur</strong></span> <span class='ocrx_word' id='word_1_55' title='bbox 864 1002 972 1074; x_wconf 82' lang='grc' dir='ltr'><strong>ι]ρό</strong></span> <span class='ocrx_word' id='word_1_56' title='bbox 1025 998 1171 1071; x_wconf 76' lang='grc' dir='ltr'><strong>ἕμοῦ,</strong></span> <span class='ocrx_word' id='word_1_57' title='bbox 1213 1001 1360 1055; x_wconf 89' lang='lat' dir='ltr'><strong>Ante</strong></span> <span class='ocrx_word' id='word_1_58' title='bbox 1409 1015 1520 1065; x_wconf 89' lang='lat' dir='ltr'><strong>me,</strong></span> <span class='ocrx_word' id='word_1_59' title='bbox 1577 1013 1772 1070; x_wconf 90' lang='lat' dir='ltr'><strong>neque</strong></span> 
     </span>
    </p>
   </div>
   <div class='ocr_carea' id='block_1_10' title="bbox 181 1085 1770 1160">
    <p class='ocr_par' dir='ltr' id='par_1_10' title="bbox 181 1085 1770 1160">
     <span class='ocr_line' id='line_1_10' title="bbox 181 1085 1770 1160; baseline -0.002 -17"><span class='ocrx_word' id='word_1_60' title='bbox 181 1089 224 1143; x_wconf 90' lang='lat' dir='ltr'><strong>in</strong></span> <span class='ocrx_word' id='word_1_61' title='bbox 244 1087 522 1160; x_wconf 86' lang='lat' dir='ltr'><strong>exemplari</strong></span> <span class='ocrx_word' id='word_1_62' title='bbox 571 1088 996 1159; x_wconf 90' lang='lat' dir='ltr'><strong>Complutensi,</strong></span> <span class='ocrx_word' id='word_1_63' title='bbox 1029 1102 1224 1160; x_wconf 91' lang='lat' dir='ltr'><strong>neque</strong></span> <span class='ocrx_word' id='word_1_64' title='bbox 1260 1088 1319 1142; x_wconf 92' lang='lat' dir='ltr'><strong>in</strong></span> <span class='ocrx_word' id='word_1_65' title='bbox 1351 1088 1606 1144; x_wconf 80' lang='lat' dir='ltr'><strong>editione</strong></span> <span class='ocrx_word' id='word_1_66' title='bbox 1639 1085 1770 1142; x_wconf 86' lang='lat' dir='ltr'><strong>Vul-</strong></span> 
     </span>
    </p>
   </div>
   <div class='ocr_carea' id='block_1_11' title="bbox 177 1182 308 1244">
    <p class='ocr_par' dir='ltr' id='par_1_11' title="bbox 177 1182 308 1244">
     <span class='ocr_line' id='line_1_11' title="bbox 177 1182 308 1244; baseline -0.015 -13"><span class='ocrx_word' id='word_1_67' title='bbox 177 1182 308 1244; x_wconf 84' lang='lat' dir='ltr'><strong>gata.</strong></span> 
     </span>
    </p>
   </div>
   <div class='ocr_carea' id='block_1_12' title="bbox 232 1279 1772 1354">
    <p class='ocr_par' dir='ltr' id='par_1_12' title="bbox 232 1279 1772 1354">
     <span class='ocr_line' id='line_1_12' title="bbox 232 1279 1772 1354; baseline 0 -18"><span class='ocrx_word' id='word_1_68' title='bbox 232 1284 304 1344; x_wconf 90' lang='grc' dir='ltr'><strong>1ο,</strong></span> <span class='ocrx_word' id='word_1_69' title='bbox 328 1285 403 1338; x_wconf 83' lang='grc'><strong>39.</strong></span> <span class='ocrx_word' id='word_1_70' title='bbox 435 1283 787 1348; x_wconf 73' lang='lat' dir='ltr'><strong>Quaerebam</strong></span> <span class='ocrx_word' id='word_1_71' title='bbox 815 1283 1006 1354; x_wconf 85' lang='lat' dir='ltr'><strong>(ergo)</strong></span> <span class='ocrx_word' id='word_1_72' title='bbox 1047 1297 1288 1338; x_wconf 81' lang='lat' dir='ltr'><strong>rursum</strong></span> <span class='ocrx_word' id='word_1_73' title='bbox 1320 1279 1772 1354; x_wconf 89' lang='lat' dir='ltr'><strong>apprehendere</strong></span> 
     </span>
    </p>
   </div>
   <div class='ocr_carea' id='block_1_13' title="bbox 174 1368 1774 1442">
    <p class='ocr_par' dir='ltr' id='par_1_13' title="bbox 174 1368 1774 1442">
     <span class='ocr_line' id='line_1_13' title="bbox 174 1368 1774 1442; baseline -0.001 -17"><span class='ocrx_word' id='word_1_74' title='bbox 174 1387 297 1425; x_wconf 86' lang='lat' dir='ltr'><strong>eum.</strong></span> <span class='ocrx_word' id='word_1_75' title='bbox 326 1370 562 1426; x_wconf 83' lang='lat' dir='ltr'><strong>Additur</strong></span> <span class='ocrx_word' id='word_1_76' title='bbox 603 1371 766 1426; x_wconf 90' lang='lat' dir='ltr'><strong>enim</strong></span> <span class='ocrx_word' id='word_1_77' title='bbox 797 1368 886 1423; x_wconf 76' lang='grc' dir='ltr'><strong>οὖν</strong></span> <span class='ocrx_word' id='word_1_78' title='bbox 912 1387 1067 1441; x_wconf 81' lang='lat' dir='ltr'><strong>ergo,</strong></span> <span class='ocrx_word' id='word_1_79' title='bbox 1088 1376 1145 1427; x_wconf 94' lang='lat' dir='ltr'><strong>et</strong></span> <span class='ocrx_word' id='word_1_80' title='bbox 1165 1371 1225 1426; x_wconf 90' lang='lat' dir='ltr'><strong>in</strong></span> <span class='ocrx_word' id='word_1_81' title='bbox 1255 1369 1581 1442; x_wconf 89' lang='lat' dir='ltr'><strong>exemplari</strong></span> <span class='ocrx_word' id='word_1_82' title='bbox 1606 1371 1774 1425; x_wconf 90' lang='lat' dir='ltr'><strong>Com-</strong></span> 
     </span>
    </p>
   </div>
   <div class='ocr_carea' id='block_1_14' title="bbox 175 1459 1170 1529">
    <p class='ocr_par' dir='ltr' id='par_1_14' title="bbox 175 1459 1170 1529">
     <span class='ocr_line' id='line_1_14' title="bbox 175 1459 1170 1529; baseline 0 -17"><span class='ocrx_word' id='word_1_83' title='bbox 175 1459 400 1529; x_wconf 82' lang='lat' dir='ltr'><strong>plutensi,</strong></span> <span class='ocrx_word' id='word_1_84' title='bbox 425 1464 478 1513; x_wconf 90' lang='lat' dir='ltr'><strong>et</strong></span> <span class='ocrx_word' id='word_1_85' title='bbox 511 1459 570 1514; x_wconf 91' lang='lat' dir='ltr'><strong>in</strong></span> <span class='ocrx_word' id='word_1_86' title='bbox 604 1459 860 1529; x_wconf 79' lang='lat' dir='ltr'><strong>Vulgata</strong></span> <span class='ocrx_word' id='word_1_87' title='bbox 892 1459 1170 1515; x_wconf 86' lang='lat' dir='ltr'><strong>editione.</strong></span> 
     </span>
    </p>
   </div>
   <div class='ocr_carea' id='block_1_15' title="bbox 229 1555 1777 1628">
    <p class='ocr_par' dir='ltr' id='par_1_15' title="bbox 229 1555 1777 1628">
     <span class='ocr_line' id='line_1_15' title="bbox 229 1555 1777 1628; baseline 0.001 -18"><span class='ocrx_word' id='word_1_88' title='bbox 229 1558 298 1621; x_wconf 91' lang='grc'><strong>13,</strong></span> <span class='ocrx_word' id='word_1_89' title='bbox 327 1557 374 1610; x_wconf 88' lang='grc'><strong>9.</strong></span> <span class='ocrx_word' id='word_1_90' title='bbox 407 1555 652 1612; x_wconf 88' lang='lat' dir='ltr'><strong>Domine</strong></span> <span class='ocrx_word' id='word_1_91' title='bbox 684 1573 805 1613; x_wconf 92' lang='lat' dir='ltr'><strong>non</strong></span> <span class='ocrx_word' id='word_1_92' title='bbox 835 1562 1070 1614; x_wconf 89' lang='lat' dir='ltr'><strong>tantum</strong></span> <span class='ocrx_word' id='word_1_93' title='bbox 1111 1557 1317 1628; x_wconf 90' lang='lat' dir='ltr'><strong>pedes.</strong></span> <span class='ocrx_word' id='word_1_94' title='bbox 1367 1559 1486 1612; x_wconf 85' lang='lat' dir='ltr'><strong>Non</strong></span> <span class='ocrx_word' id='word_1_95' title='bbox 1537 1557 1777 1612; x_wconf 81' lang='lat' dir='ltr'><strong>additur</strong></span> 
     </span>
    </p>
   </div>
   <div class='ocr_carea' id='block_1_16' title="bbox 174 1661 430 1715">
    <p class='ocr_par' dir='ltr' id='par_1_16' title="bbox 174 1661 430 1715">
     <span class='ocr_line' id='line_1_16' title="bbox 174 1661 430 1715; baseline 0.012 -20"><span class='ocrx_word' id='word_1_96' title='bbox 174 1663 250 1715; x_wconf 72' lang='grc' dir='ltr'><strong>μου</strong></span> <span class='ocrx_word' id='word_1_97' title='bbox 284 1661 430 1702; x_wconf 73' lang='lat' dir='ltr'><strong>meos.</strong></span> 
     </span>
    </p>
   </div>
   <div class='ocr_carea' id='block_1_17' title="bbox 227 1751 1776 1823">
    <p class='ocr_par' dir='ltr' id='par_1_17' title="bbox 227 1751 1776 1823">
     <span class='ocr_line' id='line_1_17' title="bbox 227 1751 1776 1823; baseline 0.001 -19"><span class='ocrx_word' id='word_1_98' title='bbox 227 1753 302 1815; x_wconf 83' lang='grc'><strong>13,</strong></span> <span class='ocrx_word' id='word_1_99' title='bbox 331 1752 408 1806; x_wconf 77' lang='lat'><strong>25.</strong></span> <span class='ocrx_word' id='word_1_100' title='bbox 436 1752 580 1807; x_wconf 91' lang='lat' dir='ltr'><strong>Cum</strong></span> <span class='ocrx_word' id='word_1_101' title='bbox 615 1767 754 1823; x_wconf 90' lang='lat' dir='ltr'><strong>ergo</strong></span> <span class='ocrx_word' id='word_1_102' title='bbox 794 1751 888 1806; x_wconf 91' lang='lat' dir='ltr'><strong>ille</strong></span> <span class='ocrx_word' id='word_1_103' title='bbox 919 1751 1288 1807; x_wconf 86' lang='lat' dir='ltr'><strong>recumberet</strong></span> <span class='ocrx_word' id='word_1_104' title='bbox 1309 1751 1432 1822; x_wconf 86' lang='lat' dir='ltr'><strong>(ita)</strong></span> <span class='ocrx_word' id='word_1_105' title='bbox 1454 1767 1633 1822; x_wconf 81' lang='lat' dir='ltr'><strong>super</strong></span> <span class='ocrx_word' id='word_1_106' title='bbox 1649 1766 1776 1822; x_wconf 88' lang='lat' dir='ltr'><strong>pec-</strong></span> 
     </span>
    </p>
   </div>
   <div class='ocr_carea' id='block_1_18' title="bbox 173 1839 1776 1911">
    <p class='ocr_par' dir='ltr' id='par_1_18' title="bbox 173 1839 1776 1911">
     <span class='ocr_line' id='line_1_18' title="bbox 173 1839 1776 1911; baseline 0.001 -17"><span class='ocrx_word' id='word_1_107' title='bbox 173 1843 244 1894; x_wconf 85' lang='lat' dir='ltr'><strong>tus</strong></span> <span class='ocrx_word' id='word_1_108' title='bbox 263 1839 399 1894; x_wconf 81' lang='lat' dir='ltr'><strong>Jesu.</strong></span> <span class='ocrx_word' id='word_1_109' title='bbox 439 1840 693 1896; x_wconf 84' lang='lat' dir='ltr'><strong>Additur</strong></span> <span class='ocrx_word' id='word_1_110' title='bbox 712 1841 870 1896; x_wconf 91' lang='lat' dir='ltr'><strong>enim</strong></span> <span class='ocrx_word' id='word_1_111' title='bbox 900 1839 1082 1905; x_wconf 77' lang='grc' dir='ltr'><strong>οὓτως,</strong></span> <span class='ocrx_word' id='word_1_112' title='bbox 1115 1840 1277 1911; x_wconf 89' lang='lat' dir='ltr'><strong>quod</strong></span> <span class='ocrx_word' id='word_1_113' title='bbox 1308 1840 1485 1896; x_wconf 90' lang='lat' dir='ltr'><strong>etiam</strong></span> <span class='ocrx_word' id='word_1_114' title='bbox 1512 1841 1573 1894; x_wconf 89' lang='lat' dir='ltr'><strong>in</strong></span> <span class='ocrx_word' id='word_1_115' title='bbox 1613 1839 1776 1895; x_wconf 83' lang='lat' dir='ltr'><strong>scho-</strong></span> 
     </span>
    </p>
   </div>
   <div class='ocr_carea' id='block_1_19' title="bbox 172 1928 772 1984">
    <p class='ocr_par' dir='ltr' id='par_1_19' title="bbox 172 1928 772 1984">
     <span class='ocr_line' id='line_1_19' title="bbox 172 1928 772 1984; baseline 0.007 -4"><span class='ocrx_word' id='word_1_116' title='bbox 172 1929 241 1982; x_wconf 86' lang='lat' dir='ltr'><strong>liis</strong></span> <span class='ocrx_word' id='word_1_117' title='bbox 266 1933 454 1984; x_wconf 85' lang='lat' dir='ltr'><strong>auctor</strong></span> <span class='ocrx_word' id='word_1_118' title='bbox 481 1928 772 1984; x_wconf 85' lang='lat' dir='ltr'><strong>declarat.</strong></span> 
     </span>
    </p>
   </div>
   <div class='ocr_carea' id='block_1_20' title="bbox 228 2033 1776 2107">
    <p class='ocr_par' dir='ltr' id='par_1_20' title="bbox 228 2033 1776 2107">
     <span class='ocr_line' id='line_1_20' title="bbox 228 2033 1776 2107; baseline 0.002 -22"><span class='ocrx_word' id='word_1_119' title='bbox 228 2034 296 2098; x_wconf 85' lang='lat' dir='ltr'><strong>t3,</strong></span> <span class='ocrx_word' id='word_1_120' title='bbox 323 2033 410 2089; x_wconf 89' lang='lat'><strong>30.</strong></span> <span class='ocrx_word' id='word_1_121' title='bbox 449 2036 581 2090; x_wconf 85' lang='lat' dir='ltr'><strong>Erat</strong></span> <span class='ocrx_word' id='word_1_122' title='bbox 620 2040 824 2090; x_wconf 90' lang='lat' dir='ltr'><strong>autem</strong></span> <span class='ocrx_word' id='word_1_123' title='bbox 877 2050 1000 2089; x_wconf 86' lang='lat' dir='ltr'><strong>nox</strong></span> <span class='ocrx_word' id='word_1_124' title='bbox 1046 2035 1291 2107; x_wconf 84' lang='lat' dir='ltr'><strong>quando</strong></span> <span class='ocrx_word' id='word_1_125' title='bbox 1330 2035 1527 2092; x_wconf 84' lang='lat' dir='ltr'><strong>exivit.</strong></span> <span class='ocrx_word' id='word_1_126' title='bbox 1556 2033 1776 2090; x_wconf 89' lang='lat' dir='ltr'><strong>Deinde</strong></span> 
     </span>
    </p>
   </div>
   <div class='ocr_carea' id='block_1_21' title="bbox 177 2119 1776 2192">
    <p class='ocr_par' dir='ltr' id='par_1_21' title="bbox 177 2119 1776 2192">
     <span class='ocr_line' id='line_1_21' title="bbox 177 2119 1776 2192; baseline 0.003 -19"><span class='ocrx_word' id='word_1_127' title='bbox 177 2120 558 2176; x_wconf 81' lang='lat' dir='ltr'><strong>subditurzAit</strong></span> <span class='ocrx_word' id='word_1_128' title='bbox 613 2123 800 2176; x_wconf 77' lang='lat' dir='ltr'><strong>Iesus.</strong></span> <span class='ocrx_word' id='word_1_129' title='bbox 856 2124 983 2177; x_wconf 88' lang='lat' dir='ltr'><strong>Non</strong></span> <span class='ocrx_word' id='word_1_130' title='bbox 1041 2123 1196 2177; x_wconf 89' lang='lat' dir='ltr'><strong>enim</strong></span> <span class='ocrx_word' id='word_1_131' title='bbox 1228 2122 1466 2178; x_wconf 86' lang='lat' dir='ltr'><strong>additur</strong></span> <span class='ocrx_word' id='word_1_132' title='bbox 1495 2119 1582 2174; x_wconf 81' lang='grc' dir='ltr'><strong>οὖν</strong></span> <span class='ocrx_word' id='word_1_133' title='bbox 1613 2137 1776 2192; x_wconf 88' lang='lat' dir='ltr'><strong>ergo,</strong></span> 
     </span>
    </p>
   </div>
   <div class='ocr_carea' id='block_1_22' title="bbox 174 2209 1782 2282">
    <p class='ocr_par' dir='ltr' id='par_1_22' title="bbox 174 2209 1782 2282">
     <span class='ocr_line' id='line_1_22' title="bbox 174 2209 1782 2282; baseline 0.002 -21"><span class='ocrx_word' id='word_1_134' title='bbox 174 2213 279 2263; x_wconf 89' lang='lat' dir='ltr'><strong>ante</strong></span> <span class='ocrx_word' id='word_1_135' title='bbox 311 2209 549 2265; x_wconf 82' lang='lat' dir='ltr'><strong>verbum</strong></span> <span class='ocrx_word' id='word_1_136' title='bbox 589 2209 770 2272; x_wconf 77' lang='grc' dir='ltr'><strong>ἐξῆλθε</strong></span> <span class='ocrx_word' id='word_1_137' title='bbox 823 2210 1025 2275; x_wconf 72' lang='lat' dir='ltr'><strong>exivit,</strong></span> <span class='ocrx_word' id='word_1_138' title='bbox 1076 2215 1140 2266; x_wconf 87' lang='lat' dir='ltr'><strong>ut</strong></span> <span class='ocrx_word' id='word_1_139' title='bbox 1189 2210 1372 2266; x_wconf 89' lang='lat' dir='ltr'><strong>alium</strong></span> <span class='ocrx_word' id='word_1_140' title='bbox 1423 2210 1606 2282; x_wconf 78' lang='lat' dir='ltr'><strong>possit</strong></span> <span class='ocrx_word' id='word_1_141' title='bbox 1652 2211 1782 2266; x_wconf 88' lang='lat' dir='ltr'><strong>red-</strong></span> 
     </span>
    </p>
   </div>
   <div class='ocr_carea' id='block_1_23' title="bbox 173 2297 1782 2371">
    <p class='ocr_par' dir='ltr' id='par_1_23' title="bbox 173 2297 1782 2371">
     <span class='ocr_line' id='line_1_23' title="bbox 173 2297 1782 2371; baseline 0.002 -21"><span class='ocrx_word' id='word_1_142' title='bbox 173 2297 281 2352; x_wconf 84' lang='lat' dir='ltr'><strong>dere</strong></span> <span class='ocrx_word' id='word_1_143' title='bbox 299 2314 548 2354; x_wconf 89' lang='lat' dir='ltr'><strong>sensum.</strong></span> <span class='ocrx_word' id='word_1_144' title='bbox 594 2300 754 2355; x_wconf 84' lang='lat' dir='ltr'><strong>Facit</strong></span> <span class='ocrx_word' id='word_1_145' title='bbox 805 2298 1122 2354; x_wconf 89' lang='lat' dir='ltr'><strong>nobiscum</strong></span> <span class='ocrx_word' id='word_1_146' title='bbox 1169 2298 1476 2371; x_wconf 83' lang='lat' dir='ltr'><strong>exemplar</strong></span> <span class='ocrx_word' id='word_1_147' title='bbox 1505 2298 1782 2370; x_wconf 91' lang='lat' dir='ltr'><strong>Complu-</strong></span> 
     </span>
    </p>
   </div>
   <div class='ocr_carea' id='block_1_24' title="bbox 175 2389 326 2439">
    <p class='ocr_par' dir='ltr' id='par_1_24' title="bbox 175 2389 326 2439">
     <span class='ocr_line' id='line_1_24' title="bbox 175 2389 326 2439; baseline 0.02 -3"><span class='ocrx_word' id='word_1_148' title='bbox 175 2389 326 2439; x_wconf 85' lang='lat' dir='ltr'><strong>tense.</strong></span> 
     </span>
    </p>
   </div>
   <div class='ocr_carea' id='block_1_25' title="bbox 229 2492 1780 2549">
    <p class='ocr_par' dir='ltr' id='par_1_25' title="bbox 229 2492 1780 2549">
     <span class='ocr_line' id='line_1_25' title="bbox 229 2492 1780 2549; baseline 0.002 -4"><span class='ocrx_word' id='word_1_149' title='bbox 229 2494 300 2547; x_wconf 76' lang='grc'><strong>14.</strong></span> <span class='ocrx_word' id='word_1_150' title='bbox 320 2497 367 2548; x_wconf 81' lang='grc'><strong>4.</strong></span> <span class='ocrx_word' id='word_1_151' title='bbox 398 2493 525 2549; x_wconf 85' lang='lat' dir='ltr'><strong>Non</strong></span> <span class='ocrx_word' id='word_1_152' title='bbox 555 2494 832 2549; x_wconf 87' lang='lat' dir='ltr'><strong>turbetur</strong></span> <span class='ocrx_word' id='word_1_153' title='bbox 857 2509 958 2548; x_wconf 94' lang='lat' dir='ltr'><strong>cor</strong></span> <span class='ocrx_word' id='word_1_154' title='bbox 977 2498 1252 2548; x_wconf 84' lang='lat' dir='ltr'><strong>vestrum.</strong></span> <span class='ocrx_word' id='word_1_155' title='bbox 1279 2497 1425 2548; x_wconf 86' lang='lat' dir='ltr'><strong>Ante</strong></span> <span class='ocrx_word' id='word_1_156' title='bbox 1441 2493 1570 2548; x_wconf 66' lang='lat' dir='ltr'><strong>haec</strong></span> <span class='ocrx_word' id='word_1_157' title='bbox 1595 2492 1780 2548; x_wconf 88' lang='lat' dir='ltr'><strong>verba</strong></span> 
     </span>
    </p>
   </div>
   <div class='ocr_carea' id='block_1_26' title="bbox 174 2581 1780 2653">
    <p class='ocr_par' dir='ltr' id='par_1_26' title="bbox 174 2581 1780 2653">
     <span class='ocr_line' id='line_1_26' title="bbox 174 2581 1780 2653; baseline 0.002 -21"><span class='ocrx_word' id='word_1_158' title='bbox 174 2594 268 2633; x_wconf 92' lang='lat' dir='ltr'><strong>non</strong></span> <span class='ocrx_word' id='word_1_159' title='bbox 294 2583 677 2652; x_wconf 69' lang='lat' dir='ltr'><strong>praemittitur,</strong></span> <span class='ocrx_word' id='word_1_160' title='bbox 733 2597 930 2653; x_wconf 92' lang='lat' dir='ltr'><strong>neque</strong></span> <span class='ocrx_word' id='word_1_161' title='bbox 963 2583 1018 2636; x_wconf 91' lang='lat' dir='ltr'><strong>in</strong></span> <span class='ocrx_word' id='word_1_162' title='bbox 1051 2587 1276 2646; x_wconf 91' lang='lat' dir='ltr'><strong>nostro,</strong></span> <span class='ocrx_word' id='word_1_163' title='bbox 1306 2597 1499 2653; x_wconf 90' lang='lat' dir='ltr'><strong>neque</strong></span> <span class='ocrx_word' id='word_1_164' title='bbox 1526 2581 1586 2636; x_wconf 93' lang='lat' dir='ltr'><strong>in</strong></span> <span class='ocrx_word' id='word_1_165' title='bbox 1611 2583 1780 2637; x_wconf 90' lang='lat' dir='ltr'><strong>Com-</strong></span> 
     </span>
    </p>
   </div>
   <div class='ocr_carea' id='block_1_27' title="bbox 175 2668 1786 2743">
    <p class='ocr_par' dir='ltr' id='par_1_27' title="bbox 175 2668 1786 2743">
     <span class='ocr_line' id='line_1_27' title="bbox 175 2668 1786 2743; baseline 0.001 -21"><span class='ocrx_word' id='word_1_166' title='bbox 175 2668 390 2738; x_wconf 87' lang='lat' dir='ltr'><strong>plutensi</strong></span> <span class='ocrx_word' id='word_1_167' title='bbox 415 2671 742 2743; x_wconf 89' lang='lat' dir='ltr'><strong>exemplari</strong></span> <span class='ocrx_word' id='word_1_168' title='bbox 782 2671 842 2726; x_wconf 93' lang='lat' dir='ltr'><strong>id</strong></span> <span class='ocrx_word' id='word_1_169' title='bbox 883 2671 1042 2742; x_wconf 88' lang='lat' dir='ltr'><strong>quod</strong></span> <span class='ocrx_word' id='word_1_170' title='bbox 1072 2671 1326 2726; x_wconf 90' lang='lat' dir='ltr'><strong>habetur</strong></span> <span class='ocrx_word' id='word_1_171' title='bbox 1349 2671 1407 2724; x_wconf 89' lang='lat' dir='ltr'><strong>in</strong></span> <span class='ocrx_word' id='word_1_172' title='bbox 1445 2668 1786 2739; x_wconf 83' lang='lat' dir='ltr'><strong>vulgaribus</strong></span> 
     </span>
    </p>
   </div>
   <div class='ocr_carea' id='block_1_28' title="bbox 176 2757 1787 2832">
    <p class='ocr_par' dir='ltr' id='par_1_28' title="bbox 176 2757 1787 2832">
     <span class='ocr_line' id='line_1_28' title="bbox 176 2757 1787 2832; baseline 0 -22"><span class='ocrx_word' id='word_1_173' title='bbox 176 2758 358 2811; x_wconf 63' lang='lat' dir='ltr'><strong>Grecis</strong></span> <span class='ocrx_word' id='word_1_174' title='bbox 399 2760 835 2832; x_wconf 80' lang='lat' dir='ltr'><strong>exemplaribus</strong></span> <span class='ocrx_word' id='word_1_175' title='bbox 891 2759 1012 2830; x_wconf 87' lang='lat' dir='ltr'><strong>(f):</strong></span> <span class='ocrx_word' id='word_1_176' title='bbox 1075 2763 1173 2811; x_wconf 74' lang='grc' dir='ltr'><strong>Καὶ</strong></span> <span class='ocrx_word' id='word_1_177' title='bbox 1214 2757 1321 2810; x_wconf 80' lang='grc' dir='ltr'>εἶπε</span> <span class='ocrx_word' id='word_1_178' title='bbox 1368 2767 1478 2820; x_wconf 85' lang='grc' dir='ltr'><strong>τοῖς</strong></span> <span class='ocrx_word' id='word_1_179' title='bbox 1525 2761 1787 2831; x_wconf 76' lang='grc' dir='ltr'><strong>μαθηταῖς</strong></span> 
     </span>
    </p>
   </div>
   <div class='ocr_carea' id='block_1_29' title="bbox 175 2845 1029 2919">
    <p class='ocr_par' dir='ltr' id='par_1_29' title="bbox 175 2845 1029 2919">
     <span class='ocr_line' id='line_1_29' title="bbox 175 2845 1029 2919; baseline 0.008 -24"><span class='ocrx_word' id='word_1_180' title='bbox 175 2845 332 2910; x_wconf 64' lang='grc' dir='ltr'><strong>αὑτοῦ,</strong></span> <span class='ocrx_word' id='word_1_181' title='bbox 363 2848 419 2902; x_wconf 79' lang='lat' dir='ltr'><strong>Et</strong></span> <span class='ocrx_word' id='word_1_182' title='bbox 446 2849 518 2903; x_wconf 89' lang='lat' dir='ltr'><strong>ait</strong></span> <span class='ocrx_word' id='word_1_183' title='bbox 537 2847 852 2919; x_wconf 85' lang='lat' dir='ltr'><strong>discipulis</strong></span> <span class='ocrx_word' id='word_1_184' title='bbox 883 2846 1029 2902; x_wconf 89' lang='lat' dir='ltr'><strong>suis.</strong></span> 
     </span>
    </p>
   </div>
   <div class='ocr_carea' id='block_1_30' title="bbox 236 2952 1788 3025">
    <p class='ocr_par' dir='ltr' id='par_1_30' title="bbox 236 2952 1788 3025">
     <span class='ocr_line' id='line_1_30' title="bbox 236 2952 1788 3025; baseline 0.002 -21"><span class='ocrx_word' id='word_1_185' title='bbox 236 2952 308 3008; x_wconf 77' lang='grc'><strong>14.</strong></span> <span class='ocrx_word' id='word_1_186' title='bbox 339 2953 418 3008; x_wconf 88' lang='grc'><strong>30.</strong></span> <span class='ocrx_word' id='word_1_187' title='bbox 449 2954 616 3009; x_wconf 88' lang='lat' dir='ltr'><strong>Venit</strong></span> <span class='ocrx_word' id='word_1_188' title='bbox 665 2953 826 3008; x_wconf 92' lang='lat' dir='ltr'><strong>enim</strong></span> <span class='ocrx_word' id='word_1_189' title='bbox 881 2954 1161 3025; x_wconf 89' lang='lat' dir='ltr'><strong>princeps</strong></span> <span class='ocrx_word' id='word_1_190' title='bbox 1209 2953 1438 3008; x_wconf 89' lang='lat' dir='ltr'><strong>mundi.</strong></span> <span class='ocrx_word' id='word_1_191' title='bbox 1494 2955 1619 3009; x_wconf 86' lang='lat' dir='ltr'><strong>Non</strong></span> <span class='ocrx_word' id='word_1_192' title='bbox 1686 2953 1788 3008; x_wconf 89' lang='lat' dir='ltr'><strong>ad-</strong></span> 
     </span>
    </p>
   </div>
   <div class='ocr_carea' id='block_1_31' title="bbox 177 3037 1788 3115">
    <p class='ocr_par' dir='ltr' id='par_1_31' title="bbox 177 3037 1788 3115">
     <span class='ocr_line' id='line_1_31' title="bbox 177 3037 1788 3115; baseline 0.003 -24"><span class='ocrx_word' id='word_1_193' title='bbox 177 3037 304 3094; x_wconf 90' lang='lat' dir='ltr'><strong>ditur</strong></span> <span class='ocrx_word' id='word_1_194' title='bbox 353 3044 527 3094; x_wconf 76' lang='grc' dir='ltr'>τούτου</span> <span class='ocrx_word' id='word_1_195' title='bbox 566 3043 777 3113; x_wconf 88' lang='lat' dir='ltr'><strong>hujus,</strong></span> <span class='ocrx_word' id='word_1_196' title='bbox 809 3057 1002 3115; x_wconf 82' lang='lat' dir='ltr'><strong>neque</strong></span> <span class='ocrx_word' id='word_1_197' title='bbox 1033 3041 1093 3097; x_wconf 91' lang='lat' dir='ltr'><strong>in</strong></span> <span class='ocrx_word' id='word_1_198' title='bbox 1146 3041 1467 3114; x_wconf 89' lang='lat' dir='ltr'><strong>exemplari</strong></span> <span class='ocrx_word' id='word_1_199' title='bbox 1517 3041 1788 3114; x_wconf 90' lang='lat' dir='ltr'><strong>Complu-</strong></span> 
     </span>
    </p>
   </div>
   <div class='ocr_carea' id='block_1_32' title="bbox 180 3130 318 3183">
    <p class='ocr_par' dir='ltr' id='par_1_32' title="bbox 180 3130 318 3183">
     <span class='ocr_line' id='line_1_32' title="bbox 180 3130 318 3183; baseline 0.007 -1"><span class='ocrx_word' id='word_1_200' title='bbox 180 3130 318 3183; x_wconf 84' lang='lat' dir='ltr'><strong>tensi.</strong></span> 
     </span>
    </p>
   </div>
   <div class='ocr_carea' id='block_1_33' title="bbox 240 3225 1786 3299">
    <p class='ocr_par' dir='ltr' id='par_1_33' title="bbox 240 3225 1786 3299">
     <span class='ocr_line' id='line_1_33' title="bbox 240 3225 1786 3299; baseline 0.002 -21"><span class='ocrx_word' id='word_1_201' title='bbox 240 3225 311 3289; x_wconf 89' lang='grc'><strong>16,</strong></span> <span class='ocrx_word' id='word_1_202' title='bbox 355 3228 402 3291; x_wconf 93' lang='lat'><strong>3,</strong></span> <span class='ocrx_word' id='word_1_203' title='bbox 456 3227 523 3284; x_wconf 87' lang='lat' dir='ltr'><strong>Et</strong></span> <span class='ocrx_word' id='word_1_204' title='bbox 594 3227 730 3282; x_wconf 75' lang='lat' dir='ltr'><strong>haec</strong></span> <span class='ocrx_word' id='word_1_205' title='bbox 806 3226 1037 3292; x_wconf 85' lang='lat' dir='ltr'><strong>facient,</strong></span> <span class='ocrx_word' id='word_1_206' title='bbox 1087 3227 1233 3299; x_wconf 91' lang='lat' dir='ltr'><strong>quia</strong></span> <span class='ocrx_word' id='word_1_207' title='bbox 1285 3241 1406 3282; x_wconf 90' lang='lat' dir='ltr'><strong>non</strong></span> <span class='ocrx_word' id='word_1_208' title='bbox 1477 3230 1786 3283; x_wconf 88' lang='lat' dir='ltr'><strong>noverunt.</strong></span> 
     </span>
    </p>
   </div>
   <div class='ocr_carea' id='block_1_34' title="bbox 184 3313 1786 3388">
    <p class='ocr_par' dir='ltr' id='par_1_34' title="bbox 184 3313 1786 3388">
     <span class='ocr_line' id='line_1_34' title="bbox 184 3313 1786 3388; baseline 0.001 -23"><span class='ocrx_word' id='word_1_209' title='bbox 184 3314 282 3366; x_wconf 71' lang='lat' dir='ltr'><strong>Non</strong></span> <span class='ocrx_word' id='word_1_210' title='bbox 293 3313 514 3370; x_wconf 91' lang='lat' dir='ltr'><strong>additur</strong></span> <span class='ocrx_word' id='word_1_211' title='bbox 539 3317 664 3388; x_wconf 76' lang='grc' dir='ltr'><strong>ὑμῖν</strong></span> <span class='ocrx_word' id='word_1_212' title='bbox 683 3315 849 3384; x_wconf 72' lang='lat' dir='ltr'><strong>vobis,</strong></span> <span class='ocrx_word' id='word_1_213' title='bbox 892 3316 1072 3370; x_wconf 90' lang='lat' dir='ltr'><strong>necin</strong></span> <span class='ocrx_word' id='word_1_214' title='bbox 1089 3314 1347 3370; x_wconf 90' lang='lat' dir='ltr'><strong>editione</strong></span> <span class='ocrx_word' id='word_1_215' title='bbox 1361 3313 1786 3385; x_wconf 86' lang='lat' dir='ltr'><strong>Complutensi.</strong></span> 
     </span>
    </p>
   </div>
   <div class='ocr_carea' id='block_1_35' title="bbox 242 3417 1792 3489">
    <p class='ocr_par' dir='ltr' id='par_1_35' title="bbox 242 3417 1792 3489">
     <span class='ocr_line' id='line_1_35' title="bbox 242 3417 1792 3489; baseline 0.001 -18"><span class='ocrx_word' id='word_1_216' title='bbox 242 3417 308 3487; x_wconf 86' lang='lat' dir='ltr'><strong>l6,</strong></span> <span class='ocrx_word' id='word_1_217' title='bbox 336 3419 384 3473; x_wconf 87' lang='lat'><strong>5.</strong></span> <span class='ocrx_word' id='word_1_218' title='bbox 441 3422 504 3476; x_wconf 92' lang='lat' dir='ltr'><strong>Et</strong></span> <span class='ocrx_word' id='word_1_219' title='bbox 559 3435 744 3476; x_wconf 89' lang='lat' dir='ltr'><strong>nemo</strong></span> <span class='ocrx_word' id='word_1_220' title='bbox 797 3421 1122 3489; x_wconf 85' lang='lat' dir='ltr'><strong>interrogat</strong></span> <span class='ocrx_word' id='word_1_221' title='bbox 1187 3435 1338 3474; x_wconf 91' lang='lat' dir='ltr'><strong>me:</strong></span> <span class='ocrx_word' id='word_1_222' title='bbox 1391 3420 1518 3483; x_wconf 88' lang='lat' dir='ltr'><strong>Quo</strong></span> <span class='ocrx_word' id='word_1_223' title='bbox 1575 3418 1705 3474; x_wconf 89' lang='lat' dir='ltr'><strong>abis</strong></span> <span class='ocrx_word' id='word_1_224' title='bbox 1763 3417 1792 3472; x_wconf 83' lang='lat'><strong>?</strong></span> 
     </span>
    </p>
   </div>
   <div class='ocr_carea' id='block_1_36' title="bbox 184 3506 1790 3580">
    <p class='ocr_par' dir='ltr' id='par_1_36' title="bbox 184 3506 1790 3580">
     <span class='ocr_line' id='line_1_36' title="bbox 184 3506 1790 3580; baseline 0.008 -22"><span class='ocrx_word' id='word_1_225' title='bbox 184 3507 283 3561; x_wconf 70' lang='lat' dir='ltr'><strong>Non</strong></span> <span class='ocrx_word' id='word_1_226' title='bbox 307 3509 662 3580; x_wconf 66' lang='lat' dir='ltr'><strong>prmponitur</strong></span> <span class='ocrx_word' id='word_1_227' title='bbox 689 3512 828 3564; x_wconf 85' lang='lat' dir='ltr'><strong>ante</strong></span> <span class='ocrx_word' id='word_1_228' title='bbox 886 3509 1129 3564; x_wconf 88' lang='lat' dir='ltr'><strong>verbum</strong></span> <span class='ocrx_word' id='word_1_229' title='bbox 1178 3509 1503 3576; x_wconf 85' lang='lat' dir='ltr'><strong>interrogat</strong></span> <span class='ocrx_word' id='word_1_230' title='bbox 1551 3506 1602 3569; x_wconf 71' lang='grc' dir='ltr'><strong>ἐξ</strong></span> <span class='ocrx_word' id='word_1_231' title='bbox 1627 3509 1790 3580; x_wconf 73' lang='grc' dir='ltr'><strong>ὑμῶν,</strong></span> 
     </span>
    </p>
   </div>
   <div class='ocr_carea' id='block_1_37' title="bbox 185 3596 433 3650">
    <p class='ocr_par' dir='ltr' id='par_1_37' title="bbox 185 3596 433 3650">
     <span class='ocr_line' id='line_1_37' title="bbox 185 3596 433 3650; baseline 0.024 -6"><span class='ocrx_word' id='word_1_232' title='bbox 185 3608 239 3647; x_wconf 88' lang='lat' dir='ltr'><strong>ex</strong></span> <span class='ocrx_word' id='word_1_233' title='bbox 264 3596 433 3650; x_wconf 79' lang='lat' dir='ltr'><strong>vobis.</strong></span> 
     </span>
    </p>
   </div>
   <div class='ocr_carea' id='block_1_38' title="bbox 241 3701 1793 3772">
    <p class='ocr_par' dir='ltr' id='par_1_38' title="bbox 241 3701 1793 3772">
     <span class='ocr_line' id='line_1_38' title="bbox 241 3701 1793 3772; baseline 0.003 -20"><span class='ocrx_word' id='word_1_234' title='bbox 241 3701 404 3766; x_wconf 70' lang='lat'><strong>16,“).</strong></span> <span class='ocrx_word' id='word_1_235' title='bbox 441 3707 516 3758; x_wconf 84' lang='lat' dir='ltr'><strong>De</strong></span> <span class='ocrx_word' id='word_1_236' title='bbox 531 3702 767 3772; x_wconf 81' lang='lat' dir='ltr'><strong>justitia</strong></span> <span class='ocrx_word' id='word_1_237' title='bbox 788 3707 1010 3764; x_wconf 90' lang='lat' dir='ltr'><strong>autem,</strong></span> <span class='ocrx_word' id='word_1_238' title='bbox 1038 3703 1177 3772; x_wconf 87' lang='lat' dir='ltr'><strong>quia</strong></span> <span class='ocrx_word' id='word_1_239' title='bbox 1199 3702 1271 3757; x_wconf 88' lang='lat' dir='ltr'><strong>ad</strong></span> <span class='ocrx_word' id='word_1_240' title='bbox 1303 3702 1793 3772; x_wconf 88' lang='lat' dir='ltr'><strong>Patrem(meum)</strong></span> 
     </span>
    </p>
   </div>
   <div class='ocr_carea' id='block_1_39' title="bbox 185 3876 1794 3948">
    <p class='ocr_par' dir='ltr' id='par_1_39' title="bbox 185 3876 1794 3948">
     <span class='ocr_line' id='line_1_39' title="bbox 185 3876 1794 3948; baseline 0.002 -21"><span class='ocrx_word' id='word_1_241' title='bbox 185 3881 228 3948; x_wconf 78' lang='lat' dir='ltr'><strong>et</strong></span> <span class='ocrx_word' id='word_1_242' title='bbox 245 3876 442 3948; x_wconf 82' lang='lat' dir='ltr'><strong>invenit</strong></span> <span class='ocrx_word' id='word_1_243' title='bbox 469 3883 526 3934; x_wconf 94' lang='lat' dir='ltr'><strong>et</strong></span> <span class='ocrx_word' id='word_1_244' title='bbox 565 3894 690 3934; x_wconf 91' lang='lat' dir='ltr'><strong>non</strong></span> <span class='ocrx_word' id='word_1_245' title='bbox 748 3878 993 3932; x_wconf 89' lang='lat' dir='ltr'><strong>invenit.</strong></span> <span class='ocrx_word' id='word_1_246' title='bbox 1046 3881 1190 3933; x_wconf 84' lang='lat' dir='ltr'><strong>Nam</strong></span> <span class='ocrx_word' id='word_1_247' title='bbox 1220 3877 1280 3932; x_wconf 91' lang='lat' dir='ltr'><strong>in</strong></span> <span class='ocrx_word' id='word_1_248' title='bbox 1314 3879 1509 3948; x_wconf 85' lang='lat' dir='ltr'><strong>prima</strong></span> <span class='ocrx_word' id='word_1_249' title='bbox 1537 3877 1794 3933; x_wconf 88' lang='lat' dir='ltr'><strong>editione</strong></span> 
     </span>
    </p>
   </div>
   <div class='ocr_carea' id='block_1_40' title="bbox 184 3945 1796 4020">
    <p class='ocr_par' dir='ltr' id='par_1_40' title="bbox 184 3945 1796 4020">
     <span class='ocr_line' id='line_1_40' title="bbox 184 3945 1796 4020; baseline 0.002 -21"><span class='ocrx_word' id='word_1_250' title='bbox 184 3945 349 4020; x_wconf 72' lang='lat' dir='ltr'><strong>habet,</strong></span> <span class='ocrx_word' id='word_1_251' title='bbox 379 3951 434 4004; x_wconf 90' lang='lat' dir='ltr'><strong>in</strong></span> <span class='ocrx_word' id='word_1_252' title='bbox 461 3950 710 4020; x_wconf 89' lang='lat' dir='ltr'><strong>reliquis</strong></span> <span class='ocrx_word' id='word_1_253' title='bbox 740 3948 962 4004; x_wconf 91' lang='lat' dir='ltr'><strong>omisit.</strong></span> <span class='ocrx_word' id='word_1_254' title='bbox 1017 3945 1329 4020; x_wconf 74' lang='lat' dir='ltr'><strong>Compara</strong></span> <span class='ocrx_word' id='word_1_255' title='bbox 1371 3949 1498 4018; x_wconf 91' lang='lat' dir='ltr'><strong>ejus</strong></span> <span class='ocrx_word' id='word_1_256' title='bbox 1524 3949 1597 4003; x_wconf 88' lang='lat' dir='ltr'><strong>ad</strong></span> <span class='ocrx_word' id='word_1_257' title='bbox 1641 3949 1796 4004; x_wconf 91' lang='lat' dir='ltr'><strong>hunc</strong></span> 
     </span>
    </p>
   </div>
   <div class='ocr_carea' id='block_1_41' title="bbox 187 4016 1791 4091">
    <p class='ocr_par' dir='ltr' id='par_1_41' title="bbox 187 4016 1791 4091">
     <span class='ocr_line' id='line_1_41' title="bbox 187 4016 1791 4091; baseline 0.002 -21"><span class='ocrx_word' id='word_1_258' title='bbox 187 4016 340 4073; x_wconf 85' lang='lat' dir='ltr'><strong>locum</strong></span> <span class='ocrx_word' id='word_1_259' title='bbox 364 4016 964 4091; x_wconf 77' lang='lat' dir='ltr'><strong>animadversionem.</strong></span> <span class='ocrx_word' id='word_1_260' title='bbox 990 4016 1185 4074; x_wconf 79' lang='lat' dir='ltr'><strong>Altera</strong></span> <span class='ocrx_word' id='word_1_261' title='bbox 1225 4016 1515 4091; x_wconf 69' lang='lat' dir='ltr'><strong>quaestio.</strong></span> <span class='ocrx_word' id='word_1_262' title='bbox 1528 4022 1644 4091; x_wconf 78' lang='lat' dir='ltr'><strong>Cur</strong></span> <span class='ocrx_word' id='word_1_263' title='bbox 1668 4020 1791 4074; x_wconf 88' lang='lat' dir='ltr'><strong>Hie-</strong></span> 
     </span>
    </p>
   </div>
   <div class='ocr_carea' id='block_1_42' title="bbox 184 4088 1798 4160">
    <p class='ocr_par' dir='ltr' id='par_1_42' title="bbox 184 4088 1798 4160">
     <span class='ocr_line' id='line_1_42' title="bbox 184 4088 1798 4160; baseline 0.004 -21"><span class='ocrx_word' id='word_1_264' title='bbox 184 4102 434 4159; x_wconf 83' lang='lat' dir='ltr'><strong>ronymus</strong></span> <span class='ocrx_word' id='word_1_265' title='bbox 485 4094 542 4146; x_wconf 90' lang='lat' dir='ltr'><strong>in</strong></span> <span class='ocrx_word' id='word_1_266' title='bbox 578 4090 832 4160; x_wconf 82' lang='lat' dir='ltr'><strong>Vulgata</strong></span> <span class='ocrx_word' id='word_1_267' title='bbox 896 4090 1096 4145; x_wconf 85' lang='lat' dir='ltr'><strong>Latina</strong></span> <span class='ocrx_word' id='word_1_268' title='bbox 1126 4088 1325 4145; x_wconf 74' lang='lat' dir='ltr'><strong>omisit</strong></span> <span class='ocrx_word' id='word_1_269' title='bbox 1363 4088 1392 4143; x_wconf 59' lang='grc' dir='ltr'><em>ἲ</em></span> <span class='ocrx_word' id='word_1_270' title='bbox 1427 4089 1654 4145; x_wconf 88' lang='lat' dir='ltr'><strong>Scilicet</strong></span> <span class='ocrx_word' id='word_1_271' title='bbox 1701 4091 1798 4145; x_wconf 91' lang='lat' dir='ltr'><strong>hic</strong></span> 
     </span>
    </p>
   </div>
   <div class='ocr_carea' id='block_1_43' title="bbox 186 4161 1795 4233">
    <p class='ocr_par' dir='ltr' id='par_1_43' title="bbox 186 4161 1795 4233">
     <span class='ocr_line' id='line_1_43' title="bbox 186 4161 1795 4233; baseline 0.002 -23"><span class='ocrx_word' id='word_1_272' title='bbox 186 4172 380 4233; x_wconf 81' lang='lat' dir='ltr'><strong>quoque</strong></span> <span class='ocrx_word' id='word_1_273' title='bbox 396 4177 631 4217; x_wconf 87' lang='lat' dir='ltr'><strong>servum</strong></span> <span class='ocrx_word' id='word_1_274' title='bbox 663 4177 846 4233; x_wconf 89' lang='lat' dir='ltr'><strong>pecus</strong></span> <span class='ocrx_word' id='word_1_275' title='bbox 871 4162 1137 4233; x_wconf 77' lang='lat' dir='ltr'><strong>sequitur</strong></span> <span class='ocrx_word' id='word_1_276' title='bbox 1154 4177 1436 4215; x_wconf 88' lang='lat' dir='ltr'><strong>vesanum</strong></span> <span class='ocrx_word' id='word_1_277' title='bbox 1460 4161 1795 4233; x_wconf 78' lang='lat' dir='ltr'><strong>Origenem.</strong></span> 
     </span>
    </p>
   </div>
   <div class='ocr_carea' id='block_1_44' title="bbox 190 4231 1797 4302">
    <p class='ocr_par' dir='ltr' id='par_1_44' title="bbox 190 4231 1797 4302">
     <span class='ocr_line' id='line_1_44' title="bbox 190 4231 1797 4302; baseline 0.002 -20"><span class='ocrx_word' id='word_1_278' title='bbox 190 4233 283 4302; x_wconf 52' lang='lat' dir='ltr'><strong>Sec</strong></span> <span class='ocrx_word' id='word_1_279' title='bbox 301 4231 693 4301; x_wconf 82' lang='lat' dir='ltr'><strong>diligentiores</strong></span> <span class='ocrx_word' id='word_1_280' title='bbox 719 4231 1432 4300; x_wconf 38' lang='lat' dir='ltr'><strong>fuerent’Chrysostomus</strong></span> <span class='ocrx_word' id='word_1_281' title='bbox 1453 4237 1510 4286; x_wconf 93' lang='lat' dir='ltr'><strong>et</strong></span> <span class='ocrx_word' id='word_1_282' title='bbox 1525 4231 1797 4302; x_wconf 85' lang='lat' dir='ltr'><strong>Cyrillus.</strong></span> 
     </span>
    </p>
   </div>
   <div class='ocr_carea' id='block_1_45' title="bbox 193 4300 1795 4369">
    <p class='ocr_par' dir='ltr' id='par_1_45' title="bbox 193 4300 1795 4369">
     <span class='ocr_line' id='line_1_45' title="bbox 193 4300 1795 4369; baseline 0.004 -19"><span class='ocrx_word' id='word_1_283' title='bbox 193 4300 343 4369; x_wconf 81' lang='lat' dir='ltr'><strong>Vulgo</strong></span> <span class='ocrx_word' id='word_1_284' title='bbox 385 4305 628 4359; x_wconf 89' lang='lat' dir='ltr'><strong>credunt</strong></span> <span class='ocrx_word' id='word_1_285' title='bbox 684 4303 812 4358; x_wconf 66' lang='lat' dir='ltr'><strong>haec</strong></span> <span class='ocrx_word' id='word_1_286' title='bbox 865 4308 1069 4358; x_wconf 89' lang='lat' dir='ltr'><strong>assuta</strong></span> <span class='ocrx_word' id='word_1_287' title='bbox 1113 4318 1242 4359; x_wconf 91' lang='lat' dir='ltr'><strong>esse</strong></span> <span class='ocrx_word' id='word_1_288' title='bbox 1281 4318 1356 4358; x_wconf 88' lang='lat' dir='ltr'><strong>ex</strong></span> <span class='ocrx_word' id='word_1_289' title='bbox 1405 4303 1535 4358; x_wconf 86' lang='lat' dir='ltr'><strong>Luc.</strong></span> <span class='ocrx_word' id='word_1_290' title='bbox 1572 4300 1662 4366; x_wconf 77' lang='grc' dir='ltr'><strong>ἰν,</strong></span> <span class='ocrx_word' id='word_1_291' title='bbox 1709 4302 1795 4357; x_wconf 89' lang='grc'><strong>30.</strong></span> 
     </span>
    </p>
   </div>
   <div class='ocr_carea' id='block_1_46' title="bbox 192 4369 1879 4445">
    <p class='ocr_par' dir='ltr' id='par_1_46' title="bbox 192 4369 1879 4445">
     <span class='ocr_line' id='line_1_46' title="bbox 192 4369 1879 4445; baseline 0 -22"><span class='ocrx_word' id='word_1_292' title='bbox 192 4370 338 4427; x_wconf 87' lang='lat' dir='ltr'><strong>Stulte</strong></span> <span class='ocrx_word' id='word_1_293' title='bbox 378 4375 388 4427; x_wconf 86' lang='lat' dir='ltr'><strong>l</strong></span> <span class='ocrx_word' id='word_1_294' title='bbox 435 4376 554 4431; x_wconf 88' lang='lat' dir='ltr'><strong>Suo</strong></span> <span class='ocrx_word' id='word_1_295' title='bbox 605 4380 868 4445; x_wconf 86' lang='lat' dir='ltr'><strong>tempore</strong></span> <span class='ocrx_word' id='word_1_296' title='bbox 916 4377 1102 4429; x_wconf 88' lang='lat' dir='ltr'><strong>totam</strong></span> <span class='ocrx_word' id='word_1_297' title='bbox 1145 4389 1273 4428; x_wconf 91' lang='lat' dir='ltr'><strong>rem</strong></span> <span class='ocrx_word' id='word_1_298' title='bbox 1327 4372 1406 4428; x_wconf 90' lang='lat' dir='ltr'><strong>ad</strong></span> <span class='ocrx_word' id='word_1_299' title='bbox 1452 4372 1656 4445; x_wconf 87' lang='lat' dir='ltr'><strong>oculos</strong></span> <span class='ocrx_word' id='word_1_300' title='bbox 1708 4374 1802 4429; x_wconf 91' lang='lat' dir='ltr'><strong>de-</strong></span> <span class='ocrx_word' id='word_1_301' title='bbox 1833 4369 1879 4423; x_wconf 94' lang='lat' dir='ltr'><strong>D</strong></span> 
     </span>
    </p>
   </div>
   <div class='ocr_carea' id='block_1_47' title="bbox 193 4444 1802 4568">
    <p class='ocr_par' dir='ltr' id='par_1_47' title="bbox 193 4444 1802 4568">
     <span class='ocr_line' id='line_1_47' title="bbox 193 4444 1802 4568; baseline 0.001 -72"><span class='ocrx_word' id='word_1_302' title='bbox 193 4446 518 4568; x_wconf 54' lang='lat' dir='ltr'><strong>Eonﬁtrabo.</strong></span> <span class='ocrx_word' id='word_1_303' title='bbox 555 4447 686 4500; x_wconf 60' lang='lat' dir='ltr'><strong>Haec</strong></span> <span class='ocrx_word' id='word_1_304' title='bbox 723 4444 874 4500; x_wconf 84' lang='lat' dir='ltr'><strong>adeo</strong></span> <span class='ocrx_word' id='word_1_305' title='bbox 902 4449 1100 4500; x_wconf 90' lang='lat' dir='ltr'><strong>servat</strong></span> <span class='ocrx_word' id='word_1_306' title='bbox 1130 4445 1441 4500; x_wconf 88' lang='lat' dir='ltr'><strong>Vaticanus</strong></span> <span class='ocrx_word' id='word_1_307' title='bbox 1471 4444 1608 4500; x_wconf 85' lang='grc'><strong>1209</strong></span> <span class='ocrx_word' id='word_1_308' title='bbox 1639 4445 1802 4516; x_wconf 90' lang='lat' dir='ltr'><strong>apud</strong></span> 
     </span>
     <span class='ocr_line' id='line_1_48' title="bbox 241 4529 469 4568; baseline 0 0"><span class='ocrx_word' id='word_1_309' title='bbox 241 4529 294 4568; x_wconf 90' lang='lat' dir='ltr'><strong>rc</strong></span> <span class='ocrx_word' id='word_1_310' title='bbox 333 4531 469 4568; x_wconf 83' lang='lat' dir='ltr'><strong>ium.</strong></span> 
     </span>
    </p>
   </div>
   <div class='ocr_carea' id='block_1_48' title="bbox 241 4529 469 4570">
    <p class='ocr_par' dir='ltr' id='par_1_48' title="bbox 241 4529 469 4570">
     <span class='ocr_line' id='line_1_49' title="bbox 241 4529 469 4570; baseline 0.009 -2"><span class='ocrx_word' id='word_1_311' title='bbox 241 4529 446 4570; x_wconf 70' lang='lat' dir='ltr'><strong>mllle</strong></span> <span class='ocrx_word' id='word_1_312' title='bbox 457 4559 469 4569; x_wconf 93' lang='lat'><strong>.</strong></span> 
     </span>
    </p>
   </div>
   <div class='ocr_carea' id='block_1_49' title="bbox 250 4584 1806 4656">
    <p class='ocr_par' dir='ltr' id='par_1_49' title="bbox 250 4584 1806 4656">
     <span class='ocr_line' id='line_1_50' title="bbox 250 4584 1806 4656; baseline 0.001 -16"><span class='ocrx_word' id='word_1_313' title='bbox 250 4585 312 4653; x_wconf 81' lang='grc' dir='ltr'><strong>(ε)</strong></span> <span class='ocrx_word' id='word_1_314' title='bbox 337 4586 629 4651; x_wconf 77' lang='lat' dir='ltr'><strong>Erasmus,</strong></span> <span class='ocrx_word' id='word_1_315' title='bbox 673 4587 981 4656; x_wconf 89' lang='lat' dir='ltr'><strong>impostor,</strong></span> <span class='ocrx_word' id='word_1_316' title='bbox 1008 4601 1127 4641; x_wconf 89' lang='lat' dir='ltr'><strong>non</strong></span> <span class='ocrx_word' id='word_1_317' title='bbox 1167 4585 1425 4654; x_wconf 90' lang='lat' dir='ltr'><strong>criticus,</strong></span> <span class='ocrx_word' id='word_1_318' title='bbox 1453 4585 1512 4640; x_wconf 92' lang='lat' dir='ltr'><strong>in</strong></span> <span class='ocrx_word' id='word_1_319' title='bbox 1554 4584 1806 4656; x_wconf 83' lang='lat' dir='ltr'><strong>Vulgata</strong></span> 
     </span>
    </p>
   </div>
   <div class='ocr_carea' id='block_1_50' title="bbox 194 4656 1807 4725">
    <p class='ocr_par' dir='ltr' id='par_1_50' title="bbox 194 4656 1807 4725">
     <span class='ocr_line' id='line_1_51' title="bbox 194 4656 1807 4725; baseline 0.001 -16"><span class='ocrx_word' id='word_1_320' title='bbox 194 4656 481 4725; x_wconf 73' lang='lat' dir='ltr'><strong>reperiebat</strong></span> <span class='ocrx_word' id='word_1_321' title='bbox 524 4656 858 4713; x_wconf 86' lang='lat' dir='ltr'><strong>mendicus.</strong></span> <span class='ocrx_word' id='word_1_322' title='bbox 907 4658 988 4712; x_wconf 86' lang='lat' dir='ltr'><strong>Ex</strong></span> <span class='ocrx_word' id='word_1_323' title='bbox 1018 4657 1232 4712; x_wconf 89' lang='lat' dir='ltr'><strong>Lexico</strong></span> <span class='ocrx_word' id='word_1_324' title='bbox 1261 4671 1404 4725; x_wconf 87' lang='lat' dir='ltr'><strong>ergo</strong></span> <span class='ocrx_word' id='word_1_325' title='bbox 1443 4671 1553 4712; x_wconf 87' lang='lat' dir='ltr'><strong>suo</strong></span> <span class='ocrx_word' id='word_1_326' title='bbox 1597 4656 1807 4711; x_wconf 91' lang='lat' dir='ltr'><strong>redde-</strong></span> 
     </span>
    </p>
   </div>
   <div class='ocr_carea' id='block_1_51' title="bbox 195 4723 1802 4800">
    <p class='ocr_par' dir='ltr' id='par_1_51' title="bbox 195 4723 1802 4800">
     <span class='ocr_line' id='line_1_52' title="bbox 195 4723 1802 4800; baseline 0.001 -19"><span class='ocrx_word' id='word_1_327' title='bbox 195 4723 276 4800; x_wconf 64' lang='grc' dir='ltr'><strong>ζ)έί</strong></span> <span class='ocrx_word' id='word_1_328' title='bbox 326 4734 550 4799; x_wconf 77' lang='grc' dir='ltr'><strong>πτωχός.</strong></span> <span class='ocrx_word' id='word_1_329' title='bbox 601 4731 826 4800; x_wconf 91' lang='lat' dir='ltr'><strong>lnepte.</strong></span> <span class='ocrx_word' id='word_1_330' title='bbox 877 4727 1140 4800; x_wconf 78' lang='lat' dir='ltr'><strong>Reddere</strong></span> <span class='ocrx_word' id='word_1_331' title='bbox 1177 4723 1438 4800; x_wconf 87' lang='lat' dir='ltr'><strong>debebat</strong></span> <span class='ocrx_word' id='word_1_332' title='bbox 1495 4731 1802 4800; x_wconf 73' lang='grc' dir='ltr'><strong>προσαίτης.</strong></span> 
     </span>
    </p>
   </div>
   <div class='ocr_carea' id='block_1_52' title="bbox 197 4795 1804 4869">
    <p class='ocr_par' dir='ltr' id='par_1_52' title="bbox 197 4795 1804 4869">
     <span class='ocr_line' id='line_1_53' title="bbox 197 4795 1804 4869; baseline 0.002 -21"><span class='ocrx_word' id='word_1_333' title='bbox 197 4795 945 4869; x_wconf 23' lang='lat' dir='ltr'><strong>ltaAenim&#39;Chrysos&#39;tomus.</strong></span> <span class='ocrx_word' id='word_1_334' title='bbox 978 4799 1136 4854; x_wconf 91' lang='lat' dir='ltr'><strong>unde</strong></span> <span class='ocrx_word' id='word_1_335' title='bbox 1187 4799 1316 4854; x_wconf 65' lang='lat' dir='ltr'><strong>haec</strong></span> <span class='ocrx_word' id='word_1_336' title='bbox 1355 4801 1438 4854; x_wconf 92' lang='lat' dir='ltr'><strong>est</strong></span> <span class='ocrx_word' id='word_1_337' title='bbox 1484 4795 1804 4869; x_wconf 84' lang='lat' dir='ltr'><strong>corruptio,</strong></span> 
     </span>
    </p>
   </div>
   <div class='ocr_carea' id='block_1_53' title="bbox 198 4866 1807 4943">
    <p class='ocr_par' dir='ltr' id='par_1_53' title="bbox 198 4866 1807 4943">
     <span class='ocr_line' id='line_1_54' title="bbox 198 4866 1807 4943; baseline -0.002 -22"><span class='ocrx_word' id='word_1_338' title='bbox 198 4866 312 4943; x_wconf 58' lang='lat' dir='ltr'><strong>Vide</strong></span> <span class='ocrx_word' id='word_1_339' title='bbox 331 4875 464 4926; x_wconf 88' lang='lat' dir='ltr'><strong>tom.</strong></span> <span class='ocrx_word' id='word_1_340' title='bbox 499 4866 644 4935; x_wconf 83' lang='lat' dir='ltr'><strong>VIII,</strong></span> <span class='ocrx_word' id='word_1_341' title='bbox 691 4886 754 4942; x_wconf 93' lang='lat' dir='ltr'><strong>p.</strong></span> <span class='ocrx_word' id='word_1_342' title='bbox 805 4873 906 4926; x_wconf 88' lang='lat'><strong><em>333</em></strong></span> <span class='ocrx_word' id='word_1_343' title='bbox 945 4871 1014 4925; x_wconf 84' lang='lat' dir='ltr'><strong>A.</strong></span> <span class='ocrx_word' id='word_1_344' title='bbox 1053 4869 1216 4943; x_wconf 76' lang='lat' dir='ltr'><strong>Unde</strong></span> <span class='ocrx_word' id='word_1_345' title='bbox 1268 4876 1467 4943; x_wconf 86' lang='lat' dir='ltr'><strong>autem</strong></span> <span class='ocrx_word' id='word_1_346' title='bbox 1516 4866 1807 4943; x_wconf 68' lang='grc' dir='ltr'><strong>πρρσαίτης</strong></span> 
     </span>
    </p>
   </div>
   <div class='ocr_carea' id='block_1_54' title="bbox 197 4939 1802 5012">
    <p class='ocr_par' dir='ltr' id='par_1_54' title="bbox 197 4939 1802 5012">
     <span class='ocr_line' id='line_1_55' title="bbox 197 4939 1802 5012; baseline 0.003 -23"><span class='ocrx_word' id='word_1_347' title='bbox 197 4939 455 5012; x_wconf 74' lang='lat' dir='ltr'><strong>invectum</strong></span> <span class='ocrx_word' id='word_1_348' title='bbox 484 4943 512 4994; x_wconf 86' lang='lat'><strong>?</strong></span> <span class='ocrx_word' id='word_1_349' title='bbox 539 4943 652 4997; x_wconf 89' lang='lat' dir='ltr'><strong>Per</strong></span> <span class='ocrx_word' id='word_1_350' title='bbox 681 4939 988 4996; x_wconf 78' lang='lat' dir='ltr'><strong>summam</strong></span> <span class='ocrx_word' id='word_1_351' title='bbox 1029 4940 1454 5012; x_wconf 84' lang='lat' dir='ltr'><strong>negligentiam</strong></span> <span class='ocrx_word' id='word_1_352' title='bbox 1485 4939 1562 4995; x_wconf 86' lang='lat' dir='ltr'><strong>et</strong></span> <span class='ocrx_word' id='word_1_353' title='bbox 1594 4939 1802 5010; x_wconf 60' lang='lat' dir='ltr'><strong>incogio</strong></span> 
     </span>
    </p>
   </div>
   <div class='ocr_carea' id='block_1_55' title="bbox 199 5011 1131 5084">
    <p class='ocr_par' dir='ltr' id='par_1_55' title="bbox 199 5011 1131 5084">
     <span class='ocr_line' id='line_1_56' title="bbox 199 5011 1131 5084; baseline 0.005 -22"><span class='ocrx_word' id='word_1_354' title='bbox 199 5011 406 5084; x_wconf 79' lang='lat' dir='ltr'><strong>tantiam</strong></span> <span class='ocrx_word' id='word_1_355' title='bbox 426 5029 496 5069; x_wconf 88' lang='lat' dir='ltr'><strong>ex</strong></span> <span class='ocrx_word' id='word_1_356' title='bbox 517 5013 793 5084; x_wconf 86' lang='lat' dir='ltr'><strong>proximo</strong></span> <span class='ocrx_word' id='word_1_357' title='bbox 814 5011 1131 5084; x_wconf 65' lang='lat' dir='ltr'><strong>npoaatrév.</strong></span> 
     </span>
    </p>
   </div>
   <div class='ocr_carea' id='block_1_56' title="bbox 253 5081 1809 5153">
    <p class='ocr_par' dir='ltr' id='par_1_56' title="bbox 253 5081 1809 5153">
     <span class='ocr_line' id='line_1_57' title="bbox 253 5081 1809 5153; baseline -0.007 -11"><span class='ocrx_word' id='word_1_358' title='bbox 253 5081 313 5149; x_wconf 73' lang='lat' dir='ltr'><strong>if)</strong></span> <span class='ocrx_word' id='word_1_359' title='bbox 359 5085 450 5137; x_wconf 85' lang='lat' dir='ltr'><strong>Est</strong></span> <span class='ocrx_word' id='word_1_360' title='bbox 502 5081 739 5138; x_wconf 77' lang='lat' dir='ltr'><strong>initium</strong></span> <span class='ocrx_word' id='word_1_361' title='bbox 775 5081 1043 5153; x_wconf 76' lang='lat' dir='ltr'><strong>lectionis</strong></span> <span class='ocrx_word' id='word_1_362' title='bbox 1109 5082 1544 5150; x_wconf 68' lang='lat' dir='ltr'><strong>ecclesiasticae,</strong></span> <span class='ocrx_word' id='word_1_363' title='bbox 1592 5089 1652 5153; x_wconf 73' lang='grc' dir='ltr'>τῇ</span> <span class='ocrx_word' id='word_1_364' title='bbox 1712 5100 1809 5132; x_wconf 86' lang='grc' dir='ltr'><strong>πα-</strong></span> 
     </span>
    </p>
   </div>
   <div class='ocr_carea' id='block_1_57' title="bbox 223 5151 1811 5226">
    <p class='ocr_par' dir='ltr' id='par_1_57' title="bbox 223 5151 1811 5226">
     <span class='ocr_line' id='line_1_58' title="bbox 223 5151 1811 5226; baseline 0.006 -27"><span class='ocrx_word' id='word_1_365' title='bbox 223 5162 383 5226; x_wconf 55' lang='grc' dir='ltr'><strong>απτ-,μῆ</strong></span> <span class='ocrx_word' id='word_1_366' title='bbox 413 5165 505 5217; x_wconf 75' lang='grc' dir='ltr'><strong>τῆς</strong></span> <span class='ocrx_word' id='word_1_367' title='bbox 543 5174 626 5206; x_wconf 79' lang='grc' dir='ltr'><strong>στ.</strong></span> <span class='ocrx_word' id='word_1_368' title='bbox 668 5151 983 5225; x_wconf 76' lang='grc' dir='ltr'><strong>ἑϐδομάδος,</strong></span> <span class='ocrx_word' id='word_1_369' title='bbox 1033 5154 1198 5226; x_wconf 89' lang='lat' dir='ltr'><strong>quod</strong></span> <span class='ocrx_word' id='word_1_370' title='bbox 1237 5153 1514 5209; x_wconf 89' lang='lat' dir='ltr'><strong>homines</strong></span> <span class='ocrx_word' id='word_1_371' title='bbox 1572 5151 1811 5208; x_wconf 86' lang='lat' dir='ltr'><strong>somno-</strong></span> 
     </span>
    </p>
   </div>
   <div class='ocr_carea' id='block_1_58' title="bbox 241 5224 1168 5284">
    <p class='ocr_par' dir='ltr' id='par_1_58' title="bbox 241 5224 1168 5284">
     <span class='ocr_line' id='line_1_59' title="bbox 241 5224 1168 5284; baseline 0.001 -8"><span class='ocrx_word' id='word_1_372' title='bbox 241 5225 306 5278; x_wconf 86' lang='lat' dir='ltr'><strong>nti</strong></span> <span class='ocrx_word' id='word_1_373' title='bbox 335 5224 656 5282; x_wconf 87' lang='lat' dir='ltr'><strong>intulerunt</strong></span> <span class='ocrx_word' id='word_1_374' title='bbox 692 5228 750 5280; x_wconf 88' lang='lat' dir='ltr'><strong>in</strong></span> <span class='ocrx_word' id='word_1_375' title='bbox 795 5224 1168 5284; x_wconf 79' lang='lat' dir='ltr'><strong>contextum.</strong></span> 
     </span>
    </p>
   </div>
   <div class='ocr_carea' id='block_1_59' title="bbox 208 5293 1812 5372">
    <p class='ocr_par' dir='ltr' id='par_1_59' title="bbox 208 5293 1812 5372">
     <span class='ocr_line' id='line_1_60' title="bbox 208 5293 1812 5372; baseline -0.006 -18"><span class='ocrx_word' id='word_1_376' title='bbox 208 5294 318 5372; x_wconf 29' lang='lat' dir='ltr'><strong>“(gl</strong></span> <span class='ocrx_word' id='word_1_377' title='bbox 348 5295 706 5352; x_wconf 88' lang='lat' dir='ltr'><strong>Dissentiunt</strong></span> <span class='ocrx_word' id='word_1_378' title='bbox 757 5296 876 5351; x_wconf 90' lang='lat' dir='ltr'><strong>mei</strong></span> <span class='ocrx_word' id='word_1_379' title='bbox 933 5294 1230 5368; x_wconf 89' lang='lat' dir='ltr'><strong>Euthymii</strong></span> <span class='ocrx_word' id='word_1_380' title='bbox 1279 5295 1537 5358; x_wconf 88' lang='lat' dir='ltr'><strong>codices,</strong></span> <span class='ocrx_word' id='word_1_381' title='bbox 1587 5293 1692 5366; x_wconf 88' lang='lat' dir='ltr'><strong>qui</strong></span> <span class='ocrx_word' id='word_1_382' title='bbox 1738 5293 1812 5345; x_wconf 85' lang='grc' dir='ltr'><strong>λε-</strong></span> 
     </span>
    </p>
   </div>
   <div class='ocr_carea' id='block_1_60' title="bbox 213 5372 660 5423">
    <p class='ocr_par' dir='ltr' id='par_1_60' title="bbox 213 5372 660 5423">
     <span class='ocr_line' id='line_1_61' title="bbox 213 5372 660 5423; baseline 0.004 -2"><span class='ocrx_word' id='word_1_383' title='bbox 213 5379 362 5421; x_wconf 61' lang='lat' dir='ltr'><strong>mna</strong></span> <span class='ocrx_word' id='word_1_384' title='bbox 392 5372 660 5423; x_wconf 80' lang='lat' dir='ltr'><strong>servant.</strong></span> 
     </span>
    </p>
   </div>
   <div class='ocr_carea' id='block_1_61' title="bbox 260 5435 1814 5520">
    <p class='ocr_par' dir='ltr' id='par_1_61' title="bbox 260 5435 1814 5520">
     <span class='ocr_line' id='line_1_62' title="bbox 260 5435 1814 5520; baseline -0.007 -20"><span class='ocrx_word' id='word_1_385' title='bbox 260 5436 990 5520; x_wconf 48' lang='lat' dir='ltr'><strong>(élChrysost.‘t._Vl_ll,p.</strong></span> <span class='ocrx_word' id='word_1_386' title='bbox 1045 5439 1149 5495; x_wconf 77' lang='grc'><strong>468</strong></span> <span class='ocrx_word' id='word_1_387' title='bbox 1178 5440 1248 5520; x_wconf 66' lang='grc' dir='ltr'><strong>Α,</strong></span> <span class='ocrx_word' id='word_1_388' title='bbox 1298 5435 1814 5520; x_wconf 50' lang='grc' dir='ltr'><strong>θεειὶβίιςξιὶάεω</strong></span> 
     </span>
    </p>
   </div>
   <div class='ocr_carea' id='block_1_62' title="bbox 213 5505 1815 5577">
    <p class='ocr_par' dir='ltr' id='par_1_62' title="bbox 213 5505 1815 5577">
     <span class='ocr_line' id='line_1_63' title="bbox 213 5505 1815 5577; baseline 0.004 -24"><span class='ocrx_word' id='word_1_389' title='bbox 213 5505 352 5564; x_wconf 74' lang='lat' dir='ltr'><strong>verba</strong></span> <span class='ocrx_word' id='word_1_390' title='bbox 402 5505 620 5577; x_wconf 78' lang='lat' dir='ltr'><strong>textus,</strong></span> <span class='ocrx_word' id='word_1_391' title='bbox 659 5509 840 5567; x_wconf 86' lang='lat' dir='ltr'><strong>habet</strong></span> <span class='ocrx_word' id='word_1_392' title='bbox 893 5505 1093 5567; x_wconf 83' lang='lat' dir='ltr'><strong>tamen</strong></span> <span class='ocrx_word' id='word_1_393' title='bbox 1151 5509 1278 5566; x_wconf 87' lang='lat' dir='ltr'><strong>suis</strong></span> <span class='ocrx_word' id='word_1_394' title='bbox 1303 5505 1540 5565; x_wconf 82' lang='lat' dir='ltr'><strong>verbis:</strong></span> <span class='ocrx_word' id='word_1_395' title='bbox 1576 5505 1701 5567; x_wconf 78' lang='grc' dir='ltr'><strong>Ἕως</strong></span> <span class='ocrx_word' id='word_1_396' title='bbox 1755 5527 1815 5559; x_wconf 83' lang='grc' dir='ltr'><strong>αν</strong></span> 
     </span>
    </p>
   </div>
   <div class='ocr_carea' id='block_1_63' title="bbox 1878 428 2150 499">
    <p class='ocr_par' dir='ltr' id='par_1_63' title="bbox 1878 428 2150 499">
     <span class='ocr_line' id='line_1_64' title="bbox 1878 428 2150 499; baseline 0.007 -18"><span class='ocrx_word' id='word_1_397' title='bbox 1878 428 2150 499; x_wconf 91' lang='lat' dir='ltr'><strong>plutensi.</strong></span> 
     </span>
    </p>
   </div>
   <div class='ocr_carea' id='block_1_64' title="bbox 1953 518 3528 590">
    <p class='ocr_par' dir='ltr' id='par_1_64' title="bbox 1953 518 3528 590">
     <span class='ocr_line' id='line_1_65' title="bbox 1953 518 3528 590; baseline 0.003 -20"><span class='ocrx_word' id='word_1_398' title='bbox 1953 518 2037 581; x_wconf 91' lang='grc'><strong>16,</strong></span> <span class='ocrx_word' id='word_1_399' title='bbox 2073 519 2163 572; x_wconf 78' lang='lat'><strong>25.</strong></span> <span class='ocrx_word' id='word_1_400' title='bbox 2204 519 2338 574; x_wconf 56' lang='lat' dir='ltr'><strong>Hinc</strong></span> <span class='ocrx_word' id='word_1_401' title='bbox 2386 535 2490 589; x_wconf 87' lang='lat' dir='ltr'><strong>per</strong></span> <span class='ocrx_word' id='word_1_402' title='bbox 2554 518 2871 590; x_wconf 88' lang='lat' dir='ltr'><strong>proverbia</strong></span> <span class='ocrx_word' id='word_1_403' title='bbox 2911 518 3088 590; x_wconf 87' lang='lat' dir='ltr'><strong>(dico)</strong></span> <span class='ocrx_word' id='word_1_404' title='bbox 3148 519 3343 576; x_wconf 87' lang='lat' dir='ltr'><strong>vobis.</strong></span> <span class='ocrx_word' id='word_1_405' title='bbox 3396 521 3528 575; x_wconf 89' lang='lat' dir='ltr'><strong>Non</strong></span> 
     </span>
    </p>
   </div>
   <div class='ocr_carea' id='block_1_65' title="bbox 1878 605 3526 679">
    <p class='ocr_par' dir='ltr' id='par_1_65' title="bbox 1878 605 3526 679">
     <span class='ocr_line' id='line_1_66' title="bbox 1878 605 3526 679; baseline 0 -19"><span class='ocrx_word' id='word_1_406' title='bbox 1878 605 2034 660; x_wconf 92' lang='lat' dir='ltr'><strong>enim</strong></span> <span class='ocrx_word' id='word_1_407' title='bbox 2062 606 2242 663; x_wconf 89' lang='lat' dir='ltr'><strong>habet</strong></span> <span class='ocrx_word' id='word_1_408' title='bbox 2289 607 2368 676; x_wconf 81' lang='lat' dir='ltr'><strong>(g)</strong></span> <span class='ocrx_word' id='word_1_409' title='bbox 2413 605 2671 664; x_wconf 71' lang='grc' dir='ltr'><strong>λελάληκα</strong></span> <span class='ocrx_word' id='word_1_410' title='bbox 2724 607 2958 663; x_wconf 89' lang='lat' dir='ltr'><strong>locutus</strong></span> <span class='ocrx_word' id='word_1_411' title='bbox 2989 623 3128 662; x_wconf 91' lang='lat' dir='ltr'><strong>sum</strong></span> <span class='ocrx_word' id='word_1_412' title='bbox 3165 624 3179 662; x_wconf 89' lang='lat'><strong>:</strong></span> <span class='ocrx_word' id='word_1_413' title='bbox 3222 607 3327 662; x_wconf 92' lang='lat' dir='ltr'><strong>sed</strong></span> <span class='ocrx_word' id='word_1_414' title='bbox 3373 607 3526 679; x_wconf 74' lang='grc' dir='ltr'><strong>λέγω,</strong></span> 
     </span>
    </p>
   </div>
   <div class='ocr_carea' id='block_1_66' title="bbox 1878 695 2032 749">
    <p class='ocr_par' dir='ltr' id='par_1_66' title="bbox 1878 695 2032 749">
     <span class='ocr_line' id='line_1_67' title="bbox 1878 695 2032 749; baseline -0.006 0"><span class='ocrx_word' id='word_1_415' title='bbox 1878 695 2032 749; x_wconf 82' lang='lat' dir='ltr'><strong>dico.</strong></span> 
     </span>
    </p>
   </div>
   <div class='ocr_carea' id='block_1_67' title="bbox 1950 778 3530 851">
    <p class='ocr_par' dir='ltr' id='par_1_67' title="bbox 1950 778 3530 851">
     <span class='ocr_line' id='line_1_68' title="bbox 1950 778 3530 851; baseline 0.004 -20"><span class='ocrx_word' id='word_1_416' title='bbox 1950 780 2038 842; x_wconf 90' lang='grc'><strong>16,</strong></span> <span class='ocrx_word' id='word_1_417' title='bbox 2061 778 2150 834; x_wconf 88' lang='lat'><strong>33.</strong></span> <span class='ocrx_word' id='word_1_418' title='bbox 2175 780 2236 834; x_wconf 88' lang='lat' dir='ltr'><strong>In</strong></span> <span class='ocrx_word' id='word_1_419' title='bbox 2260 780 2487 835; x_wconf 91' lang='lat' dir='ltr'><strong>mundo</strong></span> <span class='ocrx_word' id='word_1_420' title='bbox 2514 795 2854 851; x_wconf 90' lang='lat' dir='ltr'><strong>pressuram</strong></span> <span class='ocrx_word' id='word_1_421' title='bbox 2880 779 3220 851; x_wconf 87' lang='lat' dir='ltr'><strong>(habebitis)</strong></span> <span class='ocrx_word' id='word_1_422' title='bbox 3254 784 3399 836; x_wconf 90' lang='lat' dir='ltr'><strong>Nam</strong></span> <span class='ocrx_word' id='word_1_423' title='bbox 3425 781 3530 838; x_wconf 86' lang='lat' dir='ltr'><strong>ha-</strong></span> 
     </span>
    </p>
   </div>
   <div class='ocr_carea' id='block_1_68' title="bbox 1879 866 3527 940">
    <p class='ocr_par' dir='ltr' id='par_1_68' title="bbox 1879 866 3527 940">
     <span class='ocr_line' id='line_1_69' title="bbox 1879 866 3527 940; baseline 0.003 -19"><span class='ocrx_word' id='word_1_424' title='bbox 1879 866 1978 922; x_wconf 89' lang='lat' dir='ltr'><strong>bet</strong></span> <span class='ocrx_word' id='word_1_425' title='bbox 2007 867 2138 929; x_wconf 76' lang='grc' dir='ltr'>ἕξετε</span> <span class='ocrx_word' id='word_1_426' title='bbox 2169 867 2252 938; x_wconf 88' lang='lat' dir='ltr'><strong>(h)</strong></span> <span class='ocrx_word' id='word_1_427' title='bbox 2287 867 2564 932; x_wconf 79' lang='lat' dir='ltr'><strong>futurum,</strong></span> <span class='ocrx_word' id='word_1_428' title='bbox 2595 884 2715 924; x_wconf 91' lang='lat' dir='ltr'><strong>non</strong></span> <span class='ocrx_word' id='word_1_429' title='bbox 2761 871 2908 940; x_wconf 83' lang='grc' dir='ltr'><strong>ἔχετε</strong></span> <span class='ocrx_word' id='word_1_430' title='bbox 2935 869 3180 925; x_wconf 81' lang='lat' dir='ltr'><strong>habetis.</strong></span> <span class='ocrx_word' id='word_1_431' title='bbox 3216 869 3348 925; x_wconf 88' lang='lat' dir='ltr'><strong>Pari</strong></span> <span class='ocrx_word' id='word_1_432' title='bbox 3400 886 3527 926; x_wconf 93' lang='lat' dir='ltr'><strong>mo-</strong></span> 
     </span>
    </p>
   </div>
   <div class='ocr_carea' id='block_1_69' title="bbox 1880 955 3528 1030">
    <p class='ocr_par' dir='ltr' id='par_1_69' title="bbox 1880 955 3528 1030">
     <span class='ocr_line' id='line_1_70' title="bbox 1880 955 3528 1030; baseline 0.004 -21"><span class='ocrx_word' id='word_1_433' title='bbox 1880 955 1958 1010; x_wconf 95' lang='lat' dir='ltr'><strong>do</strong></span> <span class='ocrx_word' id='word_1_434' title='bbox 1979 955 2194 1026; x_wconf 88' lang='lat' dir='ltr'><strong>legisse</strong></span> <span class='ocrx_word' id='word_1_435' title='bbox 2226 956 2612 1012; x_wconf 84' lang='lat' dir='ltr'><strong>manifestum</strong></span> <span class='ocrx_word' id='word_1_436' title='bbox 2644 958 2704 1026; x_wconf 76' lang='grc' dir='ltr'><strong>(ἱ)</strong></span> <span class='ocrx_word' id='word_1_437' title='bbox 2731 963 2823 1012; x_wconf 87' lang='lat' dir='ltr'><strong>est</strong></span> <span class='ocrx_word' id='word_1_438' title='bbox 2872 973 3033 1023; x_wconf 90' lang='lat' dir='ltr'><strong>eum,</strong></span> <span class='ocrx_word' id='word_1_439' title='bbox 3066 959 3169 1030; x_wconf 91' lang='lat' dir='ltr'><strong>qui</strong></span> <span class='ocrx_word' id='word_1_440' title='bbox 3215 959 3528 1028; x_wconf 85' lang='lat' dir='ltr'><strong>Vulgatam</strong></span> 
     </span>
    </p>
   </div>
   <div class='ocr_carea' id='block_1_70' title="bbox 1881 1043 2416 1099">
    <p class='ocr_par' dir='ltr' id='par_1_70' title="bbox 1881 1043 2416 1099">
     <span class='ocr_line' id='line_1_71' title="bbox 1881 1043 2416 1099; baseline 0.004 -3"><span class='ocrx_word' id='word_1_441' title='bbox 1881 1043 2044 1099; x_wconf 90' lang='lat' dir='ltr'><strong>dedit</strong></span> <span class='ocrx_word' id='word_1_442' title='bbox 2075 1043 2416 1099; x_wconf 89' lang='lat' dir='ltr'><strong>editionem.</strong></span> 
     </span>
    </p>
   </div>
   <div class='ocr_carea' id='block_1_71' title="bbox 1955 1133 3531 1205">
    <p class='ocr_par' dir='ltr' id='par_1_71' title="bbox 1955 1133 3531 1205">
     <span class='ocr_line' id='line_1_72' title="bbox 1955 1133 3531 1205; baseline 0.004 -20"><span class='ocrx_word' id='word_1_443' title='bbox 1955 1137 2039 1199; x_wconf 87' lang='grc'><strong>17,</strong></span> <span class='ocrx_word' id='word_1_444' title='bbox 2083 1133 2169 1187; x_wconf 91' lang='grc'><strong>11.</strong></span> <span class='ocrx_word' id='word_1_445' title='bbox 2199 1135 2365 1188; x_wconf 84' lang='lat' dir='ltr'><strong>Pater</strong></span> <span class='ocrx_word' id='word_1_446' title='bbox 2394 1137 2594 1188; x_wconf 90' lang='lat' dir='ltr'><strong>sancte</strong></span> <span class='ocrx_word' id='word_1_447' title='bbox 2646 1149 2818 1188; x_wconf 85' lang='lat' dir='ltr'><strong>serva</strong></span> <span class='ocrx_word' id='word_1_448' title='bbox 2846 1149 2950 1189; x_wconf 92' lang='lat' dir='ltr'><strong>eos</strong></span> <span class='ocrx_word' id='word_1_449' title='bbox 2979 1149 3085 1205; x_wconf 90' lang='lat' dir='ltr'><strong>per</strong></span> <span class='ocrx_word' id='word_1_450' title='bbox 3114 1149 3334 1190; x_wconf 91' lang='lat' dir='ltr'><strong>nomen</strong></span> <span class='ocrx_word' id='word_1_451' title='bbox 3363 1140 3531 1191; x_wconf 90' lang='lat' dir='ltr'><strong>tuum</strong></span> 
     </span>
    </p>
   </div>
   <div class='ocr_carea' id='block_1_72' title="bbox 1883 1221 3533 1294">
    <p class='ocr_par' dir='ltr' id='par_1_72' title="bbox 1883 1221 3533 1294">
     <span class='ocr_line' id='line_1_73' title="bbox 1883 1221 3533 1294; baseline 0.003 -19"><span class='ocrx_word' id='word_1_452' title='bbox 1883 1221 2022 1292; x_wconf 81' lang='lat' dir='ltr'><strong>(quo</strong></span> <span class='ocrx_word' id='word_1_453' title='bbox 2061 1221 2296 1276; x_wconf 90' lang='lat' dir='ltr'><strong>donasti</strong></span> <span class='ocrx_word' id='word_1_454' title='bbox 2331 1223 2445 1291; x_wconf 90' lang='lat' dir='ltr'><strong>me)</strong></span> <span class='ocrx_word' id='word_1_455' title='bbox 2494 1225 2620 1277; x_wconf 86' lang='lat' dir='ltr'><strong>Non</strong></span> <span class='ocrx_word' id='word_1_456' title='bbox 2654 1223 2803 1276; x_wconf 89' lang='lat' dir='ltr'><strong>enim</strong></span> <span class='ocrx_word' id='word_1_457' title='bbox 2843 1222 3021 1277; x_wconf 90' lang='lat' dir='ltr'><strong>habet</strong></span> <span class='ocrx_word' id='word_1_458' title='bbox 3051 1223 3140 1284; x_wconf 75' lang='grc' dir='ltr'><strong>οὓς</strong></span> <span class='ocrx_word' id='word_1_459' title='bbox 3194 1239 3358 1294; x_wconf 85' lang='lat' dir='ltr'><strong>quos,</strong></span> <span class='ocrx_word' id='word_1_460' title='bbox 3425 1225 3533 1280; x_wconf 91' lang='lat' dir='ltr'><strong>sed</strong></span> 
     </span>
    </p>
   </div>
   <div class='ocr_carea' id='block_1_73' title="bbox 1883 1309 3533 1383">
    <p class='ocr_par' dir='ltr' id='par_1_73' title="bbox 1883 1309 3533 1383">
     <span class='ocr_line' id='line_1_74' title="bbox 1883 1309 3533 1383; baseline 0.003 -20"><span class='ocrx_word' id='word_1_461' title='bbox 1883 1310 1922 1380; x_wconf 83' lang='grc' dir='ltr'><em>ᾧ</em></span> <span class='ocrx_word' id='word_1_462' title='bbox 1952 1324 2088 1380; x_wconf 88' lang='lat' dir='ltr'><strong>quo.</strong></span> <span class='ocrx_word' id='word_1_463' title='bbox 2150 1309 2370 1365; x_wconf 85' lang='lat' dir='ltr'><strong>Eodem</strong></span> <span class='ocrx_word' id='word_1_464' title='bbox 2405 1310 2583 1365; x_wconf 90' lang='lat' dir='ltr'><strong>etiam</strong></span> <span class='ocrx_word' id='word_1_465' title='bbox 2617 1311 2798 1365; x_wconf 93' lang='lat' dir='ltr'><strong>modo</strong></span> <span class='ocrx_word' id='word_1_466' title='bbox 2830 1310 3010 1365; x_wconf 85' lang='lat' dir='ltr'><strong>habet</strong></span> <span class='ocrx_word' id='word_1_467' title='bbox 3035 1311 3340 1383; x_wconf 82' lang='lat' dir='ltr'><strong>exemplar</strong></span> <span class='ocrx_word' id='word_1_468' title='bbox 3365 1313 3533 1368; x_wconf 90' lang='lat' dir='ltr'><strong>Com-</strong></span> 
     </span>
    </p>
   </div>
   <div class='ocr_carea' id='block_1_74' title="bbox 1882 1399 3536 1470">
    <p class='ocr_par' dir='ltr' id='par_1_74' title="bbox 1882 1399 3536 1470">
     <span class='ocr_line' id='line_1_75' title="bbox 1882 1399 3536 1470; baseline 0.004 -18"><span class='ocrx_word' id='word_1_469' title='bbox 1882 1399 2176 1470; x_wconf 91' lang='lat' dir='ltr'><strong>plutense.</strong></span> <span class='ocrx_word' id='word_1_470' title='bbox 2207 1402 2286 1454; x_wconf 90' lang='lat' dir='ltr'><strong>Ex</strong></span> <span class='ocrx_word' id='word_1_471' title='bbox 2314 1399 2553 1455; x_wconf 91' lang='lat' dir='ltr'><strong>scholiis</strong></span> <span class='ocrx_word' id='word_1_472' title='bbox 2596 1405 2796 1455; x_wconf 90' lang='lat' dir='ltr'><strong>tamen</strong></span> <span class='ocrx_word' id='word_1_473' title='bbox 2837 1400 3048 1469; x_wconf 88' lang='lat' dir='ltr'><strong>legisse</strong></span> <span class='ocrx_word' id='word_1_474' title='bbox 3079 1401 3305 1457; x_wconf 90' lang='lat' dir='ltr'><strong>videtur</strong></span> <span class='ocrx_word' id='word_1_475' title='bbox 3329 1407 3536 1459; x_wconf 89' lang='lat' dir='ltr'><strong>auctor</strong></span> 
     </span>
    </p>
   </div>
   <div class='ocr_carea' id='block_1_75' title="bbox 1883 1487 3529 1558">
    <p class='ocr_par' dir='ltr' id='par_1_75' title="bbox 1883 1487 3529 1558">
     <span class='ocr_line' id='line_1_76' title="bbox 1883 1487 3529 1558; baseline 0.002 -17"><span class='ocrx_word' id='word_1_476' title='bbox 1883 1491 2084 1542; x_wconf 87' lang='lat' dir='ltr'><strong>noster</strong></span> <span class='ocrx_word' id='word_1_477' title='bbox 2124 1489 2170 1554; x_wconf 83' lang='lat'><strong>6,</strong></span> <span class='ocrx_word' id='word_1_478' title='bbox 2224 1487 2383 1558; x_wconf 86' lang='lat' dir='ltr'><strong>quod</strong></span> <span class='ocrx_word' id='word_1_479' title='bbox 2414 1489 2516 1558; x_wconf 71' lang='lat' dir='ltr'><strong>(Ic),</strong></span> <span class='ocrx_word' id='word_1_480' title='bbox 2561 1496 2704 1558; x_wconf 89' lang='lat' dir='ltr'><strong>puta</strong></span> <span class='ocrx_word' id='word_1_481' title='bbox 2733 1503 2956 1542; x_wconf 89' lang='lat' dir='ltr'><strong>nomen</strong></span> <span class='ocrx_word' id='word_1_482' title='bbox 2997 1490 3323 1544; x_wconf 84' lang='lat' dir='ltr'><strong>accusandi</strong></span> <span class='ocrx_word' id='word_1_483' title='bbox 3364 1507 3529 1545; x_wconf 81' lang='lat' dir='ltr'><strong>casu.</strong></span> 
     </span>
    </p>
   </div>
   <div class='ocr_carea' id='block_1_76' title="bbox 1961 1575 3531 1645">
    <p class='ocr_par' dir='ltr' id='par_1_76' title="bbox 1961 1575 3531 1645">
     <span class='ocr_line' id='line_1_77' title="bbox 1961 1575 3531 1645; baseline 0.003 -17"><span class='ocrx_word' id='word_1_484' title='bbox 1961 1578 2042 1639; x_wconf 91' lang='grc'><strong>18,</strong></span> <span class='ocrx_word' id='word_1_485' title='bbox 2074 1577 2160 1628; x_wconf 78' lang='grc'><strong>25.</strong></span> <span class='ocrx_word' id='word_1_486' title='bbox 2219 1575 2464 1643; x_wconf 80' lang='lat' dir='ltr'><strong>Negavit</strong></span> <span class='ocrx_word' id='word_1_487' title='bbox 2516 1576 2703 1645; x_wconf 90' lang='lat' dir='ltr'><strong>(ergo)</strong></span> <span class='ocrx_word' id='word_1_488' title='bbox 2765 1576 2862 1630; x_wconf 92' lang='lat' dir='ltr'><strong>ille</strong></span> <span class='ocrx_word' id='word_1_489' title='bbox 2915 1581 2970 1630; x_wconf 90' lang='lat' dir='ltr'><strong>et</strong></span> <span class='ocrx_word' id='word_1_490' title='bbox 3023 1577 3146 1631; x_wconf 90' lang='lat' dir='ltr'><strong>ait:</strong></span> <span class='ocrx_word' id='word_1_491' title='bbox 3181 1580 3307 1632; x_wconf 86' lang='lat' dir='ltr'><strong>Non</strong></span> <span class='ocrx_word' id='word_1_492' title='bbox 3375 1595 3531 1633; x_wconf 87' lang='lat' dir='ltr'><strong>sum.</strong></span> 
     </span>
    </p>
   </div>
   <div class='ocr_carea' id='block_1_77' title="bbox 1810 1659 3534 1733">
    <p class='ocr_par' dir='ltr' id='par_1_77' title="bbox 1810 1659 3534 1733">
     <span class='ocr_line' id='line_1_78' title="bbox 1810 1659 3534 1733; baseline 0.003 -18"><span class='ocrx_word' id='word_1_493' title='bbox 1810 1679 1854 1732; x_wconf 79' lang='grc' dir='ltr'>Β</span> <span class='ocrx_word' id='word_1_494' title='bbox 1885 1662 2185 1733; x_wconf 71' lang='lat' dir='ltr'><strong>liepetitur</strong></span> <span class='ocrx_word' id='word_1_495' title='bbox 2214 1663 2374 1717; x_wconf 90' lang='lat' dir='ltr'><strong>enim</strong></span> <span class='ocrx_word' id='word_1_496' title='bbox 2406 1659 2492 1714; x_wconf 80' lang='grc' dir='ltr'><strong>οὖν</strong></span> <span class='ocrx_word' id='word_1_497' title='bbox 2522 1678 2673 1733; x_wconf 84' lang='lat' dir='ltr'><strong>ergo.</strong></span> <span class='ocrx_word' id='word_1_498' title='bbox 2730 1665 2791 1718; x_wconf 86' lang='lat' dir='ltr'><strong>In</strong></span> <span class='ocrx_word' id='word_1_499' title='bbox 2835 1663 2996 1718; x_wconf 90' lang='lat' dir='ltr'><strong>hunc</strong></span> <span class='ocrx_word' id='word_1_500' title='bbox 3045 1663 3224 1720; x_wconf 91' lang='lat' dir='ltr'><strong>etiam</strong></span> <span class='ocrx_word' id='word_1_501' title='bbox 3283 1666 3534 1721; x_wconf 88' lang='lat' dir='ltr'><strong>modum</strong></span> 
     </span>
    </p>
   </div>
   <div class='ocr_carea' id='block_1_78' title="bbox 1883 1750 2976 1822">
    <p class='ocr_par' dir='ltr' id='par_1_78' title="bbox 1883 1750 2976 1822">
     <span class='ocr_line' id='line_1_79' title="bbox 1883 1750 2976 1822; baseline -0.002 -17"><span class='ocrx_word' id='word_1_502' title='bbox 1883 1750 2140 1819; x_wconf 84' lang='lat' dir='ltr'><strong>legimus</strong></span> <span class='ocrx_word' id='word_1_503' title='bbox 2173 1750 2229 1805; x_wconf 92' lang='lat' dir='ltr'><strong>in</strong></span> <span class='ocrx_word' id='word_1_504' title='bbox 2263 1751 2520 1806; x_wconf 91' lang='lat' dir='ltr'><strong>editione</strong></span> <span class='ocrx_word' id='word_1_505' title='bbox 2556 1751 2976 1822; x_wconf 88' lang='lat' dir='ltr'><strong>Complutensi.</strong></span> 
     </span>
    </p>
   </div>
   <div class='ocr_carea' id='block_1_79' title="bbox 1956 1838 3536 1909">
    <p class='ocr_par' dir='ltr' id='par_1_79' title="bbox 1956 1838 3536 1909">
     <span class='ocr_line' id='line_1_80' title="bbox 1956 1838 3536 1909; baseline 0.004 -17"><span class='ocrx_word' id='word_1_506' title='bbox 1956 1838 2049 1903; x_wconf 75' lang='lat'><strong>28,</strong></span> <span class='ocrx_word' id='word_1_507' title='bbox 2080 1841 2173 1895; x_wconf 83' lang='lat'><strong>29.</strong></span> <span class='ocrx_word' id='word_1_508' title='bbox 2217 1839 2400 1894; x_wconf 87' lang='lat' dir='ltr'><strong>Exivit</strong></span> <span class='ocrx_word' id='word_1_509' title='bbox 2444 1839 2638 1909; x_wconf 89' lang='lat' dir='ltr'><strong>itaque</strong></span> <span class='ocrx_word' id='word_1_510' title='bbox 2686 1839 2902 1895; x_wconf 89' lang='lat' dir='ltr'><strong>Pilatus</strong></span> <span class='ocrx_word' id='word_1_511' title='bbox 2927 1839 3002 1894; x_wconf 93' lang='lat' dir='ltr'><strong>ad</strong></span> <span class='ocrx_word' id='word_1_512' title='bbox 3037 1856 3156 1907; x_wconf 87' lang='lat' dir='ltr'><strong>eos,</strong></span> <span class='ocrx_word' id='word_1_513' title='bbox 3198 1846 3254 1896; x_wconf 90' lang='lat' dir='ltr'><strong>et</strong></span> <span class='ocrx_word' id='word_1_514' title='bbox 3285 1843 3384 1896; x_wconf 89' lang='lat' dir='ltr'><strong>ait.</strong></span> <span class='ocrx_word' id='word_1_515' title='bbox 3410 1845 3536 1898; x_wconf 86' lang='lat' dir='ltr'><strong>Non</strong></span> 
     </span>
    </p>
   </div>
   <div class='ocr_carea' id='block_1_80' title="bbox 1886 1927 3534 1999">
    <p class='ocr_par' dir='ltr' id='par_1_80' title="bbox 1886 1927 3534 1999">
     <span class='ocr_line' id='line_1_81' title="bbox 1886 1927 3534 1999; baseline 0.002 -17"><span class='ocrx_word' id='word_1_516' title='bbox 1886 1927 2125 1982; x_wconf 89' lang='lat' dir='ltr'><strong>additur</strong></span> <span class='ocrx_word' id='word_1_517' title='bbox 2155 1927 2248 1989; x_wconf 83' lang='grc' dir='ltr'><strong>ἔξω</strong></span> <span class='ocrx_word' id='word_1_518' title='bbox 2293 1927 2360 1994; x_wconf 84' lang='grc' dir='ltr'><strong>(ι)</strong></span> <span class='ocrx_word' id='word_1_519' title='bbox 2409 1929 2590 1996; x_wconf 80' lang='lat' dir='ltr'><strong>foras.</strong></span> <span class='ocrx_word' id='word_1_520' title='bbox 2643 1927 2732 1980; x_wconf 84' lang='lat' dir='ltr'><strong>Ad</strong></span> <span class='ocrx_word' id='word_1_521' title='bbox 2792 1927 2950 1982; x_wconf 91' lang='lat' dir='ltr'><strong>hunc</strong></span> <span class='ocrx_word' id='word_1_522' title='bbox 2999 1944 3242 1999; x_wconf 88' lang='lat' dir='ltr'><strong>quoque</strong></span> <span class='ocrx_word' id='word_1_523' title='bbox 3295 1930 3534 1985; x_wconf 86' lang='lat' dir='ltr'><strong>modum</strong></span> 
     </span>
    </p>
   </div>
   <div class='ocr_carea' id='block_1_81' title="bbox 1885 2015 3125 2087">
    <p class='ocr_par' dir='ltr' id='par_1_81' title="bbox 1885 2015 3125 2087">
     <span class='ocr_line' id='line_1_82' title="bbox 1885 2015 3125 2087; baseline 0 -17"><span class='ocrx_word' id='word_1_524' title='bbox 1885 2015 2227 2070; x_wconf 86' lang='lat' dir='ltr'><strong>invenimus</strong></span> <span class='ocrx_word' id='word_1_525' title='bbox 2252 2015 2312 2070; x_wconf 90' lang='lat' dir='ltr'><strong>in</strong></span> <span class='ocrx_word' id='word_1_526' title='bbox 2347 2015 2673 2087; x_wconf 88' lang='lat' dir='ltr'><strong>exemplari</strong></span> <span class='ocrx_word' id='word_1_527' title='bbox 2705 2015 3125 2086; x_wconf 89' lang='lat' dir='ltr'><strong>Complutensi.</strong></span> 
     </span>
    </p>
   </div>
   <div class='ocr_carea' id='block_1_82' title="bbox 1961 2105 3539 2178">
    <p class='ocr_par' dir='ltr' id='par_1_82' title="bbox 1961 2105 3539 2178">
     <span class='ocr_line' id='line_1_83' title="bbox 1961 2105 3539 2178; baseline 0.003 -21"><span class='ocrx_word' id='word_1_528' title='bbox 1961 2106 2046 2168; x_wconf 86' lang='grc'><strong>19,</strong></span> <span class='ocrx_word' id='word_1_529' title='bbox 2087 2105 2758 2176; x_wconf 89' lang='lat' dir='ltr'><strong>l6.Acceperuntautem</strong></span> <span class='ocrx_word' id='word_1_530' title='bbox 2787 2105 2986 2159; x_wconf 86' lang='lat' dir='ltr'><strong>Jesum</strong></span> <span class='ocrx_word' id='word_1_531' title='bbox 3000 2110 3055 2159; x_wconf 90' lang='lat' dir='ltr'><strong>et</strong></span> <span class='ocrx_word' id='word_1_532' title='bbox 3085 2105 3425 2178; x_wconf 88' lang='lat' dir='ltr'><strong>(duxerunt)</strong></span> <span class='ocrx_word' id='word_1_533' title='bbox 3455 2107 3539 2169; x_wconf 88' lang='lat' dir='ltr'><strong>(in</strong></span> 
     </span>
    </p>
   </div>
   <div class='ocr_carea' id='block_1_83' title="bbox 1887 2191 3539 2266">
    <p class='ocr_par' dir='ltr' id='par_1_83' title="bbox 1887 2191 3539 2266">
     <span class='ocr_line' id='line_1_84' title="bbox 1887 2191 3539 2266; baseline -0.001 -19"><span class='ocrx_word' id='word_1_534' title='bbox 1887 2191 2281 2264; x_wconf 62' lang='lat' dir='ltr'><strong>praetorium).</strong></span> <span class='ocrx_word' id='word_1_535' title='bbox 2318 2192 2582 2247; x_wconf 89' lang='lat' dir='ltr'><strong>Primum</strong></span> <span class='ocrx_word' id='word_1_536' title='bbox 2627 2193 2824 2263; x_wconf 87' lang='lat' dir='ltr'><strong>itaque</strong></span> <span class='ocrx_word' id='word_1_537' title='bbox 2865 2208 2984 2247; x_wconf 91' lang='lat' dir='ltr'><strong>non</strong></span> <span class='ocrx_word' id='word_1_538' title='bbox 3037 2192 3221 2248; x_wconf 89' lang='lat' dir='ltr'><strong>habet</strong></span> <span class='ocrx_word' id='word_1_539' title='bbox 3269 2193 3539 2266; x_wconf 73' lang='grc' dir='ltr'><strong>ἀπήγαγον</strong></span> 
     </span>
    </p>
   </div>
   <div class='ocr_carea' id='block_1_84' title="bbox 1888 2280 3540 2352">
    <p class='ocr_par' dir='ltr' id='par_1_84' title="bbox 1888 2280 3540 2352">
     <span class='ocr_line' id='line_1_85' title="bbox 1888 2280 3540 2352; baseline 0.002 -16"><span class='ocrx_word' id='word_1_540' title='bbox 1888 2281 2272 2345; x_wconf 70' lang='lat' dir='ltr'><strong>abduxerunt,</strong></span> <span class='ocrx_word' id='word_1_541' title='bbox 2297 2282 2402 2336; x_wconf 90' lang='lat' dir='ltr'><strong>sed</strong></span> <span class='ocrx_word' id='word_1_542' title='bbox 2442 2282 2638 2352; x_wconf 73' lang='grc' dir='ltr'>ἤγαγον</span> <span class='ocrx_word' id='word_1_543' title='bbox 2685 2280 3002 2336; x_wconf 74' lang='lat' dir='ltr'><strong>duxerunt.</strong></span> <span class='ocrx_word' id='word_1_544' title='bbox 3059 2284 3122 2337; x_wconf 91' lang='lat' dir='ltr'><strong>Et</strong></span> <span class='ocrx_word' id='word_1_545' title='bbox 3150 2283 3208 2337; x_wconf 92' lang='lat' dir='ltr'><strong>in</strong></span> <span class='ocrx_word' id='word_1_546' title='bbox 3243 2283 3349 2338; x_wconf 88' lang='lat' dir='ltr'><strong>hoc</strong></span> <span class='ocrx_word' id='word_1_547' title='bbox 3403 2300 3540 2340; x_wconf 89' lang='lat' dir='ltr'><strong>con-</strong></span> 
     </span>
    </p>
   </div>
   <div class='ocr_carea' id='block_1_85' title="bbox 1889 2368 3543 2444">
    <p class='ocr_par' dir='ltr' id='par_1_85' title="bbox 1889 2368 3543 2444">
     <span class='ocr_line' id='line_1_86' title="bbox 1889 2368 3543 2444; baseline 0.004 -20"><span class='ocrx_word' id='word_1_548' title='bbox 1889 2369 2100 2425; x_wconf 89' lang='lat' dir='ltr'><strong>cordat</strong></span> <span class='ocrx_word' id='word_1_549' title='bbox 2124 2369 2429 2440; x_wconf 89' lang='lat' dir='ltr'><strong>exemplar</strong></span> <span class='ocrx_word' id='word_1_550' title='bbox 2441 2368 2882 2439; x_wconf 88' lang='lat' dir='ltr'><strong>Complutense.</strong></span> <span class='ocrx_word' id='word_1_551' title='bbox 2898 2369 3240 2426; x_wconf 82' lang='lat' dir='ltr'><strong>Addebatur</strong></span> <span class='ocrx_word' id='word_1_552' title='bbox 3255 2377 3543 2444; x_wconf 76' lang='lat' dir='ltr'><strong>praeterea</strong></span> 
     </span>
    </p>
   </div>
   <div class='ocr_carea' id='block_1_86' title="bbox 1891 2457 3094 2532">
    <p class='ocr_par' dir='ltr' id='par_1_86' title="bbox 1891 2457 3094 2532">
     <span class='ocr_line' id='line_1_87' title="bbox 1891 2457 3094 2532; baseline -0.002 -21"><span class='ocrx_word' id='word_1_553' title='bbox 1891 2457 1950 2512; x_wconf 92' lang='lat' dir='ltr'><strong>in</strong></span> <span class='ocrx_word' id='word_1_554' title='bbox 1981 2462 2179 2512; x_wconf 85' lang='lat' dir='ltr'><strong>nostro</strong></span> <span class='ocrx_word' id='word_1_555' title='bbox 2207 2457 2532 2529; x_wconf 85' lang='lat' dir='ltr'><strong>exemplari</strong></span> <span class='ocrx_word' id='word_1_556' title='bbox 2567 2457 2638 2518; x_wconf 83' lang='grc' dir='ltr'><strong>εἰς</strong></span> <span class='ocrx_word' id='word_1_557' title='bbox 2668 2461 2727 2508; x_wconf 84' lang='grc' dir='ltr'><strong>τὸ</strong></span> <span class='ocrx_word' id='word_1_558' title='bbox 2757 2464 3094 2532; x_wconf 81' lang='grc' dir='ltr'><strong>πραιτώριον.</strong></span> 
     </span>
    </p>
   </div>
   <div class='ocr_carea' id='block_1_87' title="bbox 1965 2545 3544 2618">
    <p class='ocr_par' dir='ltr' id='par_1_87' title="bbox 1965 2545 3544 2618">
     <span class='ocr_line' id='line_1_88' title="bbox 1965 2545 3544 2618; baseline 0.002 -18"><span class='ocrx_word' id='word_1_559' title='bbox 1965 2548 2051 2612; x_wconf 81' lang='grc'><strong>19,</strong></span> <span class='ocrx_word' id='word_1_560' title='bbox 2095 2547 2182 2601; x_wconf 80' lang='grc'><strong>35.</strong></span> <span class='ocrx_word' id='word_1_561' title='bbox 2213 2549 2277 2601; x_wconf 88' lang='lat' dir='ltr'><strong>Et</strong></span> <span class='ocrx_word' id='word_1_562' title='bbox 2313 2545 2409 2601; x_wconf 90' lang='lat' dir='ltr'><strong>ille</strong></span> <span class='ocrx_word' id='word_1_563' title='bbox 2441 2547 2548 2601; x_wconf 91' lang='lat' dir='ltr'><strong>scit</strong></span> <span class='ocrx_word' id='word_1_564' title='bbox 2575 2545 2742 2617; x_wconf 91' lang='lat' dir='ltr'><strong>quod</strong></span> <span class='ocrx_word' id='word_1_565' title='bbox 2774 2561 2911 2601; x_wconf 88' lang='lat' dir='ltr'><strong>vera</strong></span> <span class='ocrx_word' id='word_1_566' title='bbox 2942 2546 3102 2602; x_wconf 87' lang='lat' dir='ltr'><strong>dicat</strong></span> <span class='ocrx_word' id='word_1_567' title='bbox 3132 2548 3289 2618; x_wconf 89' lang='lat' dir='ltr'><strong>(sed)</strong></span> <span class='ocrx_word' id='word_1_568' title='bbox 3322 2554 3386 2604; x_wconf 88' lang='lat' dir='ltr'><strong>ut</strong></span> <span class='ocrx_word' id='word_1_569' title='bbox 3441 2565 3544 2604; x_wconf 83' lang='lat' dir='ltr'><strong>vos</strong></span> 
     </span>
    </p>
   </div>
   <div class='ocr_carea' id='block_1_88' title="bbox 1894 2633 3540 2702">
    <p class='ocr_par' dir='ltr' id='par_1_88' title="bbox 1894 2633 3540 2702">
     <span class='ocr_line' id='line_1_89' title="bbox 1894 2633 3540 2702; baseline 0.001 -13"><span class='ocrx_word' id='word_1_570' title='bbox 1894 2633 2167 2689; x_wconf 89' lang='lat' dir='ltr'><strong>credatis.</strong></span> <span class='ocrx_word' id='word_1_571' title='bbox 2204 2638 2350 2690; x_wconf 86' lang='lat' dir='ltr'><strong>Nam</strong></span> <span class='ocrx_word' id='word_1_572' title='bbox 2383 2634 2566 2689; x_wconf 90' lang='lat' dir='ltr'><strong>habet</strong></span> <span class='ocrx_word' id='word_1_573' title='bbox 2614 2633 2760 2699; x_wconf 73' lang='grc' dir='ltr'>ἀλλά,</span> <span class='ocrx_word' id='word_1_574' title='bbox 2794 2634 2912 2690; x_wconf 84' lang='lat' dir='ltr'><strong>sed.</strong></span> <span class='ocrx_word' id='word_1_575' title='bbox 2967 2637 3079 2690; x_wconf 87' lang='lat' dir='ltr'><strong>Nec</strong></span> <span class='ocrx_word' id='word_1_576' title='bbox 3109 2635 3283 2691; x_wconf 83' lang='lat' dir='ltr'><strong>habet</strong></span> <span class='ocrx_word' id='word_1_577' title='bbox 3327 2642 3415 2688; x_wconf 82' lang='grc' dir='ltr'><strong>καί</strong></span> <span class='ocrx_word' id='word_1_578' title='bbox 3467 2642 3540 2702; x_wconf 79' lang='grc' dir='ltr'><strong>ει,</strong></span> 
     </span>
    </p>
   </div>
   <div class='ocr_carea' id='block_1_89' title="bbox 1895 2721 3546 2793">
    <p class='ocr_par' dir='ltr' id='par_1_89' title="bbox 1895 2721 3546 2793">
     <span class='ocr_line' id='line_1_90' title="bbox 1895 2721 3546 2793; baseline 0.002 -15"><span class='ocrx_word' id='word_1_579' title='bbox 1895 2728 2026 2778; x_wconf 89' lang='lat' dir='ltr'><strong>ante</strong></span> <span class='ocrx_word' id='word_1_580' title='bbox 2061 2739 2184 2778; x_wconf 85' lang='lat' dir='ltr'><strong>vos.</strong></span> <span class='ocrx_word' id='word_1_581' title='bbox 2217 2723 2530 2793; x_wconf 90' lang='lat' dir='ltr'><strong>Exemplar</strong></span> <span class='ocrx_word' id='word_1_582' title='bbox 2559 2721 2802 2792; x_wconf 88' lang='lat' dir='ltr'><strong>quidem</strong></span> <span class='ocrx_word' id='word_1_583' title='bbox 2849 2723 3265 2793; x_wconf 89' lang='lat' dir='ltr'><strong>Complutense</strong></span> <span class='ocrx_word' id='word_1_584' title='bbox 3298 2740 3418 2780; x_wconf 91' lang='lat' dir='ltr'><strong>non</strong></span> <span class='ocrx_word' id='word_1_585' title='bbox 3443 2725 3546 2780; x_wconf 88' lang='lat' dir='ltr'><strong>ha-</strong></span> 
     </span>
    </p>
   </div>
   <div class='ocr_carea' id='block_1_90' title="bbox 1895 2812 3302 2882">
    <p class='ocr_par' dir='ltr' id='par_1_90' title="bbox 1895 2812 3302 2882">
     <span class='ocr_line' id='line_1_91' title="bbox 1895 2812 3302 2882; baseline 0.001 -15"><span class='ocrx_word' id='word_1_586' title='bbox 1895 2813 1995 2868; x_wconf 93' lang='lat' dir='ltr'><strong>bet</strong></span> <span class='ocrx_word' id='word_1_587' title='bbox 2023 2813 2502 2882; x_wconf 88' lang='lat' dir='ltr'><strong>conjunctionem</strong></span> <span class='ocrx_word' id='word_1_588' title='bbox 2532 2818 2640 2876; x_wconf 78' lang='grc' dir='ltr'>καί,</span> <span class='ocrx_word' id='word_1_589' title='bbox 2678 2812 2780 2868; x_wconf 93' lang='lat' dir='ltr'><strong>sed</strong></span> <span class='ocrx_word' id='word_1_590' title='bbox 2821 2828 2930 2868; x_wconf 91' lang='lat' dir='ltr'><strong>nec</strong></span> <span class='ocrx_word' id='word_1_591' title='bbox 2956 2813 3130 2869; x_wconf 89' lang='lat' dir='ltr'><strong>habet</strong></span> <span class='ocrx_word' id='word_1_592' title='bbox 3157 2812 3302 2868; x_wconf 78' lang='grc' dir='ltr'>ἀλλά.</span> 
     </span>
    </p>
   </div>
   <div class='ocr_carea' id='block_1_91' title="bbox 1974 2901 3541 2973">
    <p class='ocr_par' dir='ltr' id='par_1_91' title="bbox 1974 2901 3541 2973">
     <span class='ocr_line' id='line_1_92' title="bbox 1974 2901 3541 2973; baseline 0.003 -19"><span class='ocrx_word' id='word_1_593' title='bbox 1974 2904 2054 2966; x_wconf 86' lang='grc'><strong>19,</strong></span> <span class='ocrx_word' id='word_1_594' title='bbox 2097 2902 2186 2956; x_wconf 88' lang='lat'><strong>38.</strong></span> <span class='ocrx_word' id='word_1_595' title='bbox 2221 2903 2284 2956; x_wconf 85' lang='lat' dir='ltr'><strong>Et</strong></span> <span class='ocrx_word' id='word_1_596' title='bbox 2313 2901 2581 2972; x_wconf 87' lang='lat' dir='ltr'><strong>permisit</strong></span> <span class='ocrx_word' id='word_1_597' title='bbox 2623 2901 2853 2956; x_wconf 84' lang='lat' dir='ltr'><strong>Pilatus.</strong></span> <span class='ocrx_word' id='word_1_598' title='bbox 2896 2901 3218 2973; x_wconf 89' lang='lat' dir='ltr'><strong>Statimque</strong></span> <span class='ocrx_word' id='word_1_599' title='bbox 3259 2903 3541 2960; x_wconf 90' lang='lat' dir='ltr'><strong>additur:</strong></span> 
     </span>
    </p>
   </div>
   <div class='ocr_carea' id='block_1_92' title="bbox 1825 2986 3551 3076">
    <p class='ocr_par' dir='ltr' id='par_1_92' title="bbox 1825 2986 3551 3076">
     <span class='ocr_line' id='line_1_93' title="bbox 1825 2986 3551 3076; baseline 0.005 -37"><span class='ocrx_word' id='word_1_600' title='bbox 1825 3022 1865 3076; x_wconf 64' lang='grc' dir='ltr'>Ο</span> <span class='ocrx_word' id='word_1_601' title='bbox 1895 2988 2080 3040; x_wconf 76' lang='grc' dir='ltr'>Ἦλθεν</span> <span class='ocrx_word' id='word_1_602' title='bbox 2113 2989 2214 3059; x_wconf 90' lang='lat' dir='ltr'><strong>(m)</strong></span> <span class='ocrx_word' id='word_1_603' title='bbox 2247 2989 2354 3056; x_wconf 78' lang='grc' dir='ltr'><strong>οὖν,</strong></span> <span class='ocrx_word' id='word_1_604' title='bbox 2399 2995 2489 3040; x_wconf 80' lang='grc' dir='ltr'><strong>καὶ</strong></span> <span class='ocrx_word' id='word_1_605' title='bbox 2539 2986 2629 3061; x_wconf 79' lang='grc' dir='ltr'><strong>ἦρε</strong></span> <span class='ocrx_word' id='word_1_606' title='bbox 2672 2993 2729 3041; x_wconf 85' lang='grc' dir='ltr'><strong>τὸ</strong></span> <span class='ocrx_word' id='word_1_607' title='bbox 2785 2999 2937 3062; x_wconf 79' lang='grc' dir='ltr'><strong>σῶμα</strong></span> <span class='ocrx_word' id='word_1_608' title='bbox 2985 2998 3075 3042; x_wconf 75' lang='grc' dir='ltr'><strong>τοῦ</strong></span> <span class='ocrx_word' id='word_1_609' title='bbox 3124 2990 3318 3059; x_wconf 79' lang='grc' dir='ltr'><strong>Ἰησοῦ,</strong></span> <span class='ocrx_word' id='word_1_610' title='bbox 3381 2992 3551 3050; x_wconf 86' lang='lat' dir='ltr'><strong>Venit</strong></span> 
     </span>
    </p>
   </div>
   <div class='ocr_carea' id='block_1_93' title="bbox 1897 3079 3551 3155">
    <p class='ocr_par' dir='ltr' id='par_1_93' title="bbox 1897 3079 3551 3155">
     <span class='ocr_line' id='line_1_94' title="bbox 1897 3079 3551 3155; baseline 0.004 -22"><span class='ocrx_word' id='word_1_611' title='bbox 1897 3095 2060 3150; x_wconf 87' lang='lat' dir='ltr'><strong>ergo,</strong></span> <span class='ocrx_word' id='word_1_612' title='bbox 2088 3085 2145 3134; x_wconf 89' lang='lat' dir='ltr'><strong>et</strong></span> <span class='ocrx_word' id='word_1_613' title='bbox 2177 3079 2303 3134; x_wconf 89' lang='lat' dir='ltr'><strong>tulit</strong></span> <span class='ocrx_word' id='word_1_614' title='bbox 2333 3095 2551 3150; x_wconf 88' lang='lat' dir='ltr'><strong>corpus</strong></span> <span class='ocrx_word' id='word_1_615' title='bbox 2569 3082 2722 3134; x_wconf 81' lang='lat' dir='ltr'><strong>Jesu.</strong></span> <span class='ocrx_word' id='word_1_616' title='bbox 2754 3080 3132 3136; x_wconf 88' lang='lat' dir='ltr'><strong>Concordant</strong></span> <span class='ocrx_word' id='word_1_617' title='bbox 3161 3087 3216 3137; x_wconf 93' lang='lat' dir='ltr'><strong>et</strong></span> <span class='ocrx_word' id='word_1_618' title='bbox 3241 3083 3551 3155; x_wconf 88' lang='lat' dir='ltr'><strong>exemplar</strong></span> 
     </span>
    </p>
   </div>
   <div class='ocr_carea' id='block_1_94' title="bbox 1897 3165 2940 3238">
    <p class='ocr_par' dir='ltr' id='par_1_94' title="bbox 1897 3165 2940 3238">
     <span class='ocr_line' id='line_1_95' title="bbox 1897 3165 2940 3238; baseline 0.001 -17"><span class='ocrx_word' id='word_1_619' title='bbox 1897 3166 2318 3238; x_wconf 88' lang='lat' dir='ltr'><strong>Complutense</strong></span> <span class='ocrx_word' id='word_1_620' title='bbox 2347 3171 2404 3221; x_wconf 90' lang='lat' dir='ltr'><strong>et</strong></span> <span class='ocrx_word' id='word_1_621' title='bbox 2435 3165 2687 3237; x_wconf 84' lang='lat' dir='ltr'><strong>Vulgata</strong></span> <span class='ocrx_word' id='word_1_622' title='bbox 2737 3167 2940 3222; x_wconf 90' lang='lat' dir='ltr'><strong>editio.</strong></span> 
     </span>
    </p>
   </div>
   <div class='ocr_carea' id='block_1_95' title="bbox 1971 3252 3554 3319">
    <p class='ocr_par' dir='ltr' id='par_1_95' title="bbox 1971 3252 3554 3319">
     <span class='ocr_line' id='line_1_96' title="bbox 1971 3252 3554 3319; baseline 0.003 -12"><span class='ocrx_word' id='word_1_623' title='bbox 1971 3254 2058 3319; x_wconf 74' lang='lat'><strong>&#39;20,</strong></span> <span class='ocrx_word' id='word_1_624' title='bbox 2091 3254 2179 3306; x_wconf 82' lang='lat'><strong>29.</strong></span> <span class='ocrx_word' id='word_1_625' title='bbox 2224 3253 2375 3318; x_wconf 86' lang='lat' dir='ltr'><strong>Quia</strong></span> <span class='ocrx_word' id='word_1_626' title='bbox 2403 3252 2598 3308; x_wconf 90' lang='lat' dir='ltr'><strong>vidisti</strong></span> <span class='ocrx_word' id='word_1_627' title='bbox 2631 3269 2725 3309; x_wconf 89' lang='lat' dir='ltr'><strong>me</strong></span> <span class='ocrx_word' id='word_1_628' title='bbox 2752 3253 3072 3310; x_wconf 88' lang='lat' dir='ltr'><strong>credidisti.</strong></span> <span class='ocrx_word' id='word_1_629' title='bbox 3131 3257 3260 3311; x_wconf 81' lang='lat' dir='ltr'><strong>Non</strong></span> <span class='ocrx_word' id='word_1_630' title='bbox 3310 3257 3554 3314; x_wconf 89' lang='lat' dir='ltr'><strong>additur</strong></span> 
     </span>
    </p>
   </div>
   <div class='ocr_carea' id='block_1_96' title="bbox 1903 3341 3036 3414">
    <p class='ocr_par' dir='ltr' id='par_1_96' title="bbox 1903 3341 3036 3414">
     <span class='ocr_line' id='line_1_97' title="bbox 1903 3341 3036 3414; baseline 0 -19"><span class='ocrx_word' id='word_1_631' title='bbox 1903 3344 2070 3414; x_wconf 78' lang='grc' dir='ltr'><strong>θωμᾶ,</strong></span> <span class='ocrx_word' id='word_1_632' title='bbox 2098 3357 2208 3396; x_wconf 91' lang='lat' dir='ltr'><strong>nec</strong></span> <span class='ocrx_word' id='word_1_633' title='bbox 2236 3341 2296 3395; x_wconf 91' lang='lat' dir='ltr'><strong>in</strong></span> <span class='ocrx_word' id='word_1_634' title='bbox 2322 3341 2576 3396; x_wconf 88' lang='lat' dir='ltr'><strong>editione</strong></span> <span class='ocrx_word' id='word_1_635' title='bbox 2608 3341 3036 3412; x_wconf 83' lang='lat' dir='ltr'><strong>Complutensi.</strong></span> 
     </span>
    </p>
   </div>
   <div class='ocr_carea' id='block_1_97' title="bbox 1971 3428 3554 3505">
    <p class='ocr_par' dir='ltr' id='par_1_97' title="bbox 1971 3428 3554 3505">
     <span class='ocr_line' id='line_1_98' title="bbox 1971 3428 3554 3505; baseline 0.002 -19"><span class='ocrx_word' id='word_1_636' title='bbox 1971 3431 2062 3495; x_wconf 80' lang='lat' dir='ltr'><strong>2i,</strong></span> <span class='ocrx_word' id='word_1_637' title='bbox 2096 3431 2146 3483; x_wconf 90' lang='grc'><strong>1.</strong></span> <span class='ocrx_word' id='word_1_638' title='bbox 2173 3429 2382 3486; x_wconf 86' lang='lat' dir='ltr'><strong>Postea</strong></span> <span class='ocrx_word' id='word_1_639' title='bbox 2411 3428 2814 3485; x_wconf 82' lang='lat' dir='ltr'><strong>manifestavit</strong></span> <span class='ocrx_word' id='word_1_640' title='bbox 2863 3445 2926 3484; x_wconf 93' lang='lat' dir='ltr'><strong>se</strong></span> <span class='ocrx_word' id='word_1_641' title='bbox 2975 3429 3188 3486; x_wconf 86' lang='lat' dir='ltr'><strong>iterum</strong></span> <span class='ocrx_word' id='word_1_642' title='bbox 3241 3433 3416 3488; x_wconf 88' lang='lat' dir='ltr'><strong>Jesus</strong></span> <span class='ocrx_word' id='word_1_643' title='bbox 3443 3433 3554 3505; x_wconf 92' lang='lat' dir='ltr'><strong>(di-</strong></span> 
     </span>
    </p>
   </div>
   <div class='ocr_carea' id='block_1_98' title="bbox 1904 3517 3556 3594">
    <p class='ocr_par' dir='ltr' id='par_1_98' title="bbox 1904 3517 3556 3594">
     <span class='ocr_line' id='line_1_99' title="bbox 1904 3517 3556 3594; baseline 0.001 -22"><span class='ocrx_word' id='word_1_644' title='bbox 1904 3517 2170 3590; x_wconf 88' lang='lat' dir='ltr'><strong>scipulis)</strong></span> <span class='ocrx_word' id='word_1_645' title='bbox 2203 3517 2280 3573; x_wconf 91' lang='lat' dir='ltr'><strong>ad</strong></span> <span class='ocrx_word' id='word_1_646' title='bbox 2323 3533 2484 3572; x_wconf 87' lang='lat' dir='ltr'><strong>mare</strong></span> <span class='ocrx_word' id='word_1_647' title='bbox 2523 3517 2871 3572; x_wconf 88' lang='lat' dir='ltr'><strong>Tiberiadis.</strong></span> <span class='ocrx_word' id='word_1_648' title='bbox 2925 3517 3178 3574; x_wconf 83' lang='lat' dir='ltr'><strong>Additur</strong></span> <span class='ocrx_word' id='word_1_649' title='bbox 3239 3521 3398 3576; x_wconf 89' lang='lat' dir='ltr'><strong>enim</strong></span> <span class='ocrx_word' id='word_1_650' title='bbox 3451 3542 3556 3594; x_wconf 83' lang='grc' dir='ltr'><strong>μα-</strong></span> 
     </span>
    </p>
   </div>
   <div class='ocr_carea' id='block_1_99' title="bbox 1907 3605 3556 3682">
    <p class='ocr_par' dir='ltr' id='par_1_99' title="bbox 1907 3605 3556 3682">
     <span class='ocr_line' id='line_1_100' title="bbox 1907 3605 3556 3682; baseline 0.004 -24"><span class='ocrx_word' id='word_1_651' title='bbox 1907 3609 2089 3666; x_wconf 81' lang='grc' dir='ltr'><strong>θηταῖς</strong></span> <span class='ocrx_word' id='word_1_652' title='bbox 2121 3605 2200 3676; x_wconf 83' lang='grc' dir='ltr'><strong>(η)</strong></span> <span class='ocrx_word' id='word_1_653' title='bbox 2231 3605 2903 3674; x_wconf 78' lang='lat' dir='ltr'><strong>discipulis.Concordat</strong></span> <span class='ocrx_word' id='word_1_654' title='bbox 2930 3607 2991 3661; x_wconf 91' lang='lat' dir='ltr'><strong>in</strong></span> <span class='ocrx_word' id='word_1_655' title='bbox 3017 3606 3131 3663; x_wconf 92' lang='lat' dir='ltr'><strong>hoc</strong></span> <span class='ocrx_word' id='word_1_656' title='bbox 3164 3613 3218 3663; x_wconf 91' lang='lat' dir='ltr'><strong>et</strong></span> <span class='ocrx_word' id='word_1_657' title='bbox 3254 3611 3556 3682; x_wconf 89' lang='lat' dir='ltr'><strong>exemplar</strong></span> 
     </span>
    </p>
   </div>
   <div class='ocr_carea' id='block_1_100' title="bbox 1907 3694 2947 3766">
    <p class='ocr_par' dir='ltr' id='par_1_100' title="bbox 1907 3694 2947 3766">
     <span class='ocr_line' id='line_1_101' title="bbox 1907 3694 2947 3766; baseline -0.001 -17"><span class='ocrx_word' id='word_1_658' title='bbox 1907 3695 2322 3766; x_wconf 90' lang='lat' dir='ltr'><strong>Complutense</strong></span> <span class='ocrx_word' id='word_1_659' title='bbox 2362 3698 2418 3749; x_wconf 92' lang='lat' dir='ltr'><strong>et</strong></span> <span class='ocrx_word' id='word_1_660' title='bbox 2456 3694 2635 3748; x_wconf 88' lang='lat' dir='ltr'><strong>editio</strong></span> <span class='ocrx_word' id='word_1_661' title='bbox 2675 3694 2947 3764; x_wconf 89' lang='lat' dir='ltr'><strong>Vulgata.</strong></span> 
     </span>
    </p>
   </div>
   <div class='ocr_carea' id='block_1_101' title="bbox 1909 3868 3557 3943">
    <p class='ocr_par' dir='ltr' id='par_1_101' title="bbox 1909 3868 3557 3943">
     <span class='ocr_line' id='line_1_102' title="bbox 1909 3868 3557 3943; baseline 0.005 -21"><span class='ocrx_word' id='word_1_662' title='bbox 1909 3868 1997 3929; x_wconf 78' lang='grc' dir='ltr'><strong>ἤτε</strong></span> <span class='ocrx_word' id='word_1_663' title='bbox 2046 3871 2094 3923; x_wconf 81' lang='grc' dir='ltr'><strong>ἐν</strong></span> <span class='ocrx_word' id='word_1_664' title='bbox 2137 3880 2212 3943; x_wconf 58' lang='grc' dir='ltr'><strong>τῷ</strong></span> <span class='ocrx_word' id='word_1_665' title='bbox 2262 3876 2464 3943; x_wconf 80' lang='grc' dir='ltr'><strong>κόσμῳ,</strong></span> <span class='ocrx_word' id='word_1_666' title='bbox 2525 3870 2698 3943; x_wconf 38' lang='lat' dir='ltr'><strong>olida</strong></span> <span class='ocrx_word' id='word_1_667' title='bbox 2749 3871 2902 3933; x_wconf 80' lang='grc' dir='ltr'><strong>ἕξετε.</strong></span> <span class='ocrx_word' id='word_1_668' title='bbox 2959 3873 3178 3928; x_wconf 90' lang='lat' dir='ltr'><strong>Eodem</strong></span> <span class='ocrx_word' id='word_1_669' title='bbox 3237 3875 3420 3930; x_wconf 91' lang='lat' dir='ltr'><strong>modo</strong></span> <span class='ocrx_word' id='word_1_670' title='bbox 3469 3891 3557 3931; x_wconf 88' lang='lat' dir='ltr'><strong>re-</strong></span> 
     </span>
    </p>
   </div>
   <div class='ocr_carea' id='block_1_102' title="bbox 1907 3929 3548 4015">
    <p class='ocr_par' dir='ltr' id='par_1_102' title="bbox 1907 3929 3548 4015">
     <span class='ocr_line' id='line_1_103' title="bbox 1907 3929 3548 4015; baseline 0.004 -18"><span class='ocrx_word' id='word_1_671' title='bbox 1907 3929 2258 4015; x_wconf 81' lang='lat' dir='ltr'><strong>petit_alil)i,</strong></span> <span class='ocrx_word' id='word_1_672' title='bbox 2301 3929 2372 3997; x_wconf 63' lang='lat' dir='ltr'><strong>ut&#39;</strong></span> <span class='ocrx_word' id='word_1_673' title='bbox 2415 3929 2480 4015; x_wconf 66' lang='lat' dir='ltr'><strong>in</strong></span> <span class='ocrx_word' id='word_1_674' title='bbox 2516 3929 2880 4015; x_wconf 69' lang='lat' dir='ltr'><strong>editioneN.</strong></span> <span class='ocrx_word' id='word_1_675' title='bbox 2918 3947 3288 4015; x_wconf 72' lang='lat' dir='ltr'><strong>Testamenti</strong></span> <span class='ocrx_word' id='word_1_676' title='bbox 3345 3929 3548 4004; x_wconf 80' lang='lat' dir='ltr'><strong>docui.</strong></span> 
     </span>
    </p>
   </div>
   <div class='ocr_carea' id='block_1_103' title="bbox 1910 4012 3557 4085">
    <p class='ocr_par' dir='ltr' id='par_1_103' title="bbox 1910 4012 3557 4085">
     <span class='ocr_line' id='line_1_104' title="bbox 1910 4012 3557 4085; baseline 0.002 -15"><span class='ocrx_word' id='word_1_677' title='bbox 1910 4012 2160 4085; x_wconf 80' lang='lat' dir='ltr'><strong>Cyrillus</strong></span> <span class='ocrx_word' id='word_1_678' title='bbox 2185 4019 2320 4068; x_wconf 90' lang='lat' dir='ltr'><strong>ante</strong></span> <span class='ocrx_word' id='word_1_679' title='bbox 2369 4012 2593 4068; x_wconf 90' lang='lat' dir='ltr'><strong>scholia</strong></span> <span class='ocrx_word' id='word_1_680' title='bbox 2652 4012 2833 4068; x_wconf 90' lang='lat' dir='ltr'><strong>habet</strong></span> <span class='ocrx_word' id='word_1_681' title='bbox 2889 4013 3040 4078; x_wconf 83' lang='grc' dir='ltr'><strong>ἕξετε,</strong></span> <span class='ocrx_word' id='word_1_682' title='bbox 3093 4017 3196 4069; x_wconf 93' lang='lat' dir='ltr'><strong>sed</strong></span> <span class='ocrx_word' id='word_1_683' title='bbox 3258 4017 3318 4071; x_wconf 90' lang='lat' dir='ltr'><strong>in</strong></span> <span class='ocrx_word' id='word_1_684' title='bbox 3372 4018 3557 4073; x_wconf 90' lang='lat' dir='ltr'><strong>inter-</strong></span> 
     </span>
    </p>
   </div>
   <div class='ocr_carea' id='block_1_104' title="bbox 1908 4085 3341 4156">
    <p class='ocr_par' dir='ltr' id='par_1_104' title="bbox 1908 4085 3341 4156">
     <span class='ocr_line' id='line_1_105' title="bbox 1908 4085 3341 4156; baseline 0.001 -18"><span class='ocrx_word' id='word_1_685' title='bbox 1908 4086 2234 4156; x_wconf 88' lang='lat' dir='ltr'><strong>pretatione</strong></span> <span class='ocrx_word' id='word_1_686' title='bbox 2283 4088 2448 4156; x_wconf 75' lang='grc' dir='ltr'><strong>ἓχστε.</strong></span> <span class='ocrx_word' id='word_1_687' title='bbox 2481 4085 2646 4139; x_wconf 85' lang='grc' dir='ltr'><strong>Τοω.</strong></span> <span class='ocrx_word' id='word_1_688' title='bbox 2679 4085 2768 4149; x_wconf 93' lang='lat' dir='ltr'><strong>IV,</strong></span> <span class='ocrx_word' id='word_1_689' title='bbox 2805 4100 2863 4155; x_wconf 92' lang='lat' dir='ltr'><strong>p.</strong></span> <span class='ocrx_word' id='word_1_690' title='bbox 2910 4085 3013 4140; x_wconf 74' lang='grc'><strong>944</strong></span> <span class='ocrx_word' id='word_1_691' title='bbox 3045 4088 3110 4151; x_wconf 85' lang='grc' dir='ltr'><strong>Α,</strong></span> <span class='ocrx_word' id='word_1_692' title='bbox 3141 4087 3247 4142; x_wconf 79' lang='grc'><strong>945</strong></span> <span class='ocrx_word' id='word_1_693' title='bbox 3276 4093 3341 4142; x_wconf 83' lang='grc' dir='ltr'><strong>Δ.</strong></span> 
     </span>
    </p>
   </div>
   <div class='ocr_carea' id='block_1_105' title="bbox 1982 4173 3561 4248">
    <p class='ocr_par' dir='ltr' id='par_1_105' title="bbox 1982 4173 3561 4248">
     <span class='ocr_line' id='line_1_106' title="bbox 1982 4173 3561 4248; baseline 0.004 -22"><span class='ocrx_word' id='word_1_694' title='bbox 1982 4173 2046 4244; x_wconf 74' lang='grc' dir='ltr'><strong>(ἱ)</strong></span> <span class='ocrx_word' id='word_1_695' title='bbox 2083 4173 2317 4248; x_wconf 85' lang='lat' dir='ltr'><strong>Minime</strong></span> <span class='ocrx_word' id='word_1_696' title='bbox 2355 4188 2511 4248; x_wconf 81' lang='lat' dir='ltr'><strong>vero.</strong></span> <span class='ocrx_word' id='word_1_697' title='bbox 2547 4173 3034 4248; x_wconf 84' lang='lat' dir='ltr'><strong>Nam_i_nterpres</strong></span> <span class='ocrx_word' id='word_1_698' title='bbox 3067 4175 3305 4248; x_wconf 80' lang='lat' dir='ltr'><strong>Latinus</strong></span> <span class='ocrx_word' id='word_1_699' title='bbox 3343 4177 3561 4248; x_wconf 77' lang='lat' dir='ltr'><strong>saepius</strong></span> 
     </span>
    </p>
   </div>
   <div class='ocr_carea' id='block_1_106' title="bbox 1913 4243 3558 4369">
    <p class='ocr_par' dir='ltr' id='par_1_106' title="bbox 1913 4243 3558 4369">
     <span class='ocr_line' id='line_1_107' title="bbox 1913 4243 3558 4369; baseline 0.003 -71"><span class='ocrx_word' id='word_1_700' title='bbox 1913 4243 2224 4369; x_wconf 50' lang='lat' dir='ltr'><strong>praesentia</strong></span> <span class='ocrx_word' id='word_1_701' title='bbox 2254 4260 2358 4315; x_wconf 87' lang='lat' dir='ltr'><strong>per</strong></span> <span class='ocrx_word' id='word_1_702' title='bbox 2387 4244 2585 4298; x_wconf 83' lang='lat' dir='ltr'><strong>futura</strong></span> <span class='ocrx_word' id='word_1_703' title='bbox 2627 4243 2838 4299; x_wconf 88' lang='lat' dir='ltr'><strong>reddit.</strong></span> <span class='ocrx_word' id='word_1_704' title='bbox 2882 4243 3078 4315; x_wconf 78' lang='lat' dir='ltr'><strong>Neque</strong></span> <span class='ocrx_word' id='word_1_705' title='bbox 3125 4244 3240 4302; x_wconf 89' lang='lat' dir='ltr'><strong>hoc</strong></span> <span class='ocrx_word' id='word_1_706' title='bbox 3291 4243 3558 4316; x_wconf 70' lang='lat' dir='ltr'><strong>ignoras,</strong></span> 
     </span>
     <span class='ocr_line' id='line_1_108' title="bbox 1959 4331 2178 4369; baseline 0 -1"><span class='ocrx_word' id='word_1_707' title='bbox 1959 4331 2031 4368; x_wconf 92' lang='lat' dir='ltr'><strong>en</strong></span> <span class='ocrx_word' id='word_1_708' title='bbox 2061 4331 2178 4369; x_wconf 87' lang='lat' dir='ltr'><strong>em.</strong></span> 
     </span>
    </p>
   </div>
   <div class='ocr_carea' id='block_1_107' title="bbox 1959 4331 2178 4369">
    <p class='ocr_par' dir='ltr' id='par_1_107' title="bbox 1959 4331 2178 4369">
     <span class='ocr_line' id='line_1_109' title="bbox 1959 4331 2178 4369; baseline 0.005 -1"><span class='ocrx_word' id='word_1_709' title='bbox 1959 4331 2178 4369; x_wconf 77' lang='lat' dir='ltr'><strong>enteni.</strong></span> 
     </span>
    </p>
   </div>
   <div class='ocr_carea' id='block_1_108' title="bbox 1984 4401 3561 4475">
    <p class='ocr_par' dir='ltr' id='par_1_108' title="bbox 1984 4401 3561 4475">
     <span class='ocr_line' id='line_1_110' title="bbox 1984 4401 3561 4475; baseline 0.003 -18"><span class='ocrx_word' id='word_1_710' title='bbox 1984 4401 2160 4475; x_wconf 63' lang='lat' dir='ltr'><strong>(k)&quot;’_0</strong></span> <span class='ocrx_word' id='word_1_711' title='bbox 2189 4401 2357 4475; x_wconf 84' lang='lat' dir='ltr'><strong>ponit</strong></span> <span class='ocrx_word' id='word_1_712' title='bbox 2382 4401 2442 4475; x_wconf 83' lang='lat' dir='ltr'><strong>in</strong></span> <span class='ocrx_word' id='word_1_713' title='bbox 2492 4401 2971 4475; x_wconf 82' lang='lat' dir='ltr'><strong>interpretatione</strong></span> <span class='ocrx_word' id='word_1_714' title='bbox 3008 4402 3163 4475; x_wconf 89' lang='lat' dir='ltr'><strong>ideo,</strong></span> <span class='ocrx_word' id='word_1_715' title='bbox 3223 4403 3386 4475; x_wconf 83' lang='lat' dir='ltr'><strong>quod</strong></span> <span class='ocrx_word' id='word_1_716' title='bbox 3439 4421 3561 4463; x_wconf 88' lang='lat' dir='ltr'><strong>non</strong></span> 
     </span>
    </p>
   </div>
   <div class='ocr_carea' id='block_1_109' title="bbox 1914 4471 3563 4544">
    <p class='ocr_par' dir='ltr' id='par_1_109' title="bbox 1914 4471 3563 4544">
     <span class='ocr_line' id='line_1_111' title="bbox 1914 4471 3563 4544; baseline 0.002 -16"><span class='ocrx_word' id='word_1_717' title='bbox 1914 4471 2165 4544; x_wconf 85' lang='lat' dir='ltr'><strong>repetiit,</strong></span> <span class='ocrx_word' id='word_1_718' title='bbox 2190 4471 2255 4522; x_wconf 54' lang='lat' dir='ltr'><strong>1v</strong></span> <span class='ocrx_word' id='word_1_719' title='bbox 2279 4479 2350 4542; x_wconf 85' lang='grc' dir='ltr'><strong>τῷ</strong></span> <span class='ocrx_word' id='word_1_720' title='bbox 2397 4471 2613 4542; x_wconf 82' lang='grc' dir='ltr'><strong>ὀνόματί</strong></span> <span class='ocrx_word' id='word_1_721' title='bbox 2652 4471 2786 4537; x_wconf 64' lang='grc' dir='ltr'><strong>σου,</strong></span> <span class='ocrx_word' id='word_1_722' title='bbox 2845 4472 2923 4544; x_wconf 84' lang='lat' dir='ltr'><strong>ad</strong></span> <span class='ocrx_word' id='word_1_723' title='bbox 2969 4473 3135 4544; x_wconf 89' lang='lat' dir='ltr'><strong>quod</strong></span> <span class='ocrx_word' id='word_1_724' title='bbox 3189 4471 3438 4544; x_wconf 73' lang='lat' dir='ltr'><strong>refertur</strong></span> <span class='ocrx_word' id='word_1_725' title='bbox 3499 4478 3563 4532; x_wconf 91' lang='lat' dir='ltr'><strong>in</strong></span> 
     </span>
    </p>
   </div>
   <div class='ocr_carea' id='block_1_110' title="bbox 1912 4541 3563 4619">
    <p class='ocr_par' dir='ltr' id='par_1_110' title="bbox 1912 4541 3563 4619">
     <span class='ocr_line' id='line_1_112' title="bbox 1912 4541 3563 4619; baseline 0.004 -21"><span class='ocrx_word' id='word_1_726' title='bbox 1912 4541 2080 4619; x_wconf 75' lang='lat' dir='ltr'><strong>t_eitu</strong></span> <span class='ocrx_word' id='word_1_727' title='bbox 2251 4544 2548 4619; x_wconf 71' lang='lat' dir='ltr'><strong>Quorsum</strong></span> <span class='ocrx_word' id='word_1_728' title='bbox 2595 4556 2734 4610; x_wconf 88' lang='lat' dir='ltr'><strong>ergo</strong></span> <span class='ocrx_word' id='word_1_729' title='bbox 2789 4541 3166 4599; x_wconf 79' lang='lat' dir='ltr'><strong>referendum</strong></span> <span class='ocrx_word' id='word_1_730' title='bbox 3220 4543 3422 4604; x_wconf 85' lang='lat' dir='ltr'><strong>fuisset</strong></span> <span class='ocrx_word' id='word_1_731' title='bbox 3466 4547 3505 4619; x_wconf 86' lang='grc' dir='ltr'><em>ᾧ</em></span> <span class='ocrx_word' id='word_1_732' title='bbox 3533 4549 3563 4604; x_wconf 87' lang='lat'><strong>?</strong></span> 
     </span>
    </p>
   </div>
   <div class='ocr_carea' id='block_1_111' title="bbox 1917 4609 2498 4675">
    <p class='ocr_par' dir='ltr' id='par_1_111' title="bbox 1917 4609 2498 4675">
     <span class='ocr_line' id='line_1_113' title="bbox 1917 4609 2498 4675; baseline -0.003 -7"><span class='ocrx_word' id='word_1_733' title='bbox 1917 4615 2082 4670; x_wconf 87' lang='lat' dir='ltr'><strong>Forte</strong></span> <span class='ocrx_word' id='word_1_734' title='bbox 2124 4609 2203 4669; x_wconf 56' lang='lat' dir='ltr'><strong>ad</strong></span> <span class='ocrx_word' id='word_1_735' title='bbox 2244 4609 2498 4675; x_wconf 79' lang='grc' dir='ltr'><strong>δέδωκας.</strong></span> 
     </span>
    </p>
   </div>
   <div class='ocr_carea' id='block_1_112' title="bbox 1987 4701 3564 4775">
    <p class='ocr_par' dir='ltr' id='par_1_112' title="bbox 1987 4701 3564 4775">
     <span class='ocr_line' id='line_1_114' title="bbox 1987 4701 3564 4775; baseline 0.003 -18"><span class='ocrx_word' id='word_1_736' title='bbox 1987 4704 2048 4775; x_wconf 84' lang='grc' dir='ltr'><strong>(ι)</strong></span> <span class='ocrx_word' id='word_1_737' title='bbox 2075 4706 2298 4775; x_wconf 83' lang='lat' dir='ltr'><strong>Incerta</strong></span> <span class='ocrx_word' id='word_1_738' title='bbox 2328 4701 2492 4775; x_wconf 84' lang='lat' dir='ltr'><strong>sedes</strong></span> <span class='ocrx_word' id='word_1_739' title='bbox 2536 4701 2714 4773; x_wconf 85' lang='lat' dir='ltr'><strong>hujus</strong></span> <span class='ocrx_word' id='word_1_740' title='bbox 2757 4703 3036 4759; x_wconf 89' lang='lat' dir='ltr'><strong>vocabuli</strong></span> <span class='ocrx_word' id='word_1_741' title='bbox 3088 4705 3229 4760; x_wconf 89' lang='lat' dir='ltr'><strong>satis</strong></span> <span class='ocrx_word' id='word_1_742' title='bbox 3255 4707 3470 4775; x_wconf 85' lang='lat' dir='ltr'><strong>arguit,</strong></span> <span class='ocrx_word' id='word_1_743' title='bbox 3501 4707 3564 4762; x_wconf 90' lang='lat' dir='ltr'><strong>id</strong></span> 
     </span>
    </p>
   </div>
   <div class='ocr_carea' id='block_1_113' title="bbox 1916 4773 3564 4849">
    <p class='ocr_par' dir='ltr' id='par_1_113' title="bbox 1916 4773 3564 4849">
     <span class='ocr_line' id='line_1_115' title="bbox 1916 4773 3564 4849; baseline 0.002 -20"><span class='ocrx_word' id='word_1_744' title='bbox 1916 4773 2165 4849; x_wconf 72' lang='lat' dir='ltr'><strong>aliunde</strong></span> <span class='ocrx_word' id='word_1_745' title='bbox 2180 4773 2584 4849; x_wconf 66' lang='lat' dir='ltr'><strong>introductum</strong></span> <span class='ocrx_word' id='word_1_746' title='bbox 2615 4776 2944 4849; x_wconf 82' lang='lat' dir='ltr'><strong>esse.__Nam</strong></span> <span class='ocrx_word' id='word_1_747' title='bbox 2994 4791 3172 4849; x_wconf 12' lang='lat' dir='ltr'><strong>meus;</strong></span> <span class='ocrx_word' id='word_1_748' title='bbox 3202 4773 3564 4849; x_wconf 73' lang='lat' dir='ltr'><strong>Mosquensis</strong></span> 
     </span>
    </p>
   </div>
   <div class='ocr_carea' id='block_1_114' title="bbox 1917 4843 3565 4915">
    <p class='ocr_par' dir='ltr' id='par_1_114' title="bbox 1917 4843 3565 4915">
     <span class='ocr_line' id='line_1_116' title="bbox 1917 4843 3565 4915; baseline 0.002 -15"><span class='ocrx_word' id='word_1_749' title='bbox 1917 4845 2103 4900; x_wconf 90' lang='lat' dir='ltr'><strong>codex</strong></span> <span class='ocrx_word' id='word_1_750' title='bbox 2138 4846 2200 4900; x_wconf 92' lang='lat' dir='ltr'><strong>S.</strong></span> <span class='ocrx_word' id='word_1_751' title='bbox 2237 4843 2339 4915; x_wconf 91' lang='lat' dir='ltr'><strong>qui</strong></span> <span class='ocrx_word' id='word_1_752' title='bbox 2389 4843 2584 4915; x_wconf 80' lang='lat' dir='ltr'><strong>Cyrilli</strong></span> <span class='ocrx_word' id='word_1_753' title='bbox 2615 4843 2839 4900; x_wconf 90' lang='lat' dir='ltr'><strong>scholia</strong></span> <span class='ocrx_word' id='word_1_754' title='bbox 2867 4845 3048 4901; x_wconf 88' lang='lat' dir='ltr'><strong>etiam</strong></span> <span class='ocrx_word' id='word_1_755' title='bbox 3079 4847 3280 4912; x_wconf 89' lang='lat' dir='ltr'><strong>habet,</strong></span> <span class='ocrx_word' id='word_1_756' title='bbox 3315 4843 3482 4904; x_wconf 78' lang='lat' dir='ltr'><strong>addit</strong></span> <span class='ocrx_word' id='word_1_757' title='bbox 3503 4849 3565 4905; x_wconf 93' lang='lat' dir='ltr'><strong>id</strong></span> 
     </span>
    </p>
   </div>
   <div class='ocr_carea' id='block_1_115' title="bbox 1917 4914 3565 4988">
    <p class='ocr_par' dir='ltr' id='par_1_115' title="bbox 1917 4914 3565 4988">
     <span class='ocr_line' id='line_1_117' title="bbox 1917 4914 3565 4988; baseline 0.002 -16"><span class='ocrx_word' id='word_1_758' title='bbox 1917 4921 2054 4972; x_wconf 91' lang='lat' dir='ltr'><strong>ante</strong></span> <span class='ocrx_word' id='word_1_759' title='bbox 2082 4919 2230 4988; x_wconf 82' lang='grc' dir='ltr'><strong>πρὸς.</strong></span> <span class='ocrx_word' id='word_1_760' title='bbox 2259 4914 2588 4988; x_wconf 68' lang='lat' dir='ltr'><strong>ltaerilli.</strong></span> <span class='ocrx_word' id='word_1_761' title='bbox 2613 4919 2654 4970; x_wconf 92' lang='lat' dir='ltr'><strong>t.</strong></span> <span class='ocrx_word' id='word_1_762' title='bbox 2687 4915 2774 4981; x_wconf 92' lang='lat' dir='ltr'><strong>IV,</strong></span> <span class='ocrx_word' id='word_1_763' title='bbox 2799 4931 2858 4986; x_wconf 92' lang='lat' dir='ltr'><strong>p.</strong></span> <span class='ocrx_word' id='word_1_764' title='bbox 2894 4917 3052 4983; x_wconf 75' lang='grc'><strong>1034,</strong></span> <span class='ocrx_word' id='word_1_765' title='bbox 3087 4919 3144 4973; x_wconf 87' lang='grc' dir='ltr'><strong>Β.</strong></span> <span class='ocrx_word' id='word_1_766' title='bbox 3178 4919 3343 4974; x_wconf 85' lang='lat' dir='ltr'><strong>Alius</strong></span> <span class='ocrx_word' id='word_1_767' title='bbox 3376 4920 3565 4976; x_wconf 86' lang='lat' dir='ltr'><strong>codex</strong></span> 
     </span>
    </p>
   </div>
   <div class='ocr_carea' id='block_1_116' title="bbox 1917 4985 3067 5058">
    <p class='ocr_par' dir='ltr' id='par_1_116' title="bbox 1917 4985 3067 5058">
     <span class='ocr_line' id='line_1_118' title="bbox 1917 4985 3067 5058; baseline 0.002 -18"><span class='ocrx_word' id='word_1_768' title='bbox 1917 4988 2006 5050; x_wconf 77' lang='grc'><strong>41,</strong></span> <span class='ocrx_word' id='word_1_769' title='bbox 2040 4985 2175 5042; x_wconf 89' lang='lat' dir='ltr'><strong>cum</strong></span> <span class='ocrx_word' id='word_1_770' title='bbox 2201 4985 2439 5042; x_wconf 86' lang='lat' dir='ltr'><strong>scholiis</strong></span> <span class='ocrx_word' id='word_1_771' title='bbox 2470 4985 2652 5040; x_wconf 89' lang='lat' dir='ltr'><strong>habet</strong></span> <span class='ocrx_word' id='word_1_772' title='bbox 2683 4985 2815 5058; x_wconf 88' lang='lat' dir='ltr'><strong>post</strong></span> <span class='ocrx_word' id='word_1_773' title='bbox 2861 4988 3067 5048; x_wconf 71' lang='grc' dir='ltr'>αὐτούς.</span> 
     </span>
    </p>
   </div>
   <div class='ocr_carea' id='block_1_117' title="bbox 1991 5075 3567 5146">
    <p class='ocr_par' dir='ltr' id='par_1_117' title="bbox 1991 5075 3567 5146">
     <span class='ocr_line' id='line_1_119' title="bbox 1991 5075 3567 5146; baseline 0.003 -15"><span class='ocrx_word' id='word_1_774' title='bbox 1991 5077 2094 5146; x_wconf 88' lang='lat' dir='ltr'><strong>(m)</strong></span> <span class='ocrx_word' id='word_1_775' title='bbox 2128 5079 2258 5130; x_wconf 73' lang='lat' dir='ltr'><strong>Haec</strong></span> <span class='ocrx_word' id='word_1_776' title='bbox 2289 5075 2572 5146; x_wconf 91' lang='lat' dir='ltr'><strong>nimirum</strong></span> <span class='ocrx_word' id='word_1_777' title='bbox 2612 5075 2829 5131; x_wconf 90' lang='lat' dir='ltr'><strong>omittit</strong></span> <span class='ocrx_word' id='word_1_778' title='bbox 2860 5076 3160 5133; x_wconf 90' lang='lat' dir='ltr'><strong>Erasmus.</strong></span> <span class='ocrx_word' id='word_1_779' title='bbox 3206 5081 3364 5136; x_wconf 90' lang='lat' dir='ltr'><strong>Unus</strong></span> <span class='ocrx_word' id='word_1_780' title='bbox 3403 5097 3567 5136; x_wconf 90' lang='lat' dir='ltr'><strong>meo-</strong></span> 
     </span>
    </p>
   </div>
   <div class='ocr_carea' id='block_1_118' title="bbox 1919 5145 3560 5219">
    <p class='ocr_par' dir='ltr' id='par_1_118' title="bbox 1919 5145 3560 5219">
     <span class='ocr_line' id='line_1_120' title="bbox 1919 5145 3560 5219; baseline 0.005 -17"><span class='ocrx_word' id='word_1_781' title='bbox 1919 5163 2052 5202; x_wconf 90' lang='lat' dir='ltr'><strong>rum</strong></span> <span class='ocrx_word' id='word_1_782' title='bbox 2076 5145 2324 5219; x_wconf 89' lang='lat' dir='ltr'><strong>quoque</strong></span> <span class='ocrx_word' id='word_1_783' title='bbox 2351 5145 2628 5219; x_wconf 84' lang='lat' dir='ltr'><strong>eumdem</strong></span> <span class='ocrx_word' id='word_1_784' title='bbox 2648 5146 2860 5219; x_wconf 89' lang='lat' dir='ltr'><strong>saltum</strong></span> <span class='ocrx_word' id='word_1_785' title='bbox 2888 5148 3022 5205; x_wconf 83' lang='lat' dir='ltr'><strong>fecit</strong></span> <span class='ocrx_word' id='word_1_786' title='bbox 3051 5149 3128 5205; x_wconf 91' lang='lat' dir='ltr'><strong>ab</strong></span> <span class='ocrx_word' id='word_1_787' title='bbox 3148 5147 3295 5208; x_wconf 73' lang='grc' dir='ltr'><strong>ἦλθεν</strong></span> <span class='ocrx_word' id='word_1_788' title='bbox 3321 5152 3398 5208; x_wconf 91' lang='lat' dir='ltr'><strong>ad</strong></span> <span class='ocrx_word' id='word_1_789' title='bbox 3423 5148 3560 5210; x_wconf 76' lang='grc' dir='ltr'><strong>ἦλθε.</strong></span> 
     </span>
    </p>
   </div>
   <div class='ocr_carea' id='block_1_119' title="bbox 1920 5217 3568 5344">
    <p class='ocr_par' dir='ltr' id='par_1_119' title="bbox 1920 5217 3568 5344">
     <span class='ocr_line' id='line_1_121' title="bbox 1920 5217 3568 5344; baseline 0.003 -71"><span class='ocrx_word' id='word_1_790' title='bbox 1920 5217 2164 5344; x_wconf 66' lang='lat' dir='ltr'><strong>utertque</strong></span> <span class='ocrx_word' id='word_1_791' title='bbox 2217 5223 2416 5273; x_wconf 90' lang='lat' dir='ltr'><strong>autem</strong></span> <span class='ocrx_word' id='word_1_792' title='bbox 2476 5217 2776 5288; x_wconf 90' lang='lat' dir='ltr'><strong>Euthymii</strong></span> <span class='ocrx_word' id='word_1_793' title='bbox 2805 5235 2943 5274; x_wconf 92' lang='lat' dir='ltr'><strong>cum</strong></span> <span class='ocrx_word' id='word_1_794' title='bbox 2999 5220 3243 5293; x_wconf 88' lang='lat' dir='ltr'><strong>reliquis</strong></span> <span class='ocrx_word' id='word_1_795' title='bbox 3285 5223 3399 5278; x_wconf 90' lang='lat' dir='ltr'><strong>ista</strong></span> <span class='ocrx_word' id='word_1_796' title='bbox 3443 5238 3568 5278; x_wconf 92' lang='lat' dir='ltr'><strong>ser-</strong></span> 
     </span>
     <span class='ocr_line' id='line_1_122' title="bbox 1920 5304 2077 5344; baseline -0.006 0"><span class='ocrx_word' id='word_1_797' title='bbox 1920 5304 2034 5344; x_wconf 89' lang='lat' dir='ltr'><strong>van</strong></span> <span class='ocrx_word' id='word_1_798' title='bbox 2066 5331 2077 5343; x_wconf 96' lang='lat'><strong>.</strong></span> 
     </span>
    </p>
   </div>
   <div class='ocr_carea' id='block_1_120' title="bbox 1920 5304 2077 5344">
    <p class='ocr_par' dir='ltr' id='par_1_120' title="bbox 1920 5304 2077 5344">
     <span class='ocr_line' id='line_1_123' title="bbox 1920 5304 2077 5344; baseline -0.006 0"><span class='ocrx_word' id='word_1_799' title='bbox 1920 5304 2077 5344; x_wconf 83' lang='lat' dir='ltr'><strong>vant.</strong></span> 
     </span>
    </p>
   </div>
   <div class='ocr_carea' id='block_1_121' title="bbox 1993 5377 3568 5448">
    <p class='ocr_par' dir='ltr' id='par_1_121' title="bbox 1993 5377 3568 5448">
     <span class='ocr_line' id='line_1_124' title="bbox 1993 5377 3568 5448; baseline 0.001 -16"><span class='ocrx_word' id='word_1_800' title='bbox 1993 5377 2327 5448; x_wconf 10' lang='lat' dir='ltr'><strong>(n)7Preeter</strong></span> <span class='ocrx_word' id='word_1_801' title='bbox 2357 5379 2619 5448; x_wconf 83' lang='grc' dir='ltr'><strong>μαθηταῖς</strong></span> <span class='ocrx_word' id='word_1_802' title='bbox 2650 5393 2806 5433; x_wconf 91' lang='lat' dir='ltr'><strong>unus</strong></span> <span class='ocrx_word' id='word_1_803' title='bbox 2836 5394 3107 5435; x_wconf 91' lang='lat' dir='ltr'><strong>meorum</strong></span> <span class='ocrx_word' id='word_1_804' title='bbox 3138 5380 3422 5437; x_wconf 87' lang='lat' dir='ltr'><strong>Codicum</strong></span> <span class='ocrx_word' id='word_1_805' title='bbox 3463 5384 3568 5435; x_wconf 91' lang='lat' dir='ltr'><strong>Eu-</strong></span> 
     </span>
    </p>
   </div>
   <div class='ocr_carea' id='block_1_122' title="bbox 1927 5447 2528 5520">
    <p class='ocr_par' dir='ltr' id='par_1_122' title="bbox 1927 5447 2528 5520">
     <span class='ocr_line' id='line_1_125' title="bbox 1927 5447 2528 5520; baseline -0.002 -16"><span class='ocrx_word' id='word_1_806' title='bbox 1927 5447 2129 5520; x_wconf 86' lang='lat' dir='ltr'><strong>thymii</strong></span> <span class='ocrx_word' id='word_1_807' title='bbox 2161 5448 2328 5504; x_wconf 90' lang='lat' dir='ltr'><strong>addit</strong></span> <span class='ocrx_word' id='word_1_808' title='bbox 2347 5447 2528 5503; x_wconf 70' lang='grc' dir='ltr'>αὐτοῦ.</span> 
     </span>
    </p>
   </div>
  </div>
