3976 6222
406 244 473 305 67
1917 240 2308 307 PBEFATIO.
3092 234 3097 237 “
3743 247 3813 310 es

473 375 563 441 21,
593 375 684 431 15.
720 375 922 430 Simon
971 374 1165 445 (Iona)
1192 370 1386 443 diligis
1414 389 1508 430 me
1524 373 1659 446 plus
1696 373 1787 430 his
1813 373 1840 428 ?
1866 373 2051 431 Habet
2084 374 2130 429 A
2159 374 2286 431 vice
2312 375 2712 449 subsequitur.
2742 374 3018 433 Similiter
3069 376 3248 433 etiam
3297 374 3482 434 habet
3510 378 3817 451 exemplar

403 478 683 535 namque,
720 464 883 528 Ἰωνᾶ,
920 480 1034 519 non
1088 464 1298 516 Ἰωαννᾶ
1336 481 1347 517 :
1383 468 1437 518 et
1476 462 1557 518 ita
1612 479 1851 519 rursum
1905 461 2048 519 bina

2161 466 2603 537 Complutense.

1798 774 2107 832 EJUSDEM
2149 776 2493 832 HENTENII.

402 934 463 987 In
494 930 585 987 his
606 945 732 1001 qua:
760 935 1077 1001 sequuntur
1100 927 1649 1001 multisqueatiisin
1681 927 1817 1001 locis
1852 929 2213 999 Evangelium
2239 928 2483 999 phrasin
2524 930 2740 985 imitati
2774 929 3151 995 Hebraicam,
3179 938 3499 1001 posuerunt
3514 941 3807 1001 presens,

1394 999 1677 1055 interdum
1705 1000 1876 1056 etiam
1937 1006 1987 1055 et
2015 1004 2377 1069 praeteritum
2404 1016 2505 1071 pro
2551 1002 2777 1071 futuro.

466 1288 663 1343 Matth.
708 1287 789 1350 11,
827 1290 877 1351 3,
906 1289 961 1339 et
990 1286 1156 1339 Lucae
1204 1284 1255 1348 7,
1306 1283 1382 1345 19,
1420 1282 1510 1346 20,
1551 1281 1807 1338 occurrit
1840 1282 1899 1337 in
1930 1282 2045 1354 pri-

397 1379 509 1433 mis
534 1376 678 1431 illud
703 1375 963 1430 maxime
994 1371 1299 1441 vulgatum
1334 1387 1345 1425 :
1375 1374 1457 1426 Tu
1489 1386 1550 1425 es
1572 1369 1667 1425 ille
1698 1370 1828 1441 (qui
1862 1368 2047 1441 venit)

394 1482 473 1522 an
525 1465 708 1521 alium
764 1466 1178 1533 exspectamus
1225 1460 1252 1515 ?
1304 1459 1411 1515 Ubi
1480 1458 1719 1530 ponitur
1768 1459 2047 1531 ἐρχόμενος

392 1555 643 1617 veniens,
676 1568 781 1623 pro
811 1567 880 1605 eo
910 1549 1075 1621 quod
1106 1553 1211 1603 est.
1249 1549 1363 1615 Qui
1380 1550 1663 1603 venturus
1695 1553 1795 1615 est,
1821 1551 1924 1602 aut
1943 1563 2047 1619 po-

391 1624 525 1707 tius,
569 1640 677 1705 Qui
708 1644 989 1695 venturus
1020 1641 1165 1692 erat.
1192 1636 1255 1690 Et
1304 1636 1517 1691 eodem
1557 1635 1740 1691 modo
1784 1638 1952 1691 Joan.
1988 1635 2039 1701 6,

392 1732 458 1785 14
500 1748 512 1784 :
550 1731 649 1785 Hic
681 1733 769 1784 est
793 1743 927 1783 vere
958 1726 1252 1798 propheta
1295 1725 1594 1796 (veniens)
1626 1725 1687 1780 in
1716 1724 2041 1792 mundum,

388 1820 450 1875 id
479 1824 587 1883 est,
616 1816 713 1889 qui
741 1820 1027 1871 venturus
1060 1819 1207 1869 erat.
1266 1816 1525 1869 Rursum
1555 1814 1754 1869 Matth.
1805 1814 1892 1878 17,
1928 1814 1987 1867 11
2028 1830 2039 1867 :

390 1908 545 1962 Elias
573 1906 818 1977 quidem
879 1902 1082 1975 (venit)
1116 1901 1378 1974 primum
1410 1918 1423 1956 :
1458 1900 1713 1974 Ἔρχεται
1744 1917 1844 1972 pro
1903 1904 2045 1957 Ven-

390 2001 553 2050 turus
584 1997 690 2061 est,
718 1993 980 2063 ponitur.
1010 1993 1075 2046 Et
1106 2005 1251 2045 sane
1280 1988 1341 2044 id
1369 1990 1427 2045 in
1457 1989 1573 2045 hoc
1599 1989 1782 2045 verbo
1814 1992 2043 2062 ἔρχομαι

387 2081 937 2155 frequentissimum
968 2083 1075 2134 est.

457 2188 651 2246 Matth.
687 2188 773 2251 10,
816 2188 904 2241 2).
956 2186 1088 2241 Non
1118 2183 1276 2240 enim
1326 2199 1429 2239 vos
1490 2184 1675 2255 (estis)
1695 2183 1799 2249 (illi
1827 2184 1929 2255 qui
1958 2183 2043 2239 lo-

385 2276 674 2350 quuntur)
703 2276 806 2332 sed
838 2274 1088 2346 Spiritus
1137 2272 1320 2328 Patris
1353 2272 1526 2327 vestri
1575 2272 1702 2343 (qui
1752 2271 2039 2344 loquitur)

384 2368 446 2423 in
474 2366 661 2422 vobis.
694 2365 794 2421 Ubi
824 2378 1083 2435 prasens
1109 2362 1226 2414 ἐστέ
1266 2377 1375 2433 pro
1424 2362 1590 2417 eritis
1633 2361 1886 2417 sumitur
1916 2381 1929 2429 ;
1985 2366 2043 2418 et

383 2456 650 2516 λαλοῦντες
681 2470 789 2526 pro
817 2469 887 2509 eo
946 2451 1112 2525 quod
1168 2456 1276 2516 est,
1338 2451 1448 2515 Qui
1484 2451 1804 2523 loquentur
1831 2467 1844 2515 ;
1871 2456 1929 2507 et
1952 2451 2040 2502 λα-

383 2544 523 2607 λοῠν,
556 2558 665 2615 pro
702 2542 996 2614 loquetur.
1033 2540 1255 2596 Eadem
1279 2539 1461 2595 etiam
1501 2538 1802 2595 habentur
1849 2541 2027 2595 Marc.

385 2634 468 2697 ‘13,
509 2634 593 2687 11.

453 2736 647 2793 Matth.
677 2736 767 2801 22,
785 2736 870 2791 30.
888 2736 951 2789 In
974 2733 1401 2789 resurrectione
1424 2746 1620 2805 neque
1652 2717 2040 2803 (contrahunt

383 2825 850 2896 matrimonium)
870 2839 1061 2895 neque
1099 2823 1335 2895 (nuptui
1357 2821 1837 2893 traduntur),sed
1860 2820 2035 2892 quasi

381 2915 577 2985 angeli
600 2914 698 2969 Dei
726 2915 786 2969 in
824 2912 973 2969 coelo
1001 2914 1188 2983 (sunt)
1213 2912 1473 2967 Verbum
1503 2917 1755 2983 γαμοῦσι,
1775 2909 1933 2982 quod
1961 2926 2035 2965 ex

378 3006 764 3077 sequentibus
794 3004 1011 3068 verbis,
1032 3018 1167 3075 quae
1183 3000 1490 3059 manifeste
1520 3001 1843 3073 praesentia
1873 3004 2026 3064 sunt,

378 3096 555 3151 etiam
568 3095 871 3165 judicatur
887 3109 1014 3150 esse
1028 3108 1312 3166 praesens,
1346 3107 1454 3164 pro
1471 3091 1668 3147 futuro
1681 3090 2030 3147 contrahent

375 3184 656 3257 accipitur
687 3200 700 3239 :
734 3189 789 3239 et
813 3182 1185 3255 ἐκγαμίζονται
1214 3195 1344 3253 pro,
1398 3182 1618 3253 Nuptui
1676 3179 2023 3245 tradentur;

374 3271 651 3329 similiter
680 3277 783 3324 εἰσί
816 3288 921 3343 pro
969 3278 1163 3337 erunt,
1231 3270 1358 3326 Pari
1385 3284 1629 3342 quoque
1683 3267 1864 3325 modo
1919 3267 2027 3325 ha-

369 3361 586 3419 bentur
611 3362 797 3418 verba
826 3362 953 3417 haec
994 3361 1129 3417 Luc.
1176 3362 1265 3426 20,
1297 3358 1383 3424 35,
1422 3363 1488 3415 36
1523 3376 1535 3424 ;
1590 3360 1763 3415 Marc.
1810 3359 1898 3427 12,
1932 3357 2023 3414 25.

440 3469 634 3526 Matth.
664 3470 756 3536 17,
788 3472 878 3523 20.
922 3468 979 3523 Si
1010 3465 1326 3539 (habeatis)
1357 3464 1533 3519 fidem
1568 3464 1725 3520 sicut
1770 3478 2023 3532 granum

369 3556 610 3630 sinapis.
642 3556 843 3628 Ἐχητε
874 3571 982 3627 pro
1016 3556 1223 3611 futuro
1258 3552 1578 3608 habueritis
1611 3550 1874 3607 sumitur.

438 3644 635 3701 Matth.
665 3648 753 3708 26,
791 3644 874 3699 11.
893 3643 1193 3714 Pauperes
1218 3640 1377 3697 enim
1392 3655 1630 3710 semper
1658 3638 1890 3696 habetis
1921 3654 2020 3696 vo-

365 3732 614 3799 biscum,
648 3748 744 3787 me
774 3746 916 3787 vero
946 3746 1069 3785 non
1100 3744 1336 3800 semper
1366 3728 1662 3799 (habetis).
1682 3730 1801 3782 Hoc
1817 3725 2016 3783 inloco

365 3824 784 3894 praesensixar:
798 3820 1114 3891 profuturo
1154 3816 1438 3874 habebitis
1468 3816 1708 3888 capitur.
1728 3816 2016 3871 Eteodem

364 3908 547 3965 modo
578 3907 747 3963 Joan.
782 3912 865 3978 12,
909 3904 959 3963 8.

433 4006 629 4063 Matth.
661 4008 826 4071 28,7.
880 4006 1021 4060 Ecce
1069 3999 1393 4073 (priscedit)
1443 4016 1549 4057 vos
1594 4000 1653 4056 in
1711 3999 2015 4057 Galilaeam

362 4099 580 4171 προάγει
637 4108 740 4165 pro
786 4094 980 4149 futuro
1024 4091 1317 4161 praecedet
1378 4089 1684 4160 accipitur.
1738 4089 2016 4146 Similiter

361 4186 546 4241 etiam
576 4184 752 4239 habet
786 4184 1014 4238 Marcus
1072 4182 1159 4244 16,
1196 4181 1254 4235 7.

2232 1286 2365 1339 Luc.
2404 1289 2487 1348 13,
2521 1285 2610 1341 35.
2642 1288 2785 1341 Ecce
2816 1285 3211 1359 (relinquitur)
3258 1287 3433 1343 vobis
3464 1287 3682 1343 domus
3716 1304 3809 1344 ve-

2157 1378 2277 1427 stra
2306 1372 2534 1445 Ἀφίεται
2576 1389 2682 1446 pro
2731 1372 2929 1431 futuro
2981 1376 3368 1447 relinquetur.

2224 1464 2371 1517 Joan
2402 1464 2556 1529 6,28.
2578 1462 2730 1529 Quid
2762 1463 3064 1534 (facimus)
3097 1469 3491 1537 utoperemur
3506 1478 3688 1537 opera
3702 1466 3807 1520 Dei

2152 1558 2398 1621 ποιοῦμεν
2428 1565 2535 1622 pro
2564 1552 2857 1622 faciemus.

2223 1640 2397 1695 Joan.
2433 1645 2491 1709 7,
2524 1640 2611 1695 27.
2674 1640 2939 1696 Christus
2990 1657 3126 1695 cum
3188 1642 3422 1705 venerit,
3477 1657 3656 1698 nemo
3711 1658 3809 1699 co-

2154 1728 2387 1798 gnoscit
2416 1728 2574 1783 unde
2602 1728 2721 1799 (sit)
2749 1728 2862 1782 ἐστὶ
2887 1746 2997 1801 pro
3023 1730 3218 1786 futuro
3270 1732 3405 1786 erit.

2222 1818 2395 1872 Joan.
2464 1823 2515 1883 7,
2558 1817 2648 1873 33.
2680 1821 2773 1873 34.
2816 1818 2977 1875 Vado
3008 1819 3081 1874 ad
3129 1835 3265 1875 eum
3303 1820 3406 1891 qui
3450 1819 3613 1876 misit
3654 1836 3799 1876 me:

2152 1905 2426 1975 quaeretis
2458 1921 2551 1961 me
2572 1911 2627 1962 et
2656 1921 2779 1963 non
2832 1908 3142 1962 invenietis
3175 1924 3187 1960 :
3216 1912 3274 1962 et
3315 1907 3418 1963 ubi
3449 1923 3557 1979 ego
3619 1909 3799 1979 (sum)

2154 2008 2223 2048 eo
2271 2009 2381 2049 vos
2424 2009 2548 2050 non
2601 1995 2891 2067 (potestis)
2950 1995 3169 2051 venire.
3226 1995 3351 2067 Εὶμί
3404 2011 3507 2066 pro
3564 2011 3703 2052 ero:
3741 2002 3800 2053 et

2154 2077 2381 2134 δύνασθε
2406 2098 2515 2153 pro
2550 2081 2747 2139 futuro
2773 2085 3032 2155 poteritis
3083 2084 3475 2155 accipiuntur.

2220 2171 2389 2228 Joan.
2420 2175 2470 2237 8,
2500 2172 2588 2226 31.
2639 2172 2692 2228 Si
2721 2188 2825 2228 vos
2855 2172 3196 2228 manseritis
3221 2172 3282 2228 in
3309 2188 3579 2228 sermone
3633 2188 3789 2239 meo,

2149 2260 2273 2317 veri
2306 2260 2575 2334 discipuli
2607 2263 2721 2318 mei
2752 2262 2907 2335 (esti)
2930 2261 3044 2316 ἐστέ
3092 2279 3200 2335 pro
3223 2262 3384 2318 eritis
3441 2265 3708 2320 sumitur.

2220 2352 2391 2408 Joan.
2448 2354 2610 2417 8,46.
2642 2354 2835 2419 Quiex
2849 2353 3020 2409 vobis
3045 2354 3288 2425 (arguit)
3317 2368 3410 2408 me
3424 2353 3497 2409 de
3521 2352 3793 2425 peccato?

2150 2440 2352 2513 ἐλέγχει
2391 2458 2500 2513 pro
2524 2448 2732 2513 arguet
2783 2442 3089 2514 accipitur.

2218 2531 2386 2585 Joan.
2423 2528 2508 2600 13,
2541 2531 2599 2587 8.
2640 2529 2833 2586 Sinon
2858 2530 3059 2587 lavero
3076 2534 3149 2598 te,
3169 2546 3291 2587 non
3320 2528 3553 2601 (habes)
3568 2534 3799 2604 partem

2150 2633 2393 2674 mecum.
2426 2616 2609 2691 Ἔχεις
2635 2618 2795 2675 habes
2822 2635 2931 2691 pro
2954 2619 3206 2675 habebis.

2216 2706 2385 2763 Joan.
2423 2708 2507 2773 14,
2542 2707 2627 2763 17.
2662 2708 2778 2763 Vos
2803 2712 3004 2765 autem
3032 2706 3434 2779 (cognoscitis)
3460 2723 3619 2773 eum,
3651 2707 3798 2779 quia.

2146 2793 2310 2866 apud
2364 2810 2467 2851 vos
2517 2796 2783 2868 (manet.)
2832 2800 3113 2849 Γινώσκετε
3156 2812 3265 2869 pro
3321 2797 3703 2867 cognoscetis:
3737 2799 3795 2851 et

2143 2888 2280 2955 μένει
2293 2900 2401 2956 pro
2428 2884 2682 2940 manebit.
2712 2884 2779 2938 Et
2807 2885 2921 2941 hoc
2945 2886 3096 2941 sicut
3127 2890 3183 2942 et
3206 2884 3323 2941 alia
3349 2883 3792 2957 propemodum

2063 2950 2103 3007 (ἶ
2142 2950 2366 3037 omnia,
2396 2970 2598 3029 litterae
2620 2974 2802 3030 series
2845 2974 2977 3045 ipsa
3006 2972 3287 3030 declarat.

2209 3072 2377 3128 Joan.
2412 3069 2497 3136 14,
2537 3070 2848 3127 i9.Adhuc
2880 3071 3208 3140 modicum,
3241 3073 3296 3126 et
3344 3070 3611 3126 mundus
3655 3071 3789 3141 jam

2139 3178 2234 3217 me
2277 3176 2397 3217 non
2457 3160 2726 3231 (videbit)
2784 3176 2889 3216 vos
2947 3165 3147 3216 autem
3203 3158 3471 3231 (videbit)
3510 3175 3621 3215 me.
3686 3159 3791 3216 Hic

2138 3264 2280 3305 sane
2310 3262 2657 3321 quanquam
2689 3249 2763 3320 (ιι)
2796 3253 3002 3305 auctor
3038 3249 3283 3321 quidam
3331 3263 3453 3305 non
3484 3247 3651 3320 parvi
3684 3264 3792 3306 no-

2136 3337 2313 3392 minis
2379 3336 2534 3393 dicat
2614 3338 2792 3409 θεωρεῖ
2842 3341 2897 3392 et
2970 3339 3196 3409 θεωρεῖτε
3280 3336 3587 3408 praesentis
3655 3351 3792 3392 esse

2138 3425 2416 3497 temporis
2448 3440 2459 3479 :
2486 3431 2620 3481 sunt
2648 3430 2841 3481 tamen
2866 3426 3045 3482 etiam
3072 3427 3245 3497 juxta
3271 3440 3528 3481 canones
3576 3426 3790 3481 Graecae

2134 3515 2555 3583 grammatices
2581 3514 2779 3571 futura
2794 3514 3076 3571 secunda.
3112 3514 3408 3581 Similiter,
3443 3528 3578 3587 cap.
3609 3516 3700 3580 15,
3721 3514 3792 3570 26

2134 3602 2221 3665 57,
2251 3618 2387 3658 cum
2423 3602 2632 3658 dicitur
2674 3625 2685 3656 :
2722 3603 2821 3659 Ille
2871 3603 3282 3660 testimonium
3336 3601 3669 3675 perhibebit
3711 3604 3792 3660 de

2132 3706 2251 3757 me,
2280 3695 2337 3747 et
2380 3707 2485 3747 vos
2527 3692 2728 3757 (testes
2762 3692 2971 3764 eritis.)
3017 3692 3207 3749 Etiam
3243 3691 3325 3748 ait
3377 3692 3533 3747 idem
3580 3696 3791 3749 auctor

2130 3786 2434 3853 μαρτυρεῖτε
2463 3795 2727 3851 praesens
2762 3796 2893 3836 esse
2937 3780 3278 3845 indicantis,
3320 3784 3383 3836 ut
3442 3780 3735 3850 signiﬁcet
3770 3798 3784 3833 :

2129 3871 2326 3923 Testes
2351 3868 2512 3933 estis,
2544 3875 2649 3924 aut
2677 3875 2873 3933 estote,
2911 3868 3427 3941 quemadmodum
3456 3870 3636 3925 etiam
3666 3869 3789 3926 hoc

2129 3956 2456 4013 locovertit.
2480 3958 2751 4013 Attamen
2783 3958 2971 4013 multo
2996 3957 3375 4013 commodius
3411 3958 3788 4015 diceturesse

2128 4045 2393 4102 futurum
2420 4046 2751 4102 secundum
2785 4060 2796 4101 :
2822 4046 3141 4118 praesertim
3170 4061 3307 4101 cum
3330 4049 3454 4101 Act.
3486 4058 3615 4118 cap.
3644 4048 3701 4112 1,
3726 4045 3785 4113 8,

2128 4135 2331 4190 eadem
2358 4133 2543 4190 ferme
2600 4134 2782 4190 verba
2833 4133 3091 4190 referens
3134 4134 3345 4203 Lucas,
3387 4134 3541 4191 dicat
3574 4152 3585 4190 :
3615 4135 3789 4191 Acci-

2127 4222 2300 4293 pietis
2328 4223 2601 4279 virtutem
2617 4224 3069 4295 superveniente
3104 4224 3323 4295 Spiritu
3353 4228 3565 4280 sancto
3583 4224 3645 4278 in
3675 4240 3787 4280 vos

428 4296 600 4385 Μέθη·
629 4295 681 4355 3i
702 4293 788 4345 29'
814 4288 1167 4385 Οὲὶίθυοίξυθ
1192 4283 2013 4385 δῙξίδῐξῙἹξῖωθσνθῗίίοδάνθτδξλδ
2048 4305 2092 4358 Ι)
2128 4283 2183 4366 et
2212 4312 2370 4367 eritis
2408 4312 2553 4367 mihi
2582 4283 2778 4367 testes.
2812 4312 2921 4368 Ubi
2948 4283 3162 4385 aperte.
3178 4328 3280 4384 per
3307 4314 3572 4368 futurum
3601 4312 3790 4369 habet

360 4381 644 4453 Spiritum
720 4383 1016 4441 sanctum,
1070 4376 1217 4446 (non
1261 4372 1463 4435 habet)
1500 4373 1911 4429 remissionem
1951 4374 2010 4429 in

359 4474 668 4535 teter-num,
704 4467 810 4522 sed
842 4483 978 4522 reus
1017 4466 1150 4534 (est)
1214 4462 1416 4519 aeterni
1454 4462 1682 4533 judicii.
1722 4460 1876 4533 Ἔχει
1909 4478 2013 4534 pro

360 4556 592 4613 habebit
624 4555 929 4627 accipitur,
962 4559 1019 4609 et
1048 4552 1193 4604 ἐστὶν
1221 4565 1330 4623 pro
1361 4551 1497 4606 erit.

429 4666 600 4720 Marc.
626 4666 677 4727 9,
712 4662 795 4715 12.
831 4660 983 4715 Elias
1019 4674 1157 4714 cum
1211 4656 1377 4729 prius
1430 4654 1659 4711 venerit
1708 4655 2012 4725 (restituit)

358 4752 580 4809 omnia.
610 4752 722 4805 Hec
753 4751 811 4804 in
868 4749 999 4804 loco
1048 4745 1384 4816 ἀποκαθιστᾲ
1434 4744 1689 4800 verbum
1750 4758 2010 4814 prensans

357 4840 609 4896 sumitur
636 4854 741 4910 pro
770 4837 966 4892 futuro
986 4836 1278 4896 restituet,
1307 4835 1446 4903 Cap.
1486 4834 1535 4895 0,
1570 4835 1657 4888 31.
1691 4831 1871 4886 Filius
1910 4832 2014 4888 ho-

359 4930 535 4984 minis
557 4927 852 5001 (traditur)
885 4926 943 4979 in
971 4940 1187 4980 manus
1220 4922 1551 4977 hominum.
1589 4919 1863 4975 Similiter
1894 4920 2009 4975 hoc

358 5019 413 5072 in
446 5018 569 5072 loco
590 5011 948 5088 παραδίδοται
982 5014 1224 5068 verbum
1260 5024 1519 5082 praesens
1564 5007 1862 5075 accipitur
1903 5024 2008 5078 pro

358 5106 553 5161 futuro
586 5105 866 5161 tradetur.

427 5206 600 5259 Marc.
632 5206 714 5264 11,
738 5203 825 5259 24.
853 5203 1234 5270 Quaecunque
1263 5201 1503 5254 orantes
1536 5193 1750 5265 petitis,
1784 5192 2005 5249 credite

357 5293 521 5365 quod
586 5292 899 5363 (accipitis)
951 5294 1006 5344 ct
1070 5291 1236 5342 erunt
1286 5284 1476 5339 vobis.
1550 5282 1849 5354 Aapb’a’vcre
1892 5298 2003 5355 pro

358 5382 676 5453 accipietis.

496 5629 549 5689 ω
579 5634 857 5689 Erasmus
886 5629 947 5689 in
976 5629 1151 5685 notis.

2129 4398 2333 4456 Graeca
2362 4399 2553 4456 littera
2585 4402 2783 4467 ἔσεσθε,
2822 4400 2978 4458 facta
3005 4401 3182 4457 etiam
3212 4402 3472 4473 primum
3508 4416 3789 4473 superve-

2128 4484 2344 4539 nientis
2394 4484 2637 4556 Spiritus
2680 4486 2870 4540 sancti
2922 4486 3243 4551 mentione,
3280 4486 3430 4541 sicut
3457 4484 3637 4542 etiam
3666 4486 3787 4542 hoc

2126 4572 2277 4628 loco.
2308 4573 2597 4629 Praeterea
2621 4589 2760 4629 cum
2798 4574 3013 4630 eodem
3059 4574 3254 4647 capite
3300 4575 3384 4639 16,
3420 4576 3488 4631 10
3513 4574 3731 4631 dicitur
3770 4592 3785 4630 :

2128 4662 2215 4715 Ad
2243 4667 2474 4732 patrem
2499 4663 2674 4729 vado,
2727 4667 2785 4717 et
2816 4664 3064 4734 posthac
3115 4676 3237 4719 non
3292 4663 3609 4735 (videbitis)
3660 4674 3785 4720 me.

2129 4751 2194 4804 Et
2218 4753 2355 4821 post
2380 4764 2573 4821 pauca
2624 4765 2778 4806 vers.
2851 4753 2951 4806 i6:
2984 4751 3202 4808 Pusillo
3251 4756 3516 4825 tempore
3568 4757 3625 4807 et
3655 4766 3785 4809 non

2128 4837 2446 4909 (videbitis)
2479 4856 2594 4895 me.
2650 4841 2868 4896 Asserit
2921 4840 3080 4896 idem
3132 4842 3210 4912 (b)
3256 4847 3506 4914 utroque
3558 4840 3784 4899 horum

2127 4928 2394 4982 locorum
2426 4928 2857 4997 evangelistam
2903 4930 3161 4985 abusum
3200 4935 3457 5001 tempore
3500 4933 3787 5001 praesenti

2127 5032 2237 5086 pro
2268 5016 2493 5070 futuro.
2541 5020 2653 5072 Nos
2703 5023 2902 5073 autem
2950 5020 3289 5089 opinamur.
3337 5019 3500 5089 quod
3543 5020 3785 5089 proprie

2126 5103 2393 5159 futurum
2424 5106 2753 5161 secundum
2786 5107 3073 5179 posuerit.
3111 5108 3279 5174 Quod
3313 5107 3449 5163 inde
3490 5107 3663 5163 facile
3694 5115 3790 5165 est

2125 5192 2417 5261 colligere,
2470 5194 2635 5265 quod
2683 5197 2879 5251 statim
2933 5202 3219 5269 sequatur
3271 5196 3535 5252 futurum
3588 5196 3789 5266 ὄψεσθε

2123 5282 2422 5337 videbitis.
2449 5284 2716 5339 Sciemus
2762 5290 2960 5341 tamen
3014 5286 3312 5356 quosdam
3362 5286 3790 5357 grammaticos

2125 5371 2324 5427 futura
2356 5372 2621 5429 secunda
2658 5389 2694 5429 a
2719 5374 2912 5429 verbis
2938 5374 3333 5431 circumﬂexis
3368 5376 3427 5429 in
3459 5379 3650 5429 totum
3680 5390 3793 5431 au-

467 5560 761 5705 Ιὲιιιυο
782 5562 834 5613 et
858 5554 1041 5639 paulo
1060 5557 1204 5684 tpost
1231 5551 1463 5608 videtur
1501 5550 1823 5623 intelligere
1868 5554 2198 5616 Erasmum,
2231 5566 2414 5621 quem
2443 5548 2580 5605 vide
2609 5549 2667 5606 in
2699 5548 3182 5623 interpretatione
3212 5554 3265 5607 et
3297 5551 3358 5607 in
3379 5550 3558 5606 notis.

622 5647 857 5689 rasmus
886 5644 947 5689 in
976 5642 1055 5685 no
1083 5644 1151 5685 is.
