3976 6222
196 221 265 280 69

1659 205 2054 278 PREFATIO.

3488 225 3558 284 70

191 347 332 404 terre
363 366 376 403 :
404 347 490 420 qui
526 347 696 403 tamen
751 324 925 402 fateri
956 348 1242 417 coguntur
1271 362 1532 419 prtesens
1571 347 1792 406 indica-
1826 357 1843 408 Α

1932 355 2216 417 'xarescet,
2262 353 2587 422 συνάγουσιν
2639 364 2746 422 pro
2796 351 3082 422 colligant,
3147 351 3399 424 βάλλουσι
3453 371 3557 425 pro

195 438 293 493 tivi
312 437 502 510 passim
533 435 850 508 profuturo
881 435 1085 501 locari,
1123 437 1284 508 quod
1325 439 1412 493 vix
1469 437 1592 494 ﬁeri
1622 439 1788 494 solet.

203 528 349 582 Idem
380 533 544 581 auctor
571 525 821 581 verbum
850 525 935 597 (c)
967 523 1218 597 ἀφέωνται
1260 525 1592 598 frequenter
1622 527 1795 582 vertit

209 615 556 683 Remittuntur,
577 631 716 669 cum
735 613 809 668 sit
824 630 944 669 non
962 615 1147 669 solum
1163 617 1416 670 Atticum
1433 617 1793 687 praeteritum

207 706 290 759 sed
312 707 355 758 et
381 704 625 758 Ionicum
647 709 705 757 et
729 703 1031 767 Doricum,
1057 719 1160 776 per
1179 702 1545 759 ablationem
1577 705 1794 762 vocalis

193 793 554 860 subjunctivaa,
591 797 647 847 et
707 791 1106 864 pleonasmun
1137 815 1194 846 ω.
1242 797 1388 848 Nam
1429 792 1591 865 quod
1644 793 1797 848 dicat

182 881 514 952 interpretem
561 881 834 936 fortassis
886 881 1103 950 legisse
1131 880 1390 954 ἀφέωνται,
1444 886 1504 937 ut
1549 882 1619 937 sit
1653 897 1798 952 pras-

180 985 294 1022 sens
342 968 408 1023 ab
439 967 502 1020 ἒω
532 974 595 1025 et
644 970 814 1042 ἓομαι,
851 986 973 1025 non
1003 970 1074 1026 sit
1114 971 1447 1035 verisimile,
1499 984 1638 1026 cum
1686 971 1798 1026 hoc

173 1056 500 1128 barytonum
535 1059 794 1114 verbum
827 1059 991 1131 apud
1019 1057 1180 1113 solos
1214 1063 1418 1129 poetas
1448 1058 1794 1126 reperiatur.

227 1146 378 1200 Joan.
410 1148 496 1210 15,
535 1149 592 1201 6.
628 1146 748 1202 Nisi
786 1148 920 1220 quis
944 1147 1006 1203 in
1061 1161 1153 1202 me
1220 1146 1507 1202 manserit
1556 1147 1799 1218 (ejectus

167 1234 259 1304 est)
277 1233 426 1289 foras
464 1235 627 1290 sicut
671 1236 922 1307 palmes,
965 1239 1021 1291 et
1043 1235 1316 1306 (exaruit)
1373 1241 1428 1292 et
1473 1233 1797 1308 (colligunt)

163 1338 262 1383 eos,
287 1326 338 1377 et
366 1323 422 1377 in
469 1323 681 1394 ignem
715 1324 1087 1396 (conjiciunt)
1119 1329 1176 1379 et
1198 1323 1476 1395 (ardent).
1515 1323 1636 1379 Hoc
1667 1325 1798 1379 loco

162 1427 266 1484 quo
292 1412 593 1483 praeterita
619 1418 674 1467 et
706 1412 814 1468 tria
861 1411 1181 1484 praesentia
1207 1428 1316 1483 pro
1370 1412 1578 1468 futuris
1609 1413 1801 1483 posita

162 1507 318 1566 sunt;
363 1517 593 1574 nempe
643 1501 834 1559 ἐϐλήθη
877 1518 984 1574 pro
1022 1501 1318 1574 Ejicietur,
1373 1500 1625 1575 ἐξηράνθη
1691 1518 1800 1574 pro

1904 439 2208 507 conﬁcient
2239 442 2291 494 et
2321 445 2523 492 καίεται
2549 454 2654 512 pro
2695 439 2948 496 ardebit.

1973 526 2144 581 Joan.
2180 529 2268 590 15,
2301 528 2354 584 8.
2384 527 2442 581 In
2473 525 2585 582 hoc
2616 526 3005 599 (gloriﬁcatus
3032 529 3138 597 est)
3177 533 3346 600 pater
3395 545 3555 585 meus

1905 614 1991 684 (ut
2044 614 2300 669 fructum
2362 616 2671 686 copiosum
2747 615 3046 688 afferatis.)
3100 614 3392 680 Ἐὸοξάσθη
3447 632 3556 690 pro

1907 704 2102 758 futuro
2153 702 2588 774 glori/imbitur,
2623 707 2678 758 et
2728 707 2812 755 ἵνα
2863 709 3045 776 φέρητε
3103 721 3206 775 pro
3242 719 3331 770 eo,
3390 705 3556 778 quod

1906 797 1991 846 est
2023 807 2035 842 :
2070 791 2124 846 Si
2165 790 2484 846 attuleritis.
2544 793 2662 847 Hoc
2718 792 2915 864 itaque
2945 793 3076 848 loco
3108 797 3163 848 et
3190 795 3556 865 praeteritum

1907 884 1962 934 et
1983 895 2239 950 praesens
2270 895 2377 950 pro
2410 880 2606 934 futuro
2637 884 2962 950 ponuntur.

1976 967 2148 1022 Joan.
2185 966 2268 1034 16,
2287 972 2372 1022 26.
2397 970 2458 1022 Et
2476 982 2595 1022 nou
2617 967 2793 1038 (dico)
2815 966 2978 1022 vobis
2997 969 3162 1041 quod
3182 983 3293 1040 ego
3307 967 3549 1040 rogabo.

1907 1056 2136 1112 Patrem
2161 1071 2270 1128 pro
2301 1055 2506 1110 vobis:
2550 1055 2676 1127 ipse
2735 1056 2894 1111 enim
2949 1057 3118 1112 Pater
3173 1057 3382 1129 (amat)
3430 1071 3553 1114 vos.

1907 1149 2053 1216 Λέγω
2074 1160 2182 1216 pro
2203 1145 2421 1209 dicam,
2453 1148 2507 1200 et
2533 1143 2666 1216 φιλεῖ
2697 1159 2803 1217 pro
2846 1145 3078 1212 anmbit,
3122 1147 3278 1218 quod
3335 1149 3554 1214 tamen,

1909 1233 1958 1288 si
1990 1233 2185 1288 solum
2233 1237 2409 1299 esset,
2457 1233 2720 1289 futurum
2771 1234 3102 1289 secundum
3155 1249 3282 1290 esse
3334 1239 3554 1306 posset.

1908 1322 2050 1376 Vide
2076 1322 2254 1392 hujus
2278 1322 2392 1377 loci
2418 1323 2879 1378 enarrationem.

1978 1411 2148 1465 Joan.
2182 1411 2266 1474 17,
2299 1411 2379 1466 li.
2412 1413 2464 1465 et
2491 1411 2748 1480 jamnon
2779 1411 3031 1482 (sum)in
3067 1411 3314 1479 mundo,
3337 1416 3390 1466 et
3421 1412 3480 1466 hi
3500 1411 3560 1467 in

1911 1500 2138 1554 mundo
2152 1499 2358 1570 (sunt.)
2375 1499 2498 1570 Εἱμί
2525 1515 2628 1570 pro
2645 1513 2738 1554 ero
2757 1500 3027 1566 sumitur,
3046 1504 3102 1554 et
3118 1499 3222 1550 εἰσί
3241 1516 3345 1570 pro
3366 1505 3554 1556 erunt.

315 1684 385 1756 (ε)
426 1685 639 1742 Matth.
688 1704 763 1752 ix,
799 1691 853 1756 2,
896 1687 930 1741 5
964 1704 979 1753 ;
1011 1688 1184 1742 Marc.
1227 1702 1285 1752 ιι,
1316 1687 1370 1752 5,
1411 1688 1482 1752 9;
1517 1685 1650 1742 Luc.
1680 1702 1778 1753 vn,
1811 1690 1843 1742 4

1932 1685 2019 1742 48.
2055 1685 2192 1741 Vide
2218 1686 2276 1738 in
2309 1683 2513 1756 primis
2545 1687 2861 1740 Erasmum
2901 1681 2979 1740 ad
3017 1683 3196 1740 Marc.
3231 1699 3292 1750 ιι,
3325 1685 3378 1739 9.

1287 2021 1847 2124 JOANNIS

868 2206 1240 2278 EXAMEN
1285 2205 1628 2276 CODICIS
1679 2204 2102 2276 EUTHYMII
2142 2206 2240 2295 (εἰ)
2286 2205 2848 2279 BAROCCIANI.

1042 2343 1134 2398 Ex
1167 2342 1593 2414 Prolegomem's
1623 2342 1750 2411 ejus
1780 2341 1840 2395 in
1873 2339 1955 2398 N.
1996 2341 2060 2396 T.
2087 2355 2124 2396 α
2163 2339 2191 2411 §
2225 2340 2358 2396 1073
2387 2371 2455 2381 —
2487 2342 2649 2398 1079.

1982 2025 2435 2114 MILLII

215 2574 272 2627 Et
289 2573 418 2642 jam
459 2571 706 2645 quidem
739 2569 819 2627 ab
849 2567 1073 2641 insigni
1095 2569 1196 2628 illo
1224 2574 1802 2630 Commentariorum
1841 2571 1884 2626 Β
1912 2570 2214 2640 integrum
2249 2571 2439 2638 ;unde
2459 2571 2657 2628 videre
2678 2572 2871 2637 liceat,
2901 2572 3095 2646 qualis
3126 2579 3315 2630 textus
3344 2574 3561 2647 Euthy-

150 2660 553 2732 Cbrysostomi
574 2660 646 2732 (ε)
665 2659 1021 2716 deﬂoratore
1052 2657 1129 2717 ad
1145 2661 1325 2718 alium
1348 2659 1696 2717 devenimus
1715 2660 1798 2733 (Γ),

149 2747 528 2819 Euthymium
553 2748 686 2804 dico
719 2748 1087 2820 Zigabenum
1122 2750 1258 2822 ;qui
1291 2751 1403 2806 sub
1426 2749 1657 2807 initium
1685 2750 1804 2806 fere

149 2836 347 2892 saeculi
376 2835 745 2903 duodecimi,
780 2852 811 2892 e
841 2837 1086 2894 Patrum
1136 2838 1460 2906 variorum,
1489 2840 1595 2895 sed
1627 2838 1806 2910 Chry-

150 2926 394 2980 sostomi
445 2924 832 2996 potissimum
883 2923 1357 2998 Commentariis,
1414 2928 1694 2984 Catenam
1729 2927 1802 2998 (g)

148 3017 479 3086 quamdam
507 3014 814 3070 contexuit
836 3013 898 3070 in
928 3016 1265 3087 Evangelia.
1295 3018 1360 3071 In
1385 3033 1508 3089 qua
1535 3022 1708 3081 certe,
1742 3021 1806 3072 ut

149 3102 255 3158 hoc
283 3102 485 3159 obiter
514 3107 738 3167 notem,
766 3102 1164 3175 peculiare(h)
1185 3105 1615 3170 omninoillud,
1640 3106 1804 3177 quod

151 3189 541 3260 allegationes
571 3205 678 3244 seu
705 3189 1014 3246 citationes
1032 3191 1356 3261 evangelici
1382 3198 1573 3251 textus
1598 3208 1806 3266 perpe-

152 3282 245 3334 tuo
275 3278 449 3335 facta:
464 3277 1172 3344 sintsecundumtitulos,
1201 3281 1302 3352 qui
1329 3281 1408 3337 ad
1433 3297 1601 3337 oram
1622 3285 1806 3337 Evan-

147 3366 435 3436 geliorum
470 3367 695 3435 signati
727 3371 881 3434 sunt,
916 3365 1041 3422 sive
1071 3369 1301 3439 majora
1324 3369 1588 3441 Κεφάλαια
1618 3371 1803 3441 Hujus

144 3455 297 3513 haud
320 3457 480 3512 dum
517 3456 580 3526 (ἢ
609 3455 806 3511 Graece
837 3455 1007 3511 editae
1053 3458 1355 3529 exemplar
1404 3460 1561 3516 nacti
1593 3478 1804 3516 sumus

142 3545 286 3600 inter
298 3545 554 3602 codices
568 3543 986 3610 Baroccianos,
1005 3545 1262 3616 probum
1279 3563 1348 3602 ac
1375 3549 1802 3620 propemodum

211 3725 290 3852 (d)
318 3725 401 3779 De
437 3721 659 3808 eodem
691 3721 956 3793 loquitur
981 3722 1130 3778 ibid.
1167 3724 1378 3805 §_1462.

231 3797 286 3852 ei
317 3797 406 3849 Ita
437 3793 955 3852 'lheonhvlactum
997 3794 1280 3852 Bulgariae
1335 3812 1378 3852 ei

219 3793 286 3866 le)
317 3797 406 3849 lta
437 3793 955 3864 'l'heophylactum
997 3794 1280 3864 Bulgaria:
1335 3795 1667 3868 episcopum
1700 3813 1808 3869 ap-

219 3853 340 3921 llat.
380 3863 638 3918 Videtur
662 3869 859 3918 autem
888 3865 997 3919 hoc
1020 3866 1384 3922 vocabulum
1423 3884 1494 3922 ex
1515 3871 1806 3923 contami-

144 3881 340 3937 peuat.
387 3881 417 3917 ν
434 3881 638 3918 tuetur
662 3881 859 3918 autem
888 3881 997 3919 noc
1020 3881 1384 3922 vocanutum
1423 3884 1494 3922 ex
1515 3881 1806 3923 contami-

145 3943 281 3992 nato
321 3936 613 4008 barbaras
640 3934 1300 4008 Latinitatisimarsupio
1331 3938 1448 3993 divi
1468 3939 1806 4008 Hieronymi

144 4009 542 4078 protraxisse.
559 4005 891 4080 Honestiori
910 4005 1252 4080 etLatinioi-i
1269 4009 1348 4063 uti
1369 4015 1616 4080 poterat.
1633 4005 1806 4066 Aliud

143 4077 534 4156 estgilaacum
578 4079 909 4156 axwotzgu,
957 4077 1128 4156 aliud
1173 4077 1800 4156 [ιξιιίιιιιιιι.όρῇορειιτίιΣ

211 4147 285 4218 (f)
301 4151 626 4219 Tanquam
646 4162 714 4202 ex
729 4147 952 4218 palatio
969 4149 1204 4204 excelso
1222 4149 1359 4205 fessi
1380 4150 1716 4223 fatigatique
1728 4153 1806 4208 ad

211 4221 452 4272 murium
495 4218 740 4272 humile.

139 4221 452 4286 tugurium
495 4219 740 4273 humile.
1486 4219 1504 4222 “
1622 4219 1636 4223 “

215 4289 297 4360 (g)
326 4293 579 4354 Catena,
608 4287 951 4344 doctissime
981 4289 1134 4354 Milli,
1167 4291 1501 4362 appellatur
1531 4293 1806 4349 Collectio

139 4359 419 4413 locorum
447 4377 522 4413 ex
553 4362 732 4413 variis
744 4361 972 4413 scriptis
992 4360 1237 4413 Patrum
1268 4365 1370 4413 aui
1397 4363 1600 4413 alimlo
1628 4364 1806 4413 modo

139 4359 419 4418 locorum
447 4377 522 4416 ex
553 4362 732 4414 variis
744 4361 972 4431 scriptis
992 4359 1237 4416 Patrum
1252 4359 1370 4433 'qui
1397 4363 1600 4435 aliquo
1628 4364 1806 4420 modo

137 4439 343 4503 partes
369 4431 648 4510 singulas
677 4431 1025 4510 Litterarum
1049 4447 1356 4510 sacrarum
1385 4436 1652 4510 oratione
1677 4436 1803 4510 atti-

138 4511 378 4571 gerunt,
417 4504 554 4557 sine
579 4504 863 4563 continuo
893 4518 1049 4558 nexu
1102 4504 1482 4560 collatorum.
1521 4509 1646 4561 Non
1679 4507 1804 4563 sine

138 4590 326 4662 eam
357 4572 723 4662 assidens
963 4574 1259 4662 εξηξιίιέεεη
1292 4577 1807 4662 φςθηαειιιςεϋδθι

137 4661 372 4727 nexum
405 4643 853 4727 habere'debet‘.
880 4646 994 4727 Sed
1023 4643 1169 4727 illud
1201 4645 1256 4699 in
1289 4646 1414 4701 istis
1437 4643 1661 4727 catenis
1687 4663 1806 4727 non

141 4717 325 4772 habet
350 4717 583 4796 locum.
629 4717 694 4772 In
717 4715 1038 4796 Euthymio
1063 4724 1261 4772 autem
1292 4734 1482 4774 nexus
1503 4723 1610 4800 est,
1637 4719 1807 4843 guod

137 4803 209 4844 ex
252 4788 536 4859 pluribus
575 4787 850 4858 partibus
878 4803 1030 4858 opus
1059 4794 1410 4858 perpetuum
1443 4791 1593 4846 fecit.
1681 4806 1807 4846 om-

141 4858 519 4914 mentarium
552 4873 852 4928 ergo,non
882 4865 1152 4914 catenam
1169 4860 1426 4916 exhibet.
1462 4863 1580 4916 Hoc
1605 4861 1807 4916 discri-

141 4946 283 4986 men
317 4935 416 4987 est
445 4930 596 4984 inter
614 4937 888 4984 catenam
904 4938 960 4984 et
978 4932 1499 5000 commentarium,
1518 4949 1588 4988 ex
1605 4950 1708 4988 usu
1725 4948 1807 4988 re-

139 5002 486 5075 centiorum
518 5000 861 5075 Graecorum
897 4999 1170 5075 vocabuli
1197 5010 1391 5075 σειρᾶς.

213 5073 296 5138 (ιι)
333 5075 462 5128 Non
484 5073 894 5143 peculiareaut
923 5072 1289 5139 inusitatum,
1310 5075 1412 5129 sed
1442 5075 1668 5130 obtinet
1697 5075 1808 5130 ista

143 5149 415 5216 capitum
442 5143 774 5216 descriptio
803 5144 864 5198 in
905 5143 1206 5216 plerisque
1235 5145 1543 5201 codicibus
1567 5147 1804 5209 Graecis,

144 5215 312 5286 quod
345 5221 402 5270 te
444 5214 623 5271 latere
678 5230 798 5269 non
855 5214 1365 5284 poterathullam
1426 5217 1607 5272 aliam
1648 5217 1806 5271 enim

1845 3919 1884 3974 C

1916 2658 2035 2714 mio
2075 2659 2245 2715 fuerit
2268 2660 2343 2716 ad
2358 2674 2629 2726 manum,
2659 2677 2796 2716 cum
2825 2661 2936 2717 ista
2962 2662 3259 2719 scriberet.
3291 2663 3427 2719 Erat
3455 2681 3554 2720 au-

1912 2751 2031 2802 tem
2055 2746 2184 2815 iste,
2213 2747 2401 2821 qualis
2424 2748 2851 2822 exemplarium
2880 2750 3215 2821 posterioris
3241 2751 3350 2808 aevi
3381 2750 3560 2808 ferme

1912 2837 2208 2904 omnium,
2237 2836 2530 2908 plurimis,
2558 2837 2618 2893 in
2648 2837 2792 2894 locis
2810 2838 2892 2911 (k)
2916 2839 3298 2912 interpolatus
3333 2859 3346 2908 ;
3382 2839 3460 2896 ita
3483 2845 3563 2897 ta-

1913 2924 2445 2989 men,utinmultis.
2476 2924 2578 2982 ubi
2610 2926 2880 2983 diversus
2911 2927 3036 2985 abit
3056 2944 3092 2985 a
3118 2927 3282 2984 libris
3306 2929 3559 2995 excusis,

1914 3027 2265 3083 germanam
2298 3014 2575 3071 exhibeat
2598 3014 2932 3073 lectionem.

1983 3102 2063 3157 Et
2102 3102 2457 3162 lectionibus
2494 3102 2862 3174 interpolatis
2890 3108 2954 3161 in
2981 3106 3194 3174 primis
3240 3123 3366 3163 ecce
3389 3121 3547 3180 seqq.

1985 3189 2225 3263 Ἰορδάνῃ
2277 3191 2338 3263 (ἰ)
2379 3189 2618 3264 ποταμῷ,
2650 3195 2848 3249 Matth.
2885 3198 2936 3260 3,
2971 3199 3021 3264 ὃ,
3074 3194 3310 3266 plurimi
3373 3196 3554 3252 Codd.

1916 3281 2044 3351 Syr.
2075 3280 2236 3351 Copt.
2266 3279 2527 3350 Aithiop.

1984 3369 2258 3441 Διαρποὶσῃ
2287 3384 2396 3440 pro
2418 3366 2703 3442 διαρπάσει
2735 3371 2821 3435 12,
2853 3369 2944 3431 99.
2969 3369 3054 3426 sic
3106 3369 3406 3443 Chrysost.
3446 3371 3552 3444 (m)

1914 3456 2164 3513 cavebat
2183 3457 2400 3520 scriba,
2435 3464 2497 3512 ut
2522 3457 2769 3514 verbum
2791 3457 2907 3514 hoc
2925 3459 3262 3516 conveniret
3292 3465 3560 3533 tempore

1915 3560 2051 3600 cum
2091 3545 2447 3618 praecedenti
2479 3541 2546 3604 δή
2558 3562 2646 3618 σῃ.

1917 3723 2208 3780 Fabricio.
2246 3723 2358 3780 Sed
2389 3723 2449 3779 in
2472 3739 2627 3780 nova
2645 3723 2820 3780 Cavei
2851 3726 3107 3782 editione
3120 3725 3215 3783 hic
3255 3743 3413 3783 error
3443 3744 3564 3785 cor-

1915 3801 2111 3868 rectus
2144 3799 2255 3868 est.
2284 3796 2425 3868 Vide
2455 3800 2589 3868 tom.
2625 3797 2691 3859 Il,
2739 3812 2796 3868 p.
2843 3798 2964 3861 199,
2993 3799 3130 3855 edit.
3175 3798 3348 3854 Basil.
3403 3801 3558 3866 1745,

1916 3866 2016 3921 fol.
2060 3866 2174 3922 Sed
2200 3867 2352 3921 Elias
2377 3866 2458 3921 du
2474 3867 2574 3922 Pin
2595 3867 2656 3922 in
2675 3866 2840 3922 Nova
2865 3869 3230 3926 Bibliotheca
3249 3878 3561 3926 auctorum

1917 3937 2481 4012 ecclesiasticorum,
2504 3943 2642 3993 tom.
2675 3939 2762 4012 1X,
2799 3955 2929 4010 cap.
2981 3955 3098 4012 xiv,
3131 3957 3184 4012 p.
3229 3942 3351 4005 19⁸1,
3403 3942 3564 3996 hunc

1917 4007 2423 4082 Commentariun)
2450 4010 2654 4082 Grates
2671 4007 2891 4064 editum
2907 4010 3097 4082 tradit
3121 4007 3362 4066 Veronae
3408 4014 3559 4082 1530,

1915 4094 2037 4149 quo
2054 4094 2212 4134 anno
2231 4080 2513 4134 nimirum
2537 4079 2758 4134 ibidem
2773 4080 2991 4150 prodiit
3013 4081 3488 4138 Commentarius
3503 4079 3565 4138 in

1917 4151 2199 4205 Psalmos.
2233 4151 2523 4205 Confusus
2553 4166 2690 4220 ergo
2711 4155 2800 4206 est
2815 4151 3285 4207 Commentarius
3317 4154 3374 4208 in
3408 4153 3565 4209 Psal-

1916 4237 2047 4275 mos
2078 4237 2214 4276 cum
2233 4221 2345 4276 hoc
2376 4221 2437 4274 in
2472 4221 2808 4288 Evangelia.
2829 4221 3168 4278 Oudinusin
3190 4223 3566 4279 Commenta-

1915 4293 2002 4364 rio
2032 4291 2107 4346 de
2139 4290 2527 4364 scriptoribus
2557 4291 2986 4364 ecclesiasticis,
3037 4299 3184 4364 tom.
3218 4297 3283 4357 ll,
3329 4310 3388 4364 p.
3436 4295 3560 4359 981,

1916 4361 2033 4418 alio
2077 4361 2273 4416 modo
2315 4362 2554 4418 erravit.
2603 4361 2813 4416 Scribit
2860 4363 3061 4418 enim:
3122 4361 3564 4420 Commentaria

1917 4435 1978 4488 in
2008 4431 2625 4504 quatuorEvangelia
2655 4432 2810 4487 edita
2840 4435 3034 4488 Graece
3061 4433 3121 4487 in
3152 4433 3291 4490 folio
3318 4433 3562 4491 Veronae

1916 4501 2076 4560 anno
2093 4504 2241 4575 716§0
2271 4501 2433 4575 (ergo
2465 4508 2702 4558 centum
2725 4504 2899 4558 annis
2915 4504 3069 4575 post)
3087 4520 3225 4560 cum
3249 4508 3563 4562 Commen-

1916 4575 2066 4631 tario
2088 4574 2150 4628 in
2168 4573 2462 4630 Psalmos.
2563 4581 2568 4584 '

1987 4646 2070 4715 (lc)
2104 4645 2280 4717 Multo
2311 4649 2508 4717 tamen
2541 4645 2738 4717 minus
2760 4661 2943 4717 quam
2968 4651 3104 4701 tuus
3129 4647 3562 4704 Alexandrinus

1917 4721 1975 4772 et
2001 4715 2524 4784 Cantabrigiensis,
2557 4715 2800 4771 inﬁmus
2839 4717 3131 4774 omnium.

1989 4787 2051 4858 (ι)
2087 4790 2183 4842 Est
2212 4788 2339 4842 haec
2361 4786 2531 4842 lectio
2563 4787 2836 4843 codicum
2868 4805 3002 4843 cum
3039 4789 3276 4845 scholiis
3317 4794 3372 4846 et
3411 4796 3565 4848 cate-

1916 4857 2033 4927 nis,
2064 4858 2226 4929 quod
2259 4873 2331 4913 ex
2356 4861 2591 4930 Mosqq.
2635 4860 2816 4914 codd.
2853 4860 2913 4914 d.
2946 4867 3001 4916 et
3026 4861 3092 4914 10
3119 4861 3381 4915 discitur.
3417 4862 3563 4917 (Jon-

1919 4934 2005 4984 tra
2034 4937 2168 4985 sunt
2197 4929 2467 5000 ejusdem
2500 4929 2732 4998 generis
2765 4931 3073 4985 codicesa.
3100 4948 3151 4986 e.
3173 4934 3319 4999 Ergo
3337 4932 3507 4988 facile
3530 4949 3566 4988 a

1916 5002 2116 5056 critico
2141 5001 2487 5057 auctoritate
2519 5001 2874 5072 reliquorum
2897 5002 3248 5060 excluditur.

1987 5073 2089 5142 (m)
2123 5074 2420 5144 Chrysost.
2450 5078 2489 5126 t.
2525 5071 2728 5144 νιιξρ.
2781 5075 2880 5126 417
2930 5072 2994 5127 b.
3048 5073 3264 5129 habet:
3299 5076 3403 5129 Καὶ
3452 5079 3564 5126 τότε

1917 5139 2138 5197 Amer
2187 5139 2270 5197 ΤᾹ
2327 5149 2534 5195 mera
2574 5139 2863 5214 fata—p1!de
2923 5144 3086 5212 quod
3144 5160 3252 5199 nec
3313 5145 3566 5200 Wetste-

1918 5216 2052 5268 nius
2079 5215 2320 5270 notavit.
2357 5213 2718 5282 lgnorabaut
2738 5215 2920 5269 GI‘tBCi
2940 5215 3430 5270 consuetudinem
3459 5219 3560 5270 He-

149 5283 336 5358 (:[fggci
365 5294 699 5354 agnoscunt
729 5283 952 5358 Preme;
974 5286 1214 5358 hanciet
1239 5303 1502 5344 canones
1543 5287 1800 5345 Eusebii,
1847 5283 1888 5336 D
1919 5286 2187 5341 braicam
2216 5285 2498 5358 orationis
2524 5284 2942 5358 itavinciendte
2957 5301 3061 5358 per
3085 5286 3428 5358 particulam
3452 5291 3561 5358 agat.

156 5354 421 5426 Utraque
434 5364 526 5414 est
554 5359 615 5413 in
647 5354 857 5413 codice
881 5356 1310 5414 Alexandrino.

233 5427 307 5500 (ξ)
343 5429 495 5500 Viros
523 5430 740 5486 doctos
766 5427 1362 5500 aliquosafﬁrmasse,
1381 5429 1492 5486 hos
1517 5444 1811 5486 commen-

1919 5359 2128 5412 Totum
2149 5356 2479 5412 membrum
2500 5355 2710 5427 abesse
2733 5355 2983 5427 poterat.
2995 5357 3051 5411 Si
3077 5362 3271 5412 tamen
3297 5357 3563 5427 addidis-

1921 5432 2054 5499 sent
2113 5427 2308 5498 Graeci,
2358 5431 2474 5481 τότε
2530 5424 2620 5494 δὴ,
2680 5424 2794 5480 τόίνε
2853 5425 2912 5481 δέ
2950 5431 3053 5486 aut
3110 5433 3220 5481 τότε
3274 5431 3376 5499 ’γάρ
3423 5425 3562 5482 scri-

153 5496 346 5552 tarios
379 5499 562 5558 Grece
589 5501 723 5572 jam
743 5496 939 5556 editos
967 5515 1120 5565 esse,
1158 5516 1339 5572 supra
1367 5506 1638 5560 notatum
1663 5506 1752 5559 est
1776 5517 1812 5557 a
1919 5498 2194 5570 psislent.
