3976 6222
445 157 503 206 71

515 279 675 350 Βάρος
701 277 782 348 (η)
821 285 916 336 τῆς
943 285 1036 349 γῆς
1078 280 1161 340 13,
1192 276 1245 341 5,
1277 275 1512 347 irrepsit
1535 290 1566 331 e
1594 290 1791 345 marg.

511 369 580 421 Τὸ
633 367 846 437 ἄριστόν
897 384 996 436 μου
1042 365 1121 435 (ο)
1174 366 1488 436 ἡτοίμασται
1529 368 1616 431 22,
1650 366 1728 429 4;
1786 363 1868 418 sic
1916 362 2084 418 etiam

441 454 629 509 codex
660 469 812 508 unus
837 458 893 509 et
924 454 1093 509 alter.
1128 453 1535 524 Interpolatori
1561 467 1642 506 sc.
1676 452 1941 523 quisquis
1967 451 2080 516 ille,

443 541 866 611 congruentius
882 541 1077 596 visum
1109 546 1196 596 est
1226 540 1300 595 de
1330 542 1484 609 regis
1504 539 1779 611 prandio,
1814 539 1959 593 illud
1982 555 2084 611 pa-

438 634 633 685 ratum
656 645 786 684 esse
816 628 1033 698 dicere,
1060 644 1243 701 quam
1271 644 1332 684 se
1363 628 1509 683 illud
1532 643 1803 699 parasse.

512 718 619 770 Καὶ
677 716 977 790 ἀποκριθεὶς
1030 715 1161 768 εἶπεν
1211 716 1382 776 αὐτοῖς
1409 718 1556 787 γενεά
1600 735 1717 769 πον.
1778 720 1854 785 16,
1906 719 1959 781 4,
2011 732 2083 771 ex

438 822 585 862 vers.
608 811 640 859 2
671 806 851 876 hujus
876 805 1100 876 capitis.

507 895 688 957 Οὕτως
718 896 811 947 οὐκ
846 896 1125 967 ἰσχύσατε,
1155 899 1268 951 etc.
1324 897 1411 963 26,
1441 894 1530 949 40.
1572 894 1654 949 sic
1697 894 1781 965 (ρ)
1815 901 1871 950 et
1922 910 2081 951 com-

436 984 633 1054 plures
664 984 839 1039 codd.
868 984 1117 1054 repetita
1141 983 1612 1051 interrogatione,
1632 998 1754 1054 quo
1781 983 1974 1053 magis
2002 984 2080 1039 ad

435 1074 696 1127 Marcum
734 1073 811 1143 (ο.
854 1074 940 1136 14,
974 1089 1029 1126 v.
1058 1073 1147 1143 37)
1188 1071 1579 1127 accederetur.

506 1160 781 1229 Γολγοθᾶν,
812 1164 901 1223 27,
943 1162 1029 1225 33,
1063 1161 1148 1215 sic
1204 1160 1381 1215 codd.
1438 1161 1518 1217 al.
1568 1176 1715 1216 casu
1745 1161 2078 1216 accusativo

435 1249 512 1305 ad
539 1249 796 1305 formam
835 1249 1193 1306 Graecorum.

502 1334 713 1398 Ἰδόντες
742 1342 807 1389 τὰ
856 1342 1117 1409 γενόμενα.
1166 1340 1253 1403 27,
1307 1339 1399 1401 54,
1460 1338 1642 1393 misso
1693 1341 1780 1389 τὸν
1839 1342 2072 1408 σεισμὸν,

435 1432 497 1481 ut
522 1426 837 1496 superﬂuo,
870 1428 949 1480 ob
989 1442 1171 1496 supra
1199 1426 1353 1481 dicta
1382 1442 1438 1479 v.
1478 1431 1562 1489 51,
1598 1429 1683 1481 52.

502 1516 868 1588 ’Λγοράσομεν.
912 1516 1087 1569 Marc.
1119 1519 1169 1577 6,
1203 1518 1291 1581 37,
1325 1514 1424 1567 sed
1481 1514 1708 1570 editum
1764 1520 1939 1579 recte,
1996 1516 2075 1571 ob

1950 150 2339 205 PH/EI’ATIO.
3766 162 3825 209 72

2120 280 2166 329 Α
2270 282 2368 329 Καὶ
2417 276 2684 351 ἐπληρώθη
2718 280 2746 335 ἡ
2802 282 2975 350 Γραφή
3033 280 3061 336 ἡ
3104 278 3345 348 λέγουσα,
3395 282 3486 329 καὶ
3542 281 3669 350 μετὰ
3717 278 3822 331 ἀνό-

2196 387 2304 437 μων
2348 365 2616 437 ἐλογίσθη.
2648 369 2736 435 lii,
2771 366 2858 429 28,
2913 366 3235 422 versiculus
3279 367 3373 421 hic
3405 366 3823 437 praetermissus

2192 458 2281 509 est
2307 457 2469 526 apud
2499 472 2618 511 ms.
2648 455 3043 527 Euthymium,
3067 455 3175 511 sed
3205 455 3523 527 ascriptum
3546 454 3825 511 habemus

2191 544 2265 598 ad
2322 558 2491 598 oram
2561 543 2781 598 codicis
2832 558 2868 599 a
2923 558 3098 598 manu
3149 542 3420 597 nonnihil
3496 543 3818 599 recentiore.

2192 631 2477 686 Omittunt
2492 631 2668 686 etiam
2688 632 2769 702 (v)
2790 630 3239 691 Alexandrinus.
3261 630 3480 701 aliique
3493 630 3668 686 codd.
3694 632 3819 703 aliq.

2189 719 2486 784 Cmterum,
2521 724 2914 791 praeterquam
2944 718 3108 791 quod
3137 719 3197 773 in
3228 718 3392 774 libris
3427 719 3716 791 plerisque
3745 720 3817 775 lo-

2189 824 2327 863 cum
2357 808 2589 871 habeat,
2644 807 2780 862 mihi
2810 816 2962 863 certe
3012 807 3176 862 haud
3230 807 3354 862 leve
3409 807 3695 862 indicium
3722 813 3814 871 est,

2189 898 2366 952 etiam
2400 897 2457 952 in
2481 897 2659 952 Marci
2690 896 3062 967 autographo
3092 896 3403 964 exstitisse,
3431 896 3595 968 quod
3624 895 3819 951 eadem

2188 986 2319 1057 ipsa
2350 985 2611 1057 proferat
2639 1001 2705 1039 ex
2733 984 3049 1040 occasione
3078 985 3285 1046 Lucas,
3336 984 3617 1039 assiduus
3669 985 3817 1040 Marci

2188 1078 2465 1130 sectator.
2506 1078 2585 1128 Ne
2615 1074 2831 1138 dicam,
2862 1075 3023 1145 quod
3077 1074 3154 1128 ob
3198 1073 3358 1129 idem
3389 1074 3624 1128 initium
3656 1074 3819 1144 hujus

2188 1179 2391 1217 versus
2420 1170 2477 1217 et
2499 1179 2617 1233 seq.
2647 1161 2817 1217 facile
2846 1162 3030 1217 omitti
3057 1166 3308 1232 poterat.

2257 1251 2387 1303 Τίνα
2411 1248 2470 1303 cl“:
2499 1250 2552 1313 ἐξ
2578 1252 2718 1321 ὑμῶν
2768 1253 2909 1305 Luc.
2953 1252 3035 1314 11,
3083 1251 3167 1306 11.
3226 1249 3372 1305 Illud
3428 1248 3499 1314 ἐξ,
3534 1253 3820 1322 utcunque

2185 1341 2246 1394 in
2272 1338 2639 1411 exemplaria
2687 1337 2947 1409 plurima
2994 1337 3312 1409 irrepserit,
3360 1354 3482 1394 non
3523 1344 3605 1393 est
3657 1338 3821 1408 hujus

2186 1427 2586 1497 evangelistae,
2621 1428 2724 1481 sed
2757 1427 3029 1483 Matthaei.

2253 1520 2379 1576 Τοὺς
2409 1513 2628 1576 δούλους
2657 1519 2889 1575 τούτους·
2929 1515 3012 1567 ἶνα
3040 1524 3144 1586 γνῶ
3198 1521 3305 1571 etc.
3341 1516 3563 1586 (missis
3600 1517 3812 1580 mediis,

432 1620 555 1674 seq.
581 1600 763 1674 δῶμεν⁸
780 1603 1170 1673 omniumque
1189 1603 1305 1657 fere
1320 1602 1610 1657 librorum
1630 1603 1709 1674 (q)
1728 1605 2059 1659 auctoritate

2214 1602 2255 1665 ἶς
2282 1602 2440 1656 ἔδωκε
2460 1609 2516 1656 τὸ
2535 1606 2801 1677 ἀργύριον,
2831 1604 3029 1669 credo,
3056 1609 3133 1669 ut,
3167 1603 3525 1675 superﬂuis),
3562 1607 3647 1669 19,
3678 1606 3758 1658 15.

429 1693 848 1747 conﬁrmatum
876 1697 984 1746 est.

500 1778 722 1841 Ἔδοξαν
763 1784 1048 1851 φαντασίαν
1096 1778 1243 1843 εἶναι,
1290 1784 1342 1848 6,
1373 1782 1462 1845 4-9,
1494 1779 1577 1833 sic
1633 1779 1822 1835 codex
1884 1780 2072 1852 Ephe-

431 1869 615 1923 sinus.
689 1868 806 1924 Sed
886 1870 1164 1940 φάντασμα
1232 1867 1590 1939 reliquorum
1638 1867 1917 1923 codicum
1965 1872 2069 1933 est,

424 1960 481 2011 et
499 1955 762 2013 Matthaei.

498 2044 675 2099 Ἔστω
701 2045 780 2115 (ν)
833 2046 1035 2097 πάντων
1085 2041 1285 2113 δοῦλος,
1326 2048 1378 2111 9,
1428 2044 1514 2110 35,
1573 2043 1658 2098 sic
1716 2043 1890 2099 codd.
1926 2044 2068 2115 aliq.

425 2133 690 2205 zEthiop.
731 2148 801 2188 ex
835 2133 1129 2188 Matthaao.

493 2220 560 2277 ‘0
616 2220 689 2292 (ε)
731 2218 789 2272 δὲ
824 2222 942 2292 ὑμῖν
998 2221 1149 2291 λέγω,
1211 2223 1295 2285 13,
1350 2224 1438 2287 37,
1496 2218 1835 2291 complures
1890 2220 2064 2277 codd.

422 2324 638 2381 nempe
668 2308 747 2364 ob
773 2308 1026 2380 simplex
1055 2309 1201 2364 illud
1225 2316 1547 2382 γρηγορεῖτε,
1581 2307 1745 2379 quod
1777 2308 2065 2381 sequitur,

426 2398 623 2467 potius
670 2397 863 2452 visum
894 2397 941 2464 ὁ,
982 2413 1153 2469 quam
1204 2397 1238 2447 οἱ
1285 2400 1350 2451 Et
1389 2397 1473 2452 sic
1521 2396 1884 2467 interpretati
1929 2402 2069 2453 sunt

421 2484 591 2555 Vulg.
629 2486 756 2556 Syr.

492 2576 657 2647 Ἀμὴν
714 2571 773 2627 δὲ
799 2574 929 2645 γὲλω
977 2576 1117 2647 ὑμῖν,
1154 2575 1237 2645 14,
1272 2579 1324 2639 9,
1383 2574 1605 2629 inserto
1650 2570 1731 2636 cii,
1785 2578 1845 2627 ut
1900 2574 2067 2645 apud

420 2664 773 2731 Matthaeum,
833 2668 889 2719 et
930 2663 991 2718 in
1033 2664 1201 2719 libris
1282 2662 1421 2734 aliq.
1474 2665 1598 2736 γάρ,
1677 2662 2065 2717 connexionis

418 2757 687 2913 erigat)
706 2841 1003 2912 εὐλογήσας,
1037 2841 1119 2906 14,
1136 2840 1202 2894 33
1228 2856 1242 2904 ;
1274 2838 1519 2909 praeﬁxo
1535 2842 1641 2905 καί,
1672 2853 1743 2893 ex
1773 2837 2059 2894 Matthteo.

489 2983 570 3055 (η)
596 2986 806 3055 Neuter
830 2997 905 3055 ex
926 2981 1075 3036 meis
1105 2977 1740 3055 Euthymii_codicibus
1766 2978 1827 3055 id
1849 2978 2058 3055 habet.
2097 2966 2137 3022 C

414 3049 577 3126 Βάρος
600 3070 675 3126 ne
699 3053 946 3125 quidem
977 3049 1385 3107 Graecum—est.
1413 3051 1578 3109 Βάθος
1609 3050 1790 3104 Graeci
1829 3049 2051 3107 dicunt.

416 3126 561 3181 Hinc
594 3126 889 3181 βαθύγειος.

510 3142 561 3181 lc
593 3124 889 3197 βαθῦγειος.

510 3197 564 3273 o)
602 3198 684 3273 l_t_a
730 3196 881 3273 duo_
903 3193 1138 3273 codices
1186 3193 1576 3273 Mosquenses
1622 3189 2055 3273 Chrysostomi.

484 3198 564 3337 ἕο)
602 3198 684 3252 Ita
730 3198 851 3251 duo
903 3198 1138 3273 codices
1187 3198 1576 3273 Mo'squenses
1622 3198 2055 3271 Chrysostomi.

507 3272 569 3336 ρ)
610 3270 727 3323 Hoc
757 3267 817 3321 in
845 3265 1135 3337 Euthymii
1164 3264 1471 3319 cod1c1bus
1498 3278 1619 3317 non
1643 3261 2057 3337 animadverti.

414 3331 531 3395 Sed
555 3331 655 3393 ita
691 3338 917 3393 habent
944 3331 1178 3391 codices
1222 3337 1601 3405 Mosquenses
1632 3331 2053 3405 Chrysostomi,

412 3410 517 3465 etsi
550 3409 714 3464 aliter
745 3408 990 3462 ediderit
1019 3404 1531 3467 MontefalcOnius,
1555 3408 1591 3458 t.
1620 3404 1733 3456 Vll.
1755 3418 1819 3473 p.
1848 3404 1970 3466 791,
1998 3418 2052 3457 a.

411 3481 471 3534 d.
500 3478 979 3548 Theophylactus
1000 3478 1177 3548 etiam
1205 3490 1337 3545 pag.
1360 3475 1460 3548 161
1482 3490 1532 3527 e.
1555 3474 1674 3537 165,
1697 3488 1955 3527 a.unum
1979 3474 2054 3527 si-

412 3565 600 3619 gnum
641 3546 1043 3618 iiiterrogandi
1073 3546 1255 3619 habet
1284 3549 1418 3619 post
1440 3547 1591 3615 ἐμοι).

484 3621 565 3691 (q)
585 3622 701 3691 Hoc
724 3613 1144 3687 argu'mentum
1182 3613 1480 3691 hic—valet,
1512 3629 1630 3667 non
1649 3618 1861 3691 autern
1866 3613 2049 3691 prius.

412 3683 530 3748 Nec
548 3683 707 3745 enim
736 3683 964 3744 Marcus
995 3693 1268 3744 accurate
1317 3688 1511 3740 Graece
1558 3684 1771 3738 scribit.
1822 3683 2054 3739 Poterat

410 3778 551 3831 ergo
604 3761 939 3833 praecedere
968 3761 1232 3814 futurum
1260 3764 1333 3834 et,
1359 3761 1492 3827 post
1513 3758 1618 3834 Δκαί
1656 3754 1827 3834 sequi
1860 3749 2049 3834 dropsy.

412 3825 652 3898 Scilicet,
704 3838 767 3887 ut
794 3838 883 3883 καὶ
933 3835 1085 3885 esset
1114 3845 1221 3901 pro
1261 3825 1460 3901 Graeco
1513 3825 1615 3879 ἳνα,
1654 3825 1770 3901 Nisi
1820 3825 2052 3901 codices

408 3894 729 3969 obstarent,
780 3902 937 3975 apud
991 3894 1256 3975 Marcum
1297 3894 2043 3975 probassemﬁyopdaopw,

409 3977 587 4032 Aliter
625 3979 784 4029 enim
820 3968 1019 4030 'Graece
1048 3968 1385 4039 XenOphOn,
1414 3969 1592 4039 aliter
1636 3968 1864 4021 Marcus
1914 3968 2053 4022 scri-

407 4048 516 4103 bit.
559 4049 688 4104 Hoc
717 4045 862 4100 illud
902 4042 1152 4097 dubium
1193 4038 1280 4093 est
1308 4039 1365 4093 in
1400 4038 1545 4093 Crisi
1572 4040 1635 4092 N.
1672 4039 2050 4104 Testamenti,

405 4120 579 4191 quod,
603 4118 920 4189 scriptores
944 4129 1050 4169 nec
1082 4111 1301 4183 ubique
1319 4110 1676 4174 hebraizant,
1703 4125 1810 4163 nec
1830 4109 2051 4180 ubique

407 4190 771 4260 graecissant.

479 4261 553 4332 (θ’)
598 4263 689 4316 Sic
756 4263 1002 4329 uterque
1046 4270 1234 4309 meus.
1284 4254 1530 4308 Servant
1591 4256 1795 4306 tamen
1849 4253 2051 4302 πάντων

405 4337 631 4391 ἔσγατος
667 4335 778 4382 καί.

501 4400 552 4476 εν)
576 4402 697 4476 iMei
732 4400 785 4454 ἃ.
879 4475 883 4476 ί
1378 4465 1393 4476 ι
1425 4466 1458 4476 η

502 4465 543 4542 ιδ
574 4475 736 4527 Unus
766 4475 995 4542 tantum
1023 4484 1292 4542 meorum
1320 4465 1494 4542 addit.
1514 4468 1624 4520 καί.
1794 4538 1802 4542 _
1923 4533 1937 4542 ‘

502 4476 542 4542 ι)
574 4476 736 4527 Unus
766 4476 995 4526 tantum
1026 4484 1292 4523 meorum
1320 4476 1487 4521 addit
1514 4476 1624 4520 και.
2037 4533 2046 4541 _

475 4476 555 4613 iv)
592 4542 805 4596 Vitium
851 4540 1065 4613 codicis
1109 4536 1498 4613 _Alexandrini
1549 4538 1810 4613 arguunt
1828 4533 2048 4613 _additi

405 4603 667 4669 capones
706 4610 964 4665 Eusebii.
1012 4608 1207 4663 Habet
1247 4608 1402 4661 enim
1445 4609 1506 4661 in
1542 4605 1799 4659 editione
1828 4603 2049 4658 Woidii

406 4686 515 4740 ita:
550 4686 654 4737 Καὶ
697 4685 788 4733 σὺν
826 4680 965 4754 αὐτῷ
1009 4685 1324 4754 σταυροῦσιν
1356 4680 1451 4729 δύο
1481 4676 1701 4754 λῃστάς,
1750 4679 1804 4728 et
1849 4674 1931 4754 in,
1965 4675 2047 4754 in:

404 4755 600 4812 teriori
650 4752 919 4820 margine
938 4746 1117 4805 notat
1143 4746 1813 4820 'sectionemAminorem
1841 4746 1951 4820 σιέ.
1995 4750 2051 4820 et

308 4856 311 4857 ν
404 4841 700 4883 canonem
759 4814 827 4880 727.
890 4825 1162 4876 Rursus:
1222 4820 1308 4869 ἕνα
1362 4817 1416 4869 ἐκ
1485 4814 1665 4878 δεξιῶν
1722 4819 1811 4865 καί
1868 4815 1953 4865 ἕνα
1998 4814 2050 4875 ἐξ

404 4900 671 4969 εὐωνύμων
715 4889 893 4969 αὑτοῦ.
950 4891 1124 4969 Et_in_
1154 4967 1158 4969 Δ
1185 4888 1463 4969 interiori.
1504 4887 1793 4969 margine,
1830 4886 2048 4969 ‘sec‘tio

402 4957 598 5025 minor
629 4966 744 5028 σις’.
778 4979 968 5019 canon
1008 4963 1064 5022 ς’.
1100 4961 1273 5031 Atqui
1305 4958 1509 5013 omnia
1550 4957 1627 5031 ab
1652 4961 1741 5006 καὶ
1783 4960 1876 5006 σὺν
1908 4957 2047 5031 ᾳὺτῷ

403 5041 480 5096 ab
509 5027 777 5111 εὐωνύμων
821 5037 978 5086 αὑτοῦ
1028 5027 1316 5111 pertinent
1357 5031 1431 5084 ad
1474 5029 1795 5111 sectionem
1832 5027 1941 5111 σιέὶ
1994 5034 2049 5080 et

403 5113 475 5167 ad
490 5099 777 5168 canoriem
794 5110 863 5161 α’.
880 5099 1140 5172 Quatuor
1152 5103 1308 5156 enim
1324 5099 1703 5169 evangelista
1715 5114 1837 5172 non
1852 5099 2046 5172 solum

400 5188 642 5238 narrant
662 5182 816 5235 duos
844 5168 1099 5233 lalrones
1129 5190 1264 5229 cum
1312 5168 1540 5250 Christo
1569 5170 1884 5250 cruci'esse
1916 5168 2044 5250 affi-

399 5272 523 5318 xos,
558 5253 660 5307 sed
680 5252 855 5307 etiam
868 5250 1188 5322 ,Christum
1210 5243 1566 5322 pependisse
1593 5240 1881 5322 mediuwm.
1905 5240 2044 5322 .lam

401 5311 537 5382 cum
568 5324 625 5378 in
649 5322 748 5377 illo
774 5311 984 5376 Codice
1022 5311 1231 5393 versus
1257 5311 1346 5393 29,
1380 5315 1463 5369 sic
1493 5312 1676 5393 sectio
1710 5311 1837 5393 σιξἶ
1867 5316 1929 5366 ut
1963 5312 2046 5393 ibi

400 5400 565 5455 etiam
633 5398 891 5453 notatur.
950 5386 1388 5461 culpaiscribae
1435 5384 1663 5461 excidit_
1700 5384 1880 5461 sectio
1931 5384 2041 5461 σιςς.

398 5453 554 5543 quae,
586 5465 749 5539 quod
781 5481 813 5518 a
844 5465 1033 5519 Marco
1051 5453 1111 5517 et
1135 5460 1293 5515 Luca
1320 5460 1552 5512 tantum
1576 5455 1843 5522 refertur,
1871 5453 2044 5525 perti-

2252 1694 2369 1748 Ἐάν
2421 1714 2501 1755 τις
2559 1690 2779 1764 ἀδελφὸς
2854 1692 3110 1763 ἀποθάνῃ,
3166 1692 3256 1761 20,
3307 1693 3393 1746 ‘28.
3452 1696 3513 1747 Ει
3564 1694 3644 1748 ita
3701 1693 3817 1748 cod.

2182 1798 2337 1837 unus
2371 1786 2427 1837 et
2447 1782 2608 1837 alter.
2644 1781 2873 1853 Reliqui
2919 1796 3128 1836 omnes
3158 1785 3215 1835 et
3252 1780 3419 1836 editt.
3455 1800 3615 1842 τινος*
3664 1787 3719 1837 et
3746 1782 3817 1835 sic

2181 1871 2432 1935 Marcus,
2450 1886 2632 1942 quem
2670 1870 2837 1941 sequi
2865 1874 3029 1925 amat
3056 1870 3148 1924 hic
3168 1869 3545 1940 evangelista.

2250 1960 2359 2012 Καὶ
2389 1959 2663 2031 παρεκάλει
2694 1959 2869 2012 αὐτόν.
2916 1959 2970 2025 8,
3004 1962 3089 2013 32.
3126 1958 3543 2014 Daemoniacus
3603 1975 3691 2014 sc.
3748 1974 3815 2013 ex

2175 2063 2339 2103 vers.
2378 2048 2646 2118 proxime
2687 2047 3076 2118 praecedente.

2246 2137 2304 2193 Ὀ
2372 2133 2431 2188 δε
2487 2135 2688 2196 Ἰησους
2756 2130 2888 2187 εἶπεν
2941 2134 3101 2206 αὐτῇ.
3158 2136 3212 2201 8,
3267 2136 3355 2201 48,
3412 2134 3599 2192 Codd.
3682 2135 3811 2206 aliq.

2177 2224 2352 2280 Goth.
2394 2224 2519 2294 Syr,
2561 2223 2764 2284 Ἰησοῦς
2803 2222 3055 2279 Mattheei
3084 2227 3189 2279 est.

2246 2313 2441 2384 ’Ὁχλοι
2501 2311 2801 2372 ἐπεζήτουν.
2879 2311 2934 2374 4,
2991 2311 3080 2366 42.
3162 2310 3393 2367 Plurimi
3475 2312 3561 2383 (αι’)
3647 2310 3813 2367 codd.

2174 2401 2545 2472 explicatius.

2243 2492 2311 2543 Τὸ
2365 2492 2501 2549 ἔθνος
2575 2490 2740 2559 ἡμῶν.
2791 2492 2879 2551 23,
2929 2492 2981 2542 2.
3051 2486 3290 2543 Plurimi
3345 2486 3526 2544 codd.
3594 2488 3814 2559 adjecto

2173 2580 2335 2649 ἡμῶν,
2378 2576 2787 2647 explicationis
2832 2576 3038 2645 gratia.

2242 2670 2423 2738 Μαρία
2485 2664 2532 2724 if
2581 2664 2846 2719 Ἰακώϐου.
2905 2667 2992 2728 24,
3058 2664 3146 2720 10.

2171 2752 2545 2825 expncaﬁus.

2238 2839 2521 2904 ’Υπέδειξεν
2560 2840 2636 2911 (ῃ)
2676 2841 2765 2895 24.
2792 2843 2881 2895 40.
2916 2838 3244 2909 Singularis
3271 2839 3461 2897 lectio.

3230 2663 3568 2737 Complures
3641 2664 3813 2721 codd.

2169 2987 2268 3039 net
2287 2983 2363 3038 ad
2386 2997 2679 3037 canonem
2707 2981 2775 3038 η’.
2805 2980 3269 3052 Reprehenditur
3291 2998 3452 3050 ergo,
3474 2982 3733 3038 scribam
3753 2983 3807 3038 il-

2168 3054 2293 3109 lum
2326 3070 2361 3109 a
2390 3060 2478 3105 καί
2510 3052 2586 3107 ad
2616 3058 2704 3103 καί
2734 3051 3039 3106 defecisse.
3082 3051 3378 3107 Addamus
3418 3054 3512 3108 hic
3539 3053 3670 3110 illos
3706 3072 3814 3109 nu-

2170 3140 2367 3180 meros
2404 3141 2543 3181 cum
2570 3124 2928 3178 correctione
2950 3139 2962 3175 :

2488 3195 2651 3248 Alex.
2940 3193 3252 3250 Correctio.

2491 3262 2625 3320 qui“.
2782 3293 2845 3301 —
3028 3260 3159 3318 σιὸν.

2525 3336 2588 3389 α’,
2774 3366 2841 3375 —
3093 3333 3158 3390 α’.

2490 3406 2579 3458 σιε’
2595 3448 2606 3460 .
2770 3436 2837 3445 -
3020 3403 3109 3456 σιε’
3123 3448 3133 3458 .

2485 3477 2548 3533 η’.
2580 3479 2593 3491 ”
2770 3508 2835 3516 -—
3052 3474 3116 3529 α’.

2487 3546 2616 3607 σίς’.
2776 3576 2840 3585 —-
3024 3546 3143 3606 σις’.

2484 3618 2535 3677 ξ.
2569 3619 2583 3632 .
2774 3648 2840 3657 _
3020 3616 3082 3672 η..
3118 3617 3132 3631 .

2488 3687 2612 3747 σις’.
2779 3718 2847 3727 --
3029 3688 3151 3748 σιξ.

2484 3850 2607 3887 σιη.
2772 3859 2839 3868 ·-·
3022 3848 3108 3885 σιη
3133 3870 3145 3883 .

2484 3900 2605 4025 σῗθῗ.
2763 3930 2833 4009 :
3046 3898 3167 4024 ἔιδ.

2164 4112 2385 4184 Deiecit
2411 4082 2554 4181 ergo
2580 4082 2659 4166 ab
2690 4108 2753 4162 α’.
2786 4110 2958 4184 add.
2986 4082 3156 4166 acrsit
3184 4110 3492 4184 deinceps.
3532 4116 3689 4184 Ergo
3721 4131 3817 4169 co-

2162 4183 2752 4261 dex_Alexa_ndrinu_s,
2782 4181 2885 4261 qui
2912 4182 3070 4237 hunc
3090 4198 3335 4261 ver_s_um_
3358 4181 3581 4261 omisit,
3611 4181 3818 4261 deferi-

2162 4254 2247 4308 dit
2278 4255 2669 4319 integritatem
2706 4251 2887 4321 hujus
2918 4268 3148 4308 versus.
3190 4253 3339 4308 Illud
3369 4260 3568 4310 autem
3609 4256 3819 4312 intelli-

2086 4302 2131 4353 Β
2162 4326 2336 4398 gitur,
2371 4302 2628 4379 scribam
2661 4302 2882 4398 codicis
2914 4323 3292 4398 Alexandrini
3332 4325 3425 4379 hic
3456 4302 3818 4398 dam'Sb'éia

2161 4395 2457 4450 fefellisse.
2498 4398 2644 4449 Cum
2686 4394 2844 4447 enim
2888 4395 3070 4449 semel
3121 4396 3421 4451 omisisset
3454 4394 3693 4453 versum
3727 4400 3817 4462 28,

2160 4466 2322 4540 hunc
2353 4480 2610 4540 errorem
2658 4470 2853 4519 autem
2883 4466 3064 4521 nollet
3104 4466 3416 4540 corrigere,
3444 4472 3719 4540 corrupit
3748 4470 3821 4524 de

2160 4535 2449 4590 industria
2471 4550 2753 4600 canones,
2772 4542 3001 4591 servato
3023 4540 3222 4591 tamen
3239 4538 3564 4593 sectionum
3579 4535 3817 4605 ordine,

2159 4622 2235 4661 ne
2278 4605 2540 4677 defectus
2572 4611 2906 4677 appareret.
2941 4607 3057 4661 Cur
3102 4612 3301 4663 autem
3334 4608 3512 4665 nollet
3539 4626 3821 4667 errorem

2160 4692 2338 4752 suum
2368 4676 2665 4752 corrigere
2690 4676 2781 4752 vel
2811 4678 3134 4752 pertinacia
3161 4678 3444 4752 hominis,
3471 4680 3559 4752 vel
3614 4683 3825 4752 negli-

2159 4749 2377 4818 gentia,
2428 4746 2517 4802 vel
2572 4746 3026 4818 lucriist’udium
3077 4749 3137 4804 in
3191 4765 3374 4805 causa
3421 4750 3548 4807 fuit.
3616 4746 3822 4809 Crédo

2157 4822 2528 4891 postremum
2565 4818 2625 4872 in
2658 4817 2834 4891 culpa
2860 4818 3065 4885 fuisse,
3097 4835 3173 4874 ne
3198 4820 3473 4891 perderet
3498 4821 3821 4889 lucellum,

2158 4889 2205 4943 si
2237 4888 2499 4943 defectus
2522 4894 2622 4946 aut
2650 4888 3125 4945 additamentum
3148 4888 3217 4944 ἱῐὶ
3231 4891 3418 4947 fronte
3444 4893 3621 4948 autin
3647 4888 3826 4951 calce

2158 4960 2277 5013 folii
2310 4964 2645 5031 appareret.
2688 4959 2843 5013 Alias
2865 4962 3021 5015 enim
3064 4962 3382 5016 necessitas
3413 4963 3578 5019 nulla
3599 4964 3829 5022 fuisset

2157 5031 2578 5105 corrumpendi
2610 5036 2779 5085 notas
2824 5048 3139 5105 canonum.
3178 5036 3392 5088 Sancta
3421 5035 3636 5091 Thecla
3670 5053 3827 5105 ergo

2155 5108 2324 5156 astate
2356 5102 2759 5170 apostolorum
2787 5102 3086 5158 scribebat
3113 5104 3343 5159 codices
3372 5109 3649 5162 mercede
3669 5102 3829 5165 con-

2154 5174 2349 5246 ducta,
2382 5173 2709 5246 admodum
2739 5174 3078 5243 perﬁdiose.
3115 5175 3275 5239 Vide,
3305 5192 3439 5246 quae
3472 5177 3627 5231 infra
3665 5180 3825 5245 dixi,

2156 5244 2253 5297 ad.
2293 5245 2422 5297 Luc.
2454 5260 2616 5309 xxui,
2650 5245 2733 5297 17.

2227 5316 2310 5388 (αξ)
2338 5313 2438 5388 Ob_
2455 5329 2589 5369 eam
2617 5330 2861 5369 causam
2883 5316 3156 5386 probavi,
3186 5318 3318 5383 etsi,
3354 5323 3415 5373 ut
3446 5318 3828 5388 elegantius,

2153 5384 2227 5439 de
2260 5383 2563 5457 Grtecitate
2607 5383 2954 5457 suspectum
2985 5394 3130 5442 erat.

2225 5456 2308 5525 (y)
2337 5458 2421 5511 lta
2444 5472 2595 5511 unus
2610 5472 2898 5513 meorum.
2920 5458 3065 5522 Alte,
3081 5460 3834 5529 vulgatum.Voeabulum
