3976 6222
325 262 396 315 83
1846 234 2215 301 ρΗίΕΡΑΤιΟ
3663 237 3731 290 8,

396 385 483 441 12.
522 380 643 431 Ὀτι
672 377 805 429 οὒτὼ
831 393 845 444 ;
868 372 1133 429 οὐδέποτε.

398 456 485 508 13.
527 453 675 504 Λευί.
705 465 759 505 δ..

399 558 616 615 Scribae
671 554 878 619 intimi,
911 558 974 607 ut
1020 554 1097 607 ad
1150 554 1306 607 hunc
1352 552 1553 606 locum
1598 549 1659 604 in
1715 545 1973 603 editione

326 648 467 703 Novi
503 643 859 701 Testamenti
891 644 1017 715 jam
1044 640 1257 705 notavi,
1290 640 1445 695 hunc
1472 638 1667 693 locum
1698 649 1974 705 corrupe-

325 741 542 791 runtex
558 732 817 788 scholiis.
834 726 1654 799 Scholiastisautemimposuit
1672 726 1969 795 Origenes.

326 829 380 879 Is
414 839 555 892 ergo
586 827 791 876 contra
814 818 1049 876 Celsum
1079 823 1223 874 tom.
1254 818 1297 882 Ι,
1320 834 1378 889 p.
1403 818 1508 870 3'16
1530 818 1593 881 Ι),
1627 816 1706 873 ita
1733 811 1969 868 scribit:

330 914 497 965 Ἐστω
568 908 625 963 δὲ
706 914 796 960 καὶ
869 911 893 959 ὁ
968 907 1114 967 λέϐης
1182 906 1404 967 τελώνης
1477 904 1834 960 ἀκολουθήσας
1902 906 1973 969 τῷ

328 1004 520 1060 Ἰησοῦ·
591 999 693 1050 ἀλλ’
759 998 867 1051 οὔτι
929 1017 987 1067 γε
1055 1004 1146 1047 τοῦ
1215 995 1438 1071 ἀριθμοῦ
1505 1002 1603 1045 τῶν
1677 992 1974 1043 ἀποστόλων

330 1091 492 1142 αὑτοῦ
561 1087 642 1155 ἦν,
703 1088 745 1139 εἰ
806 1093 875 1158 μὴ
950 1088 1083 1138 κατά
1151 1106 1265 1136 τινα
1325 1092 1422 1136 τῶν
1493 1082 1815 1155 ἀντιγράφῶν
1885 1088 1975 1133 τοῦ

328 1182 459 1231 κατὰ
515 1181 727 1248 Μάρκον
798 1175 1128 1245 Εὐαγγελίου.
1195 1174 1298 1229 Hie
1357 1173 1549 1245 primo
1615 1170 1971 1235 notandum,

326 1268 476 1327 λέϐης
554 1266 699 1337 poni
773 1280 881 1335 pro
940 1264 1096 1323 λευῖς.
1174 1266 1320 1318 Nam
1405 1262 1479 1316 de
1562 1260 1789 1319 λεϐϐαῑος
1872 1275 1975 1313 seu

326 1356 522 1416 λεϐαῖος
603 1354 789 1424 accipi
869 1352 1094 1423 nequit.
1177 1350 1466 1406 Lebbaaus
1538 1351 1695 1405 enim
1766 1346 1975 1403 nullibi

328 1446 549 1506 τελώνης
596 1442 953 1515 appellatur,
1002 1442 1103 1497 sed
1148 1440 1300 1495 Levi.
1341 1441 1470 1495 Jam
1518 1438 1661 1511 quia
1703 1438 1975 1506 Origenes

326 1534 576 1595 dixerat,
622 1534 755 1583 κατά
803 1549 916 1581 τινα
968 1537 1065 1579 τῶν
1120 1527 1443 1599 ἀντιγράφων
1505 1536 1595 1580 τοῦ
1649 1529 1781 1578 κατά
1832 1528 1976 1598 Μάρ-

326 1642 411 1673 κον
479 1620 817 1690 Εὑαγγελίου,
878 1616 1327 1688 interpolatores
1387 1615 1527 1670 inde
1599 1614 1971 1683 colligebant,

2005 360 2345 431 Alaqueos,
2401 378 2454 427 v,
2510 365 2597 425 27,
2654 362 2740 429 28,
2804 366 2982 434 atque
3037 363 3151 435 ipsi
3200 360 3363 417 inviti
3418 362 3735 431 Origenem

2085 448 2175 503 vel
2232 451 2632 521 negligentiae,
2697 450 2789 506 vel
2860 451 3086 506 fraudis
3141 450 3387 506 crimine
3444 449 3736 508 irretiunt.

2082 536 2215 592 Tale
2258 544 2345 594 est
2396 540 2799 595 mendacium.
2853 541 3053 609 Ipsum
3103 556 3163 594 se
3210 538 3422 611 prodit.
3471 539 3737 608 Origenis

2084 626 2544 692 animadversio,
2588 633 2653 682 ut
2696 628 2969 695 arbitror,
3003 632 3233 684 tantum
3275 642 3346 683 eo
3386 628 3737 697 pertinebat,

2082 729 2155 768 ne
2171 716 2303 785 quis
2316 720 2547 786 putaret
2568 716 2746 771 Levin
2765 716 3085 787 quemdam
3105 717 3281 771 fuisse
3299 715 3734 787 apostolorum.

2082 803 2145 857 Id
2177 808 2375 858 autem
2419 804 2687 869 efﬁcitur,
2735 806 2781 860 si
2830 805 2998 860 Levis
3040 805 3197 877 apud
3234 808 3405 862 Mare.
3441 820 3499 870 ιι,
3548 806 3634 871 14,
3680 810 3741 862 et

2082 891 2220 945 Luc.
2252 907 2310 957 v,
2342 893 2428 956 27,
2463 907 2570 963 pro
2596 892 2829 948 diversa
2862 908 3119 964 persona
3144 893 3459 957 habeatur,
3486 907 3607 948 non
3632 908 3739 964 pro

2084 980 2355 1034 Matthzeo
2414 980 2609 1035 Matth.
2671 998 2745 1049 ιι,
2805 985 2856 1036 9.
2902 981 2988 1032 Ἐκ
3044 986 3343 1055 περιουσίας
3387 980 3565 1050 igitur
3614 982 3739 1037 Ori-

2085 1084 2287 1137 genes,
2338 1068 2654 1125 immemor
2710 1072 2895 1135 Lucae,
2951 1086 3057 1141 pro
3112 1075 3399 1141 tempore,
3452 1073 3741 1140 tanquam

2084 1162 2499 1223 argumentum
2578 1156 2875 1212 addebat:
2914 1160 3053 1209 Κατά

2086 1265 2206 1313 φων,

2157 1333 2307 1397 Quid
2348 1338 2547 1389 autem
2598 1334 2868 1399 efﬁcitur,
2913 1336 2962 1389 si
3011 1335 3105 1390 hic
3141 1338 3313 1391 Marc.
3360 1352 3417 1401 ιι,
3471 1339 3552 1404 14,
3600 1351 3744 1391 cum

2082 1422 2210 1477 istis
2262 1422 2626 1493 interpolatis
2703 1423 3005 1478 codicibus
3079 1423 3211 1480 loco
3291 1426 3442 1476 Λευῖν
3507 1424 3746 1493 legatur

2083 1500 2320 1562 Ἰάκωϐον
2351 1527 2364 1575 ;
2397 1511 2615 1565 scilicet
2662 1516 2798 1566 tunc
2852 1517 2967 1566 tres
3018 1512 3329 1583 portitores
3382 1512 3457 1583 (c)
3502 1528 3572 1568 ac
3624 1518 3746 1568 tres

2083 1598 2238 1653 ﬁlios
2268 1599 2492 1669 Alphtei
2524 1599 2908 1655 habebimus.
2942 1602 3188 1656 Necesse
3218 1617 3359 1673 ergo
3381 1601 3509 1669 erit,
3540 1607 3605 1657 ut
3637 1607 3748 1657 aut

3132 1178 3247 1209 τινα
3313 1166 3409 1209 τῶν
3484 1156 3741 1232 ἀντιγρά-

327 1709 538 1766 alicubi
564 1687 969 1774 in'Evangelio
1001 1687 1167 1759 Marci
1201 1719 1309 1775 pro
1340 1704 1472 1760 Levi
1514 1703 1681 1759 aliter
1724 1704 1859 1773 legi,
1906 1719 1976 1759 ac

2189 1687 2373 1742 tribus
2422 1688 2691 1758 personis
2737 1693 2852 1744 tres
2888 1689 3267 1759 evangelista
3312 1690 3589 1757 dixerint,
3640 1695 3749 1746 aut

326 1798 441 1853 nisi
487 1798 565 1852 ita
608 1796 776 1851 aliter
824 1794 1133 1863 legeretur,
1178 1794 1345 1849 aliter
1374 1792 1793 1863 corrigendum
1825 1808 1973 1848 esse.

328 1891 511 1943 Locus
543 1884 807 1954 Origenis
848 1888 1042 1939 autem
1077 1882 1317 1939 duobus
1346 1881 1526 1937 Marci
1560 1881 1707 1937 locis
1750 1897 1977 1938 accom-

324 1975 553 2032 modari
598 1977 811 2046 potest.
853 1975 1000 2027 Nam
1043 1975 1278 2043 propter
1318 1970 1468 2030 λέϐης
1516 1972 1540 2021 ὁ
1593 1970 1810 2030 τελώνης
1860 1969 1978 2020 ἀκο-

324 2065 590 2123 λουθὴσας
635 2062 836 2118 referri
887 2065 1086 2131 potest
1132 2060 1207 2116 ad
1254 2061 1423 2115 Marc.
1472 2076 1529 2125 ιι,
1590 2061 1673 2113 14.
1740 2061 1977 2130 Propter

325 2152 597 2209 additum
637 2155 858 2215 autem,
904 2157 991 2201 τοῦ
1040 2148 1262 2221 ἀριθμοῦ
1314 2157 1413 2200 τῶν
1464 2147 1781 2209 ἁποστόλωι,
1825 2148 1973 2203 trahi

325 2258 566 2315 quoque
597 2240 781 2313 possit
810 2240 888 2295 ad
914 2240 1089 2294 Marc.
1122 2255 1204 2303 ιιι,
1252 2239 1438 2301 10-18,
1480 2238 1583 2294 ubi
1621 2242 1709 2293 est
1741 2242 1977 2309 aposto-

326 2333 514 2387 lorum
534 2330 854 2399 catalogus.
881 2328 1194 2383 Probabile
1215 2328 1528 2383 videbatur
1548 2328 1976 2398 interpolatori-

324 2421 459 2483 bus,
494 2419 807 2487 Origenem
836 2416 1101 2471 locutum
1131 2431 1263 2471 esse
1302 2416 1376 2470 de
1416 2416 1597 2487 priori
1641 2416 1791 2472 loco.
1827 2417 1974 2472 Cum

326 2515 522 2565 autem
556 2509 650 2563 hic
690 2508 998 2575 legeretur,
1040 2511 1126 2559 τὸν
1166 2515 1256 2559 τοῦ
1291 2506 1552 2578 Ἀλφαίου,
1587 2506 1741 2563 infra
1775 2512 1972 2562 autem

324 2614 455 2671 cap.
474 2614 553 2665 ιιι,
577 2600 661 2662 18,
691 2597 849 2652 idem
872 2595 1141 2651 additum
1165 2596 1707 2667 reperirentJacobi
1725 2597 1971 2661 nomini,

321 2704 433 2759 pro
461 2688 589 2742 Levi
621 2685 995 2754 corrigebant
1022 2686 1331 2739 Jacobum.
1360 2684 1503 2740 Nolo
1534 2684 1629 2740 hic
1654 2685 1971 2756 inquirere,

323 2792 505 2848 quam
537 2775 717 2830 fidem
744 2773 1358 2842 mereaturOrigenes,
1390 2788 1527 2829 cum
1552 2772 1841 2847 ἀντίγραφά
1862 2794 1976 2825 τινα

322 2868 635 2919 memorat.
662 2862 807 2917 Illud
835 2866 1065 2916 tantum
1094 2876 1326 2925 moneo,
1348 2876 1507 2929 eum,
1532 2862 1579 2915 si
1606 2861 1868 2932 primum
1891 2861 1972 2917 lo-

323 2970 461 3009 cum
505 2952 783 3024 respexit,
830 2967 1043 3023 parum
1092 2954 1381 3006 attentum
1412 2948 1611 3006 fuisse.
1660 2954 1775 3006 Nec
1816 2952 1974 3006 enim

2084 1776 2340 1831 Iacobus
2393 1780 2449 1831 et
2496 1778 2647 1841 Levi,
2698 1782 2799 1833 aut
2847 1776 2983 1832 Levi
3030 1782 3086 1833 et
3134 1778 3433 1834 Matthaeus
3465 1794 3573 1850 pro
3619 1794 3749 1835 una

2084 1880 2345 1936 persona
2371 1864 2727 1920 habeantur.
2764 1867 2825 1919 In
2861 1866 3125 1921 eamdem
3158 1882 3299 1935 ergo
3329 1866 3747 1922 difﬁcultatem

2084 1953 2464 2009 revolvimur.
2496 1954 2696 2008 Adhuc
2722 1954 2880 2009 enim
2915 1958 3146 2010 tantum
3168 1956 3594 2025 interrogatum
3628 1961 3740 2020 est,

2085 2044 2285 2097 utrum
2329 2042 2636 2097 Matthteus
2679 2047 2735 2097 et
2779 2043 2939 2097 Levis
2972 2044 3045 2097 sit
3075 2043 3287 2099 eadem
3335 2060 3606 2116 persona,
3656 2059 3744 2099 an

2086 2131 2212 2185 duae
2239 2129 2266 2183 ?
2291 2133 2455 2185 Nune
2481 2130 2661 2186 etiam
2692 2132 3105 2202 quaerendam,
3140 2137 3335 2188 utrum
3381 2133 3639 2189 Jacobus
3681 2137 3746 2188 et

2087 2218 2215 2273 Levi
2259 2234 2378 2274 una
2410 2234 2485 2274 an
2530 2218 2665 2274 duae
2715 2220 2831 2274 sint
2861 2236 3152 2291 personte.
3189 2221 3303 2276 Sed
3354 2222 3482 2277 Levi
3524 2237 3593 2277 ex
3642 2224 3741 2278 de-

2085 2312 2239 2361 creto
2272 2307 2541 2375 Origenis
2572 2323 2691 2362 non
2725 2308 2834 2364 fuit
2856 2309 3184 2379 apostolus.
3208 2314 3477 2380 Autergo
3507 2326 3611 2365 nec
3642 2312 3742 2366 Ja-

2084 2396 2267 2451 cobus
2294 2396 2398 2451 fuit
2430 2397 2760 2467 apostolus,
2786 2401 2889 2452 aut
2917 2404 3033 2452 tres
3059 2400 3327 2453 feruntur
3344 2399 3655 2470 portitores
3678 2400 3748 2454 in

2084 2485 2435 2554 Evangeliis,
2455 2501 2664 2540 omnes
2688 2486 2791 2540 tilii
2814 2486 3062 2557 Alphtei.
3085 2487 3201 2542 Sed
3220 2488 3499 2556 Origenes
3516 2495 3577 2543 ut
3598 2504 3750 2543 cen-

2083 2577 2211 2629 tum
2233 2574 2375 2629 loeis
2398 2574 2546 2640 aliis,
2571 2574 2651 2629 ita
2666 2574 2759 2629 hic
2778 2591 3019 2647 quoque
3036 2575 3349 2632 infatuavit
3367 2577 3750 2644 scholiastas,

2082 2677 2340 2733 quorum
2365 2662 2543 2717 etiam
2566 2662 2642 2717 ad
2664 2663 2824 2718 hunc
2848 2662 3044 2718 locum
3072 2664 3275 2734 verba,
3299 2664 3461 2735 quod
3484 2665 3753 2722 diverso-

2084 2765 2216 2805 rum
2257 2755 2567 2806 auctorum
2608 2752 3117 2822 interpretationes
3158 2754 3617 2824 conjunxerunt,
3660 2754 3751 2810 ita

2085 2838 2340 2894 obscura
2370 2843 2548 2910 atque
2574 2839 2723 2893 inter
2759 2854 2821 2894 se
2848 2842 3247 2911 repugnantia
3278 2845 3429 2906 sunt,
3469 2847 3531 2897 ut
3562 2857 3748 2899 nemo

2085 2927 2474 2987 commodum
2497 2943 2699 2983 eruere
2720 2929 2907 2998 possit
2928 2945 3190 2984 sensum.
3214 2930 3445 2987 Scholia
3463 2930 3749 3001 leguntur

324 3043 555 3099 Marcus
605 3016 849 3097 tantum.
889 3044 1111 3095 narrat.
1163 3038 1338 3093 Levin
1376 3039 1696 3095 accessisse
1725 3040 1973 3103 Christo,
2013 3059 2053 3115 α
2085 3016 2146 3071 in
2173 3031 2307 3071 mea
2328 3016 2467 3071 NOVi
2488 3017 2843 3073 Τθδίίλωθηίί
2874 3018 3148 3074 θάίίίοηθο

322 3131 427 3187 sed
477 3134 665 3186 Lucas
707 3128 885 3185 etiam
934 3144 989 3182 v.
1042 3129 1109 3182 27
1155 3142 1315 3200 seqq.
1359 3126 1479 3183 fere
1521 3128 1732 3184 iisdem
1762 3128 1976 3197 verbis,

323 3219 538 3293 quibus
560 3218 813 3275 Marcus.
834 3216 917 3271 Ad
932 3215 1338 3275 excusandum
1355 3216 1669 3286 Origenem
1682 3232 1823 3288 ergo
1835 3217 1980 3274 nihil

326 3309 523 3365 afferri
551 3312 763 3380 potest,
795 3306 932 3371 nisi,
969 3305 1137 3379 quod
1178 3305 1422 3362 fortasse
1460 3305 1981 3378 desperatissimus

326 3397 604 3454 defensor
645 3398 775 3468 ejus
818 3396 1049 3462 dixerit,
1096 3395 1357 3451 scillicet.
1392 3396 1611 3450 Lucam
1643 3412 1874 3467 quoque
1921 3398 1980 3451 in

326 3486 493 3543 libris
525 3485 801 3541 omnibus
844 3500 971 3555 cap.
1007 3502 1058 3545 ν,
1103 3500 1160 3538 v.
1205 3485 1293 3548 27,
1339 3482 1427 3548 28,
1475 3482 1566 3537 bis
1610 3489 1977 3555 corruptum,

329 3578 507 3645 atque
546 3573 627 3628 ibi
666 3573 845 3627 etiam
886 3572 979 3626 bis
1010 3569 1247 3623 Ἰάκωϐον
1296 3570 1788 3642 interponendum
1830 3588 1976 3627 esse.

332 3662 494 3717 Prior
522 3675 659 3729 ergo
695 3660 869 3714 Marci
900 3659 1067 3715 locus
1101 3661 1343 3729 propter
1374 3658 1783 3715 auctoritatem
1816 3662 1981 3715 Luem

332 3749 543 3819 corrigi
573 3748 798 3819 nequit.
828 3746 1148 3802 Videamus
1179 3745 1253 3800 de
1284 3746 1583 3815 posteriori
1624 3747 1793 3801 Marci
1826 3748 1979 3804 loco.

332 3839 434 3893 Hic
482 3853 616 3893 vero
643 3835 919 3892 facillime
954 3835 1258 3907 corrumpi
1288 3838 1539 3905 poterat,
1574 3834 1619 3888 si
1653 3834 1869 3893 scilicet
1897 3854 1978 3901 ιιι,

336 3929 421 3995 18,
475 3942 583 3999 pro
642 3927 908 3978 Ματθαῐον
975 3928 1077 3981 aut
1131 3922 1372 3976 Ἰάκωϐον
1457 3924 1563 3992 [τὸν
1620 3932 1709 3976 τοι]
1770 3924 1983 3997 Ἀλφαί-

333 4016 413 4087 ου]
447 4014 801 4070 scriberetur
844 4016 1017 4069 Λευῖν.
1053 4014 1170 4067 Hoc
1206 4027 1327 4067 uno
1359 4011 1541 4067 modo
1572 4016 1846 4069 constare
1887 4031 1985 4084 po-

332 4109 483 4161 terat
514 4104 781 4173 Origenis
824 4100 1288 4158 animadversio.
1323 4100 1425 4155 llic
1455 4104 1670 4169 autem,
1700 4102 1846 4157 dum
1897 4103 1985 4158 in-

332 4192 719 4264 terpolatores
785 4193 1058 4246 metuunt
1117 4188 1529 4244 auctoritatem
1603 4188 1851 4246 Matthzei
1924 4208 1981 4255 x,

334 4282 700 4354 3;Luc.'vt,
754 4284 861 4347 15;
912 4282 968 4334 et
1018 4280 1122 4334 Act
1174 4281 1213 4342 Ι,
1260 4278 1347 4345 13,
1388 4276 1659 4334 incidunt
1713 4278 1773 4334 in
1813 4278 1983 4335 Lucae

336 4461 407 4531 (c)
434 4460 611 4531 Atqui
631 4457 977 4531 Scholiasta:
1010 4455 1087 4511 ad
1116 4455 1278 4531 hunc
1305 4455 1504 4531 locum
1548 4469 1621 4510 ne
1660 4457 1811 4511 duos
1861 4457 1984 4531 qui-

335 4528 475 4585 dem
500 4528 673 4585 nobis
704 4529 1038 4600 largiuntur
1076 4528 1410 4597 portitores.
1445 4528 1785 4600 Propopunt
1812 4528 1984 4600 enim

416 4601 721 4655 aestionem
754 4594 909 4654 hanc
949 4616 959 4651 ξ
1015 4594 1149 4668 Ἐῥεῖ
1198 4617 1298 4659 τις,
1351 4599 1431 4648 ὅτι
1486 4594 1580 4647 δύο
1628 4595 1758 4655 ἦσαν
1804 4599 1857 4650 ἐκ
1888 4608 1984 4650 τῶν

376 4669 549 4723 eadem:
600 4670 830 4734 τελῶναι,
894 4670 1158 4728 Ματθαῖος
1223 4673 1311 4718 καὶ
1354 4668 1593 4729 Ἰάκωϐος
1648 4672 1673 4720 ὁ
1726 4678 1815 4720 τοι)
1870 4670 1983 4720 Ἀλ-

376 4748 511 4805 αίου,
568 4744 688 4814 ὅπερ
744 4742 835 4792 οὐκ
885 4742 1044 4790 ἔστιν·
1116 4740 1182 4797 εἷς
1247 4741 1347 4811 γὰρ
1396 4744 1484 4791 καὶ
1533 4741 1557 4789 ὁ
1617 4740 1768 4801 αὐτὸς
1826 4740 1979 4795 ἐστιν.

376 4765 511 4805 αιου,
568 4765 688 4814 οπερ
744 4765 835 4792 ουκ
885 4765 1044 4790 εστιν*
1116 4765 1181 4797 εις
1247 4765 1347 4811 γαρ
1397 4765 1484 4791 και
1533 4765 1557 4789 ο
1617 4765 1768 4801 αντῡς
1826 4765 1979 4795 εστιν.

334 4765 453 4868 ἓρᾶ
481 4813 595 4867 hoc
632 4809 1167 4883 prorsus‘stultum,
1209 4810 1320 4863 nisi
1350 4825 1453 4879 pro
1496 4810 1736 4883 Ἰάκωϐος
1767 4811 1983 4883 scriba-

334 4890 430 4939 tur
466 4880 651 4945 Λευίςῖ
696 4882 751 4937 Si
800 4880 960 4953 enim
1000 4882 1299 4936 Matthzrus
1347 4882 1699 4953 etulacobus
1762 4882 1985 4953 Alphaai

336 4959 421 5009 est
438 4970 559 5026 una
588 4969 866 5026 persona,
894 4952 1059 5007 Levis
1098 4956 1296 5007 autem
1318 4949 1660 5026 nullus‘fuit
1684 4949 1985 5026 apostolus

334 5022 613 5080 undecim
637 5029 868 5080 tantum
890 5027 1283 5077 numerantur
1304 5022 1576 5093 apostoli.
1596 5022 1761 5078 Hunc
1779 5024 1986 5079 scholi-

332 5101 475 5151 astaa
492 5096 689 5151 locum
712 5096 792 5151 ita
811 5095 991 5151 etiam
1005 5094 1187 5149 edidit
1201 5094 1556 5148 Wetstenius
1573 5094 1644 5147 ad
1677 5094 1734 5148 h.
1760 5094 1796 5148 l.
1818 5096 1987 5151 sicuti

332 5183 445 5239 nos
471 5184 543 5222 ex
559 5170 818 5239 quatuor
839 5165 1142 5239 codicibus
1160 5168 1383 5239 Mosqq.
1411 5164 1647 5239 Photius
1662 5166 1819 5239 apud
1842 5166 1985 5221 Pos-

332 5238 531 5293 sinum
564 5236 639 5293 ad
670 5238 727 5292 b.
758 5238 818 5303 1.,
852 5236 1148 5292 liberalior
1175 5240 1280 5290 est.
1308 5236 1464 5307 Duos
1489 5236 1644 5290 enim
1674 5238 1987 5307 portitores

332 5311 481 5364 inter
515 5309 833 5364 duodecim
879 5309 1172 5362 numerat.
1226 5306 1543 5361 Mattheum
1590 5312 1642 5362 et
1676 5306 1987 5365 ’Jacobum

334 5382 766 5436 Undeautemei
798 5376 1223 5434 hocinnotuit‘?
1245 5378 1353 5431 Sed
1376 5382 1561 5432 totum
1594 5378 1903 5443 scholium,
1926 5386 1988 5435 ut

330 5453 550 5509 editum
582 5457 712 5507 esta
742 5450 991 5505 l-‘ossino
1010 5466 1067 5521 p.
1105 5454 1189 5513 50,
1216 5446 1677 5521 absurdumrest.
1714 5454 1983 5507 Utautem

328 5525 423 5580 hic
450 5525 697 5582 omnino
714 5523 787 5579 de
814 5518 1325 5577 Photio‘moneam.
1344 5518 1440 5574 Ille
1457 5520 1700 5590 quidem
1728 5523 1983 5591 Photius,

2158 3140 2225 3196 V.
2259 3143 2343 3195 16.
2388 3143 2535 3212 Iliun.
2571 3154 2623 3194 a.

2162 3212 2246 3265 17.
2290 3212 2375 3272 Εἰς
2398 3210 2668 3281 μετάνοιαν
2702 3210 2939 3267 absunt.

2162 3283 2249 3339 17,
2291 3288 2389 3354 ιιαι
2418 3284 2659 3354 ἔρχονται
2681 3282 2757 3354 ad
2789 3285 3149 3340 νηστεύουσιν,
3184 3284 3425 3340 absunt.
3452 3300 3506 3341 a.

2169 3358 2247 3428 l9.
2288 3352 2448 3428 ξΟσού
2474 3352 2667 3428 χρόνος]
2691 3353 2769 3428 ad_
2796 3357 3059 3428 ιςησῖεύιιν
3091 3354 3328 3412 absunt.
3364 3372 3417 3411 a.

2160 3426 2247 3478 23.
2288 3423 2365 3476 Ἐν
2387 3432 2495 3484 τοίς
2522 3423 2770 3493 Σάϐϐασι]
2805 3424 2850 3475 ἐν
2875 3424 3065 3480 abest.
3090 3441 3145 3481 a.

2289 3502 2390 3577 '_I:o'3_
2419 3495 2722 3577 éPZLEP‘éwgl
2751 3504 2844 3577 ςοῦ
2875 3496 3169 3551 omittunt.

2160 3569 2250 3637 27.
2296 3571 2403 3637 Καὶγ
2425 3566 2611 3637 ἔλεγεύ]
2643 3572 2731 3637 καὶ
2751 3566 2905 3637 λέγει.
2928 3582 2994 3637 78..

2162 3635 2427 3710 Capslll.
2466 3635 2530 3692 Υ.
2578 3635 2630 3691 7.
2664 3636 2750 3692 Ab
2782 3635 2871 3689 χὰὶ
2916 3636 3016 3690 ἀπὸ
3060 3636 3423 3710 Ἰεροσολύμων
3466 3638 3544 3695 ad
3573 3636 3755 3692 Ἰδου-

2091 3712 2249 3778 μαίας
2276 3708 2511 3762 absunt.
2540 3723 2593 3762 a.

2163 3780 2248 3831 12.
2292 3782 2510 3863 (ιἀνερὸν
2542 3780 2691 3829 αὐτὸν
2723 3784 3010 3836 ποιήσωσι.

2166 3851 2247 3901 17.
2291 3853 2393 3903 Τοὒ
2418 3849 2681 3919 Ἰακώϐου]
2716 3851 2890 3919 ᾳὺτοῦ.
2921 3866 2975 3919 ar.

2164 3922 2249 3973 27.
2295 3917 2621 3991 OﬁAduvamt
2652 3917 2843 3991 οὐδεὶς]
2876 3918 3048 3982 οὐδεὶς
3081 3918 3319 3977 δύναται.

2164 3991 2330 4066 ῥξᾶτολῡ
2368 3988 2639 4066 διαρπάσῃ
2652 4034 2665 4049 .

2164 4062 2249 4115 28.
2281 4062 2469 4143 ,ἶΟσας
2498 4062 2575 4115 ἂν.
2621 4062 2731 4118 Sed
2772 4065 2915 4123 ὅσαις
2955 4066 3041 4119 est
3085 4078 3247 4119 error
3286 4062 3563 4119 editionis
3611 4065 3755 4121 Gre-

2167 4148 2333 4200 gorn.

2167 4205 2252 4257 32.
2299 4210 2396 4256 Καὶ
2422 4207 2469 4257 οὶ
2502 4203 2712 4276 ἀδελφοί
2745 4224 2837 4277 cog
2869 4210 2955 4277 atati
2986 4208 3039 4256 αἱ
3072 4203 3295 4277 ἀδελφαί,
3323 4224 3440 4261 σου.

2167 4279 2301 4347 Cap.
2338 4277 2422 4330 IV.
2457 4278 2517 4329 V.
2560 4281 2610 4330 2.
2635 4272 2747 4328 ’Καὶ
2778 4272 3056 4328 ἐδίδασκεν
3102 4277 3180 4333 ad
3207 4272 3382 4329 ’πολλοὶ
3412 4276 3650 4334 absunt.
3687 4294 3750 4335 a.

2095 4452 2195 4533 qui
2228 4452 2651 4533 Bibliotliecam
2684 4453 2938 4533 scripsit,
2972 4452 3099 4533 fuit,
3145 4454 3261 4533 etsi
3281 4454 3499 4533 multos
3536 4454 3758 4533 habuit

2095 4524 2537 4587 obtrectatores,
2568 4524 2656 4595 vir
2680 4524 3105 4595 copiosissimae
3131 4524 3437 4580 doctrinae.
3464 4525 3575 4581 Sed
3600 4525 3757 4583 alter

2096 4595 2365 4669 Photius,
2396 4594 2566 4669 cujus
2588 4594 2646 4649 in
2672 4594 3281 4669 Catenislongissima
3308 4596 3665 4669 plerumque
3695 4604 3758 4655 et

2095 4665 2753 4735 iueptissimaleguntur
2766 4666 3011 4729 scholia,
3028 4665 3117 4722 vel
3138 4665 3384 4723 omnino
3398 4665 3595 4722 nullus
3615 4667 3751 4736 fuit,

2096 4752 2166 4793 ac
2205 4737 2482 4791 mentitus
2512 4743 2599 4791 est
2627 4752 2845 4792 nomen
2896 4738 3104 4803 Photii,
3138 4738 3235 4795 vel
3274 4739 3379 4794 fuit
3411 4739 3752 4795 monachus

2094 4808 2374 4878 ignobilis
2390 4813 2444 4861 et
2458 4808 2873 4878 ineptissimus.
2892 4808 3119 4873 Quibus
3135 4825 3255 4865 non
3269 4810 3343 4865 ad
3361 4825 3564 4865 manus
3583 4818 3750 4876 sunt,

2097 4878 2265 4933 sicuti
2306 4879 2473 4943 mihi,
2514 4878 2735 4934 inedita
2773 4880 2962 4934 multa
2999 4881 3168 4935 istius
3200 4880 3383 4936 Photii
3420 4881 3663 4945 scholia,
3713 4882 3752 4937 ii

2094 4949 2312 5023 adeant
2344 4948 3038 5023 Pseudo—OEcumenium,
3070 4951 3269 5023 ibique
3295 4957 3400 5016 tot,
3428 4958 3573 5023 quot
3600 4952 3756 5023 ipsis

2094 5021 2399 5145 Blacuerit,
2455 5022 2713 5102 nomine.
2752 5022 2937 5077 Photii
2999 5021 3203 5077 notata
3259 5021 3481 5078 scholia
3524 5021 3750 5105 legant.

2143 5092 2384 5145 rofeeto.
2431 5097 2493 5145 ut
2539 5092 2855 5145 nraevndeo.
2906 5109 3053 5145 meae
3100 5094 3382 5145 accedent
3423 5099 3750 5145 sententiae.

2143 5092 2384 5157 rofeeto,
2431 5097 2493 5146 ut
2539 5092 2855 5161 praevideo,
2906 5109 3053 5148 meae
3100 5094 3382 5149 accedent
3423 5094 3754 5149 sententiae.

2099 5164 2310 5218 Omnia
2351 5163 2508 5217 enim
2542 5178 2607 5234 ex
2646 5164 2772 5218 aliis
2802 5165 3020 5227 hausit,
3054 5170 3109 5219 et
3152 5181 3395 5234 aquam,
3427 5170 3483 5220 et
3512 5169 3761 5221 acetum

2098 5240 2150 5288 et
2182 5234 2410 5301 vinum,
2436 5250 2504 5288 ac
2531 5232 2775 5305 ﬂumine
2807 5235 3056 5290 turbidae
3090 5232 3440 5305 eloquentiae
3472 5252 3594 5291 suae
3622 5252 3759 5293 om-

2098 5305 2195 5359 nia
2227 5304 2773 5378 sentinm_reddidit
2816 5306 3133 5361 simillima.
3170 5304 3247 5363 De
3278 5307 3519 5367 Jacobo,
3564 5322 3760 5378 quem

2097 5375 2440 5446 portitorem
2477 5375 2609 5429 facit
2656 5377 3126 5446 Chrysostonms.
3175 5378 3309 5432 vide
3358 5378 3512 5433 infra
3542 5375 3766 5437 notam

2101 5454 2151 5509 3,
2183 5463 2330 5520 pag.
2358 5446 2488 5520 378.7
2516 5446 2583 5500 ad
2623 5446 2821 5520 Matth.
2859 5449 3025 5504 Forte
3071 5448 3529 5520 Chrysostomus
3570 5450 3763 5507 etiam

2099 5517 2366 5585 Origenis
2396 5518 2911 5574 animadversione
2938 5517 3221 5591 deceptus
3249 5526 3351 5575 est.
