  <div class='ocr_page' id='page_1' title='image "/cluster/home/n/w/nwhite01/storage/ocr_20150623/129/hvd.32044073502395/061.png"; bbox 0 0 3976 6222; ppageno 0'>
   <div class='ocr_carea' id='block_1_1' title="bbox 437 221 535 278">
    <p class='ocr_par' dir='ltr' id='par_1_1' title="bbox 437 221 535 278">
     <span class='ocr_line' id='line_1_1' title="bbox 437 221 535 278; baseline 0 0"><span class='ocrx_word' id='word_1_1' title='bbox 437 221 535 278; x_wconf 74' lang='grc'><strong>111</strong></span> 
     </span>
    </p>
   </div>
   <div class='ocr_carea' id='block_1_2' title="bbox 1731 206 2447 268">
    <p class='ocr_par' dir='ltr' id='par_1_2' title="bbox 1731 206 2447 268">
     <span class='ocr_line' id='line_1_2' title="bbox 1731 206 2447 268; baseline -0.003 -1"><span class='ocrx_word' id='word_1_2' title='bbox 1731 208 2084 268; x_wconf 78' lang='lat' dir='ltr'><strong>EUTIIYMII</strong></span> <span class='ocrx_word' id='word_1_3' title='bbox 2124 206 2447 266; x_wconf 74' lang='lat' dir='ltr'><strong>ZIGABENI</strong></span> 
     </span>
    </p>
   </div>
   <div class='ocr_carea' id='block_1_3' title="bbox 3722 64 3837 89">
    <p class='ocr_par' dir='ltr' id='par_1_3' title="bbox 3722 64 3837 89">
     <span class='ocr_line' id='line_1_3' title="bbox 3722 64 3837 89; baseline -0.017 -6"><span class='ocrx_word' id='word_1_4' title='bbox 3722 64 3837 89; x_wconf 50' lang='grc' dir='ltr'><strong><em>’μς-τ,</em></strong></span> 
     </span>
    </p>
   </div>
   <div class='ocr_carea' id='block_1_4' title="bbox 3732 216 3823 275">
    <p class='ocr_par' dir='ltr' id='par_1_4' title="bbox 3732 216 3823 275">
     <span class='ocr_line' id='line_1_4' title="bbox 3732 216 3823 275; baseline 0 0"><span class='ocrx_word' id='word_1_5' title='bbox 3732 216 3823 275; x_wconf 78' lang='lat' dir='ltr'><strong><em>H2</em></strong></span> 
     </span>
    </p>
   </div>
   <div class='ocr_carea' id='block_1_5' title="bbox 435 336 3817 422">
    <p class='ocr_par' dir='ltr' id='par_1_5' title="bbox 435 336 3817 422">
     <span class='ocr_line' id='line_1_5' title="bbox 435 336 3817 422; baseline -0.001 -19"><span class='ocrx_word' id='word_1_6' title='bbox 435 345 532 403; x_wconf 62' lang='grc' dir='ltr'><em>νδνο</em></span> <span class='ocrx_word' id='word_1_7' title='bbox 576 348 700 422; x_wconf 65' lang='grc' dir='ltr'><em>Περὶ</em></span> <span class='ocrx_word' id='word_1_8' title='bbox 747 346 840 402; x_wconf 58' lang='lat' dir='ltr'><strong><em>ro;</em></strong></span> <span class='ocrx_word' id='word_1_9' title='bbox 879 344 1297 421; x_wconf 75' lang='grc' dir='ltr'><strong><em>ἐπερωτήσαντος</em></strong></span> <span class='ocrx_word' id='word_1_10' title='bbox 1330 349 1563 416; x_wconf 79' lang='grc' dir='ltr'><strong><em>νομικοῦ.</em></strong></span> <span class='ocrx_word' id='word_1_11' title='bbox 1598 341 1779 413; x_wconf 83' lang='lat' dir='ltr'><strong><em>(XXII,</em></strong></span> <span class='ocrx_word' id='word_1_12' title='bbox 1821 341 1927 411; x_wconf 77' lang='grc'><strong><em>54).</em></strong></span> <span class='ocrx_word' id='word_1_13' title='bbox 1970 348 2073 415; x_wconf 83' lang='grc' dir='ltr'><strong><em>Μρ.</em></strong></span> <span class='ocrx_word' id='word_1_14' title='bbox 2111 336 2156 391; x_wconf 89' lang='grc' dir='ltr'>Α</span> <span class='ocrx_word' id='word_1_15' title='bbox 2334 343 2456 409; x_wconf 86' lang='grc' dir='ltr'><em>Περὶ</em></span> <span class='ocrx_word' id='word_1_16' title='bbox 2504 346 2597 400; x_wconf 80' lang='grc' dir='ltr'><strong><em>τῆς</em></strong></span> <span class='ocrx_word' id='word_1_17' title='bbox 2636 338 2925 408; x_wconf 68' lang='grc' dir='ltr'><em>ἀλειψάσης</em></span> <span class='ocrx_word' id='word_1_18' title='bbox 2956 343 3042 391; x_wconf 84' lang='grc' dir='ltr'><strong><em>τὸν</em></strong></span> <span class='ocrx_word' id='word_1_19' title='bbox 3093 342 3279 415; x_wconf 78' lang='grc' dir='ltr'><strong><em>Κύριον</em></strong></span> <span class='ocrx_word' id='word_1_20' title='bbox 3308 343 3475 416; x_wconf 77' lang='grc' dir='ltr'><em>μύρῳ.</em></span> <span class='ocrx_word' id='word_1_21' title='bbox 3506 343 3709 414; x_wconf 86' lang='lat' dir='ltr'><strong>(XXVI,</strong></span> <span class='ocrx_word' id='word_1_22' title='bbox 3742 350 3817 417; x_wconf 88' lang='lat'><strong><em>6).</em></strong></span> 
     </span>
    </p>
   </div>
   <div class='ocr_carea' id='block_1_6' title="bbox 647 436 1021 491">
    <p class='ocr_par' dir='ltr' id='par_1_6' title="bbox 647 436 1021 491">
     <span class='ocr_line' id='line_1_6' title="bbox 647 436 1021 491; baseline -0.003 -1"><span class='ocrx_word' id='word_1_23' title='bbox 647 438 739 491; x_wconf 80' lang='grc' dir='ltr'><strong><em>λθ”</em></strong></span> <span class='ocrx_word' id='word_1_24' title='bbox 776 445 905 491; x_wconf 87' lang='grc' dir='ltr'><strong><em>Λου.</em></strong></span> <span class='ocrx_word' id='word_1_25' title='bbox 938 436 1021 490; x_wconf 84' lang='grc' dir='ltr'><strong><em>λε’.</em></strong></span> 
     </span>
    </p>
   </div>
   <div class='ocr_carea' id='block_1_7' title="bbox 433 524 2077 603">
    <p class='ocr_par' dir='ltr' id='par_1_7' title="bbox 433 524 2077 603">
     <span class='ocr_line' id='line_1_7' title="bbox 433 524 2077 603; baseline -0.008 -20"><span class='ocrx_word' id='word_1_26' title='bbox 433 548 485 583; x_wconf 86' lang='grc' dir='ltr'><strong><em>νε</em></strong></span> <span class='ocrx_word' id='word_1_27' title='bbox 509 572 520 584; x_wconf 95' lang='grc'>.</span> <span class='ocrx_word' id='word_1_28' title='bbox 559 532 683 603; x_wconf 82' lang='grc' dir='ltr'><strong><em>Περὶ</em></strong></span> <span class='ocrx_word' id='word_1_29' title='bbox 718 536 808 589; x_wconf 85' lang='grc' dir='ltr'><strong><em>τῆς</em></strong></span> <span class='ocrx_word' id='word_1_30' title='bbox 844 535 933 580; x_wconf 79' lang='grc' dir='ltr'><strong><em>τοῦ</em></strong></span> <span class='ocrx_word' id='word_1_31' title='bbox 972 531 1165 601; x_wconf 78' lang='grc' dir='ltr'>Κυρίου</span> <span class='ocrx_word' id='word_1_32' title='bbox 1215 524 1575 599; x_wconf 74' lang='grc' dir='ltr'><strong><em>ἐπερωτήσεως</em></strong></span> <span class='ocrx_word' id='word_1_33' title='bbox 1606 524 1734 596; x_wconf 86' lang='grc' dir='ltr'><em>πρὸς</em></span> <span class='ocrx_word' id='word_1_34' title='bbox 1773 524 1892 581; x_wconf 80' lang='grc' dir='ltr'><em>τοὺς</em></span> <span class='ocrx_word' id='word_1_35' title='bbox 1924 526 2077 594; x_wconf 78' lang='grc' dir='ltr'><em>Φαρι-</em></span> 
     </span>
    </p>
   </div>
   <div class='ocr_carea' id='block_1_8' title="bbox 647 612 1801 688">
    <p class='ocr_par' dir='ltr' id='par_1_8' title="bbox 647 612 1801 688">
     <span class='ocr_line' id='line_1_8' title="bbox 647 612 1801 688; baseline -0.004 -19"><span class='ocrx_word' id='word_1_36' title='bbox 647 622 847 678; x_wconf 89' lang='grc' dir='ltr'><em>σαίους.</em></span> <span class='ocrx_word' id='word_1_37' title='bbox 889 617 1075 688; x_wconf 89' lang='lat' dir='ltr'><strong>(XXII,</strong></span> <span class='ocrx_word' id='word_1_38' title='bbox 1104 615 1209 685; x_wconf 80' lang='grc'><strong>41).</strong></span> <span class='ocrx_word' id='word_1_39' title='bbox 1244 621 1347 685; x_wconf 87' lang='grc' dir='ltr'><strong><em>Μρ.</em></strong></span> <span class='ocrx_word' id='word_1_40' title='bbox 1382 612 1450 685; x_wconf 86' lang='grc' dir='ltr'><strong><em>μ’.</em></strong></span> <span class='ocrx_word' id='word_1_41' title='bbox 1480 616 1609 664; x_wconf 87' lang='grc' dir='ltr'><strong><em>Λου.</em></strong></span> <span class='ocrx_word' id='word_1_42' title='bbox 1648 617 1747 681; x_wconf 71' lang='lat'><strong><em>07‘.</em></strong></span> <span class='ocrx_word' id='word_1_43' title='bbox 1796 648 1801 651; x_wconf 67' lang='grc'><strong>»</strong></span> 
     </span>
    </p>
   </div>
   <div class='ocr_carea' id='block_1_9' title="bbox 431 702 2076 779">
    <p class='ocr_par' dir='ltr' id='par_1_9' title="bbox 431 702 2076 779">
     <span class='ocr_line' id='line_1_9' title="bbox 431 702 2076 779; baseline -0.006 -22"><span class='ocrx_word' id='word_1_44' title='bbox 431 704 511 767; x_wconf 86' lang='grc' dir='ltr'><em>νς’.</em></span> <span class='ocrx_word' id='word_1_45' title='bbox 558 710 682 779; x_wconf 80' lang='grc' dir='ltr'><em>Περὶ</em></span> <span class='ocrx_word' id='word_1_46' title='bbox 729 712 819 757; x_wconf 84' lang='grc' dir='ltr'><em>τοῦ</em></span> <span class='ocrx_word' id='word_1_47' title='bbox 878 704 1198 776; x_wconf 73' lang='grc' dir='ltr'><em>ταλανισμοῡ</em></span> <span class='ocrx_word' id='word_1_48' title='bbox 1236 710 1335 755; x_wconf 81' lang='grc' dir='ltr'><em>τῶν</em></span> <span class='ocrx_word' id='word_1_49' title='bbox 1397 703 1740 774; x_wconf 67' lang='grc' dir='ltr'><em>Γραμματέων</em></span> <span class='ocrx_word' id='word_1_50' title='bbox 1789 702 1877 749; x_wconf 85' lang='grc' dir='ltr'><em>καὶ</em></span> <span class='ocrx_word' id='word_1_51' title='bbox 1922 703 2076 770; x_wconf 82' lang='grc' dir='ltr'><em>Φαρι-</em></span> 
     </span>
    </p>
   </div>
   <div class='ocr_carea' id='block_1_10' title="bbox 648 788 1533 865">
    <p class='ocr_par' dir='ltr' id='par_1_10' title="bbox 648 788 1533 865">
     <span class='ocr_line' id='line_1_10' title="bbox 648 788 1533 865; baseline -0.005 -18"><span class='ocrx_word' id='word_1_52' title='bbox 648 799 829 848; x_wconf 86' lang='grc' dir='ltr'><em>σαίων.</em></span> <span class='ocrx_word' id='word_1_53' title='bbox 867 794 1071 865; x_wconf 80' lang='lat' dir='ltr'><strong><em>(XXIII,</em></strong></span> <span class='ocrx_word' id='word_1_54' title='bbox 1113 794 1222 863; x_wconf 83' lang='lat' dir='ltr'><strong><em>I3).</em></strong></span> <span class='ocrx_word' id='word_1_55' title='bbox 1264 797 1392 844; x_wconf 91' lang='grc' dir='ltr'><strong><em>Λου.</em></strong></span> <span class='ocrx_word' id='word_1_56' title='bbox 1428 788 1533 861; x_wconf 80' lang='grc' dir='ltr'><strong><em>μγ’.</em></strong></span> 
     </span>
    </p>
   </div>
   <div class='ocr_carea' id='block_1_11' title="bbox 429 874 2062 957">
    <p class='ocr_par' dir='ltr' id='par_1_11' title="bbox 429 874 2062 957">
     <span class='ocr_line' id='line_1_11' title="bbox 429 874 2062 957; baseline -0.004 -21"><span class='ocrx_word' id='word_1_57' title='bbox 429 883 525 945; x_wconf 68' lang='grc' dir='ltr'><strong><em>νζ.</em></strong></span> <span class='ocrx_word' id='word_1_58' title='bbox 568 889 691 957; x_wconf 86' lang='grc' dir='ltr'><strong><em>Περὶ</em></strong></span> <span class='ocrx_word' id='word_1_59' title='bbox 726 892 815 944; x_wconf 83' lang='grc' dir='ltr'><strong><em>τῆς</em></strong></span> <span class='ocrx_word' id='word_1_60' title='bbox 872 881 1177 941; x_wconf 76' lang='grc' dir='ltr'><em>συντελείας.</em></span> <span class='ocrx_word' id='word_1_61' title='bbox 1220 879 1435 951; x_wconf 82' lang='lat' dir='ltr'><strong>(XXIV,</strong></span> <span class='ocrx_word' id='word_1_62' title='bbox 1497 876 1571 947; x_wconf 89' lang='lat'><strong><em>3).</em></strong></span> <span class='ocrx_word' id='word_1_63' title='bbox 1636 883 1739 948; x_wconf 88' lang='grc' dir='ltr'><strong><em>Μρ.</em></strong></span> <span class='ocrx_word' id='word_1_64' title='bbox 1777 874 1887 947; x_wconf 70' lang='grc' dir='ltr'><em>μβ·</em></span> <span class='ocrx_word' id='word_1_65' title='bbox 1930 880 2062 930; x_wconf 90' lang='grc' dir='ltr'>Λου.</span> 
     </span>
    </p>
   </div>
   <div class='ocr_carea' id='block_1_12' title="bbox 643 993 724 1028">
    <p class='ocr_par' dir='ltr' id='par_1_12' title="bbox 643 993 724 1028">
     <span class='ocr_line' id='line_1_12' title="bbox 643 993 724 1028; baseline 0.025 -2"><span class='ocrx_word' id='word_1_66' title='bbox 643 993 724 1028; x_wconf 82' lang='grc' dir='ltr'><em>οε.</em></span> 
     </span>
    </p>
   </div>
   <div class='ocr_carea' id='block_1_13' title="bbox 429 1044 2067 1137">
    <p class='ocr_par' dir='ltr' id='par_1_13' title="bbox 429 1044 2067 1137">
     <span class='ocr_line' id='line_1_13' title="bbox 429 1044 2067 1137; baseline -0.004 -23"><span class='ocrx_word' id='word_1_67' title='bbox 429 1062 503 1121; x_wconf 84' lang='grc' dir='ltr'><strong><em>νη’</em></strong></span> <span class='ocrx_word' id='word_1_68' title='bbox 545 1068 667 1137; x_wconf 80' lang='grc' dir='ltr'><em>Περὶ</em></span> <span class='ocrx_word' id='word_1_69' title='bbox 698 1070 792 1125; x_wconf 79' lang='grc' dir='ltr'><strong><em>τῆς</em></strong></span> <span class='ocrx_word' id='word_1_70' title='bbox 814 1044 1015 1136; x_wconf 59' lang='grc' dir='ltr'><em>ἦμέρας</em></span> <span class='ocrx_word' id='word_1_71' title='bbox 1043 1059 1237 1121; x_wconf 80' lang='grc' dir='ltr'><strong><em>ἐκείνης</em></strong></span> <span class='ocrx_word' id='word_1_72' title='bbox 1265 1061 1353 1112; x_wconf 85' lang='grc' dir='ltr'><em>καὶ</em></span> <span class='ocrx_word' id='word_1_73' title='bbox 1379 1076 1531 1130; x_wconf 88' lang='grc' dir='ltr'><em>ωρας.</em></span> <span class='ocrx_word' id='word_1_74' title='bbox 1578 1054 1777 1127; x_wconf 86' lang='lat' dir='ltr'><strong>(XXIV,</strong></span> <span class='ocrx_word' id='word_1_75' title='bbox 1812 1056 1923 1123; x_wconf 85' lang='lat'><strong><em>36).</em></strong></span> <span class='ocrx_word' id='word_1_76' title='bbox 1964 1059 2067 1128; x_wconf 85' lang='grc' dir='ltr'><strong><em>Μρ.</em></strong></span> 
     </span>
    </p>
   </div>
   <div class='ocr_carea' id='block_1_14' title="bbox 428 1173 1604 1314">
    <p class='ocr_par' dir='ltr' id='par_1_14' title="bbox 428 1173 1604 1314">
     <span class='ocr_line' id='line_1_14' title="bbox 428 1173 1604 1314; baseline -0.006 -22"><span class='ocrx_word' id='word_1_77' title='bbox 428 1240 500 1294; x_wconf 78' lang='grc' dir='ltr'><strong><em>νϐ’</em></strong></span> <span class='ocrx_word' id='word_1_78' title='bbox 538 1173 799 1314; x_wconf 51' lang='grc' dir='ltr'><em>Περζγτιῖιν</em></span> <span class='ocrx_word' id='word_1_79' title='bbox 830 1236 959 1293; x_wconf 81' lang='grc' dir='ltr'><em>δέκα</em></span> <span class='ocrx_word' id='word_1_80' title='bbox 988 1240 1274 1314; x_wconf 80' lang='grc' dir='ltr'><em>παρθένων.</em></span> <span class='ocrx_word' id='word_1_81' title='bbox 1316 1238 1492 1307; x_wconf 83' lang='lat' dir='ltr'><strong>(XXV,</strong></span> <span class='ocrx_word' id='word_1_82' title='bbox 1535 1236 1604 1302; x_wconf 92' lang='grc'><strong><em>1).</em></strong></span> 
     </span>
    </p>
   </div>
   <div class='ocr_carea' id='block_1_15' title="bbox 465 1323 1848 1404">
    <p class='ocr_par' dir='ltr' id='par_1_15' title="bbox 465 1323 1848 1404">
     <span class='ocr_line' id='line_1_15' title="bbox 465 1323 1848 1404; baseline -0.008 -18"><span class='ocrx_word' id='word_1_83' title='bbox 465 1329 524 1392; x_wconf 82' lang='grc' dir='ltr'><strong><em>ξ.</em></strong></span> <span class='ocrx_word' id='word_1_84' title='bbox 567 1334 690 1404; x_wconf 86' lang='grc' dir='ltr'><em>Περὶ</em></span> <span class='ocrx_word' id='word_1_85' title='bbox 718 1339 815 1382; x_wconf 84' lang='grc' dir='ltr'><em>τῶν</em></span> <span class='ocrx_word' id='word_1_86' title='bbox 854 1332 919 1381; x_wconf 79' lang='grc' dir='ltr'><em>τὰ</em></span> <span class='ocrx_word' id='word_1_87' title='bbox 948 1329 1171 1381; x_wconf 79' lang='grc' dir='ltr'><em>τάλαντα</em></span> <span class='ocrx_word' id='word_1_88' title='bbox 1206 1325 1482 1379; x_wconf 65' lang='grc' dir='ltr'><em>λαϐόντων.</em></span> <span class='ocrx_word' id='word_1_89' title='bbox 1516 1323 1694 1391; x_wconf 84' lang='lat' dir='ltr'><strong>(XXV,</strong></span> <span class='ocrx_word' id='word_1_90' title='bbox 1734 1323 1848 1391; x_wconf 76' lang='grc'><strong><em>14).</em></strong></span> 
     </span>
    </p>
   </div>
   <div class='ocr_carea' id='block_1_16' title="bbox 430 1411 1830 1494">
    <p class='ocr_par' dir='ltr' id='par_1_16' title="bbox 430 1411 1830 1494">
     <span class='ocr_line' id='line_1_16' title="bbox 430 1411 1830 1494; baseline -0.005 -22"><span class='ocrx_word' id='word_1_91' title='bbox 430 1418 521 1481; x_wconf 87' lang='grc' dir='ltr'><strong><em>ξα’.</em></strong></span> <span class='ocrx_word' id='word_1_92' title='bbox 566 1424 687 1494; x_wconf 78' lang='grc' dir='ltr'><em>Περὶ</em></span> <span class='ocrx_word' id='word_1_93' title='bbox 718 1428 811 1481; x_wconf 80' lang='grc' dir='ltr'><strong><em>τῆς</em></strong></span> <span class='ocrx_word' id='word_1_94' title='bbox 842 1419 1085 1479; x_wconf 78' lang='grc' dir='ltr'><strong><em>ἐλεύσεως</em></strong></span> <span class='ocrx_word' id='word_1_95' title='bbox 1110 1424 1200 1469; x_wconf 79' lang='grc' dir='ltr'><em>τοῦ</em></span> <span class='ocrx_word' id='word_1_96' title='bbox 1240 1422 1473 1487; x_wconf 68' lang='grc' dir='ltr'><em>Χριστοῦ</em></span> <span class='ocrx_word' id='word_1_97' title='bbox 1504 1413 1683 1483; x_wconf 88' lang='lat' dir='ltr'><strong>(XXV,</strong></span> <span class='ocrx_word' id='word_1_98' title='bbox 1720 1411 1830 1480; x_wconf 83' lang='lat'><strong><em>3|).</em></strong></span> 
     </span>
    </p>
   </div>
   <div class='ocr_carea' id='block_1_17' title="bbox 428 1592 1603 1667">
    <p class='ocr_par' dir='ltr' id='par_1_17' title="bbox 428 1592 1603 1667">
     <span class='ocr_line' id='line_1_17' title="bbox 428 1592 1603 1667; baseline -0.004 -16"><span class='ocrx_word' id='word_1_99' title='bbox 428 1601 511 1651; x_wconf 78' lang='lat'><strong><em>55.</em></strong></span> <span class='ocrx_word' id='word_1_100' title='bbox 555 1598 640 1653; x_wconf 90' lang='lat' dir='ltr'><strong><em>De</em></strong></span> <span class='ocrx_word' id='word_1_101' title='bbox 665 1596 1111 1667; x_wconf 76' lang='lat' dir='ltr'><strong><em>interrogatione</em></strong></span> <span class='ocrx_word' id='word_1_102' title='bbox 1140 1593 1221 1651; x_wconf 88' lang='lat' dir='ltr'><strong><em>ad</em></strong></span> <span class='ocrx_word' id='word_1_103' title='bbox 1254 1592 1603 1650; x_wconf 69' lang='lat' dir='ltr'><strong><em>Pharisaeos.</em></strong></span> 
     </span>
    </p>
   </div>
   <div class='ocr_carea' id='block_1_18' title="bbox 426 1680 1998 1755">
    <p class='ocr_par' dir='ltr' id='par_1_18' title="bbox 426 1680 1998 1755">
     <span class='ocr_line' id='line_1_18' title="bbox 426 1680 1998 1755; baseline -0.003 -15"><span class='ocrx_word' id='word_1_104' title='bbox 426 1685 511 1740; x_wconf 81' lang='lat'><strong><em>56.</em></strong></span> <span class='ocrx_word' id='word_1_105' title='bbox 549 1686 632 1741; x_wconf 91' lang='lat' dir='ltr'><strong><em>De</em></strong></span> <span class='ocrx_word' id='word_1_106' title='bbox 668 1686 1071 1755; x_wconf 77' lang='lat' dir='ltr'><strong><em>deploratione</em></strong></span> <span class='ocrx_word' id='word_1_107' title='bbox 1098 1684 1438 1740; x_wconf 75' lang='lat' dir='ltr'><strong><em>Scribarum</em></strong></span> <span class='ocrx_word' id='word_1_108' title='bbox 1467 1688 1516 1737; x_wconf 91' lang='lat' dir='ltr'><strong><em>et</em></strong></span> <span class='ocrx_word' id='word_1_109' title='bbox 1548 1680 1998 1737; x_wconf 70' lang='lat' dir='ltr'><strong><em>Pharisaeorum.</em></strong></span> 
     </span>
    </p>
   </div>
   <div class='ocr_carea' id='block_1_19' title="bbox 427 1776 1167 1833">
    <p class='ocr_par' dir='ltr' id='par_1_19' title="bbox 427 1776 1167 1833">
     <span class='ocr_line' id='line_1_19' title="bbox 427 1776 1167 1833; baseline -0.005 -4"><span class='ocrx_word' id='word_1_110' title='bbox 427 1778 490 1829; x_wconf 81' lang='lat'><strong><em>57</em></strong></span> <span class='ocrx_word' id='word_1_111' title='bbox 502 1819 512 1830; x_wconf 95' lang='lat'><strong><em>.</em></strong></span> <span class='ocrx_word' id='word_1_112' title='bbox 552 1777 635 1831; x_wconf 86' lang='lat' dir='ltr'><strong><em>De</em></strong></span> <span class='ocrx_word' id='word_1_113' title='bbox 663 1776 1167 1833; x_wconf 84' lang='lat' dir='ltr'><strong><em>consummatione.</em></strong></span> 
     </span>
    </p>
   </div>
   <div class='ocr_carea' id='block_1_20' title="bbox 427 1862 1030 1921">
    <p class='ocr_par' dir='ltr' id='par_1_20' title="bbox 427 1862 1030 1921">
     <span class='ocr_line' id='line_1_20' title="bbox 427 1862 1030 1921; baseline 0.002 -4"><span class='ocrx_word' id='word_1_114' title='bbox 427 1862 513 1917; x_wconf 84' lang='lat'><strong><em>58.</em></strong></span> <span class='ocrx_word' id='word_1_115' title='bbox 551 1865 639 1919; x_wconf 87' lang='lat' dir='ltr'><strong><em>De</em></strong></span> <span class='ocrx_word' id='word_1_116' title='bbox 667 1864 761 1919; x_wconf 88' lang='lat' dir='ltr'><strong><em>die</em></strong></span> <span class='ocrx_word' id='word_1_117' title='bbox 789 1870 839 1921; x_wconf 91' lang='lat' dir='ltr'><strong><em>et</em></strong></span> <span class='ocrx_word' id='word_1_118' title='bbox 866 1864 1030 1920; x_wconf 83' lang='lat' dir='ltr'><strong><em>hora.</em></strong></span> 
     </span>
    </p>
   </div>
   <div class='ocr_carea' id='block_1_21' title="bbox 427 1951 1217 2023">
    <p class='ocr_par' dir='ltr' id='par_1_21' title="bbox 427 1951 1217 2023">
     <span class='ocr_line' id='line_1_21' title="bbox 427 1951 1217 2023; baseline -0.004 -17"><span class='ocrx_word' id='word_1_119' title='bbox 427 1954 509 2006; x_wconf 88' lang='lat'><strong><em>59.</em></strong></span> <span class='ocrx_word' id='word_1_120' title='bbox 552 1953 638 2006; x_wconf 90' lang='lat' dir='ltr'><strong><em>De</em></strong></span> <span class='ocrx_word' id='word_1_121' title='bbox 664 1952 847 2007; x_wconf 85' lang='lat' dir='ltr'><strong><em>decem</em></strong></span> <span class='ocrx_word' id='word_1_122' title='bbox 877 1951 1217 2023; x_wconf 78' lang='lat' dir='ltr'><strong><em>virginibus.</em></strong></span> 
     </span>
    </p>
   </div>
   <div class='ocr_carea' id='block_1_22' title="bbox 424 2039 917 2097">
    <p class='ocr_par' dir='ltr' id='par_1_22' title="bbox 424 2039 917 2097">
     <span class='ocr_line' id='line_1_22' title="bbox 424 2039 917 2097; baseline 0.002 -4"><span class='ocrx_word' id='word_1_123' title='bbox 424 2039 513 2093; x_wconf 88' lang='lat'><strong><em>60.</em></strong></span> <span class='ocrx_word' id='word_1_124' title='bbox 555 2040 631 2095; x_wconf 88' lang='lat' dir='ltr'><strong><em>De</em></strong></span> <span class='ocrx_word' id='word_1_125' title='bbox 662 2040 917 2097; x_wconf 75' lang='lat' dir='ltr'><strong><em>talentis.</em></strong></span> 
     </span>
    </p>
   </div>
   <div class='ocr_carea' id='block_1_23' title="bbox 425 2127 1213 2186">
    <p class='ocr_par' dir='ltr' id='par_1_23' title="bbox 425 2127 1213 2186">
     <span class='ocr_line' id='line_1_23' title="bbox 425 2127 1213 2186; baseline 0.001 -4"><span class='ocrx_word' id='word_1_126' title='bbox 425 2128 517 2186; x_wconf 89' lang='grc'><strong><em>61.</em></strong></span> <span class='ocrx_word' id='word_1_127' title='bbox 564 2129 649 2185; x_wconf 89' lang='lat' dir='ltr'><strong><em>De</em></strong></span> <span class='ocrx_word' id='word_1_128' title='bbox 678 2128 933 2185; x_wconf 84' lang='lat' dir='ltr'><strong><em>adventu</em></strong></span> <span class='ocrx_word' id='word_1_129' title='bbox 975 2127 1213 2185; x_wconf 76' lang='lat' dir='ltr'><strong><em>Christi.</em></strong></span> 
     </span>
    </p>
   </div>
   <div class='ocr_carea' id='block_1_24' title="bbox 420 2376 2063 2436">
    <p class='ocr_par' dir='ltr' id='par_1_24' title="bbox 420 2376 2063 2436">
     <span class='ocr_line' id='line_1_24' title="bbox 420 2376 2063 2436; baseline 0 -3"><span class='ocrx_word' id='word_1_130' title='bbox 420 2378 879 2436; x_wconf 83' lang='lat' dir='ltr'><strong><em>EVANGELII</em></strong></span> <span class='ocrx_word' id='word_1_131' title='bbox 897 2377 1324 2434; x_wconf 79' lang='lat' dir='ltr'><strong><em>SECUNDUM</em></strong></span> <span class='ocrx_word' id='word_1_132' title='bbox 1338 2376 1451 2431; x_wconf 85' lang='grc' dir='ltr'><strong><em>ΜΑ</em></strong></span> <span class='ocrx_word' id='word_1_133' title='bbox 1469 2376 1813 2433; x_wconf 82' lang='lat' dir='ltr'><strong><em>TTH/EUM</em></strong></span> <span class='ocrx_word' id='word_1_134' title='bbox 1830 2377 2063 2433; x_wconf 79' lang='lat' dir='ltr'><strong><em>ENAR-</em></strong></span> 
     </span>
    </p>
   </div>
   <div class='ocr_carea' id='block_1_25' title="bbox 488 2466 2062 2539">
    <p class='ocr_par' dir='ltr' id='par_1_25' title="bbox 488 2466 2062 2539">
     <span class='ocr_line' id='line_1_25' title="bbox 488 2466 2062 2539; baseline 0 -16"><span class='ocrx_word' id='word_1_135' title='bbox 488 2468 729 2523; x_wconf 82' lang='lat' dir='ltr'><strong><em>RATIO</em></strong></span> <span class='ocrx_word' id='word_1_136' title='bbox 778 2468 1084 2539; x_wconf 79' lang='lat' dir='ltr'><strong><em>diligenter</em></strong></span> <span class='ocrx_word' id='word_1_137' title='bbox 1152 2468 1215 2521; x_wconf 90' lang='lat' dir='ltr'><strong><em>ab</em></strong></span> <span class='ocrx_word' id='word_1_138' title='bbox 1298 2466 1606 2536; x_wconf 85' lang='lat' dir='ltr'><strong><em>Euthymio</em></strong></span> <span class='ocrx_word' id='word_1_139' title='bbox 1664 2467 1894 2523; x_wconf 88' lang='lat' dir='ltr'><strong><em>collecta</em></strong></span> <span class='ocrx_word' id='word_1_140' title='bbox 1960 2483 2062 2538; x_wconf 82' lang='lat' dir='ltr'><strong><em>qui</em></strong></span> 
     </span>
    </p>
   </div>
   <div class='ocr_carea' id='block_1_26' title="bbox 488 2557 2063 2628">
    <p class='ocr_par' dir='ltr' id='par_1_26' title="bbox 488 2557 2063 2628">
     <span class='ocr_line' id='line_1_26' title="bbox 488 2557 2063 2628; baseline 0 -16"><span class='ocrx_word' id='word_1_141' title='bbox 488 2557 734 2613; x_wconf 70' lang='lat' dir='ltr'><strong><em>maxime</em></strong></span> <span class='ocrx_word' id='word_1_142' title='bbox 785 2558 1018 2628; x_wconf 84' lang='lat' dir='ltr'><strong><em>quidem</em></strong></span> <span class='ocrx_word' id='word_1_143' title='bbox 1069 2571 1138 2613; x_wconf 71' lang='lat' dir='ltr'><strong><em>ex</em></strong></span> <span class='ocrx_word' id='word_1_144' title='bbox 1190 2557 1677 2625; x_wconf 79' lang='lat' dir='ltr'><strong><em>interpretatione</em></strong></span> <span class='ocrx_word' id='word_1_145' title='bbox 1728 2557 1919 2612; x_wconf 83' lang='lat' dir='ltr'><strong><em>sancti</em></strong></span> <span class='ocrx_word' id='word_1_146' title='bbox 1957 2558 2063 2613; x_wconf 90' lang='lat' dir='ltr'><strong><em>Pa-</em></strong></span> 
     </span>
    </p>
   </div>
   <div class='ocr_carea' id='block_1_27' title="bbox 490 2644 2062 2715">
    <p class='ocr_par' dir='ltr' id='par_1_27' title="bbox 490 2644 2062 2715">
     <span class='ocr_line' id='line_1_27' title="bbox 490 2644 2062 2715; baseline 0 -13"><span class='ocrx_word' id='word_1_147' title='bbox 490 2647 595 2702; x_wconf 80' lang='lat' dir='ltr'><strong><em>tris</em></strong></span> <span class='ocrx_word' id='word_1_148' title='bbox 635 2646 826 2701; x_wconf 78' lang='lat' dir='ltr'><strong><em>nostri</em></strong></span> <span class='ocrx_word' id='word_1_149' title='bbox 874 2648 1121 2702; x_wconf 85' lang='lat' dir='ltr'><strong><em>Joannis</em></strong></span> <span class='ocrx_word' id='word_1_150' title='bbox 1163 2644 1575 2715; x_wconf 81' lang='lat' dir='ltr'><strong><em>Chrysostomi,</em></strong></span> <span class='ocrx_word' id='word_1_151' title='bbox 1627 2651 1913 2715; x_wconf 76' lang='lat' dir='ltr'><strong><em>prieterea</em></strong></span> <span class='ocrx_word' id='word_1_152' title='bbox 1952 2652 2005 2701; x_wconf 88' lang='lat' dir='ltr'><strong><em>et</em></strong></span> <span class='ocrx_word' id='word_1_153' title='bbox 2034 2661 2062 2702; x_wconf 91' lang='lat' dir='ltr'><strong><em>e</em></strong></span> 
     </span>
    </p>
   </div>
   <div class='ocr_carea' id='block_1_28' title="bbox 488 2733 2061 2804">
    <p class='ocr_par' dir='ltr' id='par_1_28' title="bbox 488 2733 2061 2804">
     <span class='ocr_line' id='line_1_28' title="bbox 488 2733 2061 2804; baseline -0.001 -13"><span class='ocrx_word' id='word_1_154' title='bbox 488 2734 734 2791; x_wconf 82' lang='lat' dir='ltr'><strong><em>diversis</em></strong></span> <span class='ocrx_word' id='word_1_155' title='bbox 764 2735 898 2797; x_wconf 86' lang='lat' dir='ltr'><strong><em>aliis</em></strong></span> <span class='ocrx_word' id='word_1_156' title='bbox 944 2734 1212 2789; x_wconf 84' lang='lat' dir='ltr'><strong><em>Patribus</em></strong></span> <span class='ocrx_word' id='word_1_157' title='bbox 1267 2733 1534 2804; x_wconf 65' lang='lat' dir='ltr'><strong><em>quaedam</em></strong></span> <span class='ocrx_word' id='word_1_158' title='bbox 1589 2734 1646 2788; x_wconf 89' lang='lat' dir='ltr'><strong><em>in</em></strong></span> <span class='ocrx_word' id='word_1_159' title='bbox 1692 2733 1933 2790; x_wconf 83' lang='lat' dir='ltr'><strong><em>medium</em></strong></span> <span class='ocrx_word' id='word_1_160' title='bbox 1974 2741 2061 2789; x_wconf 88' lang='lat' dir='ltr'><strong><em>at-</em></strong></span> 
     </span>
    </p>
   </div>
   <div class='ocr_carea' id='block_1_29' title="bbox 489 2824 2136 2895">
    <p class='ocr_par' dir='ltr' id='par_1_29' title="bbox 489 2824 2136 2895">
     <span class='ocr_line' id='line_1_29' title="bbox 489 2824 2136 2895; baseline 0 -15"><span class='ocrx_word' id='word_1_161' title='bbox 489 2826 644 2888; x_wconf 84' lang='lat' dir='ltr'><strong><em>tulit,</em></strong></span> <span class='ocrx_word' id='word_1_162' title='bbox 697 2830 748 2880; x_wconf 90' lang='lat' dir='ltr'><strong><em>et</em></strong></span> <span class='ocrx_word' id='word_1_163' title='bbox 790 2824 939 2881; x_wconf 85' lang='lat' dir='ltr'><strong><em>hanc</em></strong></span> <span class='ocrx_word' id='word_1_164' title='bbox 982 2824 1438 2893; x_wconf 76' lang='lat' dir='ltr'><strong><em>explanationem</em></strong></span> <span class='ocrx_word' id='word_1_165' title='bbox 1485 2824 1547 2878; x_wconf 91' lang='lat' dir='ltr'><strong><em>in</em></strong></span> <span class='ocrx_word' id='word_1_166' title='bbox 1581 2838 1763 2878; x_wconf 87' lang='lat' dir='ltr'><strong><em>unum</em></strong></span> <span class='ocrx_word' id='word_1_167' title='bbox 1794 2824 2052 2895; x_wconf 88' lang='lat' dir='ltr'><strong><em>collegit.</em></strong></span> <span class='ocrx_word' id='word_1_168' title='bbox 2096 2831 2136 2887; x_wconf 89' lang='lat' dir='ltr'>C</span> 
     </span>
    </p>
   </div>
   <div class='ocr_carea' id='block_1_30' title="bbox 485 2913 682 2969">
    <p class='ocr_par' dir='ltr' id='par_1_30' title="bbox 485 2913 682 2969">
     <span class='ocr_line' id='line_1_30' title="bbox 485 2913 682 2969; baseline -0.005 0"><span class='ocrx_word' id='word_1_169' title='bbox 485 2913 682 2969; x_wconf 87' lang='lat' dir='ltr'><strong><em>Amen.</em></strong></span> 
     </span>
    </p>
   </div>
   <div class='ocr_carea' id='block_1_31' title="bbox 486 3000 2059 3073">
    <p class='ocr_par' dir='ltr' id='par_1_31' title="bbox 486 3000 2059 3073">
     <span class='ocr_line' id='line_1_31' title="bbox 486 3000 2059 3073; baseline 0.001 -16"><span class='ocrx_word' id='word_1_170' title='bbox 486 3002 752 3058; x_wconf 88' lang='lat' dir='ltr'><strong><em>Primum</em></strong></span> <span class='ocrx_word' id='word_1_171' title='bbox 781 3000 1027 3073; x_wconf 86' lang='lat' dir='ltr'><strong><em>quidem</em></strong></span> <span class='ocrx_word' id='word_1_172' title='bbox 1058 3016 1150 3057; x_wconf 88' lang='lat' dir='ltr'><strong><em>res</em></strong></span> <span class='ocrx_word' id='word_1_173' title='bbox 1180 3000 1385 3057; x_wconf 85' lang='lat' dir='ltr'><strong><em>fuisset</em></strong></span> <span class='ocrx_word' id='word_1_174' title='bbox 1426 3000 1685 3056; x_wconf 81' lang='lat' dir='ltr'><strong><em>maxime</em></strong></span> <span class='ocrx_word' id='word_1_175' title='bbox 1716 3001 2059 3067; x_wconf 89' lang='lat' dir='ltr'><strong><em>commoda,</em></strong></span> 
     </span>
    </p>
   </div>
   <div class='ocr_carea' id='block_1_32' title="bbox 416 3089 2061 3161">
    <p class='ocr_par' dir='ltr' id='par_1_32' title="bbox 416 3089 2061 3161">
     <span class='ocr_line' id='line_1_32' title="bbox 416 3089 2061 3161; baseline 0.001 -16"><span class='ocrx_word' id='word_1_176' title='bbox 416 3089 462 3145; x_wconf 88' lang='lat' dir='ltr'><strong><em>si</em></strong></span> <span class='ocrx_word' id='word_1_177' title='bbox 494 3090 820 3146; x_wconf 87' lang='lat' dir='ltr'><strong><em>litterarum</em></strong></span> <span class='ocrx_word' id='word_1_178' title='bbox 850 3089 1023 3146; x_wconf 90' lang='lat' dir='ltr'><strong><em>nobis</em></strong></span> <span class='ocrx_word' id='word_1_179' title='bbox 1053 3106 1173 3145; x_wconf 91' lang='lat' dir='ltr'><strong><em>non</em></strong></span> <span class='ocrx_word' id='word_1_180' title='bbox 1206 3094 1360 3145; x_wconf 86' lang='lat' dir='ltr'><strong><em>esset</em></strong></span> <span class='ocrx_word' id='word_1_181' title='bbox 1387 3104 1539 3161; x_wconf 92' lang='lat' dir='ltr'><strong><em>opus</em></strong></span> <span class='ocrx_word' id='word_1_182' title='bbox 1570 3089 1806 3152; x_wconf 78' lang='lat' dir='ltr'><strong><em>auxilio,</em></strong></span> <span class='ocrx_word' id='word_1_183' title='bbox 1844 3090 1948 3145; x_wconf 91' lang='lat' dir='ltr'><strong><em>sed</em></strong></span> <span class='ocrx_word' id='word_1_184' title='bbox 1981 3096 2061 3147; x_wconf 91' lang='lat' dir='ltr'><strong><em>ta-</em></strong></span> 
     </span>
    </p>
   </div>
   <div class='ocr_carea' id='block_1_33' title="bbox 412 3178 2061 3243">
    <p class='ocr_par' dir='ltr' id='par_1_33' title="bbox 412 3178 2061 3243">
     <span class='ocr_line' id='line_1_33' title="bbox 412 3178 2061 3243; baseline 0.001 -8"><span class='ocrx_word' id='word_1_185' title='bbox 412 3178 531 3235; x_wconf 86' lang='lat' dir='ltr'><strong><em>lem</em></strong></span> <span class='ocrx_word' id='word_1_186' title='bbox 562 3179 887 3235; x_wconf 85' lang='lat' dir='ltr'><strong><em>viveremus</em></strong></span> <span class='ocrx_word' id='word_1_187' title='bbox 916 3180 1123 3243; x_wconf 88' lang='lat' dir='ltr'><strong><em>vitam,</em></strong></span> <span class='ocrx_word' id='word_1_188' title='bbox 1171 3182 1235 3235; x_wconf 92' lang='lat' dir='ltr'><strong><em>ut</em></strong></span> <span class='ocrx_word' id='word_1_189' title='bbox 1265 3180 1442 3234; x_wconf 85' lang='lat' dir='ltr'><strong><em>corda</em></strong></span> <span class='ocrx_word' id='word_1_190' title='bbox 1474 3182 1679 3234; x_wconf 87' lang='lat' dir='ltr'><strong><em>nostra</em></strong></span> <span class='ocrx_word' id='word_1_191' title='bbox 1711 3179 1834 3234; x_wconf 88' lang='lat' dir='ltr'><strong><em>vice</em></strong></span> <span class='ocrx_word' id='word_1_192' title='bbox 1885 3179 2061 3237; x_wconf 90' lang='lat' dir='ltr'><strong><em>libro-</em></strong></span> 
     </span>
    </p>
   </div>
   <div class='ocr_carea' id='block_1_34' title="bbox 412 3266 2055 3339">
    <p class='ocr_par' dir='ltr' id='par_1_34' title="bbox 412 3266 2055 3339">
     <span class='ocr_line' id='line_1_34' title="bbox 412 3266 2055 3339; baseline -0.001 -14"><span class='ocrx_word' id='word_1_193' title='bbox 412 3284 547 3325; x_wconf 89' lang='lat' dir='ltr'><strong><em>rum</em></strong></span> <span class='ocrx_word' id='word_1_194' title='bbox 574 3267 742 3323; x_wconf 91' lang='lat' dir='ltr'><strong><em>nobis</em></strong></span> <span class='ocrx_word' id='word_1_195' title='bbox 767 3275 986 3337; x_wconf 83' lang='lat' dir='ltr'><strong><em>essent,</em></strong></span> <span class='ocrx_word' id='word_1_196' title='bbox 1007 3274 1064 3323; x_wconf 91' lang='lat' dir='ltr'><strong><em>et</em></strong></span> <span class='ocrx_word' id='word_1_197' title='bbox 1082 3266 1589 3339; x_wconf 83' lang='lat' dir='ltr'><strong><em>quemadmodum</em></strong></span> <span class='ocrx_word' id='word_1_198' title='bbox 1617 3266 1677 3322; x_wconf 89' lang='lat' dir='ltr'><strong><em>hi</em></strong></span> <span class='ocrx_word' id='word_1_199' title='bbox 1704 3273 2055 3335; x_wconf 87' lang='lat' dir='ltr'><strong><em>atramento,</em></strong></span> 
     </span>
    </p>
   </div>
   <div class='ocr_carea' id='block_1_35' title="bbox 416 3356 2059 3429">
    <p class='ocr_par' dir='ltr' id='par_1_35' title="bbox 416 3356 2059 3429">
     <span class='ocr_line' id='line_1_35' title="bbox 416 3356 2059 3429; baseline 0 -17"><span class='ocrx_word' id='word_1_200' title='bbox 416 3357 496 3413; x_wconf 88' lang='lat' dir='ltr'><strong><em>ita</em></strong></span> <span class='ocrx_word' id='word_1_201' title='bbox 514 3356 612 3413; x_wconf 88' lang='lat' dir='ltr'><strong><em>illa</em></strong></span> <span class='ocrx_word' id='word_1_202' title='bbox 636 3357 851 3429; x_wconf 84' lang='lat' dir='ltr'><strong><em>Spiritu</em></strong></span> <span class='ocrx_word' id='word_1_203' title='bbox 867 3356 1353 3413; x_wconf 86' lang='lat' dir='ltr'><strong><em>inscriberentur.</em></strong></span> <span class='ocrx_word' id='word_1_204' title='bbox 1380 3356 1595 3411; x_wconf 88' lang='lat' dir='ltr'><strong><em>Verum</em></strong></span> <span class='ocrx_word' id='word_1_205' title='bbox 1612 3357 1880 3427; x_wconf 87' lang='lat' dir='ltr'><strong><em>quiajam</em></strong></span> <span class='ocrx_word' id='word_1_206' title='bbox 1904 3358 2059 3412; x_wconf 90' lang='lat' dir='ltr'><strong><em>hanc</em></strong></span> 
     </span>
    </p>
   </div>
   <div class='ocr_carea' id='block_1_36' title="bbox 412 3444 2061 3518">
    <p class='ocr_par' dir='ltr' id='par_1_36' title="bbox 412 3444 2061 3518">
     <span class='ocr_line' id='line_1_36' title="bbox 412 3444 2061 3518; baseline -0.001 -16"><span class='ocrx_word' id='word_1_207' title='bbox 412 3447 740 3518; x_wconf 84' lang='lat' dir='ltr'><strong><em>repulimus</em></strong></span> <span class='ocrx_word' id='word_1_208' title='bbox 771 3448 1042 3515; x_wconf 81' lang='lat' dir='ltr'><strong><em>gratiam,</em></strong></span> <span class='ocrx_word' id='word_1_209' title='bbox 1077 3445 1307 3500; x_wconf 84' lang='lat' dir='ltr'><strong><em>utinam</em></strong></span> <span class='ocrx_word' id='word_1_210' title='bbox 1335 3444 1426 3499; x_wconf 86' lang='lat' dir='ltr'><strong><em>vel</em></strong></span> <span class='ocrx_word' id='word_1_211' title='bbox 1452 3445 1780 3499; x_wconf 81' lang='lat' dir='ltr'><strong><em>secundum</em></strong></span> <span class='ocrx_word' id='word_1_212' title='bbox 1805 3446 2061 3517; x_wconf 81' lang='lat' dir='ltr'><strong><em>amplexi</em></strong></span> 
     </span>
    </p>
   </div>
   <div class='ocr_carea' id='block_1_37' title="bbox 414 3532 2061 3605">
    <p class='ocr_par' dir='ltr' id='par_1_37' title="bbox 414 3532 2061 3605">
     <span class='ocr_line' id='line_1_37' title="bbox 414 3532 2061 3605; baseline 0.001 -17"><span class='ocrx_word' id='word_1_213' title='bbox 414 3534 732 3589; x_wconf 78' lang='lat' dir='ltr'><strong><em>fuissemus</em></strong></span> <span class='ocrx_word' id='word_1_214' title='bbox 764 3534 1113 3597; x_wconf 85' lang='lat' dir='ltr'><strong><em>remedium,</em></strong></span> <span class='ocrx_word' id='word_1_215' title='bbox 1166 3538 1221 3587; x_wconf 88' lang='lat' dir='ltr'><strong><em>et</em></strong></span> <span class='ocrx_word' id='word_1_216' title='bbox 1264 3533 1465 3586; x_wconf 83' lang='lat' dir='ltr'><strong><em>litteris</em></strong></span> <span class='ocrx_word' id='word_1_217' title='bbox 1497 3533 1575 3586; x_wconf 89' lang='lat' dir='ltr'><strong><em>ad</em></strong></span> <span class='ocrx_word' id='word_1_218' title='bbox 1607 3532 1665 3586; x_wconf 87' lang='lat' dir='ltr'><strong><em>id</em></strong></span> <span class='ocrx_word' id='word_1_219' title='bbox 1713 3534 1876 3603; x_wconf 92' lang='lat' dir='ltr'><strong><em>quod</em></strong></span> <span class='ocrx_word' id='word_1_220' title='bbox 1908 3549 2061 3605; x_wconf 89' lang='lat' dir='ltr'><strong><em>opus</em></strong></span> 
     </span>
    </p>
   </div>
   <div class='ocr_carea' id='block_1_38' title="bbox 413 3620 2059 3691">
    <p class='ocr_par' dir='ltr' id='par_1_38' title="bbox 413 3620 2059 3691">
     <span class='ocr_line' id='line_1_38' title="bbox 413 3620 2059 3691; baseline 0.001 -15"><span class='ocrx_word' id='word_1_221' title='bbox 413 3626 556 3690; x_wconf 83' lang='lat' dir='ltr'><strong><em>erat,</em></strong></span> <span class='ocrx_word' id='word_1_222' title='bbox 615 3621 703 3674; x_wconf 92' lang='lat' dir='ltr'><strong><em>usi</em></strong></span> <span class='ocrx_word' id='word_1_223' title='bbox 753 3620 1092 3675; x_wconf 84' lang='lat' dir='ltr'><strong><em>fuissemus.</em></strong></span> <span class='ocrx_word' id='word_1_224' title='bbox 1138 3621 1234 3675; x_wconf 90' lang='lat' dir='ltr'><strong><em>llis</em></strong></span> <span class='ocrx_word' id='word_1_225' title='bbox 1265 3635 1548 3691; x_wconf 83' lang='lat' dir='ltr'><strong><em>namque,</em></strong></span> <span class='ocrx_word' id='word_1_226' title='bbox 1599 3621 1699 3691; x_wconf 91' lang='lat' dir='ltr'><strong><em>qui</em></strong></span> <span class='ocrx_word' id='word_1_227' title='bbox 1732 3620 1838 3675; x_wconf 89' lang='lat' dir='ltr'><strong><em>sub</em></strong></span> <span class='ocrx_word' id='word_1_228' title='bbox 1870 3623 2059 3677; x_wconf 88' lang='lat' dir='ltr'><strong><em>Veteri</em></strong></span> 
     </span>
    </p>
   </div>
   <div class='ocr_carea' id='block_1_39' title="bbox 412 3708 2059 3782">
    <p class='ocr_par' dir='ltr' id='par_1_39' title="bbox 412 3708 2059 3782">
     <span class='ocr_line' id='line_1_39' title="bbox 412 3708 2059 3782; baseline 0.002 -19"><span class='ocrx_word' id='word_1_229' title='bbox 412 3708 576 3763; x_wconf 81' lang='lat' dir='ltr'><strong><em>fuere</em></strong></span> <span class='ocrx_word' id='word_1_230' title='bbox 606 3711 999 3772; x_wconf 88' lang='lat' dir='ltr'><strong><em>Testamento,</em></strong></span> <span class='ocrx_word' id='word_1_231' title='bbox 1047 3715 1190 3779; x_wconf 88' lang='lat' dir='ltr'><strong><em>puta</em></strong></span> <span class='ocrx_word' id='word_1_232' title='bbox 1243 3711 1384 3777; x_wconf 89' lang='lat' dir='ltr'><strong><em>Noe,</em></strong></span> <span class='ocrx_word' id='word_1_233' title='bbox 1435 3708 1759 3773; x_wconf 84' lang='lat' dir='ltr'><strong><em>Abraham,</em></strong></span> <span class='ocrx_word' id='word_1_234' title='bbox 1810 3710 2059 3782; x_wconf 89' lang='lat' dir='ltr'><strong><em>ejusque</em></strong></span> 
     </span>
    </p>
   </div>
   <div class='ocr_carea' id='block_1_40' title="bbox 412 3796 2055 3869">
    <p class='ocr_par' dir='ltr' id='par_1_40' title="bbox 412 3796 2055 3869">
     <span class='ocr_line' id='line_1_40' title="bbox 412 3796 2055 3869; baseline 0.002 -17"><span class='ocrx_word' id='word_1_235' title='bbox 412 3796 681 3868; x_wconf 87' lang='lat' dir='ltr'><strong><em>posteris,</em></strong></span> <span class='ocrx_word' id='word_1_236' title='bbox 719 3796 831 3867; x_wconf 89' lang='lat' dir='ltr'><strong><em>ipsi</em></strong></span> <span class='ocrx_word' id='word_1_237' title='bbox 861 3801 1145 3867; x_wconf 77' lang='lat' dir='ltr'><strong><em>praeterea</em></strong></span> <span class='ocrx_word' id='word_1_238' title='bbox 1181 3796 1294 3851; x_wconf 88' lang='lat' dir='ltr'><strong><em>Job</em></strong></span> <span class='ocrx_word' id='word_1_239' title='bbox 1331 3813 1400 3851; x_wconf 90' lang='lat' dir='ltr'><strong><em>ac</em></strong></span> <span class='ocrx_word' id='word_1_240' title='bbox 1430 3797 1591 3861; x_wconf 83' lang='lat' dir='ltr'><strong><em>Mosi,</em></strong></span> <span class='ocrx_word' id='word_1_241' title='bbox 1632 3812 1751 3852; x_wconf 92' lang='lat' dir='ltr'><strong><em>non</em></strong></span> <span class='ocrx_word' id='word_1_242' title='bbox 1779 3814 1879 3869; x_wconf 89' lang='lat' dir='ltr'><strong><em>per</em></strong></span> <span class='ocrx_word' id='word_1_243' title='bbox 1909 3799 2055 3855; x_wconf 86' lang='lat' dir='ltr'><strong><em>litte-</em></strong></span> 
     </span>
    </p>
   </div>
   <div class='ocr_carea' id='block_1_41' title="bbox 412 3883 2057 3963">
    <p class='ocr_par' dir='ltr' id='par_1_41' title="bbox 412 3883 2057 3963">
     <span class='ocr_line' id='line_1_41' title="bbox 412 3883 2057 3963; baseline 0.003 -23"><span class='ocrx_word' id='word_1_244' title='bbox 412 3900 530 3949; x_wconf 89' lang='lat' dir='ltr'><strong><em>ras,</em></strong></span> <span class='ocrx_word' id='word_1_245' title='bbox 566 3883 681 3963; x_wconf 84' lang='lat' dir='ltr'><strong><em>_sed</em></strong></span> <span class='ocrx_word' id='word_1_246' title='bbox 713 3900 817 3955; x_wconf 89' lang='lat' dir='ltr'><strong><em>per</em></strong></span> <span class='ocrx_word' id='word_1_247' title='bbox 870 3884 1130 3956; x_wconf 88' lang='lat' dir='ltr'><strong><em>seipsum</em></strong></span> <span class='ocrx_word' id='word_1_248' title='bbox 1184 3884 1414 3941; x_wconf 89' lang='lat' dir='ltr'><strong><em>locutus</em></strong></span> <span class='ocrx_word' id='word_1_249' title='bbox 1466 3891 1555 3941; x_wconf 88' lang='lat' dir='ltr'><strong><em>est</em></strong></span> <span class='ocrx_word' id='word_1_250' title='bbox 1609 3887 1798 3945; x_wconf 90' lang='lat' dir='ltr'><strong><em>Deus:</em></strong></span> <span class='ocrx_word' id='word_1_251' title='bbox 1844 3904 2057 3959; x_wconf 89' lang='lat' dir='ltr'><strong><em>nempe</em></strong></span> 
     </span>
    </p>
   </div>
   <div class='ocr_carea' id='block_1_42' title="bbox 412 3974 2055 4048">
    <p class='ocr_par' dir='ltr' id='par_1_42' title="bbox 412 3974 2055 4048">
     <span class='ocr_line' id='line_1_42' title="bbox 412 3974 2055 4048; baseline 0.003 -20"><span class='ocrx_word' id='word_1_252' title='bbox 412 3974 512 4044; x_wconf 90' lang='lat' dir='ltr'><strong><em>qui</em></strong></span> <span class='ocrx_word' id='word_1_253' title='bbox 535 3977 761 4028; x_wconf 89' lang='lat' dir='ltr'><strong><em>mentes</em></strong></span> <span class='ocrx_word' id='word_1_254' title='bbox 784 3988 989 4028; x_wconf 90' lang='lat' dir='ltr'><strong><em>eorum</em></strong></span> <span class='ocrx_word' id='word_1_255' title='bbox 1021 3989 1203 4045; x_wconf 87' lang='lat' dir='ltr'><strong><em>puras</em></strong></span> <span class='ocrx_word' id='word_1_256' title='bbox 1235 3974 1471 4045; x_wconf 87' lang='lat' dir='ltr'><strong><em>reperit.</em></strong></span> <span class='ocrx_word' id='word_1_257' title='bbox 1506 3978 1823 4048; x_wconf 80' lang='lat' dir='ltr'><strong><em>Postquam</em></strong></span> <span class='ocrx_word' id='word_1_258' title='bbox 1856 3982 2055 4033; x_wconf 90' lang='lat' dir='ltr'><strong><em>autem</em></strong></span> 
     </span>
    </p>
   </div>
   <div class='ocr_carea' id='block_1_43' title="bbox 409 4061 2055 4132">
    <p class='ocr_par' dir='ltr' id='par_1_43' title="bbox 409 4061 2055 4132">
     <span class='ocr_line' id='line_1_43' title="bbox 409 4061 2055 4132; baseline 0.003 -15"><span class='ocrx_word' id='word_1_259' title='bbox 409 4061 471 4117; x_wconf 92' lang='lat' dir='ltr'><strong><em>in</em></strong></span> <span class='ocrx_word' id='word_1_260' title='bbox 523 4062 725 4132; x_wconf 91' lang='lat' dir='ltr'><strong><em>ipsum</em></strong></span> <span class='ocrx_word' id='word_1_261' title='bbox 776 4061 1049 4117; x_wconf 89' lang='lat' dir='ltr'><strong><em>vitiorum</em></strong></span> <span class='ocrx_word' id='word_1_262' title='bbox 1100 4062 1446 4117; x_wconf 82' lang='lat' dir='ltr'><strong><em>barathrum</em></strong></span> <span class='ocrx_word' id='word_1_263' title='bbox 1492 4064 1701 4119; x_wconf 88' lang='lat' dir='ltr'><strong><em>cecidit</em></strong></span> <span class='ocrx_word' id='word_1_264' title='bbox 1740 4064 2055 4122; x_wconf 87' lang='lat' dir='ltr'><strong><em>universus</em></strong></span> 
     </span>
    </p>
   </div>
   <div class='ocr_carea' id='block_1_44' title="bbox 410 4149 2511 4242">
    <p class='ocr_par' dir='ltr' id='par_1_44' title="bbox 410 4149 2511 4242">
     <span class='ocr_line' id='line_1_44' title="bbox 410 4149 2511 4242; baseline 0.008 -40"><span class='ocrx_word' id='word_1_265' title='bbox 410 4149 794 4242; x_wconf 72' lang='lat' dir='ltr'><strong><em>Hebraeorum</em></strong></span> <span class='ocrx_word' id='word_1_266' title='bbox 840 4152 1117 4235; x_wconf 84' lang='lat' dir='ltr'><strong><em>populus,</em></strong></span> <span class='ocrx_word' id='word_1_267' title='bbox 1154 4156 1285 4242; x_wconf 83' lang='lat' dir='ltr'><strong><em>tum</em></strong></span> <span class='ocrx_word' id='word_1_268' title='bbox 1325 4152 1409 4206; x_wconf 91' lang='lat' dir='ltr'><strong><em>eis</em></strong></span> <span class='ocrx_word' id='word_1_269' title='bbox 1456 4152 1673 4208; x_wconf 72' lang='lat' dir='ltr'><strong><em>tabulae</em></strong></span> <span class='ocrx_word' id='word_1_270' title='bbox 1726 4170 1795 4209; x_wconf 92' lang='lat' dir='ltr'><strong><em>ac</em></strong></span> <span class='ocrx_word' id='word_1_271' title='bbox 1852 4154 2054 4211; x_wconf 68' lang='lat' dir='ltr'><strong><em>litterae</em></strong></span> <span class='ocrx_word' id='word_1_272' title='bbox 2089 4169 2133 4222; x_wconf 85' lang='lat'><strong><em>1)</em></strong></span> <span class='ocrx_word' id='word_1_273' title='bbox 2165 4190 2253 4237; x_wconf 60' lang='grc' dir='ltr'><strong><em>καὶ</em></strong></span> <span class='ocrx_word' id='word_1_274' title='bbox 2328 4149 2391 4242; x_wconf 47' lang='lat' dir='ltr'><strong><em>ﬁ&quot;</em></strong></span> 
     </span>
    </p>
   </div>
   <div class='ocr_carea' id='block_1_45' title="bbox 411 4240 2057 4313">
    <p class='ocr_par' dir='ltr' id='par_1_45' title="bbox 411 4240 2057 4313">
     <span class='ocr_line' id='line_1_45' title="bbox 411 4240 2057 4313; baseline 0.004 -19"><span class='ocrx_word' id='word_1_275' title='bbox 411 4240 649 4312; x_wconf 75' lang='lat' dir='ltr'><strong><em>reliqum</em></strong></span> <span class='ocrx_word' id='word_1_276' title='bbox 672 4240 926 4305; x_wconf 86' lang='lat' dir='ltr'><strong><em>fuerunt,</em></strong></span> <span class='ocrx_word' id='word_1_277' title='bbox 952 4247 1011 4295; x_wconf 90' lang='lat' dir='ltr'><strong><em>ut</em></strong></span> <span class='ocrx_word' id='word_1_278' title='bbox 1034 4257 1137 4313; x_wconf 89' lang='lat' dir='ltr'><strong><em>per</em></strong></span> <span class='ocrx_word' id='word_1_279' title='bbox 1150 4241 1257 4296; x_wconf 87' lang='lat' dir='ltr'><strong><em>has</em></strong></span> <span class='ocrx_word' id='word_1_280' title='bbox 1275 4242 1699 4313; x_wconf 67' lang='lat' dir='ltr'><strong><em>praeteritorum</em></strong></span> <span class='ocrx_word' id='word_1_281' title='bbox 1724 4251 2057 4300; x_wconf 86' lang='lat' dir='ltr'><strong><em>occurreret</em></strong></span> 
     </span>
    </p>
   </div>
   <div class='ocr_carea' id='block_1_46' title="bbox 409 4330 2054 4403">
    <p class='ocr_par' dir='ltr' id='par_1_46' title="bbox 409 4330 2054 4403">
     <span class='ocr_line' id='line_1_46' title="bbox 409 4330 2054 4403; baseline 0.001 -17"><span class='ocrx_word' id='word_1_282' title='bbox 409 4330 720 4386; x_wconf 88' lang='lat' dir='ltr'><strong><em>memoria.</em></strong></span> <span class='ocrx_word' id='word_1_283' title='bbox 755 4330 1031 4385; x_wconf 89' lang='lat' dir='ltr'><strong><em>Similiter</em></strong></span> <span class='ocrx_word' id='word_1_284' title='bbox 1047 4336 1315 4385; x_wconf 83' lang='lat' dir='ltr'><strong><em>autemet</em></strong></span> <span class='ocrx_word' id='word_1_285' title='bbox 1335 4330 1425 4385; x_wconf 89' lang='lat' dir='ltr'><strong><em>his</em></strong></span> <span class='ocrx_word' id='word_1_286' title='bbox 1447 4330 1547 4403; x_wconf 87' lang='lat' dir='ltr'><strong><em>qui</em></strong></span> <span class='ocrx_word' id='word_1_287' title='bbox 1574 4334 1685 4387; x_wconf 88' lang='lat' dir='ltr'><strong><em>sub</em></strong></span> <span class='ocrx_word' id='word_1_288' title='bbox 1709 4335 1869 4388; x_wconf 81' lang='lat' dir='ltr'><strong><em>Novo</em></strong></span> <span class='ocrx_word' id='word_1_289' title='bbox 1892 4333 2054 4389; x_wconf 83' lang='lat' dir='ltr'><strong><em>fuere</em></strong></span> 
     </span>
    </p>
   </div>
   <div class='ocr_carea' id='block_1_47' title="bbox 406 4418 2049 4491">
    <p class='ocr_par' dir='ltr' id='par_1_47' title="bbox 406 4418 2049 4491">
     <span class='ocr_line' id='line_1_47' title="bbox 406 4418 2049 4491; baseline 0.001 -17"><span class='ocrx_word' id='word_1_290' title='bbox 406 4420 800 4485; x_wconf 84' lang='lat' dir='ltr'><strong><em>Testamento,</em></strong></span> <span class='ocrx_word' id='word_1_291' title='bbox 828 4418 1085 4491; x_wconf 88' lang='lat' dir='ltr'><strong><em>quisque</em></strong></span> <span class='ocrx_word' id='word_1_292' title='bbox 1108 4418 1305 4473; x_wconf 88' lang='lat' dir='ltr'><strong><em>videre</em></strong></span> <span class='ocrx_word' id='word_1_293' title='bbox 1326 4420 1539 4490; x_wconf 86' lang='lat' dir='ltr'><strong><em>poterit</em></strong></span> <span class='ocrx_word' id='word_1_294' title='bbox 1562 4420 1715 4475; x_wconf 90' lang='lat' dir='ltr'><strong><em>idem</em></strong></span> <span class='ocrx_word' id='word_1_295' title='bbox 1742 4421 2049 4477; x_wconf 85' lang='lat' dir='ltr'><strong><em>accidisse.</em></strong></span> 
     </span>
    </p>
   </div>
   <div class='ocr_carea' id='block_1_48' title="bbox 408 4507 2053 4581">
    <p class='ocr_par' dir='ltr' id='par_1_48' title="bbox 408 4507 2053 4581">
     <span class='ocr_line' id='line_1_48' title="bbox 408 4507 2053 4581; baseline 0.002 -20"><span class='ocrx_word' id='word_1_296' title='bbox 408 4510 602 4578; x_wconf 83' lang='lat' dir='ltr'><strong><em>Neque</em></strong></span> <span class='ocrx_word' id='word_1_297' title='bbox 626 4507 782 4562; x_wconf 89' lang='lat' dir='ltr'><strong><em>enim</em></strong></span> <span class='ocrx_word' id='word_1_298' title='bbox 810 4508 1093 4578; x_wconf 86' lang='lat' dir='ltr'><strong><em>apostolis</em></strong></span> <span class='ocrx_word' id='word_1_299' title='bbox 1122 4507 1360 4563; x_wconf 86' lang='lat' dir='ltr'><strong><em>tradidit</em></strong></span> <span class='ocrx_word' id='word_1_300' title='bbox 1380 4508 1530 4563; x_wconf 90' lang='lat' dir='ltr'><strong><em>Deus</em></strong></span> <span class='ocrx_word' id='word_1_301' title='bbox 1551 4508 1885 4581; x_wconf 87' lang='lat' dir='ltr'><strong><em>quidquam</em></strong></span> <span class='ocrx_word' id='word_1_302' title='bbox 1916 4510 2053 4565; x_wconf 85' lang='lat' dir='ltr'><strong><em>scri-</em></strong></span> 
     </span>
    </p>
   </div>
   <div class='ocr_carea' id='block_1_49' title="bbox 407 4596 2049 4669">
    <p class='ocr_par' dir='ltr' id='par_1_49' title="bbox 407 4596 2049 4669">
     <span class='ocr_line' id='line_1_49' title="bbox 407 4596 2049 4669; baseline 0.002 -19"><span class='ocrx_word' id='word_1_303' title='bbox 407 4599 600 4665; x_wconf 86' lang='lat' dir='ltr'><strong><em>ptum,</em></strong></span> <span class='ocrx_word' id='word_1_304' title='bbox 652 4596 756 4650; x_wconf 90' lang='lat' dir='ltr'><strong><em>sed</em></strong></span> <span class='ocrx_word' id='word_1_305' title='bbox 807 4597 1132 4651; x_wconf 85' lang='lat' dir='ltr'><strong><em>litterarum</em></strong></span> <span class='ocrx_word' id='word_1_306' title='bbox 1185 4596 1332 4659; x_wconf 92' lang='lat' dir='ltr'><strong><em>loco,</em></strong></span> <span class='ocrx_word' id='word_1_307' title='bbox 1388 4597 1635 4669; x_wconf 85' lang='lat' dir='ltr'><strong><em>Spiritus</em></strong></span> <span class='ocrx_word' id='word_1_308' title='bbox 1695 4600 1883 4654; x_wconf 86' lang='lat' dir='ltr'><strong><em>sancti</em></strong></span> <span class='ocrx_word' id='word_1_309' title='bbox 1924 4614 2049 4668; x_wconf 83' lang='lat' dir='ltr'><strong><em>gra-</em></strong></span> 
     </span>
    </p>
   </div>
   <div class='ocr_carea' id='block_1_50' title="bbox 405 4682 2048 4759">
    <p class='ocr_par' dir='ltr' id='par_1_50' title="bbox 405 4682 2048 4759">
     <span class='ocr_line' id='line_1_50' title="bbox 405 4682 2048 4759; baseline 0.002 -21"><span class='ocrx_word' id='word_1_310' title='bbox 405 4682 546 4738; x_wconf 89' lang='lat' dir='ltr'><strong><em>tiam</em></strong></span> <span class='ocrx_word' id='word_1_311' title='bbox 580 4699 640 4739; x_wconf 90' lang='lat' dir='ltr'><strong><em>se</em></strong></span> <span class='ocrx_word' id='word_1_312' title='bbox 672 4685 754 4738; x_wconf 89' lang='lat' dir='ltr'><strong><em>eis</em></strong></span> <span class='ocrx_word' id='word_1_313' title='bbox 784 4684 1059 4739; x_wconf 87' lang='lat' dir='ltr'><strong><em>daturum</em></strong></span> <span class='ocrx_word' id='word_1_314' title='bbox 1092 4686 1460 4755; x_wconf 86' lang='lat' dir='ltr'><strong><em>repromisit:</em></strong></span> <span class='ocrx_word' id='word_1_315' title='bbox 1498 4688 1625 4756; x_wconf 81' lang='lat' dir='ltr'><strong><em>Ille,</em></strong></span> <span class='ocrx_word' id='word_1_316' title='bbox 1661 4686 1848 4759; x_wconf 88' lang='lat' dir='ltr'><strong><em>inquit</em></strong></span> <span class='ocrx_word' id='word_1_317' title='bbox 1879 4688 2048 4743; x_wconf 87' lang='lat' dir='ltr'><strong><em>vobis</em></strong></span> 
     </span>
    </p>
   </div>
   <div class='ocr_carea' id='block_1_51' title="bbox 403 4774 2047 4845">
    <p class='ocr_par' dir='ltr' id='par_1_51' title="bbox 403 4774 2047 4845">
     <span class='ocr_line' id='line_1_51' title="bbox 403 4774 2047 4845; baseline 0.004 -19"><span class='ocrx_word' id='word_1_318' title='bbox 403 4779 665 4843; x_wconf 80' lang='lat' dir='ltr'><strong><em>suggeret</em></strong></span> <span class='ocrx_word' id='word_1_319' title='bbox 697 4774 895 4827; x_wconf 87' lang='lat' dir='ltr'><strong><em>omnia</em></strong></span> <span class='ocrx_word' id='word_1_320' title='bbox 933 4774 1125 4843; x_wconf 86' lang='lat' dir='ltr'><strong><em>(Joan.</em></strong></span> <span class='ocrx_word' id='word_1_321' title='bbox 1163 4790 1275 4839; x_wconf 77' lang='lat' dir='ltr'><strong><em>xw,</em></strong></span> <span class='ocrx_word' id='word_1_322' title='bbox 1326 4774 1443 4845; x_wconf 80' lang='lat'><strong><em>26).</em></strong></span> <span class='ocrx_word' id='word_1_323' title='bbox 1505 4777 1571 4830; x_wconf 88' lang='lat' dir='ltr'><strong><em>Ut</em></strong></span> <span class='ocrx_word' id='word_1_324' title='bbox 1608 4781 1806 4830; x_wconf 88' lang='lat' dir='ltr'><strong><em>autem</em></strong></span> <span class='ocrx_word' id='word_1_325' title='bbox 1852 4776 2047 4832; x_wconf 88' lang='lat' dir='ltr'><strong><em>discas</em></strong></span> 
     </span>
    </p>
   </div>
   <div class='ocr_carea' id='block_1_52' title="bbox 399 4859 2046 4935">
    <p class='ocr_par' dir='ltr' id='par_1_52' title="bbox 399 4859 2046 4935">
     <span class='ocr_line' id='line_1_52' title="bbox 399 4859 2046 4935; baseline 0.003 -19"><span class='ocrx_word' id='word_1_326' title='bbox 399 4859 576 4931; x_wconf 82' lang='lat' dir='ltr'><strong><em>longe</em></strong></span> <span class='ocrx_word' id='word_1_327' title='bbox 607 4862 665 4915; x_wconf 83' lang='lat' dir='ltr'><strong><em>id</em></strong></span> <span class='ocrx_word' id='word_1_328' title='bbox 699 4860 908 4917; x_wconf 88' lang='lat' dir='ltr'><strong><em>melius</em></strong></span> <span class='ocrx_word' id='word_1_329' title='bbox 939 4861 1137 4925; x_wconf 83' lang='lat' dir='ltr'><strong><em>fuisse,</em></strong></span> <span class='ocrx_word' id='word_1_330' title='bbox 1171 4862 1331 4929; x_wconf 85' lang='lat' dir='ltr'><strong><em>audi,</em></strong></span> <span class='ocrx_word' id='word_1_331' title='bbox 1373 4864 1514 4934; x_wconf 87' lang='lat' dir='ltr'><strong><em>quid</em></strong></span> <span class='ocrx_word' id='word_1_332' title='bbox 1559 4879 1663 4935; x_wconf 88' lang='lat' dir='ltr'><strong><em>per</em></strong></span> <span class='ocrx_word' id='word_1_333' title='bbox 1693 4865 2046 4935; x_wconf 85' lang='lat' dir='ltr'><strong><em>prophetam</em></strong></span> 
     </span>
    </p>
   </div>
   <div class='ocr_carea' id='block_1_53' title="bbox 400 4950 2046 5026">
    <p class='ocr_par' dir='ltr' id='par_1_53' title="bbox 400 4950 2046 5026">
     <span class='ocr_line' id='line_1_53' title="bbox 400 4950 2046 5026; baseline 0.004 -20"><span class='ocrx_word' id='word_1_334' title='bbox 400 4950 559 5007; x_wconf 88' lang='lat' dir='ltr'><strong><em>dicat</em></strong></span> <span class='ocrx_word' id='word_1_335' title='bbox 588 4966 598 5005; x_wconf 91' lang='lat'><strong>:</strong></span> <span class='ocrx_word' id='word_1_336' title='bbox 627 4951 893 5007; x_wconf 82' lang='lat' dir='ltr'><strong><em>Statuam</em></strong></span> <span class='ocrx_word' id='word_1_337' title='bbox 934 4952 1010 5006; x_wconf 78' lang='lat' dir='ltr'><strong><em>eis</em></strong></span> <span class='ocrx_word' id='word_1_338' title='bbox 1038 4951 1441 5009; x_wconf 83' lang='lat' dir='ltr'><strong><em>testamentum</em></strong></span> <span class='ocrx_word' id='word_1_339' title='bbox 1476 4969 1700 5015; x_wconf 87' lang='lat' dir='ltr'><strong><em>nouum,</em></strong></span> <span class='ocrx_word' id='word_1_340' title='bbox 1733 4953 1870 5009; x_wconf 85' lang='lat' dir='ltr'><strong><em>dans</em></strong></span> <span class='ocrx_word' id='word_1_341' title='bbox 1899 4955 2046 5026; x_wconf 86' lang='lat' dir='ltr'><strong><em>leges</em></strong></span> 
     </span>
    </p>
   </div>
   <div class='ocr_carea' id='block_1_54' title="bbox 474 5051 982 5119">
    <p class='ocr_par' dir='ltr' id='par_1_54' title="bbox 474 5051 982 5119">
     <span class='ocr_line' id='line_1_54' title="bbox 474 5051 982 5119; baseline 0.012 -16"><span class='ocrx_word' id='word_1_342' title='bbox 474 5051 489 5087; x_wconf 79' lang='grc'>³</span> <span class='ocrx_word' id='word_1_343' title='bbox 532 5051 705 5119; x_wconf 86' lang='lat' dir='ltr'><strong><em>Joan,</em></strong></span> <span class='ocrx_word' id='word_1_344' title='bbox 736 5066 857 5119; x_wconf 78' lang='lat' dir='ltr'><strong><em>nv,</em></strong></span> <span class='ocrx_word' id='word_1_345' title='bbox 890 5053 982 5109; x_wconf 86' lang='lat'><strong><em>26.</em></strong></span> 
     </span>
    </p>
   </div>
   <div class='ocr_carea' id='block_1_55' title="bbox 2402 424 3201 501">
    <p class='ocr_par' dir='ltr' id='par_1_55' title="bbox 2402 424 3201 501">
     <span class='ocr_line' id='line_1_55' title="bbox 2402 424 3201 501; baseline 0.005 -22"><span class='ocrx_word' id='word_1_346' title='bbox 2402 434 2504 498; x_wconf 82' lang='grc' dir='ltr'><strong><em>Μρ.</em></strong></span> <span class='ocrx_word' id='word_1_347' title='bbox 2538 424 2781 498; x_wconf 53' lang='grc' dir='ltr'><strong><em>μδλΛου.</em></strong></span> <span class='ocrx_word' id='word_1_348' title='bbox 2816 428 2922 484; x_wconf 84' lang='grc' dir='ltr'><em>κα’.</em></span> <span class='ocrx_word' id='word_1_349' title='bbox 2967 428 3066 486; x_wconf 78' lang='grc' dir='ltr'><strong><em>Ἰω,</em></strong></span> <span class='ocrx_word' id='word_1_350' title='bbox 3111 428 3201 501; x_wconf 77' lang='grc' dir='ltr'><strong><em>ιβ’.</em></strong></span> 
     </span>
    </p>
   </div>
   <div class='ocr_carea' id='block_1_56' title="bbox 2188 515 3815 596">
    <p class='ocr_par' dir='ltr' id='par_1_56' title="bbox 2188 515 3815 596">
     <span class='ocr_line' id='line_1_56' title="bbox 2188 515 3815 596; baseline 0.003 -27"><span class='ocrx_word' id='word_1_351' title='bbox 2188 515 2280 586; x_wconf 62' lang='grc' dir='ltr'><strong><em>ἔν’.</em></strong></span> <span class='ocrx_word' id='word_1_352' title='bbox 2325 521 2448 588; x_wconf 85' lang='grc' dir='ltr'><em>Περὶ</em></span> <span class='ocrx_word' id='word_1_353' title='bbox 2485 524 2577 577; x_wconf 83' lang='grc' dir='ltr'><strong><em>τῆς</em></strong></span> <span class='ocrx_word' id='word_1_354' title='bbox 2610 516 2912 589; x_wconf 81' lang='grc' dir='ltr'><em>ἐτοιμασίας</em></span> <span class='ocrx_word' id='word_1_355' title='bbox 2950 526 3039 570; x_wconf 81' lang='grc' dir='ltr'><strong><em>τοῦ</em></strong></span> <span class='ocrx_word' id='word_1_356' title='bbox 3078 521 3292 589; x_wconf 70' lang='grc' dir='ltr'><em>Πάσχα.</em></span> <span class='ocrx_word' id='word_1_357' title='bbox 3345 520 3536 589; x_wconf 88' lang='lat' dir='ltr'><strong>(XXVI,</strong></span> <span class='ocrx_word' id='word_1_358' title='bbox 3575 522 3684 591; x_wconf 83' lang='grc'>17).</span> <span class='ocrx_word' id='word_1_359' title='bbox 3718 529 3815 596; x_wconf 87' lang='grc' dir='ltr'><strong><em>Μρ.</em></strong></span> 
     </span>
    </p>
   </div>
   <div class='ocr_carea' id='block_1_57' title="bbox 2442 605 2767 659">
    <p class='ocr_par' dir='ltr' id='par_1_57' title="bbox 2442 605 2767 659">
     <span class='ocr_line' id='line_1_57' title="bbox 2442 605 2767 659; baseline 0 -2"><span class='ocrx_word' id='word_1_360' title='bbox 2442 625 2460 657; x_wconf 88' lang='grc' dir='ltr'><strong><em>ε</em></strong></span> <span class='ocrx_word' id='word_1_361' title='bbox 2479 645 2489 655; x_wconf 94' lang='grc'>.</span> <span class='ocrx_word' id='word_1_362' title='bbox 2526 612 2654 659; x_wconf 86' lang='grc' dir='ltr'><strong><em>Λον.</em></strong></span> <span class='ocrx_word' id='word_1_363' title='bbox 2682 605 2767 659; x_wconf 73' lang='grc' dir='ltr'><strong><em>οέ.</em></strong></span> 
     </span>
    </p>
   </div>
   <div class='ocr_carea' id='block_1_58' title="bbox 2187 626 3817 773">
    <p class='ocr_par' dir='ltr' id='par_1_58' title="bbox 2187 626 3817 773">
     <span class='ocr_line' id='line_1_58' title="bbox 2442 626 2767 659; baseline 0 -2"><span class='ocrx_word' id='word_1_364' title='bbox 2442 626 2489 657; x_wconf 87' lang='grc' dir='ltr'><em>ε.</em></span> <span class='ocrx_word' id='word_1_365' title='bbox 2526 626 2654 659; x_wconf 82' lang='grc' dir='ltr'><strong><em>Αον.</em></strong></span> <span class='ocrx_word' id='word_1_366' title='bbox 2682 626 2706 658; x_wconf 93' lang='grc' dir='ltr'>ο</span> <span class='ocrx_word' id='word_1_367' title='bbox 2756 646 2767 657; x_wconf 94' lang='grc'><strong>.</strong></span> 
     </span>
     <span class='ocr_line' id='line_1_59' title="bbox 2187 626 3817 773; baseline 0.006 -27"><span class='ocrx_word' id='word_1_368' title='bbox 2187 691 2285 755; x_wconf 78' lang='grc' dir='ltr'><strong><em>ξδ’.</em></strong></span> <span class='ocrx_word' id='word_1_369' title='bbox 2328 626 2447 769; x_wconf 50' lang='lat' dir='ltr'><strong><em>[legi</em></strong></span> <span class='ocrx_word' id='word_1_370' title='bbox 2487 700 2696 748; x_wconf 78' lang='grc' dir='ltr'><strong><em>Δείπνου</em></strong></span> <span class='ocrx_word' id='word_1_371' title='bbox 2717 628 3014 768; x_wconf 74' lang='grc' dir='ltr'><strong><em>ςμυστικοῦ.</em></strong></span> <span class='ocrx_word' id='word_1_372' title='bbox 3044 697 3246 769; x_wconf 85' lang='lat' dir='ltr'><strong>(XXVI,</strong></span> <span class='ocrx_word' id='word_1_373' title='bbox 3278 700 3388 770; x_wconf 84' lang='lat'><strong><em>26).</em></strong></span> <span class='ocrx_word' id='word_1_374' title='bbox 3430 707 3531 772; x_wconf 83' lang='grc' dir='ltr'><strong><em>Μρ.</em></strong></span> <span class='ocrx_word' id='word_1_375' title='bbox 3564 700 3663 773; x_wconf 82' lang='grc' dir='ltr'><em>μς’.</em></span> <span class='ocrx_word' id='word_1_376' title='bbox 3698 707 3817 756; x_wconf 88' lang='grc' dir='ltr'><strong><em>Λου.</em></strong></span> 
     </span>
    </p>
   </div>
   <div class='ocr_carea' id='block_1_59' title="bbox 2397 804 2482 846">
    <p class='ocr_par' dir='ltr' id='par_1_59' title="bbox 2397 804 2482 846">
     <span class='ocr_line' id='line_1_60' title="bbox 2397 804 2482 846; baseline 0.035 -9"><span class='ocrx_word' id='word_1_377' title='bbox 2397 804 2482 846; x_wconf 84' lang='grc' dir='ltr'><strong><em>ος.</em></strong></span> 
     </span>
    </p>
   </div>
   <div class='ocr_carea' id='block_1_60' title="bbox 2185 872 3817 955">
    <p class='ocr_par' dir='ltr' id='par_1_60' title="bbox 2185 872 3817 955">
     <span class='ocr_line' id='line_1_61' title="bbox 2185 872 3817 955; baseline 0.004 -30"><span class='ocrx_word' id='word_1_378' title='bbox 2185 872 2265 935; x_wconf 72' lang='grc' dir='ltr'>ξί.</span> <span class='ocrx_word' id='word_1_379' title='bbox 2310 880 2433 946; x_wconf 81' lang='grc' dir='ltr'><em>Περὶ</em></span> <span class='ocrx_word' id='word_1_380' title='bbox 2472 883 2566 937; x_wconf 79' lang='grc' dir='ltr'><strong><em>τῆς</em></strong></span> <span class='ocrx_word' id='word_1_381' title='bbox 2600 873 2938 948; x_wconf 77' lang='grc' dir='ltr'><strong><em>παραδόσεως</em></strong></span> <span class='ocrx_word' id='word_1_382' title='bbox 2969 884 3060 929; x_wconf 79' lang='grc' dir='ltr'><strong><em>τοῦ</em></strong></span> <span class='ocrx_word' id='word_1_383' title='bbox 3100 876 3293 936; x_wconf 81' lang='grc' dir='ltr'><strong><em>Ἰησοῦ.</em></strong></span> <span class='ocrx_word' id='word_1_384' title='bbox 3339 880 3540 950; x_wconf 72' lang='lat' dir='ltr'><strong>(XXVI,</strong></span> <span class='ocrx_word' id='word_1_385' title='bbox 3574 880 3685 953; x_wconf 81' lang='grc'>46).</span> <span class='ocrx_word' id='word_1_386' title='bbox 3719 889 3817 955; x_wconf 85' lang='grc' dir='ltr'><strong><em>Μρ,</em></strong></span> 
     </span>
    </p>
   </div>
   <div class='ocr_carea' id='block_1_61' title="bbox 2180 986 3811 1133">
    <p class='ocr_par' dir='ltr' id='par_1_61' title="bbox 2180 986 3811 1133">
     <span class='ocr_line' id='line_1_62' title="bbox 2180 986 3811 1133; baseline 0.007 -28"><span class='ocrx_word' id='word_1_387' title='bbox 2180 1050 2271 1114; x_wconf 58' lang='lat' dir='ltr'><strong><em>Eg’.</em></strong></span> <span class='ocrx_word' id='word_1_388' title='bbox 2322 986 2570 1127; x_wconf 49' lang='grc' dir='ltr'><em>Περῗῗτῆς</em></span> <span class='ocrx_word' id='word_1_389' title='bbox 2602 1053 2864 1129; x_wconf 74' lang='grc' dir='ltr'><em>ἀρνήσεως</em></span> <span class='ocrx_word' id='word_1_390' title='bbox 2906 1063 2995 1107; x_wconf 80' lang='grc' dir='ltr'><strong><em>τοῦ</em></strong></span> <span class='ocrx_word' id='word_1_391' title='bbox 3038 1061 3257 1131; x_wconf 85' lang='grc' dir='ltr'><em>Πέτρου.</em></span> <span class='ocrx_word' id='word_1_392' title='bbox 3296 1058 3500 1129; x_wconf 88' lang='lat' dir='ltr'><strong>(XXVI,</strong></span> <span class='ocrx_word' id='word_1_393' title='bbox 3532 1060 3648 1130; x_wconf 86' lang='lat'><strong><em>69).</em></strong></span> <span class='ocrx_word' id='word_1_394' title='bbox 3708 1068 3811 1133; x_wconf 82' lang='grc' dir='ltr'><strong><em>Μρ.</em></strong></span> 
     </span>
    </p>
   </div>
   <div class='ocr_carea' id='block_1_62' title="bbox 2390 1143 2773 1215">
    <p class='ocr_par' dir='ltr' id='par_1_62' title="bbox 2390 1143 2773 1215">
     <span class='ocr_line' id='line_1_63' title="bbox 2390 1143 2773 1215; baseline 0.003 -18"><span class='ocrx_word' id='word_1_395' title='bbox 2390 1144 2497 1215; x_wconf 69' lang='grc' dir='ltr'><strong><em>μζ.</em></strong></span> <span class='ocrx_word' id='word_1_396' title='bbox 2524 1150 2649 1198; x_wconf 85' lang='grc' dir='ltr'><strong><em>Λου.</em></strong></span> <span class='ocrx_word' id='word_1_397' title='bbox 2678 1143 2773 1201; x_wconf 84' lang='grc' dir='ltr'><strong><em>οη’.</em></strong></span> 
     </span>
    </p>
   </div>
   <div class='ocr_carea' id='block_1_63' title="bbox 2180 1229 3516 1309">
    <p class='ocr_par' dir='ltr' id='par_1_63' title="bbox 2180 1229 3516 1309">
     <span class='ocr_line' id='line_1_64' title="bbox 2180 1229 3516 1309; baseline 0.004 -24"><span class='ocrx_word' id='word_1_398' title='bbox 2180 1229 2274 1292; x_wconf 74' lang='grc' dir='ltr'><strong><em>ξξ.</em></strong></span> <span class='ocrx_word' id='word_1_399' title='bbox 2317 1236 2439 1305; x_wconf 77' lang='grc' dir='ltr'><em>Περὶ</em></span> <span class='ocrx_word' id='word_1_400' title='bbox 2476 1242 2565 1293; x_wconf 83' lang='grc' dir='ltr'><em>τῆς</em></span> <span class='ocrx_word' id='word_1_401' title='bbox 2588 1231 2763 1287; x_wconf 76' lang='grc' dir='ltr'><strong><em>Ἰούδα</em></strong></span> <span class='ocrx_word' id='word_1_402' title='bbox 2787 1234 3139 1307; x_wconf 72' lang='grc' dir='ltr'><em>μεταμελείας.</em></span> <span class='ocrx_word' id='word_1_403' title='bbox 3172 1235 3407 1307; x_wconf 84' lang='lat' dir='ltr'><strong>(XXVII,</strong></span> <span class='ocrx_word' id='word_1_404' title='bbox 3440 1236 3516 1309; x_wconf 89' lang='lat'><strong><em>3).</em></strong></span> 
     </span>
    </p>
   </div>
   <div class='ocr_carea' id='block_1_64' title="bbox 2181 1317 3819 1398">
    <p class='ocr_par' dir='ltr' id='par_1_64' title="bbox 2181 1317 3819 1398">
     <span class='ocr_line' id='line_1_65' title="bbox 2181 1317 3819 1398; baseline 0.007 -27"><span class='ocrx_word' id='word_1_405' title='bbox 2181 1317 2281 1381; x_wconf 81' lang='grc' dir='ltr'><strong><em>ξη’.</em></strong></span> <span class='ocrx_word' id='word_1_406' title='bbox 2332 1327 2455 1395; x_wconf 86' lang='grc' dir='ltr'><em>Περὶ</em></span> <span class='ocrx_word' id='word_1_407' title='bbox 2479 1330 2568 1382; x_wconf 81' lang='grc' dir='ltr'><strong><em>τῆς</em></strong></span> <span class='ocrx_word' id='word_1_408' title='bbox 2582 1324 2831 1385; x_wconf 82' lang='grc' dir='ltr'><em>αἰτήσεως</em></span> <span class='ocrx_word' id='word_1_409' title='bbox 2853 1324 2945 1376; x_wconf 71' lang='grc' dir='ltr'><strong><em>τοῦ</em></strong></span> <span class='ocrx_word' id='word_1_410' title='bbox 2968 1330 3208 1397; x_wconf 85' lang='grc' dir='ltr'><em>σώματος</em></span> <span class='ocrx_word' id='word_1_411' title='bbox 3227 1333 3317 1378; x_wconf 76' lang='grc' dir='ltr'><em>τοῦ</em></span> <span class='ocrx_word' id='word_1_412' title='bbox 3341 1328 3538 1384; x_wconf 81' lang='grc' dir='ltr'><strong><em>Ἰησοῦ.</em></strong></span> <span class='ocrx_word' id='word_1_413' title='bbox 3576 1327 3819 1398; x_wconf 83' lang='lat' dir='ltr'><strong>(XXVII,</strong></span> 
     </span>
    </p>
   </div>
   <div class='ocr_carea' id='block_1_65' title="bbox 2393 1411 3422 1486">
    <p class='ocr_par' dir='ltr' id='par_1_65' title="bbox 2393 1411 3422 1486">
     <span class='ocr_line' id='line_1_66' title="bbox 2393 1411 3422 1486; baseline 0.001 -21"><span class='ocrx_word' id='word_1_414' title='bbox 2393 1411 2510 1481; x_wconf 87' lang='lat'><strong><em>57).</em></strong></span> <span class='ocrx_word' id='word_1_415' title='bbox 2558 1419 2665 1485; x_wconf 83' lang='grc' dir='ltr'><strong><em>Μρ.</em></strong></span> <span class='ocrx_word' id='word_1_416' title='bbox 2701 1412 2811 1484; x_wconf 47' lang='grc' dir='ltr'><strong><em>μοί</em></strong></span> <span class='ocrx_word' id='word_1_417' title='bbox 2854 1419 2988 1471; x_wconf 88' lang='grc' dir='ltr'>Λου,</span> <span class='ocrx_word' id='word_1_418' title='bbox 3028 1412 3148 1486; x_wconf 81' lang='grc' dir='ltr'><em>πβ¹,</em></span> <span class='ocrx_word' id='word_1_419' title='bbox 3198 1414 3300 1469; x_wconf 89' lang='grc' dir='ltr'><strong><em>Ἰω.</em></strong></span> <span class='ocrx_word' id='word_1_420' title='bbox 3335 1415 3422 1473; x_wconf 82' lang='grc' dir='ltr'><strong><em>ιη’.</em></strong></span> 
     </span>
    </p>
   </div>
   <div class='ocr_carea' id='block_1_66' title="bbox 2182 1590 3557 1667">
    <p class='ocr_par' dir='ltr' id='par_1_66' title="bbox 2182 1590 3557 1667">
     <span class='ocr_line' id='line_1_67' title="bbox 2182 1590 3557 1667; baseline 0.007 -22"><span class='ocrx_word' id='word_1_421' title='bbox 2182 1594 2269 1647; x_wconf 79' lang='lat'><strong><em>62.</em></strong></span> <span class='ocrx_word' id='word_1_422' title='bbox 2311 1590 2394 1646; x_wconf 91' lang='lat' dir='ltr'><strong><em>De</em></strong></span> <span class='ocrx_word' id='word_1_423' title='bbox 2421 1605 2488 1647; x_wconf 88' lang='lat' dir='ltr'><strong><em>ea</em></strong></span> <span class='ocrx_word' id='word_1_424' title='bbox 2514 1607 2642 1662; x_wconf 70' lang='lat' dir='ltr'><strong><em>quae</em></strong></span> <span class='ocrx_word' id='word_1_425' title='bbox 2680 1594 2857 1651; x_wconf 71' lang='lat' dir='ltr'><strong><em>unxit</em></strong></span> <span class='ocrx_word' id='word_1_426' title='bbox 2898 1595 3201 1652; x_wconf 87' lang='lat' dir='ltr'><strong><em>Dominum</em></strong></span> <span class='ocrx_word' id='word_1_427' title='bbox 3242 1604 3557 1667; x_wconf 87' lang='lat' dir='ltr'><strong><em>unguento.</em></strong></span> 
     </span>
    </p>
   </div>
   <div class='ocr_carea' id='block_1_67' title="bbox 2108 1680 3572 1753">
    <p class='ocr_par' dir='ltr' id='par_1_67' title="bbox 2108 1680 3572 1753">
     <span class='ocr_line' id='line_1_68' title="bbox 2108 1680 3572 1753; baseline 0.005 -19"><span class='ocrx_word' id='word_1_428' title='bbox 2108 1688 2152 1743; x_wconf 91' lang='lat' dir='ltr'>B</span> <span class='ocrx_word' id='word_1_429' title='bbox 2182 1682 2273 1736; x_wconf 87' lang='lat'><strong><em>63.</em></strong></span> <span class='ocrx_word' id='word_1_430' title='bbox 2323 1680 2722 1751; x_wconf 81' lang='lat' dir='ltr'><strong><em>InterrOgatio</em></strong></span> <span class='ocrx_word' id='word_1_431' title='bbox 2752 1683 2818 1738; x_wconf 90' lang='lat' dir='ltr'><strong><em>de</em></strong></span> <span class='ocrx_word' id='word_1_432' title='bbox 2844 1686 3275 1753; x_wconf 58' lang='lat' dir='ltr'><strong><em>praeparatione</em></strong></span> <span class='ocrx_word' id='word_1_433' title='bbox 3307 1687 3572 1743; x_wconf 74' lang='lat' dir='ltr'><strong><em>Paschse.</em></strong></span> 
     </span>
    </p>
   </div>
   <div class='ocr_carea' id='block_1_68' title="bbox 2183 1770 2902 1841">
    <p class='ocr_par' dir='ltr' id='par_1_68' title="bbox 2183 1770 2902 1841">
     <span class='ocr_line' id='line_1_69' title="bbox 2183 1770 2902 1841; baseline 0.001 -16"><span class='ocrx_word' id='word_1_434' title='bbox 2183 1773 2275 1825; x_wconf 82' lang='grc'><strong><em>64.</em></strong></span> <span class='ocrx_word' id='word_1_435' title='bbox 2323 1770 2402 1824; x_wconf 91' lang='lat' dir='ltr'><strong><em>De</em></strong></span> <span class='ocrx_word' id='word_1_436' title='bbox 2434 1772 2609 1826; x_wconf 79' lang='lat' dir='ltr'><strong><em>Coena</em></strong></span> <span class='ocrx_word' id='word_1_437' title='bbox 2636 1774 2902 1841; x_wconf 84' lang='lat' dir='ltr'><strong><em>mystica.</em></strong></span> 
     </span>
    </p>
   </div>
   <div class='ocr_carea' id='block_1_69' title="bbox 2182 1860 2944 1917">
    <p class='ocr_par' dir='ltr' id='par_1_69' title="bbox 2182 1860 2944 1917">
     <span class='ocr_line' id='line_1_70' title="bbox 2182 1860 2944 1917; baseline 0 -2"><span class='ocrx_word' id='word_1_438' title='bbox 2182 1860 2273 1915; x_wconf 82' lang='lat'><strong><em>65.</em></strong></span> <span class='ocrx_word' id='word_1_439' title='bbox 2323 1861 2409 1915; x_wconf 91' lang='lat' dir='ltr'><strong><em>De</em></strong></span> <span class='ocrx_word' id='word_1_440' title='bbox 2438 1860 2763 1917; x_wconf 84' lang='lat' dir='ltr'><strong><em>traditione</em></strong></span> <span class='ocrx_word' id='word_1_441' title='bbox 2791 1864 2944 1916; x_wconf 85' lang='lat' dir='ltr'><strong><em>Jesu.</em></strong></span> 
     </span>
    </p>
   </div>
   <div class='ocr_carea' id='block_1_70' title="bbox 2182 1950 2934 2019">
    <p class='ocr_par' dir='ltr' id='par_1_70' title="bbox 2182 1950 2934 2019">
     <span class='ocr_line' id='line_1_71' title="bbox 2182 1950 2934 2019; baseline 0.001 -16"><span class='ocrx_word' id='word_1_442' title='bbox 2182 1951 2267 2003; x_wconf 86' lang='lat'><strong><em>66.</em></strong></span> <span class='ocrx_word' id='word_1_443' title='bbox 2306 1950 2393 2004; x_wconf 91' lang='lat' dir='ltr'><strong><em>De</em></strong></span> <span class='ocrx_word' id='word_1_444' title='bbox 2416 1951 2713 2019; x_wconf 79' lang='lat' dir='ltr'><strong><em>negatione</em></strong></span> <span class='ocrx_word' id='word_1_445' title='bbox 2744 1950 2934 2006; x_wconf 81' lang='lat' dir='ltr'><strong><em>Petri.</em></strong></span> 
     </span>
    </p>
   </div>
   <div class='ocr_carea' id='block_1_71' title="bbox 2177 2037 2982 2108">
    <p class='ocr_par' dir='ltr' id='par_1_71' title="bbox 2177 2037 2982 2108">
     <span class='ocr_line' id='line_1_72' title="bbox 2177 2037 2982 2108; baseline 0.009 -18"><span class='ocrx_word' id='word_1_446' title='bbox 2177 2038 2273 2094; x_wconf 87' lang='lat'><strong><em>67.</em></strong></span> <span class='ocrx_word' id='word_1_447' title='bbox 2323 2040 2402 2094; x_wconf 89' lang='lat' dir='ltr'><strong><em>De</em></strong></span> <span class='ocrx_word' id='word_1_448' title='bbox 2434 2037 2601 2095; x_wconf 70' lang='lat' dir='ltr'><strong><em>Judte</em></strong></span> <span class='ocrx_word' id='word_1_449' title='bbox 2634 2039 2982 2108; x_wconf 76' lang='lat' dir='ltr'><strong><em>paenitentia.</em></strong></span> 
     </span>
    </p>
   </div>
   <div class='ocr_carea' id='block_1_72' title="bbox 2180 2126 3251 2198">
    <p class='ocr_par' dir='ltr' id='par_1_72' title="bbox 2180 2126 3251 2198">
     <span class='ocr_line' id='line_1_73' title="bbox 2180 2126 3251 2198; baseline 0.003 -18"><span class='ocrx_word' id='word_1_450' title='bbox 2180 2126 2273 2184; x_wconf 88' lang='lat'><strong><em>68.</em></strong></span> <span class='ocrx_word' id='word_1_451' title='bbox 2317 2128 2398 2182; x_wconf 89' lang='lat' dir='ltr'><strong><em>De</em></strong></span> <span class='ocrx_word' id='word_1_452' title='bbox 2422 2128 2693 2198; x_wconf 83' lang='lat' dir='ltr'><strong><em>petitione</em></strong></span> <span class='ocrx_word' id='word_1_453' title='bbox 2719 2129 2979 2198; x_wconf 85' lang='lat' dir='ltr'><strong><em>corporis</em></strong></span> <span class='ocrx_word' id='word_1_454' title='bbox 3000 2129 3251 2185; x_wconf 88' lang='lat' dir='ltr'><strong><em>Domini.</em></strong></span> 
     </span>
    </p>
   </div>
   <div class='ocr_carea' id='block_1_73' title="bbox 2176 2384 3810 2451">
    <p class='ocr_par' dir='ltr' id='par_1_73' title="bbox 2176 2384 3810 2451">
     <span class='ocr_line' id='line_1_74' title="bbox 2176 2384 3810 2451; baseline 0.002 -21"><span class='ocrx_word' id='word_1_455' title='bbox 2176 2384 2510 2431; x_wconf 81' lang='lat' dir='ltr'><strong>EPMIINEIA</strong></span> <span class='ocrx_word' id='word_1_456' title='bbox 2570 2386 2700 2432; x_wconf 84' lang='grc' dir='ltr'><strong><em>ΤΟΥ</em></strong></span> <span class='ocrx_word' id='word_1_457' title='bbox 2758 2386 2934 2433; x_wconf 82' lang='grc' dir='ltr'><strong><em>ΚΑΤΑ</em></strong></span> <span class='ocrx_word' id='word_1_458' title='bbox 2985 2386 3342 2433; x_wconf 74' lang='grc' dir='ltr'><strong><em>ΜΑΤΘΑΙΟΝ</em></strong></span> <span class='ocrx_word' id='word_1_459' title='bbox 3383 2387 3810 2451; x_wconf 67' lang='grc' dir='ltr'><strong><em>ΕΥΑΓΓΕΛΙΟΥ,</em></strong></span> 
     </span>
    </p>
   </div>
   <div class='ocr_carea' id='block_1_74' title="bbox 2244 2469 3813 2543">
    <p class='ocr_par' dir='ltr' id='par_1_74' title="bbox 2244 2469 3813 2543">
     <span class='ocr_line' id='line_1_75' title="bbox 2244 2469 3813 2543; baseline 0.003 -24"><span class='ocrx_word' id='word_1_460' title='bbox 2244 2470 2343 2520; x_wconf 76' lang='grc' dir='ltr'><strong><em>ὑπὸ</em></strong></span> <span class='ocrx_word' id='word_1_461' title='bbox 2399 2470 2662 2541; x_wconf 68' lang='grc' dir='ltr'>Εὐθυμίου</span> <span class='ocrx_word' id='word_1_462' title='bbox 2712 2469 2994 2541; x_wconf 76' lang='grc' dir='ltr'><strong><em>φιλοπόνως</em></strong></span> <span class='ocrx_word' id='word_1_463' title='bbox 3042 2470 3393 2543; x_wconf 77' lang='grc' dir='ltr'><em>ἐρανισθεῑσα,</em></span> <span class='ocrx_word' id='word_1_464' title='bbox 3447 2471 3680 2541; x_wconf 67' lang='grc' dir='ltr'><em>μάλιστα</em></span> <span class='ocrx_word' id='word_1_465' title='bbox 3732 2474 3813 2542; x_wconf 69' lang='grc' dir='ltr'><em>μὲν</em></span> 
     </span>
    </p>
   </div>
   <div class='ocr_carea' id='block_1_75' title="bbox 2244 2555 3812 2631">
    <p class='ocr_par' dir='ltr' id='par_1_75' title="bbox 2244 2555 3812 2631">
     <span class='ocr_line' id='line_1_76' title="bbox 2244 2555 3812 2631; baseline 0.001 -23"><span class='ocrx_word' id='word_1_466' title='bbox 2244 2555 2344 2609; x_wconf 81' lang='grc' dir='ltr'><strong><em>ἀπὸ</em></strong></span> <span class='ocrx_word' id='word_1_467' title='bbox 2376 2566 2470 2617; x_wconf 83' lang='grc' dir='ltr'><strong><em>τῆς</em></strong></span> <span class='ocrx_word' id='word_1_468' title='bbox 2502 2558 2796 2628; x_wconf 73' lang='grc' dir='ltr'><em>ἐξηγήσεως</em></span> <span class='ocrx_word' id='word_1_469' title='bbox 2832 2566 2921 2610; x_wconf 75' lang='grc' dir='ltr'><em>τοῦ</em></span> <span class='ocrx_word' id='word_1_470' title='bbox 2962 2561 3012 2609; x_wconf 85' lang='grc' dir='ltr'><em>ἐν</em></span> <span class='ocrx_word' id='word_1_471' title='bbox 3045 2558 3210 2629; x_wconf 71' lang='grc' dir='ltr'>ἁγίοις</span> <span class='ocrx_word' id='word_1_472' title='bbox 3238 2562 3440 2630; x_wconf 78' lang='grc' dir='ltr'><em>Πατρός</em></span> <span class='ocrx_word' id='word_1_473' title='bbox 3474 2561 3617 2631; x_wconf 74' lang='grc' dir='ltr'><em>ἡμῶν</em></span> <span class='ocrx_word' id='word_1_474' title='bbox 3649 2558 3812 2613; x_wconf 65' lang='grc' dir='ltr'><strong><em>Ἰωάν-</em></strong></span> 
     </span>
    </p>
   </div>
   <div class='ocr_carea' id='block_1_76' title="bbox 2240 2653 3809 2729">
    <p class='ocr_par' dir='ltr' id='par_1_76' title="bbox 2240 2653 3809 2729">
     <span class='ocr_line' id='line_1_77' title="bbox 2240 2653 3809 2729; baseline -0.001 -22"><span class='ocrx_word' id='word_1_475' title='bbox 2240 2676 2327 2707; x_wconf 91' lang='grc' dir='ltr'>νου</span> <span class='ocrx_word' id='word_1_476' title='bbox 2366 2664 2455 2708; x_wconf 81' lang='grc' dir='ltr'><strong><em>τοῦ</em></strong></span> <span class='ocrx_word' id='word_1_477' title='bbox 2484 2661 2882 2729; x_wconf 85' lang='grc' dir='ltr'><em>Χρυσοστόμου,</em></span> <span class='ocrx_word' id='word_1_478' title='bbox 2915 2659 2989 2708; x_wconf 76' lang='grc' dir='ltr'><em>ἔτι</em></span> <span class='ocrx_word' id='word_1_479' title='bbox 3020 2653 3078 2709; x_wconf 66' lang='grc' dir='ltr'><strong><em>δὲ</em></strong></span> <span class='ocrx_word' id='word_1_480' title='bbox 3107 2662 3195 2708; x_wconf 81' lang='grc' dir='ltr'><em>καὶ</em></span> <span class='ocrx_word' id='word_1_481' title='bbox 3222 2658 3322 2709; x_wconf 83' lang='grc' dir='ltr'><em>ἀπὸ</em></span> <span class='ocrx_word' id='word_1_482' title='bbox 3365 2654 3625 2729; x_wconf 73' lang='grc' dir='ltr'><em>διαφόρων</em></span> <span class='ocrx_word' id='word_1_483' title='bbox 3658 2656 3809 2709; x_wconf 61' lang='grc' dir='ltr'><em>ἄλλων</em></span> 
     </span>
    </p>
   </div>
   <div class='ocr_carea' id='block_1_77' title="bbox 2244 2754 3812 2828">
    <p class='ocr_par' dir='ltr' id='par_1_77' title="bbox 2244 2754 3812 2828">
     <span class='ocr_line' id='line_1_78' title="bbox 2244 2754 3812 2828; baseline -0.001 -22"><span class='ocrx_word' id='word_1_484' title='bbox 2244 2759 2499 2828; x_wconf 83' lang='grc' dir='ltr'><em>Ηατέρων,</em></span> <span class='ocrx_word' id='word_1_485' title='bbox 2544 2760 3007 2825; x_wconf 72' lang='grc' dir='ltr'><em>συνεισενεγκόντος</em></span> <span class='ocrx_word' id='word_1_486' title='bbox 3058 2758 3174 2806; x_wconf 81' lang='grc' dir='ltr'><em>τινὰ</em></span> <span class='ocrx_word' id='word_1_487' title='bbox 3210 2759 3419 2807; x_wconf 76' lang='grc' dir='ltr'><em>καὶτοῦ</em></span> <span class='ocrx_word' id='word_1_488' title='bbox 3459 2760 3651 2813; x_wconf 68' lang='grc' dir='ltr'><em>ταύτην</em></span> <span class='ocrx_word' id='word_1_489' title='bbox 3705 2754 3812 2828; x_wconf 85' lang='grc' dir='ltr'><em>ἐρα-</em></span> 
     </span>
    </p>
   </div>
   <div class='ocr_carea' id='block_1_78' title="bbox 2240 2844 2869 2916">
    <p class='ocr_par' dir='ltr' id='par_1_78' title="bbox 2240 2844 2869 2916">
     <span class='ocr_line' id='line_1_79' title="bbox 2240 2844 2869 2916; baseline 0.011 -22"><span class='ocrx_word' id='word_1_490' title='bbox 2240 2849 2513 2916; x_wconf 81' lang='grc' dir='ltr'><em>νισαμένου</em></span> <span class='ocrx_word' id='word_1_491' title='bbox 2528 2887 2539 2899; x_wconf 91' lang='grc'><strong>.</strong></span> <span class='ocrx_word' id='word_1_492' title='bbox 2570 2844 2733 2915; x_wconf 66' lang='grc' dir='ltr'><em>Ἀμήν</em></span> <span class='ocrx_word' id='word_1_493' title='bbox 2766 2844 2843 2916; x_wconf 78' lang='grc'><strong><em>(1)</em></strong></span> <span class='ocrx_word' id='word_1_494' title='bbox 2858 2888 2869 2901; x_wconf 92' lang='grc'><strong>.</strong></span> 
     </span>
    </p>
   </div>
   <div class='ocr_carea' id='block_1_79' title="bbox 2240 2947 3813 3025">
    <p class='ocr_par' dir='ltr' id='par_1_79' title="bbox 2240 2947 3813 3025">
     <span class='ocr_line' id='line_1_80' title="bbox 2240 2947 3813 3025; baseline -0.001 -22"><span class='ocrx_word' id='word_1_495' title='bbox 2240 2958 2447 3025; x_wconf 83' lang='grc' dir='ltr'><em>Πρῶτον</em></span> <span class='ocrx_word' id='word_1_496' title='bbox 2479 2954 2566 3022; x_wconf 71' lang='grc' dir='ltr'><strong><em>μὲν</em></strong></span> <span class='ocrx_word' id='word_1_497' title='bbox 2600 2949 2791 3021; x_wconf 73' lang='grc' dir='ltr'><em>ἀγαθὸν</em></span> <span class='ocrx_word' id='word_1_498' title='bbox 2827 2947 2905 3013; x_wconf 71' lang='grc' dir='ltr'><strong><em>ἦν,</em></strong></span> <span class='ocrx_word' id='word_1_499' title='bbox 2938 2955 3007 3021; x_wconf 77' lang='grc' dir='ltr'><strong><em>μὴ</em></strong></span> <span class='ocrx_word' id='word_1_500' title='bbox 3044 2947 3253 3003; x_wconf 76' lang='grc' dir='ltr'><em>δεῖσθαι</em></span> <span class='ocrx_word' id='word_1_501' title='bbox 3291 2952 3427 3022; x_wconf 76' lang='grc' dir='ltr'><em>ἡμᾶς</em></span> <span class='ocrx_word' id='word_1_502' title='bbox 3458 2959 3551 3012; x_wconf 84' lang='grc' dir='ltr'><strong><em>τῆς</em></strong></span> <span class='ocrx_word' id='word_1_503' title='bbox 3581 2950 3683 3003; x_wconf 77' lang='grc' dir='ltr'><strong><em>ἀπὸ</em></strong></span> <span class='ocrx_word' id='word_1_504' title='bbox 3720 2959 3813 3002; x_wconf 81' lang='grc' dir='ltr'><em>τῶν</em></span> 
     </span>
    </p>
   </div>
   <div class='ocr_carea' id='block_1_80' title="bbox 2166 3046 3813 3123">
    <p class='ocr_par' dir='ltr' id='par_1_80' title="bbox 2166 3046 3813 3123">
     <span class='ocr_line' id='line_1_81' title="bbox 2166 3046 3813 3123; baseline -0.001 -23"><span class='ocrx_word' id='word_1_505' title='bbox 2166 3052 2481 3123; x_wconf 73' lang='grc' dir='ltr'><em>γραμμάτων</em></span> <span class='ocrx_word' id='word_1_506' title='bbox 2505 3046 2882 3119; x_wconf 71' lang='grc' dir='ltr'><strong><em>βοηθείας,ἀλλ’</em></strong></span> <span class='ocrx_word' id='word_1_507' title='bbox 2907 3047 3040 3100; x_wconf 71' lang='grc' dir='ltr'><em>οὕτω</em></span> <span class='ocrx_word' id='word_1_508' title='bbox 3074 3049 3401 3121; x_wconf 77' lang='grc' dir='ltr'><em>παρέχεσθαι</em></span> <span class='ocrx_word' id='word_1_509' title='bbox 3423 3046 3539 3121; x_wconf 86' lang='grc' dir='ltr'><em>βίον</em></span> <span class='ocrx_word' id='word_1_510' title='bbox 3569 3051 3813 3120; x_wconf 76' lang='grc' dir='ltr'><em>καθαρὸν,</em></span> 
     </span>
    </p>
   </div>
   <div class='ocr_carea' id='block_1_81' title="bbox 2167 3142 3815 3219">
    <p class='ocr_par' dir='ltr' id='par_1_81' title="bbox 2167 3142 3815 3219">
     <span class='ocr_line' id='line_1_82' title="bbox 2167 3142 3815 3219; baseline 0 -22"><span class='ocrx_word' id='word_1_511' title='bbox 2167 3146 2301 3199; x_wconf 81' lang='grc' dir='ltr'><em>ὣστε</em></span> <span class='ocrx_word' id='word_1_512' title='bbox 2329 3149 2419 3207; x_wconf 83' lang='grc' dir='ltr'><em>τὰς</em></span> <span class='ocrx_word' id='word_1_513' title='bbox 2463 3148 2710 3219; x_wconf 67' lang='grc' dir='ltr'><em>ἡμετέρας</em></span> <span class='ocrx_word' id='word_1_514' title='bbox 2758 3142 2983 3217; x_wconf 80' lang='grc' dir='ltr'><em>καρδίας</em></span> <span class='ocrx_word' id='word_1_515' title='bbox 3022 3144 3133 3198; x_wconf 80' lang='grc' dir='ltr'><em>ἀντὶ</em></span> <span class='ocrx_word' id='word_1_516' title='bbox 3179 3144 3393 3217; x_wconf 77' lang='grc' dir='ltr'>βιϐλίων</span> <span class='ocrx_word' id='word_1_517' title='bbox 3437 3150 3701 3216; x_wconf 61' lang='grc' dir='ltr'><em>γίνεσθαι,</em></span> <span class='ocrx_word' id='word_1_518' title='bbox 3732 3150 3815 3197; x_wconf 76' lang='grc' dir='ltr'><em>καὶ</em></span> 
     </span>
    </p>
   </div>
   <div class='ocr_carea' id='block_1_82' title="bbox 2167 3240 3815 3317">
    <p class='ocr_par' dir='ltr' id='par_1_82' title="bbox 2167 3240 3815 3317">
     <span class='ocr_line' id='line_1_83' title="bbox 2167 3240 3815 3317; baseline -0.001 -21"><span class='ocrx_word' id='word_1_519' title='bbox 2167 3246 2395 3317; x_wconf 80' lang='grc' dir='ltr'><em>καθάπερ</em></span> <span class='ocrx_word' id='word_1_520' title='bbox 2423 3251 2587 3295; x_wconf 71' lang='grc' dir='ltr'><em>ταῦτα</em></span> <span class='ocrx_word' id='word_1_521' title='bbox 2618 3240 2708 3295; x_wconf 78' lang='grc' dir='ltr'><strong><em>διὰ</em></strong></span> <span class='ocrx_word' id='word_1_522' title='bbox 2738 3244 2969 3315; x_wconf 80' lang='grc' dir='ltr'><em>μέλανος,</em></span> <span class='ocrx_word' id='word_1_523' title='bbox 3002 3245 3136 3295; x_wconf 73' lang='grc' dir='ltr'><em>οὕτω</em></span> <span class='ocrx_word' id='word_1_524' title='bbox 3175 3247 3370 3305; x_wconf 80' lang='grc' dir='ltr'><em>ταύτας</em></span> <span class='ocrx_word' id='word_1_525' title='bbox 3401 3240 3494 3295; x_wconf 82' lang='grc' dir='ltr'><strong><em>διὰ</em></strong></span> <span class='ocrx_word' id='word_1_526' title='bbox 3527 3248 3815 3317; x_wconf 82' lang='grc' dir='ltr'><em>Πνεύματος</em></span> 
     </span>
    </p>
   </div>
   <div class='ocr_carea' id='block_1_83' title="bbox 2168 3338 3813 3417">
    <p class='ocr_par' dir='ltr' id='par_1_83' title="bbox 2168 3338 3813 3417">
     <span class='ocr_line' id='line_1_84' title="bbox 2168 3338 3813 3417; baseline -0.001 -24"><span class='ocrx_word' id='word_1_527' title='bbox 2168 3342 2539 3417; x_wconf 67' lang='grc' dir='ltr'><strong><em>ἐγγεγράφθαι.</em></strong></span> <span class='ocrx_word' id='word_1_528' title='bbox 2582 3343 2721 3394; x_wconf 79' lang='grc' dir='ltr'><em>Ἐπεὶ</em></span> <span class='ocrx_word' id='word_1_529' title='bbox 2750 3338 2809 3393; x_wconf 74' lang='grc' dir='ltr'><strong><em>δὲ</em></strong></span> <span class='ocrx_word' id='word_1_530' title='bbox 2838 3344 3030 3399; x_wconf 76' lang='grc' dir='ltr'><em>ταύτην</em></span> <span class='ocrx_word' id='word_1_531' title='bbox 3064 3338 3481 3415; x_wconf 80' lang='grc' dir='ltr'><em>διεκρουσάμεθα</em></span> <span class='ocrx_word' id='word_1_532' title='bbox 3509 3347 3605 3400; x_wconf 75' lang='grc' dir='ltr'><strong><em>τὴν</em></strong></span> <span class='ocrx_word' id='word_1_533' title='bbox 3638 3346 3813 3414; x_wconf 71' lang='grc' dir='ltr'><em>χάριν,</em></span> 
     </span>
    </p>
   </div>
   <div class='ocr_carea' id='block_1_84' title="bbox 2168 3436 3815 3514">
    <p class='ocr_par' dir='ltr' id='par_1_84' title="bbox 2168 3436 3815 3514">
     <span class='ocr_line' id='line_1_85' title="bbox 2168 3436 3815 3514; baseline -0.001 -23"><span class='ocrx_word' id='word_1_534' title='bbox 2168 3444 2300 3514; x_wconf 71' lang='grc' dir='ltr'><em>φέρε,</em></span> <span class='ocrx_word' id='word_1_535' title='bbox 2340 3440 2433 3491; x_wconf 77' lang='grc' dir='ltr'><strong><em>κᾶν</em></strong></span> <span class='ocrx_word' id='word_1_536' title='bbox 2486 3443 2570 3491; x_wconf 84' lang='grc' dir='ltr'><em>τὸν</em></span> <span class='ocrx_word' id='word_1_537' title='bbox 2631 3436 2867 3511; x_wconf 77' lang='grc' dir='ltr'><em>δεύτερον</em></span> <span class='ocrx_word' id='word_1_538' title='bbox 2938 3438 3299 3511; x_wconf 78' lang='grc' dir='ltr'><em>ἀσπασώμιθα</em></span> <span class='ocrx_word' id='word_1_539' title='bbox 3343 3439 3523 3505; x_wconf 73' lang='grc' dir='ltr'><strong><em>πλοῦν,</em></strong></span> <span class='ocrx_word' id='word_1_540' title='bbox 3573 3446 3667 3493; x_wconf 70' lang='grc' dir='ltr'><em>καὶ</em></span> <span class='ocrx_word' id='word_1_541' title='bbox 3720 3447 3815 3499; x_wconf 81' lang='grc' dir='ltr'><em>τοῖς</em></span> 
     </span>
    </p>
   </div>
   <div class='ocr_carea' id='block_1_85' title="bbox 2166 3534 3814 3614">
    <p class='ocr_par' dir='ltr' id='par_1_85' title="bbox 2166 3534 3814 3614">
     <span class='ocr_line' id='line_1_86' title="bbox 2166 3534 3814 3614; baseline 0 -25"><span class='ocrx_word' id='word_1_542' title='bbox 2166 3542 2473 3610; x_wconf 70' lang='grc' dir='ltr'><em>γράμμασιν</em></span> <span class='ocrx_word' id='word_1_543' title='bbox 2522 3538 2590 3598; x_wconf 76' lang='grc' dir='ltr'><em>εἰς</em></span> <span class='ocrx_word' id='word_1_544' title='bbox 2632 3534 2745 3589; x_wconf 79' lang='grc' dir='ltr'><em>δέον</em></span> <span class='ocrx_word' id='word_1_545' title='bbox 2798 3539 3143 3610; x_wconf 77' lang='grc' dir='ltr'><em>χρησώμεθα.</em></span> <span class='ocrx_word' id='word_1_546' title='bbox 3196 3543 3294 3590; x_wconf 81' lang='grc' dir='ltr'><strong><em>Καὶ</em></strong></span> <span class='ocrx_word' id='word_1_547' title='bbox 3345 3540 3445 3614; x_wconf 73' lang='grc' dir='ltr'><strong><em>γὰρ</em></strong></span> <span class='ocrx_word' id='word_1_548' title='bbox 3486 3540 3567 3589; x_wconf 82' lang='grc' dir='ltr'><strong><em>ἐπὶ</em></strong></span> <span class='ocrx_word' id='word_1_549' title='bbox 3615 3547 3715 3591; x_wconf 84' lang='grc' dir='ltr'><strong><em>τῶν</em></strong></span> <span class='ocrx_word' id='word_1_550' title='bbox 3770 3537 3814 3589; x_wconf 81' lang='grc' dir='ltr'><strong><em>έν</em></strong></span> 
     </span>
    </p>
   </div>
   <div class='ocr_carea' id='block_1_86' title="bbox 2166 3633 3814 3707">
    <p class='ocr_par' dir='ltr' id='par_1_86' title="bbox 2166 3633 3814 3707">
     <span class='ocr_line' id='line_1_87' title="bbox 2166 3633 3814 3707; baseline -0.005 -14"><span class='ocrx_word' id='word_1_551' title='bbox 2166 3644 2226 3706; x_wconf 77' lang='grc' dir='ltr'><strong><em>τῇ</em></strong></span> <span class='ocrx_word' id='word_1_552' title='bbox 2274 3634 2493 3704; x_wconf 69' lang='grc' dir='ltr'><em>Παλαιᾷ,</em></span> <span class='ocrx_word' id='word_1_553' title='bbox 2550 3644 2620 3704; x_wconf 75' lang='grc' dir='ltr'><em>τῷ</em></span> <span class='ocrx_word' id='word_1_554' title='bbox 2660 3642 2772 3687; x_wconf 80' lang='grc' dir='ltr'><strong><em>Νῶε</em></strong></span> <span class='ocrx_word' id='word_1_555' title='bbox 2824 3638 2909 3685; x_wconf 86' lang='grc' dir='ltr'><em>καὶ</em></span> <span class='ocrx_word' id='word_1_556' title='bbox 2960 3643 3031 3704; x_wconf 82' lang='grc' dir='ltr'><em>τῷ</em></span> <span class='ocrx_word' id='word_1_557' title='bbox 3086 3633 3322 3707; x_wconf 78' lang='grc' dir='ltr'><em>Ἀϐραὰμ</em></span> <span class='ocrx_word' id='word_1_558' title='bbox 3369 3641 3458 3687; x_wconf 81' lang='grc' dir='ltr'><em>καὶ</em></span> <span class='ocrx_word' id='word_1_559' title='bbox 3510 3634 3618 3695; x_wconf 84' lang='grc' dir='ltr'><em>τοῖς</em></span> <span class='ocrx_word' id='word_1_560' title='bbox 3665 3635 3814 3707; x_wconf 70' lang='grc' dir='ltr'><strong><em>ἔγγο-</em></strong></span> 
     </span>
    </p>
   </div>
   <div class='ocr_carea' id='block_1_87' title="bbox 2164 3721 3817 3796">
    <p class='ocr_par' dir='ltr' id='par_1_87' title="bbox 2164 3721 3817 3796">
     <span class='ocr_line' id='line_1_88' title="bbox 2164 3721 3817 3796; baseline -0.001 -20"><span class='ocrx_word' id='word_1_561' title='bbox 2164 3744 2270 3784; x_wconf 86' lang='grc' dir='ltr'><em>νοις</em></span> <span class='ocrx_word' id='word_1_562' title='bbox 2306 3732 2412 3784; x_wconf 83' lang='grc' dir='ltr'><em>τοῖς</em></span> <span class='ocrx_word' id='word_1_563' title='bbox 2465 3722 2676 3792; x_wconf 81' lang='grc' dir='ltr'><em>ἐκείνου,</em></span> <span class='ocrx_word' id='word_1_564' title='bbox 2712 3728 2801 3775; x_wconf 84' lang='grc' dir='ltr'><em>καὶ</em></span> <span class='ocrx_word' id='word_1_565' title='bbox 2840 3732 2910 3793; x_wconf 82' lang='grc' dir='ltr'><strong><em>τῷ</em></strong></span> <span class='ocrx_word' id='word_1_566' title='bbox 2955 3723 3093 3791; x_wconf 75' lang='grc' dir='ltr'><strong><em>Ἰὼϐ,</em></strong></span> <span class='ocrx_word' id='word_1_567' title='bbox 3126 3729 3214 3775; x_wconf 82' lang='grc' dir='ltr'><em>καὶ</em></span> <span class='ocrx_word' id='word_1_568' title='bbox 3252 3733 3322 3793; x_wconf 80' lang='grc' dir='ltr'><em>τῷ</em></span> <span class='ocrx_word' id='word_1_569' title='bbox 3354 3726 3570 3796; x_wconf 73' lang='grc' dir='ltr'><strong><em>Μωυσῇ,</em></strong></span> <span class='ocrx_word' id='word_1_570' title='bbox 3627 3725 3689 3777; x_wconf 69' lang='grc' dir='ltr'><strong><em>οὐ</em></strong></span> <span class='ocrx_word' id='word_1_571' title='bbox 3729 3721 3817 3776; x_wconf 78' lang='grc' dir='ltr'><strong><em>διὰ</em></strong></span> 
     </span>
    </p>
   </div>
   <div class='ocr_carea' id='block_1_88' title="bbox 2165 3816 3814 3895">
    <p class='ocr_par' dir='ltr' id='par_1_88' title="bbox 2165 3816 3814 3895">
     <span class='ocr_line' id='line_1_89' title="bbox 2165 3816 3814 3895; baseline 0.001 -24"><span class='ocrx_word' id='word_1_572' title='bbox 2165 3822 2483 3895; x_wconf 76' lang='grc' dir='ltr'><em>γραμμάτων</em></span> <span class='ocrx_word' id='word_1_573' title='bbox 2537 3823 2561 3871; x_wconf 83' lang='grc' dir='ltr'>ὁ</span> <span class='ocrx_word' id='word_1_574' title='bbox 2604 3824 2750 3892; x_wconf 75' lang='grc' dir='ltr'><em>Θεὸς,</em></span> <span class='ocrx_word' id='word_1_575' title='bbox 2787 3820 2913 3872; x_wconf 52' lang='lat' dir='ltr'><strong><em>EAM</em></strong></span> <span class='ocrx_word' id='word_1_576' title='bbox 2952 3816 3007 3871; x_wconf 74' lang='grc' dir='ltr'><strong><em>δι</em></strong></span> <span class='ocrx_word' id='word_1_577' title='bbox 3034 3820 3231 3872; x_wconf 71' lang='grc' dir='ltr'><em>’ἑαυτοῦ</em></span> <span class='ocrx_word' id='word_1_578' title='bbox 3274 3817 3545 3892; x_wconf 74' lang='grc' dir='ltr'><strong><em>διελέγετο,</em></strong></span> <span class='ocrx_word' id='word_1_579' title='bbox 3580 3824 3814 3893; x_wconf 74' lang='grc' dir='ltr'><em>καθαρὰν</em></span> 
     </span>
    </p>
   </div>
   <div class='ocr_carea' id='block_1_89' title="bbox 2166 3914 3816 3990">
    <p class='ocr_par' dir='ltr' id='par_1_89' title="bbox 2166 3914 3816 3990">
     <span class='ocr_line' id='line_1_90' title="bbox 2166 3914 3816 3990; baseline 0.001 -22"><span class='ocrx_word' id='word_1_580' title='bbox 2166 3920 2417 3990; x_wconf 70' lang='grc' dir='ltr'><em>εὑρίσκων</em></span> <span class='ocrx_word' id='word_1_581' title='bbox 2492 3917 2659 3969; x_wconf 68' lang='grc' dir='ltr'><em>αὑτων</em></span> <span class='ocrx_word' id='word_1_582' title='bbox 2722 3922 2814 3975; x_wconf 79' lang='grc' dir='ltr'><strong><em>τὴν</em></strong></span> <span class='ocrx_word' id='word_1_583' title='bbox 2882 3914 3141 3972; x_wconf 68' lang='grc' dir='ltr'><em>διάνοιαν.</em></span> <span class='ocrx_word' id='word_1_584' title='bbox 3212 3920 3353 3971; x_wconf 68' lang='grc' dir='ltr'><em>Ἐπεὶ</em></span> <span class='ocrx_word' id='word_1_585' title='bbox 3406 3915 3464 3971; x_wconf 70' lang='grc' dir='ltr'><strong><em>δὲ</em></strong></span> <span class='ocrx_word' id='word_1_586' title='bbox 3530 3918 3607 3981; x_wconf 82' lang='grc' dir='ltr'><em>εἰς</em></span> <span class='ocrx_word' id='word_1_587' title='bbox 3665 3920 3816 3972; x_wconf 55' lang='lat' dir='ltr'><strong><em>adeo»</em></strong></span> 
     </span>
    </p>
   </div>
   <div class='ocr_carea' id='block_1_90' title="bbox 2166 4002 3813 4083">
    <p class='ocr_par' dir='ltr' id='par_1_90' title="bbox 2166 4002 3813 4083">
     <span class='ocr_line' id='line_1_91' title="bbox 2166 4002 3813 4083; baseline 0.001 -25"><span class='ocrx_word' id='word_1_588' title='bbox 2166 4011 2252 4058; x_wconf 85' lang='grc' dir='ltr'><em>τὸν</em></span> <span class='ocrx_word' id='word_1_589' title='bbox 2306 4002 2399 4067; x_wconf 77' lang='grc' dir='ltr'><strong><em>τῆς</em></strong></span> <span class='ocrx_word' id='word_1_590' title='bbox 2448 4011 2629 4065; x_wconf 83' lang='grc' dir='ltr'><em>κακίας</em></span> <span class='ocrx_word' id='word_1_591' title='bbox 2682 4005 2880 4058; x_wconf 80' lang='grc' dir='ltr'><em>ἐνέπεσε</em></span> <span class='ocrx_word' id='word_1_592' title='bbox 2936 4009 3170 4077; x_wconf 78' lang='grc' dir='ltr'><em>πυθμένα</em></span> <span class='ocrx_word' id='word_1_593' title='bbox 3225 4014 3326 4066; x_wconf 76' lang='grc' dir='ltr'><em>πᾶς</em></span> <span class='ocrx_word' id='word_1_594' title='bbox 3381 4009 3407 4057; x_wconf 85' lang='grc' dir='ltr'><strong>ὁ</strong></span> <span class='ocrx_word' id='word_1_595' title='bbox 3463 4016 3560 4059; x_wconf 79' lang='grc' dir='ltr'><strong><em>τῶν</em></strong></span> <span class='ocrx_word' id='word_1_596' title='bbox 3613 4008 3813 4083; x_wconf 77' lang='grc' dir='ltr'><strong><em>Ἐϐραίο</em></strong></span> 
     </span>
    </p>
   </div>
   <div class='ocr_carea' id='block_1_91' title="bbox 2166 4093 3816 4170">
    <p class='ocr_par' dir='ltr' id='par_1_91' title="bbox 2166 4093 3816 4170">
     <span class='ocr_line' id='line_1_92' title="bbox 2166 4093 3816 4170; baseline 0.002 -24"><span class='ocrx_word' id='word_1_597' title='bbox 2166 4117 2231 4147; x_wconf 91' lang='grc' dir='ltr'><strong><em>ων</em></strong></span> <span class='ocrx_word' id='word_1_598' title='bbox 2308 4093 2498 4167; x_wconf 74' lang='grc' dir='ltr'><em>δῆμος,</em></span> <span class='ocrx_word' id='word_1_599' title='bbox 2585 4101 2698 4147; x_wconf 81' lang='grc' dir='ltr'><em>τότε</em></span> <span class='ocrx_word' id='word_1_600' title='bbox 2788 4096 2964 4147; x_wconf 75' lang='grc' dir='ltr'><em>λοιπὸν</em></span> <span class='ocrx_word' id='word_1_601' title='bbox 3048 4096 3254 4161; x_wconf 80' lang='grc' dir='ltr'><em>πλάκες,</em></span> <span class='ocrx_word' id='word_1_602' title='bbox 3330 4101 3418 4148; x_wconf 85' lang='grc' dir='ltr'><em>καὶ</em></span> <span class='ocrx_word' id='word_1_603' title='bbox 3505 4101 3816 4170; x_wconf 66' lang='grc' dir='ltr'><em>γράμματα,</em></span> 
     </span>
    </p>
   </div>
   <div class='ocr_carea' id='block_1_92' title="bbox 2562 4182 3819 4256">
    <p class='ocr_par' dir='ltr' id='par_1_92' title="bbox 2562 4182 3819 4256">
     <span class='ocr_line' id='line_1_93' title="bbox 2562 4182 3819 4256; baseline 0.002 -21"><span class='ocrx_word' id='word_1_604' title='bbox 2562 4188 2753 4236; x_wconf 74' lang='grc' dir='ltr'><em>τούτων</em></span> <span class='ocrx_word' id='word_1_605' title='bbox 2808 4184 3128 4255; x_wconf 73' lang='grc' dir='ltr'><em>ὑπόμνησις.</em></span> <span class='ocrx_word' id='word_1_606' title='bbox 3192 4184 3414 4256; x_wconf 81' lang='grc' dir='ltr'><em>Ὁμοίως</em></span> <span class='ocrx_word' id='word_1_607' title='bbox 3466 4182 3523 4238; x_wconf 65' lang='grc' dir='ltr'><strong><em>δὲ</em></strong></span> <span class='ocrx_word' id='word_1_608' title='bbox 3589 4192 3685 4239; x_wconf 82' lang='grc' dir='ltr'><em>καὶ</em></span> <span class='ocrx_word' id='word_1_609' title='bbox 3740 4190 3819 4237; x_wconf 73' lang='grc' dir='ltr'><em>ἐπὶ</em></span> 
     </span>
    </p>
   </div>
   <div class='ocr_carea' id='block_1_93' title="bbox 3683 4279 3821 4336">
    <p class='ocr_par' dir='ltr' id='par_1_93' title="bbox 3683 4279 3821 4336">
     <span class='ocr_line' id='line_1_94' title="bbox 3683 4279 3821 4336; baseline -0.007 0"><span class='ocrx_word' id='word_1_610' title='bbox 3683 4279 3821 4336; x_wconf 64' lang='lat'><strong><em>056“:</em></strong></span> 
     </span>
    </p>
   </div>
   <div class='ocr_carea' id='block_1_94' title="bbox 2161 4376 3821 4453">
    <p class='ocr_par' dir='ltr' id='par_1_94' title="bbox 2161 4376 3821 4453">
     <span class='ocr_line' id='line_1_95' title="bbox 2161 4376 3821 4453; baseline -0.001 -22"><span class='ocrx_word' id='word_1_611' title='bbox 2161 4383 2259 4452; x_wconf 70' lang='grc' dir='ltr'><strong><em>γάρ</em></strong></span> <span class='ocrx_word' id='word_1_612' title='bbox 2326 4388 2430 4440; x_wconf 85' lang='grc' dir='ltr'><em>τοῖς</em></span> <span class='ocrx_word' id='word_1_613' title='bbox 2481 4378 2788 4440; x_wconf 74' lang='grc' dir='ltr'><em>ἀποστόλοις</em></span> <span class='ocrx_word' id='word_1_614' title='bbox 2840 4376 3004 4430; x_wconf 67' lang='lat' dir='ltr'><strong><em>to“th</em></strong></span> <span class='ocrx_word' id='word_1_615' title='bbox 3053 4399 3101 4430; x_wconf 89' lang='grc' dir='ltr'><em>τι</em></span> <span class='ocrx_word' id='word_1_616' title='bbox 3154 4382 3387 4453; x_wconf 78' lang='grc' dir='ltr'><em>γραπτὸν</em></span> <span class='ocrx_word' id='word_1_617' title='bbox 3439 4382 3465 4430; x_wconf 86' lang='grc' dir='ltr'><em>ὁ</em></span> <span class='ocrx_word' id='word_1_618' title='bbox 3516 4386 3675 4447; x_wconf 79' lang='grc' dir='ltr'><em>Θεὸς,</em></span> <span class='ocrx_word' id='word_1_619' title='bbox 3732 4378 3821 4431; x_wconf 77' lang='grc' dir='ltr'><strong><em>αλλ</em></strong></span> 
     </span>
    </p>
   </div>
   <div class='ocr_carea' id='block_1_95' title="bbox 2162 4278 3601 4354">
    <p class='ocr_par' dir='ltr' id='par_1_95' title="bbox 2162 4278 3601 4354">
     <span class='ocr_line' id='line_1_96' title="bbox 2162 4278 3601 4354; baseline 0 -21"><span class='ocrx_word' id='word_1_620' title='bbox 2162 4290 2261 4333; x_wconf 83' lang='grc' dir='ltr'><em>τῶν</em></span> <span class='ocrx_word' id='word_1_621' title='bbox 2328 4281 2374 4333; x_wconf 79' lang='grc' dir='ltr'><strong><em>ἐν</em></strong></span> <span class='ocrx_word' id='word_1_622' title='bbox 2426 4290 2488 4354; x_wconf 76' lang='grc' dir='ltr'><em>τῇ</em></span> <span class='ocrx_word' id='word_1_623' title='bbox 2564 4289 2723 4353; x_wconf 78' lang='grc' dir='ltr'><em>Καινῇ</em></span> <span class='ocrx_word' id='word_1_624' title='bbox 2781 4289 2934 4334; x_wconf 81' lang='grc' dir='ltr'><em>τοῦτο</em></span> <span class='ocrx_word' id='word_1_625' title='bbox 2984 4280 3185 4354; x_wconf 74' lang='grc' dir='ltr'>συμϐὰν</span> <span class='ocrx_word' id='word_1_626' title='bbox 3234 4278 3344 4334; x_wconf 65' lang='lat' dir='ltr'><strong><em>idat</em></strong></span> <span class='ocrx_word' id='word_1_627' title='bbox 3399 4302 3474 4343; x_wconf 85' lang='grc' dir='ltr'><strong><em>τις</em></strong></span> <span class='ocrx_word' id='word_1_628' title='bbox 3510 4280 3601 4339; x_wconf 84' lang='grc' dir='ltr'><strong><em>ἆν.</em></strong></span> 
     </span>
    </p>
   </div>
   <div class='ocr_carea' id='block_1_96' title="bbox 2162 4477 3820 4552">
    <p class='ocr_par' dir='ltr' id='par_1_96' title="bbox 2162 4477 3820 4552">
     <span class='ocr_line' id='line_1_97' title="bbox 2162 4477 3820 4552; baseline 0.001 -23"><span class='ocrx_word' id='word_1_629' title='bbox 2162 4477 2275 4530; x_wconf 81' lang='grc' dir='ltr'><em>ἀντὶ</em></span> <span class='ocrx_word' id='word_1_630' title='bbox 2331 4480 2649 4552; x_wconf 72' lang='grc' dir='ltr'><em>’γραμμάτων</em></span> <span class='ocrx_word' id='word_1_631' title='bbox 2729 4482 2822 4535; x_wconf 79' lang='grc' dir='ltr'><strong><em>τὴν</em></strong></span> <span class='ocrx_word' id='word_1_632' title='bbox 2881 4484 2969 4529; x_wconf 75' lang='grc' dir='ltr'><strong><em>τοῦ</em></strong></span> <span class='ocrx_word' id='word_1_633' title='bbox 3030 4482 3321 4549; x_wconf 77' lang='grc' dir='ltr'><em>Πνευματος</em></span> <span class='ocrx_word' id='word_1_634' title='bbox 3397 4478 3577 4539; x_wconf 74' lang='grc' dir='ltr'><em>αὐτοῖς</em></span> <span class='ocrx_word' id='word_1_635' title='bbox 3662 4482 3820 4549; x_wconf 73' lang='grc' dir='ltr'><em>ἐπηγ-</em></span> 
     </span>
    </p>
   </div>
   <div class='ocr_carea' id='block_1_97' title="bbox 2159 4573 3821 4649">
    <p class='ocr_par' dir='ltr' id='par_1_97' title="bbox 2159 4573 3821 4649">
     <span class='ocr_line' id='line_1_98' title="bbox 2159 4573 3821 4649; baseline 0 -21"><span class='ocrx_word' id='word_1_636' title='bbox 2159 4576 2363 4648; x_wconf 76' lang='grc' dir='ltr'><em>γείλατο</em></span> <span class='ocrx_word' id='word_1_637' title='bbox 2446 4573 2632 4628; x_wconf 72' lang='grc' dir='ltr'><em>δώσειν</em></span> <span class='ocrx_word' id='word_1_638' title='bbox 2703 4579 2888 4649; x_wconf 79' lang='grc' dir='ltr'><em>χάριν.</em></span> <span class='ocrx_word' id='word_1_639' title='bbox 2968 4577 3186 4637; x_wconf 87' lang='grc' dir='ltr'><em>Ἐκεῖνος</em></span> <span class='ocrx_word' id='word_1_640' title='bbox 3249 4579 3349 4648; x_wconf 70' lang='grc' dir='ltr'><strong><em>γὰρ</em></strong></span> <span class='ocrx_word' id='word_1_641' title='bbox 3403 4577 3535 4648; x_wconf 76' lang='grc' dir='ltr'><em>ὑμᾶς</em></span> <span class='ocrx_word' id='word_1_642' title='bbox 3587 4575 3821 4649; x_wconf 73' lang='grc' dir='ltr'><em>ἀναμνή-</em></span> 
     </span>
    </p>
   </div>
   <div class='ocr_carea' id='block_1_98' title="bbox 2162 4673 3822 4747">
    <p class='ocr_par' dir='ltr' id='par_1_98' title="bbox 2162 4673 3822 4747">
     <span class='ocr_line' id='line_1_99' title="bbox 2162 4673 3822 4747; baseline 0.001 -20"><span class='ocrx_word' id='word_1_643' title='bbox 2162 4673 2259 4741; x_wconf 71' lang='grc' dir='ltr'><strong><em>σὶι,</em></strong></span> <span class='ocrx_word' id='word_1_644' title='bbox 2322 4679 2471 4746; x_wconf 72' lang='grc' dir='ltr'><strong><em>φησὶ,</em></strong></span> <span class='ocrx_word' id='word_1_645' title='bbox 2505 4677 2696 4729; x_wconf 82' lang='grc' dir='ltr'><em>πάντα.</em></span> <span class='ocrx_word' id='word_1_646' title='bbox 2758 4679 2858 4727; x_wconf 83' lang='grc' dir='ltr'><strong><em>Καὶ</em></strong></span> <span class='ocrx_word' id='word_1_647' title='bbox 2895 4675 2976 4726; x_wconf 82' lang='grc' dir='ltr'><strong><em>ἵνα</em></strong></span> <span class='ocrx_word' id='word_1_648' title='bbox 3013 4674 3206 4747; x_wconf 65' lang='grc' dir='ltr'><em>μάθῃς,</em></span> <span class='ocrx_word' id='word_1_649' title='bbox 3253 4675 3331 4726; x_wconf 87' lang='grc' dir='ltr'><strong><em>ὁτι</em></strong></span> <span class='ocrx_word' id='word_1_650' title='bbox 3379 4682 3529 4726; x_wconf 78' lang='grc' dir='ltr'><em>τοῦτο</em></span> <span class='ocrx_word' id='word_1_651' title='bbox 3578 4675 3716 4728; x_wconf 72' lang='grc' dir='ltr'><strong><em>πολύ</em></strong></span> <span class='ocrx_word' id='word_1_652' title='bbox 3748 4680 3822 4747; x_wconf 82' lang='lat'><strong><em>(2)</em></strong></span> 
     </span>
    </p>
   </div>
   <div class='ocr_carea' id='block_1_99' title="bbox 2158 4761 3813 4838">
    <p class='ocr_par' dir='ltr' id='par_1_99' title="bbox 2158 4761 3813 4838">
     <span class='ocr_line' id='line_1_100' title="bbox 2158 4761 3813 4838; baseline 0.001 -23"><span class='ocrx_word' id='word_1_653' title='bbox 2158 4767 2360 4837; x_wconf 83' lang='grc' dir='ltr'><em>ἄμεινον</em></span> <span class='ocrx_word' id='word_1_654' title='bbox 2390 4820 2403 4825; x_wconf 16' lang='grc' dir='ltr'><strong><em>νὴ</em></strong></span> <span class='ocrx_word' id='word_1_655' title='bbox 2434 4761 2513 4831; x_wconf 70' lang='grc' dir='ltr'><strong><em>ἦν,</em></strong></span> <span class='ocrx_word' id='word_1_656' title='bbox 2567 4764 2810 4831; x_wconf 78' lang='grc' dir='ltr'><em>ἄκουσον,</em></span> <span class='ocrx_word' id='word_1_657' title='bbox 2880 4761 2973 4816; x_wconf 77' lang='grc' dir='ltr'><strong><em>διὰ</em></strong></span> <span class='ocrx_word' id='word_1_658' title='bbox 3037 4774 3127 4816; x_wconf 73' lang='grc' dir='ltr'><em>τοῦ</em></span> <span class='ocrx_word' id='word_1_659' title='bbox 3185 4770 3451 4838; x_wconf 72' lang='grc' dir='ltr'><em>προφήτου</em></span> <span class='ocrx_word' id='word_1_660' title='bbox 3524 4770 3579 4816; x_wconf 81' lang='grc' dir='ltr'>τί</span> <span class='ocrx_word' id='word_1_661' title='bbox 3652 4781 3813 4838; x_wconf 70' lang='grc' dir='ltr'><strong><em>φησι·</em></strong></span> 
     </span>
    </p>
   </div>
   <div class='ocr_carea' id='block_1_100' title="bbox 3436 4858 3821 4926">
    <p class='ocr_par' dir='ltr' id='par_1_100' title="bbox 3436 4858 3821 4926">
     <span class='ocr_line' id='line_1_101' title="bbox 3436 4858 3821 4926; baseline 0.003 -12"><span class='ocrx_word' id='word_1_662' title='bbox 3436 4858 3598 4915; x_wconf 69' lang='grc' dir='ltr'><strong><em>διδού</em></strong></span> <span class='ocrx_word' id='word_1_663' title='bbox 3611 4884 3633 4926; x_wconf 88' lang='grc' dir='ltr'><strong><em>ς</em></strong></span> <span class='ocrx_word' id='word_1_664' title='bbox 3731 4868 3821 4915; x_wconf 72' lang='grc' dir='ltr'><strong><em>νό-</em></strong></span> 
     </span>
    </p>
   </div>
   <div class='ocr_carea' id='block_1_101' title="bbox 2158 4860 3314 4936">
    <p class='ocr_par' dir='ltr' id='par_1_101' title="bbox 2158 4860 3314 4936">
     <span class='ocr_line' id='line_1_102' title="bbox 2158 4860 3314 4936; baseline -0.003 -19"><span class='ocrx_word' id='word_1_665' title='bbox 2158 4866 2481 4936; x_wconf 77' lang='grc' dir='ltr'><em>Διαθήσομαι</em></span> <span class='ocrx_word' id='word_1_666' title='bbox 2560 4865 2679 4936; x_wconf 77' lang='grc' dir='ltr'><em>ὑμῖν</em></span> <span class='ocrx_word' id='word_1_667' title='bbox 2771 4860 3031 4922; x_wconf 71' lang='grc' dir='ltr'><strong><em>διαθήκην</em></strong></span> <span class='ocrx_word' id='word_1_668' title='bbox 3113 4868 3314 4929; x_wconf 74' lang='grc' dir='ltr'><em>καινὴν,</em></span> 
     </span>
    </p>
   </div>
   <div class='ocr_carea' id='block_1_102' title="bbox 2156 4950 3825 5036">
    <p class='ocr_par' dir='ltr' id='par_1_102' title="bbox 2156 4950 3825 5036">
     <span class='ocr_line' id='line_1_103' title="bbox 2156 4950 3825 5036; baseline -0.001 -29"><span class='ocrx_word' id='word_1_669' title='bbox 2156 4976 2280 5036; x_wconf 75' lang='grc' dir='ltr'><em>μους</em></span> <span class='ocrx_word' id='word_1_670' title='bbox 2367 4974 2465 5029; x_wconf 83' lang='grc' dir='ltr'><em>μου</em></span> <span class='ocrx_word' id='word_1_671' title='bbox 2560 4953 2627 5015; x_wconf 75' lang='grc' dir='ltr'><em>εἰς</em></span> <span class='ocrx_word' id='word_1_672' title='bbox 2704 4950 2937 5008; x_wconf 74' lang='grc' dir='ltr'><em>διάνοιαν</em></span> <span class='ocrx_word' id='word_1_673' title='bbox 3025 4954 3190 5005; x_wconf 66' lang='grc' dir='ltr'><em>αὐτῶν</em></span> <span class='ocrx_word' id='word_1_674' title='bbox 3260 4958 3348 5005; x_wconf 81' lang='grc' dir='ltr'><em>καὶ</em></span> <span class='ocrx_word' id='word_1_675' title='bbox 3423 4952 3505 5004; x_wconf 73' lang='grc' dir='ltr'><strong><em>ἐπὶ</em></strong></span> <span class='ocrx_word' id='word_1_676' title='bbox 3596 4951 3825 5028; x_wconf 76' lang='grc' dir='ltr'><em>καρδίας</em></span> 
     </span>
    </p>
   </div>
   <div class='ocr_carea' id='block_1_103' title="bbox 1625 5156 2570 5232">
    <p class='ocr_par' dir='ltr' id='par_1_103' title="bbox 1625 5156 2570 5232">
     <span class='ocr_line' id='line_1_104' title="bbox 1625 5156 2570 5232; baseline -0.002 -7"><span class='ocrx_word' id='word_1_677' title='bbox 1625 5156 1845 5226; x_wconf 61' lang='lat' dir='ltr'><strong><em>Variae</em></strong></span> <span class='ocrx_word' id='word_1_678' title='bbox 1900 5160 2225 5232; x_wconf 87' lang='lat' dir='ltr'><strong><em>lectiones</em></strong></span> <span class='ocrx_word' id='word_1_679' title='bbox 2268 5169 2333 5227; x_wconf 87' lang='lat' dir='ltr'><strong><em>et</em></strong></span> <span class='ocrx_word' id='word_1_680' title='bbox 2370 5168 2570 5225; x_wconf 81' lang='lat' dir='ltr'><strong><em>notae.</em></strong></span> 
     </span>
    </p>
   </div>
   <div class='ocr_carea' id='block_1_104' title="bbox 464 5275 3822 5362">
    <p class='ocr_par' dir='ltr' id='par_1_104' title="bbox 464 5275 3822 5362">
     <span class='ocr_line' id='line_1_105' title="bbox 464 5275 3822 5362; baseline 0.001 -30"><span class='ocrx_word' id='word_1_681' title='bbox 464 5278 542 5350; x_wconf 80' lang='grc' dir='ltr'>(ί)</span> <span class='ocrx_word' id='word_1_682' title='bbox 585 5278 733 5334; x_wconf 86' lang='lat' dir='ltr'><strong><em>Loco</em></strong></span> <span class='ocrx_word' id='word_1_683' title='bbox 776 5277 957 5350; x_wconf 85' lang='lat' dir='ltr'><strong><em>hujus</em></strong></span> <span class='ocrx_word' id='word_1_684' title='bbox 989 5278 1196 5336; x_wconf 88' lang='lat' dir='ltr'><strong><em>indicis</em></strong></span> <span class='ocrx_word' id='word_1_685' title='bbox 1228 5279 1289 5336; x_wconf 92' lang='lat' dir='ltr'><strong><em>in</em></strong></span> <span class='ocrx_word' id='word_1_686' title='bbox 1333 5279 1529 5339; x_wconf 90' lang='lat' dir='ltr'><strong><em>codice</em></strong></span> <span class='ocrx_word' id='word_1_687' title='bbox 1563 5283 1619 5339; x_wconf 85' lang='grc' dir='ltr'><strong><em>Β.</em></strong></span> <span class='ocrx_word' id='word_1_688' title='bbox 1656 5289 1743 5342; x_wconf 87' lang='lat' dir='ltr'><strong><em>est</em></strong></span> <span class='ocrx_word' id='word_1_689' title='bbox 1781 5287 2043 5362; x_wconf 84' lang='lat' dir='ltr'><strong><em>spatium</em></strong></span> <span class='ocrx_word' id='word_1_690' title='bbox 2151 5288 2249 5345; x_wconf 90' lang='lat' dir='ltr'><strong><em>illo</em></strong></span> <span class='ocrx_word' id='word_1_691' title='bbox 2292 5284 2473 5341; x_wconf 91' lang='lat' dir='ltr'><strong><em>modo</em></strong></span> <span class='ocrx_word' id='word_1_692' title='bbox 2513 5282 2693 5339; x_wconf 89' lang='lat' dir='ltr'><strong><em>habet</em></strong></span> <span class='ocrx_word' id='word_1_693' title='bbox 2721 5280 3063 5354; x_wconf 86' lang='lat' dir='ltr'><strong><em>Chrystom.</em></strong></span> <span class='ocrx_word' id='word_1_694' title='bbox 3104 5286 3252 5336; x_wconf 87' lang='lat' dir='ltr'><strong><em>tom.</em></strong></span> <span class='ocrx_word' id='word_1_695' title='bbox 3311 5275 3427 5347; x_wconf 78' lang='lat' dir='ltr'><strong>VII,</strong></span> <span class='ocrx_word' id='word_1_696' title='bbox 3462 5294 3524 5351; x_wconf 91' lang='lat' dir='ltr'><strong><em>p.</em></strong></span> <span class='ocrx_word' id='word_1_697' title='bbox 3569 5280 3630 5347; x_wconf 77' lang='lat'><strong><em>2,</em></strong></span> <span class='ocrx_word' id='word_1_698' title='bbox 3678 5280 3822 5338; x_wconf 85' lang='lat' dir='ltr'><strong><em>edit.</em></strong></span> 
     </span>
    </p>
   </div>
   <div class='ocr_carea' id='block_1_105' title="bbox 391 5384 673 5425">
    <p class='ocr_par' dir='ltr' id='par_1_105' title="bbox 391 5384 673 5425">
     <span class='ocr_line' id='line_1_106' title="bbox 391 5384 673 5425; baseline -0.007 0"><span class='ocrx_word' id='word_1_699' title='bbox 391 5384 673 5425; x_wconf 81' lang='lat' dir='ltr'><strong><em>vacuum.</em></strong></span> 
     </span>
    </p>
   </div>
   <div class='ocr_carea' id='block_1_106' title="bbox 465 5457 2044 5539">
    <p class='ocr_par' dir='ltr' id='par_1_106' title="bbox 465 5457 2044 5539">
     <span class='ocr_line' id='line_1_107' title="bbox 465 5457 2044 5539; baseline 0.006 -26"><span class='ocrx_word' id='word_1_700' title='bbox 465 5458 539 5537; x_wconf 75' lang='lat'><strong><em>(2)</em></strong></span> <span class='ocrx_word' id='word_1_701' title='bbox 579 5457 698 5512; x_wconf 60' lang='grc' dir='ltr'><strong><em>*Οτι</em></strong></span> <span class='ocrx_word' id='word_1_702' title='bbox 751 5458 883 5513; x_wconf 72' lang='grc' dir='ltr'><em>πολύ</em></span> <span class='ocrx_word' id='word_1_703' title='bbox 936 5466 1087 5515; x_wconf 74' lang='grc' dir='ltr'><em>τοῦτο</em></span> <span class='ocrx_word' id='word_1_704' title='bbox 1138 5459 1362 5539; x_wconf 75' lang='grc' dir='ltr'><em>ἄμεινον,</em></span> <span class='ocrx_word' id='word_1_705' title='bbox 1418 5462 1646 5523; x_wconf 88' lang='lat' dir='ltr'><strong><em>omisso</em></strong></span> <span class='ocrx_word' id='word_1_706' title='bbox 1696 5459 1775 5527; x_wconf 71' lang='grc' dir='ltr'><strong><em>ἦν.</em></strong></span> <span class='ocrx_word' id='word_1_707' title='bbox 1832 5468 1899 5527; x_wconf 83' lang='grc' dir='ltr'><strong><em>Α.</em></strong></span> <span class='ocrx_word' id='word_1_708' title='bbox 1934 5462 2044 5526; x_wconf 85' lang='lat' dir='ltr'><strong><em>Sed</em></strong></span> 
     </span>
    </p>
   </div>
   <div class='ocr_carea' id='block_1_107' title="bbox 2153 5372 2615 5433">
    <p class='ocr_par' dir='ltr' id='par_1_107' title="bbox 2153 5372 2615 5433">
     <span class='ocr_line' id='line_1_108' title="bbox 2153 5372 2615 5433; baseline -0.006 -1"><span class='ocrx_word' id='word_1_709' title='bbox 2153 5372 2615 5433; x_wconf 86' lang='lat' dir='ltr'><strong><em>Montefalconii.</em></strong></span> 
     </span>
    </p>
   </div>
  </div>
