3976 6222
265 332 345 388 H3

1399 333 1767 393 COMMENT.
1807 333 1878 390 IN
1920 330 2354 390 ΜΑΤΤΗᾹΞΗΜ.

3439 328 3541 388 114

255 457 415 532 γραψω
465 458 635 522 αὐτούς’
687 464 776 514 καὶ
832 462 1040 515 ἔσονται
1081 463 1266 525 πάντες
1323 460 1572 517 διδακτοὶ
1617 472 1745 518 Θεοῦ

1881 475 2040 518 meas
2072 460 2131 515 in
2166 465 2417 516 mentem
2467 473 2684 524 eorum,
2727 463 2780 514 et
2810 457 2870 514 in
2900 471 3072 515 corae
3098 455 3336 514 scribam
3371 471 3468 514 eas
3493 459 3536 528 ²,

257 551 396 601 Καιὸ
442 548 606 611 Παῦλος
649 546 724 621 δὲ,
775 555 973 610 ταύτην
1030 548 1407 626 ἐνδεικνύμενος
1448 559 1540 611 τὴν
1592 575 1773 628 υπερο-

247 641 351 708 χὴν,
384 637 518 708 ἔλεγεν
559 638 808 711 εἰληφέναι
862 645 1035 712 νόμον,
1087 641 1180 695 οὐκ
1224 642 1272 695 ἐν
1322 643 1477 708 πλαξί
1529 643 1768 711 λιθίναις,

241 724 327 776 ἀλλ’
365 726 405 776 ἐν
442 727 580 790 πλαξὶ
624 725 850 801 καρδίας
912 736 1198 805 σαρκίναις.
1253 731 1396 786 Ἐπεί
1454 731 1513 787 δε
1571 740 1766 809 χρόνου

236 819 448 884 προίόντος
485 816 762 889 ἐξώκειλαν,
813 821 864 871 οἱ
915 823 1003 891 μὲν
1060 817 1334 894 δογμάτων
1384 822 1564 891 ἕνεκεν,
1610 826 1659 876 οὶ
1708 820 1767 876 δι

224 901 324 974 βίον
347 905 421 956 καί
445 911 648 979 τρόπον,
691 905 880 966 ἐδέησε
915 910 1066 962 παλιν
1105 921 1194 973 τῆς
1243 911 1343 966 ἀπὸ
1388 921 1487 965 τῶν
1517 914 1765 986 γραμμά-

225 1009 298 1042 των
335 994 666 1065 ὑπομνὰσεως.
723 999 992 1056 Ἐννόησον
1041 997 1148 1066 οὖν,
1199 1001 1376 1060 ἡλίκον
1428 1002 1538 1055 ἐστι
1583 1005 1760 1067 κακὸν,

218 1086 312 1142 τοὺς
356 1083 474 1134 οὕτω
527 1087 766 1159 καθαρῶς
815 1088 1107 1160 ὀφείλοντας
1161 1095 1253 1162 ζῇν
1303 1093 1371 1153 ὦς
1425 1097 1496 1164 μὴ
1555 1088 1763 1145 ὃεῐσθαι

215 1190 496 1242 γραμματίων,
547 1173 652 1227 ἀλλ’
688 1176 805 1230 ἀντὶ
846 1177 1062 1250 βιϐλίων
1099 1186 1351 1255 παρέχειν
1404 1183 1495 1243 τὰς
1537 1180 1763 1255 καρδίας

213 1270 265 1329 τῷ
293 1265 543 1334 Ursinum,
583 1263 766 1324 ἒπειδή
817 1272 912 1327 τὴν
964 1275 1117 1339 τιμὴν
1159 1269 1493 1343 ἀπωλέσαμεν
1543 1271 1757 1340 ἐκείνην,

207 1355 276 1400 καί
315 1357 612 1426 κατέστημεν
665 1355 734 1416 εἰς
794 1362 889 1415 τὴν
962 1362 1154 1411 τούτων
1220 1365 1430 1434 χρείαν,

208 1434 390 1511 δευτέρῳ
438 1447 738 1516 κεχρῆσθαι
796 1449 1073 1521 φαρμάκῳ,
1141 1448 1247 1501 ἀλλ’
1306 1450 1414 1510 εἰκῆ
1453 1455 1542 1502 καὶ
1595 1453 1763 1522 μάτην

207 1535 410 1598 περιορᾴν
435 1535 640 1603 κείμενοι
669 1536 734 1586 τὰ
770 1537 1076 1609 γράμματα,
1127 1539 1247 1611 ὅπερ
1294 1539 1376 1590 ἵνα
1422 1544 1493 1610 μὴ
1527 1544 1760 1611 γένηται,

207 1620 311 1688 ﬁt,
354 1625 686 1693 προσέχωμεν
727 1625 825 1695 (3),
885 1633 994 1688 τοῖς
1037 1632 1434 1702 γεγραμμένοις,
1483 1635 1572 1681 καὶ
1620 1630 1762 1702 φιλο-

205 1723 440 1779 πονωτερον
492 1711 812 1785 ἐξετάζωμεν
880 1720 975 1772 τήν
1042 1716 1260 1770 ἑκάστου
1333 1714 1574 1790 δύναμιν,
1631 1721 1762 1772 ὥστε

203 1800 271 1843 καὶ
299 1795 493 1849 πλοῦτον
523 1798 690 1871 ὀρθῶν
723 1798 1000 1874 δογμάτων
1042 1803 1260 1858 ἐντεῦθεν
1293 1805 1754 1884 ἀποθησαυρίζειν,

202 1888 268 1934 καὶ
291 1885 531 1958 συλλέγειν
561 1889 826 1953 πολιτείας
857 1893 1035 1966 ὑγιοῦς
1062 1891 1448 1968 ὑποδείγματα,

248 2123 373 2170 Διατί
401 2115 475 2185 δὲ,
514 2117 730 2174 δώδεκα
774 2131 870 2176 τῶν
903 2123 1199 2179 ἀποστόλων
1243 2127 1418 2192 ὄντων,
1468 2125 1564 2180 δὺο
1607 2131 1753 2201 μόνοι

191 2208 438 2280 γράφουσιν
518 2209 572 2272 ἐξ
662 2213 829 2264 αὐτῶν
933 2215 1240 2287 Εὑαγγέλια,
1316 2220 1584 2280 Ματθαῖος
1662 2222 1750 2270 καὶ

189 2293 384 2358 Ἰωάννης
417 2317 428 2364 ;
457 2301 521 2351 Οἱ
559 2301 668 2371 γὰρ
708 2302 870 2374 ἕτεροι
902 2299 1000 2355 δύο
1040 2303 1313 2358 ἀκόλουθοι
1359 2306 1548 2379 μᾶλλον
1593 2304 1746 2366 ἦσαν·

186 2387 357 2456 Μάρκος
417 2390 528 2459 μὲν,
604 2393 827 2463 Πέτρου·
901 2392 1103 2445 Παύλου
1173 2391 1249 2464 δὲ,
1319 2400 1545 2456 Λουκᾶς.
1611 2400 1749 2448 Διὸτι

183 2470 301 2525 ridis
351 2474 547 2528 ἐποίουν
628 2483 755 2553 πρὸς
824 2481 1141 2554 φιλοτιμίαν,
1202 2482 1327 2536 ἀλλὰ
1389 2486 1555 2537 πάντα
1618 2490 1748 2559 πρὸς

180 2567 349 2634 χρεία).
413 2566 508 2620 Τὸν
570 2570 666 2638 μὲν
723 2570 824 2641 γὰρ
901 2572 1166 2623 Ματθαῖον
1241 2575 1289 2624 οἱ
1359 2573 1412 2636 ἐξ
1477 2571 1746 2627 Ἰουδαίων

179 2669 500 2715 meremur-ns;

180 2743 251 2793 τήν
316 2750 401 2793 τοῦ
472 2749 812 2821 κηρύγματος
891 2751 1142 2824 ἱστορίαν,
1207 2751 1268 2810 ἢν
1341 2757 1587 2826 πρότερον
1655 2749 1748 2806 διὰ

177 2827 370 2896 γὶώττης
426 2834 613 2896 αὐτοὺς
671 2833 902 2900 ἐδίδαξε·
951 2843 1036 2891 τὸν
1086 2837 1146 2893 δὲ
1194 2843 1405 2916 Μάρκον
1457 2844 1646 2914 ὁμοίως
1697 2845 1745 2895 οἱ

180 2916 215 2966 ἐν
257 2919 478 2993 Aio/31:19.:
530 2927 944 2997 μαθητευθέντες
997 2929 1154 3000 αὐτῷ.
1212 2936 1311 2984 Καὶ
1359 2932 1384 2983 ὁ
1433 2936 1639 2996 Λουκᾶς
1688 2930 1746 2986 δὲ

180 3007 336 3061 τέθεικε
409 3017 499 3070 τὴν
572 3014 749 3066 αἰτίαν
817 3026 906 3076 τῆς
961 3028 1166 3091 γραφῆς
1239 3029 1331 3072 τοῦ
1406 3022 1742 3095 Εὐαγγελίου,

181 3097 596 3173 απολογησιέμενος
659 3109 784 3176 πρὸς
840 3110 926 3158 τὸν
985 3109 1248 3182 Θεόφιλον,
1309 3112 1390 3163 ὄτί
1451 3109 1522 3165 δι’
1569 3112 1742 3185 ἀσφά-

177 3182 285 3237 λειαν
326 3189 477 3242 miror}
517 3201 679 3244 τοῦτο
734 3196 1043 3269 συνέγραψε.
1114 3203 1247 3257 Φησὶ
1303 3203 1428 3273 γάρ·
1472 3200 1582 3255 Ἰνα
1626 3201 1742 3254 ἐπι-

176 3281 296 3368 γνῷς,
375 3285 486 3350 περὶ
567 3283 644 3332 ὧν
719 3287 1036 3355 κατηχήθης
1127 3287 1308 3359 λόγων,
1391 3295 1484 3350 τὴν
1579 3291 1744 3365 ἀσφά-

174 3365 303 3420 λειαν.
354 3367 405 3419 Ὀ
466 3365 526 3422 δί
574 3370 816 3432 Ἰωάννης
871 3372 1099 3446 ἐντυχὼν
1157 3384 1263 3438 τοίς
1315 3382 1510 3431 τούτων
1567 3382 1740 3454 Εὐαγ-

171 3451 336 3521 γεὶίοις,
385 3462 472 3510 καὶ
529 3456 683 3525 ἰδὼν,
744 3462 824 3513 ὅτι
896 3467 980 3516 καὶ
1040 3467 1088 3516 οἱ
1144 3473 1275 3538 τρεῖς
1335 3477 1406 3538 τῷ
1463 3474 1580 3544 περὶ
1647 3480 1741 3534 τῆς

173 3538 559 3630 ειανθρωπὴσεως
638 3556 728 3600 τοῦ
808 3557 1040 3626 Σωτῆρος
1108 3551 1435 3630 ἐνδιέτριψαν
1509 3538 1740 3629 μάλιστα

169 3648 290 3700 λογῳ,
340 3641 426 3688 καὶ
482 3636 671 3690 λοιπὸν
734 3639 934 3710 ἔμελλον
1000 3640 1443 3704 ἀποσιωπηθῆναι
1496 3651 1563 3701 τά
1620 3655 1736 3724 περὶ

169 3724 238 3776 τῆς
275 3722 494 3786 θεότητος
542 3726 712 3778 αὑτοῦ
763 3725 1022 3800 δόγματα,
1075 3741 1166 3786 τοῦ
1217 3742 1448 3808 Χριστοῦ
1489 3722 1735 3797 κινήσαν-

165 3825 228 3867 τες
264 3811 423 3880 αὐτὸν,
472 3812 633 3873 ἦλθεν
663 3815 746 3869 ἐπὶ
771 3823 864 3876 τὴν
913 3827 1004 3872 τοῦ
1041 3822 1357 3894 Εὐαγγελίου
1410 3834 1733 3901 συγγραφήν.

167 3901 234 3947 Διὸ
282 3908 360 3953 καὶ
410 3903 465 3955 ἐκ
519 3911 814 3980 προοιμίων
862 3914 980 3984 περὶ
1038 3911 1204 3964 αὐτῶν
1268 3910 1583 3986 διαλέγεται.
1643 3920 1736 3971 Διά

168 3994 300 4040 ταῦτα
325 3993 417 4064 γὰρ
473 4000 569 4046 καὶ
604 3998 665 4046 τὸ
703 4002 803 4048 πᾶν
849 3995 1051 4069 βιϐλίον
1100 4004 1366 4061 συνέθηκε.
1403 4009 1469 4057 Σὺ
1505 4001 1564 4058 δὲ
1613 4009 1735 4060 θαύ-

169 4093 320 4145 ματον,
357 4089 461 4142 πῶς
512 4089 656 4155 μήτε
704 4088 840 4138 κατὰ
887 4091 973 4139 τὸν
1026 4089 1180 4142 αὐτὸν
1226 4096 1408 4165 καιρὸν
1454 4095 1519 4146 τὰ
1562 4095 1732 4170 Εὐαγ-
1766 4087 1813 4142 D

167 4180 281 4229 7m:
337 4172 759 4244 συγγράψαντες,
813 4179 946 4246 μήτε
1005 4181 1140 4230 κατὰ
1193 4183 1280 4232 τὸν
1334 4181 1490 4234 αὐτὸν
1553 4189 1729 4256 τόπον,

169 4257 804 4348 βτί-κοινολογησάμενοι
853 4269 985 4338 πρὸς
1041 4264 1309 4338 ἀλλήλους,
1351 4271 1510 4342 ὅμως,
1557 4276 1728 4352 ὥσπερ

168 4343 230 4409 αρ’
272 4343 368 4407 ad;
436 4355 722 4421 στὸματος,
777 4355 826 4404 οἰ
891 4358 1133 4430 τέσσαρες
1196 4360 1521 4431 φθέγγονται,
1577 4365 1626 4416 ἓν
1675 4343 1732 4437 γε

163 4438 248 4491 τοῖς
286 4442 493 4507 ulpici;
546 4445 644 4490 καὶ
714 4452 1028 4505 πνεκτικοίς
1083 4453 1173 4507 τῆς
1201 4451 1422 4510 πίστεως
1469 4447 1727 4525 δόγμασι,

165 4523 232 4570 καὶ
277 4524 456 4583 πολλὴν
516 4523 908 4582 ἐπιδείκνυνται
973 4539 1088 4608 περὶ
1144 4543 1309 4589 ταῦτα
1360 4543 1455 4596 την
1510 4561 1727 4615 συμφω-

163 4613 264 4666 νέτδ.
299 4613 412 4682 οἷον,
468 4618 548 4666 ὅτι
601 4617 628 4667 ὁ
669 4622 794 4678 Θεὸς
831 4624 1029 4690 γέγονεν
1078 4625 1365 4696 ἄνθρωπος,
1414 4634 1503 4682 καὶ
1553 4613 1633 4682 ὅτι
1674 4631 1727 4685 ἐκ

167 4699 383 4768 Παρθένον
439 4711 770 4775 γεγέννηται,
845 4714 934 4761 καὶ
1011 4713 1089 4763 ὄτι
1159 4715 1401 4787 θαύματα
1456 4724 1725 4792 πεποίηκε,

163 4790 224 4832 ιιι
263 4789 334 4839 ὃτι
365 4789 724 4865 σωτηριώδεις
775 4792 1000 4851 δέδωκεν
1048 4799 1268 4875 ἐντολὰς,
1304 4809 1393 4857 καί⁹
1435 4807 1511 4860 ὅτι
1541 4789 1725 4862 ἓσταυξ

165 4874 289 4939 ξιήθπ,
314 4886 396 4930 καὶ
426 4882 507 4932 ὃτι
557 4881 743 4954 ἐτάφη,
774 4890 865 4936 καὶ
917 4887 996 4938 ὅτι
1042 4887 1251 4963 ἀνέστη,
1285 4899 1373 4946 καὶ
1403 4896 1482 4948 ὅτι
1518 4895 1723 4968 ἀνῆλθε,

163 4976 227 5048 ψ
273 4964 341 5015 ὅτι
389 4973 562 5038 pinu
631 4978 803 5044 κρῖναι
878 4975 1086 5044 πάντας,
1170 4983 1255 5031 καὶ
1307 4983 1386 5033 ὅτι
1446 4992 1725 5058 μονογενὴς

165 5062 271 5136 ἐςτιν
315 5061 445 5122 mg,
505 5062 599 5110 καὶ
663 5061 742 5112 ὅτι
795 5062 1070 5133 ὁμοουσιος
1116 5072 1201 5120 καὶ
1253 5066 1581 5146 ὁμοδύναμος
1633 5082 1721 5130 καὶ

164 5149 361 5210 ιμπιμος
415 5154 486 5216 τῷ
530 5152 720 5222 Πατρὶ,
770 5154 861 5203 καὶ
909 5153 1009 5207 ὅσα
1053 5165 1288 5212 τοιαῦτα.
1341 5161 1400 5213 Εἰ
1450 5157 1510 5215 δέ
1553 5182 1605 5215 τι
1633 5169 1722 5218 καὶ

165 5379 178 5410 ι
515 5339 758 5394 xxxvm,

1493 1357 1630 1432 μηδὲ
1693 1370 1762 1432 τῷ
1798 1360 1840 1414 Β
1871 1367 2064 1406 remus
2095 1351 2278 1406 corda
2311 1350 2552 1422 Spiritui
2579 1368 2594 1420 ;

1883 556 2178 621 eruntque
2211 564 2398 606 omnes
2425 549 2610 606 edocti
2629 566 2661 603 a
2687 550 2803 604 Deo
2837 552 2876 603 ³.
2900 548 3031 619 Ipse
3057 562 3294 620 quoque
3324 546 3539 615 Paulus

1881 640 2034 695 hanc
2081 639 2354 695 indicans
2385 639 2794 694 excellentiam
2820 639 2860 702 ⁴,
2907 637 3047 692 dicit
3073 641 3375 708 acceptam
3409 652 3538 692 esse

1874 728 2069 799 legem
2096 743 2217 784 non
2247 727 2307 783 in
2343 727 2557 783 tabulis
2578 726 2854 798 lapideis,
2877 727 2981 782 sed
3004 727 3064 781 in
3094 725 3310 782 tabulis
3332 726 3528 784 cordis

1876 817 2126 873 carneis.
2168 817 2275 872 Ubi
2305 833 2445 872 vero
2485 817 2768 886 temporis
2807 830 3121 886 progressu
3151 814 3534 886 naufragium

1874 904 2139 961 fecerunt
2168 923 2180 960 :
2209 905 2452 978 quidam
2485 920 2627 960 sane
2654 904 3013 973 dogmatum
3052 919 3254 968 causa,
3281 903 3530 960 aliivero

1874 993 1995 1049 vita
2024 1009 2094 1049 ac
2123 993 2392 1048 moribus
2425 1017 2435 1045 ;
2463 1008 2702 1048 rursum
2733 992 3024 1048 memoria
3052 1007 3205 1063 opus
3236 991 3361 1056 fuit,
3391 1007 3528 1063 quas

1873 1101 1907 1136 ιι
1940 1083 2138 1138 .itteris
2166 1081 2615 1137 subministrari
2647 1081 2813 1138 solet.
2837 1081 3043 1152 Cogita
3071 1096 3212 1150 ergo
3234 1086 3527 1152 quantum

1869 1173 2043 1229 fuerit
2081 1172 2330 1237 malum,
2365 1171 2467 1243 qui
2509 1171 2660 1228 adeo
2703 1186 2850 1244 pure
2893 1172 3087 1226 vivere
3119 1169 3522 1237 debuerimus,

1868 1267 1932 1317 ut
1956 1262 2161 1318 litteris
2195 1276 2315 1317 non
2346 1261 2772 1331 indigeremus,
2814 1261 2918 1316 sed
2949 1276 3055 1332 pro
3102 1259 3266 1317 libris
3305 1259 3527 1332 praebe-

2656 1353 2981 1422 postquam
3034 1349 3323 1405 honorem
3356 1349 3522 1404 illum

1872 1440 2265 1512 perdidimus,
2287 1455 2357 1494 ac
2388 1439 2674 1510 nosipsos
2704 1438 2763 1494 in
2791 1438 2947 1493 hanc
2973 1438 3389 1494 constituimus
3429 1453 3524 1494 ne-

1872 1529 2227 1593 cessitatem,
2251 1533 2314 1583 ut
2342 1543 2412 1582 ne
2437 1527 2622 1582 altero
2639 1526 2886 1598 quidem
2909 1530 3149 1582 utamur
3167 1526 3518 1598 pharmaco,

1872 1617 1978 1672 sed
2001 1618 2177 1689 quasi
2217 1616 2436 1672 frustra
2462 1631 2532 1670 ac
2556 1615 2613 1670 in
2648 1630 2874 1670 vanum
2921 1615 3180 1685 jacentcs
3232 1604 3520 1686 despicia-

1870 1722 2006 1761 mus
2032 1705 2273 1762 litteras.
2316 1705 2377 1760 Id
2410 1720 2552 1776 ergo
2581 1719 2655 1759 ne
2700 1703 2822 1770 ﬁat,
2882 1718 2991 1773 age
3050 1718 3217 1768 sane,
3247 1703 3342 1758 his
3380 1719 3517 1775 quas

1868 1795 2089 1866 scripta
2127 1800 2266 1850 sunt
2298 1793 2571 1850 animum
2613 1792 3014 1859 advertamus,
3048 1792 3128 1848 ad
3176 1792 3518 1863 diligentius

1868 1883 2158 1954 cujusque
2196 1884 2350 1938 vires
2384 1885 2738 1947 scrutemur,
2770 1885 2833 1937 ut
2859 1886 2913 1937 et
2942 1884 3242 1936 rectorum
3273 1880 3516 1950 dogma-

1866 1977 1993 2030 tum
2022 1972 2279 2037 divitias,
2305 1976 2593 2044 tanquam
2625 1972 2997 2034 thesaurum,
3021 1970 3282 2027 effodere
3315 1970 3511 2038 liceat,

1861 2065 1918 2118 et
1955 2065 2170 2118 sancta:
2198 2060 2668 2117 conversationis
2690 2059 2967 2132 exempla
2993 2059 3280 2129 colligere.

1933 2151 2122 2215 Quam
2146 2150 2222 2205 ob
2253 2165 2524 2215 causam,
2553 2150 2819 2218 obsecro,
2861 2165 3001 2204 cum
3043 2147 3364 2205 duodecim
3389 2149 3511 2206 fue-

1857 2238 1977 2294 rint
2004 2237 2273 2310 apostoli,
2330 2237 2442 2294 soli
2472 2253 2545 2294 ex
2592 2237 2678 2294 eis
2717 2237 2860 2302 duo,
2909 2237 3206 2294 Mattheus
3242 2237 3516 2295 videlicet

1857 2330 1914 2383 et
1969 2328 2282 2399 Joannes,_
2334 2326 2642 2397 Evangelia
2707 2326 3157 2398 conscripsere?
3205 2326 3512 2399 Siquidem

1856 2414 2067 2487 reliqui
2094 2415 2234 2481 duo,
2265 2414 2543 2488 discipuli
2585 2414 2785 2486 potius
2839 2430 2908 2471 ac
2958 2418 3274 2471 sectatores
3303 2418 3508 2472 erant:

1856 2507 2086 2562 Marcus
2139 2503 2376 2576 quidem
2435 2503 2606 2569 Petri,
2667 2505 2854 2559 Lucas
2896 2519 3037 2559 vero
3089 2502 3269 2558 Pauli.
3321 2503 3381 2558 Id
3442 2519 3514 2561 ea

1857 2609 2044 2650 causa
2066 2598 2268 2649 actum
2292 2592 2555 2665 est,quia
2579 2592 2726 2648 nihil
2751 2592 2957 2662 gloria:
2985 2607 3170 2648 causa
3189 2591 3507 2660 faciebant,

561 2658 926 2731 παρεκάλεσαν
995 2664 1247 2734 ἔγγραφον
1319 2663 1491 2719 αὐτοῖς
1548 2662 1745 2733 ἀφεῖναι

589 2749 601 2763 ι
893 2751 904 2763 ρ
1050 2756 1059 2766 .
1213 2751 1230 2766 ι
1427 2757 1435 2764 .
1667 2749 1689 2766 ι
1725 2757 1736 2766 .

1865 2682 1964 2738 sed
1996 2683 2200 2738 onmia
2239 2687 2507 2751 exxgente
2555 2681 2922 2738 necessitate.
2956 2679 3291 2737 Matthaaum
3325 2681 3505 2748 enim,

1856 2770 1948 2840 qui
1979 2787 2050 2828 ex
2080 2771 2302 2827 Judaeis
2327 2770 2716 2835 crediderant,
2759 2769 3242 2833 obsecraverunt,
3278 2773 3344 2826 ut
3369 2770 3509 2826 scri-

1854 2866 2024 2933 ptam
2055 2859 2408 2932 relinqueret
2440 2860 2584 2932 ipsis
2617 2858 2919 2929 Evangelii
2950 2858 3287 2923 historiam,
3321 2874 3508 2931 quam

1855 2950 2022 3020 prius
2077 2965 2178 3004 eos
2224 2949 2409 3005 verbo
2468 2949 2773 3004 docuerat.
2825 2947 3102 3004 Similiter
3143 2951 3201 3004 et
3243 2949 3507 3005 Marcum

1853 3037 1956 3110 qui
1977 3037 2035 3092 in
2049 3039 2306 3110 Egypto
2335 3037 2525 3093 edocti
2550 3037 2798 3092 fuerant.
2821 3039 3010 3093 Lucas
3037 3040 3241 3094 autem
3268 3053 3508 3094 causam

1851 3126 2043 3197 addit,
2083 3142 2188 3182 cur
2241 3125 2632 3195 Evangelium
2689 3125 3126 3197 conscripserit,
3179 3126 3383 3184 dicens
3428 3126 3508 3184 ad

1850 3214 2263 3286 Theophilum,
2297 3231 2355 3269 se
2384 3214 2498 3269 hoc
2528 3220 2767 3286 propter
2814 3214 3232 3270 certitudinem
3287 3214 3502 3272 facere.

1849 3305 1942 3360 Ait
1968 3303 2162 3359 enim:
2193 3304 2262 3360 Ut
2288 3317 2564 3373 agnoscas
2595 3318 2808 3368 eorum,
2865 3301 2939 3358 de
2980 3301 3192 3374 quibus
3244 3303 3504 3362 imbutus

1845 3394 2077 3463 fueras,
2111 3391 2548 3448 certitudinem5
2585 3393 2864 3447 .Joannes
2894 3404 3036 3446 vero
3053 3389 3271 3447 horum
3291 3393 3503 3447 nactus

1848 3480 2184 3552 Evangelia,
2229 3480 2559 3552 vidensque
2607 3483 2724 3537 tres
2751 3482 3020 3536 versatos
3053 3479 3114 3535 in
3140 3494 3209 3536 eo
3239 3479 3503 3537 maxime

1847 3586 2146 3637 sermone,
2171 3587 2289 3642 quo
2310 3570 2624 3628 Salvatoris
2645 3569 3122 3626 incarnationem
3139 3570 3505 3628 demonstra-

1844 3664 1990 3726 rent,
2018 3663 2075 3716 et
2117 3663 2434 3732 propterea
2464 3659 2748 3729 dogmata
2771 3675 2908 3731 quas
2951 3657 3327 3715 divinitatem
3377 3660 3502 3731 ejus

1846 3749 2194 3820 tangebant,
2231 3749 2462 3806 silentio
2505 3749 2910 3822 praeterierunt
2948 3764 2960 3804 :
2991 3748 3126 3805 ideo
3158 3747 3388 3804 Christo
3415 3749 3503 3820 ip~

1847 3855 1974 3894 sum
1988 3839 2065 3896 ad
2079 3839 2460 3895 scribendum
2477 3838 2853 3912 Evangelium
2869 3837 3214 3909 instigante,
3229 3837 3498 3894 accessit.

1848 3927 2012 3984 Unde
2033 3928 2211 3984 etiam
2240 3928 2513 4001 protinus
2541 3927 2613 3984 ab
2643 3927 2810 3985 initio
2833 3927 2908 3984 de
2934 3927 3027 3983 his
3051 3925 3286 3984 disserit
3313 3943 3325 3982 :
3352 3941 3497 3983 nam

1852 4017 1931 4072 ob
1960 4016 2088 4072 haec
2115 4016 2333 4072 librum
2359 4032 2602 4073 omnem
2634 4016 2906 4073 confecit.
2950 4016 3260 4073 Admirare
3297 4021 3498 4072 autem

1841 4106 1998 4178 quod
2026 4120 2162 4160 cum
2189 4120 2381 4178 neque
2409 4121 2527 4162 uno
2555 4109 2842 4178 tempore,
2873 4120 3070 4178 neque
3107 4105 3238 4161 loco
3283 4103 3497 4161 eodem

1842 4193 2210 4267 scripserint,
2255 4210 2450 4266 neque
2485 4211 2574 4250 res
2635 4195 2786 4251 inter
2834 4209 2962 4251 sese
3019 4193 3497 4252 communicave-

1840 4284 1975 4348 rint,
2011 4287 2211 4339 tamen
2242 4283 2416 4355 quasi
2442 4299 2514 4340 ex
2542 4298 2662 4339 uno
2694 4299 2796 4340 ore
2847 4287 3108 4355 quatuor
3145 4282 3492 4354 loquuntur,

1841 4370 1902 4427 in
1925 4371 2014 4426 his
2038 4373 2334 4443 praecipue
2359 4371 2746 4442 dogmatibus
2768 4387 2904 4444 quas
2928 4369 3064 4426 ﬁdei
3085 4369 3407 4426 ﬁrmitatem
3421 4385 3491 4426 ac

1843 4464 2068 4516 statum
2137 4463 2444 4531 spectant:
2481 4459 2678 4530 veluti,
2735 4459 2902 4531 quod
2956 4459 3110 4514 Deus
3163 4457 3356 4514 factus
3415 4457 3493 4515 sit

1840 4549 2021 4604 homo
2047 4567 2060 4617 ;
2095 4547 2253 4620 quod
2280 4548 2352 4605 sit
2376 4564 2406 4604 e
2433 4547 2667 4617 Virgine
2690 4552 2866 4604 natus
2893 4568 2903 4613 ;
2927 4547 3094 4619 quod
3133 4546 3494 4605 admiranda

1837 4643 2119 4710 operatus
2147 4638 2254 4704 sit;
2280 4639 2442 4710 quod
2474 4637 2682 4694 salutis
2704 4641 2995 4710 praecepta
3021 4636 3252 4693 dederit
3284 4656 3297 4707 ;
3325 4637 3492 4710 quod

1838 4726 2152 4782 cruciﬁxus
2181 4725 2256 4782 sit
2307 4742 2376 4782 ac
2425 4724 2712 4798 sepultus,
2755 4725 2922 4798 quod
2971 4726 3376 4792 resurrexerit,
3434 4730 3491 4784 et

1839 4815 1898 4870 in
1921 4815 2139 4870 coelum
2160 4818 2510 4887 assumptus
2536 4814 2608 4871 sit
2636 4835 2646 4881 ;
2677 4815 2963 4888 quodque
2991 4829 3203 4872 omnes
3240 4814 3316 4885 sit
3332 4813 3491 4886 judi-

1837 4905 2078 4959 caturus
2105 4921 2120 4974 ;
2154 4902 2320 4976 quod
2351 4903 2692 4972 unigenitus
2746 4903 2819 4960 sit
2875 4903 3052 4960 Filius
3099 4907 3155 4960 et
3214 4903 3488 4975 ejusdem

1835 4990 2204 5055 substantiae,
2263 4990 2589 5064 similisque
2633 4991 2911 5064 potentias
2938 5006 3007 5048 ac
3044 4991 3290 5049 honoris
3346 5007 3486 5050 cum

1836 5078 2027 5146 Patre,
2059 5084 2385 5152 casteraque
2399 5080 2806 5152 husjusmodi.
2839 5081 3008 5146 Quod
3033 5081 3084 5137 si
3109 5081 3483 5154 aliquantum

1834 5167 1898 5223 in
1923 5167 2017 5224 his
2045 5184 2177 5241 quae
2215 5169 2551 5227 necessaria
2579 5184 2702 5227 non
2733 5172 2892 5246 sunt,
2919 5169 3147 5228 dissoni
3187 5169 3477 5236 videntur,

805 5328 896 5394 3t,
922 5331 1011 5399 33,
1038 5335 1355 5395 secundum
1384 5339 1554 5397 LXX
1581 5341 1681 5414 qui
1705 5342 1910 5416 ubique
1940 5343 2032 5403 hic
2078 5346 2402 5404 laudantur
2478 5351 2498 5384 ³
2527 5347 2642 5406 Isa.
2674 5363 2785 5419 Liv,
2821 5347 2907 5406 l3.
2985 5347 3058 5404 ‘II
3111 5346 3240 5407 Cor.
3291 5363 3370 5416 in,
3422 5351 3474 5404 3.

1366 5561 1582 5625 Variae
1616 5564 1929 5629 lectiones
1951 5569 2013 5627 et
2041 5568 2234 5630 notae.

220 5662 280 5732 (3)
305 5671 442 5724 Μιτὰ
473 5674 734 5748 ἀκριϐείας
767 5676 931 5738 addit
953 5679 997 5740 Ι.
1021 5679 1060 5740 1.
1093 5682 1395 5758 Chrysost.
