3976 6222
460 367 562 426 115

1747 367 2106 431 EUTHYMII
2144 364 2470 424 ZIGABENI

3707 372 3808 430 116

460 495 589 553 hzec
613 497 766 570 ipsa,
829 511 959 568 quae
1013 499 1271 569 apparet,
1328 495 1723 564 dissonantia,
1755 498 2017 554 maxima
2044 496 2104 554 ﬁt

2222 500 2333 567 περὶ
2390 498 2456 547 τὰ
2509 499 2580 567 μὴ
2643 494 2902 567 ἀναγκαῖα
2961 493 3232 569 διαφωνεῖν
3291 494 3495 567 ἔδοξαν,
3552 499 3737 571 μᾶλλον
3775 502 3805 559 ή

459 588 722 644 veritatis
761 587 1214 650 demonstratio,
1248 591 1304 642 et
1331 603 1431 643 eos
1484 587 1636 643 omni
1688 587 1891 642 liberat
1922 587 2110 658 suspi-

467 678 662 734 cione.
705 675 768 735 Si
794 675 944 731 enim
973 676 1026 728 in
1057 675 1339 730 omnibus
1366 675 1441 732 ad
1473 680 1728 748 tempus,
1781 691 1990 748 usque,
2025 676 2107 732 lo-

465 782 627 830 cum,
661 781 730 820 ac
761 764 947 820 verba
979 763 1317 819 conformes
1334 763 1602 835 fuissent,
1620 764 1814 820 nullus
1839 765 2107 821 animum

471 855 748 910 inducere
781 855 1086 926 potuisset,
1121 854 1264 926 quin
1297 853 1445 909 inter
1475 870 1536 909 se
1591 855 2022 918 convenissent,
2046 858 2109 910 ut

463 960 532 999 ex
559 942 868 998 communi
920 947 1094 1014 pacto
1154 943 1494 1009 scriberent,
1546 959 1681 1015 quae
1721 943 2104 1014 scripserunt.

471 1032 918 1087 Dissonantiam
941 1037 1138 1088 autem
1163 1047 1323 1087 nunc
1340 1032 1622 1101 dicimus,
1649 1048 1771 1088 non
1791 1032 2110 1089 contrarie-

465 1126 693 1186 tatem;
745 1137 932 1191 neque
972 1121 1128 1176 enim
1174 1121 1450 1176 contrarii
1512 1121 1767 1188 fuerunt,
1825 1121 2001 1176 etiam
2046 1122 2107 1177 in

466 1209 561 1264 his
601 1225 736 1281 qua;
764 1210 1166 1279 contingentia
1197 1217 1382 1274 erant,
1429 1209 1534 1265 sed
1589 1225 1660 1265 ea
1711 1210 2107 1265 diversimode

460 1299 643 1356 locuti
683 1303 838 1353 sunt.
902 1297 970 1353 1n
1023 1297 1388 1370 quibusdam
1453 1297 1621 1362 enim,
1679 1303 1839 1364 tunc,
1917 1298 2110 1370 inquit

470 1387 586 1456 ille,
657 1386 1017 1442 miraculum
1065 1391 1346 1458 operatus
1401 1392 1524 1452 est;
1575 1387 1671 1441 hic
1715 1392 1936 1449 autem,
1992 1387 2109 1443 alio

460 1482 757 1547 tempore.
816 1476 983 1540 Item,
1043 1475 1138 1530 hic
1178 1475 1441 1546 quidem,
1499 1475 1594 1530 tali
1634 1475 1776 1545 loco,
1826 1475 1918 1531 ille
1966 1492 2107 1532 vero

460 1565 580 1621 tali.
654 1566 910 1619 Rursum
951 1563 1046 1618 hic
1100 1563 1282 1621 talem
1340 1563 1551 1619 habuit
1603 1565 1953 1626 orationem,
2016 1565 2108 1621 ille

460 1659 662 1710 autem
698 1653 888 1718 talem,
924 1651 997 1707 de
1027 1651 1249 1724 quibus
1295 1652 1417 1707 suis
1463 1652 1732 1708 dicemus
1759 1653 1925 1719 locis,
1979 1670 2105 1710 ma-

456 1743 667 1798 nifeste
697 1741 1197 1811 demonstrantes,
1227 1741 1390 1810 quod
1439 1743 1687 1798 omnino
1731 1758 1851 1798 non
1891 1742 2106 1799 fuerint

2219 581 2455 637 δοκοῦσα
2486 585 2618 642 αῦτη
2654 581 2927 657 διαφωνία,
2973 591 3197 658 μεγίστη
3233 592 3428 658 γίνεται
3457 597 3546 648 τῆς
3573 587 3808 652 ἀληθείας

2217 670 2501 736 ἀπόδειξις,
2559 678 2646 725 καὶ
2712 676 2887 734 πάσης
2945 674 3126 735 αύτούς
3187 675 3418 746 ὑποψίας
3477 676 3806 736 ἀπαλλάττει.

2217 762 2274 814 Εἰ
2299 764 2399 835 γὰρ
2445 763 2614 814 πάντα
2657 766 2820 836 μέχρι
2861 770 3046 834 καιροῦ
3094 769 3182 816 καὶ
3228 769 3390 816 τόπου
3439 771 3523 818 καὶ
3562 767 3805 840 ῥημάτων

2216 857 2601 922 συνεφώνησαν,
2661 847 2835 912 ούδεὶς
2881 851 2940 902 ἂν
2987 855 3301 924 ἐπίστευσεν,
3361 855 3439 906 ὅτι
3486 859 3581 926 μή,
3638 857 3808 908 συνελο

2217 940 2382 999 θόντες
2457 938 2714 1006 ἀλλήλοις,
2785 939 2884 992 ἀπὸ
2957 949 3128 1002 κοινῆς
3213 945 3472 1004 συνθήκης
3552 945 3804 1018 ἔγραψαν,

2214 1027 2341 1100 άπερ
2419 1029 2670 1101 ἔγραψαν.
2747 1034 3033 1100 Διαφωνίαν
3098 1027 3158 1082 δὲ
3207 1037 3294 1082 νῦν
3367 1051 3548 1103 φαμεν,
3605 1033 3663 1084 ού
3716 1038 3805 1092 τήν

2215 1116 2620 1190 ἔναντιοφωνίανο
2709 1115 2831 1170 ούδε
2925 1122 3024 1192 γὰρ
3109 1122 3495 1178 ἠναντιώθησαν
3574 1120 3806 1183 ἀλλήλοις

2215 1210 2376 1280 μέχρι
2427 1210 2516 1258 καὶ
2571 1213 2661 1257 τοῦ
2729 1211 2996 1278 τυχόντος·
3067 1207 3193 1260 ἀλλὰ
3247 1214 3339 1268 τήν
3394 1212 3470 1281 (4)
3527 1210 3805 1282 ἁλλοιοφω-

2215 1301 2344 1349 νίαν.
2401 1295 2488 1349 Ἐν
2537 1315 2648 1348 τισι
2699 1299 2798 1371 γὰρ
2850 1300 2874 1349 6
2923 1302 3034 1370 μὲν,
3085 1295 3206 1351 τόδε
3251 1303 3308 1351 τὸ
3351 1301 3525 1372 θαῦμα
3569 1303 3805 1366 τέθεικεν,

2216 1387 2241 1436 6
2275 1383 2353 1453 δὲ,
2406 1381 2546 1438 τόδε.
2598 1390 2740 1438 καὶὸ
2780 1389 2890 1458 μεν,
2941 1383 3090 1439 τόνδε
3135 1391 3218 1439 τὸν
3271 1394 3445 1454 τόπον,
3477 1391 3501 1440 6
3535 1387 3610 1454 δὲ,
3662 1387 3808 1442 τόνδε

2215 1480 2303 1526 καὶ
2361 1476 2386 1525 6
2429 1477 2538 1546 μὲν,
2597 1471 2754 1532 τήνδε
2803 1479 2894 1532 τὴν
2952 1475 3102 1543 λέξιν,
3147 1478 3171 1528 6
3222 1473 3300 1544 δε,
3349 1475 3525 1536 τήνδε·
3580 1483 3699 1552 περὶ
3743 1480 3806 1529 ὧν

2215 1563 2423 1637 ἐροῦμεν
2491 1564 2540 1616 ἐν
2608 1571 2709 1624 τοῖς
2777 1569 3109 1638 προσήκουσι
3177 1570 3375 1633 τόποις,
3450 1572 3536 1619 καὶ
3605 1563 3802 1642 προδή-

2212 1651 2311 1714 λως
2382 1649 2740 1725 ἀποδείξομεν,
2819 1655 2898 1705 ὅτι
2989 1651 3101 1706 οὐδ’

2213 1740 2368 1794 ’Ἄλλο
2420 1745 2521 1816 γάρ
2587 1741 2725 1794 ἐστιν
2778 1741 3009 1804 ἐναντίως
3059 1743 3235 1811 εἰπεῖν,
3309 1748 3398 1796 καὶ
3455 1744 3574 1797 ἄλλο
3629 1745 3803 1818 ἑτέρως

3193 1655 3316 1716 ὅλως
3394 1657 3800 1714 ἠναντιώθησαν.

458 1830 760 1888 contrarii.
796 1829 968 1885 Aliud
996 1829 1293 1898 siquidem
1320 1835 1410 1885 est
1456 1831 1750 1887 contrario
1801 1831 1982 1887 modo
2022 1831 2100 1887 lo-
2137 1839 2176 1894 Β
2212 1830 2388 1883 εἰπεῖν.

457 1921 582 1992 qui,
611 1919 776 1976 aliud
805 1919 1037 1974 diverso
1067 1917 1251 1974 modo
1281 1918 1464 1990 loqui.

535 2008 773 2064 Primus
798 2011 996 2064 autem
1021 2007 1252 2078 scripsit
1269 2007 1600 2073 Matthteus,
1623 2008 1785 2079 quod
1808 2024 1968 2064 nunc
1985 2025 2106 2081 prae

457 2095 727 2152 manibus
755 2095 1259 2165 estEvangelium,
1301 2100 1431 2166 post
1467 2101 1601 2151 octo
1657 2112 1844 2152 annos
1898 2097 2105 2152 Christi

457 2184 519 2239 in
541 2183 759 2239 caelum
787 2183 1099 2254 assumpti.
1158 2183 1396 2255 Scripsit
1423 2191 1622 2239 autem
1675 2185 1818 2239 illud
1871 2186 1949 2241 ad
1979 2201 2100 2256 eos,

459 2274 561 2345 qui
590 2289 661 2328 ex
683 2273 901 2327 Judaeis
919 2271 1306 2338 crediderant,
1338 2277 1399 2328 ut
1438 2273 1823 2345 praediximus
1850 2295 1862 2341 ;
1893 2275 2106 2330 Hebra-

460 2362 554 2418 ica
580 2376 726 2417 usus
756 2360 963 2432 lingua
984 2376 1053 2417 ac
1080 2367 1449 2427 contextura,
1494 2367 1702 2434 postea
1749 2378 1884 2420 vero
1914 2364 1970 2418 in
2002 2379 2105 2420 no-

459 2456 645 2506 stram
669 2450 937 2519 linguam
965 2451 1303 2506 traductum
1332 2457 1435 2507 est.

529 2541 614 2609 -ι--ι-
652 2540 910 2594 Joannes
949 2542 1172 2608 autem,
1230 2545 1294 2594 ut
1338 2539 1670 2611 perhibent,
1716 2556 1786 2596 ex
1816 2541 2104 2598 Hebraico

460 2627 730 2683 Grtecum
758 2627 908 2684 fecit.
936 2630 1165 2683 Marcus
1186 2643 1325 2684 vero
1369 2629 1645 2700 (scripsit)
1707 2629 1940 2685 decimo
1972 2634 2106 2701 post

459 2715 932 2788 assumptionem
953 2731 1134 2783 anno,
1159 2732 1195 2772 a
1215 2716 1384 2773 Petro
1406 2717 1649 2785 doctus;
1686 2721 1866 2774 Lucas
1883 2725 2102 2784 autem,

460 2810 592 2878 post
621 2819 816 2863 annos
850 2805 1189 2877 quindecim
1216 2823 1228 2871 ;
1256 2806 1514 2862 Joannes
1552 2807 1827 2878 denique,
1858 2809 1960 2880 qui
1984 2824 2106 2865 ma-

461 2895 614 2950 xime
648 2894 1008 2964 theologiam
1041 2894 1291 2966 (Christi)
1337 2899 1562 2962 tractat,
1596 2911 1756 2953 anno
1814 2897 2106 2954 tricesimo

459 2982 741 3039 secundo.

529 3072 584 3127 E
598 3071 1030 3128 VANGELIUM
1067 3072 1496 3131 SECUNDUM
1527 3074 1639 3129 MA
1654 3075 1894 3131 TTII/E
1904 3076 2033 3133 ΠΜ.

534 3160 912 3229 Evangelistae
928 3160 988 3216 in
1005 3161 1510 3234 inscriptionibus,
1526 3163 1827 3232 [librorum
1843 3165 2104 3240 suorum]
2139 3155 2179 3214 C

460 3249 851 3320 Evangetium
865 3249 1716 3322 appellaveruntnarrationem
1740 3269 1926 3322 suam,
1940 3253 2107 3326 quod

462 3338 641 3394 etiam
673 3342 918 3395 testatur
948 3341 1158 3406 Lucas,
1194 3340 1435 3396 dicens:
1468 3342 1752 3410 Quoniam
1777 3345 2106 3413 complures

465 3428 734 3499 aggressi
745 3433 879 3484 sunt
899 3435 1198 3486 contexere
1214 3432 1617 3487 narrationem
1629 3447 1833 3488 earum
1855 3434 2106 3490 certissi-

463 3532 572 3572 ma
625 3517 770 3584 ﬁdei
821 3531 1043 3581 rerum,
1085 3532 1214 3587 qua
1262 3518 1326 3573 in
1374 3519 1537 3574 nobis
1582 3520 1867 3589 completa
1895 3532 2028 3579 sunt
2061 3526 2100 3577 °.

462 3604 629 3659 Hanc
709 3608 909 3659 autem
963 3605 1395 3670 narrationem,
1487 3608 1857 3680 Evangetium
1933 3628 2108 3668 voca-

464 3696 692 3759 verunt,
719 3691 876 3762 quod
907 3692 1063 3747 bona
1087 3692 1433 3749 hominibus
1449 3697 1696 3765 nuntiet,
1727 3704 1888 3770 puta,
1921 3703 2106 3758 Deum

461 3777 768 3835 hominem
786 3777 1030 3844 factum,
1059 3778 1366 3836 hominem
1393 3798 1532 3838 vero
1559 3783 1850 3853 divinum,
1884 3787 2106 3845 deamo-

463 3882 606 3923 num
636 3865 1116 3936 dissolutionem,
1149 3874 1529 3939 peccatorum
1561 3873 1996 3947 remissionem,
2022 3894 2107 3934 re-

464 3955 930 4025 generationem,
947 3957 1350 4027 adoptionem,
1375 3961 1607 4029 etregni
1621 3962 1907 4020 caelorum
1926 3965 2108 4022 haere-

463 4044 729 4101 ditatem.
760 4043 1146 4114 Evangelistae
1173 4061 1314 4102 vero
1341 4047 1633 4116 dicuntur,
1667 4066 1788 4107 non
1829 4054 2022 4110 solum
2048 4055 2106 4112 hi

462 4137 740 4206 quatuor,
786 4148 992 4189 verum
1026 4135 1203 4190 etiam
1253 4151 1462 4192 omnes
1511 4139 1688 4196 simul
1715 4144 2108 4214 apostoli;de

464 4221 679 4294 quibus
725 4221 944 4294 pariter
989 4226 1166 4280 antea
1216 4223 1450 4281 locutus
1492 4233 1580 4284 est
1633 4230 1856 4287 Isaias:
1927 4235 2107 4301 Quam

456 4311 715 4382 pulchri,
770 4311 1073 4384 inquiens,
1121 4313 1288 4384 pedes
1329 4317 1850 4387 evangelz’zantium
1889 4337 2103 4391 pacem,

462 4401 975 4474 evangelizantium
1007 4401 1160 4458 bona
1183 4403 1226 4458 ⁷.
1257 4404 1466 4460 Verum
1490 4405 1552 4461 hi
1576 4413 1835 4478 quatuor
1867 4413 2104 4483 proprie

459 4489 836 4560 evangelista
865 4489 1053 4546 vocati
1081 4495 1235 4558 sunt,
1269 4493 1442 4564 quasi
1483 4495 1588 4567 qui
1618 4511 1724 4567 per
1753 4499 2102 4570 scripturam
2142 4502 2188 4558 D

459 4578 665 4634 omnia
711 4583 1105 4635 narraverunt
1137 4595 1206 4636 ac
1263 4581 1655 4652 prodiderunt
1684 4603 1696 4653 ;
1725 4587 1918 4643 caeteri
1963 4606 2104 4647 vero

461 4677 693 4731 omnes,
719 4671 1000 4738 tanquam
1026 4667 1132 4739 qui
1164 4667 1279 4724 hoc
1304 4669 1504 4742 ipsum
1544 4672 1669 4729 sine
1704 4675 1997 4748 scriptura
2025 4680 2107 4736 t‘e-

458 4758 684 4810 cerunt.

530 4836 674 4908 Cap.
712 4840 757 4906 l,
791 4852 944 4895 vers.
979 4842 1024 4894 l.
1054 4838 1225 4896 Liber
1259 4845 1642 4913 generationis
1680 4847 1813 4903 Iesu
1850 4849 2098 4907 Christi.

454 4927 559 4983 Per
579 4927 1026 4997 generationem
1081 4927 1357 5002 intelligit
1392 4933 1491 4989 hic
1541 4936 1800 4993 Joannes
1852 4939 2103 5012 Chryso-

457 5020 703 5089 stomus,
733 5016 1127 5076 nativitatem.
1155 5020 1341 5080 Dictio
1371 5022 1660 5095 siquidem
1698 5029 1916 5097 γένεσις,
1966 5045 2101 5087 cum

524 5195 662 5252 Luc.
695 5214 732 5262 ι,
766 5197 818 5252 1.
859 5198 972 5255 lsa.
1002 5211 1097 5264 ιιι,
1118 5197 1174 5258 7.

2285 2025 2519 2099 Ἔγραψε
2586 2023 2645 2078 δε
2709 2033 2913 2101 πρῶτος
2965 2028 2990 2078 6
3047 2025 3309 2088 MarOaZo;
3371 2030 3428 2080 τὸ
3483 2033 3804 2102 προκείμενον

2214 2115 2546 2187 Εύαγγελιον,
2592 2117 2723 2187 μετὰ
2776 2114 2907 2167 ὀκτὼ
2963 2118 3048 2174 ἔτη
3101 2125 3195 2177 τῆς
3252 2125 3343 2170 τοῦ
3401 2125 3636 2191 Σωτῆρος
3694 2117 3805 2170 ἁνα-

2213 2203 2429 2275 λήψεως.
2486 2203 2719 2274 Ἔγραψε
2778 2201 2836 2256 δὲ
2887 2212 3036 2255 τοῦτο
3089 2209 3213 2276 πρὸς
3265 2209 3381 2266 τούς
3439 2204 3490 2269 ἐξ
3543 2203 3802 2259 Ἰουδαίων

2213 2295 2607 2356 πιστεύσαντας,
2708 2296 2770 2353 ὡς
2853 2298 3161 2365 προέφημεν,
3246 2293 3486 2368 Ἐϐραίκῇ
3573 2298 3800 2367 συνθήκη

2212 2383 2567 2455 χρησάμενος·
2645 2381 2857 2456 ὕστερον
2931 2379 2988 2435 δὲ
3062 2385 3457 2457 μεθηρμηνεύθη
3521 2389 3648 2456 πρὸς
3717 2390 3804 2443 τήν

2213 2473 2241 2528 ἡ
2250 2492 2282 2542 μ
2292 2475 2460 2545 ετέραν
2493 2467 2758 2523 διάλεκτον
2767 2513 2778 2524 .

2284 2561 2606 2632 [Μετέφρασε
2639 2560 2716 2629 (5)
2766 2556 2824 2614 δὲ
2871 2568 3020 2613 τοῦτο
3070 2559 3302 2623 Ἰωάννης
3345 2559 3445 2614 ἀπὸ
3493 2569 3582 2622 τῆς
3611 2561 3802 2635 Ἐϐραῖ-

2216 2645 2307 2710 δος
2354 2649 2588 2720 γλώττης
2625 2650 2690 2709 εἰς
2733 2655 2823 2707 τήν
2854 2647 3150 2718 Ἑλληνίδα,
3194 2653 3262 2713 ώς
3307 2650 3546 2724 λέγουσι.
3593 2654 3796 2725 Μάρκος

2217 2737 2294 2804 ὁὶ,
2335 2741 2464 2810 μέτὰ
2495 2735 2625 2791 δέκα
2671 2741 2756 2796 ἔτη
2789 2749 2884 2799 τῆς
2932 2738 3254 2810 ἀναλήψεως,
3307 2743 3450 2814 παρὰ
3478 2747 3569 2793 τοῦ
3613 2746 3798 2814 Πέτρου

2217 2824 2528 2899 διδαχθείς.
2587 2834 2792 2888 Λουκᾶς
2838 2824 2915 2895 δὲ,
2964 2831 3094 2901 μετὰ
3150 2825 3531 2883 πεντεκαίδεκα·
3573 2828 3802 2889 Ἰωάννης

2219 2913 2276 2969 δὲ
2306 2918 2332 2968 6
2365 2916 2817 2988 θεολογικώτατος,
2848 2920 2976 2988 μετὰ
3003 2919 3282 2991 τριάκοντα
3311 2914 3426 2971 δύο.

2466 3118 2881 3168 ΕΥΑΓΓΕΛΙΟΝ
2925 3120 3098 3169 ΚΑΤΑ
3140 3121 3517 3170 ΜΛΤΘΔΙΟΝ.

2289 3220 2367 3273 Ἐν
2420 3227 2532 3283 ταῖς
2602 3219 2907 3294 ἐπιγραφαῖς
2974 3221 3284 3294 Εύαγγὲλιον
3345 3225 3393 3274 οἱ
3453 3222 3806 3294 εὐαγγελισταὶ

2215 3316 2308 3371 τὴν
2394 3307 2641 3382 διήγησιν
2731 3311 3024 3383 ὠνόμασαν.
3102 3317 3202 3364 Καὶ
3280 3318 3534 3385 μαρτυρεῖ
3609 3317 3806 3372 Λουκᾶς

2216 3400 2448 3472 εἰρηκώς
2555 3396 2756 3458 Ἐπειδή
2766 3420 2857 3474 περ
2955 3401 3131 3453 πολλοὶ

2212 3489 2470 3552 τάξασθαι
2562 3485 2811 3560 διήγησιν
2888 3495 3003 3564 περὶ

3236 3399 3480 3472 ἑπεχείρη
3491 3420 3584 3452 σαν
3689 3400 3803 3452 ἁνα-

3100 3499 3197 3542 τῶν
3281 3489 3800 3562 πεπληροφορημένων

2215 3576 2263 3629 ἓν
2345 3580 2468 3649 ἡμῖν
2542 3581 2879 3652 πραγμάτων.
2962 3579 3265 3651 Εύαγγέλιον
3345 3576 3403 3630 δὲ
3472 3582 3668 3638 ταύτην
3730 3597 3801 3630 κε·

2214 3665 2458 3724 κλήκασιο
2517 3663 2656 3719 διότι
2709 3667 2878 3739 ἀγαθὰ
2928 3670 3110 3740 μηνύει
3162 3675 3271 3729 τοῖς
3322 3667 3633 3740 ἀνθρώποις,
3682 3668 3796 3730 οἷον,

2218 3762 2350 3809 Θεοῦ
2427 3754 2832 3828 ἔνανθρώπησιν,
2920 3756 3187 3830 ἀνθρώπου
3263 3759 3466 3819 θέωσιν,
3548 3753 3798 3829 δαιμόνων

2216 3843 2519 3914 κατάλυσιν,
2576 3844 2960 3919 ἁμαρτημάτων
3016 3845 3184 3912 λύσιν,
3233 3844 3590 3916 ἀναγέννησιν,
3637 3847 3801 3897 υἱοθε-

2220 3937 2336 3985 σίαν
2394 3938 2481 3985 καὶ
2537 3933 2878 4008 κληρονομίαν
2944 3943 3040 3994 τῆς
3089 3933 3356 4006 βασιλείας
3408 3942 3506 3984 τῶν
3559 3934 3798 4007 οὐρανῶν.

2219 4021 2591 4093 Εύαγγελισταὶ
2628 4021 2686 4074 δέ
2733 4023 2882 4088 εἰσιν,
2929 4023 3032 4094 ούχ
3073 4026 3120 4074 οἱ
3155 4028 3402 4096 τέσσαρες
3447 4023 3588 4074 οὗτοι
3639 4027 3797 4094 μόνον,

2219 4109 2345 4162 ἀλλά
2388 4114 2674 4183 σύμπαντες
2711 4113 2758 4162 οἱ
2789 4110 3088 4170 ἀπόστολοι,
3136 4116 3253 4185 περὶ
3299 4113 3366 4162 ὧν
3405 4119 3547 4183 κοινῇ
3603 4129 3801 4185 προανε·

2219 4205 2447 4271 φώνησεν
2493 4201 2710 4262 Ἠσαίας
2753 4220 2764 4233 ’
2797 4200 2884 4261 Ὠς
2931 4197 3131 4274 ὡραῖοι,
3182 4201 3359 4271 λέγων,
3411 4203 3460 4251 οἱ
3511 4197 3674 4259 πόδες
3712 4207 3799 4251 τῶν

2217 4289 2680 4362 εὐαγγελιζομένων

2215 4379 2280 4428 τὰ
2311 4376 2676 4449 ἀγαθάῙἈλΥ
2723 4380 2770 4429 οἱ
2817 4382 3067 4450 τέσσαρες
3110 4381 3198 4450 μὲν
3251 4373 3398 4439 ἰδίως
3446 4377 3799 4449 εὐαγγελισταὶ

2798 4290 3021 4362 εἰρήνην,
3131 4298 3228 4341 τῶν
3343 4288 3798 4360 εύαγγελιζομένων

2214 4465 2507 4531 κέκληνται,
2560 4469 2624 4526 ὡς
2679 4465 2946 4540 ἐγγράφως
3002 4471 3120 4539 περὶ
3171 4469 3373 4518 πάντων
3424 4463 3799 4537 διηγησάμενοι

2213 4559 2302 4606 καὶ
2361 4557 2726 4629 ἱστορήσαντες
2758 4573 2770 4585 ’
2806 4559 2854 4608 οἱ
2913 4553 2960 4608 δ’
3002 4556 3146 4608 ἄλλοι
3197 4558 3400 4619 πάντες,
3443 4557 3513 4616 ὡς
3569 4553 3798 4628 ἀγράφως

2214 4651 2364 4696 τοῦτο
2393 4649 2513 4702 ποιή
2525 4663 2726 4706 σαντες.

2283 4854 2459 4919 Βίϐλος
2525 4859 2766 4928 γενέσεως
2851 4855 3024 4915 Ἰησοῦ
3105 4865 3360 4925 Χριστοῦ.
3446 4861 3647 4910 Γίνεσιν
3724 4855 3798 4927 (6)

2210 4944 2431 4998 ἕνταῦθα
2472 4949 2564 5004 την
2621 4949 2859 5017 γέννησιν
2903 4944 3108 5004 ἐνόησεν
3149 4947 3174 4999 ὀ
3213 4950 3594 5022 Χρυσόστομος
3640 4945 3802 5000 Ἰωάν-

2211 5055 2316 5096 νης.
2367 5033 2424 5088 Ἡ
2479 5037 2579 5109 γὰρ
2627 5039 2826 5107 γένεσις
2875 5034 3122 5095 καθολικὴ
3174 5035 3308 5099 λέξις
3357 5031 3508 5107 οὖσα,
3567 5040 3800 5108 σημαίνει

1741 5311 1958 5374 Variae
1989 5313 2304 5378 lectiones
2332 5319 2396 5378 et
2428 5320 2601 5378 notae

529 5407 607 5478 (4)
658 5407 728 5485 ’ξό
774 5406 895 5485 ἄλλο
965 5411 1054 5485 καί
1103 5409 1246 5479 ἄλλο,
1301 5412 1330 5471 ἦ
1403 5416 1492 5467 καὶ
1559 5415 1719 5478 ἄλλως
1789 5423 1878 5472 καὶ
1932 5421 2098 5485 ἄλλως

453 5473 1390 5563 διηγεῖσθαιτλξὶᾳ,άλλοιοσχήμωλ
1419 5486 1592 5563 piog,
1645 5473 1835 5563 ng“,
1877 5491 1934 5546 in
1967 5473 2098 5563 Epi:

452 5565 617 5635 ειμι-ρ,
660 5565 720 5622 p.
757 5551 879 5635 sos.
914 5551 1376 5635 ᾲλλοιοτροπεῗται.
1410 5551 1613 5614 Galen.
1672 5562 1733 5617 in
1765 5551 2090 5635 Glossis,'p.

448 5623 535 5681 61.
568 5623 702 5684 MOI
727 5626 833 5692 est,
855 5626 1040 5702 ἑτέρως
1075 5623 1251 5688 εἰπεῖν,

2209 5423 2620 5551 ιθὲξέιὲηοιυεθ,
2648 5425 2704 5482 in
2730 5426 2998 5498 margine
3019 5428 3198 5486 habet
3225 5433 3295 5486 Α.
3336 5430 3623 5488 Omiserat
3648 5434 3788 5488 Hen-

2278 5567 2354 5638 (6)
2393 5569 2555 5628 Tom.
2589 5568 2702 5636 νη,
2735 5584 2793 5641 p.
2827 5569 2896 5625 20
2928 5571 2984 5626 C2
3015 5586 3074 5648 p.
3108 5574 3167 5628 2t
3206 5574 3280 5630 Α.
