3976 6222
255 340 338 396 H7

1187 318 1549 380 COMMENT.
1592 317 1664 374 IN
1701 314 2129 374 MATTH/EUM.
2166 349 2235 360 —
2265 317 2419 376 CAP.
2461 317 2510 377 Ῑ.

3407 314 3514 378 M8

251 470 323 519 καὶ
361 463 524 519 ταύτην,
570 456 696 517 Τινὲς
738 450 803 509 δέ
861 473 1040 527 φασιν,
1099 452 1198 519 ὅτι,
1232 447 1412 510 ἐπειδὴ
1445 450 1472 502 ό
1523 449 1746 523 Χριστὸς

1875 448 1950 504 sit
1979 445 2288 520 generalis,
2318 446 2494 503 etiam
2522 445 2633 503 hoc
2660 445 2975 518 signiﬁcat.
3007 443 3262 515 Quidam
3310 449 3512 509 autem

249 557 462 627 ὑπερφυῶς
513 547 749 619 γεννηθεὶς
810 543 866 597 ἐκ
919 544 1204 616 Παρθένου,
1274 544 1366 600 τὴν
1417 540 1552 591 κατὰ
1601 540 1755 611 φύσιν

243 647 427 716 γέννησιν
477 637 848 708 ἐκαινοτόμησε,
920 632 1099 686 λοιπὸν
1162 635 1252 683 καὶ
1306 630 1332 682 ὁ
1385 627 1755 700 εῦαγγελιστὴς

236 733 532 801 ἔκαινοτόμησε
585 731 642 780 τὸ
693 727 834 778 κατὰ
881 726 1038 799 φύσιν
1095 725 1255 796 ὄνομα
1304 727 1398 783 τῆς
1449 722 1751 792 γεννήσεως,

229 825 382 894 γένεσιν
415 817 552 875 αὐτὴν
580 815 806 878 καλέσας

273 1001 326 1051 Τό
358 995 408 1049 δε
444 997 634 1056 Ἰησοῦς
691 998 873 1067 ὄνομα,
914 991 1182 1068 Ἐϐραῖκὸν
1240 993 1330 1064 μέν
1373 987 1507 1058 ἔστι,
1557 988 1755 1061 σημαί-

214 1099 269 1141 ait
303 1084 352 1141 di
390 1090 467 1139 τὸν
505 1093 739 1159 Σωτῆρα.
775 1115 847 1126 —
892 1081 1066 1144 Αὐτός
1111 1083 1210 1156 γὰρ
1261 1083 1439 1144 σώσει,
1481 1097 1630 1150 φησι,
1665 1081 1750 1129 τὸν

213 1179 304 1229 λαόν
341 1177 480 1228 αὐτοῦ
530 1175 629 1227 ἀπὸ
679 1183 779 1227 τῶν
837 1173 1104 1247 ἁμαρτιῶν
1157 1170 1345 1224 αὐτῶν.
1403 1167 1514 1222 Ἰνα
1565 1165 1624 1220 δὲ
1675 1170 1746 1240 μὴ

209 1267 427 1339 πὶωηθῇς
486 1269 600 1337 περὶ
688 1269 780 1322 τὴν
839 1264 1158 1336 ὁμωνυμίαν,
1219 1260 1425 1318 Ἰησοῦν
1497 1256 1746 1319 ἀκούσας·

205 1359 453 1428 γέγονεγὰρ
508 1358 596 1406 καὶ
631 1352 782 1416 ἄλλος
836 1351 1118 1418 Ἰησοῦς,ό
1173 1356 1267 1402 τοῦ
1314 1354 1486 1406 Ναυῆ·
1542 1347 1635 1399 οῦκ
1684 1343 1750 1398 εἶ-

201 1463 269 1496 πεν
311 1444 466 1502 Ἰησοῦ
517 1447 694 1516 μόνον,
732 1440 862 1494 ἀλλὰ
915 1441 1090 1499 Ἰησοῦ
1136 1443 1385 1512 Χριστοῦ,
1437 1431 1748 1488 διαστέλλων

199 1531 268 1584 ἐπ’
311 1535 484 1586 ἐκείνου
535 1540 740 1586 τοῦτον.
795 1531 1102 1604 Ἀπορήσειε
1159 1524 1210 1580 δ’
1257 1528 1318 1579 ἄν
1357 1545 1452 1591 τις,
1511 1525 1612 1590 ὅτι,
1661 1527 1749 1575 καὶ

198 1625 277 1693 μὴν
321 1623 345 1679 ἡ
385 1620 559 1694 βιϐλος
606 1621 740 1678 αὕτη
801 1620 895 1672 οῦκ
943 1621 1054 1671 ἔστι
1110 1620 1272 1690 μόνης
1317 1623 1413 1675 τῆς
1463 1615 1750 1684 γεννήσεως

199 1711 339 1767 Ἰησοῦ
382 1718 625 1782 Χριστοῦ,
662 1709 768 1761 ἀλλ’
797 1708 921 1769 ὅλης
975 1706 1136 1759 αὐτοῦ
1170 1713 1262 1766 τῆς
1314 1705 1612 1773 οἰκονομίας
1658 1703 1749 1752 καὶ

1864 539 2095 608 dicunt,
2121 536 2286 610 quod
2312 552 2382 592 ex
2412 551 2533 609 quo
2567 536 2826 594 Christus
2859 537 3384 611 supernaturaliter
3405 553 3516 596 na.

1867 631 1955 684 tus
1979 645 2048 684 ex
2082 627 2335 696 Virgine,
2385 626 2714 683 naturalem
2756 627 3067 684 renovavit
3118 626 3508 698 nativitatem,

1863 717 2157 790 reliquum
2187 719 2298 784 est,
2326 719 2390 772 ut
2417 715 2597 771 etiam
2641 715 3005 787 evangelista
3033 715 3302 774 naturale
3353 716 3510 774 nati-

1860 807 2058 864 vitatis
2074 805 2436 864 vocabulum
2451 804 2840 874 renovaverit,
2856 805 3297 878 generationem
3315 805 3506 879 ipsam

1858 911 2048 954 νειόθι]
2057 914 2103 953 3.

1930 1023 2100 1078 Jesus
2125 1024 2327 1078 autem
2380 1035 2604 1078 nomen
2652 1018 3018 1079 Hebraicum
3048 1025 3136 1077 est
3166 1037 3182 1088 ;
3210 1020 3508 1092 signiﬁcat

1860 1128 2060 1168 autem
2081 1111 2464 1168 Salvatorem.
2496 1141 2564 1151 —
2591 1111 2721 1182 Ipse
2771 1109 2931 1166 enim
2975 1109 3061 1167 ait
3091 1129 3104 1170 :
3137 1109 3369 1168 Salvum
3417 1112 3510 1184 fa-

1860 1202 1972 1258 ciet
1999 1201 2257 1272 populum
2285 1215 2458 1256 suum
2488 1213 2525 1256 a
2561 1199 2807 1268 peccatis
2859 1214 3056 1256 eorum
3086 1199 3151 1255 τ’.
3191 1199 3274 1256 Ne
3303 1203 3507 1257 autem

1858 1289 2084 1346 fallaris
2120 1290 2181 1346 in
2220 1288 2464 1345 nomine
2512 1288 2679 1344 varia
2727 1288 3099 1359 signiﬁcante
3151 1303 3290 1345 cum
3335 1290 3506 1346 Jesus

1859 1379 2034 1435 audis
2096 1395 2108 1435 :
2163 1377 2464 1451 Siquidem
2517 1381 2574 1433 et
2634 1376 2789 1433 alius
2848 1376 2957 1432 fuit
3003 1377 3226 1434 Jesus:
3279 1377 3504 1436 idcirco

1858 1483 1975 1524 non
1993 1466 2334 1538 simpliciter
2357 1467 2557 1538 ipsum
2583 1465 2966 1534 dixitJesum,
2999 1465 3103 1521 sed
3124 1467 3323 1522 Jesum
3345 1465 3508 1523 Chri-

1860 1561 2042 1624 stum,
2087 1557 2248 1612 hunc
2277 1555 2350 1612 ab
2391 1555 2491 1611 illo
2529 1553 2922 1624 distinguens.
2975 1556 3186 1611 Verum
3232 1553 3504 1612 dubitare

1858 1643 2155 1716 quispiam
2186 1643 2416 1716 poterit,
2467 1658 2558 1707 eo,
2593 1641 2752 1714 quod
2796 1641 2896 1698 hic
2941 1641 3089 1699 liber
3137 1657 3260 1698 non
3308 1641 3504 1701 solam

1858 1733 2157 1790 contineat
2187 1732 2398 1788 Christi
2452 1731 2840 1796 nativitatem,
2872 1730 2979 1786 sed
3014 1733 3069 1787 et
3098 1745 3342 1788 omnem
3372 1731 3503 1803 ejus

197 1797 427 1860 πολιτείας
480 1797 667 1870 λύομεν
758 1795 818 1850 δί
874 1801 968 1854 τὴν
1039 1797 1280 1868 ἀπορίαν,
1341 1795 1417 1846 ὃτι
1489 1794 1548 1843 τὸ
1596 1791 1746 1863 κεφά-

1864 1821 2373 1880 conversationem
2418 1837 2489 1877 ac
2527 1819 2762 1876 vivendi
2791 1819 3110 1877 rationem.
3143 1821 3302 1876 Hanc
3329 1819 3500 1876 dubi-

195 1886 303 1939 ὶαιον
363 1889 439 1959 (8)
488 1887 612 1950 ὅλης
671 1896 768 1950 τῆς
822 1886 1118 1958 οἰκονομίας
1173 1888 1262 1936 καὶ
1315 1881 1598 1949 πολιτείας,
1656 1883 1745 1932 καὶ

196 1975 421 2048 ἀρχὴκαὶ
459 1977 587 2052 ῥίζα
637 1985 728 2038 τῆς
761 1981 1026 2050 σωτηρίας
1086 1976 1230 2048 ἡμῶν
1284 1975 1314 2031 ἠ
1370 1975 1607 2044 γέννησις
1661 1965 1742 2027 ἧν.

190 2073 320 2118 Τοῦτο
365 2071 460 2138 γὰρ
525 2065 822 2130 ἐκπλήξεως
870 2069 1017 2138 γέμει
1059 2068 1149 2118 καὶ
1216 2067 1419 2137 φρίκης,
1477 2064 1566 2113 καὶ
1616 2060 1742 2134 ὑπὲρ

191 2153 340 2208 ᾶπίδα
399 2163 572 2209 πᾶσαν
647 2161 736 2208 καὶ
804 2151 1130 2230 προσδοκίαν
1186 2151 1316 2222 ἐστὶ,
1386 2154 1466 2221 τὸ,
1505 2150 1746 2222 γενέσθαι

187 2248 252 2296 τόν
295 2249 408 2299 Θεὸν
451 2247 748 2320 ἄνθρωπον.
787 2247 986 2297 Τούτου
1027 2245 1126 2318 γὰρ
1173 2244 1464 2314 γενομένου,
1507 2241 1572 2292 τὰ
1616 2241 1748 2311 μετὰ

186 2340 304 2384 τοῦτο
361 2337 526 2386 πάντα
602 2334 718 2386 κατ’
787 2331 1095 2385 ἀκολουθίαν
1153 2336 1242 2383 καὶ
1301 2329 1453 2402 λόγον
1520 2329 1743 2382 ἕπονται.

185 2425 343 2476 Λοιπὸν
387 2419 470 2476 οὖν
521 2421 627 2476 ἀπὸ
671 2430 764 2475 τοῦ
801 2425 1116 2496 κυρίωτέρου
1169 2424 1378 2494 μέρους,
1430 2416 1608 2491 βιϐλον
1660 2437 1745 2488 γι-

182 2515 349 2582 νέσεως,
382 2512 489 2564 ὅλον
546 2515 608 2564 τὸ
663 2510 868 2584 βιϐλίον
921 2509 1173 2567 ἐκάλεσεν.
1229 2509 1380 2561 Οῦτω
1431 2509 1532 2581 γὰρ
1585 2511 1674 2559 καὶ
1717 2509 1743 2560 ὁ

181 2605 398 2668 Μωυσῆς,
481 2600 669 2675 βιϐλον
746 2603 994 2661 Γενέσεως
1063 2598 1281 2673 οὐρανοῦ
1357 2600 1442 2648 καὶ
1489 2604 1604 2668 γῆς,
1685 2599 1744 2650 τὸ

180 2698 347 2759 πρῶτον
375 2691 532 2744 αὑτοῦ
561 2689 772 2764 βιϐλίον
799 2691 1054 2762 ὠνόμασε,
1087 2692 1259 2740 καίτοι
1293 2685 1351 2738 οῦ
1376 2690 1495 2761 περὶ
1525 2685 1744 2760 οὐρανοῦ

181 2782 251 2828 καὶ
273 2787 364 2851 γῆς
411 2783 587 2853 μόνον,
655 2778 784 2832 ἀλλὰ
813 2782 902 2831 καὶ
951 2781 1068 2852 περὶ
1117 2785 1216 2830 τῶν
1247 2775 1295 2828 ἐν
1345 2778 1487 2848 μέσῳ
1538 2776 1744 2828 πάντων

179 2864 460 2941 διαλεχθείς.

231 2991 328 3067 ['H,
356 2994 428 3066 (9)
459 2992 568 3046 ἐπεὶ
602 2995 632 3046 ό
663 2995 893 3067 Χριστὸς
917 2997 1006 3044 καὶ
1034 2992 1160 3066 ὕπερ
1191 2992 1346 3064 φύσιν
1376 2987 1641 3061 ἐγεννήθη,
1674 2991 1744 3052 ὡς

176 3081 270 3134 ivra
325 3087 642 3157 σπέρματος,
699 3087 788 3134 καὶ
828 3083 892 3141 ὡς
935 3079 990 3132 ἐκ
1019 3082 1280 3154 Παρθένου
1325 3083 1415 3131 καὶ
1469 3081 1604 3131 κατὰ
1650 3077 1742 3150 φῦ-

178 3187 258 3236 σιν,
291 3174 351 3233 ὡς
402 3170 452 3222 ἐκ
495 3173 767 3242 γυναικὸς,
827 3173 918 3221 καὶ
967 3170 1032 3229 ὡς
1077 3170 1207 3241 μετὰ
1264 3167 1444 3228 θηλῆς·
1496 3168 1600 3218 ἄνώ
1651 3169 1741 3239 μὲν

177 3255 284 3310 cista
343 3265 609 3328 Γενέσεως,
668 3262 725 3311 τὸ
778 3259 906 3330 ὑπὲρ
960 3259 1113 3329 φύσιν
1170 3257 1530 3330 αἰνιττόμενος
1599 3258 1741 3308 κάτω

178 3340 240 3412 δε,
266 3354 344 3400 τοῦ
386 3348 566 3407 Ἰησοῦ
605 3353 864 3421 Χριστοῦ,
898 3351 1075 3418 φησὶν,
1117 3347 1147 3404 ἠ
1179 3349 1416 3416 γέννησις
1463 3345 1626 3406 οὕτως
1655 3340 1738 3412 ἦν,

175 3441 219 3484 τὸ
258 3440 375 3489 κατὰ
402 3440 558 3509 φύσιν
591 3433 787 3495 δηλῶν.
833 3437 976 3497 Τινὲς
1021 3432 1080 3489 δὲ
1109 3431 1247 3487 εἷπον
1292 3438 1492 3506 γένεσιν
1541 3433 1740 3501 Ἰησοῦ,

173 3523 245 3580 τήν
285 3525 349 3585 εἰς
386 3529 472 3578 τὸν
502 3531 709 3598 κόσμον
765 3528 1083 3598 παραγωγὴν
1139 3523 1320 3591 αὐτοῦ,
1352 3524 1458 3577 οἷον
1508 3531 1619 3586 πῶς
1663 3528 1744 3597 γέ-

173 3612 328 3686 7mm]

231 3736 336 3788 Υἰοῦ
379 3734 566 3804 Δαυίδ,
625 3738 741 3789 υἱοῦ
790 3736 1043 3811 ’Δϐραὰμ.
1103 3738 1224 3790 Υἱόν
1266 3738 1356 3809 μὲν
1412 3743 1503 3790 τοῦ
1554 3733 1741 3807 Δαυῖδ,

173 3825 243 3874 τόν
294 3830 514 3897 Χριστὸν
576 3824 834 3878 ἐκάλεσεν·
906 3827 1017 3876 υἱὸν
1065 3821 1126 3878 δε
1179 3831 1271 3877 τοῦ
1342 3823 1598 3900 Ἀϐραὰμ,
1657 3829 1744 3879 τὸν

176 3911 332 3979 Aer-aid,
381 3914 591 3987 ἀνάγων
644 3916 737 3976 τὰς
769 3911 1001 3975 διανοίας
1048 3914 1148 3966 τῶν
1179 3913 1445 3989 ἀκροατῶν
1495 3914 1566 3978 εἰς
1609 3919 1745 3988 μνήο

1774 3137 1813 3194 C

173 4020 256 4069 μην
299 4012 390 4054 τῶν
439 4002 787 4076 ἐπαγγελιῶν.
848 4002 1016 4055 Πάλαι
1075 4005 1176 4078 γὰρ
1236 4004 1262 4054 ὁ
1325 4006 1447 4066 Θεὸς
1498 4003 1744 4076 ἐπηγγεί-

173 4086 290 4154 λατο,
322 4098 500 4164 καὶτῷ
543 4091 806 4165 Ἀϐραὰμ,
861 4097 951 4144 καὶ
1001 4099 1074 4162 τῷ
1124 4088 1310 4159 Δαυὶδ,
1350 4091 1661 4152 ἀναστήσειν
1689 4093 1744 4146 ἐκ

175 4185 248 4228 τοῦ
297 4185 591 4255 σπέρματος
652 4181 818 4232 αὐτῶν
871 4183 961 4233 τὸν
1016 4185 1262 4256 Χριστόν.
1311 4181 1397 4244 Ἐξ
1473 4177 1743 4234 Ἰουδαίων

175 4268 258 4333 γὰρ
315 4273 439 4329 ὄντες
490 4272 543 4323 οἱ
607 4268 874 4342 ἀκροαταὶ,
938 4271 1075 4322 καθὰ
1127 4274 1528 4345 προειρήκαμεν,
1595 4269 1744 4342 ἐγνὼ-

173 4355 293 4424 ,οιζον
328 4360 751 4431 (10-1)ταύτας.
804 4363 1014 4432 Πρῶτον
1055 4354 1114 4410 δὲ
1167 4361 1254 4410 τὸν
1286 4355 1453 4411 Δαυὶδ
1502 4360 1740 4424 τέθεικεν,

174 4443 235 4493 ὅτι
289 4444 334 4496 ἄν
382 4454 491 4508 τοῖς
535 4446 779 4498 ἁπάντων
838 4444 1036 4518 ἐφέρετο
1091 4451 1368 4519 στόμασιν,
1427 4449 1498 4508 ὡς
1534 4451 1742 4522 προφή-
1776 4472 1822 4528 D

174 4547 248 4592 Tn
292 4539 446 4606 μέγας
485 4539 583 4586 καὶ
613 4537 681 4596 ὡς
737 4533 987 4607 βασιλεὺς
1042 4531 1393 4599 ἐνδοξότατος,
1435 4541 1526 4588 καὶ
1582 4539 1646 4598 ὡς
1684 4537 1743 4591 οὐ

174 4621 306 4673 suam
345 4623 740 4683 τετελευτηκώς.
798 4622 856 4676 Ὀ
908 4626 1010 4696 ’γὰρ
1067 4622 1322 4698 Ἀϐραὰμ,
1361 4624 1406 4676 εἰ
1459 4628 1543 4677 καὶ
1589 4625 1745 4688 αὐτὸς

176 4707 399 4784 ἐπίσημος
443 4710 508 4771 ἦν
544 4715 617 4772 ὡς
648 4713 1009 4787 πατριάρχης,
1042 4710 1148 4764 ἀλλ’
1207 4708 1294 4764 οὖν
1346 4712 1508 4765 πάλαι
1556 4715 1742 4784 θανὼν,

173 4797 218 4848 οὐ
258 4804 515 4863 τοσαᾶτης
559 4806 772 4873 μνήμης
802 4800 1011 4863 ἠξίωτο.
1063 4801 1124 4853 Εἰ
1169 4803 1269 4876 γὰρ
1300 4805 1390 4854 καὶ
1440 4799 1746 4877 ἀμφοτέροις

175 4882 481 4959 ἕητγεᾶατο
537 4892 566 4942 ὁ
622 4892 770 4960 Θεὸς,
803 4887 911 4941 ἀλλ’
969 4890 1106 4962 ὅμως
1158 4888 1314 4942 ἐκεῖνο
1368 4892 1478 4962 μὲν,
1538 4893 1605 4953 ὡς
1643 4910 1743 4944 πα-

175 4971 313 5045 λαιὸν,
362 4977 604 5052 ἑσιγᾶτο-
654 4985 801 5031 τοῦτο
850 4974 928 5050 δε,
981 4979 1050 5040 ὡς
1094 4983 1354 5054 νεώτερον,
1390 4980 1490 5031 ὑπό
1541 4980 1745 5033 πάντων

229 5099 267 5134 ⁷·
290 5103 478 5161 Iatth.
562 5118 604 5170 ι,
625 5103 714 5160 21.
793 5104 814 5141 ⁸
840 5101 962 5160 Gen
995 5117 1089 5169 :n,
1117 5104 1172 5160 4.
1209 5098 1213 5103 ’
1249 5102 1489 5161 “Matth.
1516 5117 1559 5171 ι,
1595 5105 1644 5160 I.

1853 1913 2139 1969 tationem
2177 1909 2582 1974 dissolvimus,
2623 1908 2901 1965 dicentes.
2949 1909 3156 1966 Omnis
3197 1909 3327 1978 ejus
3363 1923 3503 1965 con-

1851 2000 2220 2067 versationis,
2253 1998 2538 2071 modique
2569 1996 2809 2054 vivendi
2839 2003 3039 2070 caput,
3071 2001 3125 2054 et
3150 1995 3524 2069 principium,

1851 2107 1922 2148 ac
1943 2089 2207 2147 radicem
2254 2092 2471 2145 nostra
2519 2085 2749 2156 salutis,
2799 2085 2981 2143 fuisse
3012 2085 3401 2144 nativitatem.
3433 2084 3504 2144 Id

1853 2180 2013 2238 enim
2040 2185 2281 2251 stupore
2307 2181 2362 2235 et
2390 2176 2784 2232 admiratione
2841 2175 3042 2248 replet,
3076 2179 3288 2248 estque
3317 2191 3504 2248 supra

1853 2285 2090 2326 omnem
2122 2283 2294 2340 spem
2323 2281 2396 2324 ac
2425 2264 2953 2339 exspectationem,
2985 2268 3049 2321 ut
3077 2266 3230 2321 Deus
3267 2263 3369 2322 ﬁat
3394 2264 3502 2322 ho-

1853 2375 1955 2416 mo
1987 2375 2000 2414 :
2034 2374 2154 2432 quo
2178 2355 2354 2420 facto.
2384 2356 2591 2413 omnia
2618 2369 2755 2427 quae
2775 2353 3039 2427 posthoc
3062 2353 3221 2411 facta
3245 2358 3401 2426 sunt,
3427 2371 3502 2413 ex

1853 2445 2259 2518 consequenti,
2289 2460 2520 2517 suoque
2565 2442 2777 2500 ordine
2830 2447 3300 2516 consequuntur.
3354 2443 3502 2501 Reli-

1851 2552 2042 2611 quum
2054 2539 2377 2608 estergo,ut
2391 2533 2470 2591 ab
2482 2533 2594 2589 hac
2607 2531 2800 2603 magis
2814 2532 3118 2604 praecipua
3135 2535 3321 2604 parte,
3336 2547 3500 2591 nem-

1851 2642 1927 2699 pe
1939 2630 2129 2682 totum
2140 2624 2374 2689 librum,
2392 2620 3018 2693 generationislibrum
3031 2620 3352 2678 vocaverit.
3373 2621 3502 2679 Mo-

1857 2730 1950 2772 ses
1963 2729 2210 2788 quoque
2237 2712 2503 2785 primum
2525 2726 2705 2766 suum
2725 2708 2942 2766 librum
2957 2709 3192 2766 vocavit
3203 2709 3496 2766 Geneseos

1850 2804 1965 2861 hoc
1985 2809 2094 2871 est,
2117 2800 2430 2859 creationis
2461 2798 2593 2856 caali
2610 2803 2666 2856 et
2683 2798 2875 2856 terras“
2891 2815 2905 2854 :
2919 2813 3058 2855 cum
3071 2812 3194 2854 non
3212 2796 3409 2855 solum
3421 2797 3498 2858 de

1851 2891 1958 2950 cce]
1967 2908 2002 2950 o
2014 2898 2069 2948 et
2082 2897 2450 2958 terra,verum
2462 2889 2632 2948 etiam
2645 2886 2909 2946 omnibus
2919 2885 3185 2959 loquatur
3194 2887 3494 2946 creaturis.

1928 2998 2054 3055 Vel:
2073 3013 2210 3053 cum
2224 2996 2484 3052 Christus
2496 3000 2550 3052 et
2562 2992 3090 3067 supernaturaliter
3100 2995 3280 3050 natus
3293 2992 3384 3059 sit,
3397 3008 3499 3066 pu-

1849 3092 1911 3146 ta
1923 3088 2049 3144 sine
2061 3085 2300 3151 semine,
2314 3088 2371 3141 et
2381 3101 2452 3140 ex
2464 3083 2702 3154 Virgine
2714 3081 3120 3139 etnaturaliter
3130 3085 3272 3154 puta
3291 3097 3363 3138 ex
3379 3098 3502 3139 mu-

1849 3177 2011 3244 liere,
2041 3181 2097 3232 et
2120 3174 2667 3231 uberibuslactatus
2691 3187 2704 3228 :
2732 3172 2867 3228 ideo
2905 3172 3070 3238 dixit,
3087 3170 3494 3242 generationis,

1847 3265 2257 3329 insinuansid,
2273 3261 2442 3335 quod
2467 3266 2592 3317 erat
2610 3259 3078 3332 supernaturale.
3118 3259 3276 3315 Infra
3294 3264 3498 3316 autem

1849 3356 2022 3414 dicit:
2043 3355 2182 3411 Jesu
2203 3351 2416 3408 Christi
2445 3349 2720 3406 nativitas
2747 3348 2832 3404 sic
2861 3347 2972 3403 fuit
3000 3348 3069 3412 ιο,
3105 3345 3502 3403 manifestans

1849 3447 1932 3514 id,
1981 3443 2144 3519 quod
2198 3441 2307 3498 fuit
2350 3437 2644 3496 naturale.
2705 3436 2962 3504 Quidam
3012 3450 3156 3493 vero
3201 3435 3502 3495 dixerunt.

1851 3533 2296 3608 generationem
2326 3530 2479 3594 Jesu,
2514 3526 2703 3600 ipsius
2730 3526 2794 3582 in
2838 3525 3138 3582 mundum
3166 3523 3506 3582 descensio-

1851 3640 2010 3683 nem.
2036 3637 2158 3696 quo
2186 3618 2372 3677 modo
2403 3615 2674 3674 videlicet
2697 3614 2888 3674 factus
2918 3613 2993 3670 sit
3019 3613 3111 3670 vel
3160 3616 3358 3670 natus.

1921 3713 2068 3769 Filii
2108 3708 2289 3768 David
2316 3750 2331 3776 ,
2359 3706 2472 3778 ﬁlii
2485 3705 2814 3763 Abraham.
2831 3700 3043 3760 Filium
3056 3701 3302 3775 quidem
3316 3701 3504 3759 David

1851 3819 2081 3878 vocavit
2119 3816 2435 3880 Christum,
2463 3813 2654 3870 ﬁlium
2683 3825 2821 3868 vero
2842 3808 3144 3866 Abraham
3170 3808 3366 3882 ipsum
3392 3809 3501 3866 Da-

1850 3909 1948 3966 vid
1979 3924 1993 3964 :
2027 3906 2360 3966 auditorum
2386 3906 2618 3959 mentes
2649 3914 2884 3972 erigens
2920 3897 2999 3955 ad
3029 3897 3500 3970 promissionum

1852 3997 2224 4054 memoriam.
2257 3993 2410 4052 Olim
2436 3991 2596 4048 enim
2623 3987 2984 4062 promiserat
3013 3987 3176 4044 Deus
3205 3985 3502 4042 Abraham

1851 4104 1922 4145 ac
1948 4085 2129 4142 David
2155 4100 2185 4140 θ
2216 4082 2442 4140 semine
2475 4082 2741 4153 ipsorum
2767 4074 3136 4132 nasciturum
3166 4089 3298 4131 esse
3337 4073 3506 4131 Chri-

1852 4181 2030 4233 stum.
2055 4175 2203 4229 Cum
2234 4176 2433 4229 autem
2463 4168 2763 4226 auditores
2793 4169 2988 4222 essent
3029 4163 3236 4231 Judaei,
3259 4169 3323 4219 ut
3353 4177 3504 4235 prm-

1853 4265 2133 4330 diximus,
2165 4257 2600 4317 noverantillas
2629 4253 3074 4328 promissiones.
3102 4251 3368 4307 Primum
3399 4266 3506 4307 au-

1853 4357 1969 4410 tem
1996 4350 2181 4406 David
2211 4346 2431 4421 posuit,
2481 4343 2646 4418 quod
2675 4343 2736 4398 in
2767 4357 2868 4399 ore
2897 4340 3171 4398 omnium
3227 4338 3502 4405 ferretur,

1853 4445 2058 4514 utpote
2089 4438 2373 4512 propheta
2401 4449 2659 4504 magnus
2687 4434 2746 4486 et
2761 4433 3043 4502 tanquam
3068 4443 3171 4484 rex
3195 4425 3505 4498 gloriosis-

1855 4531 2032 4589 simus
2061 4545 2080 4596 ;
2111 4527 2336 4600 quique
2387 4537 2510 4580 non
2560 4524 2720 4577 tanto
2779 4521 2916 4574 ante
2945 4522 3207 4589 tempore
3235 4515 3502 4574 obiisset.

1853 4618 2159 4676 Abraham
2187 4619 2404 4683 autem,
2427 4623 2770 4684 quanquam
2792 4604 3043 4676 insignis
3064 4604 3255 4671 fuerit,
3282 4620 3503 4680 nempe

1851 4707 2213 4782 patriarcha,
2230 4709 2490 4761 attamen
2521 4715 2660 4757 cum
2686 4701 2824 4756 ante
2836 4695 3024 4752 multa
3045 4693 3265 4752 saecula
3293 4709 3325 4751 ο
3354 4695 3505 4752 vivis

1853 4796 2222 4861 excessisset,
2271 4795 2436 4849 tanta
2489 4787 2784 4845 memoria
2829 4800 2953 4842 non
3011 4783 3333 4842 colebatur.
3386 4785 3504 4840 Etsi

1854 4889 2033 4946 etiam
2060 4884 2293 4957 utrique
2317 4877 2675 4954 promiserit,
2715 4877 2791 4933 de
2814 4873 2914 4931 illo
2953 4877 3143 4931 tamen
3195 4873 3364 4946 quasi
3410 4887 3508 4930 ve-

1854 4974 2086 5036 tustiori
2115 4971 2397 5030 silebatur
2425 4985 2446 5027 :
2475 4968 2587 5026 hoc
2615 4968 2816 5024 autem
2845 4967 3138 5037 tanquam
3184 4961 3503 5020 recentius.

1721 5104 1770 5144 ¹⁰
1797 5102 1952 5163 Ibid.
2026 5101 2115 5157 18.

1386 5226 1612 5297 Variae
1642 5228 1969 5299 lectiones
1999 5232 2066 5295 et
2101 5230 2303 5292 notae.

235 5365 301 5436 Π)
330 5371 462 5444 Post
498 5369 723 5432 καλέσας
765 5369 1154 5444 leguntur_in
1194 5368 1347 5444 Cod.
1380 5370 1442 5444 Β.
1497 5385 1589 5439 ea,
1622 5385 1752 5444 quis

184 5442 486 5565 ξέῃῗοὰὶοἰε
537 5447 608 5500 Α.
645 5439 911 5513 margine
941 5439 1123 5514 paulo
1173 5445 1304 5516 post
1332 5440 1429 5498 hic
1496 5439 1754 5517 ascripta

250 5580 319 5654 (8)
346 5588 413 5639 Τὸ
441 5584 767 5644 deleverim
794 5598 818 5659 ;
849 5591 1000 5640 τοῦτο
1043 5584 1226 5644 habet
1264 5584 1562 5659 Chrysost.
1591 5587 1746 5645 tom.

1857 5369 1958 5431 VII
1985 5382 2039 5431 β.
2071 5370 2138 5423 23
2169 5365 2231 5423 C.

1940 5427 2015 5513 ’9)
2051 5436 2287 5494 Inclusa
2308 5433 2370 5491 in
2398 5429 2672 5503 margine
2697 5427 2884 5489 habet
2907 5429 2976 5489 A.

1935 5441 2030 5585 ἱιο
2063 5510 2114 5582 1)
2143 5509 2249 5573 Τὰς
2276 5504 2600 5582 ἕπαγγιλίας,

1967 5504 2030 5569 il)
2063 5510 2114 5582 1)
2143 5509 2249 5573 Τὰς
2276 5504 2600 5582 ἕπαγγιλίας.
