3976 6222
422 293 525 351 119

1774 286 2119 346 EUTBYMII
2152 283 2485 344 ZIGABENI

3669 284 3763 344 120

422 418 485 478 in
527 415 800 477 omnium
834 430 954 475 ,ore
1007 414 1537 473 circumferebatur
1569 434 1581 473 :
1616 422 1855 490 prOpter
1912 414 2076 488 quod

2201 416 2523 489 τεριεφέρετο.
2586 413 2672 465 Διὸ
2734 415 2823 465 καὶ
2884 409 3073 483 ἔλεγον
3129 409 3221 465 οὐκ
3286 408 3341 464 ἐκ
3398 418 3488 464 τοῦ
3546 416 3763 486 σπέρμα-

426 508 606 565 etiam
647 505 970 562 dicebant:
1006 505 1212 562 Nonne
1263 522 1294 562 e
1349 507 1575 561 semine
1637 506 1836 569 David,
1894 510 1948 561 et
2002 504 2077 560 de

426 596 727 653 Bethleem
755 594 1015 663 castello,
1067 594 1169 649 ubi
1222 600 1346 650 erat
1403 594 1601 661 David,
1656 601 1935 649 venturus
1990 596 2079 648 est

431 685 822 743 Christus“?
872 684 1075 756 Itaque
1138 682 1336 738 nullus
1418 699 1555 739 eum
1637 682 1814 738 ﬁlium
1890 682 2079 738 Abra-

428 776 592 840 ham,
626 773 731 829 sed
774 788 985 829 omnes
1012 772 1197 828 David
1229 772 1417 827 tilium
1466 772 1781 828 vocabant.
1819 772 1910 827 Sic
1942 787 2078 842 ergo

432 863 504 920 ab
538 879 626 928 eo,
646 862 809 935 quod
827 862 1025 917 notius
1052 866 1177 917 erat
1200 860 1511 933 incipiens,
1562 861 1640 918 ad
1670 861 1730 918 id
1759 860 1926 933 quod
1955 863 2081 917 erat

432 951 741 1017 vetustius,
778 950 1060 1007 ascendit.

504 1061 719 1114 Verum
743 1056 1044 1113 Mattheus
1074 1055 1343 1129 quidem,
1373 1072 1510 1111 cum
1545 1055 1620 1111 ad
1651 1071 1753 1112 eos
1790 1056 1888 1129 qui
1915 1071 1946 1111 e
1975 1056 2082 1111 cir-

436 1147 795 1204 cumcisione
809 1150 997 1210 erant,
1017 1146 1317 1216 scriberet,
1334 1160 1455 1201 non
1474 1145 1672 1213 altius,
1689 1160 1874 1216 quam
1890 1159 2082 1217 usque

438 1238 515 1294 ad
532 1236 837 1292 Abraham
869 1234 1283 1305 genealogiam
1303 1234 1550 1299 reduxit,
1585 1234 1688 1289 sed
1704 1234 1780 1290 ab
1792 1234 1905 1289 hoc
1923 1249 2084 1289 sum-

437 1332 541 1399 pto
572 1324 886 1397 principio,
912 1323 1188 1395 usquead
1209 1323 1405 1394 ipsum
1446 1323 1736 1378 Christum
1761 1323 2081 1386 descendit,

439 1414 757 1472 ostendens
770 1412 1155 1484 solum,quod
1180 1428 1208 1467 e
1230 1412 1455 1467 semine
1485 1412 1787 1468 Abraham
1825 1418 1879 1466 et
1908 1411 2087 1467 David

438 1508 618 1559 natus
646 1506 813 1566 esset,
846 1501 1179 1556 secundum
1200 1501 1497 1572 promissa
1523 1502 1598 1556 ad
1630 1500 1762 1555 illos
1792 1500 1965 1555 facta.
1998 1500 2089 1555 Ni-

438 1592 521 1649 hil
550 1591 710 1647 enim
740 1604 909 1661 teque
931 1588 1256 1646 delectabat
1278 1604 1400 1653 eos,
1425 1589 1529 1660 qui
1556 1604 1629 1643 ex
1654 1588 1871 1643 Judaais
1900 1588 2090 1643 credi-

440 1681 653 1736 derant
683 1695 700 1736 :
728 1682 907 1749 atque
940 1677 1141 1733 audire
1169 1677 1335 1749 quod
1362 1693 1394 1733 e
1434 1678 1659 1733 semine
1686 1677 1988 1733 Abraham
2019 1692 2087 1731 ac

2183 522 2268 564 τος
2309 499 2495 571 Δαυίδ,
2544 506 2632 554 καὶ
2685 501 2785 554 ἀπὸ
2827 501 3053 574 Βηθλεὲμ
3089 509 3183 563 τῆς
3245 505 3445 572 κώμης,
3480 502 3604 553 ὅπου
3658 500 3766 560 ἧνό

2185 588 2371 656 Δαυὶδ,
2427 594 2639 664 ἔρχεται
2688 592 2711 642 ό
2771 596 3041 663 Χριστός,
3104 596 3203 643 Καὶ
3247 587 3419 651 οὐδεὶς
3467 591 3617 643 αὐτὸν
3665 595 3767 643 υιόν

2181 679 2438 753 Ἀϐραὰμ,
2485 679 2611 732 ἀλλὰ
2654 682 2839 742 πάντες
2873 682 2982 731 υἱον
3032 676 3197 732 Δαυὶδ
3229 677 3458 731 ἐκάλουν.
3504 680 3653 731 Οὕτω
3699 680 3767 752 (2)

2182 776 2307 841 γοῦν
2336 768 2435 821 ἀπὸ
2466 776 2556 821 τοῦ
2588 774 2981 845 γνωριμωτέρου
3012 768 3201 842 μᾶλλον
3243 768 3546 844 ἀρξάμενος,
3577 768 3659 822 ἐπὶ
3689 772 3766 822 τὸν

2185 858 2519 935 παλαιότερον
2550 857 2783 918 ἀνῆλθεν.

2260 1055 2414 1108 Ἀλλὰ
2464 1056 2726 1115 Ματθαῖος
2765 1058 2852 1128 μεν
2906 1057 3036 1130 πρὸς
3067 1058 3183 1116 τοὺς
3213 1053 3267 1107 ἐκ
3324 1064 3605 1131 περιτομῆς
3658 1058 3774 1129 γρά-

2189 1166 2311 1217 φων,
2345 1144 2437 1196 οὐκ
2492 1143 2724 1218 ἀνωτέρω
2771 1152 2861 1196 τοῦ
2896 1144 3133 1218 Ἀϐραὰμ
3186 1143 3412 1217 ἀνήγαγε
3460 1150 3551 1203 τὴν
3608 1165 3775 1216 γενεα-

2187 1233 2386 1305 λογίαν,
2483 1232 2589 1283 ἀλλ’
2677 1232 2776 1285 ἀπὸ
2855 1236 3041 1285 τούτου
3136 1232 3433 1307 ἀρξάμενος,
3534 1233 3773 1292 κατῆλθεν

2190 1324 2353 1397 ἄχρις
2395 1322 2553 1373 αὐτοῦ
2609 1329 2700 1373 τοῦ
2754 1330 3008 1394 Χριστοῦ,
3057 1318 3302 1374 δεικνύων
3354 1325 3529 1394 μόνον,
3594 1324 3674 1373 ὃτι
3728 1320 3775 1373 ἐκ

2194 1415 2479 1482 σπέρματος
2524 1409 2761 1482 Ἀϐραὰμ
2808 1415 2896 1461 καὶ
2947 1406 3113 1462 Δαυὶδ
3162 1409 3471 1475 ἐϐλάστησε,
3511 1412 3645 1462 κατὰ
3692 1413 3776 1472 τὰς

2192 1503 2320 1572 πρὸς
2375 1498 2595 1559 ἐκείνους
2660 1498 2986 1570 ἐπαγγελίας.
3059 1496 3225 1551 Οὐδὲν
3278 1501 3377 1572 γὰρ
3455 1500 3615 1561 οὕτως
3672 1499 3778 1552 ξινέ-

2192 1607 2324 1640 παυε
2372 1592 2489 1650 τοὺς
2544 1586 2596 1651 ἐξ
2653 1585 2922 1640 Ἰουδαίων
2976 1593 3403 1655 πεπιστευκότας,
3457 1591 3519 1648 ὡς
3580 1592 3637 1641 τὸ
3685 1609 3776 1661 μα-

2199 1679 2317 1742 θεῖν,
2384 1679 2462 1728 ὅτι
2510 1676 2565 1728 ἐκ
2620 1680 2915 1749 σπέρματος
2969 1676 3205 1752 Ἀϐραὰμ
3261 1682 3349 1729 καὶ
3408 1674 3573 1730 Δαυὶδ
3646 1675 3704 1735 ἦν
3754 1680 3777 1730 ό

442 1768 629 1825 David
650 1772 830 1822 natus
852 1770 1009 1821 esset
1024 1766 1307 1831 Christus,
1324 1770 1527 1837 utpote
1556 1766 1661 1837 qui
1688 1765 1824 1821 inde
1857 1780 2090 1836 semper

2201 1768 2448 1839 Χριστὸς,
2509 1769 2578 1827 ὡς
2643 1764 2827 1817 ἐκεῖθεν
2900 1766 3054 1817 αὐτόν
3133 1764 3211 1818 ἀεὶ
3267 1763 3685 1839 προσδοκῶντας.
3727 1767 3778 1819 Ὀ

440 1858 639 1929 ipsum
653 1858 1106 1927 exspectassent.
1140 1857 1324 1909 Lucas
1354 1870 1495 1910 vero
1512 1855 1683 1926 quasi
1701 1870 1806 1925 per
1824 1854 2089 1909 medium

441 1943 830 2015 Theophilum
849 1943 1021 1997 simul
1052 1942 1334 1997 omnibus
1364 1943 1611 2013 loquens
1634 1943 1933 2006 ﬁdelibus,
1962 1957 2093 2015 per-

444 2035 645 2088 fectam
677 2031 855 2086 tradit
880 2031 1320 2100 generationem
1350 2047 1361 2085 :
1394 2029 1621 2086 inferne
1636 2031 1829 2099 magis
1855 2032 1927 2086 ab
1958 2032 2092 2102 ipso

443 2120 733 2176 inchoans
763 2118 1007 2183 Christo,
1032 2123 1088 2174 et
1118 2118 1196 2174 ad
1223 2119 1422 2190 ipsum
1448 2134 1635 2190 usque
1662 2119 1854 2173 Adam
1887 2134 2089 2174 ascen-

445 2210 614 2272 dens,
633 2207 1163 2272 utdemonstraret,
1186 2207 1825 2278 quotgenerationibus
1852 2223 2094 2279 separa-

447 2303 541 2354 tus
581 2298 653 2353 sit
682 2312 875 2352 novus
905 2296 1096 2351 Adam
1127 2312 1163 2352 a
1191 2296 1392 2361 veteri,
1426 2300 1482 2351 et
1513 2311 1694 2367 super
1736 2300 1877 2368 quot
1905 2311 2094 2367 gene-

445 2387 702 2443 rationes
727 2384 1055 2454 regnaverit
1078 2389 1409 2455 peccatum.
1449 2384 1787 2441 Diﬂerentia
1808 2384 1985 2455 igitur
2004 2400 2090 2440 re-

444 2490 578 2530 rum
592 2474 1155 2543 demonstratarum,
1176 2472 1566 2530 differentiam
1581 2474 1712 2529 fecit
1723 2473 2092 2530 demonstra-

446 2563 700 2619 tionum.
735 2561 1041 2641 Siquidem
1084 2562 1387 2619 Matthaeus
1421 2562 1721 2619 Abraham
1751 2562 2090 2619 necessario

438 2648 663 2709 faciens
676 2652 1063 2715 mentionem,
1081 2650 1157 2705 ad
1170 2650 1276 2705 h0c
1290 2650 1501 2706 merito
1514 2650 1819 2707 descendit
1835 2654 1909 2707 ad
1926 2651 2088 2706 Chri-

440 2746 617 2805 stum,
635 2740 801 2812 cujus
816 2739 1168 2809 genealogia
1198 2739 1572 2795 describitur.
1601 2742 1783 2796 Lucas
1805 2756 1963 2807 vero,
1987 2740 2086 2811 qui

439 2830 518 2885 ad
539 2828 885 2899 hujusmodi
922 2828 1331 2883 necessitatem
1370 2828 1687 2883 mentionis
1718 2828 1966 2884 Abrahae
1994 2828 2087 2884 fa-

437 2918 661 2974 cienda
688 2931 809 2973 non
856 2915 1266 2982 inducebatur,
1324 2918 1659 2973 necessario
1684 2933 1720 2972 a
1746 2918 1971 2973 Christo
1998 2917 2085 2973 in-

2203 1852 2260 1906 δε
2293 1861 2517 1921 Λουκᾶς,
2562 1854 2669 1919 ἅτε,
2706 1851 2797 1906 δια
2825 1858 2985 1926 μέσου
3019 1863 3108 1907 τοῦ
3150 1854 3425 1927 Θεοφίλου,
3471 1863 3611 1927 κοινῇ
3656 1860 3782 1907 πᾶσι

2200 1951 2409 2005 πιστοῖς
2474 1939 2855 2015 διαλεγόμενος,
2914 1943 3117 2001 ὁλοτελῆ
3185 1951 3410 1995 ποιεῖται
3462 1947 3553 2001 τὴν
3612 1962 3782 2014 γενεα-

2200 2031 2394 2103 λογίαν,
2450 2034 2670 2084 κάτωθεν
2720 2031 2820 2084 ἀπὸ
2884 2040 2975 2084 τοῦ
3028 2040 3260 2104 Χριστοῦ
3317 2032 3504 2105 μᾶλλον
3562 2030 3781 2105 ἀρξάμε-

2200 2142 2302 2187 νος,
2362 2126 2448 2173 καὶ
2480 2119 2671 2183 ἀναϐὰς
2719 2123 2853 2194 ἄχρι
2903 2128 2993 2173 τοῦ
3025 2118 3217 2193 Ἀδὰμ,
3263 2123 3343 2173 ἵνα
3393 2117 3558 2194 δείξῃ,
3600 2126 3783 2181 πόσαις

2201 2230 2254 2262 τε
2309 2218 2505 2281 γενεαῖς
2564 2209 2865 2282 ἀφειστήκει
2917 2218 3006 2261 τού
3066 2209 3287 2262 παλαιοῦ
3345 2212 3370 2261 ό
3422 2214 3529 2271 νέος
3586 2207 3779 2281 Ἀδὰμ,

2200 2304 2289 2351 καὶ
2348 2302 2520 2352 πόσων
2584 2308 2764 2371 γενεῶν
2820 2298 3149 2351 ἐϐασίλευσεν
3182 2301 3210 2357 ἡ
3268 2298 3516 2371 ἁμαρτία.
3557 2298 3614 2351 Ἠ
3676 2294 3783 2351 δια-

2202 2392 2334 2463 φορὰ
2391 2394 2560 2440 τοίνυν
2612 2397 2711 2439 τῶν
2769 2385 3213 2459 ἀποδεδειγμένων
3271 2390 3612 2461 πραγμάτων,
3671 2385 3781 2439 δια-

2202 2479 2358 2550 φορὰν
2440 2476 2651 2534 ἐποίησε
2725 2482 2811 2528 καὶ
2881 2486 2978 2529 τῶν
3036 2473 3371 2539 ἀποδείξεων.
3426 2477 3482 2529 Ὀ
3531 2480 3622 2548 μὲν
3689 2479 3779 2548 γὰρ

2200 2567 2467 2627 Ματθαῖος
2562 2564 2856 2635 ἀναγκαίως
2938 2572 3031 2616 τοῦ
3110 2564 3345 2637 Ἀϐραὰμ
3430 2564 3780 2637 ἐπιμνησθεὶς,

2200 2655 2408 2716 εἰκότως
2460 2653 2560 2706 ἀπό
2606 2656 2789 2706 τούτου
2835 2658 3059 2706 κάτεισιν
3118 2653 3200 2706 ἐπὶ
3247 2657 3333 2706 τὸν
3384 2654 3779 2727 γενεαλογούμε-

2200 2764 2280 2796 νον
2310 2748 2557 2817 Χριστόν·
2588 2745 2612 2795 ό
2647 2740 2704 2795 δὲ
2747 2749 2973 2809 Λουκᾶς,
3027 2748 3096 2815 μὴ
3153 2742 3308 2795 ἐλθὼν
3352 2744 3417 2804 εἰς
3467 2748 3651 2816 χρείαν
3695 2750 3783 2803 *ἧς

2197 2836 2439 2893 τοιαύτης
2494 2838 2698 2905 μνήμης
2751 2836 2808 2883 τὸ
2875 2840 2964 2884 τοῦ
3020 2832 3277 2907 Ἀϐραὰμ,
3336 2834 3630 2904 άναγκαίως
3689 2830 3781 2882 ἀπὸ

2199 2930 2290 2974 τοῦ
2340 2929 2573 2996 Χριστοῦ
2633 2920 2929 2996 ἀρξάμενος,
2976 2920 3254 2974 ἀνεπόδισε
3465 2922 3681 2981 Σύνηθες
3732 2916 3785 2972 δὲ

437 3006 684 3071 choans,
711 3005 859 3076 quid
887 3004 1051 3076 apud
1074 3004 1351 3061 Hebraeos
1379 3010 1726 3062 consuetum
1758 3013 1926 3073 esset,
1956 3006 2083 3062 dili-

2201 3018 2299 3073 τοῖς
2364 3010 2637 3085 Ἑϐραίοις,
2708 3016 2797 3064 καὶ
2857 3013 2913 3063 τό
2967 3013 3102 3063 κατὰ
3156 3007 3514 3082 ἀναποδισμόν
3562 3008 3786 3083 γενεαλο-

440 3098 645 3166 genter
680 3092 997 3165 inquisivit,
1042 3097 1098 3149 et
1138 3093 1310 3163 juxta
1350 3093 1412 3150 id
1449 3094 1615 3166 quod
1664 3094 2079 3168 inquisiverat,

440 3181 855 3254 genealogiam
882 3182 1202 3239 contexuit.

508 3292 675 3347 νεεδ.
707 3293 760 3346 2.
791 3288 1096 3345 Abraham
1125 3290 1431 3360 —-fralre.s
1456 3289 1598 3359 ejus.
1627 3292 1796 3348 Moris
1826 3296 1952 3349 erat
1977 3307 2083 3365 per

438 3393 639 3436 mares
668 3382 863 3433 texere
889 3375 1271 3448 genealogias
1300 3394 1316 3431 :
1340 3377 1431 3433 vir
1468 3380 1627 3435 enim
1654 3395 1858 3436 semen
1889 3380 2083 3436 infun-

438 3467 542 3533 dit,
568 3471 624 3522 et
648 3466 729 3522 ita
767 3465 1128 3538 principium
1150 3469 1237 3521 est
1259 3470 1317 3521 et
1338 3466 1504 3523 radix
1546 3468 1746 3539 prolis,
1788 3473 2083 3542 caputque

438 3555 718 3618 mulieris,
742 3559 804 3610 ut
828 3554 1380 3627 inquitApostolus:
1408 3556 1618 3611 mulier
1648 3561 1848 3613 autem
1876 3573 2084 3614 semen

440 3644 664 3710 fovens,
689 3642 992 3697 enutriens
1020 3658 1090 3698 ac
1111 3643 1457 3714 coagulans,
1488 3644 1549 3699 in
1571 3644 1934 3716 adjutorium
1961 3647 2084 3703 viro

442 3731 584 3787 data
609 3734 715 3787 est.
742 3730 953 3787 ludam
986 3746 1119 3787 vero
1160 3747 1275 3803 prae
1305 3731 1441 3787 ﬁliis
1493 3732 1623 3789 aliis
1653 3734 1832 3789 Jacob
1864 3736 2081 3807 posuit,

441 3820 574 3877 licet
600 3819 1026 3892 primogenitus
1056 3835 1177 3875 non
1207 3825 1378 3887 esset,
1406 3836 1477 3877 eo
1492 3822 1659 3894 quod
1695 3838 1767 3878 ex
1787 3822 1943 3879 tribu
1960 3824 2087 3895 ejus

444 3909 703 3966 Christus
734 3908 1136 3965 descenderet.
1169 3909 1306 3964 Cum
1330 3915 1528 3967 autem
1556 3911 1616 3967 in
1634 3912 2090 3982 generationum

444 3998 591 4055 serie
604 4014 761 4055 unus
776 4013 1012 4069 semper
1023 3997 1101 4054 ab
1115 4014 1478 4072 unoquoque
1492 4016 1801 4057 successor
1812 4007 2087 4072 ponatur:

446 4088 702 4144 studiose
727 4086 1163 4143 observandum
1183 4092 1289 4153 est,
1314 4088 1561 4160 quando
1574 4088 1772 4159 plures
1796 4098 2094 4161 ponuntur

447 4190 815 4233 successores
842 4193 854 4244 ;
878 4190 997 4231 non
1031 4175 1188 4231 enim
1217 4175 1441 4233 frustra
1464 4176 1725 4247 plurium
1752 4179 1824 4234 sit
1851 4179 2089 4246 additio,

2190 3107 2321 3172 γιτν,

2261 3292 2499 3367 Ἀϐραὰμ
2574 3322 2644 3335 -
2718 3290 2982 3365 ἀδελφοὺς
3049 3292 3228 3348 αὐτοῦ.
3325 3292 3476 3354 Ἐθος
3568 3290 3653 3359 ἦν,
3747 3290 3803 3344 δι

2192 3382 2410 3458 ἁρῥένων
2472 3384 2735 3436 ποιεῖσθαι
2792 3385 2885 3444 τὰς
2962 3381 3309 3453 γενεαλογίας.
3371 3381 3428 3434 Ὀ
3501 3380 3631 3453 ἀνὴρ
3692 3384 3784 3454 γὰρ

2196 3478 2413 3547 σπείρει,
2484 3477 2572 3524 καὶ
2637 3472 2782 3532 οὗτός
2839 3470 2977 3524 ἐστιν
3037 3470 3180 3545 ἀρχὴ
3240 3473 3329 3543 μὲν
3387 3474 3476 3523 καὶ
3525 3472 3658 3545 ῥίζα
3699 3478 3786 3523 τοῦ

2192 3565 2389 3631 τέκνου,
2438 3560 2625 3633 κεφαλὴ
2688 3557 2747 3614 δὲ
2794 3569 2889 3622 τῆς
2918 3565 3179 3632 γυναικός·
3231 3562 3260 3617 ἡ
3306 3556 3364 3612 δί
3412 3564 3565 3631 γυνὴ,
3615 3562 3784 3632 ἐκτρί-

2195 3669 2384 3722 φουσα,
2440 3654 2529 3702 καὶ
2574 3649 2863 3716 θάλπουσα,
2922 3654 3011 3701 καὶ
3062 3648 3391 3711 συναύξουσα
3438 3652 3493 3701 τὸ
3554 3654 3781 3722 σπέρμα,

2199 3738 2395 3813 βοηθὸς
2435 3734 2745 3809 δέδοταιτῷ
2794 3734 2965 3811 ἀνδρί.
2998 3742 3096 3790 Τόν
3128 3736 3331 3791 Ἰούδαν
3390 3735 3450 3791 δε
3505 3738 3793 3812 παρέλαϐεν

2198 3827 2299 3880 ἀπὸ
2330 3836 2428 3879 τῶν
2468 3826 2629 3879 ἄλλων
2669 3829 2792 3878 υἱῶν
2846 3835 2937 3879 τοῦ
2987 3826 3191 3896 Ἰακὼϐ,
3252 3833 3424 3879 καίτοι
3476 3832 3547 3899 μὴ
3594 3830 3793 3900 πρωτό-

2198 3935 2346 3970 τοκον
2395 3920 2535 3982 ὄντα,
2591 3918 2670 3968 ὅτι
2729 3915 2783 3968 ἐκ
2839 3924 2937 3979 τῆς
3006 3916 3169 3988 φυλῆς
3230 3916 3387 3968 αὐτοῦ
3458 3920 3716 3988 κατήγετο
3770 3917 3796 3966 ό

2201 4008 2454 4080 Χριστός.
2528 4006 2672 4057 Ἐπεὶ
2737 4001 2795 4057 δὲ
2852 4004 2898 4056 ἐν
2982 4007 3099 4065 ταῖς
3165 4004 3534 4077 γενεαλογίαις,
3594 4007 3667 4065 εἰς
3714 4004 3796 4075 ἀφ’

2205 4094 2425 4146 ἑκάστου
2479 4089 2742 4165 διάδοχος
2795 4092 2874 4146 ἀεὶ
2939 4094 3157 4160 τίθεται,
3214 4097 3630 4168 παρατηρητέον,
3683 4095 3799 4145 ἔνθα

2204 4181 2691 4254 παραλαμϐάνονται
2770 4180 2992 4249 πλείους,
3064 4183 3141 4234 ὅτι
3202 4182 3261 4233 οὐ
3327 4184 3496 4253 μάτην
3585 4184 3619 4240 ἡ
3704 4190 3799 4233 τᾶν

449 4264 555 4321 sed
579 4264 775 4320 statim
790 4263 1345 4333 causaagnoscitur.
1377 4264 1646 4321 Fratrum
1673 4265 1968 4337 siquidem
1998 4270 2090 4324 Ju-

2207 4270 2446 4323 πλειόνων
2499 4273 2774 4344 προσθήκη
2853 4276 3075 4343 γέγονεν,
3151 4270 3262 4322 ἀλλ’
3341 4272 3483 4322 αἰτία
3532 4276 3619 4331 τίς
3666 4270 3803 4323 ἐστιν

448 4353 644 4415 daehic
661 4352 1171 4410 fecitmentionem
1198 4369 1208 4409 :
1238 4354 1377 4425 quia
1399 4370 1553 4410 unus
1587 4361 1713 4411 erat
1743 4358 2095 4413 lsraeliticus

448 4442 730 4515 populus,
765 4442 841 4499 ad
872 4442 1194 4499 duodecim
1250 4442 1481 4499 radices
1520 4442 1760 4510 relatus,
1813 4447 1915 4518 qui
1955 4451 2094 4502 sunt

450 4531 763 4589 duodecim
790 4530 894 4586 ﬁlii
934 4532 1120 4587 Jacob
1152 4550 1168 4587 :
1196 4534 1250 4587 et
1292 4532 1568 4589 videntur
1612 4534 1788 4589 etiam
1824 4535 1885 4590 hi
1925 4535 2098 4606 quasi

451 4618 863 4690 progenitores
895 4619 1107 4675 Christi
1145 4621 1498 4693 nuncupari,
1558 4625 1846 4693 tanquam
1872 4625 1975 4694 qui
2007 4624 2099 4678 tri-

452 4706 644 4762 buum
664 4705 957 4763 lsraelitici
984 4708 1213 4778 generis
1242 4708 1534 4782 principia
1556 4716 1713 4776 sunt,
1740 4726 1775 4768 a
1789 4726 1909 4784 quo
1922 4726 2098 4783 gene-

455 4798 619 4855 ratus
650 4799 740 4853 est
761 4796 1042 4854 Christus.

469 5028 479 5039 .
532 4984 575 5023 ¹¹
598 4985 763 5042 Joan.
794 4997 893 5053 v11,
926 4983 1015 5041 42.

2208 4360 2389 4422 αὐτῆς.
2447 4359 2649 4413 Αὐτίκα
2706 4363 2804 4433 γὰρ
2862 4369 2960 4411 τῶν
3010 4356 3240 4432 ἀδελφῶν
3306 4360 3658 4432 ἐμνημόνευσε
3715 4367 3804 4412 τοῦ

2213 4446 2407 4515 Ἰούδα,
2461 4446 2599 4501 διότι
2674 4450 2722 4501 ἓν
2785 4451 2925 4511 ἔθνος
2983 4448 3094 4501 ἐστὶ
3156 4452 3213 4500 τὸ
3274 4448 3683 4522 Ἰσραηλιτικόν,
3743 4449 3809 4508 εἰς

2213 4534 2422 4590 δώδεκα
2465 4538 2619 4611 ῥίζας
2660 4540 3053 4611 ἀναφερόμενον,
3096 4541 3285 4600 αἵτινές
3327 4538 3454 4590 εἰσιν
3494 4541 3542 4589 οἱ
3587 4534 3810 4591 δώδεκα

2210 4628 2314 4677 υἱοὶ
2346 4634 2431 4677 τοῦ
2472 4626 2675 4681 Ἰακώϐ.
2727 4630 2823 4679 Καὶ
2855 4623 3072 4679 δοκοῦσι
3109 4627 3188 4697 (4)
3222 4631 3309 4679 καὶ
3362 4626 3510 4679 αὐτοὶ
3558 4632 3810 4700 πρόγονοι

2208 4715 2557 4789 χρηματίζειν
2627 4723 2716 4768 τοῦ
2779 4724 3033 4789 Χριστοῦ,

2208 4808 2388 4875 γένους
2452 4808 2588 4867 ὄντες
2647 4804 2928 4877 φύλαρχοι,

2214 4911 2424 4951 στησεν.

3117 4720 3182 4776 ὡς
3261 4724 3352 4768 τοῦ
3420 4715 3455 4767 Ἰ
3466 4715 3812 4789 σραηλιτικοῦ

3018 4804 3069 4867 ἐξ
3136 4804 3196 4857 οὗ
3277 4806 3582 4879 όΧριστός
3667 4802 3817 4856 ἐϐλά-

1700 5085 1924 5165 Variaa
1954 5086 2276 5170 lectiones
2304 5097 2368 5167 et
2406 5097 2611 5158 notae.

530 5198 608 5342 £2)
640 5200 764 5274 Γὰρ,
795 5198 929 5255 loco
956 5203 1102 5270 γοῦν.
1131 5199 1198 5254 Α.

556 5272 612 5342 3)
641 5271 906 5342 Hentenii
938 5271 1129 5342 codex
1177 5269 1198 5327 f

556 5269 612 5342 3)
641 5269 906 5344 Hentepii
938 5269 1129 5344 codex
1177 5269 1425 5344 fortasse
1452 5270 1547 5327 hic
1587 5278 1902 5344 corruptus
1957 5278 2099 5331 erat.

463 5338 612 5399 Nam
646 5338 988 5427 Etvawod‘iﬁsw'
1014 5338 1480 5427 et‘e’tratnod‘tc'yéc,
1530 5344 1701 5427 quod
1726 5338 1828 5409 est,
1850 5348 2104 5427 regredi,

463 5428 772 5487 regressus,
803 5412 861 5487 id
888 5412 1481 5487 reddiditinquifere,
1513 5412 1582 5470 ac
1613 5416 1662 5471 si
1687 5416 1885 5487 legerit
1918 5412 2109 5479 ὰναζη-

465 5488 567 5537 τείν
629 5483 1087 5559 cinnama“.
1148 5483 1447 5559 Sententia
1496 5490 1583 5559 est
1649 5483 1941 5559 expedita.
1996 5488 2109 5543 Sed

467 5555 771 5623 succurrit,
804 5556 1119 5630 deceptum
1148 5572 1277 5614 esse
1326 5556 1679 5615 H‘entenium
1714 5555 2111 5633 homonymia

2178 5246 2181 5247 ν
2214 5206 2398 5262 vocis.
2429 5205 2665 5276 Accepit
2711 5219 2819 5276 pro
2852 5203 3121 5277 ἐξετάζειν.
3179 5204 3323 5277 Vide
3375 5207 3728 5277 Harpocrat.
3760 5219 3823 5277 p.

2222 5280 2302 5331 14».
2340 5279 2417 5332 De
2457 5294 2517 5331 re
2566 5273 2774 5331 eadem
2808 5276 3017 5330 eodem
3054 5291 3235 5330 sensu
3281 5273 3615 5337 ἀναποδὶζειν
3675 5273 3830 5332 dixit

2218 5347 2458 5417 Gregor.
2492 5350 2628 5419 Naz.
2664 5352 2806 5410 236;
2835 5361 3017 5417 quem
3049 5346 3634 5419 locumEuthymius
3665 5348 3829 5403 vide-

2219 5423 2314 5508 tur
2371 5417 2721 5508 respe‘xisse.
2784 5420 2929 5473 Nam
2988 5422 3042 5474 et
3100 5418 3182 5473 ibi
3250 5417 3481 5491 legitur,
3540 5421 3655 5480 νέος
3738 5424 3830 5471 καὶ

2220 5488 2438 5548 παλαιός
2470 5486 2665 5559 Ἀδάμ.

2290 5559 2367 5631 (4)
2406 5564 2504 5613 Καί
2525 5556 2737 5617 omittit
2768 5556 2834 5613 A.
