  <div class='ocr_page' id='page_1' title='image "/cluster/home/n/w/nwhite01/storage/ocr_20150623/129/hvd.32044073502395/066.png"; bbox 0 0 3976 6222; ppageno 0'>
   <div class='ocr_carea' id='block_1_1' title="bbox 266 310 346 366">
    <p class='ocr_par' dir='ltr' id='par_1_1' title="bbox 266 310 346 366">
     <span class='ocr_line' id='line_1_1' title="bbox 266 310 346 366; baseline -0.013 0"><span class='ocrx_word' id='word_1_1' title='bbox 266 310 346 366; x_wconf 67' lang='lat' dir='ltr'>{il</span> 
     </span>
    </p>
   </div>
   <div class='ocr_carea' id='block_1_2' title="bbox 317 433 1542 512">
    <p class='ocr_par' dir='ltr' id='par_1_2' title="bbox 317 433 1542 512">
     <span class='ocr_line' id='line_1_2' title="bbox 317 433 1542 512; baseline -0.003 -22"><span class='ocrx_word' id='word_1_2' title='bbox 317 433 522 512; x_wconf 61' lang='grc' dir='ltr'>[Αὸξοαᾶμ</span> <span class='ocrx_word' id='word_1_3' title='bbox 565 434 630 505; x_wconf 82' lang='grc'>(5)</span> <span class='ocrx_word' id='word_1_4' title='bbox 686 433 1048 509; x_wconf 83' lang='grc' dir='ltr'>ἑρμηνεύεται,</span> <span class='ocrx_word' id='word_1_5' title='bbox 1110 440 1283 511; x_wconf 82' lang='grc' dir='ltr'>πατήρ</span> <span class='ocrx_word' id='word_1_6' title='bbox 1342 433 1494 487; x_wconf 71' lang='grc' dir='ltr'>ἐθνῶν</span> <span class='ocrx_word' id='word_1_7' title='bbox 1530 454 1542 468; x_wconf 80' lang='grc' dir='ltr'>ο</span> 
     </span>
    </p>
   </div>
   <div class='ocr_carea' id='block_1_3' title="bbox 260 521 647 597">
    <p class='ocr_par' dir='ltr' id='par_1_3' title="bbox 260 521 647 597">
     <span class='ocr_line' id='line_1_3' title="bbox 260 521 647 597; baseline -0.005 -19"><span class='ocrx_word' id='word_1_8' title='bbox 260 521 288 578; x_wconf 83' lang='grc' dir='ltr'>δ</span> <span class='ocrx_word' id='word_1_9' title='bbox 291 532 324 593; x_wconf 82' lang='grc' dir='ltr'>ί,</span> <span class='ocrx_word' id='word_1_10' title='bbox 343 528 474 597; x_wconf 66' lang='grc' dir='ltr'>χαρά,</span> <span class='ocrx_word' id='word_1_11' title='bbox 500 523 647 595; x_wconf 70' lang='grc' dir='ltr'>γέλως]</span> 
     </span>
    </p>
   </div>
   <div class='ocr_carea' id='block_1_4' title="bbox 312 611 1761 692">
    <p class='ocr_par' dir='ltr' id='par_1_4' title="bbox 312 611 1761 692">
     <span class='ocr_line' id='line_1_4' title="bbox 312 611 1761 692; baseline 0.001 -26"><span class='ocrx_word' id='word_1_12' title='bbox 312 611 466 673; x_wconf 70' lang='grc' dir='ltr'>Ἰούδας</span> <span class='ocrx_word' id='word_1_13' title='bbox 513 645 574 653; x_wconf 86' lang='grc'><strong><em>-</em></strong></span> <span class='ocrx_word' id='word_1_14' title='bbox 638 618 849 688; x_wconf 82' lang='grc' dir='ltr'>Θάμαρ.</span> <span class='ocrx_word' id='word_1_15' title='bbox 911 618 1076 692; x_wconf 89' lang='grc' dir='ltr'>[Ζαρά</span> <span class='ocrx_word' id='word_1_16' title='bbox 1148 615 1224 688; x_wconf 86' lang='grc'>(6)</span> <span class='ocrx_word' id='word_1_17' title='bbox 1301 616 1442 669; x_wconf 84' lang='grc' dir='ltr'>ἐστιν</span> <span class='ocrx_word' id='word_1_18' title='bbox 1494 615 1710 674; x_wconf 85' lang='grc' dir='ltr'>άνατολή</span> <span class='ocrx_word' id='word_1_19' title='bbox 1748 637 1761 650; x_wconf 80' lang='grc'><em>’</em></span> 
     </span>
    </p>
   </div>
   <div class='ocr_carea' id='block_1_5' title="bbox 250 699 1773 781">
    <p class='ocr_par' dir='ltr' id='par_1_5' title="bbox 250 699 1773 781">
     <span class='ocr_line' id='line_1_5' title="bbox 250 699 1773 781; baseline 0.003 -27"><span class='ocrx_word' id='word_1_20' title='bbox 250 706 371 778; x_wconf 51' lang='grc' dir='ltr'>Φαρὲς</span> <span class='ocrx_word' id='word_1_21' title='bbox 417 699 478 774; x_wconf 73' lang='grc' dir='ltr'>δὲ,</span> <span class='ocrx_word' id='word_1_22' title='bbox 522 708 767 776; x_wconf 82' lang='grc' dir='ltr'>μερισμός</span> <span class='ocrx_word' id='word_1_23' title='bbox 814 709 843 762; x_wconf 75' lang='grc' dir='ltr'>ἦ</span> <span class='ocrx_word' id='word_1_24' title='bbox 880 701 1132 762; x_wconf 74' lang='grc' dir='ltr'>διακοπὴ,</span> <span class='ocrx_word' id='word_1_25' title='bbox 1184 704 1334 758; x_wconf 84' lang='grc' dir='ltr'>Ὅθεν</span> <span class='ocrx_word' id='word_1_26' title='bbox 1382 708 1466 758; x_wconf 78' lang='grc' dir='ltr'>καὶ</span> <span class='ocrx_word' id='word_1_27' title='bbox 1507 707 1556 758; x_wconf 82' lang='grc' dir='ltr'>οἱ</span> <span class='ocrx_word' id='word_1_28' title='bbox 1605 711 1773 781; x_wconf 76' lang='grc' dir='ltr'>Φαρι-’</span> 
     </span>
    </p>
   </div>
   <div class='ocr_carea' id='block_1_6' title="bbox 247 794 1763 867">
    <p class='ocr_par' dir='ltr' id='par_1_6' title="bbox 247 794 1763 867">
     <span class='ocr_line' id='line_1_6' title="bbox 247 794 1763 867; baseline 0.001 -21"><span class='ocrx_word' id='word_1_29' title='bbox 247 799 368 856; x_wconf 71' lang='grc' dir='ltr'>σαῖσι,</span> <span class='ocrx_word' id='word_1_30' title='bbox 416 795 536 865; x_wconf 74' lang='grc' dir='ltr'>παρὰ</span> <span class='ocrx_word' id='word_1_31' title='bbox 598 796 653 845; x_wconf 85' lang='grc' dir='ltr'>τὸ</span> <span class='ocrx_word' id='word_1_32' title='bbox 707 794 938 867; x_wconf 77' lang='grc' dir='ltr'>μερίζειν</span> <span class='ocrx_word' id='word_1_33' title='bbox 1011 798 1222 857; x_wconf 77' lang='grc' dir='ltr'>ἑαυτούς</span> <span class='ocrx_word' id='word_1_34' title='bbox 1281 800 1374 854; x_wconf 84' lang='grc' dir='ltr'>τήν</span> <span class='ocrx_word' id='word_1_35' title='bbox 1421 803 1519 847; x_wconf 86' lang='grc' dir='ltr'>τῶν</span> <span class='ocrx_word' id='word_1_36' title='bbox 1567 795 1763 849; x_wconf 78' lang='grc' dir='ltr'>πολλῶν</span> 
     </span>
    </p>
   </div>
   <div class='ocr_carea' id='block_1_7' title="bbox 239 881 484 955">
    <p class='ocr_par' dir='ltr' id='par_1_7' title="bbox 239 881 484 955">
     <span class='ocr_line' id='line_1_7' title="bbox 239 881 484 955; baseline 0.012 -22"><span class='ocrx_word' id='word_1_37' title='bbox 239 881 484 955; x_wconf 67' lang='grc' dir='ltr'>ἐπιμιξίας.)</span> 
     </span>
    </p>
   </div>
   <div class='ocr_carea' id='block_1_8' title="bbox 289 967 1760 1048">
    <p class='ocr_par' dir='ltr' id='par_1_8' title="bbox 289 967 1760 1048">
     <span class='ocr_line' id='line_1_8' title="bbox 289 967 1760 1048; baseline 0.004 -26"><span class='ocrx_word' id='word_1_38' title='bbox 289 971 334 1022; x_wconf 89' lang='grc' dir='ltr'>Ὀ</span> <span class='ocrx_word' id='word_1_39' title='bbox 390 967 591 1035; x_wconf 77' lang='grc' dir='ltr'>Ἰούδας,</span> <span class='ocrx_word' id='word_1_40' title='bbox 665 977 906 1048; x_wconf 81' lang='grc' dir='ltr'>τέταρτος</span> <span class='ocrx_word' id='word_1_41' title='bbox 982 976 1074 1046; x_wconf 74' lang='grc' dir='ltr'>μεν</span> <span class='ocrx_word' id='word_1_42' title='bbox 1125 971 1185 1033; x_wconf 75' lang='grc' dir='ltr'>ἦν</span> <span class='ocrx_word' id='word_1_43' title='bbox 1248 977 1360 1036; x_wconf 84' lang='grc' dir='ltr'>υίὸς</span> <span class='ocrx_word' id='word_1_44' title='bbox 1413 982 1507 1028; x_wconf 84' lang='grc' dir='ltr'>τού</span> <span class='ocrx_word' id='word_1_45' title='bbox 1556 973 1760 1046; x_wconf 78' lang='grc' dir='ltr'>Ἰακώϐ,</span> 
     </span>
    </p>
   </div>
   <div class='ocr_carea' id='block_1_9' title="bbox 229 1056 1763 1139">
    <p class='ocr_par' dir='ltr' id='par_1_9' title="bbox 229 1056 1763 1139">
     <span class='ocr_line' id='line_1_9' title="bbox 229 1056 1763 1139; baseline 0.004 -28"><span class='ocrx_word' id='word_1_46' title='bbox 229 1057 344 1112; x_wconf 69' lang='grc' dir='ltr'>ὓαϐε</span> <span class='ocrx_word' id='word_1_47' title='bbox 381 1059 449 1131; x_wconf 81' lang='grc'>(7)</span> <span class='ocrx_word' id='word_1_48' title='bbox 496 1056 568 1126; x_wconf 77' lang='grc' dir='ltr'>δὲ,</span> <span class='ocrx_word' id='word_1_49' title='bbox 628 1068 722 1120; x_wconf 70' lang='grc' dir='ltr'>τήν</span> <span class='ocrx_word' id='word_1_50' title='bbox 791 1064 976 1137; x_wconf 87' lang='grc' dir='ltr'>Θάμαρ</span> <span class='ocrx_word' id='word_1_51' title='bbox 1029 1066 1228 1136; x_wconf 76' lang='grc' dir='ltr'>νύμφην</span> <span class='ocrx_word' id='word_1_52' title='bbox 1292 1069 1363 1128; x_wconf 85' lang='grc' dir='ltr'>είς</span> <span class='ocrx_word' id='word_1_53' title='bbox 1432 1068 1516 1117; x_wconf 89' lang='grc' dir='ltr'>τόν</span> <span class='ocrx_word' id='word_1_54' title='bbox 1560 1073 1763 1139; x_wconf 84' lang='grc' dir='ltr'>πρῶτον</span> 
     </span>
    </p>
   </div>
   <div class='ocr_carea' id='block_1_10' title="bbox 227 1147 1762 1224">
    <p class='ocr_par' dir='ltr' id='par_1_10' title="bbox 227 1147 1762 1224">
     <span class='ocr_line' id='line_1_10' title="bbox 227 1147 1762 1224; baseline 0.005 -26"><span class='ocrx_word' id='word_1_55' title='bbox 227 1147 373 1198; x_wconf 70' lang='grc' dir='ltr'>ἑαυτοῦ</span> <span class='ocrx_word' id='word_1_56' title='bbox 441 1152 543 1199; x_wconf 80' lang='grc' dir='ltr'>υἱὸν</span> <span class='ocrx_word' id='word_1_57' title='bbox 599 1151 676 1219; x_wconf 88' lang='grc'>(8)</span> <span class='ocrx_word' id='word_1_58' title='bbox 731 1150 860 1224; x_wconf 78' lang='grc' dir='ltr'>Ἤρ]</span> <span class='ocrx_word' id='word_1_59' title='bbox 913 1171 926 1184; x_wconf 76' lang='grc' dir='ltr'>ο</span> <span class='ocrx_word' id='word_1_60' title='bbox 982 1154 1165 1204; x_wconf 90' lang='grc' dir='ltr'>τούτου</span> <span class='ocrx_word' id='word_1_61' title='bbox 1233 1148 1292 1206; x_wconf 66' lang='grc' dir='ltr'>δὲ</span> <span class='ocrx_word' id='word_1_62' title='bbox 1368 1152 1762 1215; x_wconf 75' lang='grc' dir='ltr'>τελευτήσαντος</span> 
     </span>
    </p>
   </div>
   <div class='ocr_carea' id='block_1_11' title="bbox 224 1234 1758 1315">
    <p class='ocr_par' dir='ltr' id='par_1_11' title="bbox 224 1234 1758 1315">
     <span class='ocr_line' id='line_1_11' title="bbox 224 1234 1758 1315; baseline 0.005 -29"><span class='ocrx_word' id='word_1_63' title='bbox 224 1234 425 1304; x_wconf 74' lang='grc' dir='ltr'>ἄπαιδος,</span> <span class='ocrx_word' id='word_1_64' title='bbox 471 1238 662 1300; x_wconf 73' lang='grc' dir='ltr'>ἔζευξεν</span> <span class='ocrx_word' id='word_1_65' title='bbox 715 1239 880 1298; x_wconf 84' lang='grc' dir='ltr'>αύτην</span> <span class='ocrx_word' id='word_1_66' title='bbox 943 1247 1015 1310; x_wconf 87' lang='grc' dir='ltr'>τῷ</span> <span class='ocrx_word' id='word_1_67' title='bbox 1074 1237 1296 1312; x_wconf 81' lang='grc' dir='ltr'>δευτέρῳ</span> <span class='ocrx_word' id='word_1_68' title='bbox 1356 1243 1435 1314; x_wconf 84' lang='grc'>(9)</span> <span class='ocrx_word' id='word_1_69' title='bbox 1491 1241 1710 1315; x_wconf 85' lang='grc' dir='ltr'>[Αύνάν]</span> <span class='ocrx_word' id='word_1_70' title='bbox 1747 1263 1758 1275; x_wconf 72' lang='grc'><strong><em>⁸</em></strong></span> 
     </span>
    </p>
   </div>
   <div class='ocr_carea' id='block_1_12' title="bbox 219 1323 1762 1402">
    <p class='ocr_par' dir='ltr' id='par_1_12' title="bbox 219 1323 1762 1402">
     <span class='ocr_line' id='line_1_12' title="bbox 219 1323 1762 1402; baseline 0.006 -28"><span class='ocrx_word' id='word_1_71' title='bbox 219 1328 288 1375; x_wconf 76' lang='grc' dir='ltr'>καὶ</span> <span class='ocrx_word' id='word_1_72' title='bbox 328 1329 493 1377; x_wconf 77' lang='grc' dir='ltr'>τούτου</span> <span class='ocrx_word' id='word_1_73' title='bbox 563 1323 622 1379; x_wconf 76' lang='grc' dir='ltr'>δε</span> <span class='ocrx_word' id='word_1_74' title='bbox 680 1328 872 1399; x_wconf 84' lang='grc' dir='ltr'>ὁμοίως</span> <span class='ocrx_word' id='word_1_75' title='bbox 927 1329 1292 1392; x_wconf 86' lang='grc' dir='ltr'>άποθανόντος,</span> <span class='ocrx_word' id='word_1_76' title='bbox 1346 1331 1609 1402; x_wconf 82' lang='grc' dir='ltr'>ὑπέσχετο</span> <span class='ocrx_word' id='word_1_77' title='bbox 1673 1335 1762 1384; x_wconf 86' lang='grc' dir='ltr'>καὶ</span> 
     </span>
    </p>
   </div>
   <div class='ocr_carea' id='block_1_13' title="bbox 218 1415 1758 1492">
    <p class='ocr_par' dir='ltr' id='par_1_13' title="bbox 218 1415 1758 1492">
     <span class='ocr_line' id='line_1_13' title="bbox 218 1415 1758 1492; baseline 0.006 -30"><span class='ocrx_word' id='word_1_78' title='bbox 218 1415 284 1463; x_wconf 80' lang='grc' dir='ltr'>τὸν</span> <span class='ocrx_word' id='word_1_79' title='bbox 315 1419 464 1485; x_wconf 76' lang='grc' dir='ltr'>τρίτον</span> <span class='ocrx_word' id='word_1_80' title='bbox 519 1415 649 1488; x_wconf 81' lang='grc' dir='ltr'>αύτῇ</span> <span class='ocrx_word' id='word_1_81' title='bbox 688 1417 921 1487; x_wconf 73' lang='grc' dir='ltr'>συνάψαι</span> <span class='ocrx_word' id='word_1_82' title='bbox 954 1419 1066 1488; x_wconf 85' lang='grc'>(10)</span> <span class='ocrx_word' id='word_1_83' title='bbox 1113 1418 1365 1492; x_wconf 47' lang='lat' dir='ltr'>[Euhan].</span> <span class='ocrx_word' id='word_1_84' title='bbox 1396 1419 1643 1480; x_wconf 79' lang='grc' dir='ltr'>Φοϐηθεὶς</span> <span class='ocrx_word' id='word_1_85' title='bbox 1679 1416 1758 1486; x_wconf 76' lang='grc' dir='ltr'>δὲ,</span> 
     </span>
    </p>
   </div>
   <div class='ocr_carea' id='block_1_14' title="bbox 215 1504 1758 1581">
    <p class='ocr_par' dir='ltr' id='par_1_14' title="bbox 215 1504 1758 1581">
     <span class='ocr_line' id='line_1_14' title="bbox 215 1504 1758 1581; baseline 0.007 -30"><span class='ocrx_word' id='word_1_86' title='bbox 215 1507 270 1571; x_wconf 73' lang='grc' dir='ltr'>μὲ</span> <span class='ocrx_word' id='word_1_87' title='bbox 314 1508 391 1554; x_wconf 82' lang='grc' dir='ltr'>καὶ</span> <span class='ocrx_word' id='word_1_88' title='bbox 435 1504 575 1566; x_wconf 77' lang='grc' dir='ltr'>οὗτος</span> <span class='ocrx_word' id='word_1_89' title='bbox 617 1506 770 1567; x_wconf 66' lang='grc' dir='ltr'>εὐθὺς</span> <span class='ocrx_word' id='word_1_90' title='bbox 802 1505 1059 1580; x_wconf 72' lang='grc' dir='ltr'>ἀποθάνῃ,</span> <span class='ocrx_word' id='word_1_91' title='bbox 1100 1510 1184 1560; x_wconf 87' lang='grc' dir='ltr'>τόν</span> <span class='ocrx_word' id='word_1_92' title='bbox 1213 1510 1381 1580; x_wconf 84' lang='grc' dir='ltr'>γάμον</span> <span class='ocrx_word' id='word_1_93' title='bbox 1412 1509 1758 1581; x_wconf 77' lang='grc' dir='ltr'>ὑπερετίθετο.</span> 
     </span>
    </p>
   </div>
   <div class='ocr_carea' id='block_1_15' title="bbox 212 1581 1841 1671">
    <p class='ocr_par' dir='ltr' id='par_1_15' title="bbox 212 1581 1841 1671">
     <span class='ocr_line' id='line_1_15' title="bbox 212 1581 1841 1671; baseline 0.004 -29"><span class='ocrx_word' id='word_1_94' title='bbox 212 1589 256 1642; x_wconf 79' lang='grc' dir='ltr'>’Β</span> <span class='ocrx_word' id='word_1_95' title='bbox 302 1588 350 1642; x_wconf 74' lang='grc' dir='ltr'>δε</span> <span class='ocrx_word' id='word_1_96' title='bbox 389 1595 571 1664; x_wconf 72' lang='grc' dir='ltr'>νύμφη,</span> <span class='ocrx_word' id='word_1_97' title='bbox 626 1593 743 1646; x_wconf 97' lang='grc' dir='ltr'>λίαν</span> <span class='ocrx_word' id='word_1_98' title='bbox 799 1593 1129 1666; x_wconf 75' lang='grc' dir='ltr'>ἐπιθυμοῦσα</span> <span class='ocrx_word' id='word_1_99' title='bbox 1179 1599 1387 1671; x_wconf 87' lang='grc' dir='ltr'>σπέρμα</span> <span class='ocrx_word' id='word_1_100' title='bbox 1433 1596 1604 1649; x_wconf 84' lang='grc' dir='ltr'>λαϐεῖν</span> <span class='ocrx_word' id='word_1_101' title='bbox 1659 1599 1761 1649; x_wconf 89' lang='grc' dir='ltr'>άπό</span> <span class='ocrx_word' id='word_1_102' title='bbox 1803 1581 1841 1634; x_wconf 78' lang='grc' dir='ltr'><strong>Β</strong></span> 
     </span>
    </p>
   </div>
   <div class='ocr_carea' id='block_1_16' title="bbox 211 1679 1762 1759">
    <p class='ocr_par' dir='ltr' id='par_1_16' title="bbox 211 1679 1762 1759">
     <span class='ocr_line' id='line_1_16' title="bbox 211 1679 1762 1759; baseline 0.006 -30"><span class='ocrx_word' id='word_1_103' title='bbox 211 1685 282 1729; x_wconf 76' lang='grc' dir='ltr'>τοῦ</span> <span class='ocrx_word' id='word_1_104' title='bbox 327 1679 655 1754; x_wconf 70' lang='grc' dir='ltr'>Ἀϐραμιαίου</span> <span class='ocrx_word' id='word_1_105' title='bbox 723 1687 921 1754; x_wconf 84' lang='grc' dir='ltr'>γένους,</span> <span class='ocrx_word' id='word_1_106' title='bbox 1003 1686 1072 1745; x_wconf 85' lang='grc' dir='ltr'>ὡς</span> <span class='ocrx_word' id='word_1_107' title='bbox 1146 1683 1386 1759; x_wconf 83' lang='grc' dir='ltr'>λαμπροῦ</span> <span class='ocrx_word' id='word_1_108' title='bbox 1469 1691 1556 1738; x_wconf 78' lang='grc' dir='ltr'>καὶ</span> <span class='ocrx_word' id='word_1_109' title='bbox 1623 1705 1762 1758; x_wconf 86' lang='grc' dir='ltr'>περι-</span> 
     </span>
    </p>
   </div>
   <div class='ocr_carea' id='block_1_17' title="bbox 212 1765 1762 1848">
    <p class='ocr_par' dir='ltr' id='par_1_17' title="bbox 212 1765 1762 1848">
     <span class='ocr_line' id='line_1_17' title="bbox 212 1765 1762 1848; baseline 0.005 -30"><span class='ocrx_word' id='word_1_110' title='bbox 212 1765 377 1832; x_wconf 69' lang='grc' dir='ltr'>ϐοήτου,</span> <span class='ocrx_word' id='word_1_111' title='bbox 437 1767 540 1822; x_wconf 77' lang='grc' dir='ltr'>ἐπεὶ</span> <span class='ocrx_word' id='word_1_112' title='bbox 614 1774 705 1823; x_wconf 88' lang='grc' dir='ltr'>τὸν</span> <span class='ocrx_word' id='word_1_113' title='bbox 776 1774 1019 1846; x_wconf 86' lang='grc' dir='ltr'>πενθερόν</span> <span class='ocrx_word' id='word_1_114' title='bbox 1094 1771 1298 1827; x_wconf 85' lang='grc' dir='ltr'>Ἰούδαν</span> <span class='ocrx_word' id='word_1_115' title='bbox 1372 1775 1762 1848; x_wconf 75' lang='grc' dir='ltr'>ὑπερτιθέμενον</span> 
     </span>
    </p>
   </div>
   <div class='ocr_carea' id='block_1_18' title="bbox 210 1859 1764 1937">
    <p class='ocr_par' dir='ltr' id='par_1_18' title="bbox 210 1859 1764 1937">
     <span class='ocr_line' id='line_1_18' title="bbox 210 1859 1764 1937; baseline 0.008 -32"><span class='ocrx_word' id='word_1_116' title='bbox 210 1859 324 1925; x_wconf 69' lang='grc' dir='ltr'>ίυρω,</span> <span class='ocrx_word' id='word_1_117' title='bbox 373 1861 776 1930; x_wconf 69' lang='grc' dir='ltr'>κατασοφίζεται</span> <span class='ocrx_word' id='word_1_118' title='bbox 821 1868 1023 1925; x_wconf 76' lang='grc' dir='ltr'>τοῦτον,</span> <span class='ocrx_word' id='word_1_119' title='bbox 1072 1867 1159 1914; x_wconf 84' lang='grc' dir='ltr'>καὶ</span> <span class='ocrx_word' id='word_1_120' title='bbox 1208 1864 1509 1937; x_wconf 78' lang='grc' dir='ltr'>περιθεμένη</span> <span class='ocrx_word' id='word_1_121' title='bbox 1573 1872 1764 1936; x_wconf 83' lang='grc' dir='ltr'>σχῆμα</span> 
     </span>
    </p>
   </div>
   <div class='ocr_carea' id='block_1_19' title="bbox 209 1945 1764 2024">
    <p class='ocr_par' dir='ltr' id='par_1_19' title="bbox 209 1945 1764 2024">
     <span class='ocr_line' id='line_1_19' title="bbox 209 1945 1764 2024; baseline 0.008 -31"><span class='ocrx_word' id='word_1_122' title='bbox 209 1949 378 2016; x_wconf 65' lang='grc' dir='ltr'>πόρνης,</span> <span class='ocrx_word' id='word_1_123' title='bbox 429 1945 638 2000; x_wconf 78' lang='grc' dir='ltr'>ἐκάθισε</span> <span class='ocrx_word' id='word_1_124' title='bbox 703 1953 834 2024; x_wconf 83' lang='grc' dir='ltr'>πρὸς</span> <span class='ocrx_word' id='word_1_125' title='bbox 895 1957 1009 2012; x_wconf 89' lang='grc' dir='ltr'>ταῖς</span> <span class='ocrx_word' id='word_1_126' title='bbox 1062 1950 1251 2012; x_wconf 89' lang='grc' dir='ltr'>πύλαις</span> <span class='ocrx_word' id='word_1_127' title='bbox 1303 1959 1397 2013; x_wconf 82' lang='grc' dir='ltr'>τῆς</span> <span class='ocrx_word' id='word_1_128' title='bbox 1445 1952 1640 2015; x_wconf 88' lang='grc' dir='ltr'>πόλεως</span> <span class='ocrx_word' id='word_1_129' title='bbox 1676 1954 1764 2024; x_wconf 80' lang='grc' dir='ltr'>ἐγ-</span> 
     </span>
    </p>
   </div>
   <div class='ocr_carea' id='block_1_20' title="bbox 206 2032 1763 2111">
    <p class='ocr_par' dir='ltr' id='par_1_20' title="bbox 206 2032 1763 2111">
     <span class='ocr_line' id='line_1_20' title="bbox 206 2032 1763 2111; baseline 0.008 -28"><span class='ocrx_word' id='word_1_130' title='bbox 596 2041 925 2111; x_wconf 82' lang='grc' dir='ltr'>Θεασάμενος</span> <span class='ocrx_word' id='word_1_131' title='bbox 1002 2035 1059 2091; x_wconf 73' lang='grc' dir='ltr'>δὲ</span> <span class='ocrx_word' id='word_1_132' title='bbox 1129 2040 1323 2099; x_wconf 82' lang='grc' dir='ltr'>ταύτην</span> <span class='ocrx_word' id='word_1_133' title='bbox 1400 2038 1606 2104; x_wconf 84' lang='grc' dir='ltr'>Ἰούδας</span> <span class='ocrx_word' id='word_1_134' title='bbox 1675 2047 1763 2095; x_wconf 88' lang='grc' dir='ltr'>καὶ</span> 
     </span>
    </p>
   </div>
   <div class='ocr_carea' id='block_1_21' title="bbox 206 2119 1763 2204">
    <p class='ocr_par' dir='ltr' id='par_1_21' title="bbox 206 2119 1763 2204">
     <span class='ocr_line' id='line_1_21' title="bbox 206 2119 1763 2204; baseline 0.009 -34"><span class='ocrx_word' id='word_1_135' title='bbox 206 2119 445 2190; x_wconf 69' lang='grc' dir='ltr'>ἀγνοήσας,</span> <span class='ocrx_word' id='word_1_136' title='bbox 512 2125 724 2184; x_wconf 82' lang='grc' dir='ltr'>εἰσῆλθε</span> <span class='ocrx_word' id='word_1_137' title='bbox 781 2131 914 2200; x_wconf 86' lang='grc' dir='ltr'>πρὸς</span> <span class='ocrx_word' id='word_1_138' title='bbox 968 2127 1147 2194; x_wconf 70' lang='grc' dir='ltr'>αὐτὴν,</span> <span class='ocrx_word' id='word_1_139' title='bbox 1203 2132 1267 2189; x_wconf 84' lang='grc' dir='ltr'>ὡς</span> <span class='ocrx_word' id='word_1_140' title='bbox 1307 2130 1377 2192; x_wconf 84' lang='grc' dir='ltr'>εἰς</span> <span class='ocrx_word' id='word_1_141' title='bbox 1418 2135 1630 2204; x_wconf 78' lang='grc' dir='ltr'>πόρνην,</span> <span class='ocrx_word' id='word_1_142' title='bbox 1673 2136 1763 2184; x_wconf 80' lang='grc' dir='ltr'>καὶ</span> 
     </span>
    </p>
   </div>
   <div class='ocr_carea' id='block_1_22' title="bbox 207 2212 1761 2285">
    <p class='ocr_par' dir='ltr' id='par_1_22' title="bbox 207 2212 1761 2285">
     <span class='ocr_line' id='line_1_22' title="bbox 207 2212 1761 2285; baseline 0.005 -19"><span class='ocrx_word' id='word_1_143' title='bbox 207 2213 504 2285; x_wconf 65' lang='grc' dir='ltr'>ταμφθαρεις,</span> <span class='ocrx_word' id='word_1_144' title='bbox 564 2214 754 2285; x_wconf 77' lang='grc' dir='ltr'>ἓγκυον</span> <span class='ocrx_word' id='word_1_145' title='bbox 818 2212 1058 2285; x_wconf 75' lang='grc' dir='ltr'>διδύμων</span> <span class='ocrx_word' id='word_1_146' title='bbox 1110 2223 1297 2270; x_wconf 80' lang='grc' dir='ltr'>τέκνων</span> <span class='ocrx_word' id='word_1_147' title='bbox 1356 2217 1586 2278; x_wconf 81' lang='grc' dir='ltr'>ἐποίησε.</span> <span class='ocrx_word' id='word_1_148' title='bbox 1656 2228 1761 2273; x_wconf 86' lang='grc' dir='ltr'>Πα-</span> 
     </span>
    </p>
   </div>
   <div class='ocr_carea' id='block_1_23' title="bbox 1002 2035 1323 2099">
    <p class='ocr_par' dir='ltr' id='par_1_23' title="bbox 1002 2035 1323 2099">
     <span class='ocr_line' id='line_1_23' title="bbox 1002 2035 1323 2099; baseline 0.003 -9"><span class='ocrx_word' id='word_1_149' title='bbox 1002 2035 1036 2090; x_wconf 87' lang='grc' dir='ltr'>δ</span> <span class='ocrx_word' id='word_1_150' title='bbox 1038 2042 1059 2091; x_wconf 73' lang='lat' dir='ltr'>‘s</span> <span class='ocrx_word' id='word_1_151' title='bbox 1129 2040 1323 2099; x_wconf 79' lang='grc' dir='ltr'>ταύτην</span> 
     </span>
    </p>
   </div>
   <div class='ocr_carea' id='block_1_24' title="bbox 198 2299 1764 2376">
    <p class='ocr_par' dir='ltr' id='par_1_24' title="bbox 198 2299 1764 2376">
     <span class='ocr_line' id='line_1_24' title="bbox 198 2299 1764 2376; baseline 0.004 -21"><span class='ocrx_word' id='word_1_152' title='bbox 198 2305 506 2372; x_wconf 67' lang='grc' dir='ltr'>ραγωομένων</span> <span class='ocrx_word' id='word_1_153' title='bbox 591 2299 656 2355; x_wconf 74' lang='grc' dir='ltr'>δὲ</span> <span class='ocrx_word' id='word_1_154' title='bbox 711 2313 810 2356; x_wconf 85' lang='grc' dir='ltr'>τῶν</span> <span class='ocrx_word' id='word_1_155' title='bbox 865 2301 1064 2358; x_wconf 83' lang='grc' dir='ltr'>ὡδινῶν</span> <span class='ocrx_word' id='word_1_156' title='bbox 1127 2305 1233 2359; x_wconf 79' lang='grc' dir='ltr'>ἐπεὶ</span> <span class='ocrx_word' id='word_1_157' title='bbox 1299 2311 1386 2360; x_wconf 87' lang='grc' dir='ltr'>τὸν</span> <span class='ocrx_word' id='word_1_158' title='bbox 1448 2313 1609 2376; x_wconf 73' lang='grc' dir='ltr'>Φαρὲς</span> <span class='ocrx_word' id='word_1_159' title='bbox 1674 2315 1764 2362; x_wconf 82' lang='grc' dir='ltr'>καὶ</span> 
     </span>
    </p>
   </div>
   <div class='ocr_carea' id='block_1_25' title="bbox 202 2390 1763 2472">
    <p class='ocr_par' dir='ltr' id='par_1_25' title="bbox 202 2390 1763 2472">
     <span class='ocr_line' id='line_1_25' title="bbox 202 2390 1763 2472; baseline 0.012 -39"><span class='ocrx_word' id='word_1_160' title='bbox 202 2390 268 2436; x_wconf 71' lang='grc' dir='ltr'>τὸν</span> <span class='ocrx_word' id='word_1_161' title='bbox 314 2391 446 2460; x_wconf 84' lang='grc' dir='ltr'>Ζαρά</span> <span class='ocrx_word' id='word_1_162' title='bbox 491 2396 690 2444; x_wconf 85' lang='grc' dir='ltr'>τίκτειν</span> <span class='ocrx_word' id='word_1_163' title='bbox 733 2393 952 2465; x_wconf 74' lang='grc' dir='ltr'>ἔμελλεν,</span> <span class='ocrx_word' id='word_1_164' title='bbox 996 2393 1232 2466; x_wconf 77' lang='grc' dir='ltr'>ἐξήνεγκε</span> <span class='ocrx_word' id='word_1_165' title='bbox 1290 2407 1489 2470; x_wconf 86' lang='grc' dir='ltr'>πρῶτος</span> <span class='ocrx_word' id='word_1_166' title='bbox 1538 2402 1563 2450; x_wconf 90' lang='grc' dir='ltr'>ό</span> <span class='ocrx_word' id='word_1_167' title='bbox 1619 2400 1763 2472; x_wconf 85' lang='grc' dir='ltr'>Ζαρά</span> 
     </span>
    </p>
   </div>
   <div class='ocr_carea' id='block_1_26' title="bbox 198 2479 1762 2559">
    <p class='ocr_par' dir='ltr' id='par_1_26' title="bbox 198 2479 1762 2559">
     <span class='ocr_line' id='line_1_26' title="bbox 198 2479 1762 2559; baseline 0.007 -29"><span class='ocrx_word' id='word_1_168' title='bbox 198 2479 271 2530; x_wconf 63' lang='grc' dir='ltr'>τὴν</span> <span class='ocrx_word' id='word_1_169' title='bbox 313 2484 464 2552; x_wconf 81' lang='grc' dir='ltr'>χεῖρα</span> <span class='ocrx_word' id='word_1_170' title='bbox 497 2501 509 2512; x_wconf 75' lang='grc' dir='ltr'><strong>ο</strong></span> <span class='ocrx_word' id='word_1_171' title='bbox 549 2482 669 2533; x_wconf 81' lang='grc' dir='ltr'>εἶτα</span> <span class='ocrx_word' id='word_1_172' title='bbox 709 2484 738 2540; x_wconf 75' lang='grc' dir='ltr'>ἡ</span> <span class='ocrx_word' id='word_1_173' title='bbox 775 2490 911 2554; x_wconf 86' lang='grc' dir='ltr'>μαῖα</span> <span class='ocrx_word' id='word_1_174' title='bbox 955 2485 1242 2556; x_wconf 80' lang='grc' dir='ltr'>θεασαμένη</span> <span class='ocrx_word' id='word_1_175' title='bbox 1297 2493 1465 2552; x_wconf 82' lang='grc' dir='ltr'>τοῦτο,</span> <span class='ocrx_word' id='word_1_176' title='bbox 1498 2492 1588 2539; x_wconf 83' lang='grc' dir='ltr'>καί</span> <span class='ocrx_word' id='word_1_177' title='bbox 1637 2486 1762 2559; x_wconf 84' lang='grc' dir='ltr'>βου-</span> 
     </span>
    </p>
   </div>
   <div class='ocr_carea' id='block_1_27' title="bbox 196 2561 1761 2648">
    <p class='ocr_par' dir='ltr' id='par_1_27' title="bbox 196 2561 1761 2648">
     <span class='ocr_line' id='line_1_27' title="bbox 196 2561 1761 2648; baseline 0.012 -38"><span class='ocrx_word' id='word_1_178' title='bbox 196 2561 380 2617; x_wconf 72' lang='grc' dir='ltr'>ληθεῖσα</span> <span class='ocrx_word' id='word_1_179' title='bbox 423 2574 688 2642; x_wconf 73' lang='grc' dir='ltr'>γνώριμον</span> <span class='ocrx_word' id='word_1_180' title='bbox 743 2581 967 2631; x_wconf 85' lang='grc' dir='ltr'>ποιῆσαι</span> <span class='ocrx_word' id='word_1_181' title='bbox 1016 2577 1102 2625; x_wconf 86' lang='grc' dir='ltr'>τὸν</span> <span class='ocrx_word' id='word_1_182' title='bbox 1149 2580 1499 2647; x_wconf 78' lang='grc' dir='ltr'>πρωτότοκον,</span> <span class='ocrx_word' id='word_1_183' title='bbox 1543 2582 1761 2648; x_wconf 82' lang='grc' dir='ltr'>κοκκίνῳ</span> 
     </span>
    </p>
   </div>
   <div class='ocr_carea' id='block_1_28' title="bbox 193 2652 1759 2736">
    <p class='ocr_par' dir='ltr' id='par_1_28' title="bbox 193 2652 1759 2736">
     <span class='ocr_line' id='line_1_28' title="bbox 193 2652 1759 2736; baseline 0.01 -34"><span class='ocrx_word' id='word_1_184' title='bbox 193 2657 266 2708; x_wconf 68' lang='grc' dir='ltr'>τὴν</span> <span class='ocrx_word' id='word_1_185' title='bbox 309 2652 662 2727; x_wconf 66' lang='grc' dir='ltr'>ἐξενεχθεῖσα-ι</span> <span class='ocrx_word' id='word_1_186' title='bbox 706 2657 866 2716; x_wconf 82' lang='grc' dir='ltr'>ἔδησε</span> <span class='ocrx_word' id='word_1_187' title='bbox 903 2669 1062 2736; x_wconf 87' lang='grc' dir='ltr'>χεῖρα</span> <span class='ocrx_word' id='word_1_188' title='bbox 1089 2684 1101 2696; x_wconf 89' lang='grc'><strong>·</strong></span> <span class='ocrx_word' id='word_1_189' title='bbox 1158 2665 1223 2724; x_wconf 81' lang='grc' dir='ltr'>ὡς</span> <span class='ocrx_word' id='word_1_190' title='bbox 1273 2661 1333 2716; x_wconf 74' lang='grc' dir='ltr'>δε</span> <span class='ocrx_word' id='word_1_191' title='bbox 1381 2661 1558 2732; x_wconf 80' lang='grc' dir='ltr'>ἐδέθη,</span> <span class='ocrx_word' id='word_1_192' title='bbox 1613 2669 1759 2718; x_wconf 85' lang='grc' dir='ltr'>συνέ-</span> 
     </span>
    </p>
   </div>
   <div class='ocr_carea' id='block_1_29' title="bbox 196 2741 1760 2829">
    <p class='ocr_par' dir='ltr' id='par_1_29' title="bbox 196 2741 1760 2829">
     <span class='ocr_line' id='line_1_29' title="bbox 196 2741 1760 2829; baseline 0.011 -38"><span class='ocrx_word' id='word_1_193' title='bbox 196 2741 351 2794; x_wconf 73' lang='grc' dir='ltr'>στειλεν</span> <span class='ocrx_word' id='word_1_194' title='bbox 406 2745 566 2804; x_wconf 66' lang='grc' dir='ltr'>αὐτὴν</span> <span class='ocrx_word' id='word_1_195' title='bbox 597 2752 662 2799; x_wconf 83' lang='grc' dir='ltr'>τό</span> <span class='ocrx_word' id='word_1_196' title='bbox 700 2745 933 2801; x_wconf 81' lang='grc' dir='ltr'>παιδίον·</span> <span class='ocrx_word' id='word_1_197' title='bbox 987 2751 1330 2813; x_wconf 80' lang='grc' dir='ltr'>συσταλεισης</span> <span class='ocrx_word' id='word_1_198' title='bbox 1380 2749 1457 2820; x_wconf 75' lang='grc' dir='ltr'>δε,</span> <span class='ocrx_word' id='word_1_199' title='bbox 1508 2755 1760 2829; x_wconf 74' lang='grc' dir='ltr'>προῆλθεν</span> 
     </span>
    </p>
   </div>
   <div class='ocr_carea' id='block_1_30' title="bbox 190 2828 1755 2916">
    <p class='ocr_par' dir='ltr' id='par_1_30' title="bbox 190 2831 1755 2916">
     <span class='ocr_line' id='line_1_30' title="bbox 190 2831 1755 2916; baseline 0.01 -35"><span class='ocrx_word' id='word_1_200' title='bbox 190 2846 208 2879; x_wconf 80' lang='grc' dir='ltr'>ο</span> <span class='ocrx_word' id='word_1_201' title='bbox 241 2835 394 2905; x_wconf 64' lang='grc' dir='ltr'>Φαρὲς.</span> <span class='ocrx_word' id='word_1_202' title='bbox 445 2831 552 2887; x_wconf 83' lang='grc' dir='ltr'>εἶτα</span> <span class='ocrx_word' id='word_1_203' title='bbox 583 2837 610 2887; x_wconf 97' lang='lat'>6</span> <span class='ocrx_word' id='word_1_204' title='bbox 641 2840 803 2909; x_wconf 82' lang='grc' dir='ltr'>Ζαρὰ.</span> <span class='ocrx_word' id='word_1_205' title='bbox 860 2840 920 2891; x_wconf 84' lang='grc' dir='ltr'>Ἠ</span> <span class='ocrx_word' id='word_1_206' title='bbox 972 2845 1060 2911; x_wconf 81' lang='grc' dir='ltr'>μέν</span> <span class='ocrx_word' id='word_1_207' title='bbox 1113 2838 1199 2893; x_wconf 79' lang='grc' dir='ltr'>οὖν</span> <span class='ocrx_word' id='word_1_208' title='bbox 1256 2844 1462 2916; x_wconf 82' lang='grc' dir='ltr'>ἱστορία</span> <span class='ocrx_word' id='word_1_209' title='bbox 1517 2847 1755 2903; x_wconf 86' lang='grc' dir='ltr'>τοιαύτη.</span> 
     </span>
    </p>
   </div>
   <div class='ocr_carea' id='block_1_31' title="bbox 186 2915 1759 3005">
    <p class='ocr_par' dir='ltr' id='par_1_31' title="bbox 186 2915 1759 3005">
     <span class='ocr_line' id='line_1_31' title="bbox 186 2915 1759 3005; baseline 0.011 -36"><span class='ocrx_word' id='word_1_210' title='bbox 186 2915 265 3005; x_wconf 31' lang='lat' dir='ltr'>fil»</span> <span class='ocrx_word' id='word_1_211' title='bbox 304 2917 356 2971; x_wconf 75' lang='grc' dir='ltr'>δὲ</span> <span class='ocrx_word' id='word_1_212' title='bbox 384 2921 536 2991; x_wconf 83' lang='grc' dir='ltr'>εἰκός,</span> <span class='ocrx_word' id='word_1_213' title='bbox 585 2929 680 2976; x_wconf 85' lang='grc' dir='ltr'>τὸν</span> <span class='ocrx_word' id='word_1_214' title='bbox 730 2929 893 3001; x_wconf 68' lang='grc' dir='ltr'>Φαρὲς</span> <span class='ocrx_word' id='word_1_215' title='bbox 942 2927 1252 3001; x_wconf 81' lang='grc' dir='ltr'>παραλαϐεῖν</span> <span class='ocrx_word' id='word_1_216' title='bbox 1293 2935 1448 3004; x_wconf 89' lang='grc' dir='ltr'>μόνον</span> <span class='ocrx_word' id='word_1_217' title='bbox 1492 2932 1559 2993; x_wconf 81' lang='grc' dir='ltr'>εἰς</span> <span class='ocrx_word' id='word_1_218' title='bbox 1593 2953 1759 3005; x_wconf 83' lang='grc' dir='ltr'>γενεα-</span> 
     </span>
    </p>
   </div>
   <div class='ocr_carea' id='block_1_32' title="bbox 185 3002 1758 3092">
    <p class='ocr_par' dir='ltr' id='par_1_32' title="bbox 185 3009 1758 3092">
     <span class='ocr_line' id='line_1_32' title="bbox 185 3009 1758 3092; baseline 0.012 -35"><span class='ocrx_word' id='word_1_219' title='bbox 185 3011 346 3076; x_wconf 77' lang='grc' dir='ltr'>ιογίαν,</span> <span class='ocrx_word' id='word_1_220' title='bbox 393 3013 454 3072; x_wconf 83' lang='grc' dir='ltr'>ὡς</span> <span class='ocrx_word' id='word_1_221' title='bbox 494 3009 567 3064; x_wconf 78' lang='grc' dir='ltr'>δι’</span> <span class='ocrx_word' id='word_1_222' title='bbox 611 3013 773 3066; x_wconf 68' lang='grc' dir='ltr'>αὐτοῦ</span> <span class='ocrx_word' id='word_1_223' title='bbox 825 3012 1136 3088; x_wconf 70' lang='grc' dir='ltr'>βαδίζοντος</span> <span class='ocrx_word' id='word_1_224' title='bbox 1179 3027 1270 3071; x_wconf 77' lang='grc' dir='ltr'>τοῦ</span> <span class='ocrx_word' id='word_1_225' title='bbox 1326 3025 1502 3092; x_wconf 83' lang='grc' dir='ltr'>γένους</span> <span class='ocrx_word' id='word_1_226' title='bbox 1549 3021 1632 3075; x_wconf 71' lang='grc' dir='ltr'>ἐπὶ</span> <span class='ocrx_word' id='word_1_227' title='bbox 1672 3026 1758 3075; x_wconf 87' lang='grc' dir='ltr'>τόν</span> 
     </span>
    </p>
   </div>
   <div class='ocr_carea' id='block_1_33' title="bbox 186 3093 1756 3180">
    <p class='ocr_par' dir='ltr' id='par_1_33' title="bbox 186 3093 1756 3180">
     <span class='ocr_line' id='line_1_33' title="bbox 186 3093 1756 3180; baseline 0.013 -36"><span class='ocrx_word' id='word_1_228' title='bbox 186 3093 340 3148; x_wconf 74' lang='grc' dir='ltr'>Δανῐδ·</span> <span class='ocrx_word' id='word_1_229' title='bbox 370 3107 453 3151; x_wconf 80' lang='grc' dir='ltr'>νύν</span> <span class='ocrx_word' id='word_1_230' title='bbox 500 3098 560 3154; x_wconf 61' lang='grc' dir='ltr'>δε</span> <span class='ocrx_word' id='word_1_231' title='bbox 617 3108 710 3156; x_wconf 87' lang='grc' dir='ltr'>καί</span> <span class='ocrx_word' id='word_1_232' title='bbox 757 3107 842 3156; x_wconf 88' lang='grc' dir='ltr'>τὸν</span> <span class='ocrx_word' id='word_1_233' title='bbox 896 3109 1036 3180; x_wconf 82' lang='grc' dir='ltr'>Ζαρὰ</span> <span class='ocrx_word' id='word_1_234' title='bbox 1070 3107 1310 3176; x_wconf 79' lang='grc' dir='ltr'>τίθείκεν,</span> <span class='ocrx_word' id='word_1_235' title='bbox 1352 3113 1416 3170; x_wconf 86' lang='grc' dir='ltr'>ὡς</span> <span class='ocrx_word' id='word_1_236' title='bbox 1458 3114 1617 3164; x_wconf 86' lang='grc' dir='ltr'>τύπον</span> <span class='ocrx_word' id='word_1_237' title='bbox 1667 3109 1756 3165; x_wconf 78' lang='grc' dir='ltr'><strong>τοῦ</strong></span> 
     </span>
    </p>
   </div>
   <div class='ocr_carea' id='block_1_34' title="bbox 186 3189 1756 3269">
    <p class='ocr_par' dir='ltr' id='par_1_34' title="bbox 186 3189 1756 3269">
     <span class='ocr_line' id='line_1_34' title="bbox 186 3189 1756 3269; baseline 0.013 -34"><span class='ocrx_word' id='word_1_238' title='bbox 186 3189 525 3255; x_wconf 71' lang='grc' dir='ltr'>Χριστιανικοῦ</span> <span class='ocrx_word' id='word_1_239' title='bbox 600 3190 754 3246; x_wconf 83' lang='grc' dir='ltr'>λαοῦ.</span> <span class='ocrx_word' id='word_1_240' title='bbox 801 3191 860 3246; x_wconf 87' lang='grc' dir='ltr'>Ὁ</span> <span class='ocrx_word' id='word_1_241' title='bbox 915 3194 1012 3268; x_wconf 78' lang='grc' dir='ltr'>γάρ</span> <span class='ocrx_word' id='word_1_242' title='bbox 1073 3200 1229 3269; x_wconf 76' lang='grc' dir='ltr'>Φαρὲς</span> <span class='ocrx_word' id='word_1_243' title='bbox 1302 3201 1459 3261; x_wconf 89' lang='grc' dir='ltr'>τύπος</span> <span class='ocrx_word' id='word_1_244' title='bbox 1520 3198 1581 3259; x_wconf 80' lang='grc' dir='ltr'>ἦν</span> <span class='ocrx_word' id='word_1_245' title='bbox 1663 3210 1756 3255; x_wconf 81' lang='grc' dir='ltr'>τοῦ</span> 
     </span>
    </p>
   </div>
   <div class='ocr_carea' id='block_1_35' title="bbox 184 3272 1752 3364">
    <p class='ocr_par' dir='ltr' id='par_1_35' title="bbox 184 3272 1752 3364">
     <span class='ocr_line' id='line_1_35' title="bbox 184 3272 1752 3364; baseline 0.013 -40"><span class='ocrx_word' id='word_1_246' title='bbox 184 3272 439 3345; x_wconf 67' lang='grc' dir='ltr'>’ἱεραῐκοῦ.</span> <span class='ocrx_word' id='word_1_247' title='bbox 515 3281 768 3356; x_wconf 77' lang='grc' dir='ltr'>Καθάπερ</span> <span class='ocrx_word' id='word_1_248' title='bbox 844 3285 942 3358; x_wconf 82' lang='grc' dir='ltr'>γὰρ</span> <span class='ocrx_word' id='word_1_249' title='bbox 994 3284 1018 3335; x_wconf 89' lang='grc' dir='ltr'>ό</span> <span class='ocrx_word' id='word_1_250' title='bbox 1077 3288 1240 3360; x_wconf 82' lang='grc' dir='ltr'>Ζαρὰ,</span> <span class='ocrx_word' id='word_1_251' title='bbox 1309 3296 1510 3363; x_wconf 72' lang='grc' dir='ltr'>πρῶτος</span> <span class='ocrx_word' id='word_1_252' title='bbox 1565 3290 1752 3364; x_wconf 83' lang='grc' dir='ltr'>ἐξενεγ-</span> 
     </span>
    </p>
   </div>
   <div class='ocr_carea' id='block_1_36' title="bbox 185 3363 1754 3443">
    <p class='ocr_par' dir='ltr' id='par_1_36' title="bbox 185 3363 1754 3443">
     <span class='ocr_line' id='line_1_36' title="bbox 185 3363 1754 3443; baseline 0.018 -35"><span class='ocrx_word' id='word_1_253' title='bbox 185 3363 267 3409; x_wconf 75' lang='grc' dir='ltr'>κὼν</span> <span class='ocrx_word' id='word_1_254' title='bbox 313 3369 397 3420; x_wconf 63' lang='grc' dir='ltr'>τήν</span> <span class='ocrx_word' id='word_1_255' title='bbox 450 3376 643 3443; x_wconf 81' lang='grc' dir='ltr'>χεῖρα,</span> <span class='ocrx_word' id='word_1_256' title='bbox 708 3371 997 3425; x_wconf 77' lang='grc' dir='ltr'>συνέστειλε</span> <span class='ocrx_word' id='word_1_257' title='bbox 1047 3377 1259 3442; x_wconf 89' lang='grc' dir='ltr'>ταύτην,</span> <span class='ocrx_word' id='word_1_258' title='bbox 1312 3379 1425 3430; x_wconf 84' lang='grc' dir='ltr'>εἶτα</span> <span class='ocrx_word' id='word_1_259' title='bbox 1482 3363 1754 3443; x_wconf 78' lang='grc' dir='ltr'>ἐξολισθή-</span> 
     </span>
    </p>
   </div>
   <div class='ocr_carea' id='block_1_37' title="bbox 184 3461 1750 3535">
    <p class='ocr_par' dir='ltr' id='par_1_37' title="bbox 184 3461 1750 3535">
     <span class='ocr_line' id='line_1_37' title="bbox 184 3461 1750 3535; baseline 0.017 -35"><span class='ocrx_word' id='word_1_260' title='bbox 184 3466 338 3512; x_wconf 57' lang='lat' dir='ltr'>uno;</span> <span class='ocrx_word' id='word_1_261' title='bbox 381 3463 470 3506; x_wconf 78' lang='grc' dir='ltr'>τοῦ</span> <span class='ocrx_word' id='word_1_262' title='bbox 513 3461 706 3531; x_wconf 64' lang='grc' dir='ltr'>Φαρὲς,</span> <span class='ocrx_word' id='word_1_263' title='bbox 754 3465 870 3512; x_wconf 83' lang='grc' dir='ltr'>τότε</span> <span class='ocrx_word' id='word_1_264' title='bbox 913 3467 1000 3514; x_wconf 84' lang='grc' dir='ltr'>καὶ</span> <span class='ocrx_word' id='word_1_265' title='bbox 1037 3463 1188 3525; x_wconf 87' lang='grc' dir='ltr'>αύτός</span> <span class='ocrx_word' id='word_1_266' title='bbox 1236 3464 1441 3528; x_wconf 83' lang='grc' dir='ltr'>ἐξῆλθεν</span> <span class='ocrx_word' id='word_1_267' title='bbox 1493 3471 1750 3535; x_wconf 79' lang='grc' dir='ltr'>όλοτελῶςο</span> 
     </span>
    </p>
   </div>
   <div class='ocr_carea' id='block_1_38' title="bbox 181 3538 1754 3637">
    <p class='ocr_par' dir='ltr' id='par_1_38' title="bbox 181 3538 1754 3637">
     <span class='ocr_line' id='line_1_38' title="bbox 181 3538 1754 3637; baseline 0.018 -49"><span class='ocrx_word' id='word_1_268' title='bbox 181 3538 290 3637; x_wconf 62' lang='grc' dir='ltr'>οὕτω</span> <span class='ocrx_word' id='word_1_269' title='bbox 360 3549 447 3637; x_wconf 68' lang='grc' dir='ltr'>καὶ</span> <span class='ocrx_word' id='word_1_270' title='bbox 688 3547 1027 3619; x_wconf 76' lang='grc' dir='ltr'>εύαγγελικῆς</span> <span class='ocrx_word' id='word_1_271' title='bbox 1092 3552 1379 3624; x_wconf 76' lang='grc' dir='ltr'>πολιτείας,</span> <span class='ocrx_word' id='word_1_272' title='bbox 1442 3563 1592 3634; x_wconf 82' lang='grc' dir='ltr'>μέρος</span> <span class='ocrx_word' id='word_1_273' title='bbox 1664 3568 1754 3637; x_wconf 74' lang='grc' dir='ltr'>μεν</span> 
     </span>
    </p>
   </div>
   <div class='ocr_carea' id='block_1_39' title="bbox 1187 305 2554 367">
    <p class='ocr_par' dir='ltr' id='par_1_39' title="bbox 1187 305 2554 367">
     <span class='ocr_line' id='line_1_39' title="bbox 1187 305 2554 367; baseline 0.001 -1"><span class='ocrx_word' id='word_1_274' title='bbox 1187 307 1555 366; x_wconf 87' lang='lat' dir='ltr'>COMMENT.</span> <span class='ocrx_word' id='word_1_275' title='bbox 1595 306 1666 363; x_wconf 90' lang='lat' dir='ltr'>IN</span> <span class='ocrx_word' id='word_1_276' title='bbox 1703 305 2158 367; x_wconf 64' lang='lat' dir='ltr'>MATTHZEUM.</span> <span class='ocrx_word' id='word_1_277' title='bbox 2209 340 2277 350; x_wconf 90' lang='lat'><strong><em>—</em></strong></span> <span class='ocrx_word' id='word_1_278' title='bbox 2317 308 2471 367; x_wconf 87' lang='lat' dir='ltr'>CAP.</span> <span class='ocrx_word' id='word_1_279' title='bbox 2513 310 2554 367; x_wconf 91' lang='lat' dir='ltr'>l.</span> 
     </span>
    </p>
   </div>
   <div class='ocr_carea' id='block_1_40' title="bbox 1588 432 1760 513">
    <p class='ocr_par' dir='ltr' id='par_1_40' title="bbox 1588 432 1760 488">
     <span class='ocr_line' id='line_1_40' title="bbox 1588 432 1760 488; baseline -0.012 0"><span class='ocrx_word' id='word_1_280' title='bbox 1588 432 1760 488; x_wconf 76' lang='grc' dir='ltr'>Γσαάκ</span> 
     </span>
    </p>
   </div>
   <div class='ocr_carea' id='block_1_41' title="bbox 1876 432 3516 513">
    <p class='ocr_par' dir='ltr' id='par_1_41' title="bbox 1947 436 3516 513">
     <span class='ocr_line' id='line_1_41' title="bbox 1947 436 3516 513; baseline 0.005 -22"><span class='ocrx_word' id='word_1_281' title='bbox 1947 437 2027 508; x_wconf 73' lang='grc' dir='ltr'>-Η-</span> <span class='ocrx_word' id='word_1_282' title='bbox 2053 436 2339 504; x_wconf 80' lang='lat' dir='ltr'>Abraham</span> <span class='ocrx_word' id='word_1_283' title='bbox 2367 438 2654 511; x_wconf 80' lang='lat' dir='ltr'>redditur,</span> <span class='ocrx_word' id='word_1_284' title='bbox 2677 441 3151 513; x_wconf 78' lang='lat' dir='ltr'>patergentium,</span> <span class='ocrx_word' id='word_1_285' title='bbox 3175 441 3338 498; x_wconf 86' lang='lat' dir='ltr'>Isaac</span> <span class='ocrx_word' id='word_1_286' title='bbox 3353 456 3516 508; x_wconf 88' lang='lat' dir='ltr'>vero,</span> 
     </span>
    </p>
   </div>
   <div class='ocr_carea' id='block_1_42' title="bbox 3417 312 3520 372">
    <p class='ocr_par' dir='ltr' id='par_1_42' title="bbox 3417 312 3520 372">
     <span class='ocr_line' id='line_1_42' title="bbox 3417 312 3520 372; baseline -0.039 0"><span class='ocrx_word' id='word_1_287' title='bbox 3417 312 3520 372; x_wconf 70' lang='lat'>122</span> 
     </span>
    </p>
   </div>
   <div class='ocr_carea' id='block_1_43' title="bbox 1874 528 2381 598">
    <p class='ocr_par' dir='ltr' id='par_1_43' title="bbox 1874 528 2381 598">
     <span class='ocr_line' id='line_1_43' title="bbox 1874 528 2381 598; baseline 0 -15"><span class='ocrx_word' id='word_1_288' title='bbox 1874 528 2175 598; x_wconf 80' lang='lat' dir='ltr'>gaudium,</span> <span class='ocrx_word' id='word_1_289' title='bbox 2210 530 2381 585; x_wconf 79' lang='lat' dir='ltr'>risus.</span> 
     </span>
    </p>
   </div>
   <div class='ocr_carea' id='block_1_44' title="bbox 1948 619 3510 692">
    <p class='ocr_par' dir='ltr' id='par_1_44' title="bbox 1948 619 3510 692">
     <span class='ocr_line' id='line_1_44' title="bbox 1948 619 3510 692; baseline 0.004 -21"><span class='ocrx_word' id='word_1_290' title='bbox 1948 619 2117 674; x_wconf 75' lang='lat' dir='ltr'>Vens.</span> <span class='ocrx_word' id='word_1_291' title='bbox 2144 623 2195 674; x_wconf 88' lang='lat'>3.</span> <span class='ocrx_word' id='word_1_292' title='bbox 2219 619 2481 675; x_wconf 70' lang='lat' dir='ltr'>Judas—</span> <span class='ocrx_word' id='word_1_293' title='bbox 2511 635 2540 676; x_wconf 91' lang='lat' dir='ltr'>e</span> <span class='ocrx_word' id='word_1_294' title='bbox 2569 620 2840 676; x_wconf 87' lang='lat' dir='ltr'>Thamar.</span> <span class='ocrx_word' id='word_1_295' title='bbox 2874 622 2959 692; x_wconf 67' lang='grc' dir='ltr'><strong>-ι--ξ-</strong></span> <span class='ocrx_word' id='word_1_296' title='bbox 2995 624 3141 677; x_wconf 85' lang='lat' dir='ltr'>Zara</span> <span class='ocrx_word' id='word_1_297' title='bbox 3171 626 3259 676; x_wconf 87' lang='lat' dir='ltr'>est</span> <span class='ocrx_word' id='word_1_298' title='bbox 3288 621 3510 678; x_wconf 73' lang='lat' dir='ltr'>oriens:</span> 
     </span>
    </p>
   </div>
   <div class='ocr_carea' id='block_1_45' title="bbox 1873 707 3518 780">
    <p class='ocr_par' dir='ltr' id='par_1_45' title="bbox 1873 707 3518 780">
     <span class='ocr_line' id='line_1_45' title="bbox 1873 707 3518 780; baseline 0.004 -19"><span class='ocrx_word' id='word_1_299' title='bbox 1873 707 2086 764; x_wconf 85' lang='lat' dir='ltr'>Phares</span> <span class='ocrx_word' id='word_1_300' title='bbox 2102 710 2609 780; x_wconf 75' lang='lat' dir='ltr'>autem,separatio</span> <span class='ocrx_word' id='word_1_301' title='bbox 2623 711 3169 766; x_wconf 74' lang='lat' dir='ltr'>autdz’ssectiande</span> <span class='ocrx_word' id='word_1_302' title='bbox 3182 711 3348 766; x_wconf 89' lang='lat' dir='ltr'>etiam</span> <span class='ocrx_word' id='word_1_303' title='bbox 3366 710 3518 768; x_wconf 85' lang='lat' dir='ltr'>Pha-</span> 
     </span>
    </p>
   </div>
   <div class='ocr_carea' id='block_1_46' title="bbox 1872 796 3514 873">
    <p class='ocr_par' dir='ltr' id='par_1_46' title="bbox 1872 796 3514 873">
     <span class='ocr_line' id='line_1_46' title="bbox 1872 796 3514 873; baseline 0.002 -21"><span class='ocrx_word' id='word_1_304' title='bbox 1872 796 2048 866; x_wconf 69' lang='lat' dir='ltr'>risaei,</span> <span class='ocrx_word' id='word_1_305' title='bbox 2067 798 2224 870; x_wconf 82' lang='lat' dir='ltr'>quod</span> <span class='ocrx_word' id='word_1_306' title='bbox 2241 814 2302 854; x_wconf 89' lang='lat' dir='ltr'>se</span> <span class='ocrx_word' id='word_1_307' title='bbox 2329 816 2362 854; x_wconf 89' lang='lat' dir='ltr'>a</span> <span class='ocrx_word' id='word_1_308' title='bbox 2376 799 2802 856; x_wconf 83' lang='lat' dir='ltr'>consuetudine</span> <span class='ocrx_word' id='word_1_309' title='bbox 2814 799 3200 857; x_wconf 80' lang='lat' dir='ltr'>multitudinis</span> <span class='ocrx_word' id='word_1_310' title='bbox 3214 804 3514 873; x_wconf 81' lang='lat' dir='ltr'>separant.</span> 
     </span>
    </p>
   </div>
   <div class='ocr_carea' id='block_1_47' title="bbox 1942 977 3517 1051">
    <p class='ocr_par' dir='ltr' id='par_1_47' title="bbox 1942 977 3517 1051">
     <span class='ocr_line' id='line_1_47' title="bbox 1942 977 3517 1051; baseline 0.002 -17"><span class='ocrx_word' id='word_1_311' title='bbox 1942 979 1968 1034; x_wconf 88' lang='lat' dir='ltr'><strong>J</strong></span> <span class='ocrx_word' id='word_1_312' title='bbox 1977 977 2125 1034; x_wconf 89' lang='lat' dir='ltr'>udas</span> <span class='ocrx_word' id='word_1_313' title='bbox 2145 981 2395 1042; x_wconf 87' lang='lat' dir='ltr'>quartus</span> <span class='ocrx_word' id='word_1_314' title='bbox 2425 978 2529 1035; x_wconf 89' lang='lat' dir='ltr'>fuit</span> <span class='ocrx_word' id='word_1_315' title='bbox 2544 977 2801 1036; x_wconf 88' lang='lat' dir='ltr'>ﬁliorum</span> <span class='ocrx_word' id='word_1_316' title='bbox 2821 978 3026 1037; x_wconf 82' lang='lat' dir='ltr'>Jacob.</span> <span class='ocrx_word' id='word_1_317' title='bbox 3058 979 3290 1051; x_wconf 89' lang='lat' dir='ltr'>Accepti</span> <span class='ocrx_word' id='word_1_318' title='bbox 3315 983 3517 1038; x_wconf 90' lang='lat' dir='ltr'>autem</span> 
     </span>
    </p>
   </div>
   <div class='ocr_carea' id='block_1_48' title="bbox 1873 1067 3519 1140">
    <p class='ocr_par' dir='ltr' id='par_1_48' title="bbox 1873 1067 3519 1140">
     <span class='ocr_line' id='line_1_48' title="bbox 1873 1067 3519 1140; baseline 0.001 -18"><span class='ocrx_word' id='word_1_319' title='bbox 1873 1067 2272 1138; x_wconf 90' lang='lat' dir='ltr'>primogenito</span> <span class='ocrx_word' id='word_1_320' title='bbox 2299 1067 2419 1122; x_wconf 87' lang='lat' dir='ltr'>ﬁlio</span> <span class='ocrx_word' id='word_1_321' title='bbox 2444 1083 2551 1123; x_wconf 92' lang='lat' dir='ltr'>suo</span> <span class='ocrx_word' id='word_1_322' title='bbox 2583 1083 2827 1124; x_wconf 86' lang='lat' dir='ltr'>uxorem</span> <span class='ocrx_word' id='word_1_323' title='bbox 2851 1086 2869 1132; x_wconf 89' lang='lat'><strong><em>;</em></strong></span> <span class='ocrx_word' id='word_1_324' title='bbox 2893 1083 3016 1140; x_wconf 92' lang='lat' dir='ltr'>quo</span> <span class='ocrx_word' id='word_1_325' title='bbox 3047 1069 3271 1140; x_wconf 87' lang='lat' dir='ltr'>absque</span> <span class='ocrx_word' id='word_1_326' title='bbox 3319 1068 3519 1124; x_wconf 89' lang='lat' dir='ltr'>liberis</span> 
     </span>
    </p>
   </div>
   <div class='ocr_carea' id='block_1_49' title="bbox 1873 1154 3518 1226">
    <p class='ocr_par' dir='ltr' id='par_1_49' title="bbox 1873 1154 3518 1226">
     <span class='ocr_line' id='line_1_49' title="bbox 1873 1154 3518 1226; baseline 0.001 -16"><span class='ocrx_word' id='word_1_327' title='bbox 1873 1154 2176 1220; x_wconf 87' lang='lat' dir='ltr'>defuncto,</span> <span class='ocrx_word' id='word_1_328' title='bbox 2205 1155 2402 1226; x_wconf 88' lang='lat' dir='ltr'>junxit</span> <span class='ocrx_word' id='word_1_329' title='bbox 2427 1171 2559 1211; x_wconf 91' lang='lat' dir='ltr'>eam</span> <span class='ocrx_word' id='word_1_330' title='bbox 2587 1156 2850 1211; x_wconf 89' lang='lat' dir='ltr'>secundo</span> <span class='ocrx_word' id='word_1_331' title='bbox 2881 1173 2893 1222; x_wconf 85' lang='lat'><strong>;</strong></span> <span class='ocrx_word' id='word_1_332' title='bbox 2917 1155 3030 1212; x_wconf 89' lang='lat' dir='ltr'>hoc</span> <span class='ocrx_word' id='word_1_333' title='bbox 3051 1160 3242 1210; x_wconf 89' lang='lat' dir='ltr'>autem</span> <span class='ocrx_word' id='word_1_334' title='bbox 3261 1155 3518 1211; x_wconf 74' lang='lat' dir='ltr'>similiter</span> 
     </span>
    </p>
   </div>
   <div class='ocr_carea' id='block_1_50' title="bbox 1873 1244 3513 1316">
    <p class='ocr_par' dir='ltr' id='par_1_50' title="bbox 1873 1244 3513 1316">
     <span class='ocr_line' id='line_1_50' title="bbox 1873 1244 3513 1316; baseline 0.001 -18"><span class='ocrx_word' id='word_1_335' title='bbox 1873 1244 2480 1315; x_wconf 88' lang='lat' dir='ltr'>mortuo,promisitse</span> <span class='ocrx_word' id='word_1_336' title='bbox 2493 1246 2722 1300; x_wconf 90' lang='lat' dir='ltr'>tertium</span> <span class='ocrx_word' id='word_1_337' title='bbox 2735 1245 2922 1300; x_wconf 87' lang='lat' dir='ltr'>ﬁlium</span> <span class='ocrx_word' id='word_1_338' title='bbox 2938 1245 3015 1300; x_wconf 89' lang='lat' dir='ltr'>illi</span> <span class='ocrx_word' id='word_1_339' title='bbox 3028 1245 3160 1316; x_wconf 88' lang='lat' dir='ltr'>conj</span> <span class='ocrx_word' id='word_1_340' title='bbox 3173 1248 3513 1300; x_wconf 89' lang='lat' dir='ltr'>uncturum.</span> 
     </span>
    </p>
   </div>
   <div class='ocr_carea' id='block_1_51' title="bbox 1872 1331 3516 1405">
    <p class='ocr_par' dir='ltr' id='par_1_51' title="bbox 1872 1331 3516 1405">
     <span class='ocr_line' id='line_1_51' title="bbox 1872 1331 3516 1405; baseline 0.001 -20"><span class='ocrx_word' id='word_1_341' title='bbox 1872 1331 2102 1386; x_wconf 84' lang='lat' dir='ltr'>Timens</span> <span class='ocrx_word' id='word_1_342' title='bbox 2135 1337 2334 1388; x_wconf 88' lang='lat' dir='ltr'>autem</span> <span class='ocrx_word' id='word_1_343' title='bbox 2368 1349 2442 1388; x_wconf 91' lang='lat' dir='ltr'>ne</span> <span class='ocrx_word' id='word_1_344' title='bbox 2467 1340 2519 1387; x_wconf 85' lang='lat' dir='ltr'>et</span> <span class='ocrx_word' id='word_1_345' title='bbox 2550 1333 2643 1388; x_wconf 90' lang='lat' dir='ltr'>hic</span> <span class='ocrx_word' id='word_1_346' title='bbox 2674 1334 2869 1388; x_wconf 83' lang='lat' dir='ltr'>statim</span> <span class='ocrx_word' id='word_1_347' title='bbox 2901 1339 3246 1400; x_wconf 73' lang='lat' dir='ltr'>moreretur,</span> <span class='ocrx_word' id='word_1_348' title='bbox 3273 1334 3516 1405; x_wconf 82' lang='lat' dir='ltr'>nuptias</span> 
     </span>
    </p>
   </div>
   <div class='ocr_carea' id='block_1_52' title="bbox 1871 1419 3518 1492">
    <p class='ocr_par' dir='ltr' id='par_1_52' title="bbox 1871 1419 3518 1492">
     <span class='ocr_line' id='line_1_52' title="bbox 1871 1419 3518 1492; baseline 0.001 -18"><span class='ocrx_word' id='word_1_349' title='bbox 1871 1419 2114 1475; x_wconf 86' lang='lat' dir='ltr'>distulit.</span> <span class='ocrx_word' id='word_1_350' title='bbox 2133 1419 2332 1476; x_wconf 84' lang='lat' dir='ltr'>Mulier</span> <span class='ocrx_word' id='word_1_351' title='bbox 2352 1437 2512 1490; x_wconf 87' lang='lat' dir='ltr'>vero,</span> <span class='ocrx_word' id='word_1_352' title='bbox 2537 1421 2784 1492; x_wconf 89' lang='lat' dir='ltr'>cupiens</span> <span class='ocrx_word' id='word_1_353' title='bbox 2805 1421 3184 1477; x_wconf 86' lang='lat' dir='ltr'>vehementer</span> <span class='ocrx_word' id='word_1_354' title='bbox 3209 1438 3278 1478; x_wconf 91' lang='lat' dir='ltr'>ex</span> <span class='ocrx_word' id='word_1_355' title='bbox 3303 1436 3518 1492; x_wconf 82' lang='lat' dir='ltr'>genere</span> 
     </span>
    </p>
   </div>
   <div class='ocr_carea' id='block_1_53' title="bbox 1869 1509 3514 1581">
    <p class='ocr_par' dir='ltr' id='par_1_53' title="bbox 1869 1509 3514 1581">
     <span class='ocr_line' id='line_1_53' title="bbox 1869 1509 3514 1581; baseline 0.001 -17"><span class='ocrx_word' id='word_1_356' title='bbox 1869 1509 2186 1573; x_wconf 86' lang='lat' dir='ltr'>Abraham,</span> <span class='ocrx_word' id='word_1_357' title='bbox 2215 1514 2416 1581; x_wconf 83' lang='lat' dir='ltr'>utpote</span> <span class='ocrx_word' id='word_1_358' title='bbox 2440 1509 2656 1566; x_wconf 90' lang='lat' dir='ltr'>celebri</span> <span class='ocrx_word' id='word_1_359' title='bbox 2670 1526 2740 1566; x_wconf 90' lang='lat' dir='ltr'>ac</span> <span class='ocrx_word' id='word_1_360' title='bbox 2760 1511 3067 1581; x_wconf 82' lang='lat' dir='ltr'>praeclaro,</span> <span class='ocrx_word' id='word_1_361' title='bbox 3085 1527 3290 1566; x_wconf 85' lang='lat' dir='ltr'>semen</span> <span class='ocrx_word' id='word_1_362' title='bbox 3333 1511 3514 1566; x_wconf 86' lang='lat' dir='ltr'>susci-</span> 
     </span>
    </p>
   </div>
   <div class='ocr_carea' id='block_1_54' title="bbox 1871 1597 3512 1670">
    <p class='ocr_par' dir='ltr' id='par_1_54' title="bbox 1871 1597 3512 1670">
     <span class='ocr_line' id='line_1_54' title="bbox 1871 1597 3512 1670; baseline -0.001 -16"><span class='ocrx_word' id='word_1_363' title='bbox 1871 1613 2030 1670; x_wconf 86' lang='lat' dir='ltr'>pere,</span> <span class='ocrx_word' id='word_1_364' title='bbox 2050 1598 2153 1654; x_wconf 91' lang='lat' dir='ltr'>ubi</span> <span class='ocrx_word' id='word_1_365' title='bbox 2181 1613 2454 1655; x_wconf 90' lang='lat' dir='ltr'>socerum</span> <span class='ocrx_word' id='word_1_366' title='bbox 2471 1600 2499 1651; x_wconf 88' lang='lat' dir='ltr'>.I</span> <span class='ocrx_word' id='word_1_367' title='bbox 2509 1598 2693 1653; x_wconf 90' lang='lat' dir='ltr'>udam</span> <span class='ocrx_word' id='word_1_368' title='bbox 2724 1598 3085 1669; x_wconf 90' lang='lat' dir='ltr'>promissum</span> <span class='ocrx_word' id='word_1_369' title='bbox 3103 1597 3333 1654; x_wconf 68' lang='lat' dir='ltr'>differre</span> <span class='ocrx_word' id='word_1_370' title='bbox 3350 1599 3512 1668; x_wconf 89' lang='lat' dir='ltr'>vidit,</span> 
     </span>
    </p>
   </div>
   <div class='ocr_carea' id='block_1_55' title="bbox 1870 1686 3516 1760">
    <p class='ocr_par' dir='ltr' id='par_1_55' title="bbox 1870 1686 3516 1760">
     <span class='ocr_line' id='line_1_55' title="bbox 1870 1686 3516 1760; baseline -0.001 -16"><span class='ocrx_word' id='word_1_371' title='bbox 1870 1689 1985 1745; x_wconf 90' lang='lat' dir='ltr'>hoc</span> <span class='ocrx_word' id='word_1_372' title='bbox 2006 1692 2172 1760; x_wconf 89' lang='lat' dir='ltr'>pacto</span> <span class='ocrx_word' id='word_1_373' title='bbox 2197 1688 2366 1743; x_wconf 91' lang='lat' dir='ltr'>illum</span> <span class='ocrx_word' id='word_1_374' title='bbox 2392 1687 2638 1758; x_wconf 86' lang='lat' dir='ltr'>decepit.</span> <span class='ocrx_word' id='word_1_375' title='bbox 2682 1686 2961 1742; x_wconf 85' lang='lat' dir='ltr'>Habitum</span> <span class='ocrx_word' id='word_1_376' title='bbox 3005 1687 3165 1742; x_wconf 92' lang='lat' dir='ltr'>enim</span> <span class='ocrx_word' id='word_1_377' title='bbox 3218 1687 3394 1743; x_wconf 88' lang='lat' dir='ltr'>scorti</span> <span class='ocrx_word' id='word_1_378' title='bbox 3430 1687 3516 1742; x_wconf 83' lang='lat' dir='ltr'>in-</span> 
     </span>
    </p>
   </div>
   <div class='ocr_carea' id='block_1_56' title="bbox 1871 1774 3512 1847">
    <p class='ocr_par' dir='ltr' id='par_1_56' title="bbox 1871 1774 3512 1847">
     <span class='ocr_line' id='line_1_56' title="bbox 1871 1774 3512 1847; baseline -0.001 -15"><span class='ocrx_word' id='word_1_379' title='bbox 1871 1777 2038 1841; x_wconf 88' lang='lat' dir='ltr'>duta,</span> <span class='ocrx_word' id='word_1_380' title='bbox 2069 1781 2205 1832; x_wconf 90' lang='lat' dir='ltr'>ante</span> <span class='ocrx_word' id='word_1_381' title='bbox 2259 1780 2454 1847; x_wconf 88' lang='lat' dir='ltr'>portas</span> <span class='ocrx_word' id='word_1_382' title='bbox 2496 1774 2748 1831; x_wconf 85' lang='lat' dir='ltr'>civitatis</span> <span class='ocrx_word' id='word_1_383' title='bbox 2790 1779 3058 1831; x_wconf 87' lang='lat' dir='ltr'>contecta</span> <span class='ocrx_word' id='word_1_384' title='bbox 3093 1774 3276 1830; x_wconf 90' lang='lat' dir='ltr'>sedit:</span> <span class='ocrx_word' id='word_1_385' title='bbox 3309 1789 3512 1847; x_wconf 89' lang='lat' dir='ltr'>quam,</span> 
     </span>
    </p>
   </div>
   <div class='ocr_carea' id='block_1_57' title="bbox 1872 1864 3516 1935">
    <p class='ocr_par' dir='ltr' id='par_1_57' title="bbox 1872 1864 3516 1935">
     <span class='ocr_line' id='line_1_57' title="bbox 1872 1864 3516 1935; baseline -0.002 -12"><span class='ocrx_word' id='word_1_386' title='bbox 1872 1867 2082 1923; x_wconf 90' lang='lat' dir='ltr'>videns</span> <span class='ocrx_word' id='word_1_387' title='bbox 2100 1868 2127 1921; x_wconf 88' lang='lat' dir='ltr'><strong>J</strong></span> <span class='ocrx_word' id='word_1_388' title='bbox 2135 1867 2304 1932; x_wconf 90' lang='lat' dir='ltr'>udas,</span> <span class='ocrx_word' id='word_1_389' title='bbox 2328 1881 2437 1922; x_wconf 91' lang='lat' dir='ltr'>nec</span> <span class='ocrx_word' id='word_1_390' title='bbox 2463 1879 2814 1935; x_wconf 80' lang='lat' dir='ltr'>agnoscens,</span> <span class='ocrx_word' id='word_1_391' title='bbox 2837 1864 3143 1935; x_wconf 85' lang='lat' dir='ltr'>ingressus</span> <span class='ocrx_word' id='word_1_392' title='bbox 3170 1868 3256 1920; x_wconf 90' lang='lat' dir='ltr'>est</span> <span class='ocrx_word' id='word_1_393' title='bbox 3285 1864 3360 1921; x_wconf 90' lang='lat' dir='ltr'>ad</span> <span class='ocrx_word' id='word_1_394' title='bbox 3379 1880 3516 1920; x_wconf 92' lang='lat' dir='ltr'>eam</span> 
     </span>
    </p>
   </div>
   <div class='ocr_carea' id='block_1_58' title="bbox 1871 1952 3517 2028">
    <p class='ocr_par' dir='ltr' id='par_1_58' title="bbox 1871 1952 3517 2028">
     <span class='ocr_line' id='line_1_58' title="bbox 1871 1952 3517 2028; baseline -0.001 -17"><span class='ocrx_word' id='word_1_395' title='bbox 1871 1957 2045 2028; x_wconf 90' lang='lat' dir='ltr'>quasi</span> <span class='ocrx_word' id='word_1_396' title='bbox 2063 1956 2140 2012; x_wconf 90' lang='lat' dir='ltr'>ad</span> <span class='ocrx_word' id='word_1_397' title='bbox 2153 1960 2413 2012; x_wconf 88' lang='lat' dir='ltr'>scortum</span> <span class='ocrx_word' id='word_1_398' title='bbox 2436 1972 2449 2019; x_wconf 85' lang='lat'><strong>;</strong></span> <span class='ocrx_word' id='word_1_399' title='bbox 2472 1970 2609 2027; x_wconf 70' lang='lat' dir='ltr'>quae</span> <span class='ocrx_word' id='word_1_400' title='bbox 2639 1952 2902 2023; x_wconf 86' lang='lat' dir='ltr'>cognita,</span> <span class='ocrx_word' id='word_1_401' title='bbox 2923 1953 3224 2024; x_wconf 87' lang='lat' dir='ltr'>geminam</span> <span class='ocrx_word' id='word_1_402' title='bbox 3246 1955 3517 2028; x_wconf 91' lang='lat' dir='ltr'>concepit</span> 
     </span>
    </p>
   </div>
   <div class='ocr_carea' id='block_1_59' title="bbox 1872 2041 3515 2117">
    <p class='ocr_par' dir='ltr' id='par_1_59' title="bbox 1872 2041 3515 2117">
     <span class='ocr_line' id='line_1_59' title="bbox 1872 2041 3515 2117; baseline 0 -17"><span class='ocrx_word' id='word_1_403' title='bbox 1872 2045 2121 2117; x_wconf 83' lang='lat' dir='ltr'>prolem.</span> <span class='ocrx_word' id='word_1_404' title='bbox 2144 2043 2573 2100; x_wconf 77' lang='lat' dir='ltr'>Accedentibus</span> <span class='ocrx_word' id='word_1_405' title='bbox 2590 2046 2790 2099; x_wconf 91' lang='lat' dir='ltr'>autem</span> <span class='ocrx_word' id='word_1_406' title='bbox 2809 2046 3008 2113; x_wconf 87' lang='lat' dir='ltr'>partus</span> <span class='ocrx_word' id='word_1_407' title='bbox 3033 2041 3361 2107; x_wconf 87' lang='lat' dir='ltr'>doloribus,</span> <span class='ocrx_word' id='word_1_408' title='bbox 3375 2059 3515 2100; x_wconf 90' lang='lat' dir='ltr'>cum</span> 
     </span>
    </p>
   </div>
   <div class='ocr_carea' id='block_1_60' title="bbox 1873 2130 3518 2205">
    <p class='ocr_par' dir='ltr' id='par_1_60' title="bbox 1873 2130 3518 2205">
     <span class='ocr_line' id='line_1_60' title="bbox 1873 2130 3518 2205; baseline -0.002 -14"><span class='ocrx_word' id='word_1_409' title='bbox 1873 2135 2088 2191; x_wconf 89' lang='lat' dir='ltr'>Phares</span> <span class='ocrx_word' id='word_1_410' title='bbox 2107 2139 2163 2190; x_wconf 86' lang='lat' dir='ltr'>et</span> <span class='ocrx_word' id='word_1_411' title='bbox 2178 2135 2326 2191; x_wconf 86' lang='lat' dir='ltr'>Zara</span> <span class='ocrx_word' id='word_1_412' title='bbox 2339 2131 2607 2205; x_wconf 90' lang='lat' dir='ltr'>pariendi</span> <span class='ocrx_word' id='word_1_413' title='bbox 2627 2135 2841 2197; x_wconf 87' lang='lat' dir='ltr'>essent,</span> <span class='ocrx_word' id='word_1_414' title='bbox 2852 2131 2953 2186; x_wconf 91' lang='lat' dir='ltr'>ubi</span> <span class='ocrx_word' id='word_1_415' title='bbox 2970 2130 3214 2187; x_wconf 80' lang='lat' dir='ltr'>vidisset</span> <span class='ocrx_word' id='word_1_416' title='bbox 3228 2131 3518 2189; x_wconf 82' lang='lat' dir='ltr'>obstetrix</span> 
     </span>
    </p>
   </div>
   <div class='ocr_carea' id='block_1_61' title="bbox 1871 2219 3514 2294">
    <p class='ocr_par' dir='ltr' id='par_1_61' title="bbox 1871 2219 3514 2294">
     <span class='ocr_line' id='line_1_61' title="bbox 1871 2219 3514 2294; baseline -0.002 -15"><span class='ocrx_word' id='word_1_417' title='bbox 1871 2227 2016 2280; x_wconf 90' lang='lat' dir='ltr'>Zara</span> <span class='ocrx_word' id='word_1_418' title='bbox 2071 2223 2336 2294; x_wconf 89' lang='lat' dir='ltr'>primum</span> <span class='ocrx_word' id='word_1_419' title='bbox 2393 2221 2734 2277; x_wconf 80' lang='lat' dir='ltr'>etierentem</span> <span class='ocrx_word' id='word_1_420' title='bbox 2799 2235 3062 2287; x_wconf 86' lang='lat' dir='ltr'>manum,</span> <span class='ocrx_word' id='word_1_421' title='bbox 3137 2219 3343 2275; x_wconf 90' lang='lat' dir='ltr'>volens</span> <span class='ocrx_word' id='word_1_422' title='bbox 3402 2219 3514 2291; x_wconf 89' lang='lat' dir='ltr'>pri-</span> 
     </span>
    </p>
   </div>
   <div class='ocr_carea' id='block_1_62' title="bbox 1873 2307 3514 2381">
    <p class='ocr_par' dir='ltr' id='par_1_62' title="bbox 1873 2307 3514 2381">
     <span class='ocr_line' id='line_1_62' title="bbox 1873 2307 3514 2381; baseline -0.002 -13"><span class='ocrx_word' id='word_1_423' title='bbox 1873 2312 2246 2381; x_wconf 87' lang='lat' dir='ltr'>mogenitum</span> <span class='ocrx_word' id='word_1_424' title='bbox 2277 2311 2448 2380; x_wconf 89' lang='lat' dir='ltr'>signo</span> <span class='ocrx_word' id='word_1_425' title='bbox 2476 2313 2702 2374; x_wconf 90' lang='lat' dir='ltr'>notare,</span> <span class='ocrx_word' id='word_1_426' title='bbox 2731 2307 2978 2364; x_wconf 89' lang='lat' dir='ltr'>coccino</span> <span class='ocrx_word' id='word_1_427' title='bbox 3032 2323 3305 2378; x_wconf 90' lang='lat' dir='ltr'>manum,</span> <span class='ocrx_word' id='word_1_428' title='bbox 3332 2323 3514 2380; x_wconf 90' lang='lat' dir='ltr'>quam</span> 
     </span>
    </p>
   </div>
   <div class='ocr_carea' id='block_1_63' title="bbox 1871 2397 3514 2472">
    <p class='ocr_par' dir='ltr' id='par_1_63' title="bbox 1871 2397 3514 2472">
     <span class='ocr_line' id='line_1_63' title="bbox 1871 2397 3514 2472; baseline -0.004 -15"><span class='ocrx_word' id='word_1_429' title='bbox 1871 2401 2179 2468; x_wconf 85' lang='lat' dir='ltr'>extulerat,</span> <span class='ocrx_word' id='word_1_430' title='bbox 2210 2400 2444 2472; x_wconf 79' lang='lat' dir='ltr'>ligavit;</span> <span class='ocrx_word' id='word_1_431' title='bbox 2472 2398 2777 2468; x_wconf 81' lang='lat' dir='ltr'>alligatam</span> <span class='ocrx_word' id='word_1_432' title='bbox 2807 2403 3006 2453; x_wconf 89' lang='lat' dir='ltr'>autem</span> <span class='ocrx_word' id='word_1_433' title='bbox 3031 2397 3271 2453; x_wconf 85' lang='lat' dir='ltr'>retraxit</span> <span class='ocrx_word' id='word_1_434' title='bbox 3291 2397 3514 2466; x_wconf 83' lang='lat' dir='ltr'>infans,</span> 
     </span>
    </p>
   </div>
   <div class='ocr_carea' id='block_1_64' title="bbox 1871 2485 3518 2563">
    <p class='ocr_par' dir='ltr' id='par_1_64' title="bbox 1871 2485 3518 2563">
     <span class='ocr_line' id='line_1_64' title="bbox 1871 2485 3518 2563; baseline -0.002 -17"><span class='ocrx_word' id='word_1_435' title='bbox 1871 2506 1994 2563; x_wconf 89' lang='lat' dir='ltr'>qua</span> <span class='ocrx_word' id='word_1_436' title='bbox 2034 2493 2309 2556; x_wconf 88' lang='lat' dir='ltr'>retracta,</span> <span class='ocrx_word' id='word_1_437' title='bbox 2358 2487 2580 2543; x_wconf 85' lang='lat' dir='ltr'>Phares</span> <span class='ocrx_word' id='word_1_438' title='bbox 2630 2487 2940 2559; x_wconf 88' lang='lat' dir='ltr'>processit,</span> <span class='ocrx_word' id='word_1_439' title='bbox 2977 2485 3193 2542; x_wconf 92' lang='lat' dir='ltr'>deinde</span> <span class='ocrx_word' id='word_1_440' title='bbox 3253 2489 3417 2542; x_wconf 89' lang='lat' dir='ltr'>Zara.</span> <span class='ocrx_word' id='word_1_441' title='bbox 3451 2488 3518 2542; x_wconf 90' lang='lat' dir='ltr'>Et</span> 
     </span>
    </p>
   </div>
   <div class='ocr_carea' id='block_1_65' title="bbox 1869 2575 3514 2651">
    <p class='ocr_par' dir='ltr' id='par_1_65' title="bbox 1869 2575 3514 2651">
     <span class='ocr_line' id='line_1_65' title="bbox 1869 2575 3514 2651; baseline -0.004 -14"><span class='ocrx_word' id='word_1_442' title='bbox 1869 2581 1994 2637; x_wconf 82' lang='lat' dir='ltr'>haec</span> <span class='ocrx_word' id='word_1_443' title='bbox 2032 2579 2272 2651; x_wconf 84' lang='lat' dir='ltr'>quidem</span> <span class='ocrx_word' id='word_1_444' title='bbox 2303 2577 2384 2633; x_wconf 90' lang='lat' dir='ltr'>rei</span> <span class='ocrx_word' id='word_1_445' title='bbox 2410 2581 2587 2649; x_wconf 67' lang='lat' dir='ltr'>gestae</span> <span class='ocrx_word' id='word_1_446' title='bbox 2617 2575 2864 2632; x_wconf 87' lang='lat' dir='ltr'>historia</span> <span class='ocrx_word' id='word_1_447' title='bbox 2889 2579 2997 2630; x_wconf 91' lang='lat' dir='ltr'>est.</span> <span class='ocrx_word' id='word_1_448' title='bbox 3054 2575 3260 2630; x_wconf 92' lang='lat' dir='ltr'>Solum</span> <span class='ocrx_word' id='word_1_449' title='bbox 3313 2579 3514 2631; x_wconf 87' lang='lat' dir='ltr'>autem</span> 
     </span>
    </p>
   </div>
   <div class='ocr_carea' id='block_1_66' title="bbox 1874 2663 3510 2740">
    <p class='ocr_par' dir='ltr' id='par_1_66' title="bbox 1874 2663 3510 2740">
     <span class='ocr_line' id='line_1_66' title="bbox 1874 2663 3510 2740; baseline -0.003 -16"><span class='ocrx_word' id='word_1_450' title='bbox 1874 2669 2095 2725; x_wconf 88' lang='lat' dir='ltr'>Phares</span> <span class='ocrx_word' id='word_1_451' title='bbox 2118 2671 2465 2740; x_wconf 87' lang='lat' dir='ltr'>accepturus</span> <span class='ocrx_word' id='word_1_452' title='bbox 2480 2670 2604 2722; x_wconf 87' lang='lat' dir='ltr'>erat</span> <span class='ocrx_word' id='word_1_453' title='bbox 2619 2665 2986 2734; x_wconf 87' lang='lat' dir='ltr'>evangelista</span> <span class='ocrx_word' id='word_1_454' title='bbox 3001 2664 3060 2719; x_wconf 89' lang='lat' dir='ltr'>in</span> <span class='ocrx_word' id='word_1_455' title='bbox 3076 2663 3510 2734; x_wconf 83' lang='lat' dir='ltr'>genealogiam,</span> 
     </span>
    </p>
   </div>
   <div class='ocr_carea' id='block_1_67' title="bbox 1871 2752 3513 2831">
    <p class='ocr_par' dir='ltr' id='par_1_67' title="bbox 1871 2752 3513 2831">
     <span class='ocr_line' id='line_1_67' title="bbox 1871 2752 3513 2831; baseline -0.006 -17"><span class='ocrx_word' id='word_1_456' title='bbox 1871 2762 2074 2830; x_wconf 90' lang='lat' dir='ltr'>utpote</span> <span class='ocrx_word' id='word_1_457' title='bbox 2119 2773 2228 2831; x_wconf 89' lang='lat' dir='ltr'>per</span> <span class='ocrx_word' id='word_1_458' title='bbox 2266 2771 2448 2829; x_wconf 89' lang='lat' dir='ltr'>quem</span> <span class='ocrx_word' id='word_1_459' title='bbox 2511 2754 2590 2812; x_wconf 90' lang='lat' dir='ltr'>ad</span> <span class='ocrx_word' id='word_1_460' title='bbox 2642 2753 2829 2810; x_wconf 90' lang='lat' dir='ltr'>David</span> <span class='ocrx_word' id='word_1_461' title='bbox 2885 2767 3072 2823; x_wconf 88' lang='lat' dir='ltr'>genus</span> <span class='ocrx_word' id='word_1_462' title='bbox 3131 2752 3513 2824; x_wconf 88' lang='lat' dir='ltr'>procedebat.</span> 
     </span>
    </p>
   </div>
   <div class='ocr_carea' id='block_1_68' title="bbox 1870 2840 3517 2916">
    <p class='ocr_par' dir='ltr' id='par_1_68' title="bbox 1870 2840 3517 2916">
     <span class='ocr_line' id='line_1_68' title="bbox 1870 2840 3517 2916; baseline -0.004 -13"><span class='ocrx_word' id='word_1_463' title='bbox 1870 2850 2036 2904; x_wconf 90' lang='lat' dir='ltr'>Nunc</span> <span class='ocrx_word' id='word_1_464' title='bbox 2061 2862 2202 2902; x_wconf 89' lang='lat' dir='ltr'>vero</span> <span class='ocrx_word' id='word_1_465' title='bbox 2232 2861 2364 2900; x_wconf 91' lang='lat' dir='ltr'>cum</span> <span class='ocrx_word' id='word_1_466' title='bbox 2387 2845 2517 2916; x_wconf 91' lang='lat' dir='ltr'>ipso</span> <span class='ocrx_word' id='word_1_467' title='bbox 2555 2842 2734 2900; x_wconf 88' lang='lat' dir='ltr'>etiam</span> <span class='ocrx_word' id='word_1_468' title='bbox 2767 2845 2914 2898; x_wconf 89' lang='lat' dir='ltr'>Zara</span> <span class='ocrx_word' id='word_1_469' title='bbox 2944 2841 3163 2914; x_wconf 88' lang='lat' dir='ltr'>posuit,</span> <span class='ocrx_word' id='word_1_470' title='bbox 3222 2840 3395 2913; x_wconf 90' lang='lat' dir='ltr'>quasi</span> <span class='ocrx_word' id='word_1_471' title='bbox 3430 2845 3517 2913; x_wconf 89' lang='lat' dir='ltr'>ty-</span> 
     </span>
    </p>
   </div>
   <div class='ocr_carea' id='block_1_69' title="bbox 1869 2929 3517 3008">
    <p class='ocr_par' dir='ltr' id='par_1_69' title="bbox 1869 2929 3517 3008">
     <span class='ocr_line' id='line_1_69' title="bbox 1869 2929 3517 3008; baseline -0.003 -16"><span class='ocrx_word' id='word_1_472' title='bbox 1869 2951 2018 3008; x_wconf 90' lang='lat' dir='ltr'>pum</span> <span class='ocrx_word' id='word_1_473' title='bbox 2042 2935 2241 3008; x_wconf 91' lang='lat' dir='ltr'>populi</span> <span class='ocrx_word' id='word_1_474' title='bbox 2264 2933 2576 2992; x_wconf 88' lang='lat' dir='ltr'>Christiani</span> <span class='ocrx_word' id='word_1_475' title='bbox 2602 2954 2614 2989; x_wconf 89' lang='lat'><strong>:</strong></span> <span class='ocrx_word' id='word_1_476' title='bbox 2651 2931 2947 3005; x_wconf 88' lang='lat' dir='ltr'>siquidem</span> <span class='ocrx_word' id='word_1_477' title='bbox 2967 2930 3184 2987; x_wconf 88' lang='lat' dir='ltr'>Phares</span> <span class='ocrx_word' id='word_1_478' title='bbox 3217 2929 3517 2987; x_wconf 87' lang='lat' dir='ltr'>Israelitici</span> 
     </span>
    </p>
   </div>
   <div class='ocr_carea' id='block_1_70' title="bbox 1868 3020 3516 3098">
    <p class='ocr_par' dir='ltr' id='par_1_70' title="bbox 1868 3020 3516 3098">
     <span class='ocr_line' id='line_1_70' title="bbox 1868 3020 3516 3098; baseline -0.003 -17"><span class='ocrx_word' id='word_1_479' title='bbox 1868 3029 2049 3098; x_wconf 87' lang='lat' dir='ltr'>typus</span> <span class='ocrx_word' id='word_1_480' title='bbox 2103 3028 2246 3080; x_wconf 89' lang='lat' dir='ltr'>erat.</span> <span class='ocrx_word' id='word_1_481' title='bbox 2301 3023 2462 3079; x_wconf 90' lang='lat' dir='ltr'>Sicut</span> <span class='ocrx_word' id='word_1_482' title='bbox 2517 3022 2678 3078; x_wconf 89' lang='lat' dir='ltr'>enim</span> <span class='ocrx_word' id='word_1_483' title='bbox 2733 3024 2898 3090; x_wconf 86' lang='lat' dir='ltr'>Zara,</span> <span class='ocrx_word' id='word_1_484' title='bbox 2950 3021 3203 3092; x_wconf 89' lang='lat' dir='ltr'>primum</span> <span class='ocrx_word' id='word_1_485' title='bbox 3268 3020 3516 3093; x_wconf 91' lang='lat' dir='ltr'>quidem</span> 
     </span>
    </p>
   </div>
   <div class='ocr_carea' id='block_1_71' title="bbox 1867 3110 3517 3180">
    <p class='ocr_par' dir='ltr' id='par_1_71' title="bbox 1867 3110 3517 3180">
     <span class='ocr_line' id='line_1_71' title="bbox 1867 3110 3517 3180; baseline -0.004 -9"><span class='ocrx_word' id='word_1_486' title='bbox 1867 3129 2118 3171; x_wconf 89' lang='lat' dir='ltr'>manum</span> <span class='ocrx_word' id='word_1_487' title='bbox 2179 3112 2449 3176; x_wconf 79' lang='lat' dir='ltr'>eﬁerens,</span> <span class='ocrx_word' id='word_1_488' title='bbox 2529 3111 2774 3167; x_wconf 84' lang='lat' dir='ltr'>retraxit</span> <span class='ocrx_word' id='word_1_489' title='bbox 2833 3126 2988 3180; x_wconf 89' lang='lat' dir='ltr'>eam,</span> <span class='ocrx_word' id='word_1_490' title='bbox 3028 3110 3244 3166; x_wconf 92' lang='lat' dir='ltr'>deinde</span> <span class='ocrx_word' id='word_1_491' title='bbox 3300 3110 3517 3167; x_wconf 80' lang='lat' dir='ltr'>Phares</span> 
     </span>
    </p>
   </div>
   <div class='ocr_carea' id='block_1_72' title="bbox 1867 3198 3516 3274">
    <p class='ocr_par' dir='ltr' id='par_1_72' title="bbox 1867 3198 3516 3274">
     <span class='ocr_line' id='line_1_72' title="bbox 1867 3198 3516 3274; baseline -0.003 -15"><span class='ocrx_word' id='word_1_492' title='bbox 1867 3218 2125 3274; x_wconf 83' lang='lat' dir='ltr'>egresso,</span> <span class='ocrx_word' id='word_1_493' title='bbox 2145 3207 2287 3259; x_wconf 85' lang='lat' dir='ltr'>tunc</span> <span class='ocrx_word' id='word_1_494' title='bbox 2319 3205 2376 3257; x_wconf 90' lang='lat' dir='ltr'>et</span> <span class='ocrx_word' id='word_1_495' title='bbox 2399 3201 2526 3271; x_wconf 90' lang='lat' dir='ltr'>ipse</span> <span class='ocrx_word' id='word_1_496' title='bbox 2547 3201 2772 3269; x_wconf 88' lang='lat' dir='ltr'>integre</span> <span class='ocrx_word' id='word_1_497' title='bbox 2794 3199 3001 3255; x_wconf 85' lang='lat' dir='ltr'>exivit:</span> <span class='ocrx_word' id='word_1_498' title='bbox 3033 3199 3106 3253; x_wconf 86' lang='lat' dir='ltr'>ita</span> <span class='ocrx_word' id='word_1_499' title='bbox 3125 3214 3362 3270; x_wconf 89' lang='lat' dir='ltr'>quoque</span> <span class='ocrx_word' id='word_1_500' title='bbox 3379 3198 3516 3255; x_wconf 69' lang='lat' dir='ltr'>vitm</span> 
     </span>
    </p>
   </div>
   <div class='ocr_carea' id='block_1_73' title="bbox 1866 3287 3514 3363">
    <p class='ocr_par' dir='ltr' id='par_1_73' title="bbox 1866 3287 3514 3363">
     <span class='ocr_line' id='line_1_73' title="bbox 1866 3287 3514 3363; baseline -0.005 -13"><span class='ocrx_word' id='word_1_501' title='bbox 1866 3292 2222 3363; x_wconf 64' lang='lat' dir='ltr'>evangelica;</span> <span class='ocrx_word' id='word_1_502' title='bbox 2273 3306 2413 3363; x_wconf 87' lang='lat' dir='ltr'>pars</span> <span class='ocrx_word' id='word_1_503' title='bbox 2467 3289 2712 3362; x_wconf 90' lang='lat' dir='ltr'>quidem</span> <span class='ocrx_word' id='word_1_504' title='bbox 2770 3287 3137 3360; x_wconf 89' lang='lat' dir='ltr'>temporibus</span> <span class='ocrx_word' id='word_1_505' title='bbox 3210 3287 3514 3342; x_wconf 88' lang='lat' dir='ltr'>Abraham</span> 
     </span>
    </p>
   </div>
   <div class='ocr_carea' id='block_1_74' title="bbox 1864 3373 3516 3454">
    <p class='ocr_par' dir='ltr' id='par_1_74' title="bbox 1864 3373 3516 3454">
     <span class='ocr_line' id='line_1_74' title="bbox 1864 3373 3516 3454; baseline -0.007 -15"><span class='ocrx_word' id='word_1_506' title='bbox 1864 3381 2177 3454; x_wconf 86' lang='lat' dir='ltr'>apparuit:</span> <span class='ocrx_word' id='word_1_507' title='bbox 2211 3396 2332 3452; x_wconf 90' lang='lat' dir='ltr'>qua</span> <span class='ocrx_word' id='word_1_508' title='bbox 2356 3381 2630 3442; x_wconf 89' lang='lat' dir='ltr'>retracta,</span> <span class='ocrx_word' id='word_1_509' title='bbox 2675 3375 2963 3449; x_wconf 84' lang='lat' dir='ltr'>processit</span> <span class='ocrx_word' id='word_1_510' title='bbox 3005 3373 3231 3443; x_wconf 85' lang='lat' dir='ltr'>legalis,</span> <span class='ocrx_word' id='word_1_511' title='bbox 3274 3376 3333 3428; x_wconf 86' lang='lat' dir='ltr'>et</span> <span class='ocrx_word' id='word_1_512' title='bbox 3378 3375 3516 3444; x_wconf 90' lang='lat' dir='ltr'>post</span> 
     </span>
    </p>
   </div>
   <div class='ocr_carea' id='block_1_75' title="bbox 1863 3461 3510 3543">
    <p class='ocr_par' dir='ltr' id='par_1_75' title="bbox 1863 3461 3510 3543">
     <span class='ocr_line' id='line_1_75' title="bbox 1863 3461 3510 3543; baseline -0.007 -15"><span class='ocrx_word' id='word_1_513' title='bbox 1863 3471 2019 3528; x_wconf 91' lang='lat' dir='ltr'>hanc</span> <span class='ocrx_word' id='word_1_514' title='bbox 2031 3469 2287 3543; x_wconf 87' lang='lat' dir='ltr'>perfecte</span> <span class='ocrx_word' id='word_1_515' title='bbox 2309 3466 2590 3540; x_wconf 86' lang='lat' dir='ltr'>apparuit</span> <span class='ocrx_word' id='word_1_516' title='bbox 2613 3463 2976 3534; x_wconf 88' lang='lat' dir='ltr'>evangelica.</span> <span class='ocrx_word' id='word_1_517' title='bbox 2994 3461 3172 3518; x_wconf 86' lang='lat' dir='ltr'>Vides</span> <span class='ocrx_word' id='word_1_518' title='bbox 3192 3461 3370 3533; x_wconf 83' lang='lat' dir='ltr'>igitur</span> <span class='ocrx_word' id='word_1_519' title='bbox 3388 3475 3510 3518; x_wconf 88' lang='lat' dir='ltr'>non</span> 
     </span>
    </p>
   </div>
   <div class='ocr_carea' id='block_1_76' title="bbox 1863 3557 2961 3626">
    <p class='ocr_par' dir='ltr' id='par_1_76' title="bbox 1863 3557 2961 3626">
     <span class='ocr_line' id='line_1_76' title="bbox 1863 3557 2961 3626; baseline -0.01 -8"><span class='ocrx_word' id='word_1_520' title='bbox 1863 3562 2079 3618; x_wconf 85' lang='lat' dir='ltr'>frustra</span> <span class='ocrx_word' id='word_1_521' title='bbox 2109 3558 2291 3614; x_wconf 86' lang='lat' dir='ltr'>fuisse</span> <span class='ocrx_word' id='word_1_522' title='bbox 2323 3561 2530 3614; x_wconf 87' lang='lat' dir='ltr'>Zaram</span> <span class='ocrx_word' id='word_1_523' title='bbox 2561 3557 2961 3626; x_wconf 85' lang='lat' dir='ltr'>assumptum.</span> 
     </span>
    </p>
   </div>
   <div class='ocr_carea' id='block_1_77' title="bbox 177 3626 3513 3719">
    <p class='ocr_par' dir='ltr' id='par_1_77' title="bbox 177 3626 3513 3719">
     <span class='ocr_line' id='line_1_77' title="bbox 177 3626 3513 3719; baseline 0.001 -32"><span class='ocrx_word' id='word_1_524' title='bbox 177 3626 307 3690; x_wconf 67' lang='grc' dir='ltr'>ἕφένη</span> <span class='ocrx_word' id='word_1_525' title='bbox 381 3635 432 3687; x_wconf 75' lang='grc' dir='ltr'>ἒν</span> <span class='ocrx_word' id='word_1_526' title='bbox 510 3635 630 3697; x_wconf 76' lang='grc' dir='ltr'>τοῖς</span> <span class='ocrx_word' id='word_1_527' title='bbox 681 3655 899 3712; x_wconf 84' lang='grc' dir='ltr'>χρονοις</span> <span class='ocrx_word' id='word_1_528' title='bbox 967 3647 1057 3692; x_wconf 83' lang='grc' dir='ltr'>τοῦ</span> <span class='ocrx_word' id='word_1_529' title='bbox 1113 3640 1368 3716; x_wconf 75' lang='grc' dir='ltr'>Ἀϐραὰμ,</span> <span class='ocrx_word' id='word_1_530' title='bbox 1440 3626 1548 3701; x_wconf 67' lang='grc' dir='ltr'>εἶτα</span> <span class='ocrx_word' id='word_1_531' title='bbox 1619 3626 1983 3719; x_wconf 80' lang='grc' dir='ltr'>σύσταλέντος,</span> <span class='ocrx_word' id='word_1_532' title='bbox 2037 3645 2184 3707; x_wconf 77' lang='grc' dir='ltr'>ἦλθεν</span> <span class='ocrx_word' id='word_1_533' title='bbox 2241 3648 2272 3706; x_wconf 84' lang='grc' dir='ltr'><strong>ἠ</strong></span> <span class='ocrx_word' id='word_1_534' title='bbox 2340 3648 2543 3717; x_wconf 79' lang='grc' dir='ltr'>νομικὴ,</span> <span class='ocrx_word' id='word_1_535' title='bbox 2631 3649 2720 3696; x_wconf 80' lang='grc' dir='ltr'>καὶ</span> <span class='ocrx_word' id='word_1_536' title='bbox 2800 3644 2931 3715; x_wconf 87' lang='grc' dir='ltr'>μετὰ</span> <span class='ocrx_word' id='word_1_537' title='bbox 3012 3642 3206 3698; x_wconf 88' lang='grc' dir='ltr'>ταύτην</span> <span class='ocrx_word' id='word_1_538' title='bbox 3238 3637 3513 3711; x_wconf 70' lang='grc' dir='ltr'>ἐξέλαμψεν</span> 
     </span>
    </p>
   </div>
   <div class='ocr_carea' id='block_1_78' title="bbox 178 3719 2472 3813">
    <p class='ocr_par' dir='ltr' id='par_1_78' title="bbox 178 3719 2472 3813">
     <span class='ocr_line' id='line_1_78' title="bbox 178 3719 2472 3813; baseline 0.014 -44"><span class='ocrx_word' id='word_1_539' title='bbox 178 3719 352 3785; x_wconf 70' lang='grc' dir='ltr'>ἐντελῶς</span> <span class='ocrx_word' id='word_1_540' title='bbox 378 3729 408 3785; x_wconf 75' lang='grc' dir='ltr'>ἡ</span> <span class='ocrx_word' id='word_1_541' title='bbox 443 3725 782 3798; x_wconf 73' lang='grc' dir='ltr'>εὐαγγελική.</span> <span class='ocrx_word' id='word_1_542' title='bbox 812 3725 984 3797; x_wconf 81' lang='grc' dir='ltr'>Ὁρᾷς,</span> <span class='ocrx_word' id='word_1_543' title='bbox 1016 3730 1092 3781; x_wconf 86' lang='grc' dir='ltr'>ὅτι</span> <span class='ocrx_word' id='word_1_544' title='bbox 1122 3731 1181 3782; x_wconf 85' lang='grc' dir='ltr'>ού</span> <span class='ocrx_word' id='word_1_545' title='bbox 1209 3734 1380 3804; x_wconf 89' lang='grc' dir='ltr'>μάτην</span> <span class='ocrx_word' id='word_1_546' title='bbox 1412 3737 1436 3787; x_wconf 91' lang='grc' dir='ltr'>ό</span> <span class='ocrx_word' id='word_1_547' title='bbox 1462 3743 1606 3813; x_wconf 79' lang='grc' dir='ltr'>Ζαρὰ</span> <span class='ocrx_word' id='word_1_548' title='bbox 1635 3741 2000 3808; x_wconf 83' lang='grc' dir='ltr'>παρείληπται.</span> <span class='ocrx_word' id='word_1_549' title='bbox 2469 3720 2472 3722; x_wconf 12' lang='grc' dir='ltr'><strong>Ὺ</strong></span> 
     </span>
    </p>
   </div>
   <div class='ocr_carea' id='block_1_79' title="bbox 234 3812 1752 3905">
    <p class='ocr_par' dir='ltr' id='par_1_79' title="bbox 234 3812 1752 3905">
     <span class='ocr_line' id='line_1_79' title="bbox 234 3812 1752 3905; baseline 0.02 -41"><span class='ocrx_word' id='word_1_550' title='bbox 234 3819 411 3867; x_wconf 80' lang='grc' dir='ltr'>Λοιπὸν</span> <span class='ocrx_word' id='word_1_551' title='bbox 474 3813 593 3884; x_wconf 77' lang='grc' dir='ltr'>οὖν,</span> <span class='ocrx_word' id='word_1_552' title='bbox 653 3812 777 3868; x_wconf 69' lang='grc' dir='ltr'>οὐδὲ</span> <span class='ocrx_word' id='word_1_553' title='bbox 836 3825 928 3877; x_wconf 81' lang='grc' dir='ltr'>τῆς</span> <span class='ocrx_word' id='word_1_554' title='bbox 980 3822 1168 3896; x_wconf 76' lang='grc' dir='ltr'>Θάμαρ</span> <span class='ocrx_word' id='word_1_555' title='bbox 1235 3820 1466 3900; x_wconf 82' lang='grc' dir='ltr'>ἀκαίρως</span> <span class='ocrx_word' id='word_1_556' title='bbox 1529 3812 1752 3905; x_wconf 71' lang='grc' dir='ltr'>ἐμνημό-</span> 
     </span>
    </p>
   </div>
   <div class='ocr_carea' id='block_1_80' title="bbox 175 3902 1752 3988">
    <p class='ocr_par' dir='ltr' id='par_1_80' title="bbox 175 3902 1752 3988">
     <span class='ocr_line' id='line_1_80' title="bbox 175 3902 1752 3988; baseline 0.008 -37"><span class='ocrx_word' id='word_1_557' title='bbox 175 3918 341 3972; x_wconf 75' lang='grc' dir='ltr'>νευσεν,</span> <span class='ocrx_word' id='word_1_558' title='bbox 369 3902 493 3957; x_wconf 65' lang='grc' dir='ltr'>οὐδὲ</span> <span class='ocrx_word' id='word_1_559' title='bbox 541 3913 648 3957; x_wconf 79' lang='grc' dir='ltr'>τῶν</span> <span class='ocrx_word' id='word_1_560' title='bbox 696 3903 859 3956; x_wconf 74' lang='grc' dir='ltr'>ἄλλων</span> <span class='ocrx_word' id='word_1_561' title='bbox 912 3916 1066 3979; x_wconf 80' lang='grc' dir='ltr'>τριῶν</span> <span class='ocrx_word' id='word_1_562' title='bbox 1095 3921 1375 3980; x_wconf 79' lang='grc' dir='ltr'>γυναικῶν,</span> <span class='ocrx_word' id='word_1_563' title='bbox 1407 3921 1538 3988; x_wconf 80' lang='grc' dir='ltr'>μετὰ</span> <span class='ocrx_word' id='word_1_564' title='bbox 1580 3902 1752 3977; x_wconf 60' lang='grc' dir='ltr'>τοιῇτο,</span> 
     </span>
    </p>
   </div>
   <div class='ocr_carea' id='block_1_81' title="bbox 174 3985 1754 4076">
    <p class='ocr_par' dir='ltr' id='par_1_81' title="bbox 174 3985 1754 4076">
     <span class='ocr_line' id='line_1_81' title="bbox 174 3985 1754 4076; baseline 0.017 -41"><span class='ocrx_word' id='word_1_565' title='bbox 174 3985 282 4039; x_wconf 59' lang='grc' dir='ltr'>Ἀλλ’</span> <span class='ocrx_word' id='word_1_566' title='bbox 327 3990 428 4046; x_wconf 74' lang='grc' dir='ltr'>ἐπεὶ</span> <span class='ocrx_word' id='word_1_567' title='bbox 477 3994 598 4065; x_wconf 76' lang='grc' dir='ltr'>(Η)</span> <span class='ocrx_word' id='word_1_568' title='bbox 653 3995 682 4051; x_wconf 75' lang='grc' dir='ltr'>ἡ</span> <span class='ocrx_word' id='word_1_569' title='bbox 725 3997 814 4065; x_wconf 79' lang='grc' dir='ltr'>μὲν</span> <span class='ocrx_word' id='word_1_570' title='bbox 875 3998 1061 4070; x_wconf 85' lang='grc' dir='ltr'>Θάμαρ</span> <span class='ocrx_word' id='word_1_571' title='bbox 1115 3985 1497 4076; x_wconf 69' lang='grc' dir='ltr'>ἀθεμιτόγαμος</span> <span class='ocrx_word' id='word_1_572' title='bbox 1547 4004 1628 4075; x_wconf 73' lang='grc' dir='ltr'>ἦν,</span> <span class='ocrx_word' id='word_1_573' title='bbox 1687 4013 1754 4073; x_wconf 83' lang='grc' dir='ltr'>ὡς</span> 
     </span>
    </p>
   </div>
   <div class='ocr_carea' id='block_1_82' title="bbox 1937 3828 3515 3910">
    <p class='ocr_par' dir='ltr' id='par_1_82' title="bbox 1937 3828 3515 3910">
     <span class='ocr_line' id='line_1_82' title="bbox 1937 3828 3515 3910; baseline -0.006 -15"><span class='ocrx_word' id='word_1_574' title='bbox 1937 3838 2245 3910; x_wconf 84' lang='lat' dir='ltr'>Reliquum</span> <span class='ocrx_word' id='word_1_575' title='bbox 2279 3837 2366 3890; x_wconf 89' lang='lat' dir='ltr'>est</span> <span class='ocrx_word' id='word_1_576' title='bbox 2399 3832 2732 3897; x_wconf 88' lang='lat' dir='ltr'>ostendere,</span> <span class='ocrx_word' id='word_1_577' title='bbox 2800 3829 2963 3903; x_wconf 90' lang='lat' dir='ltr'>quod</span> <span class='ocrx_word' id='word_1_578' title='bbox 3019 3828 3204 3901; x_wconf 88' lang='lat' dir='ltr'>ipsius</span> <span class='ocrx_word' id='word_1_579' title='bbox 3269 3843 3515 3902; x_wconf 90' lang='lat' dir='ltr'>quoque</span> 
     </span>
    </p>
   </div>
   <div class='ocr_carea' id='block_1_83' title="bbox 1863 3919 3512 3986">
    <p class='ocr_par' dir='ltr' id='par_1_83' title="bbox 1863 3919 3512 3986">
     <span class='ocr_line' id='line_1_83' title="bbox 1863 3919 3512 3986; baseline -0.008 -1"><span class='ocrx_word' id='word_1_580' title='bbox 1863 3928 2120 3985; x_wconf 89' lang='lat' dir='ltr'>Thamar</span> <span class='ocrx_word' id='word_1_581' title='bbox 2163 3941 2285 3981; x_wconf 93' lang='lat' dir='ltr'>non</span> <span class='ocrx_word' id='word_1_582' title='bbox 2336 3923 2444 3979; x_wconf 89' lang='lat' dir='ltr'>abs</span> <span class='ocrx_word' id='word_1_583' title='bbox 2490 3937 2552 3977; x_wconf 91' lang='lat' dir='ltr'>re</span> <span class='ocrx_word' id='word_1_584' title='bbox 2607 3919 2961 3986; x_wconf 89' lang='lat' dir='ltr'>meminerit,</span> <span class='ocrx_word' id='word_1_585' title='bbox 3019 3919 3170 3976; x_wconf 89' lang='lat' dir='ltr'>sicut</span> <span class='ocrx_word' id='word_1_586' title='bbox 3212 3923 3268 3974; x_wconf 91' lang='lat' dir='ltr'>et</span> <span class='ocrx_word' id='word_1_587' title='bbox 3334 3919 3512 3973; x_wconf 87' lang='lat' dir='ltr'>trium</span> 
     </span>
    </p>
   </div>
   <div class='ocr_carea' id='block_1_84' title="bbox 1862 4006 3514 4089">
    <p class='ocr_par' dir='ltr' id='par_1_84' title="bbox 1862 4006 3514 4089">
     <span class='ocr_line' id='line_1_84' title="bbox 1862 4006 3514 4089; baseline -0.007 -16"><span class='ocrx_word' id='word_1_588' title='bbox 1862 4022 2070 4089; x_wconf 88' lang='lat' dir='ltr'>postea</span> <span class='ocrx_word' id='word_1_589' title='bbox 2107 4015 2383 4072; x_wconf 89' lang='lat' dir='ltr'>aliarum.</span> <span class='ocrx_word' id='word_1_590' title='bbox 2415 4011 2529 4068; x_wconf 87' lang='lat' dir='ltr'>Sed</span> <span class='ocrx_word' id='word_1_591' title='bbox 2569 4011 2711 4082; x_wconf 90' lang='lat' dir='ltr'>quia</span> <span class='ocrx_word' id='word_1_592' title='bbox 2737 4010 2993 4066; x_wconf 87' lang='lat' dir='ltr'>Thamar</span> <span class='ocrx_word' id='word_1_593' title='bbox 3043 4007 3290 4080; x_wconf 91' lang='lat' dir='ltr'>quidem</span> <span class='ocrx_word' id='word_1_594' title='bbox 3319 4006 3514 4062; x_wconf 90' lang='lat' dir='ltr'>illicite</span> 
     </span>
    </p>
   </div>
   <div class='ocr_carea' id='block_1_85' title="bbox 174 4083 1760 4178">
    <p class='ocr_par' dir='ltr' id='par_1_85' title="bbox 174 4083 1752 4178">
     <span class='ocr_line' id='line_1_85' title="bbox 174 4083 1752 4178; baseline 0.015 -50"><span class='ocrx_word' id='word_1_595' title='bbox 264 4083 477 4178; x_wconf 49' lang='grc' dir='ltr'>πενθερῷ</span> <span class='ocrx_word' id='word_1_596' title='bbox 540 4089 787 4154; x_wconf 84' lang='grc' dir='ltr'>μιγεῖσα,</span> <span class='ocrx_word' id='word_1_597' title='bbox 843 4089 1006 4159; x_wconf 84' lang='grc' dir='ltr'>πόρνη</span> <span class='ocrx_word' id='word_1_598' title='bbox 1058 4083 1116 4140; x_wconf 75' lang='grc' dir='ltr'>δὲ</span> <span class='ocrx_word' id='word_1_599' title='bbox 1151 4090 1181 4147; x_wconf 81' lang='grc' dir='ltr'><strong>ἠ</strong></span> <span class='ocrx_word' id='word_1_600' title='bbox 1213 4089 1388 4159; x_wconf 74' lang='grc' dir='ltr'>Ῥαὰϐ,</span> <span class='ocrx_word' id='word_1_601' title='bbox 1421 4095 1450 4152; x_wconf 81' lang='grc' dir='ltr'>ἡ</span> <span class='ocrx_word' id='word_1_602' title='bbox 1487 4092 1545 4148; x_wconf 78' lang='grc' dir='ltr'>δὲ</span> <span class='ocrx_word' id='word_1_603' title='bbox 1582 4096 1752 4168; x_wconf 84' lang='grc' dir='ltr'>Ῥούθ,</span> 
     </span>
    </p>
   </div>
   <div class='ocr_carea' id='block_1_86' title="bbox 1876 4083 3514 4178">
    <p class='ocr_par' dir='ltr' id='par_1_86' title="bbox 1876 4083 3514 4176">
     <span class='ocr_line' id='line_1_86' title="bbox 1876 4083 3514 4176; baseline -0.007 -15"><span class='ocrx_word' id='word_1_604' title='bbox 1876 4083 2051 4176; x_wconf 60' lang='lat' dir='ltr'>nupta</span> <span class='ocrx_word' id='word_1_605' title='bbox 2115 4108 2259 4169; x_wconf 89' lang='lat' dir='ltr'>erat,</span> <span class='ocrx_word' id='word_1_606' title='bbox 2304 4104 2506 4172; x_wconf 91' lang='lat' dir='ltr'>utpote</span> <span class='ocrx_word' id='word_1_607' title='bbox 2554 4114 2762 4155; x_wconf 85' lang='lat' dir='ltr'>socero</span> <span class='ocrx_word' id='word_1_608' title='bbox 2809 4101 3039 4169; x_wconf 89' lang='lat' dir='ltr'>nupta;</span> <span class='ocrx_word' id='word_1_609' title='bbox 3093 4096 3256 4152; x_wconf 85' lang='lat' dir='ltr'>Raab</span> <span class='ocrx_word' id='word_1_610' title='bbox 3312 4099 3514 4152; x_wconf 87' lang='lat' dir='ltr'>autem</span> 
     </span>
    </p>
   </div>
   <div class='ocr_carea' id='block_1_87' title="bbox 175 4163 1752 4258">
    <p class='ocr_par' dir='ltr' id='par_1_87' title="bbox 175 4163 1752 4258">
     <span class='ocr_line' id='line_1_87' title="bbox 175 4163 1752 4258; baseline 0.023 -49"><span class='ocrx_word' id='word_1_611' title='bbox 175 4163 441 4239; x_wconf 48' lang='lat' dir='ltr'>map)“,</span> <span class='ocrx_word' id='word_1_612' title='bbox 475 4173 505 4228; x_wconf 83' lang='grc' dir='ltr'>ἡ</span> <span class='ocrx_word' id='word_1_613' title='bbox 544 4169 611 4223; x_wconf 72' lang='grc' dir='ltr'>δὲ</span> <span class='ocrx_word' id='word_1_614' title='bbox 652 4179 742 4222; x_wconf 75' lang='grc' dir='ltr'>τοῦ</span> <span class='ocrx_word' id='word_1_615' title='bbox 787 4171 982 4244; x_wconf 83' lang='grc' dir='ltr'>Ούρίου</span> <span class='ocrx_word' id='word_1_616' title='bbox 1041 4175 1173 4250; x_wconf 77' lang='grc'>(12),</span> <span class='ocrx_word' id='word_1_617' title='bbox 1222 4181 1502 4255; x_wconf 73' lang='grc' dir='ltr'>Βηρσαϐεὲ,</span> <span class='ocrx_word' id='word_1_618' title='bbox 1549 4163 1752 4258; x_wconf 51' lang='grc' dir='ltr'>μοιχαέ</span> 
     </span>
    </p>
   </div>
   <div class='ocr_carea' id='block_1_88' title="bbox 171 4253 1754 4347">
    <p class='ocr_par' dir='ltr' id='par_1_88' title="bbox 171 4253 1754 4347">
     <span class='ocr_line' id='line_1_88' title="bbox 171 4253 1754 4347; baseline 0.009 -38"><span class='ocrx_word' id='word_1_619' title='bbox 171 4253 256 4318; x_wconf 57' lang='lat'>71;,</span> <span class='ocrx_word' id='word_1_620' title='bbox 302 4259 360 4317; x_wconf 73' lang='grc' dir='ltr'>ὡς</span> <span class='ocrx_word' id='word_1_621' title='bbox 388 4262 442 4310; x_wconf 83' lang='grc' dir='ltr'>αἱ</span> <span class='ocrx_word' id='word_1_622' title='bbox 486 4259 611 4311; x_wconf 83' lang='grc' dir='ltr'>κατ’</span> <span class='ocrx_word' id='word_1_623' title='bbox 660 4260 820 4323; x_wconf 79' lang='grc' dir='ltr'>αύτὰς</span> <span class='ocrx_word' id='word_1_624' title='bbox 871 4263 1097 4339; x_wconf 83' lang='grc' dir='ltr'>ἱστορίαι</span> <span class='ocrx_word' id='word_1_625' title='bbox 1155 4263 1512 4323; x_wconf 71' lang='grc' dir='ltr'>διδάσκουσιν</span> <span class='ocrx_word' id='word_1_626' title='bbox 1547 4295 1558 4307; x_wconf 93' lang='grc'><strong>·</strong></span> <span class='ocrx_word' id='word_1_627' title='bbox 1593 4279 1754 4347; x_wconf 81' lang='grc' dir='ltr'>ἤγαγε</span> 
     </span>
    </p>
   </div>
   <div class='ocr_carea' id='block_1_89' title="bbox 177 4346 1754 4434">
    <p class='ocr_par' dir='ltr' id='par_1_89' title="bbox 177 4346 1754 4434">
     <span class='ocr_line' id='line_1_89' title="bbox 177 4346 1754 4434; baseline 0.022 -49"><span class='ocrx_word' id='word_1_628' title='bbox 177 4346 252 4403; x_wconf 65' lang='grc' dir='ltr'>τὰς</span> <span class='ocrx_word' id='word_1_629' title='bbox 297 4350 538 4409; x_wconf 49' lang='lat' dir='ltr'>marha;</span> <span class='ocrx_word' id='word_1_630' title='bbox 593 4357 844 4419; x_wconf 84' lang='grc' dir='ltr'>γυναῖκας</span> <span class='ocrx_word' id='word_1_631' title='bbox 892 4351 965 4413; x_wconf 83' lang='grc' dir='ltr'>εἰς</span> <span class='ocrx_word' id='word_1_632' title='bbox 1015 4357 1191 4426; x_wconf 77' lang='grc' dir='ltr'>μέσον,</span> <span class='ocrx_word' id='word_1_633' title='bbox 1237 4359 1321 4410; x_wconf 83' lang='grc' dir='ltr'>ἵνα</span> <span class='ocrx_word' id='word_1_634' title='bbox 1349 4355 1518 4434; x_wconf 70' lang='grc' dir='ltr'>δείξῃ,</span> <span class='ocrx_word' id='word_1_635' title='bbox 1552 4365 1632 4416; x_wconf 85' lang='grc' dir='ltr'>ὅτι</span> <span class='ocrx_word' id='word_1_636' title='bbox 1661 4367 1754 4418; x_wconf 85' lang='grc' dir='ltr'>ούκ</span> 
     </span>
    </p>
   </div>
   <div class='ocr_carea' id='block_1_90' title="bbox 172 4429 1753 4521">
    <p class='ocr_par' dir='ltr' id='par_1_90' title="bbox 172 4437 1753 4521">
     <span class='ocr_line' id='line_1_90' title="bbox 172 4437 1753 4521; baseline 0.015 -38"><span class='ocrx_word' id='word_1_637' title='bbox 172 4440 470 4505; x_wconf 50' lang='lat' dir='ltr'>marich</span> <span class='ocrx_word' id='word_1_638' title='bbox 517 4440 545 4489; x_wconf 92' lang='lat'>6</span> <span class='ocrx_word' id='word_1_639' title='bbox 593 4441 820 4509; x_wconf 80' lang='grc' dir='ltr'>Χριστός</span> <span class='ocrx_word' id='word_1_640' title='bbox 871 4437 970 4492; x_wconf 78' lang='grc' dir='ltr'>ἀπὸ</span> <span class='ocrx_word' id='word_1_641' title='bbox 1019 4447 1262 4496; x_wconf 86' lang='grc' dir='ltr'>τοιούτων</span> <span class='ocrx_word' id='word_1_642' title='bbox 1285 4454 1550 4521; x_wconf 84' lang='grc' dir='ltr'>προγόνων</span> <span class='ocrx_word' id='word_1_643' title='bbox 1599 4473 1753 4507; x_wconf 82' lang='grc' dir='ltr'>κατα-</span> 
     </span>
    </p>
   </div>
   <div class='ocr_carea' id='block_1_91' title="bbox 171 4524 1753 4606">
    <p class='ocr_par' dir='ltr' id='par_1_91' title="bbox 171 4524 1753 4606">
     <span class='ocr_line' id='line_1_91' title="bbox 171 4524 1753 4606; baseline 0.014 -33"><span class='ocrx_word' id='word_1_644' title='bbox 171 4524 373 4592; x_wconf 56' lang='grc' dir='ltr'>γόμενος,</span> <span class='ocrx_word' id='word_1_645' title='bbox 433 4526 502 4576; x_wconf 77' lang='grc' dir='ltr'>ὧν</span> <span class='ocrx_word' id='word_1_646' title='bbox 560 4527 588 4577; x_wconf 83' lang='grc' dir='ltr'><strong><em>ὁ</em></strong></span> <span class='ocrx_word' id='word_1_647' title='bbox 648 4528 738 4598; x_wconf 74' lang='grc' dir='ltr'>μεν</span> <span class='ocrx_word' id='word_1_648' title='bbox 800 4527 854 4590; x_wconf 82' lang='grc' dir='ltr'><em>ἐξ</em></span> <span class='ocrx_word' id='word_1_649' title='bbox 907 4527 1312 4606; x_wconf 83' lang='grc' dir='ltr'>ἀθεμιτογαμίας</span> <span class='ocrx_word' id='word_1_650' title='bbox 1366 4534 1446 4605; x_wconf 76' lang='grc' dir='ltr'>ἦν,</span> <span class='ocrx_word' id='word_1_651' title='bbox 1501 4540 1525 4591; x_wconf 88' lang='grc' dir='ltr'><strong><em>ὁ</em></strong></span> <span class='ocrx_word' id='word_1_652' title='bbox 1587 4537 1645 4594; x_wconf 66' lang='grc' dir='ltr'>δὲ</span> <span class='ocrx_word' id='word_1_653' title='bbox 1699 4541 1753 4596; x_wconf 81' lang='grc' dir='ltr'>ἐκ</span> 
     </span>
    </p>
   </div>
   <div class='ocr_carea' id='block_1_92' title="bbox 171 4612 1751 4703">
    <p class='ocr_par' dir='ltr' id='par_1_92' title="bbox 171 4612 1751 4703">
     <span class='ocr_line' id='line_1_92' title="bbox 171 4612 1751 4703; baseline 0.015 -42"><span class='ocrx_word' id='word_1_654' title='bbox 171 4618 400 4683; x_wconf 68' lang='grc' dir='ltr'>πορνείας,</span> <span class='ocrx_word' id='word_1_655' title='bbox 447 4616 475 4666; x_wconf 89' lang='lat'>6</span> <span class='ocrx_word' id='word_1_656' title='bbox 521 4612 585 4667; x_wconf 76' lang='grc' dir='ltr'>δε</span> <span class='ocrx_word' id='word_1_657' title='bbox 636 4616 687 4679; x_wconf 80' lang='grc' dir='ltr'>ἐξ</span> <span class='ocrx_word' id='word_1_658' title='bbox 727 4614 1007 4689; x_wconf 70' lang='grc' dir='ltr'>ἀλλοφύλου</span> <span class='ocrx_word' id='word_1_659' title='bbox 1050 4626 1269 4696; x_wconf 87' lang='grc' dir='ltr'>μητρὸς,</span> <span class='ocrx_word' id='word_1_660' title='bbox 1303 4626 1328 4677; x_wconf 89' lang='lat'>6</span> <span class='ocrx_word' id='word_1_661' title='bbox 1362 4622 1439 4693; x_wconf 74' lang='grc' dir='ltr'>δὲ,</span> <span class='ocrx_word' id='word_1_662' title='bbox 1486 4626 1586 4681; x_wconf 83' lang='grc' dir='ltr'>ἀπὸ</span> <span class='ocrx_word' id='word_1_663' title='bbox 1630 4651 1751 4703; x_wconf 85' lang='grc' dir='ltr'>μοι-</span> 
     </span>
    </p>
   </div>
   <div class='ocr_carea' id='block_1_93' title="bbox 171 4697 1754 4794">
    <p class='ocr_par' dir='ltr' id='par_1_93' title="bbox 171 4697 1754 4794">
     <span class='ocr_line' id='line_1_93' title="bbox 171 4697 1754 4794; baseline 0.016 -46"><span class='ocrx_word' id='word_1_664' title='bbox 171 4697 392 4765; x_wconf 63' lang='grc' dir='ltr'>χαλίδος.</span> <span class='ocrx_word' id='word_1_665' title='bbox 441 4701 622 4757; x_wconf 66' lang='grc' dir='ltr'>Οὐδὲν</span> <span class='ocrx_word' id='word_1_666' title='bbox 647 4708 745 4778; x_wconf 79' lang='grc' dir='ltr'>γὰρ</span> <span class='ocrx_word' id='word_1_667' title='bbox 793 4704 1008 4760; x_wconf 78' lang='grc' dir='ltr'>ϐλάπτει</span> <span class='ocrx_word' id='word_1_668' title='bbox 1034 4713 1118 4762; x_wconf 86' lang='grc' dir='ltr'>τόν</span> <span class='ocrx_word' id='word_1_669' title='bbox 1168 4711 1397 4787; x_wconf 81' lang='grc' dir='ltr'>ἐνάρετον</span> <span class='ocrx_word' id='word_1_670' title='bbox 1427 4719 1455 4776; x_wconf 76' lang='grc' dir='ltr'><em>ἡ</em></span> <span class='ocrx_word' id='word_1_671' title='bbox 1488 4726 1587 4769; x_wconf 85' lang='grc' dir='ltr'>τῶν</span> <span class='ocrx_word' id='word_1_672' title='bbox 1630 4697 1754 4794; x_wconf 74' lang='grc' dir='ltr'>προ-</span> 
     </span>
    </p>
   </div>
   <div class='ocr_carea' id='block_1_94' title="bbox 167 4792 1752 4875">
    <p class='ocr_par' dir='ltr' id='par_1_94' title="bbox 167 4792 1752 4875">
     <span class='ocr_line' id='line_1_94' title="bbox 167 4792 1752 4875; baseline 0.015 -36"><span class='ocrx_word' id='word_1_673' title='bbox 167 4806 304 4854; x_wconf 56' lang='grc' dir='ltr'>γονέων</span> <span class='ocrx_word' id='word_1_674' title='bbox 361 4792 523 4844; x_wconf 67' lang='grc' dir='ltr'>αὐτοῦ</span> <span class='ocrx_word' id='word_1_675' title='bbox 575 4799 896 4868; x_wconf 83' lang='grc' dir='ltr'>παρανομία.</span> <span class='ocrx_word' id='word_1_676' title='bbox 955 4803 1062 4861; x_wconf 75' lang='grc' dir='ltr'>Πᾶς</span> <span class='ocrx_word' id='word_1_677' title='bbox 1113 4804 1214 4875; x_wconf 81' lang='grc' dir='ltr'>γὰρ</span> <span class='ocrx_word' id='word_1_678' title='bbox 1273 4802 1372 4856; x_wconf 78' lang='grc' dir='ltr'>ἀπὸ</span> <span class='ocrx_word' id='word_1_679' title='bbox 1410 4814 1510 4857; x_wconf 86' lang='grc' dir='ltr'>τῶν</span> <span class='ocrx_word' id='word_1_680' title='bbox 1555 4792 1752 4862; x_wconf 80' lang='grc' dir='ltr'>οἰκείων</span> 
     </span>
    </p>
   </div>
   <div class='ocr_carea' id='block_1_95' title="bbox 171 4879 1752 4967">
    <p class='ocr_par' dir='ltr' id='par_1_95' title="bbox 171 4879 1752 4967">
     <span class='ocr_line' id='line_1_95' title="bbox 171 4879 1752 4967; baseline 0.016 -40"><span class='ocrx_word' id='word_1_681' title='bbox 171 4879 396 4950; x_wconf 67' lang='grc' dir='ltr'>πράξεων,</span> <span class='ocrx_word' id='word_1_682' title='bbox 453 4881 567 4934; x_wconf 66' lang='lat' dir='ltr'>an“</span> <span class='ocrx_word' id='word_1_683' title='bbox 615 4882 707 4935; x_wconf 70' lang='grc' dir='ltr'>οὐκ</span> <span class='ocrx_word' id='word_1_684' title='bbox 755 4882 856 4937; x_wconf 81' lang='grc' dir='ltr'>ἀπὸ</span> <span class='ocrx_word' id='word_1_685' title='bbox 915 4894 1013 4938; x_wconf 86' lang='grc' dir='ltr'>τῶν</span> <span class='ocrx_word' id='word_1_686' title='bbox 1062 4887 1338 4966; x_wconf 79' lang='grc' dir='ltr'>ἀλλοτρίων</span> <span class='ocrx_word' id='word_1_687' title='bbox 1390 4899 1619 4967; x_wconf 85' lang='grc' dir='ltr'>κρίνεται</span> <span class='ocrx_word' id='word_1_688' title='bbox 1656 4918 1752 4951; x_wconf 78' lang='grc' dir='ltr'>κα-</span> 
     </span>
    </p>
   </div>
   <div class='ocr_carea' id='block_1_96' title="bbox 1139 5040 1812 5118">
    <p class='ocr_par' dir='ltr' id='par_1_96' title="bbox 1139 5040 1812 5118">
     <span class='ocr_line' id='line_1_96' title="bbox 1139 5040 1812 5118; baseline 0.016 -11"><span class='ocrx_word' id='word_1_689' title='bbox 1139 5040 1355 5110; x_wconf 72' lang='lat' dir='ltr'>Varise</span> <span class='ocrx_word' id='word_1_690' title='bbox 1384 5044 1712 5116; x_wconf 89' lang='lat' dir='ltr'>lectiones</span> <span class='ocrx_word' id='word_1_691' title='bbox 1746 5058 1812 5118; x_wconf 90' lang='lat' dir='ltr'>et</span> 
     </span>
    </p>
   </div>
   <div class='ocr_carea' id='block_1_97' title="bbox 227 5199 1274 5275">
    <p class='ocr_par' dir='ltr' id='par_1_97' title="bbox 227 5199 1274 5275">
     <span class='ocr_line' id='line_1_97' title="bbox 227 5199 1274 5275; baseline 0.015 -22"><span class='ocrx_word' id='word_1_692' title='bbox 227 5199 295 5275; x_wconf 74' lang='lat'>(5)</span> <span class='ocrx_word' id='word_1_693' title='bbox 333 5201 576 5259; x_wconf 85' lang='lat' dir='ltr'>Inclusa</span> <span class='ocrx_word' id='word_1_694' title='bbox 611 5201 670 5258; x_wconf 92' lang='lat' dir='ltr'>in</span> <span class='ocrx_word' id='word_1_695' title='bbox 696 5205 970 5275; x_wconf 88' lang='lat' dir='ltr'>margine</span> <span class='ocrx_word' id='word_1_696' title='bbox 997 5205 1178 5268; x_wconf 88' lang='lat' dir='ltr'>habet</span> <span class='ocrx_word' id='word_1_697' title='bbox 1208 5215 1274 5268; x_wconf 86' lang='lat' dir='ltr'>A.</span> 
     </span>
    </p>
   </div>
   <div class='ocr_carea' id='block_1_98' title="bbox 230 5269 1152 5346">
    <p class='ocr_par' dir='ltr' id='par_1_98' title="bbox 230 5269 1152 5346">
     <span class='ocr_line' id='line_1_98' title="bbox 230 5269 1152 5346; baseline 0.012 -21"><span class='ocrx_word' id='word_1_698' title='bbox 230 5269 297 5346; x_wconf 54' lang='grc' dir='ltr'>ρ)</span> <span class='ocrx_word' id='word_1_699' title='bbox 325 5275 456 5346; x_wconf 57' lang='lat' dir='ltr'>[lac</span> <span class='ocrx_word' id='word_1_700' title='bbox 481 5275 552 5346; x_wconf 81' lang='lat' dir='ltr'>in</span> <span class='ocrx_word' id='word_1_701' title='bbox 585 5269 863 5346; x_wconf 62' lang='lat' dir='ltr'>margine&#39;</span> <span class='ocrx_word' id='word_1_702' title='bbox 878 5276 1058 5336; x_wconf 87' lang='lat' dir='ltr'>habet</span> <span class='ocrx_word' id='word_1_703' title='bbox 1086 5283 1152 5336; x_wconf 83' lang='lat' dir='ltr'>A.</span> 
     </span>
    </p>
   </div>
   <div class='ocr_carea' id='block_1_99' title="bbox 232 5329 1787 5418">
    <p class='ocr_par' dir='ltr' id='par_1_99' title="bbox 232 5329 1787 5418">
     <span class='ocr_line' id='line_1_99' title="bbox 232 5329 1787 5418; baseline 0.015 -22"><span class='ocrx_word' id='word_1_704' title='bbox 232 5329 300 5412; x_wconf 69' lang='grc' dir='ltr'>(ἴ)</span> <span class='ocrx_word' id='word_1_705' title='bbox 324 5343 529 5418; x_wconf 38' lang='grc' dir='ltr'>Σεροβῄ</span> <span class='ocrx_word' id='word_1_706' title='bbox 576 5329 1474 5415; x_wconf 48' lang='grc' dir='ltr'>ηἱώὶἷίιῶῘἯᾶξίρεω-ιωωι·</span> <span class='ocrx_word' id='word_1_707' title='bbox 1543 5329 1787 5418; x_wconf 18' lang='lat' dir='ltr'>Genesi</span> 
     </span>
    </p>
   </div>
   <div class='ocr_carea' id='block_1_100' title="bbox 173 5416 969 5485">
    <p class='ocr_par' dir='ltr' id='par_1_100' title="bbox 173 5416 969 5485">
     <span class='ocr_line' id='line_1_100' title="bbox 173 5416 969 5485; baseline 0.009 -19"><span class='ocrx_word' id='word_1_708' title='bbox 173 5423 383 5485; x_wconf 73' lang='lat' dir='ltr'>xxxviii.</span> <span class='ocrx_word' id='word_1_709' title='bbox 417 5416 572 5472; x_wconf 82' lang='lat' dir='ltr'>Vide</span> <span class='ocrx_word' id='word_1_710' title='bbox 605 5424 659 5473; x_wconf 84' lang='lat' dir='ltr'>et</span> <span class='ocrx_word' id='word_1_711' title='bbox 687 5435 844 5485; x_wconf 71' lang='lat' dir='ltr'>xxxx,</span> <span class='ocrx_word' id='word_1_712' title='bbox 882 5419 969 5475; x_wconf 81' lang='lat'>35.</span> 
     </span>
    </p>
   </div>
   <div class='ocr_carea' id='block_1_101' title="bbox 235 5484 718 5558">
    <p class='ocr_par' dir='ltr' id='par_1_101' title="bbox 235 5484 718 5558">
     <span class='ocr_line' id='line_1_101' title="bbox 235 5484 718 5558; baseline 0 -13"><span class='ocrx_word' id='word_1_713' title='bbox 235 5484 301 5558; x_wconf 68' lang='grc' dir='ltr'>(Β)</span> <span class='ocrx_word' id='word_1_714' title='bbox 326 5489 390 5558; x_wconf 63' lang='lat' dir='ltr'>in</span> <span class='ocrx_word' id='word_1_715' title='bbox 419 5503 620 5558; x_wconf 80' lang='lat' dir='ltr'>marg.</span> <span class='ocrx_word' id='word_1_716' title='bbox 650 5489 718 5544; x_wconf 78' lang='lat' dir='ltr'>AI</span> 
     </span>
    </p>
   </div>
   <div class='ocr_carea' id='block_1_102' title="bbox 229 5555 722 5632">
    <p class='ocr_par' dir='ltr' id='par_1_102' title="bbox 229 5555 722 5632">
     <span class='ocr_line' id='line_1_102' title="bbox 229 5555 722 5632; baseline 0.012 -22"><span class='ocrx_word' id='word_1_717' title='bbox 229 5555 386 5622; x_wconf 70' lang='lat'>(9)111</span> <span class='ocrx_word' id='word_1_718' title='bbox 424 5555 625 5632; x_wconf 79' lang='lat' dir='ltr'>marg:</span> <span class='ocrx_word' id='word_1_719' title='bbox 657 5562 722 5616; x_wconf 79' lang='grc' dir='ltr'>Α.</span> 
     </span>
    </p>
   </div>
   <div class='ocr_carea' id='block_1_103' title="bbox 1863 4183 3514 4256">
    <p class='ocr_par' dir='ltr' id='par_1_103' title="bbox 1863 4183 3514 4256">
     <span class='ocr_line' id='line_1_103' title="bbox 1863 4183 3514 4256; baseline -0.007 -8"><span class='ocrx_word' id='word_1_720' title='bbox 1863 4192 2139 4248; x_wconf 88' lang='lat' dir='ltr'>meretrix</span> <span class='ocrx_word' id='word_1_721' title='bbox 2178 4194 2321 4254; x_wconf 89' lang='lat' dir='ltr'>erat,</span> <span class='ocrx_word' id='word_1_722' title='bbox 2360 4193 2414 4245; x_wconf 93' lang='lat' dir='ltr'>et</span> <span class='ocrx_word' id='word_1_723' title='bbox 2434 4187 2590 4244; x_wconf 84' lang='lat' dir='ltr'>Ruth</span> <span class='ocrx_word' id='word_1_724' title='bbox 2610 4186 2972 4256; x_wconf 84' lang='lat' dir='ltr'>alienigena,</span> <span class='ocrx_word' id='word_1_725' title='bbox 3022 4200 3172 4241; x_wconf 89' lang='lat' dir='ltr'>uxor</span> <span class='ocrx_word' id='word_1_726' title='bbox 3196 4199 3338 4240; x_wconf 90' lang='lat' dir='ltr'>vero</span> <span class='ocrx_word' id='word_1_727' title='bbox 3365 4183 3514 4240; x_wconf 69' lang='lat' dir='ltr'>Urim</span> 
     </span>
    </p>
   </div>
   <div class='ocr_carea' id='block_1_104' title="bbox 1862 4271 3510 4351">
    <p class='ocr_par' dir='ltr' id='par_1_104' title="bbox 1862 4271 3510 4351">
     <span class='ocr_line' id='line_1_104' title="bbox 1862 4271 3510 4351; baseline -0.006 -15"><span class='ocrx_word' id='word_1_728' title='bbox 1862 4279 2148 4346; x_wconf 87' lang='lat' dir='ltr'>adultera,</span> <span class='ocrx_word' id='word_1_729' title='bbox 2171 4275 2688 4351; x_wconf 88' lang='lat' dir='ltr'>quemadmodum</span> <span class='ocrx_word' id='word_1_730' title='bbox 2711 4275 2978 4346; x_wconf 89' lang='lat' dir='ltr'>ipsarum</span> <span class='ocrx_word' id='word_1_731' title='bbox 2996 4273 3215 4329; x_wconf 91' lang='lat' dir='ltr'>docent</span> <span class='ocrx_word' id='word_1_732' title='bbox 3230 4271 3510 4335; x_wconf 78' lang='lat' dir='ltr'>historiae,</span> 
     </span>
    </p>
   </div>
   <div class='ocr_carea' id='block_1_105' title="bbox 1862 4359 3509 4428">
    <p class='ocr_par' dir='ltr' id='par_1_105' title="bbox 1862 4359 3509 4428">
     <span class='ocr_line' id='line_1_105' title="bbox 1862 4359 3509 4428; baseline -0.006 -4"><span class='ocrx_word' id='word_1_733' title='bbox 1862 4367 2110 4425; x_wconf 85' lang='lat' dir='ltr'>adduxit</span> <span class='ocrx_word' id='word_1_734' title='bbox 2140 4383 2240 4423; x_wconf 89' lang='lat' dir='ltr'>eas</span> <span class='ocrx_word' id='word_1_735' title='bbox 2271 4367 2330 4421; x_wconf 91' lang='lat' dir='ltr'>in</span> <span class='ocrx_word' id='word_1_736' title='bbox 2385 4364 2672 4428; x_wconf 91' lang='lat' dir='ltr'>medium,</span> <span class='ocrx_word' id='word_1_737' title='bbox 2723 4369 2786 4417; x_wconf 91' lang='lat' dir='ltr'>ut</span> <span class='ocrx_word' id='word_1_738' title='bbox 2834 4361 3214 4418; x_wconf 88' lang='lat' dir='ltr'>manifestum</span> <span class='ocrx_word' id='word_1_739' title='bbox 3268 4359 3509 4424; x_wconf 86' lang='lat' dir='ltr'>faceret,</span> 
     </span>
    </p>
   </div>
   <div class='ocr_carea' id='block_1_106' title="bbox 1863 4447 3513 4520">
    <p class='ocr_par' dir='ltr' id='par_1_106' title="bbox 1863 4447 3513 4520">
     <span class='ocr_line' id='line_1_106' title="bbox 1863 4447 3513 4520; baseline -0.006 -8"><span class='ocrx_word' id='word_1_740' title='bbox 1863 4456 2160 4512; x_wconf 90' lang='lat' dir='ltr'>Christum</span> <span class='ocrx_word' id='word_1_741' title='bbox 2179 4471 2298 4511; x_wconf 92' lang='lat' dir='ltr'>non</span> <span class='ocrx_word' id='word_1_742' title='bbox 2330 4452 2643 4509; x_wconf 88' lang='lat' dir='ltr'>erubuisse</span> <span class='ocrx_word' id='word_1_743' title='bbox 2667 4451 2744 4506; x_wconf 90' lang='lat' dir='ltr'>ab</span> <span class='ocrx_word' id='word_1_744' title='bbox 2775 4450 3117 4520; x_wconf 89' lang='lat' dir='ltr'>hujusmodi</span> <span class='ocrx_word' id='word_1_745' title='bbox 3147 4447 3513 4504; x_wconf 88' lang='lat' dir='ltr'>descendere</span> 
     </span>
    </p>
   </div>
   <div class='ocr_carea' id='block_1_107' title="bbox 1862 4536 3512 4616">
    <p class='ocr_par' dir='ltr' id='par_1_107' title="bbox 1862 4536 3512 4616">
     <span class='ocr_line' id='line_1_107' title="bbox 1862 4536 3512 4616; baseline -0.006 -15"><span class='ocrx_word' id='word_1_746' title='bbox 1862 4544 2383 4616; x_wconf 86' lang='lat' dir='ltr'>progenitoribus:</span> <span class='ocrx_word' id='word_1_747' title='bbox 2419 4556 2679 4614; x_wconf 89' lang='lat' dir='ltr'>quorum</span> <span class='ocrx_word' id='word_1_748' title='bbox 2727 4555 2881 4594; x_wconf 90' lang='lat' dir='ltr'>unus</span> <span class='ocrx_word' id='word_1_749' title='bbox 2913 4539 3157 4612; x_wconf 88' lang='lat' dir='ltr'>quidem</span> <span class='ocrx_word' id='word_1_750' title='bbox 3189 4554 3260 4594; x_wconf 85' lang='lat' dir='ltr'>ex</span> <span class='ocrx_word' id='word_1_751' title='bbox 3316 4536 3512 4592; x_wconf 90' lang='lat' dir='ltr'>illicite</span> 
     </span>
    </p>
   </div>
   <div class='ocr_carea' id='block_1_108' title="bbox 1863 4625 3507 4706">
    <p class='ocr_par' dir='ltr' id='par_1_108' title="bbox 1863 4625 3507 4706">
     <span class='ocr_line' id='line_1_108' title="bbox 1863 4625 3507 4706; baseline -0.005 -17"><span class='ocrx_word' id='word_1_752' title='bbox 1863 4637 2051 4706; x_wconf 90' lang='lat' dir='ltr'>nupta</span> <span class='ocrx_word' id='word_1_753' title='bbox 2114 4637 2292 4689; x_wconf 90' lang='lat' dir='ltr'>natus</span> <span class='ocrx_word' id='word_1_754' title='bbox 2353 4635 2496 4695; x_wconf 88' lang='lat' dir='ltr'>erat,</span> <span class='ocrx_word' id='word_1_755' title='bbox 2552 4629 2708 4684; x_wconf 90' lang='lat' dir='ltr'>illius</span> <span class='ocrx_word' id='word_1_756' title='bbox 2763 4633 2964 4684; x_wconf 89' lang='lat' dir='ltr'>autem</span> <span class='ocrx_word' id='word_1_757' title='bbox 3040 4643 3111 4684; x_wconf 91' lang='lat' dir='ltr'>ex</span> <span class='ocrx_word' id='word_1_758' title='bbox 3169 4625 3507 4696; x_wconf 87' lang='lat' dir='ltr'>fornicaria,</span> 
     </span>
    </p>
   </div>
   <div class='ocr_carea' id='block_1_109' title="bbox 1862 4716 3511 4788">
    <p class='ocr_par' dir='ltr' id='par_1_109' title="bbox 1862 4716 3511 4788">
     <span class='ocr_line' id='line_1_109' title="bbox 1862 4716 3511 4788; baseline -0.004 -11"><span class='ocrx_word' id='word_1_759' title='bbox 1862 4726 1918 4778; x_wconf 88' lang='lat' dir='ltr'>et</span> <span class='ocrx_word' id='word_1_760' title='bbox 1981 4738 2218 4778; x_wconf 90' lang='lat' dir='ltr'>rursum</span> <span class='ocrx_word' id='word_1_761' title='bbox 2268 4720 2364 4776; x_wconf 89' lang='lat' dir='ltr'>hic</span> <span class='ocrx_word' id='word_1_762' title='bbox 2420 4719 2498 4776; x_wconf 88' lang='lat' dir='ltr'>ab</span> <span class='ocrx_word' id='word_1_763' title='bbox 2551 4717 2886 4788; x_wconf 87' lang='lat' dir='ltr'>alienigena</span> <span class='ocrx_word' id='word_1_764' title='bbox 2954 4717 3366 4782; x_wconf 87' lang='lat' dir='ltr'>descenderat,</span> <span class='ocrx_word' id='word_1_765' title='bbox 3416 4716 3511 4771; x_wconf 90' lang='lat' dir='ltr'>ille</span> 
     </span>
    </p>
   </div>
   <div class='ocr_carea' id='block_1_110' title="bbox 1862 4806 3510 4880">
    <p class='ocr_par' dir='ltr' id='par_1_110' title="bbox 1862 4806 3510 4880">
     <span class='ocr_line' id='line_1_110' title="bbox 1862 4806 3510 4880; baseline -0.004 -12"><span class='ocrx_word' id='word_1_766' title='bbox 1862 4827 2002 4868; x_wconf 90' lang='lat' dir='ltr'>vero</span> <span class='ocrx_word' id='word_1_767' title='bbox 2056 4811 2135 4869; x_wconf 93' lang='lat' dir='ltr'>ab</span> <span class='ocrx_word' id='word_1_768' title='bbox 2192 4810 2482 4868; x_wconf 86' lang='lat' dir='ltr'>adultera.</span> <span class='ocrx_word' id='word_1_769' title='bbox 2547 4808 2748 4880; x_wconf 90' lang='lat' dir='ltr'>Neque</span> <span class='ocrx_word' id='word_1_770' title='bbox 2831 4807 2992 4864; x_wconf 90' lang='lat' dir='ltr'>enim</span> <span class='ocrx_word' id='word_1_771' title='bbox 3059 4808 3255 4865; x_wconf 88' lang='lat' dir='ltr'>virtuti</span> <span class='ocrx_word' id='word_1_772' title='bbox 3313 4806 3510 4863; x_wconf 90' lang='lat' dir='ltr'>debito</span> 
     </span>
    </p>
   </div>
   <div class='ocr_carea' id='block_1_111' title="bbox 1862 4896 3511 4974">
    <p class='ocr_par' dir='ltr' id='par_1_111' title="bbox 1862 4896 3511 4974">
     <span class='ocr_line' id='line_1_111' title="bbox 1862 4896 3511 4974; baseline -0.004 -18"><span class='ocrx_word' id='word_1_773' title='bbox 1862 4903 2038 4958; x_wconf 89' lang='lat' dir='ltr'>nocet</span> <span class='ocrx_word' id='word_1_774' title='bbox 2084 4899 2533 4974; x_wconf 86' lang='lat' dir='ltr'>progenitorum</span> <span class='ocrx_word' id='word_1_775' title='bbox 2580 4896 2890 4969; x_wconf 87' lang='lat' dir='ltr'>iniquitas.</span> <span class='ocrx_word' id='word_1_776' title='bbox 2943 4896 3208 4970; x_wconf 85' lang='lat' dir='ltr'>Quisque</span> <span class='ocrx_word' id='word_1_777' title='bbox 3265 4896 3420 4952; x_wconf 88' lang='lat' dir='ltr'>enim</span> <span class='ocrx_word' id='word_1_778' title='bbox 3473 4910 3511 4951; x_wconf 89' lang='lat' dir='ltr'>a</span> 
     </span>
    </p>
   </div>
   <div class='ocr_carea' id='block_1_112' title="bbox 1864 5060 2065 5119">
    <p class='ocr_par' dir='ltr' id='par_1_112' title="bbox 1864 5060 2065 5119">
     <span class='ocr_line' id='line_1_112' title="bbox 1864 5060 2065 5119; baseline -0.01 0"><span class='ocrx_word' id='word_1_779' title='bbox 1864 5060 2065 5119; x_wconf 63' lang='lat' dir='ltr'>note.</span> 
     </span>
    </p>
   </div>
   <div class='ocr_carea' id='block_1_113' title="bbox 1933 5218 3509 5292">
    <p class='ocr_par' dir='ltr' id='par_1_113' title="bbox 1933 5218 3509 5292">
     <span class='ocr_line' id='line_1_113' title="bbox 1933 5218 3509 5292; baseline -0.003 -17"><span class='ocrx_word' id='word_1_780' title='bbox 1933 5220 2044 5292; x_wconf 75' lang='grc'>(10)</span> <span class='ocrx_word' id='word_1_781' title='bbox 2078 5220 2163 5276; x_wconf 90' lang='lat' dir='ltr'>Ita</span> <span class='ocrx_word' id='word_1_782' title='bbox 2215 5219 2518 5292; x_wconf 77' lang='lat' dir='ltr'>Chrysost.</span> <span class='ocrx_word' id='word_1_783' title='bbox 2562 5223 2619 5292; x_wconf 38' lang='grc' dir='ltr'>τε</span> <span class='ocrx_word' id='word_1_784' title='bbox 2662 5219 2755 5286; x_wconf 83' lang='lat' dir='ltr'>VI,</span> <span class='ocrx_word' id='word_1_785' title='bbox 2782 5220 2884 5274; x_wconf 74' lang='lat'>275</span> <span class='ocrx_word' id='word_1_786' title='bbox 2916 5219 2996 5274; x_wconf 85' lang='lat' dir='ltr'>A:</span> <span class='ocrx_word' id='word_1_787' title='bbox 3057 5218 3232 5280; x_wconf 84' lang='grc' dir='ltr'>Ούτως</span> <span class='ocrx_word' id='word_1_788' title='bbox 3271 5221 3295 5271; x_wconf 90' lang='grc' dir='ltr'>ό</span> <span class='ocrx_word' id='word_1_789' title='bbox 3338 5223 3509 5292; x_wconf 81' lang='grc' dir='ltr'>εἰσιὼν</span> 
     </span>
    </p>
   </div>
   <div class='ocr_carea' id='block_1_114' title="bbox 1782 5287 3503 5378">
    <p class='ocr_par' dir='ltr' id='par_1_114' title="bbox 1782 5287 3503 5378">
     <span class='ocr_line' id='line_1_114' title="bbox 1782 5287 3503 5378; baseline 0.001 -34"><span class='ocrx_word' id='word_1_790' title='bbox 1782 5313 1787 5338; x_wconf 91' lang='grc'>·.</span> <span class='ocrx_word' id='word_1_791' title='bbox 1841 5287 1948 5378; x_wconf 52' lang='grc' dir='ltr'>(εἰς</span> <span class='ocrx_word' id='word_1_792' title='bbox 1979 5287 2205 5378; x_wconf 70' lang='grc' dir='ltr'>γυναῖκα</span> <span class='ocrx_word' id='word_1_793' title='bbox 2234 5287 2530 5378; x_wconf 59' lang='grc' dir='ltr'>αλλότρίαν.</span> <span class='ocrx_word' id='word_1_794' title='bbox 2597 5291 2705 5378; x_wconf 75' lang='lat' dir='ltr'>Pro</span> <span class='ocrx_word' id='word_1_795' title='bbox 2743 5307 2866 5378; x_wconf 38' lang='lat' dir='ltr'>qu‘o</span> <span class='ocrx_word' id='word_1_796' title='bbox 2926 5295 3014 5378; x_wconf 60' lang='lat' dir='ltr'>est</span> <span class='ocrx_word' id='word_1_797' title='bbox 3056 5293 3230 5348; x_wconf 82' lang='lat' dir='ltr'>Prov.</span> <span class='ocrx_word' id='word_1_798' title='bbox 3278 5307 3348 5357; x_wconf 77' lang='grc' dir='ltr'>γι,</span> <span class='ocrx_word' id='word_1_799' title='bbox 3393 5291 3503 5346; x_wconf 85' lang='lat'>29:</span> 
     </span>
    </p>
   </div>
   <div class='ocr_carea' id='block_1_115' title="bbox 1867 5358 3094 5436">
    <p class='ocr_par' dir='ltr' id='par_1_115' title="bbox 1867 5358 3094 5436">
     <span class='ocr_line' id='line_1_115' title="bbox 1867 5358 3094 5436; baseline 0.006 -28"><span class='ocrx_word' id='word_1_800' title='bbox 1867 5358 2047 5436; x_wconf 66' lang='grc' dir='ltr'>Οὕτως</span> <span class='ocrx_word' id='word_1_801' title='bbox 2077 5367 2101 5436; x_wconf 84' lang='grc' dir='ltr'>ό</span> <span class='ocrx_word' id='word_1_802' title='bbox 2133 5358 2525 5436; x_wconf 69' lang='grc' dir='ltr'>εἰσελθὼνπρός</span> <span class='ocrx_word' id='word_1_803' title='bbox 2548 5358 2781 5436; x_wconf 68' lang='grc' dir='ltr'>γυναῖκά</span> <span class='ocrx_word' id='word_1_804' title='bbox 2810 5358 3094 5436; x_wconf 81' lang='grc' dir='ltr'>ύπανδρον.</span> 
     </span>
    </p>
   </div>
   <div class='ocr_carea' id='block_1_116' title="bbox 1938 5429 2709 5506">
    <p class='ocr_par' dir='ltr' id='par_1_116' title="bbox 1938 5429 2709 5506">
     <span class='ocr_line' id='line_1_116' title="bbox 1938 5429 2709 5506; baseline 0 -18"><span class='ocrx_word' id='word_1_805' title='bbox 1938 5433 2049 5506; x_wconf 76' lang='grc'>(11)</span> <span class='ocrx_word' id='word_1_806' title='bbox 2075 5429 2318 5506; x_wconf 58' lang='grc' dir='ltr'>Ἐπειδὴ,</span> <span class='ocrx_word' id='word_1_807' title='bbox 2349 5429 2460 5506; x_wconf 66' lang='grc' dir='ltr'>ι)ξρ</span> <span class='ocrx_word' id='word_1_808' title='bbox 2491 5429 2618 5487; x_wconf 68' lang='grc' dir='ltr'>ἐπεί.</span> <span class='ocrx_word' id='word_1_809' title='bbox 2652 5433 2709 5488; x_wconf 92' lang='grc' dir='ltr'>Β.</span> 
     </span>
    </p>
   </div>
   <div class='ocr_carea' id='block_1_117' title="bbox 1937 5433 2795 5578">
    <p class='ocr_par' dir='ltr' id='par_1_117' title="bbox 1937 5433 2795 5578">
     <span class='ocr_line' id='line_1_117' title="bbox 1938 5433 2709 5578; baseline 0 -90"><span class='ocrx_word' id='word_1_810' title='bbox 1938 5433 2318 5578; x_wconf 65' lang='grc' dir='ltr'>(11)Ἐπειδή,</span> <span class='ocrx_word' id='word_1_811' title='bbox 2349 5433 2460 5504; x_wconf 76' lang='lat' dir='ltr'>prd</span> <span class='ocrx_word' id='word_1_812' title='bbox 2491 5435 2618 5487; x_wconf 67' lang='grc' dir='ltr'>ἐπεί.</span> <span class='ocrx_word' id='word_1_813' title='bbox 2652 5433 2709 5488; x_wconf 91' lang='grc' dir='ltr'>Β.</span> 
     </span>
     <span class='ocr_line' id='line_1_118' title="bbox 1937 5503 2795 5576; baseline 0.001 -17"><span class='ocrx_word' id='word_1_814' title='bbox 1937 5506 2028 5575; x_wconf 80' lang='grc'>(12</span> <span class='ocrx_word' id='word_1_815' title='bbox 2082 5503 2360 5563; x_wconf 85' lang='grc' dir='ltr'>Βηθσαϐεέ.</span> <span class='ocrx_word' id='word_1_816' title='bbox 2396 5503 2440 5559; x_wconf 90' lang='grc' dir='ltr'>ΙΙ</span> <span class='ocrx_word' id='word_1_817' title='bbox 2473 5506 2612 5576; x_wconf 81' lang='lat' dir='ltr'>Reg.</span> <span class='ocrx_word' id='word_1_818' title='bbox 2644 5520 2722 5575; x_wconf 72' lang='grc' dir='ltr'>ιι,</span> <span class='ocrx_word' id='word_1_819' title='bbox 2743 5504 2795 5560; x_wconf 88' lang='grc'>3.</span> 
     </span>
    </p>
   </div>
  </div>
