3976 6222
386 323 487 381 123

1696 323 2045 382 EUTHYMII
2085 310 2408 381 ZIGABENI

3638 338 3745 393 124

385 449 644 524 prOpriis
672 448 971 523 operibus,
1000 465 1120 507 non
1145 450 1218 507 ab
1238 450 1444 508 alienis
1465 450 1691 524 probus
1729 450 2025 523 judicatur

2136 452 2226 515 λὸς
2259 454 2289 512 ἦ
2325 452 2531 525 φαῦλος.
2597 458 2695 509 Καὶ
2751 458 2851 534 γὰρ
2900 462 2989 513 καὶ
3035 456 3129 513 διὰ
3178 466 3328 513 τόῦτο
3378 457 3523 520 ἦλθεν
3552 462 3578 515 ό
3613 471 3751 537 Χρι-

387 544 488 596 aut
526 540 858 613 improbus.
891 544 1039 596 Nam
1072 540 1149 597 ob
1192 541 1253 597 id
1292 541 1472 597 etiam
1523 541 1684 598 venit
1729 541 2023 597 Christus:

386 644 506 685 non
533 637 595 685 ut
626 635 829 687 nostra
862 630 1081 701 fugeret
1109 631 1456 703 opprobria,
1506 632 1607 687 sed
1638 635 1701 687 ut
1748 646 1821 688 ea
1851 632 2031 687 susci-

389 724 573 791 peret,
621 719 869 792 suisque
918 720 1233 777 virtutibus
1278 721 1611 792 perimeret.
1666 722 1734 775 Ut
1760 720 2028 776 medicus

385 824 650 881 namque
703 810 946 866 advenit
998 809 1281 874 Christus,
1340 826 1462 865 non
1522 814 1585 865 ut
1636 810 1839 881 judex.
1903 810 2030 865 Hzec

385 898 565 967 igitur
589 899 783 969 prima
806 904 1125 954 estcausa.
1159 899 1349 954 Altera
1377 914 1535 965 vero,
1578 898 1717 970 quia
1750 914 1821 955 eo
1864 898 2030 970 quod

383 987 573 1043 Judaei
602 988 852 1053 virtutis,
886 1004 1020 1060 quae
1048 989 1203 1043 circa
1234 988 1496 1043 animam
1537 992 1825 1053 versatur,
1866 987 2033 1044 nulla

384 1076 589 1132 habita
627 1092 785 1141 cura,
842 1077 915 1132 de
946 1077 1421 1147 progenitoribus
1464 1076 1785 1148 plurimum
1821 1076 2029 1145 gloria-

386 1165 625 1229 bantur,
650 1165 1359 1237 generositatemillorum
1386 1181 1625 1220 sursum
1639 1181 1707 1221 ac
1749 1166 2032 1221 deorsum

386 1253 913 1310 circumferentes:
998 1254 1265 1325 reprimit
1343 1260 1641 1310 tumorem
1712 1254 2028 1326 ipsorum:

386 1342 712 1397 ostendens
738 1343 910 1398 etiam
945 1342 1074 1398 illos
1114 1359 1184 1398 ex
1224 1342 1543 1411 illegitimis
1563 1346 1734 1399 natos
1785 1342 2028 1414 nuptiis.

388 1431 596 1487 Statim
628 1431 780 1486 enim
814 1431 1143 1502 patriarcha
1170 1447 1400 1493 eorum,
1447 1431 1719 1502 ejusdem
1773 1430 2034 1486 nominis

384 1519 589 1586 Judas,
625 1536 696 1575 ex
718 1535 786 1575 ea
818 1536 952 1592 quas
975 1520 1083 1575 sibi
1122 1520 1369 1575 scelesto
1400 1520 1583 1575 modo
1614 1519 1894 1591 copulata
1923 1524 2028 1585 est,

384 1610 824 1678 progenitorem
880 1609 1147 1680 ipsorum
1198 1608 1414 1664 Phares
1480 1614 1537 1664 et
1601 1612 1747 1665 Zara
1804 1609 2026 1678 genuit.

382 1696 568 1752 David
609 1713 851 1769 quoque
900 1697 994 1753 ille
1067 1697 1219 1753 adeo
1270 1696 1533 1761 celebris,
1610 1713 1681 1753 ex
1761 1697 2030 1754 adultera

2138 545 2277 607 στός,
2334 543 2438 617 οὐχ
2494 544 2579 597 ἱνα
2644 548 2779 619 φύγῃ
2838 550 2904 600 τὰ
2953 550 3177 623 ἡμέτερα
3229 546 3426 620 ὀνείδη,
3486 551 3591 604 ἁλλ’
3655 557 3747 607 ἵνα

2138 627 2357 716 δέξηται
2411 642 2596 705 ταῦτα,
2646 642 2737 689 καὶ
2788 637 2936 710 ἀνέλῃ
2996 635 3090 691 διὰ
3138 647 3236 691 τῶν
3290 645 3471 693 ἑαυτοῦ
3522 641 3745 716 ἀρετῶν.

2129 708 2221 784 Ὠς
2277 722 2454 796 ἰατρὸς
2503 727 2626 800 γὰρ,
2668 724 2773 797 οὐχ
2844 708 2922 787 ὡς
2962 732 3165 800 κριτὴς,
3222 708 3564 803 παραγέγονεί
3628 735 3747 784 Μία

2136 811 2225 883 μέν
2273 809 2361 864 οὖν
2415 814 2545 871 αὕτη
2607 814 2770 867 αἰτία.
2827 819 3045 888 Δευτέρα
3097 813 3176 885 δὲ,
3226 819 3326 885 ὅτι,
3383 816 3561 878 ἐπειδὴ
3615 819 3744 872 Ἰου-

2139 898 2282 953 δαῖοι
2316 909 2413 964 τῆς
2441 906 2576 955 κατά
2620 903 2806 975 ψυχὴν
2861 903 3043 977 ἀρετῆς
3101 904 3417 978 ἀμελοῦντες,
3472 913 3606 980 μέγα
3653 908 3743 962 ἐπὶ

2137 990 2247 1052 τοὶς
2301 996 2576 1063 προγόνοις
2659 992 2973 1066 ἐκόμπαζον,
3026 998 3120 1053 τὴν
3205 995 3455 1067 εὐγένειαν
3534 997 3743 1050 ἐκείνων

2137 1080 2241 1130 ἅνω
2299 1086 2387 1132 καὶ
2450 1084 2591 1133 κάτω
2664 1087 3038 1159 περιφέροντες,
3109 1084 3441 1137 καταστέλλει
3514 1090 3574 1137 τό
3646 1088 3745 1158 φύ-

2141 1186 2288 1240 σημα
2338 1172 2555 1237 τούτων,
2605 1166 2871 1237 δεικνύων,
2936 1174 3016 1224 ὅτι
3070 1174 3297 1225 κάκεῖνοι
3336 1173 3390 1225 ἐκ
3427 1180 3744 1249 παρανόμων

2137 1260 2317 1330 γάμων
2383 1257 2629 1329 ἐγένοντο.
2699 1260 2894 1313 Αὐτίκα
2948 1264 3046 1335 γὰρ
3098 1263 3123 1313 ὁ
3178 1264 3521 1335 πατριάρχης
3571 1263 3746 1315 αὐτῶν

2139 1350 2227 1397 καὶ
2280 1348 2549 1418 ὁμώνυμος
2612 1346 2834 1418 Ἰούδας,
2900 1350 2956 1413 ἐξ
3011 1350 3420 1422 ἀθεμιτογαμίας
3473 1356 3558 1404 τόν
3614 1358 3746 1425 πρό-

2137 1454 2286 1505 γονον
2339 1435 2507 1487 αὐτῶν
2570 1437 2729 1511 Φαρὲς
2786 1443 2874 1490 καὶ
2920 1443 3007 1491 τὸν
3064 1442 3209 1513 Ζαρὰ
3256 1438 3587 1512 ἀπεγεννησε.
3635 1446 3743 1494 Καὶ

2139 1525 2164 1575 ό
2192 1522 2498 1597 περιϐόητος
2540 1521 2598 1577 δὲ
2651 1526 2762 1598 (13)
2804 1525 2990 1593 Δαυῖδ,
3051 1527 3105 1580 ἔκ
3158 1534 3402 1601 μοιχείας
3447 1532 3531 1581 τόν
3592 1529 3746 1582 Σολο-

2137 1620 2328 1683 μῶντα.
2390 1618 2488 1666 Καὶ
2542 1614 2718 1667 λοιπόν
2775 1618 2944 1688 μάτην
2999 1616 3084 1669 ἐπὶ
3132 1625 3235 1678 τοῖς
3279 1622 3549 1691 προγόνοις
3581 1637 3743 1689 μεγα-

2136 1701 2448 1773 λαυχοῦσιν.
2483 1701 2646 1774 Οἶμαι
2697 1706 2797 1778 γὰρ
2837 1702 2928 1757 διὰ
2955 1710 3047 1763 τὴν
3100 1706 3268 1758 αἰτίαν
3322 1707 3509 1779 μᾶλλον
3540 1709 3741 1763 ταύτην

384 1786 765 1841 Solomonem
807 1786 1128 1855 generavit.
1162 1789 1358 1841 Restat
1400 1786 1619 1858 itaque,
1652 1801 1874 1841 vanam
1900 1801 2025 1840 esse

2138 1794 2551 1863 μνημονευθῆναι
2607 1799 2696 1845 καὶ
2751 1798 2871 1855 τούς
2942 1791 3190 1867 ἀδελφοὺς
3250 1802 3341 1847 τοῦ
3403 1791 3601 1851 Ἰούδα.
3672 1795 3744 1847 Οἱ

381 1874 455 1929 de
478 1874 1049 1945 primogenitoribus
1066 1874 1434 1944 jactantiam.
1473 1876 1696 1947 Opinor
1732 1880 1930 1930 autem
1951 1874 2027 1930 ob

381 1962 540 2016 hanc
569 1962 746 2016 etiam
788 1962 1169 2031 potissimum
1201 1978 1471 2027 causam,
1506 1962 1756 2019 fratrum
1786 1978 2025 2035 quoque

380 2050 545 2105 ludas
565 2050 1197 2115 meminisse.Quatuor
1225 2050 1383 2106 enim
1402 2051 1667 2122 ipsorum
1688 2052 1760 2107 ab
1793 2051 2024 2107 ancillis

380 2137 565 2193 Jacob
594 2138 715 2193 nati
749 2142 905 2207 sunt,
948 2143 1004 2193 et
1058 2142 1281 2194 tamem
1327 2138 1473 2194 nulli
1530 2155 1736 2195 eorum
1792 2142 2024 2209 generis

381 2227 573 2283 obfuit
600 2226 968 2292 differentia;
999 2242 1208 2283 omnes
1240 2243 1503 2300 namque
1545 2228 1808 2284 similiter
1838 2234 1893 2285 et
1930 2246 2028 2301 pa-

382 2316 651 2371 triarchas
697 2315 954 2380 fuerunt,
984 2321 1042 2371 et
1096 2316 1291 2388 capita
1338 2317 1618 2373 tribuum.
1669 2317 1860 2374 Tertia
1884 2334 2025 2375 vero

382 2421 568 2461 causa
580 2410 685 2470 est,
702 2405 862 2477 quod
883 2406 1159 2462 mulieres
1172 2406 1283 2461 illae
1298 2406 1741 2477 fueruntligura
1756 2407 2025 2464 Ecclesiae

382 2510 513 2566 quas
552 2509 619 2549 ex
673 2494 947 2564 gentibus
991 2499 1353 2565 congregata
1377 2500 1483 2551 est.
1510 2497 2025 2561 Quemadmodum

381 2583 542 2640 enim
578 2583 706 2639 illas
732 2584 983 2639 diversis
1008 2584 1307 2656 subiectas
1335 2586 1592 2658 peccatis
1620 2586 1727 2642 viri
1763 2587 2026 2658 praedicti

380 2674 678 2729 duxerunt
705 2692 717 2731 :
752 2672 829 2729 ita
856 2688 1097 2746 quoque
1114 2674 1377 2729 Christus
1393 2675 1725 2731 humanam
1749 2681 2026 2732 naturam

379 2762 555 2818 variis
587 2777 939 2833 oppressam
969 2763 1252 2834 peccatis,
1278 2763 1389 2819 sibi
1414 2764 1526 2836 ipsi
1548 2764 1750 2819 univit.
1788 2768 1851 2821 Et
1882 2766 2028 2822 sicut

379 2867 565 2923 genus
613 2850 821 2906 talium
883 2850 1200 2906 mulierum
1270 2866 1657 2923 nequaquam
1711 2853 2024 2923 indignum

378 2937 694 3009 reputavit,
764 2938 846 2993 ita
915 2954 1024 2993 nec
1102 2938 1367 2993 Ecclesia
1436 2954 1641 2995 secum
1704 2939 2027 3011 desponsa-

380 3026 628 3082 tionem.
721 3026 906 3082 Simul
997 3042 1240 3099 quoque
1316 3043 1422 3100 per
1486 3028 1628 3085 talia
1714 3028 2022 3093 docemur,

378 3130 501 3205 non
554 3114 627 3170 de
670 3115 1120 3188 progenitorum
1168 3118 1445 3188 peccatis,
1499 3117 1603 3173 sed
1654 3118 1723 3174 de
1765 3118 2023 3191 propriis
2055 3151 2094 3205 ρ

378 3204 727 3260 erubescere
758 3220 771 3259 :
809 3220 999 3276 neque
1028 3205 1101 3260 de
1124 3206 1455 3277 majoribus
1476 3206 1735 3278 gloriari,
1758 3208 1863 3263 sed
1891 3223 2023 3280 pro-

378 3293 522 3365 priae
553 3308 754 3350 curam
776 3293 995 3350 habere
1026 3294 1279 3352 virtutis.
1316 3298 1515 3369 Neque
1558 3298 1715 3353 viros
1755 3299 2025 3369 egregios

378 3383 597 3439 talibus
620 3383 930 3456 copulatos
947 3384 1172 3457 nuptiis
1189 3391 1428 3457 propter
1458 3386 1804 3457 bujusmodi
1828 3386 2026 3443 matri-

377 3472 580 3527 monia
619 3472 1007 3544 vilipendere.
1075 3476 1271 3545 Neque
1326 3490 1429 3530 eos
1476 3475 1778 3547 repellere,
1834 3476 1936 3547 qui
1990 3491 2026 3532 a

377 3558 623 3614 diversis
651 3559 1066 3630 iniquitatibus
1098 3561 1176 3615 ad
1206 3560 1381 3616 ﬁdem
1425 3563 1737 3618 accedunt.

449 3665 608 3719 Vers.
634 3667 687 3719 3.
731 3664 950 3721 Phares
1000 3671 1211 3721 autem.
1248 3697 1317 3707 —
1372 3666 1439 3719 V.
1504 3670 1587 3723 11.
1627 3668 2020 3739 Babylonica.

377 3754 627 3817 Quartus
697 3756 851 3808 certe
935 3754 1161 3822 Regum
1254 3754 1396 3810 liber
1475 3756 1521 3792 ¹²
1580 3772 1650 3811 ac
1725 3758 2021 3813 secundus

374 3840 877 3913 Paralipomenon
895 3842 1082 3912 ",tres
1107 3843 1278 3899 Josias
1299 3843 1452 3900 ﬁlios
1469 3846 2018 3917 ponuntJoacham,

373 3929 747 4000 Joacim,qui
778 3936 832 3986 et
872 3929 1113 3986 Eliacim
1170 3933 1520 4000 vocabatur,
1568 3950 1639 3990 ac
1692 3934 2020 4005 Sedeciam,

376 4017 478 4092 qui
535 4022 592 4074 et
645 4018 997 4074 Matthanias
1068 4018 1381 4077 dicebatur
1428 4038 1441 4088 ;
1496 4023 1570 4078 ab
1625 4039 1746 4079 uno
1820 4029 2021 4082 autem

373 4106 613 4173 horum,
669 4114 813 4179 puta
865 4108 1176 4180 Joacham,
1247 4109 1625 4167 descendisse
1674 4113 2018 4171 Jechoniam

376 4196 605 4254 dicunt.
663 4196 833 4251 Liber
889 4203 1091 4253 autem
1150 4198 1346 4255 Esdra:
1417 4200 1764 4258 Jechoniam
1832 4203 2019 4259 ﬁlium

2136 1879 2384 1954 τέσσαρες
2425 1884 2522 1955 γὰρ
2569 1881 2735 1933 αὐτῶν
2779 1881 2878 1934 ἀπὸ
2939 1880 3198 1935 δουλίδων
3246 1891 3316 1953 τῷ
3355 1882 3539 1937 Ἰακὼϐ
3589 1882 3743 1954 ἐγεν-

2135 1971 2390 2039 νήθησαν,
2435 1975 2524 2022 καὶ
2586 1972 2719 2042 ὅμως
2784 1970 2877 2023 οὐκ
2939 1970 3154 2043 ἔϐλαψεν
3212 1968 3399 2025 οὐδένα
3449 1975 3639 2024 τούτων
3706 1974 3738 2030 ἠ

2135 2066 2226 2111 τοῦ
2277 2061 2456 2129 γένους
2530 2055 2777 2132 διαφορά.
2851 2063 3038 2121 Πάντες
3092 2064 3191 2134 γὰρ
3265 2062 3455 2133 ὁμοίως
3506 2059 3744 2130 ἐγένοντο

2135 2152 2223 2200 καὶ
2270 2151 2621 2223 πατριάρχαι,
2673 2154 2762 2201 καὶ
2810 2149 3091 2222 φύλαρχοι,
3145 2154 3304 2224 Τρίτη
3358 2146 3415 2202 δε
3466 2149 3625 2215 αἰτία,
3659 2154 3746 2200 ὅτι

2136 2238 2190 2290 αἰ
2226 2245 2461 2308 γυναῖκες
2517 2236 2722 2309 ἐκεῖναι,
2780 2242 2935 2298 τύπος
2994 2236 3127 2297 ἦσαν
3178 2247 3267 2299 τῆς
3313 2237 3367 2301 ἐξ
3418 2237 3569 2290 ἐθνῶν
3615 2238 3741 2290 Ἐκ-

2135 2327 2368 2387 κλησίας.
2430 2325 2629 2400 Ὠσπερ
2678 2329 2776 2400 γὰρ
2834 2327 3045 2391 ἐκείνας,
3100 2324 3369 2402 διαφόροις
3416 2327 3743 2400 ἁμαρτήμα-

2138 2435 2219 2468 σιν
2289 2417 2641 2487 ὑποκειμένας,
2700 2419 2748 2469 οἱ
2824 2412 3133 2477 δηλωθέντες
3198 2413 3385 2490 ἄνδρες
3451 2416 3736 2487 ἠγάγοντο·

2135 2504 2269 2557 οὕτω
2299 2510 2388 2556 καὶ
2418 2506 2442 2556 ὁ
2478 2508 2704 2579 Χριστὸς
2750 2509 2842 2563 τήν
2883 2504 3203 2579 ἀνθρωπίνην
3252 2508 3429 2577 φύσιν,
3464 2501 3740 2579 διαφόροις

2136 2593 2502 2667 ἁμαρτήμασιν
2577 2594 2960 2663 ὑποπεσοῡσαν,
3036 2596 3305 2669 ἠρμοσατο
3381 2594 3563 2663 ἑαυτῷ.
3630 2598 3742 2646 Καὶ

2136 2684 2308 2755 ὥσπερ
2357 2685 2415 2735 τὸ
2470 2686 2608 2754 γένος
2658 2690 2754 2734 τῶν
2818 2685 3062 2735 τοιούτων
3138 2691 3395 2754 γυναικῶν
3449 2682 3539 2734 οὒκ
3591 2680 3742 2739 ἀπη-

2137 2771 2318 2833 ξίωσεν
2361 2792 2373 2804 ’
2420 2774 2580 2833 οὕτως
2622 2768 2743 2824 οὐδὲ
2790 2776 2882 2830 τὴν
2932 2779 3026 2833 τῆς
3066 2771 3376 2833 Ἐκκλησίας
3422 2773 3737 2842 νύμφευσιν.

2133 2859 2277 2933 Ἀμα
2306 2857 2365 2912 δὲ
2414 2865 2503 2911 καὶ
2554 2856 2919 2933 διδασκόμεθα
2968 2857 3061 2913 διὰ
3102 2868 3200 2913 τῶν
3244 2862 3507 2925 τοιούτων,
3542 2862 3610 2930 μὴ
3647 2857 3738 2911 ἐπὶ

2136 2956 2249 3011 ταῖς
2280 2956 2378 3000 τῶν
2426 2954 2688 3022 προγόνων
2737 2949 3037 3023 ἁμαρτίαις,
3090 2949 3195 3002 ἀλλ’
3244 2947 3327 3001 ἐπὶ
3374 2954 3489 3009 ταῖς
3520 2947 3743 3009 οἰκείαις

2135 3038 2509 3109 αἰσχύνεσθαι,
2563 3035 2701 3110 μηδὲ
2752 3042 2886 3110 μέγα
2934 3046 3129 3113 φρονεῖν
3179 3037 3262 3089 ἐπὶ
3310 3041 3601 3109 προγόνοις,
3630 3034 3742 3087 ἀλλ’

2136 3127 2326 3188 οἰκείας
2380 3126 2735 3198 ἐπιμελεῖσθαι
2797 3126 2984 3200 ἀρετῆς
3035 3149 3046 3161 ·
3099 3123 3236 3198 μηδὲ
3299 3125 3563 3198 φαυλίζειν
3616 3128 3749 3185 τοὺς

2136 3216 2234 3269 ἀπὸ
2294 3214 2707 3288 διαϐεϐλημένων
2773 3219 2951 3287 γὰμων
3026 3215 3291 3289 ἐναρέτους
3346 3217 3741 3286 γεγενημένους,

2134 3302 2272 3379 μηδὲ
2338 3307 2695 3380 παρωθεῖσθαι
2746 3306 2861 3365 τούς
2918 3303 2972 3357 ἐκ
3031 3301 3291 3379 διαφόρων
3354 3303 3742 3375 ἁμαρτημάτων

2132 3403 2194 3467 τῇ
2227 3399 2404 3447 πίστει
2433 3398 2901 3468 προσερχομένους.

2205 3674 2360 3745 Φαρὲς
2427 3701 2495 3712 -
2554 3669 2866 3731 Βαϐυλῶνος.
2945 3668 3002 3721 Ἠ
3085 3671 3175 3741 μὶν
3252 3669 3469 3743 τετάρτη
3557 3666 3744 3740 βίϐλος

2130 3769 2230 3813 τῶν
2288 3758 2564 3812 Βασιλειών
2622 3764 2711 3811 καὶ
2754 3760 2782 3817 ἡ
2841 3754 3061 3832 δευτέρα
3117 3766 3216 3809 τῶν
3274 3756 3740 3830 Παραλειπομένων

2130 3856 2267 3925 τρεῖς
2312 3851 2457 3911 υἱοὺς
2503 3851 2771 3922 ἱστοροῦσι
2810 3854 2899 3900 τοῦ
2951 3851 3173 3912 Ἰωσίου,
3216 3849 3301 3898 τόν
3354 3845 3590 3916 ’ῐωάχαζ
3641 3850 3740 3897 καὶ

2128 3943 2215 3990 τὸν
2268 3937 2524 4009 Ἰωακεὶμ,
2580 3938 2630 3997 ὃς
2685 3940 2775 3988 καὶ
2848 3935 3106 4007 Ἐλιακεὶμ
3180 3934 3429 4001 ἓκαλεῖτο,
3498 3940 3591 3985 καῖ
3647 3937 3742 3985 τόν

2131 4023 2392 4096 Σεδεκίαν,
2439 4026 2488 4086 ὃς
2536 4030 2623 4078 καὶ
2670 4026 2969 4085 Ματθανίας
3026 4022 3239 4094 ἐλέγετο,
3292 4022 3400 4083 ἑνὸς
3430 4018 3487 4075 δὲ
3516 4025 3735 4086 τούτων,

2131 4124 2221 4169 τοῦ
2274 4115 2510 4187 Ἰωακεὶμ
2567 4116 2696 4186 (13⁸)
2746 4113 3157 4185 ἀπογεννηθῆναι
3209 4115 3294 4163 τὸν
3350 4111 3597 4182 Ἰεχονίαν
3638 4127 3651 4139 δ
3701 4112 3735 4168 ἡ

2132 4202 2191 4257 δε
2237 4212 2328 4257 τοῦ
2372 4204 2539 4277 Ἔσρα
2592 4202 2787 4275 βίϐλος,
2857 4206 2943 4253 τὸν
2994 4201 3265 4273 Ἰεχονίαν,
3307 4202 3417 4251 υἱὸν
3463 4201 3589 4251 εἶναι
3641 4206 3741 4250 τοῦ

374 4286 550 4343 Josias
615 4285 801 4342 fuisse
874 4286 1033 4357 dicit,
1107 4288 1257 4343 sicut
1323 4293 1380 4345 et
1431 4304 1695 4361 prmsens
1768 4307 2023 4363 evange-

2136 4294 2331 4347 Ἰωσίου
2386 4298 2565 4365 φησιν,
2624 4294 2797 4365 ὥσπερ
2857 4295 2947 4342 καὶ
3012 4292 3036 4341 ό
3094 4294 3270 4360 παρὼν
3340 4287 3739 4359 εὐαγγελιστής,

376 4374 532 4432 lista.
563 4374 715 4442 Quid
738 4391 879 4446 ergo
929 4375 1250 4431 dicemus?
1305 4377 1477 4442 Quod
1533 4394 1713 4450 quem
1764 4380 1844 4437 illi
1889 4382 2024 4439 Joa-

377 4464 551 4521 cham
603 4465 903 4533 dixerunt,
952 4464 1049 4521 hic
1102 4466 1452 4522 Jechoniam
1494 4469 1794 4541 appellat;
1855 4472 2024 4528 bino-

376 4554 553 4609 minis
579 4557 729 4611 enim
760 4559 902 4620 erat,
934 4554 1079 4611 sicut
1107 4560 1160 4612 et
1195 4555 1406 4611 fratres
1456 4559 1566 4613 sui.
1602 4558 1829 4617 Etenim
1870 4578 2025 4634 quae-

378 4657 614 4714 cunque
640 4642 722 4698 illi
756 4644 911 4699 circa
957 4644 1246 4699 Joacham
1303 4645 1598 4716 dixerunt,
1654 4649 1781 4705 haec
1820 4654 2025 4709 omnia

378 4730 575 4787 Esdraa
627 4731 775 4786 liber
816 4730 1245 4789 invariabiliter
1286 4735 1360 4791 de
1411 4736 1692 4793 Jechonia
1744 4739 1928 4796 dixit:
1970 4746 2025 4798 et

376 4819 542 4892 quod
573 4826 826 4876 matrem
846 4818 1054 4877 habuit
1087 4823 1341 4889 Amitad,
1401 4824 1586 4882 filiam
1624 4829 1922 4885 Jeremiae:
1969 4834 2025 4887 et

379 4908 544 4982 quod
604 4910 804 4981 viginti
833 4910 1014 4967 trium
1044 4926 1345 4969 annorum
1383 4919 1527 4987 erat,
1582 4932 1720 4973 cum
1771 4933 2023 4989 regnare

450 5088 496 5124 ¹²
520 5088 593 5146 IV
616 5088 764 5162 Reg.
796 5105 939 5148 χχιι.
965 5091 1011 5128 ¹³
1039 5090 1086 5147 II
1115 5091 1307 5151 Paral.
1335 5107 1531 5149 xxxvx.

2131 4389 2193 4435 Τί
2232 4380 2318 4435 οὖν
2358 4381 2566 4455 ἐροῦμεν
2600 4380 2760 4446 ;”Οτι
2807 4382 2860 4432 ὄν
2906 4378 3092 4431 ἐκεῖναι
3122 4374 3261 4430 εἶπον
3315 4376 3567 4448 Ἰωάχαζ,
3606 4383 3745 4427 τοῦ-

2131 4492 2217 4525 τον
2261 4472 2393 4529 αὕτη
2427 4476 2582 4542 φησὶν
2634 4470 2901 4540 Ἰεχονίαν,
2955 4474 3217 4539 Διώνυμος
3270 4467 3371 4538 γὰρ
3428 4462 3509 4533 ἧν,
3559 4465 3743 4537 ὥσπερ

2133 4567 2221 4613 καὶ¹
2252 4564 2299 4613 οἱ
2330 4556 2542 4631 ἀδελφοὶ
2587 4554 2765 4612 αὐτοῦ.
2818 4562 2917 4610 Καὶ
2954 4558 3078 4629 γὰρ,
3125 4555 3252 4630 άπερ
3302 4555 3493 4627 ἔφασαν
3548 4554 3752 4605 ἐκεῖναι

2132 4652 2427 4725 παράσημα
2482 4656 2572 4699 τοῦ
2641 4646 2895 4718 ’ῐωάχαξ,
2950 4652 3117 4697 ταῦτα
3172 4647 3371 4718 εἴρηκεν
3427 4640 3751 4713 ἀπαραλλά-

2134 4740 2323 4801 κτωςῆ
2366 4745 2457 4790 τοῦ
2487 4736 2659 4810 Ἕσρα
2690 4734 2871 4809 βίϐλος
2920 4737 3086 4786 πάντα
3137 4732 3220 4785 ἐπὶ
3259 4741 3330 4803 τῷ
3380 4732 3628 4802 Ἰεχονίᾳ,
3661 4732 3756 4783 ὅτι

2133 4848 2187 4881 τε
2217 4832 2419 4903 μητέρα
2454 4823 2564 4899 εἶχε
2595 4829 2688 4884 τὴν
2730 4819 2955 4897 Ἀμιτὰδ
3005 4827 3137 4894 (l5),
3183 4823 3440 4895 θυγατέρα
3467 4818 3751 4892 Ἰερεμίου,

2136 4924 2225 4971 καὶ
2280 4918 2357 4971 ὅτι
2413 4919 2577 4970 εἴκοσι
2630 4918 2720 4967 καὶ
2772 4921 2926 4989 τριῶν
2982 4911 3104 4965 ὶτῶν
3154 4910 3476 4976 ἐϐασίλευσε,
3533 4911 3623 4959 καὶ
3667 4910 3761 4962 ὃτι

1553 5272 1770 5343 Varia
1816 5273 2145 5345 lectiones
2176 5280 2244 5344 et
2290 5280 2468 5343 noue

474 5442 563 5513 t3)
596 5444 675 5507 Δέ,
710 5440 944 5497 omittit.
979 5443 1047 5496 A.

477 5515 588 5588 13f)
604 5514 867 5588 γ’]ωάχαζ.
896 5514 964 5567 Α.

482 5582 579 5659 14)’
598 5582 840 5642 Videtur
868 5583 1161 5659 respicere
1192 5584 1213 5638 Ι
1244 5582 1445 5640 Esdraa
1470 5598 1528 5652 ιι,
1563 5588 1650 5644 32.
1675 5586 1773 5643 ubi
1801 5586 2038 5645 variant

2139 5443 2198 5499 in
2229 5442 2482 5518 nomine
2506 5440 2741 5518 ’ΔΙωάχαζ
2766 5444 2823 5518 et
2850 5438 3117 5518 Ἰεχονίαν.
3340 5506 3397 5518 m
3457 5505 3469 5517 .
3630 5508 3643 5518 -

2146 5588 2187 5645 ϐ
2214 5518 2326 5596 (15)
2370 5516 2428 5570 L.
2465 5515 2484 5567 Ι
2516 5506 2755 5586 mpii-at).
2792 5506 3040 5569 Sed'ibi
3068 5524 3310 5585 quoque
3339 5506 3473 5565 libri
3512 5508 3780 5570 variant

2194 5602 2348 5644 moi.
