3976 6222
278 345 359 406 125
1167 341 1535 403 COMMENT.
1577 340 1646 396 IN
1688 337 2130 396 MATTIUEUM.
2173 370 2241 380 —
2279 337 2438 396 CAP.
2487 333 2527 394 Ι.

3427 335 3534 394 126

271 484 378 549 τρεῖς
414 479 555 547 μόνους
591 482 751 547 μῆνας
814 471 1136 547 βασιλεύσας
1193 468 1435 535 ὶξεϐλήθη
1490 470 1635 542 παρὰ
1678 475 1756 520 τοί

1945 465 2172 538 spisset,
2224 467 2279 522 et
2333 465 2526 522 tribus
2581 466 2813 522 tantum
2866 458 3178 521 mensibus
3243 459 3532 532 regnavit.

268 571 427 637 Φαραω,
463 561 687 634 βασιλέως
730 562 1020 635 Αἰγὺπτου,
1057 565 1151 615 καὶ
1196 560 1444 631 κατήχθη
1484 554 1668 620 δοῦλος
1698 557 1770 619 εἰς

258 657 463 725 Αἴγυπτον
472 697 481 710 .

304 865 426 919 Ὠστε
470 865 632 919 λοὶπόν
689 866 860 941 ἕτερος
890 866 1146 938 Ἰεχονίας
1193 861 1274 931 ἦν,
1309 864 1335 916 ὁ
1365 864 1480 924 υἱὸς
1529 861 1768 933 Ἰωακεὶμ

246 957 345 1021 (lii),
375 951 543 1016 οὗτινος
574 952 696 1008 οὐδε
726 952 978 1028 ἀδελφοὺς
1005 951 1226 1026 οὐδεμία
1246 951 1428 1025 βίϐλος
1460 949 1760 1026 ἀνέγραψεν.

240 1042 355 1103 Εἰκὸς
384 1049 479 1115 (l7)
522 1042 595 1111 δε,
631 1047 764 1116 μετὰ
811 1049 869 1097 τὸ
913 1045 1377 1118 κατατροπωθῆναι
1410 1045 1527 1103 τοὺς
1557 1041 1763 1112 Αἰγυπ-

234 1136 340 1191 rimi;
400 1134 486 1184 ὑπό
548 1130 1049 1208 Ναϐουχοδονόσορ,
1111 1131 1368 1206 βασιλέως
1442 1129 1760 1196 Βαϐυλῶνος,

228 1223 539 1292 μετενεχθῆναι
608 1228 696 1275 καὶ
786 1227 872 1275 τὸν
956 1223 1228 1296 Ἰεχονίαν,
1315 1221 1387 1283 εἰς
1464 1218 1759 1285 Βαϐυλῶνα,

225 1314 293 1360 καὶ
342 1309 382 1361 ἐν
423 1313 574 1383 ταύτῃ
626 1318 876 1383 γεννῆσαι
922 1314 1008 1364 τὸν
1065 1308 1339 1368 Σαλαθιήλ.
1408 1308 1612 1371 Ἰωσίας
1680 1303 1760 1376 δε,

226 1401 368 1468 fratr,
423 1397 649 1470 ἰγίννησε
699 1403 786 1451 τὸν
863 1399 1114 1471 Ἰεχονίαν
1185 1403 1273 1451 καὶ
1330 1401 1449 1459 τοὺς
1507 1393 1761 1469 ἀδελφοὺς

221 1485 344 1537 αὐτοῦ
393 1486 470 1539 ἐπὶ
545 1496 636 1549 τῆς
699 1493 1028 1561 μετοικεσίας
1102 1487 1420 1548 Βαϐυλῶνος.
1481 1489 1581 1538 Καὶ
1634 1488 1757 1556 μήν,

1881 554 2116 628 Ejectus
2147 559 2236 611 est
2265 555 2421 611 enim
2455 555 2824 613 aPharaone
2853 569 2992 626 rege
3013 550 3270 627 Egypti,
3305 554 3362 608 et
3398 564 3534 623 cap-

1881 643 2034 700 tivus
2087 643 2368 715 migravit
2392 645 2454 700 in
2483 647 2825 716 Egyptum.

1948 870 2263 944 Reliquum
2328 875 2415 928 est
2458 871 2653 944 igitur,
2695 877 2759 927 ut
2797 871 2947 928 alius
2995 870 3166 927 fuerit
3208 868 3530 927 Jechonias

1873 958 2031 1015 ﬁlius
2079 962 2330 1026 Joacim,
2382 962 2553 1034 cujus
2602 962 2812 1018 fratres
2870 961 3065 1017 nullus
3115 960 3259 1016 liber
3311 960 3527 1032 posuit.

1874 1046 2200 1104 Verisimile
2217 1054 2302 1105 est
2323 1054 2520 1106 autem
2544 1055 2862 1122 postquam
2887 1048 3142 1122 [Egyptii
3160 1064 3194 1104 a
3220 1048 3532 1104 Nabucho-

1873 1135 2157 1204 donosor,
2175 1153 2310 1207 rege
2327 1139 2662 1211 Babylonis,
2692 1139 2878 1211 fugati
2907 1143 3064 1204 sunt,
3084 1137 3428 1193 translatum
3443 1153 3531 1192 es-

1873 1239 1935 1280 se
1952 1226 2362 1284 etJechoniam
2377 1227 2435 1282 in
2453 1227 2974 1300 Babylonem,etin
2993 1242 3062 1282 ea
3081 1226 3353 1296 genuisse
3368 1225 3530 1283 Sala-

1871 1312 2033 1370 thiel.
2064 1315 2268 1380 Josias,
2299 1317 2510 1388 inquit,
2533 1319 2726 1387 genuit
2747 1317 3087 1372 Jechom‘am
3105 1322 3158 1371 et
3175 1317 3388 1387 fratres
3404 1317 3531 1384 ejus

1867 1400 2483 1474 intransmigratione,
2516 1405 2885 1475 Babylonica.
2909 1407 2971 1459 Et
2995 1405 3240 1478 quidem
3262 1403 3369 1460 hos
3393 1408 3530 1460 ante

1867 1490 2208 1548 Iudaeorum
2224 1493 2286 1550 in
2310 1494 2706 1566 Babyloniam
2727 1500 2886 1549 trans
2901 1493 3310 1563 migrationem
3335 1491 3530 1548 Josias

220 1576 296 1643 πρὸ
351 1582 431 1636 τῆς
488 1575 556 1636 εἰς
613 1575 892 1628 Βαϐυλῶνα
946 1581 1273 1649 μετοικεσίας
1322 1583 1422 1628 τῶν
1470 1569 1756 1638 Ἰουδαίων,

1947 1585 2173 1640 nuerat.
2205 1583 2519 1655 Reliquum
2537 1586 2624 1638 est
2652 1597 2813 1653 ergo,
2837 1583 2991 1647 ut,in
3010 1579 3531 1650 transmigratione

216 1665 390 1725 τούτους
415 1665 440 1716 ὁ
486 1666 694 1728 Ἰωσίας
744 1665 1000 1738 ἐγέννησε.
1046 1669 1240 1720 Λοιπὸν
1287 1660 1375 1717 οὖν
1403 1667 1480 1727 τὸ,
1520 1662 1636 1714 Ἐπὶ
1663 1668 1758 1721 τῆς

216 1757 506 1822 μετοικεσίας,
539 1757 655 1807 ἀντί
687 1762 800 1822 τοῦ,
839 1753 1069 1814 Πλησίον
1098 1762 1191 1807 τοῦ
1227 1759 1413 1829 καιροῦ
1438 1760 1533 1813 τῆς
1581 1769 1758 1823 μετοι-

212 1846 373 1904 κισίας·
403 1843 772 1916 Ἐμνημόνευσε
801 1840 860 1896 δὲ
886 1849 977 1897 καὶ
1008 1852 1105 1896 τῶν
1137 1840 1368 1915 ἀδελφῶν
1399 1842 1582 1906 αὐτοῦ,
1615 1836 1757 1892 διότι

212 1935 280 1981 καὶ
330 1931 464 1983 αὗτοὶ
514 1934 701 1996 πάντες
747 1929 1040 2006 ἀμοιϐαδὸν
1076 1932 1434 1999 ἐϐασίλευσαν,
1466 1935 1552 1983 καὶ
1597 1947 1756 2002 μετῳ-

1868 1667 2140 1739 capiatur
2169 1686 2278 1743 pro
2309 1687 2379 1727 eo
2405 1672 2688 1744 quodest,
2713 1673 2870 1727 circa
2891 1675 3120 1742 tempus
3147 1669 3531 1738 transmigra-

1867 1753 2062 1812 tionis.
2080 1760 2592 1833 Meminitquoque
2604 1761 2853 1816 fratrum
2870 1759 2999 1830 ejus
3027 1774 3039 1813 :
3055 1773 3126 1814 eo
3138 1757 3300 1830 quod
3323 1771 3529 1813 omnes

1865 1843 1980 1916 ipsi
2019 1847 2284 1905 similiter
2307 1855 2728 1920 regnaverunt,
2756 1853 2812 1905 et
2835 1847 3055 1921 pariter
3079 1863 3115 1903 a
3136 1845 3530 1905 Nabuchodo-

1866 1946 2044 1990 nosor
2069 1936 2286 2008 captivi
2319 1936 2378 1992 in
2408 1936 2774 2009 Babylonem
2804 1934 3073 1992 translati
3095 1937 3251 1990 sunt.

207 2021 426 2077 κιο-θησαν
446 2026 530 2074 καὶ
556 2022 701 2074 οὗτοι
726 2023 826 2074 ὖπό
857 2019 1335 2096 Ναϐουχοδονόσορ
1367 2019 1699 2092 αἰχμάλωτοι
1728 2016 1802 2079 εἰς
1830 2019 2132 2082 Βαϐυλῶνα.

262 2109 351 2177 [Τί
375 2105 431 2161 δε
455 2110 568 2180 (18)
601 2108 797 2170 δήποτε
831 2114 965 2164 κατὰ
999 2117 1090 2170 τήν
1133 2114 1299 2184 μέσην
1329 2113 1524 2167 ταύτην
1562 2103 1756 2182 μερεδα

207 2203 316 2268 τρεῖς
357 2199 594 2273 παρέλιπε
644 2198 905 2273 βασιλεῖς,
964 2204 1049 2252 τόν
1119 2219 1173 2252 τε
1226 2207 1320 2252 τοῦ
1375 2200 1564 2271 Ἰωρὰμ
1620 2200 1753 2263 υιὸν,

205 2284 437 2355 Ὀχοζίαν,
472 2293 560 2341 καὶ
607 2292 696 2341 τὸν
744 2297 837 2342 τοῦ
883 2288 1136 2361 Ὀχοζίου
1171 2292 1302 2354 υίόν,
1336 2289 1502 2353 Ἰωὰς,
1543 2291 1632 2339 καὶ
1669 2290 1756 2338 τὸν

206 2380 276 2424 τοῦ
300 2375 432 2435 Ἰωὰς
465 2380 576 2428 υίόν
619 2377 757 2450 (19),
802 2378 1080 2450 Ἀμεσίαν;
1114 2377 1359 2450 Ἀμεσίας
1385 2379 1484 2451 γὰρ
1522 2375 1760 2448 ἔγεννησι

202 2465 269 2512 τὸν
319 2463 574 2538 ’Δζαρίαν,
636 2469 770 2520 κατὰ
829 2473 924 2525 τήν
993 2469 1242 2540 τετάρτην
1312 2474 1412 2518 τῶν
1474 2464 1758 2521 Βασιλειῶν

203 2547 370 2620 βίϐλον,
433 2553 484 2605 δν
537 2554 722 2617 Ὀξίαν
783 2558 814 2614 ἠ
870 2553 1088 2628 δευτέρα
1143 2564 1243 2608 τῶν
1301 2554 1760 2630 Παραλειπομένων

201 2640 418 2712 ὠνομασυ
475 2639 740 2716 διωνυμος
788 2645 892 2716 γὰρ
950 2645 1033 2702 ἦν.
1086 2651 1201 2707 Πῶς
1275 2640 1362 2696 οὖν
1414 2645 1440 2696 ὁ
1496 2644 1762 2703 Ματθαίὸς

203 2747 349 2797 φησιν,
403 2731 482 2783 ὅτι
531 2730 724 2805 Ἰωράμ
783 2730 1021 2803 ἐγέννησε
1071 2734 1158 2785 τὸν
1222 2730 1445 2799 Ὀζίανς
1509 2729 1613 2783 ἀλλ’
1683 2730 1762 2783 ὃτι

197 2817 271 2885 μεν
313 2817 490 2892 Ἰωρὰμ
545 2818 792 2891 ἐγέννησε
831 2823 916 2872 τὸν
983 2819 1183 2888 Ὀζίαν,
1239 2823 1308 2882 ὡς
1357 2819 1608 2892 ἀπόγονον
1666 2819 1760 2872 αὖ·

198 2911 273 2955 τοῦ
301 2907 417 2976 (ΞΟ),
463 2904 644 2967 δῆλονο
703 2905 798 2960 διὰ
839 2913 958 2961 τίνα
1007 2906 1065 2962 δε
1111 2909 1261 2981 λόγον
1305 2912 1355 2962 οἱ
1382 2915 1516 2984 τρεῖς
1543 2911 1762 2984 παρειά-

199 2993 355 3064 θησαν,
406 2998 469 3057 ὡς
523 3001 753 3070 εἴρηται,
787 2995 1043 3069 βασιλεῖς,
1093 2995 1266 3060 οὐδείς
1318 3018 1400 3050 πω
1449 2999 1561 3070 (21)
1599 3002 1762 3071 μέχρι

198 3087 269 3134 καὶ
305 3091 384 3134 νῦν
432 3081 561 3141 εἶπε.
598 3087 746 3138 Πάνυ
773 3088 876 3161 γὰρ
926 3088 1114 3162 ἄπορος
1147 3088 1174 3140 ὁ
1216 3086 1368 3159 λόγος
1410 3094 1589 3159 τοῖσγε
1627 3089 1762 3140 κατὰ

193 3171 268 3232 τὰς
294 3173 533 3249 ἡμετέρας
568 3177 770 3246 γενεὰς,
804 3177 885 3228 ὃτι
911 3172 1048 3248 μηδέ
1077 3184 1175 3228 τῶν
1200 3180 1301 3252 πρὸ
1332 3179 1477 3250 ἡμῶν
1504 3195 1584 3239 τις
1614 3176 1763 3230 ἔλυσε

194 3261 239 3308 τὸ
260 3261 358 3327 (22)
384 3263 721 3335 ζητούμενον.
750 3263 769 3334 ]

1933 2113 1975 2183 -1-
1993 2114 2308 2178 Quomodo
2325 2119 2524 2171 autem
2539 2115 2693 2170 circa
2707 2113 2968 2170 mediam
2983 2114 3140 2170 hanc
3170 2116 3392 2186 partem
3412 2116 3529 2168 tres

1865 2202 2143 2272 praeteriit
2168 2219 2361 2273 reges,
2391 2219 2606 2276 nempe
2637 2203 2974 2270 Ochosiam,
3004 2202 3188 2258 tilium
3217 2203 3440 2267 Joram,
3473 2205 3532 2258 et

1866 2290 2135 2347 Ochosiaa
2165 2291 2376 2359 ﬁlium,
2422 2295 2585 2360 Joas,
2621 2296 2678 2349 et
2718 2292 2907 2363 ipsius
2951 2293 3106 2356 Joas,
3133 2291 3323 2347 tilium
3355 2293 3530 2346 Ama-

1867 2379 2018 2436 siam
2032 2381 2060 2435 ?
2080 2381 2359 2436 Amasias
2378 2383 2536 2437 enim
2557 2381 2759 2452 genuit
2776 2381 3066 2446 Azariam,
3100 2396 3282 2452 quem
3309 2395 3527 2436 secun-

1867 2468 1981 2524 dus
2010 2469 2500 2542 Paralipomenon
2519 2471 2719 2528 Oziam
2740 2472 2787 2508 ³⁸
2814 2470 3180 2527 nominavit:
3202 2469 3527 2526 binominis

1870 2559 2028 2615 enim
2059 2565 2203 2617 erat.
2229 2561 2544 2626 Quomodo
2567 2576 2708 2630 ergo
2739 2562 3050 2617 Matthmus
3072 2561 3152 2617 ait
3176 2577 3188 2616 :
3212 2560 3410 2616 Joram
3430 2575 3526 2630 ge-

1868 2648 1996 2704 nuit
2040 2649 2236 2706 Oziam
2268 2651 2297 2706 ?
2335 2654 2483 2707 Nam
2533 2651 2698 2723 quod
2750 2652 2949 2707 Joram
3003 2649 3270 2720 genuerit
3325 2649 3526 2705 Oziam

1869 2742 2162 2811 tanquam
2209 2739 2570 2812 abnepotem
2617 2745 2720 2796 aut
2766 2744 3077 2812 posterum
3144 2753 3341 2808 suum,
3403 2753 3525 2794 non

1871 2832 2160 2900 tanquam
2190 2828 2390 2894 ﬁlium,
2435 2827 2820 2885 manifestum
2853 2831 2958 2884 est.
2990 2829 3119 2893 Qua
3148 2827 3320 2898 igitur
3344 2841 3528 2882 causa

1869 2919 1988 2972 tres
2019 2932 2208 2990 reges,
2238 2921 2299 2974 ut
2337 2918 2559 2974 dictum
2602 2921 2711 2985 est,
2747 2915 3129 2989 preetermissi
3158 2915 3297 2981 sint,
3325 2914 3526 2970 nullus

1870 3005 2150 3061 hactenus
2175 3005 2341 3062 dixit.
2366 3006 2539 3062 Valde
2553 3007 2710 3062 enim
2726 3004 3010 3078 perplexa
3025 3008 3113 3061 est
3130 3004 3282 3060 ratio
3307 3002 3399 3059 his
3421 3002 3526 3076 qui

1870 3093 2090 3149 nostris
2121 3094 2245 3150 nati
2283 3100 2420 3150 sunt
2466 3095 2857 3167 temporibus.
2903 3092 3256 3150 Reverentia
3303 3097 3524 3156 autem,

1868 3198 2053 3254 quam
2079 3197 2222 3251 erga
2251 3183 2510 3253 majores
2538 3188 2778 3238 nostros
2831 3183 3191 3247 habuerunt,
3241 3181 3302 3236 in
3341 3196 3525 3236 causa

1869 3270 1979 3327 fuit
2008 3276 2070 3326 ut
2098 3271 2176 3327 ab
2205 3271 2319 3327 hac
2349 3271 2730 3337 abstinerent,
2763 3271 3104 3342 quaestione.

250 3352 373 3400 Μετὰ
415 3346 473 3403 δε
524 3381 597 3392 -
663 3353 692 3403 ὁ
752 3352 1019 3424 λεγόμενος
1097 3359 1349 3428 Χριστός.
1419 3360 1756 3419 Καταντήσας

1945 3362 2098 3416 Vers.
2132 3361 2220 3415 12.
2253 3360 2327 3415 Et
2351 3367 2481 3430 post
2502 3390 2571 3401 —
2602 3359 2769 3415 Vers.
2805 3359 2892 3414 16.
2926 3358 3034 3424 Qui
3071 3359 3315 3414 vocatur
3355 3356 3524 3412 Chri-

194 3435 246 3495 εἰς
295 3441 374 3488 τὸν
417 3439 639 3512 Ἰωσὴφ,
673 3439 771 3492 οὐκ
825 3439 1014 3498 ἔστησε
1055 3445 1220 3514 μέχρι
1255 3445 1440 3496 τούτου
1471 3447 1557 3496 τὸν
1587 3444 1759 3515 λόγον,

193 3521 297 3575 ἄλλὰ
335 3530 671 3601 προσέθηκεν,
734 3530 814 3580 ὅτι
863 3533 950 3581 τὸν
985 3527 1155 3604 ἄνδρα
1200 3535 1427 3604 Μαρίας,
1467 3528 1760 3600 διδάσκων,

191 3612 254 3664 ὅτι
280 3610 363 3666 διὰ
419 3621 617 3674 ταύτην
668 3617 827 3670 αὐτὸν
879 3617 1289 3692 ἐγενεαλόγησεν.
1343 3620 1478 3674 Ἐπεὶ
1524 3620 1626 3695 γὰρ
1668 3621 1764 3675 οὐκ

192 3696 240 3755 iv
285 3704 392 3764 ἰθος
441 3705 867 3777 γενεαλογεῖσθαι
930 3715 1204 3780 γυναῖκας,
1265 3706 1614 3776 ἐσπούδασεν,
1681 3713 1764 3763 ἱνα

188 3793 262 3841 καὶ
302 3794 353 3843 τὸ
400 3795 508 3855 ἔθος
539 3794 769 3868 φυλάξῃ,
803 3801 892 3848 καὶ
941 3801 1128 3871 τρόπον
1158 3800 1323 3871 ἕτερον
1373 3795 1624 3874 ἀποδείξῃ
1677 3803 1760 3852 τὸν

188 3883 388 3951 Χριστὸν
435 3881 490 3934 ἐκ
523 3888 712 3954 γένους
764 3892 857 3936 τοῦ
905 3884 1141 3959 Ἀϐραὰμ
1179 3892 1390 3940 καὶτοῦ
1436 3885 1604 3941 Δαυίὸ
1628 3908 1759 3942 κατ-

186 3972 423 4039 αγόμενον.
479 3977 570 4025 Διὸ
632 3972 726 4024 καί
772 3972 1152 4044 γενεαλογησας
1199 3979 1284 4028 τὸν
1342 3986 1624 4052 μνηστῆρα
1670 3986 1761 4039 τῆς

185 4061 496 4132 Θωμητορος,
559 4057 597 4112 δ
602 4065 655 4114 ιά
723 4064 908 4114 τούτου
959 4065 1018 4114 τὸ
1075 4060 1500 4137 σπουδαζόμενον
1556 4063 1762 4120 ἀπέδει-

184 4140 271 4202 ξεν.
311 4144 442 4200 Ἐπεὶ
486 4151 595 4222 γὰρ
635 4150 664 4200 ὁ
694 4149 892 4222 Ἰωσὴφ
948 4149 1004 4202 ix
1034 4159 1126 4204 τοῦ
1171 4157 1350 4224 γένους
1395 4152 1594 4207 ἐκείνων
1640 4154 1760 4210 ἁπε-

188 4227 372 4303 δείχθη,
438 4234 731 4312 πρόδηλον,
816 4242 896 4290 ὅτι
975 4237 1161 4292 ἐκεῖθεν
1225 4246 1316 4293 καὶ
1394 4244 1424 4301 ἠ
1511 4250 1760 4306 Θεοτὸκος

187 4336 427 4416 effr/erm
485 4326 566 4378 Οὐ
618 4329 724 4398 γὰρ
772 4325 887 4389 ἐξῆν
941 4327 1177 4401 ἑτέρωθεν
1236 4331 1456 4402 ἄγεσθαι
1495 4341 1756 4406 μνηστῆν,

304 4414 330 4468 ἡ
381 4411 433 4464 ὶκ
461 4423 560 4476 τῆς
595 4414 786 4467 ἑαυτοῦ
832 4414 962 4487 φνλῆ
977 4437 1016 4486 ς’
1066 4421 1156 4469 καὶ
1187 4425 1284 4490 τῇς
1313 4420 1478 4482 αὐτῆς
1511 4429 1753 4496 “arma”,

1868 3453 2011 3506 stus.
2047 3449 2136 3504 Ad
2190 3449 2410 3521 Joseph
2475 3448 2818 3514 deveniens,
2874 3462 2996 3504 non
3047 3447 3111 3502 in
3164 3445 3282 3502 hoc
3336 3445 3524 3502 verbo

1870 3537 2072 3594 seriem
2131 3537 2488 3603 terminavit,
2543 3536 2647 3595 sed
2731 3535 2987 3602 addidit,
3057 3533 3252 3590 virum
3309 3533 3520 3600 Marias,

1870 3625 2093 3683 docens
2113 3642 2244 3692 nos,
2268 3627 2434 3699 quod
2451 3626 2525 3683 ob
2546 3626 2703 3683 hanc
2723 3625 2915 3696 ipsam
2947 3623 3344 3694 generationis
3366 3622 3524 3679 ordi-

1869 3730 2009 3771 nem
2034 3716 2354 3772 contexuit.
2374 3715 2521 3782 Quia
2541 3717 2697 3771 enim
2723 3715 2904 3771 moris
2925 3728 3046 3770 non
3064 3716 3190 3768 erat
3207 3711 3523 3768 mulierum

1869 3803 2251 3874 genealogias
2281 3819 2523 3875 ponere,
2557 3804 2804 3869 studuit,
2833 3807 2895 3859 ut
2932 3808 2988 3859 et
3013 3817 3232 3858 morem
3263 3804 3525 3856 servaret

1869 3896 1926 3948 et
1971 3892 2086 3949 alio
2137 3893 2320 3948 modo
2371 3893 2668 3949 Christum
2707 3892 3146 3948 demonstraret
3183 3906 3254 3946 ex
3307 3905 3523 3962 genere

1867 3980 2170 4037 Abraham
2202 3986 2257 4036 et
2295 3981 2476 4037 David
2515 3981 2898 4037 descendere.
2926 3981 3064 4036 Ideo
3095 3977 3296 4051 sponsi
3328 3978 3523 4033 Matris

1869 4069 1969 4124 Dei
1989 4068 2399 4139 genealogiam
2430 4070 2732 4126 contexuit
2764 4086 2778 4135 ;
2805 4075 2861 4125 et
2899 4085 3005 4141 per
3026 4069 3208 4133 hunc,
3235 4066 3400 4139 quod
3440 4065 3523 4121 in-

1870 4157 2175 4222 tendebat,
2206 4156 2658 4214 demonstravit.
2693 4161 2774 4213 Ex
2817 4173 2940 4230 quo
2983 4157 3135 4212 enim
3178 4154 3400 4226 Joseph
3447 4153 3522 4210 de

1869 4260 2084 4315 genere
2107 4245 2345 4302 illorum
2375 4261 2504 4302 esse
2525 4246 2970 4302 demonstratus
2998 4251 3105 4319 est,
3138 4243 3520 4300 manifestum

1866 4349 2104 4407 quoque
2156 4339 2265 4401 est,
2301 4334 2399 4390 Dei
2447 4337 2687 4392 Matrem
2742 4333 2882 4389 inde
2934 4333 3314 4388 descendere.
3372 4334 3520 4386 Nam

1866 4422 2108 4479 aliunde
2141 4437 2422 4494 sponsam
2463 4421 2680 4478 ducere
2707 4436 2821 4477 non
2853 4420 3088 4486 licebat,
3130 4420 3241 4475 nisi
3276 4433 3412 4490 quae
3451 4432 3520 4472 ex

184 4499 322 4549 εἰτουν
363 4507 697 4574 συγγενείας.
742 4500 943 4579 ⁴Δνὸ¹ρα
973 4501 1033 4558 δε
1081 4505 1243 4568 αὐτῆς
1289 4503 1396 4560 εἶπε
1424 4511 1510 4561 τὸν
1541 4515 1750 4583 Ἰωσὴφ,

1945 4511 2077 4567 dem
2094 4515 2280 4567 essset
2294 4510 2468 4575 tribu,
2483 4509 2812 4580 eademque
2829 4507 3080 4574 familia,
3113 4507 3260 4563 etita
3271 4521 3523 4562 consan-

182 4588 233 4645 ὣς
278 4600 576 4664 μνηστῆρα.
645 4597 747 4645 Καὶ
801 4594 904 4666 γὰρ
937 4599 1027 4646 καὶ
1077 4603 1299 4666 γυναῖκα
1353 4599 1546 4656 ταύτην
1593 4597 1752 4651 αὐτοῦ

236 4781 273 4818 ιι
303 4785 321 4839 l
350 4784 550 4844 Paral.
586 4801 732 4842 xxvi
763 4790 780 4843 ί
817 4787 930 4855 ;IV
957 4787 1103 4860 Reg.
1142 4806 1262 4858 xiv,
1287 4791 1379 4847 2t.

1863 4601 2100 4672 guinea.
2133 4600 2334 4672 Ipsum
2367 4604 2569 4656 autem
2596 4597 2839 4671 Ioseph,
2866 4598 3060 4653 virum
3109 4612 3349 4670 quoque
3391 4596 3521 4668 ejus

1347 4951 1573 5021 Varias
1621 4953 1950 5026 lectiones
1979 4965 2045 5024 et
2078 4966 2258 5025 notae

234 5085 334 5168 (ιϐ)
361 5085 692 5168 flentenius
701 5089 987 5168 Joachan}
998 5089 1322 5168 legendum
1340 5107 1473 5168 esse
1485 5095 1751 5168 suspica-

178 5159 271 5232 tur.
290 5159 408 5236 Sed
434 5164 692 5236 uterque
724 5160 920 5236 codex
955 5159 1085 5236 hici
1103 5163 1346 5236 Ἰωακείμ
1375 5159 1610 5222 habet.’
1638 5167 1752 5225 Va-

178 5231 305 5300 riant
326 5244 463 5286 vero
503 5231 692 5289 etiam
719 5232 780 5287 in
812 5232 909 5289 his
944 5231 1185 5290 duobus
1227 5231 1580 5293 nominibus
1609 5237 1749 5295 editi

178 5292 288 5354 libri
337 5308 432 5352 τῶν
490 5301 596 5377 o‘._
634 5302 700 5377 in
730 5303 824 5360 his
854 5319 996 5377 ergo
1053 5309 1247 5363 textus
1287 5305 1609 5366 Hebraicus
1638 5325 1747 5377 pro

337 5319 432 5352 των
490 5319 571 5355 υ.
637 5319 700 5358 In
731 5319 824 5360 n18
854 5319 996 5368 ergo
1053 5319 1247 5363 ιθιιιιε
1287 5319 1609 5366 nebraicus
1638 5325 1747 5368 Dl‘O

178 5325 288 5354 ιωη
337 5325 432 5352 των
490 5325 571 5355 υ.
637 5325 700 5358 In
731 5325 824 5360 ms
854 5325 996 5377 ergo
1054 5325 1247 5363 ιθιωε
1287 5325 1609 5366 neoraicus
1638 5325 1677 5382 p

177 5380 359 5427 norma
386 5388 528 5428 esse
563 5372 755 5430 debet.

237 5440 333 5511 (t7)
355 5444 579 5515 _Nescio
606 5460 715 5502 cur
753 5444 915 5502 dicat
951 5445 1104 5515 εἰκός,
1138 5463 1276 5505 cum
1316 5448 1398 5507 ita
1433 5449 1648 5508 diserte
1670 5449 1760 5509 le-

177 5518 327 5577 satur
348 5513 391 5567 ll
422 5515 644 5574 Parati.
683 5532 872 5573 xxxvi.
898 5516 952 5581 9,
989 5518 1072 5574 10.

234 5582 334 5654 (18)
361 5590 440 5654 Ai,
482 5587 726 5647 omittit.
756 5592 827 5645 Α.
854 5588 1051 5648 lalim
1077 5586 1156 5662 δε,
1189 5595 1325 5665 post
1353 5589 1570 5654 δήποτε.
1605 5595 1748 5660 Qua

1860 5115 2002 5156 vero
2030 5099 2128 5155 hic
2153 5098 2520 5164 inclusimus,
2551 5114 2621 5156 ea
2658 5097 2890 5169 cod.A.
2923 5097 2984 5154 in
3013 5100 3286 5169 margine
3317 5099 3513 5158 habet.

1859 5171 2044 5299 “199)
2085 5170 2269 5242 ναιεο
2329 5171 2604 5244 Ἀμασίας.
2659 5170 2774 5228 Sed
2802 5168 2864 5227 in
2889 5170 3005 5228 hoc
3042 5168 3286 5244 quoque
3328 5171 3517 5230 varia-

1888 5257 1978 5298 ur.

1954 5313 2044 5380 20)
2072 5311 2262 5380 Αὐτοῦ,
2290 5311 2521 5370 omittit.
2551 5312 2616 5368 A.

1955 5315 2022 5368 20
2072 5313 2262 5380 Αὐτοῦ,
2290 5313 2521 5370 omittit.
2551 5313 2616 5368 A.

1955 5382 2013 5438 21
2081 5387 2177 5437 Καὶ
2251 5387 2374 5456 ίχρι
2405 5391 2619 5442 τοῦνῦν.
2651 5387 2721 5441 Α.

1955 5313 2046 5525 22ξ
2090 5457 2160 5508 Τὸ
2209 5403 2426 5525 ἕὴτημα
2475 5463 2645 5512 τοῦτο.
2695 5458 2721 5510 Α

1954 5452 2044 5514 22)
2090 5457 2160 5508 Τὸ
2209 5452 2426 5514 ζήτημα
2475 5463 2645 5512 τοῦτο.
2695 5458 2760 5511 Α.
2807 5452 2979 5514 Plura
3018 5453 3118 5513 hic
3147 5456 3217 5512 de
3265 5469 3398 5512 suo.
3448 5457 3514 5510 ut

1859 5507 2119 5595 videtur,
2145 5507 2308 5584 dedit
2331 5507 2681 5586 lientenius.
