3976 6222
437 314 540 369 127

1747 307 2093 365 EUTHYMII
2132 308 2459 368 ZIGABENI
3652 320 3733 375 128

436 439 591 509 dicit,
642 439 757 496 hoc
804 442 893 496 est
934 454 1246 511 sponsum.
1302 440 1455 495 Nam
1502 440 1555 496 et
1594 438 1981 511 postmodum
2026 437 2086 493 in

2205 438 2340 490 mhi
2369 444 2581 511 προῖὼν,
2637 445 2705 504 ὡς
2750 446 3003 515 μνηστήν,
3048 445 3189 497 Οὕτω
3234 446 3331 520 γὰρ
3369 445 3426 503 ἦν
3465 447 3567 510 ἔθος
3591 446 3737 499 καλεῖ-

435 529 823 603 sequentibus
853 545 984 585 eam
1012 533 1187 584 vocat
1217 544 1483 593 uxorem,
1516 528 1630 584 hoc
1660 531 1746 583 est
1777 542 2085 599 sponsam.

440 621 524 675 lta
558 619 717 674 enim
754 621 1111 674 consuetum
1150 622 1275 674 erat
1312 618 1505 675 vocari
1560 617 1741 673 etiam
1767 621 2085 688 antequam

436 708 567 778 conj
580 712 957 777 ungerentur.

507 816 665 871 Vers.
694 816 780 872 17.
827 817 1031 872 Omnes
1060 815 1247 885 igitur
1280 844 1347 856 —-
1377 815 1846 885 quatuordecim.
1870 814 2089 870 Omnes

438 906 849 977 generationes
907 904 1193 961 trifariam
1247 904 1461 967 divisit,
1522 908 1576 959 et
1641 904 1871 959 merito.
1946 902 2087 957 Tres

438 995 597 1049 enim
641 993 875 1048 fuerunt
930 992 1379 1065 gubernationis
1431 991 1613 1047 modi.
1661 990 1965 1062 Siquidem
2010 990 2088 1045 ab

438 1081 747 1140 Abraham
807 1087 941 1153 post
986 1085 1182 1137 Mosen
1232 1085 1287 1136 et
1324 1084 1524 1135 Jesum
1574 1083 1726 1135 Nave
1770 1094 1965 1150 usque
2012 1078 2090 1134 ad

439 1170 645 1235 David,
706 1170 819 1225 sub
866 1169 1168 1241 judicibus
1214 1169 1703 1239 gubernabantur
1755 1185 1767 1233 ;
1821 1183 1856 1222 a
1909 1166 2089 1222 David

438 1276 630 1332 usque
652 1260 727 1315 ad
747 1259 1323 1328 transmigrationem
1341 1258 1784 1329 Babylonicam,
1810 1256 1921 1311 sub
1941 1256 2091 1325 regi-

438 1350 588 1413 bus;
622 1366 656 1405 a
690 1350 1209 1418 transmigratione
1239 1364 1375 1403 vero
1409 1346 1771 1420 Babylonica
1798 1361 1982 1416 usque
2013 1346 2091 1402 ad

440 1439 749 1499 Christum,
776 1438 888 1491 sub
905 1436 1305 1509 pontiﬁcibus.
1343 1436 1616 1492 Veniente
1639 1440 1840 1490 autem
1865 1434 2089 1490 Christo

437 1544 578 1582 vero
607 1526 829 1590 Judice,
865 1530 1017 1596 Rege
1057 1542 1126 1582 ac
1164 1526 1464 1591 Pontiﬁce,
1510 1528 1892 1581 cessaverunt
1921 1523 2089 1579 dictae

437 1616 674 1687 politiae.
710 1614 967 1687 {Equum
1012 1620 1099 1670 est
1142 1620 1340 1670 autem
1380 1629 1646 1686 quaerere
1680 1611 1986 1685 quomodo
2030 1612 2090 1668 in

435 1706 601 1761 tertia
630 1710 813 1777 parte.
850 1705 951 1759 ubi
980 1704 1298 1760 duodecim
1330 1708 1563 1759 tantum
1602 1702 1766 1774 ponit
1807 1718 2089 1774 personas

436 1794 909 1867 quartuordecim
936 1793 1092 1849 dicat
1123 1809 1254 1849 esse
1294 1792 1728 1863 generationes.
1764 1792 1900 1848 Ideo
1932 1792 2088 1847 vide-
2121 1789 2164 1843 B

436 1885 586 1947 licet,
610 1884 752 1955 quia
774 1883 968 1955 ipsum
988 1881 1520 1952 transmigrationis
1543 1885 1778 1953 tempus
1800 1881 1860 1936 in
1881 1880 2089 1936 ordine

436 1973 834 2043 generationis
880 1973 1095 2044 posuit,
1131 1976 1186 2027 et
1216 1970 1483 2027 similiter
1522 1971 1719 2042 ipsum
1769 1969 2085 2034 Christum,

438 2063 589 2118 sicut
620 2077 870 2131 magnus
903 2062 1105 2118 docuit
1133 2061 1607 2133 Chrysostomus.

508 2172 663 2225 Vers.
702 2170 788 2223 18.
826 2170 964 2225 Jesu
1002 2168 1220 2224 Christi
1249 2174 1445 2224 autem
1476 2197 1544 2209 —
1578 2167 1659 2223 ita
1696 2166 1830 2237 fuit,
1864 2168 1949 2237 -Ηο
1980 2168 2086 2233 Ita,

436 2264 501 2315 ut
530 2258 791 2315 dicturus
822 2264 927 2324 est,
959 2274 1064 2313 seu
1097 2257 1387 2328 subjacet.

506 2366 665 2421 Vers.
695 2368 780 2421 18.
801 2365 941 2421 Cum
964 2370 1102 2421 esset
1116 2365 1472 2434 desponsata
1489 2396 1557 2405 —
1573 2379 1602 2420 e
1622 2364 1851 2433 Spiritu
1869 2372 2088 2421 sancto.

436 2454 786 2525 Priusquam
812 2453 1195 2509 convenirent
1213 2453 1290 2507 ad
1312 2454 1687 2509 coitum.Non
1708 2452 1855 2509 dixit
1877 2456 2088 2517 autem,

435 2542 793 2615 priusquam
814 2543 941 2613 ipsa
964 2544 1186 2597 veniret
1207 2542 1283 2598 ad
1302 2542 1553 2598 domum
1574 2543 1896 2599 illius.Jam
1914 2541 2093 2597 etiam

436 2632 497 2687 in
529 2647 599 2687 ea
631 2637 773 2686 erat.
808 2631 995 2687 Multis
1027 2631 1319 2703 siquidem
1351 2631 1534 2687 moris
1562 2636 1706 2700 erat,
1752 2634 1814 2686 ut
1839 2631 2003 2702 apud
2032 2646 2094 2687 se

434 2721 718 2777 haberent
764 2735 1039 2791 sponsas,
1101 2723 1343 2792 propter
1391 2719 1789 2774 securitatem.
1845 2721 2097 2790 Reperta

2198 528 2339 599 σθαι,
2375 534 2463 581 καὶ
2501 536 2600 606 πρὸ
2628 540 2717 593 τῆς
2751 538 3050 605 συναφείας.

2268 752 2441 799 Πᾶσαι
2519 746 2605 799 οὖν
2659 779 2726 787 -
2784 742 3175 819 δεκατέσσαρες.
3234 746 3317 807 Εἰς
3372 753 3499 818 τρεῖς
3550 745 3738 820 μερίδας

2198 834 2354 890 διεῖλε
2400 840 2489 898 τὰς
2531 840 2705 908 γενεὰς
2754 836 2988 899 ἁπάσας’
3054 836 3273 897 εἰκότως.
3333 843 3473 908 Τρεῖς
3519 839 3610 909 γὰρ
3664 858 3737 890 πο-

2195 926 2382 978 λιτεῖαι
2437 928 2625 978 τούτων
2658 925 2902 996 ἐγένοντο.
2934 926 3066 980 Ἀπὸ
3122 929 3208 998 μὲν
3260 928 3357 1000 γὰρ
3398 926 3613 998 Ἀϐραὰμ
3662 929 3739 990 ἕως

2198 1012 2385 1076 Δαυίδ,
2436 1017 2565 1087 μετὰ
2596 1021 2821 1068 Μωυσέα
2860 1020 2947 1067 καὶ
2976 1014 3177 1072 Ἰησοῦν
3209 1018 3291 1066 τὸν
3339 1022 3425 1067 τοῦ
3472 1022 3629 1083 Ναυῆ,
3657 1018 3739 1069 ὑπὸ

2198 1114 2295 1155 τῶν
2353 1114 2540 1177 κριτῶν
2599 1107 2993 1176 ἡγεμονεύοντο·
3062 1104 3160 1156 ἀπὸ
3219 1102 3275 1156 δε
3328 1112 3413 1156 τοῦ
3472 1101 3619 1157 Δανὶδ
3669 1105 3740 1165 ἕως

2197 1201 2290 1254 τῆς
2347 1213 2673 1265 μετοικεσιας
2724 1193 3034 1261 Βαϐυλῶνος,
3086 1196 3184 1245 ὑπὸ
3234 1192 3477 1265 βασιλέων
3515 1194 3731 1245 ἰθύνοντο’

2200 1283 2299 1335 ἀπὸ
2333 1280 2391 1335 δὲ
2422 1292 2515 1344 τῆς
2567 1289 2894 1355 μετοικεσίας
2928 1283 3224 1344 Βαϐυλῶνος
3270 1283 3354 1342 ἕως
3387 1290 3472 1333 τοῦ
3522 1290 3739 1355 Χριστοῦ,

2199 1374 2298 1423 ὑπὸ
2350 1370 2631 1446 ἀρχιερέων
2690 1372 3056 1445 ἐκυϐερνώντο.
3121 1372 3381 1431 Ἐλθοντος
3432 1368 3486 1423 δε
3527 1379 3605 1422 τοῦ
3634 1378 3741 1444 Χρι-

2203 1470 2347 1528 στοῦ,
2396 1470 2488 1513 τοῦ
2522 1460 2744 1523 ἀληθοῦς
2782 1468 2971 1535 Κριτοῦ
3014 1467 3099 1513 καί
3136 1460 3408 1523 Βασιλέως,
3447 1466 3529 1512 καὶ
3561 1460 3742 1531 Ἀρχιε-

2200 1556 2340 1623 ρέως,
2374 1550 2676 1609 ἐπαύθησαν
2723 1554 2775 1603 αἱ
2808 1548 3127 1609 δηλωθεῐσαι
3174 1550 3450 1606 πολιτεῖαι.
3499 1548 3658 1611 Ἀξιον
3695 1544 3743 1601 δε

2202 1644 2451 1704 ζητῆσαι,
2493 1649 2602 1701 πῶς
2650 1639 2696 1691 ἐν
2734 1648 2793 1712 τῇ
2850 1660 2995 1713 τρίτῃ
3052 1636 3233 1711 μεριδι
3282 1635 3483 1691 δώδεκα
3526 1641 3745 1709 πρόσωπα

2201 1732 2316 1797 θείς,
2378 1727 2765 1804 δεκατέσσαρας
2841 1737 3007 1782 ταῦτα
3085 1732 3262 1800 γενεὰς
3342 1727 3554 1781 ἐκάλεσε.
3630 1730 3745 1778 Διότι

2199 1822 2403 1871 καὶτὸν
2452 1824 2643 1893 χρόνον
2676 1828 2768 1879 τῆς
2817 1819 2929 1891 (‘23)
2962 1823 3289 1889 μετοικεσίας
3337 1816 3381 1869 ἐν
3424 1816 3553 1879 τάξεί
3584 1817 3744 1867 τέθεικε

2197 1914 2387 1979 γενεᾶς,
2453 1913 2541 1960 καὶ
2598 1908 2751 1961 αὑτὸν
2803 1911 2889 1961 τὸν
2948 1912 3199 1981 Χριστὸν,
3258 1911 3325 1969 ὡς
3374 1908 3396 1960 6
3450 1910 3589 1977 μέγας
3635 1908 3745 1975 φησί

2201 2003 2602 2071 Χρυσόστομος.

2268 2111 2371 2157 Τοῦ
2403 2100 2461 2156 6":
2490 2104 2663 2162 Ἰησοῦ
2706 2135 2776 2145 --
2813 2104 2975 2167 οὕτως
3015 2100 3100 2162 ἦν.
3142 2103 3319 2164 Οὓτως
3359 2103 3489 2175 (24),
3520 2104 3577 2161 ὡς
3616 2100 3746 2153 εἰπεῖν

2200 2192 2390 2265 μέλλει,
2423 2194 2582 2263 ἤγουν
2607 2194 2718 2265 (25)
2752 2192 3043 2249 ἀπόκειται.

2271 2302 2698 2362 Μνηστευθείσης
2776 2332 2843 2341 -—
2918 2300 2972 2352 ἐκ
3045 2301 3341 2372 Πνεύματος
3417 2300 3582 2369 ἄγίου.
3662 2297 3750 2367 Πρὸ

2198 2395 2286 2439 τοῦ
2347 2389 2601 2441 συνελθεῖν
2659 2390 2848 2450 αὐτούς
2904 2390 2971 2449 εἰς
3020 2392 3315 2461 συνοίφειαν.
3377 2387 3481 2439 Οὐκ
3540 2382 3635 2438 εἶπε
3684 2380 3748 2448 δὲ,

2200 2479 2280 2529 ὃτι
2351 2482 2457 2551 Πρὸ
2523 2486 2614 2530 τοῦ
2664 2478 2822 2530 ἐλθεῖν
2878 2483 3039 2535 αὐτὴν
3089 2478 3158 2539 εἰς
3210 2482 3303 2535 τὴν
3379 2478 3535 2528 οἰκίαν
3586 2472 3745 2524 αὐτοῦ’

2203 2562 2348 2617 ἔνδον
2398 2567 2509 2637 (26)
2566 2569 2666 2639 γὰρ
2727 2565 2808 2625 ἧν,
2883 2567 3035 2628 Ἐθος
3089 2570 3188 2638 γὰρ
3247 2574 3351 2627 τοῖς
3398 2563 3606 2627 πολλοῖς,
3656 2558 3756 2621 παρ’

2204 2655 2398 2715 ἑαυτοῖς
2455 2658 2596 2726 ἔχειν
2650 2658 2744 2717 τὰς
2798 2659 3051 2726 μνηστὰς,
3101 2652 3171 2708 δι’
3215 2654 3517 2727 ἀσφάλείαν,
3590 2650 3755 2723 Εὑρέθη

2205 2740 2285 2812 δέ,
2318 2743 2431 2795 ἀντὶ
2460 2752 2573 2812 τοῦ,
2625 2744 2838 2816 Ἐφάνη.
2885 2747 3079 2819 Εὑρέθη
3120 2741 3179 2796 δὲ
3208 2746 3337 2809 εἷπε,
3376 2740 3466 2795 διὰ
3511 2744 3561 2792 τὸ
3588 2738 3755 2810 ἀπροσο

433 2814 521 2865 est
548 2814 767 2875 autem,
796 2809 911 2865 hoc
941 2813 1045 2874 est,
1076 2808 1354 2879 apparuit
1378 2824 1387 2861 :
1415 2807 1495 2863 ait
1516 2812 1714 2863 autem
1742 2814 1969 2878 reperta
1990 2814 2086 2873 est,

2205 2830 2449 2890 δόκητον.
2529 2833 2665 2886 Ἐπεὶ
2723 2830 2781 2885 δὲ
2836 2837 3052 2907 εἴρηκεν,
3114 2834 3191 2884 ὅτι
3252 2834 3427 2905 εὑρέθη
3495 2829 3537 2881 ἐν
3590 2828 3755 2898 γαστρὶ

434 2905 673 2969 propter
710 2897 1085 2968 inopinatum
1136 2896 1431 2951 effectum.
1484 2896 1563 2952 Ne
1606 2896 1906 2968 quispiam
1962 2912 2091 2951 vero

434 2985 718 3050 turbetur,
773 3001 843 3041 eo
882 2985 1046 3057 quod
1093 2984 1325 3047 dixerit,
1371 2990 1597 3056 reperta
1648 2988 1739 3040 est
1777 3000 1904 3040 esse
1944 3001 2088 3056 prae-

436 3088 650 3144 gnans,
685 3074 735 3129 si
762 3073 824 3130 id
862 3073 1057 3130 solum
1096 3072 1302 3128 audiat
1348 3090 1357 3126 ε
1392 3073 1526 3130 ideo
1575 3073 1906 3130 orationem
1954 3089 2087 3129 con-

436 3162 633 3227 texuit,
668 3162 893 3219 addens
920 3178 950 3219 e
973 3162 1203 3232 Spiritu
1232 3168 1453 3218 sancto.

505 3272 571 3326 Et
593 3285 778 3342 quam
808 3269 887 3325 ob
918 3284 1165 3325 causam
1197 3284 1317 3325 non
1348 3273 1435 3325 est
1472 3270 1884 3342 impraagnata,
1928 3274 2090 3327 ante-

434 3375 622 3432 quam
652 3358 1161 3431 desponderetur?
1195 3361 1277 3415 Ne
1325 3360 1709 3429 occideretur,
1752 3365 1956 3431 utpote
1996 3377 2090 3415 su-

435 3448 695 3521 spicione
720 3448 794 3504 de
838 3464 909 3505 ea
962 3448 1187 3514 habita,
1238 3449 1396 3519 quod
1443 3454 1719 3521 corrupta
1760 3454 1929 3505 esset.
1983 3450 2085 3505 Cui

434 3538 593 3595 enim
622 3536 983 3610 persuadere
1012 3538 1327 3607 potuisset,
1360 3553 1499 3592 cum
1533 3539 1658 3593 viro
1691 3553 1752 3593 se
1782 3554 1904 3593 non
1957 3554 2088 3594 esse

434 3642 819 3697 congressam
848 3627 875 3682 ?
906 3626 1149 3696 Propter
1176 3625 1291 3681 hoc
1332 3641 1474 3695 ergo
1506 3632 1638 3697 post
1670 3626 2091 3699 desponsatio-

435 3731 590 3779 nem,
622 3718 678 3771 et
700 3731 836 3770 cum
853 3715 982 3785 jam
1004 3715 1064 3770 in
1089 3713 1273 3770 domo
1300 3714 1408 3769 viri
1433 3720 1604 3782 esset,
1632 3714 2085 3787 impreegnatur,

435 3809 500 3861 ut
522 3803 842 3860 verisimile
878 3803 970 3868 sit,
1014 3819 1082 3859 ex
1111 3804 1243 3875 ipso
1284 3803 1621 3875 concepisse
1656 3821 1667 3859 :
1718 3808 1775 3859 et
1811 3805 1891 3860 ita
1938 3806 2088 3876 peri-

436 3894 637 3950 culum
677 3892 901 3949 evadat.
944 3895 1247 3959 Praeterea,
1279 3898 1341 3948 ut
1374 3892 1435 3949 in
1478 3894 1825 3949 necessariis
1869 3894 2087 3950 habeat

437 3982 1017 4039 subministratorem
1057 3985 1115 4037 et
1180 3986 1627 4053 procuratorem
1671 4003 1683 4038 :
1717 3998 1786 4038 eo
1828 3983 2088 4039 maxime

435 4076 703 4145 tempore
732 4087 853 4144 quo
871 4072 931 4127 in
956 4075 1279 4143 rEgyptum
1296 4071 1647 4141 fugiendum
1670 4076 1816 4128 erat.

506 4165 585 4219 Tu
616 4178 755 4218 vero
786 4177 859 4217 ne
879 4176 1131 4233 quaeras,
1159 4161 1457 4233 quomodo
1484 4162 1816 4235 conceperit
1850 4180 1862 4229 ;
1896 4176 2089 4236 neque

437 4252 665 4308 curiose
697 4250 988 4317 scruteris,
1020 4265 1140 4321 quo
1180 4254 1354 4321 pacto
1385 4248 1676 4305 formatus
1714 4251 1788 4305 sit
1818 4251 2084 4322 embryo.

437 4343 556 4397 Hoc
584 4340 744 4397 enim
783 4354 977 4412 neque
1031 4338 1392 4409 evangelista
1443 4339 1659 4405 docuit,
1713 4355 1908 4412 neque
1954 4345 2088 4396 ante

434 4430 632 4501 ipsum
650 4428 920 4499 angelus,
946 4428 1048 4500 qui
1076 4428 1663 4500 Virginiconceptum
1692 4430 2082 4485 annuntiavit.

438 4518 559 4573 Hoc
592 4518 891 4589 siquidem
933 4518 1308 4586 ignorabant,
1342 4533 1412 4573 eo
1441 4519 1603 4589 quod
1635 4518 2087 4590 incomprehen-

438 4606 603 4661 sibile
635 4606 725 4670 sit,
757 4606 985 4677 solique
1014 4607 1195 4661 beatae
1225 4606 1483 4663 Trinitati
1512 4607 1837 4676 cognitum.
1873 4609 2087 4664 Verum

436 4694 497 4751 id
527 4698 757 4749 tantum
789 4695 952 4762 scito,
985 4694 1145 4765 quod
1174 4694 1355 4749 Filius
1387 4696 1724 4753 incarnatus
1766 4700 1853 4751 est
1881 4713 2088 4752 secun-

439 4783 585 4839 dum
618 4782 805 4839 Patris
845 4781 1229 4847 voluntatem,
1279 4792 1628 4856 cooperante
1658 4786 1819 4843 etiam
1867 4786 2088 4859 Spiritu

441 4876 666 4929 sancto.

510 4980 671 5035 Vers.
699 4980 786 5037 19.
817 4977 1109 5048 Joseph—
1129 4978 1425 5038 dimittere
1448 4995 1590 5037 eam.
1617 4982 1817 5038 Justus
1841 4983 2087 5055 quidem

438 5068 673 5141 dicitur,
705 5068 809 5143 qui
834 5068 1137 5127 avaritiam
1172 5069 1332 5136 odit;
1364 5069 1580 5127 dicitur
1605 5071 1781 5128 etiam
1804 5074 2089 5141 generali-

439 5162 546 5231 ter,
572 5159 669 5233 qui
708 5160 985 5217 virtutem
1029 5157 1182 5216 colit.
1229 5158 1388 5218 Sicut
1418 5162 1474 5217 et
1513 5158 1608 5216 hic
1645 5160 1864 5234 Joseph
1890 5162 2085 5232 justus

2201 2924 2421 2993 ἔχουσα,
2456 2921 2539 2973 ἳνα
2568 2926 2637 2993 μὴ
2692 2922 2805 2993 (27)
2852 2924 3044 2994 θροηθῇ
3078 2941 3177 2983 τις,
3236 2921 3465 2981 ἀκούσας
3518 2924 3652 2969 τοῦτο
3678 2917 3754 2985 μό-

2198 3030 2299 3077 νον,
2325 3011 2634 3085 ἐθεράπευσε
2659 3013 2745 3062 τὸν
2775 3010 2943 3082 λόγον,
2984 3012 3252 3085 προσθεὶς,
3284 3011 3363 3062 ὅτι
3393 3008 3473 3062 Ἐκ
3504 3008 3758 3077 Πνεὺματος

2201 3100 2351 3171 ἁγίου
2367 3145 2379 3156 .

2272 3230 2371 3276 Καὶ
2418 3228 2554 3284 τίνος
2592 3224 2749 3276 ἕνεκεν
2799 3223 2856 3275 οὐ
2904 3228 3103 3294 γέγονεν
3158 3224 3339 3293 ἔγκυος
3392 3223 3487 3296 πρὸ
3534 3227 3619 3279 τῆς
3653 3234 3758 3289 μνη-

2201 3318 2372 3375 στείας
2399 3330 2411 3379 ;
2442 3312 2552 3365 Ἶνα
2602 3317 2671 3384 μὴ
2734 3311 2987 3383 ἀποθάνῃ,
3043 3313 3110 3372 ὡς
3141 3312 3522 3363 ὑποπτευθεῐσα
3567 3302 3755 3375 διαφθα-

2197 3404 2376 3475 ρῆναι.
2432 3407 2558 3453 Τίνα
2604 3404 2703 3476 γὰρ
2758 3403 2814 3451 ἰν
2868 3404 3085 3463 ἔπεισεν,
3132 3398 3210 3450 ὃτι
3242 3399 3349 3469 οὐχ
3397 3396 3640 3470 ὡμίλησεν
3686 3390 3759 3441 ἀν·

2200 3487 2326 3565 δρί;
2367 3493 2459 3541 Διά
2502 3498 2652 3541 τοῦτο
2706 3494 2871 3541 τυίνυν
2920 3490 3049 3560 μετὰ
3100 3492 3193 3546 τὴν
3243 3493 3541 3559 μνηστείαν,
3581 3486 3660 3534 καὶ
3700 3481 3759 3531 ἔν-

2200 3575 2290 3630 δον
2339 3585 2427 3638 τῆς
2475 3582 2639 3638 οικίας
2691 3577 2870 3645 αὑτοῦ,
2926 3576 3212 3649 ἐγκυμονεί,
3277 3576 3360 3627 ἱνα
3403 3574 3613 3647 νομισθῇ
3658 3567 3762 3621 συλ-

2197 3666 2365 3719 λαϐεῖν
2415 3665 2465 3729 ἐξ
2512 3667 2697 3728 αὐτοῦ,
2750 3672 2837 3717 καὶ
2892 3666 3022 3717 οὕτω
3070 3661 3341 3737 διαδράσῃ
3400 3668 3481 3715 τον
3533 3657 3761 3720 κίνδυνον,

2197 3761 2285 3807 καί
2336 3757 2416 3807 ἵνα
2448 3762 2556 3827 σχῇ
2606 3762 2781 3807 τοῦτον
2834 3759 3064 3827 χορηγόν
3118 3773 3170 3805 τε
3224 3762 3323 3805 τῶν
3376 3751 3647 3823 ἀναγκαίων
3690 3747 3764 3795 καὶ

2198 3841 2483 3917 κηδεμόνα,
2558 3849 2647 3895 καὶ
2700 3843 2933 3916 μάλιστα
2989 3844 3131 3916 παρὰ
3207 3845 3292 3893 τὸν
3353 3843 3527 3914 καιρὸν
3575 3844 3661 3895 τῆς
3706 3832 3765 3892 εἰς

2124 3956 2168 4010 D
2202 3936 2460 4005 Αἴγυπτον
2499 3941 2663 4005 φυγῆς
2677 3976 2687 3987 .

2271 4151 2336 4199 Σὺ
2387 4143 2444 4199 δὴ
2496 4150 2567 4219 μὴ
2628 4146 2885 4217 ζητήσῃς,
2940 4152 3049 4205 πῶς
3098 4142 3362 4207 συνελαϐε,
3416 4138 3549 4215 μηδὲ
3594 4152 3765 4210 περιερ-

2196 4239 2362 4308 γάσῃ,
2397 4245 2499 4295 πῶς
2554 4232 2844 4291 διεπλάσθη
2893 4235 2950 4285 τὸ
3000 4231 3217 4306 ἔμϐρυον
3283 4239 3450 4284 Τοῦτο
3478 4234 3574 4303 γὰρ
3620 4223 3766 4279 οὔτεό

2198 4326 2568 4397 εὖαγγελιστής
2615 4319 2879 4389 ἐδίδαξεν,
2927 4325 3042 4373 οὔτε
3081 4325 3181 4395 πρὸ
3228 4322 3389 4372 αὑτοῦ
3429 4322 3452 4371 6
3495 4315 3767 4389 ἄγγελος,ὁ

2198 4414 2657 4485 εὐαγγελισάμενος
2701 4419 2761 4483 τῇ
2815 4416 3052 4480 Θεοτόκῳ
3089 4414 3180 4467 τὴν
3226 4409 3511 4480 σύλληψιν.
3573 4406 3772 4475 Ἠγνόη-

2200 4524 2293 4555 σαν
2322 4506 2420 4575 ’γὰρ
2453 4511 2605 4555 τοῦτο
2636 4506 2723 4552 καὶ
2764 4500 2930 4565 αὐτοὶ,
2985 4495 3078 4550 διὰ
3124 4502 3182 4550 τὸ
3230 4495 3358 4549 εἶναι
3403 4504 3560 4550 πᾶσιν
3594 4491 3770 4544 ἀκατά-

2195 4592 2405 4661 ληπτον,
2476 4596 2565 4642 καὶ
2626 4593 2752 4661 μόνῃ
2823 4597 2883 4660 τῇ
2960 4592 3194 4660 μακαρίᾳ
3254 4584 3451 4660 Τριάδι
3502 4590 3763 4656 γνώριμον.

2195 4689 2357 4734 Τοῦτο
2386 4677 2444 4732 δὲ
2484 4685 2707 4751 γίνωσκε
2747 4682 2915 4749 μόνον,
2951 4678 3030 4728 ὃτι
3081 4678 3411 4747 σεσάρκωται
3452 4677 3476 4725 6
3526 4675 3654 4735 Υἱὸς,
3701 4666 3767 4719 εὖ·

2198 4768 2353 4843 δοκίᾳ
2399 4777 2489 4822 τοῦ
2540 4771 2761 4842 Πατρός,
2812 4772 2900 4818 καὶ
2937 4770 3184 4838 συνεργία
3234 4772 3322 4818 τοῦ
3372 4763 3524 4836 ἁγίου
3559 4762 3771 4831 [ὶνευμα-

2196 4879 2307 4922 τος,

2269 4984 2461 5055 Ἰωσὴφ
2535 5012 2604 5025 —
2679 4979 2938 5033 ἀπολῦσαι
3014 4978 3198 5037 αὐτην.
3294 4981 3501 5039 Δίκαιος
3590 4974 3775 5045 λέγεται

2196 5076 2305 5147 μεν,
2338 5077 2424 5126 καὶ
2455 5074 2479 5125 ὃ
2516 5078 2681 5141 μισῶν
2728 5074 2815 5128 τὴν
2863 5068 3174 5131 πλεονεξίαν,
3232 5066 3437 5138 λέγεται
3499 5061 3575 5136 δὲ,
3627 5066 3709 5114 καὶ
3752 5059 3773 5108 ὁ

2196 5162 2415 5217 καθόλου
2460 5164 2709 5233 ἐνάρετος,
2760 5158 2931 5235 ὣσπερ
2986 5162 3074 5211 καὶ
3117 5165 3202 5209 νῦν
3260 5157 3286 5208 6
3326 5155 3536 5226 Ἰωσὴφ,
3585 5148 3780 5206 δίκαιος

1656 5258 1879 5327 Varia
1912 5260 2239 5330 lectiones
2282 5270 2345 5327 et
2368 5269 2566 5326 notas.

510 5374 622 5448 (23)
644 5373 816 5446 Apud
848 5373 1141 5448 Chrysost.
1176 5376 1214 5428 t.
1238 5373 1353 5435 VII,
1387 5388 1445 5448 p_.
1477 5375 1631 5448 453.
1665 5390 1844 5448 quem
1885 5376 2085 5434 locum

440 5444 722 5518 respicit;
735 5449 820 5501 est
848 5444 1235 5518 αἰχμαλωσίας,
1263 5444 1433 5518 quod
1466 5444 1868 5504 eodem'redit.

514 5516 626 5591 (24)
661 5517 796 5591 _Hoc
835 5516 1124 5591 schelium
1145 5517 1441 5591 omiserat
1458 5518 1805 5591 lientenius.
1855 5520 2088 5578 Transi-

440 5587 615 5648 lierat
650 5588 899 5647 fortasse
924 5587 1121 5645 scriba
1143 5588 1316 5645 istius
1341 5588 1583 5646 codicis.

2271 5376 2385 5447 (25)
2424 5381 2613 5447 Ἦγουν
2644 5373 2936 5443 ἀπόκειται,
2968 5371 3205 5429 omittit.
3244 5372 3313 5426 Α.
3356 5366 3564 5425 malim
3593 5366 3785 5418 ὑπόκει-

2195 5467 2381 5590 ταὶἓζϐ)
2418 5514 2602 5590 ξΈνδον
2627 5519 2727 5590 ’γὰρ
2769 5514 2848 5590 ἦν,
2883 5514 3125 5590 Omittit.
3163 5515 3235 5590 Α2

2294 5520 2381 5584 26)
2418 5520 2602 5570 Ἔνδον
2627 5520 2727 5590 ’γὰρ
2769 5520 2848 5587 ἦν,
2883 5520 3125 5573 omittit.
3163 5520 3235 5569 A.

2266 5520 2859 5663 £27)Plerumquein
2903 5586 3121 5645 talibus
3164 5584 3449 5645 adhibent
3491 5579 3775 5655 θορυϐηθῇ.
