3976 6222
168 69 331 120 ..ν

239 182 335 242 {29

1169 170 1534 237 COMMENT.
1576 177 1644 235 IN
1677 161 2116 236 narra/aunt.
2157 207 2226 218 —
2264 175 2421 233 CAP.
2460 160 2508 233 i.

3420 138 3523 233 136

244 310 356 366 εἶναι
389 308 707 383 μιρτνρηθεὶς,
748 302 843 360 διά
889 325 946 359 τε
994 306 1089 368 τὰς
1134 290 1293 366 ἄλλας
1338 304 1499 358 αὐτοῦ
1552 303 1761 381 ἀρετὰς,

1893 319 2005 361 :sse
2044 301 2409 377 perhibetur,
2449 317 2591 358 cum
2632 303 2877 375 propter
2903 302 3054 361 alias
3093 303 3224 376 ejus
3254 304 3520 373 virtutes,

243 406 321 452 καὶ
346 396 423 452 διὰ
460 402 535 455 τήν
556 398 820 471 πραότητα
854 400 943 448 καὶ
976 394 1338 467 ἁγαθωσύνην.
1392 391 1764 469 Παραδειγμα-

241 496 367 542 τῖσαι
399 484 446 540 δί
485 485 678 556 ε’ὶέγετο,
732 488 857 538 ὅταν
888 483 1016 559 ἀνὴρ
1072 485 1215 558 παρὰ
1264 487 1323 536 τὸ
1374 480 1644 559 συνέδριον
1672 481 1765 557 ἦγε

238 583 317 635 τὴν
362 579 756 647 ύποπτενομένην,
809 578 903 626 καὶ
949 578 1227 647 κατηγόρει
1274 576 1491 641 ταύτης,
1544 577 1634 626 καί
1680 573 1766 625 ού-

236 686 317 726 τως
353 664 487 721 αὐτὴν
518 672 740 737 φανερῶς
797 661 1013 716 ἀπέλυεν
1067 660 1166 714 ἀπὸ
1211 668 1307 724 τῆς
1362 661 1531 725 οἰκίας
1583 662 1763 729 αὐτοῦ,

232 756 330 827 ὅπερ
369 757 429 825 μὴ
470 752 615 805 θέλων
662 759 891 810 ποιῆσαι
929 752 956 803 ὁ
1009 750 1225 823 Ἰωσὴφ,
1284 749 1550 810 ἠϐουλήθη
1599 750 1769 827 λάθρα

229 841 440 895 ἀπολῦσαι
481 840 656 911 αὐτὴν,
709 841 795 893 ἵνα
852 844 946 892 καὶ
997 838 1152 901 αὐτὸς
1200 838 1467 901 ἀνεύθυνος
1526 837 1627 892 ὄιπό
1676 844 1767 892 τοῦ

222 936 350 1002 νόμον
396 933 555 1002 μείνῃ,
592 935 687 980 τοῦ
741 928 1057 997 κελεύοντος,
1116 927 1356 982 ἀπολύειν
1409 931 1505 990 τὰς
1537 930 1767 991 κυούσας

220 1018 436 1093 ἑτέρωθεν,
494 1016 738 1076 κάκείνην
815 1015 992 1075 ἀπαθῆ
1074 1025 1244 1069 κακῶν
1308 1022 1631 1091 συντηρήσῃ,
1695 1021 1765 1090 μὴ

218 1103 535 1180 δημοσιεύσας
556 1110 617 1159 τὸ
642 1109 877 1179 γεγονός.

264 1308 417 1355 Ταῦτα
452 1298 509 1355 δε
542 1333 616 1343 -
666 1300 824 1375 ἐφάνη
860 1300 1017 1373 αύτῷ.
1068 1300 1205 1374 Ὀρα
1260 1304 1556 1374 πραότητος
1606 1302 1768 1377 ὑπερ-

208 1391 371 1449 ϐολὴνὶ
433 1392 489 1444 ού
544 1396 700 1464 μόνον
756 1393 860 1465 γὰρ
917 1391 1011 1444 οὐκ
1062 1388 1249 1454 ἐξεῖπεν
1308 1390 1458 1463 ἑτέρῳ
1514 1396 1630 1466 περὶ
1682 1396 1771 1443 τοῦ

206 1484 495 1554 πράγματος,
552 1480 664 1534 ἀλλ’
717 1477 843 1534 ούδὲ
873 1480 1006 1554 αύτῇ
1060 1488 1121 1552 τῇ
1174 1481 1586 1553 ὑποπτευομένῃ,
1644 1479 1773 1532 ἀλλὰ

207 1572 490 1624 καθ’ἑαυτόν
543 1569 860 1644 ἓνεθυμήθη,
909 1569 1075 1643 λάθρα
1121 1568 1381 1622 ἀπολῦσαι
1437 1569 1621 1629 αύτήν.
1669 1574 1771 1624 Καὶ

1870 398 2001 450 tum
2043 397 2286 466 propter
2312 390 2839 449 mansuetudinem
2869 406 2940 449 ac
2979 392 3331 465 probitatem
3370 392 3519 464 ejus.

1871 482 2200 539 Traducere
2230 485 2431 537 autem
2462 479 2787 537 dicebatur.
2821 480 3069 553 quando
3098 481 3185 537 vir
3209 480 3288 538 ad
3317 481 3522 537 conci-

1873 570 2019 626 lium
2033 569 2285 626 ducebat
2310 584 2580 636 uxorem,
2595 569 2668 624 de
2681 585 2803 641 qua
2823 570 3220 641 suspicionem
3238 569 3520 637 habebat,

1873 661 2187 732 ipsamque
2206 658 2526 715 accusabat
2559 675 2571 714 :
2602 663 2658 715 et
2685 658 2767 715 ita
2790 656 3102 716 manifeste
3133 674 3267 715 eam
3288 675 3324 717 a
3355 660 3524 715 domo

1874 748 2119 821 propria
2168 746 2521 803 dimittebat.
2572 746 2743 812 Quod
2788 748 2993 804 nolens
3044 747 3237 804 facere
3279 747 3521 820 Ioseph,

1874 838 2064 895 voluit
2092 837 2234 893 clam
2266 835 2581 903 dimittere,
2609 851 2765 902 eam,
2798 840 2862 893 ut
2899 840 2957 893 et
2984 836 3111 909 ipse
3152 836 3296 893 nulli
3333 836 3525 894 obno-

1875 926 2004 983 xius
2029 925 2257 982 crimini
2286 924 2621 980 secundum
2647 924 2842 998 legem
2871 932 3157 997 maneret,
3191 941 3291 982 eas
3312 925 3523 998 juben-

1876 1019 1996 1071 tem
2026 1015 2315 1070 dimittere
2348 1029 2482 1086 quae
2516 1013 2762 1071 aliunde
2790 1014 2852 1070 in
2891 1020 3059 1072 utero
3117 1013 3421 1081 haberent,
3469 1017 3528 1071 et

1874 1102 2031 1160 illam
2050 1102 2393 1160 amalorum
2410 1102 2791 1175 perpessione
2817 1107 3098 1172 servaret,
3113 1104 3255 1177 quia
3280 1103 3342 1160 id
3364 1103 3526 1177 quod

1876 1192 2102 1250 factum
2138 1195 2280 1258 erat,
2314 1205 2436 1248 non
2469 1191 2907 1249 manifestabat.

1950 1301 2109 1356 Vers.
2143 1294 2392 1356 20.71am
2426 1306 2617 1355 autem
2644 1331 2712 1339 —
2745 1300 3030 1372 apparuit
3055 1301 3124 1357 ei.
3180 1300 3325 1357 Vide
3357 1316 3527 1359 man-

1879 1388 2210 1445 suetudinis
2240 1387 2664 1445 excellentiam.
2696 1391 2822 1444 Non
2852 1388 3042 1445 solum
3066 1388 3179 1445 hac
3205 1390 3279 1448 de
3297 1405 3358 1446 re
3379 1390 3523 1447 nihil

1879 1477 2042 1535 alteri
2090 1475 2518 1545 manifestabat,
2550 1477 2650 1532 sed
2698 1491 2808 1533 nec
2863 1478 2989 1550 ipsi,
3035 1479 3110 1535 de
3164 1495 3285 1551 qua
3330 1480 3524 1553 suspi-

1879 1567 2106 1624 cionem
2137 1564 2395 1622 habebat
2424 1583 2439 1619 :
2474 1569 2688 1622 tantum
2720 1565 2879 1638 apud
2913 1582 2974 1622 se
3017 1568 3309 1639 cogitavit,
3366 1569 3522 1625 clam

208 1656 327 1713 διατί
371 1663 463 1733 μὴ,
502 1663 603 1735 πρὸ
653 1668 750 1713 τοῦ
782 1658 1132 1731 ίξογκωθῆναι
1178 1664 1272 1718 τὴν
1320 1663 1555 1735 γαστέρα
1590 1659 1769 1729 αὐτῆς,

1893 1655 2166 1712 limittere
2196 1670 2329 1711 eam
2357 1671 2369 1709 :
2402 1655 2467 1710 Et
2512 1669 2694 1727 quare
2745 1670 2868 1711 non
2943 1661 3268 1729 antequam
3321 1662 3525 1715 venter

208 1749 447 1821 ὁᾶγγελος
475 1747 582 1803 εἷπε
624 1758 701 1821 τῷ
757 1748 951 1821 Ἰωσὴφ
996 1751 1058 1801 τὰ
1091 1753 1207 1821 περὶ
1241 1756 1339 1811 τῆς
1375 1747 1610 1822 ἀσπόρου
1643 1749 1771 1802 συλ-

206 1838 411 1911 λήψεως,
456 1842 601 1892 Διότι
633 1837 834 1912 ἔμελλεν
889 1836 1248 1905 ἀπιστεῖσθαι,
1291 1834 1385 1890 διὰ
1436 1842 1495 1891 τὸ
1524 1834 1771 1912 παράδο-

209 1927 292 1989 ξον.
324 1930 513 1981 Λοιπὸν
570 1924 683 1997 οὖν,
744 1928 1004 2003 ὁρωμένου
1042 1934 1134 1979 τοῦ
1187 1928 1512 2001 πράγματος,
1564 1931 1768 2002 μηνύει,

204 2020 279 2069 καὶ
325 2018 481 2070 πείθει
533 2013 748 2091 ῥᾴδιον.
827 2021 930 2069 Καὶ
983 2012 1129 2070 διατι
1165 2020 1237 2089 μὴ
1289 2018 1321 2075 ἡ
1390 2020 1647 2094 Ιιαρθίνος
1701 2026 1774 2090 τῷ

206 2106 370 2179 Ἰωσὴφ
421 2104 717 2178 ἀνήγγειλε,
772 2100 1213 2179 προδιδαχθείσα
1261 2113 1428 2159 ταῦτα
1484 2110 1627 2183 παρὰ
1681 2114 1774 2160 τοῦ

203 2194 434 2267 Γαϐριήλς
489 2199 637 2248 Διότι
712 2193 1012 2267 ἐγίνωσκεν,
1081 2197 1149 2257 ὡς
1206 2195 1264 2248 ού
1339 2199 1774 2267 πιστευθήσεται,

201 2284 361 2355 μᾶλλον
425 2287 514 2355 μὲν
610 2279 701 2336 οὖν
771 2288 864 2335 καὶ
921 2282 1218 2358 παροξυνεῖ,
1304 2286 1368 2345 ὡς
1426 2283 1774 2362 ἐπιχειροῦσα

204 2374 477 2433 συσκιάςειν
521 2375 581 2425 τὸ
628 2371 1147 2445 πεπλημμελημένον.
1206 2378 1308 2427 Καὶ
1363 2370 1510 2427 διατί
1562 2380 1634 2448 μὴ
1685 2379 1775 2430 καὶ

199 2468 250 2532 τᾷ
293 2463 549 2537 Παρθένῳ,
581 2464 718 2535 μετὰ
757 2465 847 2514 τὸν
895 2465 1047 2533 ὄγκον
1103 2470 1196 2523 τῆς
1221 2467 1472 2535 γαστρὸς,
1521 2463 1775 2537 ἐμήνυσεν

200 2550 440 2622 Sir/70.0;
475 2556 572 2611 τήν
611 2551 667 2603 ἐκ
693 2554 998 2625 Πνεύματος
1055 2551 1208 2623 ἁγίου
1260 2553 1553 2625 σύλληψιν;
1615 2560 1773 2623 Διότι,

202 2643 238 2691 εὶ
283 2644 349 2712 μὴ
401 2643 783 2715 προμεμάθηκε
836 2647 1013 2706 τοῦτο,
1062 2640 1258 2713 ἔμελλεν
1302 2641 1353 2695 ἓν
1396 2644 1598 2719 θορύϐῳ
1647 2642 1778 2699 εἶναι

201 2732 276 2779 καὶ
318 2738 549 2802 ταραχῇ,
592 2736 687 2783 καὶ
740 2728 827 2783 ἰπὶ
884 2728 1086 2803 βρόχον
1152 2729 1311 2784 ἂθείν
1357 2728 1412 2785 εὖ
1469 2730 1662 2799 εἰδυῖα,
1713 2737 1778 2798 ὡς

201 2815 280 2868 ούκ
307 2818 365 2870 ἄν
402 2837 521 2872 ποτε
565 2824 729 2893 πείσῃ
784 2822 922 2887 τινὰ,
970 2818 1214 2892 λέγουσα,
1274 2824 1347 2893 μὴ
1398 2821 1648 2897 ὁμιλῆσαι
1691 2822 1775 2877 ἁν-

201 2901 299 2979 δρί.
342 2911 432 2959 Διὰ
477 2915 656 2977 τοῦτο,
700 2915 769 2981 τῇ
961 2910 1227 2983 Παρθένῳ,
1284 2912 1385 2983 πρὸ
1436 2920 1530 2975 τῆς
1586 2913 1773 2973 συλλή-

1879 1745 2293 1802 intumesceret
2341 1742 2598 1814 Virginis
2646 1743 2794 1799 dixit
2841 1756 3090 1814 angelus
3131 1745 3242 1818 ipsi
3278 1745 3520 1819 Joseph,

1878 1849 2015 1907 quae
2028 1832 2183 1890 facta
2212 1832 2447 1889 fuerant
2466 1832 2625 1888 circa
2641 1832 3095 1905 cOnceptionem
3110 1834 3234 1890 sine
3255 1835 3479 1891 semine
3499 1833 3527 1890 τ

1882 1921 2031 1988 Quia
2072 1923 2313 1993 propter
2350 1934 2638 1992 magnam
2685 1920 2771 1976 rei
2829 1920 3152 1978 novitatem
3184 1921 3526 1979 incredulus

1880 2008 2110 2068 fuisset.
2145 2012 2293 2067 Cum
2318 2023 2461 2079 ergo
2491 2023 2581 2065 res
2605 2008 2733 2079 jam
2763 2012 3094 2082 appareret,
3126 2009 3341 2066 indicat
3382 2010 3528 2067 faci-

1880 2097 2115 2171 liusque
2161 2096 2504 2170 persuadet.
2557 2097 2863 2166 Praeterea,
2894 2113 3001 2154 cur
3028 2113 3146 2155 non
3189 2098 3323 2172 ipsa
3350 2101 3525 2171 Virgo

1881 2186 2281 2245 manifestavit
2315 2186 2556 2258 Ioseph,
2597 2202 2735 2243 cum
2788 2187 2948 2259 prius
2992 2204 3026 2245 a
3059 2188 3324 2245 Gabriele
3376 2192 3530 2246 esset

1883 2276 2146 2335 edocta?
2198 2274 2370 2342 Quod
2426 2274 2649 2333 sciebat
2703 2277 2936 2333 tantum
3001 2278 3213 2334 abesse
3276 2284 3338 2333 ut
3414 2278 3527 2335 sibi

1882 2365 2033 2423 ﬂdes
2061 2365 2437 2422 adhiberetur
2466 2368 2531 2421 ut
2576 2365 2762 2435 magis
2808 2366 2985 2422 etiam
3013 2366 3263 2423 irritaret
3284 2366 3382 2439 (ad
3405 2368 3533 2423 vin-

1884 2456 2105 2512 dictam
2134 2454 2485 2527 Josephum)
2513 2454 2561 2509 si
2583 2453 2826 2528 culpam
2858 2459 3173 2512 conaretur
3201 2456 3412 2513 celare.
3444 2459 3531 2514 Ad

1883 2543 2007 2601 haec
2035 2544 2258 2607 :Quare
2279 2558 2401 2600 non
2437 2532 2573 2617 post
2602 2544 2821 2600 ventris
2851 2548 3136 2601 tumorem
3178 2546 3532 2617 signiﬁcavit

1886 2632 2135 2705 angelus
2160 2633 2409 2704 Virginis
2433 2633 2891 2706 conceptionem,
2939 2650 3076 2708 quae
3107 2651 3212 2708 per
3250 2636 3528 2707 Spiritum

1885 2725 2158 2779 sanctum
2183 2721 2339 2779 facta
2358 2726 2516 2778 esset
2544 2722 2573 2779 ?
2596 2723 2744 2788 Quia
2769 2722 3059 2797 nisiprius
3086 2739 3208 2780 rem
3224 2724 3530 2783 didicisset

1887 2805 2099 2863 timore
2127 2821 2194 2862 ac
2219 2805 2661 2879 perturbatione
2692 2807 2845 2864 adeo
2888 2808 3173 2878 exagitari
3205 2811 3414 2882 potuit,
3465 2815 3529 2869 ut

1887 2899 2138 2952 mortem
2168 2893 2306 2968 ipsa
2334 2895 2446 2952 sibi
2484 2896 2891 2964 conscisceret,
2924 2897 3101 2970 plane
3132 2898 3339 2965 sciens,
3372 2900 3534 2973 quod

199 2992 335 3064 ψως,
358 2998 383 3049 ὀ
414 2998 637 3070 ἄγγελος
666 2994 987 3070 διαλέγεται·
1023 3006 1091 3071 τῷ
1118 2994 1179 3051 δε
1203 2998 1419 3073 Ἰωσὴφ,
1444 2998 1493 3053 ἄν
1517 3010 1590 3074 τῷ
1610 3010 1776 3077 καιρῷ

1893 2985 2032 3043 nulli
2051 3001 2315 3059 unquam
2329 2987 2691 3060 persuadere
2713 2987 3023 3060 potuisset,
3046 3004 3109 3046 se
3126 2990 3268 3046 nulli
3287 3007 3419 3047 com
3429 2992 3534 3048 mi-

200 3091 284 3135 τῶν
310 3082 526 3143 ὠδίνων.

263 3285 354 3335 Καὶ
400 3284 427 3335 ὀ
624 3284 900 3346 Ματθαῖος
946 3287 1062 3357 περὶ
1105 3291 1196 3338 τοῦ
1258 3283 1476 3358 ἁγγελου
1526 3295 1618 3341 τοῦ
1666 3288 1779 3344 ἑπι-

211 3368 396 3433 στάντος
448 3380 521 3444 τῷ
562 3372 766 3444 Ἰωσήφ
814 3371 1115 3447 ἀνέγραψεν·
1187 3376 1213 3426 ὁ
1275 3371 1335 3427 δε
1379 3382 1589 3440 Λουκᾶς
1660 3383 1780 3454 περὶ

205 3464 282 3507 τοῦ
318 3458 782 3534 εὐαγγελισαμένου
981 3464 1223 3537 Παρθένῳ
1274 3468 1362 3522 τὴν
1416 3466 1553 3519 θείαν
1594 3467 1781 3527 σὺλλη-

205 3542 299 3613 «ἔριν.
345 3548 637 3626 Ἀμφότεροι
674 3553 779 3626 γὰρ
830 3554 1092 3622 γεγόνασι.
1151 3556 1252 3605 Καὶ
1306 3549 1452 3605 διατί
1494 3556 1608 3607 κατ’
1658 3561 1778 3632 ὄναρ

206 3634 324 3705 αὐτῷ
376 3643 613 3709 φαίνεται
664 3641 693 3691 ὀ
753 3639 987 3710 ἄγγελος,
1046 3644 1135 3692 καὶ
1181 3645 1254 3713 μὴ
1314 3652 1559 3716 φανερῶς,
1607 3647 1781 3720 ὥσπερ

206 3728 280 3774 καὶ
326 3734 382 3797 τῇ
446 3730 740 3801 Παρθένῳ;
793 3732 935 3780 Διὸτι
1017 3730 1046 3786 ἡ
1105 3732 1197 3801 μὶν
1264 3733 1516 3804 Ιῐαρθένος
1585 3736 1783 3809 ἔχρῃζε

207 3820 397 3887 φανερᾶς
452 3815 644 3886 ὂψεως,
703 3811 798 3868 διὰ
855 3819 913 3869 τό
972 3814 1270 3891 παράδοξον
1317 3827 1408 3872 τοῦ
1458 3825 1778 3896 μηνύματος·

207 3896 307 3952 ὅδε
329 3902 541 3976 Ἰωσήφ,
574 3903 785 3977 βλέπων
832 3908 923 3977 μὲν
949 3910 1037 3958 καὶ
1074 3908 1160 3959 τὸν
1204 3910 1356 3978 ὄγκον
1395 3918 1491 3971 τῆς
1528 3930 1781 3986 γαστρος,

206 3994 447 4057 γινώσκων
479 3989 541 4046 δε
581 3998 676 4046 καὶ
722 3996 808 4045 τὸν
857 3992 973 4067 βίον
1000 4003 1093 4056 τῆς
1152 3998 1413 4070 Παρθένου
1470 3999 1698 4075 καθαρὸν
1729 4020 1783 4054 τε

207 4082 284 4128 ui
363 4079 732 4148 ἆνεπΐληπτον,
810 4082 1176 4159 εὐχερέστερον
1241 4084 1423 4157 ’ἔμελλε
1499 4091 1781 4146 πιστεύειν.

208 4161 378 4229 an»;
426 4188 479 4222 τε
524 4167 609 4238 δε,
659 4174 753 4223 καὶ
800 4173 869 4234 ὡς
924 4167 978 4224 εὖ
1014 4168 1164 4235 εἰδὼς
1195 4169 1480 4249 διὰκρίνειν
1534 4175 1781 4248 ὀνείρους,

213 4251 254 4303 ἓν
278 4255 440 4330 ὀνείρῳ
473 4256 662 4332 βλέπει
693 4262 781 4311 τὸν
810 4259 1047 4332 ἄγγελον.

271 4366 433 4436 Λέγων
480 4397 538 4408 -
584 4368 816 4438 γυναῖκα
871 4386 987 4421 σου.
1038 4370 1157 4421 Υίὸν
1210 4365 1378 4424 Δαυιδ
1433 4371 1589 4443 αὐτὸν
1641 4372 1786 4429 ἓκάλε
1817 4358 1863 4416 Ῑ)

213 4466 302 4515 σιν,
337 4450 535 4524 ἀνάγων
586 4458 684 4510 τὴν
736 4450 970 4508 διάνοιαν
1001 4456 1160 4510 αὐτοῦ
1189 4456 1273 4511 ἐπὶ
1322 4462 1409 4512 τὸν
1458 4459 1645 4534 Δαυίδ,
1698 4465 1787 4537 ἀφ’

212 4537 261 4588 εὖ
284 4539 614 4614 προσεδόκων
656 4540 910 4596 Ἰουδαῖοι
937 4548 1024 4597 τὸν
1069 4550 1297 4619 Χριστὸν
1344 4552 1577 4605 ἔσεσθαι.
1618 4553 1788 4608 Εἰπὼν

214 4621 279 4696 δι,
324 4636 403 4689 Μή
432 4631 693 4705 φοϐηθῇς,
736 4631 1047 4705 ἀνεκάλυψεν
1104 4635 1245 4709 αὐτῷ
1301 4642 1361 4690 τὸ
1418 4648 1511 4701 τῆς
1564 4638 1789 4716 καρδίας

214 4716 348 4770 αὐτοῦ
397 4727 724 4797 μυστήριον.
763 4721 1022 4794 Ἐφόϐεῖτο
1067 4727 1166 4801 γὰρ
1194 4731 1436 4799 κατέχειν
1465 4733 1555 4789 τὴν
1604 4736 1789 4785 Θεοτό-

212 4823 303 4871 ur,
353 4814 425 4881 μὴ
491 4813 842 4885 προσκρούσῃ
901 4818 971 4882 τῷ
1028 4819 1159 4884 Θεῷ,
1208 4814 1508 4888 μοιχαλίδα
1553 4825 1789 4893 κατέχων

213 4897 335 4968 παρὰ
380 4900 465 4950 τὸν
507 4904 689 4973 νόμον.
723 4903 787 4953 Τί
836 4895 896 4952 δέ
938 4902 1049 4952 ἑστι
1082 4905 1161 4970 τὸ,
1200 4904 1556 4979 παραλαϐεἰνς
1603 4906 1790 4964 Ἐνδον

213 4989 429 5055 κατέχεεν
474 4989 603 5061 παρ’
645 4988 835 5059 ἐαυτῷ,
874 4987 1046 5042 λαϐεῖν
1094 4987 1264 5054 αὖθις.
1323 4991 1467 5054 Ἤδη
1514 5000 1615 5071 γὰρ
1649 4999 1789 5070 αὐτῷ

214 5074 328 5123 ιιτὰ
376 5071 617 5129 διάνοιαν
673 5074 973 5134 ἁπολελυτο.
1039 5080 1360 5154 Παραλαϐεῖν
1436 5079 1495 5137 δὲ
1562 5084 1655 5138 οὐκ
1720 5087 1790 5148 εἰς

214 5158 373 5232 Ἰάρ-ον,
418 5162 532 5218 ἀλλ’
592 5165 659 5227 εἰς
689 5165 944 5239 φυλακήν.
995 5173 1099 5228 Τὴν
1139 5173 1371 5243 γυναῖπά
1421 5190 1516 5229 σου
1567 5170 1627 5228 δὲ
1657 5173 1785 5245 εἶπε,

522 5253 871 5332 πληροφορῶν
952 5257 1127 5329 αὐτὸν,
1212 5261 1293 5313 ὃτι
1345 5261 1450 5333 οὐχ
1528 5263 1790 5337 ὡμίλησεν

276 5448 339 5499 Τὸ
392 5452 495 5529 γὰρ
559 5482 631 5493 -
693 5452 752 5507 έκ
825 5455 1118 5531 Πνεύματός
1168 5454 1308 5512 ἔστιν
1365 5457 1534 5534 ἁγίου.
1597 5462 1668 5517 Τὸ
1742 5459 1793 5517 ἰν

1888 3079 2043 3132 stam
2082 3089 2214 3130 esse
2266 3074 2412 3131 viro.
2462 3075 2781 3149 Propterea
2832 3077 3054 3149 Virgini
3105 3079 3349 3153 quidem
3394 3085 3533 3137 ante

1886 3162 2338 3233 conceptionem
2360 3162 2609 3233 angelus
2626 3165 2934 3231 nuntiavit,
2950 3166 3168 3239 Joseph
3185 3172 3381 3224 autem
3399 3183 3534 3241 par-

1887 3250 2182 3310 turitionis
2202 3255 2468 3324 tempore
2481 3294 2495 3308 .

1958 3361 2027 3415 Et
2053 3357 2358 3414 Matthaeus
2374 3356 2619 3430 quidem
2642 3358 2717 3415 de
2744 3358 2953 3431 angelo
2981 3361 3200 3433 Joseph
3217 3365 3535 3434 apparente

1889 3442 2241 3516 conscripsit
2268 3460 2281 3511 ;
2304 3442 2494 3520 Lucas
2526 3444 3011 3516 vero,quomodo
3037 3445 3257 3516 Virgini
3296 3445 3536 3502 divinus

1889 3537 2211 3605 conceptus
2238 3530 2310 3587 sit
2336 3531 2723 3588 annuntiatus
2751 3548 2766 3599 ;
2801 3536 3119 3606 utrumque
3132 3534 3289 3591 enim
3311 3534 3537 3592 factum

1889 3622 1996 3675 est.
2037 3628 2304 3690 Rursum,
2372 3632 2557 3689 quam
2587 3616 2663 3673 ob
2693 3632 2942 3675 causam
2971 3617 3031 3674 in
3062 3620 3287 3676 somnis
3313 3619 3423 3691 ipsi
3446 3620 3541 3675 Jo-

1892 3702 2033 3775 seph
2074 3701 2343 3775 apparuit
2366 3701 2617 3773 angelus
2644 3706 2699 3758 et
2731 3718 2851 3758 non
2883 3701 3215 3772 manifeste,
3246 3704 3395 3758 sicut
3423 3703 3540 3759 Vir-

1891 3784 2065 3859 gini?
2095 3788 2241 3851 Quia
2286 3785 2508 3856 Virgini
2554 3786 2799 3859 quidem
2838 3787 3156 3843 manifesta
3201 3802 3355 3861 opus
3412 3790 3541 3843 erat

1890 3870 2117 3927 visione
2139 3875 2378 3943 prapter
2401 3870 2504 3936 rei,
2525 3886 2662 3944 qum
2685 3869 3149 3942 signiﬁcabatur,
3182 3872 3535 3928 novitatem:

1891 3955 2128 4026 Joscph,
2161 3959 2358 4010 autem
2388 3955 2600 4010 videns
2632 3957 2869 4027 quidem
2904 3956 3049 4011 uteri
3087 3960 3402 4021 tumorem,
3444 3971 3540 4010 co-

1893 4039 2121 4109 gnitam
2166 4043 2365 4094 tamen
2394 4039 2627 4096 habens
2672 4039 2807 4095 vitae
2835 4039 3094 4111 Virginis
3121 4040 3435 4111 puritatem
3468 4056 3540 4096 ac

1891 4125 2315 4196 innocentiam,
2349 4125 2463 4183 alio
2492 4142 2737 4200 quoque
2765 4127 2942 4184 modo
2965 4127 3200 4184 facilius
3243 4134 3369 4185 erat
3418 4143 3542 4185 cre-

1893 4215 2148 4279 diturus,
2175 4219 2468 4287 tanquam
2483 4216 2586 4289 qui
2609 4217 2845 4273 somnia
2880 4217 3069 4290 probe
3098 4223 3343 4275 noverat
3386 4217 3540 4289 diju-

1894 4300 2094 4357 dicare
2125 4315 2138 4354 :
2168 4300 2305 4356 ideo
2332 4300 2393 4356 in
2419 4301 2650 4357 somnis
2673 4302 2953 4372 angelum
3002 4302 3185 4359 videt.

1964 4383 2228 4442 Vers.20.
2255 4384 2472 4442 Diceris
2498 4415 2567 4426 —
2586 4388 2894 4457 conjugem
2920 4392 3097 4444 tuam.
3135 4385 3541 4457 Davidﬁlium,

1897 4508 2099 4581 ipsum
2125 4507 2415 4577 nominat,
2450 4511 2711 4566 mentem
2761 4508 2890 4581 ejus
2923 4509 3000 4566 ad
3042 4510 3226 4567 David
3254 4510 3545 4569 reducens

1897 4614 1932 4654 a
1959 4613 2081 4671 quo
2095 4597 2391 4654 Christum
2418 4614 2548 4655 esse
2563 4603 2881 4655 venturum
2894 4598 3317 4673 exspectabant
3340 4600 3548 4666 Judaei.

1897 4683 2105 4739 Dicens
2135 4688 2355 4750 autem,
2382 4683 2471 4741 Ne
2494 4685 2774 4750 timueris,
2806 4683 2999 4740 eidem
3032 4684 3380 4742 manifestat
3408 4702 3545 4759 pro-

1896 4768 2004 4841 prii
2051 4768 2246 4824 cordis
2285 4784 2579 4827 arcanum.
2636 4768 2900 4825 Timebat
2945 4760 3248 4843 siquidem
3289 4771 3544 4827 retinere

1899 4851 2001 4908 Dei
2022 4854 2282 4919 Matrem,
2319 4869 2391 4909 ne
2431 4856 2616 4909 Deum
2661 4854 3008 4922 offenderet,
3051 4861 3280 4912 retenta
3336 4860 3545 4911 contra

1896 4935 2088 5006 legem
2128 4937 2412 4993 adultera.
2454 4938 2607 5005 Quid
2654 4943 2739 4996 est
2786 4944 2981 4996 autem
3020 4940 3289 5013 accipere
3320 4938 3349 4993 ?
3379 4940 3542 4995 Intus

1897 5022 2165 5088 retinere,
2196 5022 2283 5079 vel
2308 5023 2385 5080 ad
2411 5040 2474 5080 se
2502 5026 2706 5097 ipsum
2729 5041 2929 5082 rursus
2961 5042 3190 5099 capere.
3213 5026 3347 5082 1am
3378 5026 3540 5081 enim

1898 5113 2095 5163 mente
2119 5108 2193 5163 ab
2230 5123 2301 5164 eo
2330 5108 2521 5165 divisa
2550 5102 2693 5168 erat.
2715 5111 2992 5183 Accipere
3022 5127 3162 5167 vero
3193 5126 3314 5167 non
3336 5110 3416 5166 ad
3435 5124 3545 5166 nu-

1898 5190 2068 5263 ptias,
2084 5187 2282 5249 sed‘ad
2293 5192 2649 5250 custodiam.
2684 5196 2939 5252 Uxorem
2952 5211 3187 5268 quoque
3199 5200 3357 5251 tuam
3371 5193 3545 5266 dixit,

1898 5280 1964 5333 ut
1984 5276 2441 5418 intdeccertiorem
2453 5293 2593 5336 eum
2606 5278 2844 5353 faceret,
2870 5280 3036 5353 quod
3063 5279 3277 5338 anullo
3306 5278 3545 5353 cognita

1899 5376 2025 5418 esse
2076 5375 2228 5417 viro.

1899 5375 2051 5419 esset
2076 5375 2206 5417 Vll'O
2215 5404 2228 5417 .

1969 5466 2130 5526 Vers.
2157 5466 2251 5527 20.
2292 5456 2459 5539 Quod
2485 5471 2638 5529 enim
2656 5487 2773 5532 -a
2802 5471 3032 5546 Spiritu
3065 5475 3257 5531 sancto
3283 5473 3382 5530 est.
3410 5470 3548 5533 For-
