3976 6222
405 171 500 234 tet
1745 169 2092 227 EUTI—IYMII
2130 153 2457 227 z'IGABEN'I

3656 161 3763 228 l3?

405 311 630 358 matum
661 303 720 356 in
750 317 840 370 ea,
873 300 1136 370 genitum
1159 299 1325 364 dixit,
1355 297 1737 354 utdiscamus
1760 313 1878 352 non
1906 313 2037 368 pau-

2158 297 2286 369 αὐτῇ
2340 294 2679 349 διαπλασθίν.
2714 297 2953 354 Γεννηθὶν
3008 297 3105 371 γὰρ
3140 295 3292 365 εἶπεν,
3361 297 3443 350 ἵνα
3497 301 3764 372 μάθωμεν,

401 391 585 457 latim,
623 390 799 446 modo
828 389 1086 454 seminis,
1121 388 1438 443 formatum
1469 402 1599 442 esse
1634 403 1644 440 :
1676 386 1778 440 sed
1811 392 2045 456 repente

400 484 694 551 quantum
722 478 800 535 ad
827 478 1239 533 formationem
1272 475 1526 547 perfecte
1554 475 1741 530 Iactus
1771 477 1879 529 est.
1903 474 2046 528 Vide

402 568 929 641 autem,quomodo
955 569 1144 638 ipsum
1174 566 1488 622 admonuit
1512 566 1660 636 ejus,
1689 564 1852 636 quod
1885 581 1919 620 a
1942 565 2047 620 Da-

401 658 497 713 vid
522 658 988 727 exspectabatur:
1019 654 1234 709 deinde
1283 652 1685 709 manifestavit
1715 652 1822 723 ipsi
1852 652 2043 708 occul-

400 746 523 798 tum
554 742 750 796 cordis
780 742 1060 805 timorem,
1095 745 1150 794 et
1192 738 1335 810 quid
1375 737 1565 792 facere
1632 737 1988 791 decrevisset
2027 753 2043 789 :

399 832 611 898 postea
640 825 860 888 docuit,
903 840 1114 894 puram
1144 839 1274 878 esse
1323 823 1452 893 ejus
1507 836 1838 892 sponsam:
1883 827 1937 876 et
1965 821 2045 876 ita

402 914 662 982 tandem,
693 913 852 984 quod
880 914 1159 982 reicaput
1189 910 1545 974 eratintulit,
1566 909 1853 972 videlicet,
1880 907 2046 980 quod

401 1020 436 1059 a
461 1002 683 1074 Spiritu
711 1008 918 1057 sancto
949 1006 1122 1071 esset,
1153 1005 1215 1055 ut
1257 1000 1369 1055 hoc
1410 1000 1584 1054 modo
1625 997 1855 1054 facilius
1902 996 2047 1052 reci-

399 1093 458 1166 pi
487 1095 706 1164 posset.

469 1201 509 1268 +
533 1198 702 1264 Quod
720 1197 795 1252 ab
826 1197 1022 1269 aliquo
1039 1212 1166 1252 esse
1185 1195 1419 1260 dicitur,
1440 1194 1530 1250 vel
1553 1198 1641 1250 est
1664 1193 1844 1249 modo
1873 1209 2045 1264 gene-

399 1289 656 1351 rationis,
690 1288 854 1357 juxta
890 1286 1063 1340 illud:
1101 1286 1226 1355 Ego
1265 1300 1302 1340 a
1325 1286 1438 1340 Deo
1461 1284 1629 1339 exivi
1661 1285 1705 1319 ¹⁵
1739 1285 1828 1336 vel
1864 1282 2045 1337 modo

398 1377 730 1439 creationis,
767 1376 932 1446 juxta
963 1374 1106 1428 illud
1131 1391 1146 1426 :
1176 1375 1328 1429 Unus
1357 1375 1508 1429 Deus
1565 1376 1616 1427 et
1646 1372 1846 1436 Pater,
1881 1385 2044 1440 aquo

399 1465 598 1522 omnia
631 1467 675 1499 ¹⁶
710 1481 722 1529 ;
759 1464 846 1517 vel
872 1463 1049 1517 modo
1076 1462 1350 1526 naturali,
1394 1461 1543 1516 sicut
1586 1459 1829 1516 effectus
1857 1466 1942 1514 est
1969 1458 2044 1513 ab

399 1557 703 1624 cperante.
738 1551 899 1616 Quod
932 1550 1102 1620 igitur
1131 1549 1190 1604 in
1224 1549 1459 1619 Virgine
1491 1549 1755 1618 genitum
1795 1551 1896 1609 est,
1929 1561 2045 1602 non

2157 387 2235 438 ὅτι
2293 385 2350 437 οὐ
2429 387 2564 436 κατὰ
2627 389 2812 457 μικρὸν
2892 384 3184 458 ἄμορφωθη,
3241 391 3379 460 νόμῳ
3440 393 3767 461 σπέρματος,

2157 474 2261 526 ἀλλ’
2325 475 2494 544 εὐθὺς,
2551 476 2670 526 ὅσον
2725 474 2797 536 εἰς
2852 479 3146 548 μόρφωσιν,
3200 476 3384 529 τέλειον
3441 473 3765 535 διεπλάσθη.

2154 562 2290 636 Ὀρα
2346 558 2424 628 δέ,
2499 571 2607 623 πῶς
2687 567 2930 638 πρότερον
3007 563 3285 637 ἀνέμνησεν
3341 566 3494 617 αὐτὸν
3556 576 3649 628 τῆς
3706 567 3772 618 ἐκ

2156 648 2322 703 Δαυὶδ
2389 649 2732 725 προσδοκίας,
2825 655 2995 704 ἔπειτα
3079 652 3382 724 ἐξεκάλυψεν
3468 655 3606 725 αὐτῷ
3667 659 3765 707 τὸν

2157 738 2443 813 ἀπόρρητον
2487 738 2639 810 φόϐον
2691 749 2784 802 τῆς
2834 737 3078 814 καρδίας,
3114 748 3203 794 καὶ
3239 745 3264 794 ὅ
3313 743 3586 810 ἐϐουλήθη,
3646 741 3768 796 εἶτα

2156 825 2414 893 ἐδίδαξεν,
2461 831 2540 879 ὅτι
2568 828 2823 903 καθαρῶς’
2874 835 3080 901 μνηστὴ
3124 833 3263 882 ἐστιν
3317 832 3496 896 αὐτοῦ,
3528 836 3614 883 καὶ
3642 837 3766 884 τότε

2155 920 2212 967 τὸ
2244 915 2513 987 κεφάλαιον
2545 917 2833 988 ἐπήνεγκεν,
2867 920 2944 970 ὃτι
2973 918 3026 969 ἐκ
3061 922 3356 991 Πνεῦματός
3401 919 3539 972 ἐστιν
3572 920 3755 992 ἁγίου,

2155 1007 2239 1056 ἵνα
2269 1002 2650 1078 εῦπαράδεκτον
2691 1006 2824 1058 οὕτω
2854 1011 3086 1078 γένηται.

2226 1200 2339 1272 [Τὸ
2384 1202 2495 1270 (28)
2527 1205 2580 1253 ἔκ
2607 1221 2759 1271 τινος,
2808 1206 2838 1260 ἤ
2880 1211 3190 1273 γεννητικῶς
3218 1205 3352 1256 κατὰ
3396 1209 3471 1256 τό·
3533 1203 3658 1275 Ἐγώ
3693 1203 3755 1256 ἐκ

2155 1297 2245 1340 τοῦ
2282 1298 2414 1341 Θεοῦ
2447 1289 2672 1352 ἐξῆλθον
2709 1295 2736 1348 ἦ
2776 1287 3190 1364 δημιουργικῶς,
3223 1295 3356 1345 κατά
3393 1299 3472 1345 τοο
3505 1295 3588 1354 Εἷς
3621 1298 3765 1355 Θεὸς

2156 1379 2180 1428 ὁ
2206 1383 2407 1452 Πατὴρ,
2448 1378 2498 1440 ἐξ
2522 1379 2580 1430 οὗ
2611 1383 2673 1431 τὰ
2703 1381 2890 1432 πάνταο
2927 1385 2955 1438 ἦ
2988 1389 3235 1451 φυσικῶς,
3267 1385 3330 1441 ὡς
3367 1383 3394 1438 ἡ
3448 1380 3671 1455 ἐνέργεια
3701 1383 3764 1433 ἐκ

2156 1474 2246 1517 τοῦ
2297 1469 2634 1539 ἐνεργοῦντος.
2680 1471 2748 1520 Τὸ
2797 1473 2966 1520 τοίνυν
2999 1467 3045 1520 ἐν
3080 1477 3138 1540 τῇ
3199 1471 3439 1541 Παρθένῳ
3491 1473 3761 1540 γεννηθὲν,

2155 1558 2268 1606 οὔτε
2322 1564 2630 1626 γεννητικῶς
2681 1555 2734 1608 ἐκ
2811 1565 2900 1608 τοῦ
2969 1557 3119 1627 ἁγίου
3175 1561 3487 1629 Πνεῦματος·
3553 1559 3633 1608 ὅτι
3696 1560 3761 1608 τὸ

400 1641 796 1711 generationis
821 1640 1000 1695 modo
1027 1655 1062 1695 a
1089 1638 1304 1710 Spiritu
1341 1645 1545 1692 sancto
1569 1644 1652 1692 est
1673 1653 1683 1692 :
1701 1637 1862 1709 quia,
1893 1635 2037 1707 quod

2158 1645 2392 1712 γεννηθὲν
2425 1644 2575 1715 σάρξ·
2610 1649 2724 1697 οὔτε
2748 1653 2997 1716 φυσικῶς·
3019 1646 3100 1697 ὅτι
3120 1650 3177 1696 τὸ
3215 1652 3420 1717 Πνεῦμα
3452 1644 3757 1717 ἀσώματον.

398 1739 605 1786 natum
628 1733 737 1798 est,
771 1744 908 1784 caro
949 1733 1073 1786 est:
1110 1743 1304 1800 neque
1337 1727 1583 1782 naturali
1618 1727 1840 1781 modo:
1876 1724 2046 1796 spiri-

395 1825 487 1876 tus
513 1821 672 1875 enim
703 1820 1089 1889 incorporeus
1121 1824 1226 1872 est.
1280 1817 1590 1888 Reliquum
1638 1819 1726 1870 est
1752 1815 1946 1884 igitur,
1979 1818 2043 1869 ut

399 1910 475 1965 ab
499 1925 568 1964 eo
590 1909 681 1975 sit,
724 1913 1008 1978 tanquam
1038 1912 1327 1970 creatura,
1357 1905 1444 1960 vel
1471 1905 1788 1976 plasmatio
1821 1904 1970 1974 ejus.

469 1998 634 2053 Vers.
670 1997 757 2050 2t.
793 1996 980 2050 Pariet
1013 2026 1075 2034 -
1104 2012 1137 2048 a
1187 1994 1440 2063 peccatis
1489 2009 1709 2050 eorum.
1765 1997 1848 2048 Tu
1889 1993 2044 2047 hunc

399 2085 639 2142 vocabis
657 2087 876 2150 Iesum,
901 2083 1078 2155 quasi
1109 2083 1234 2153 lege
1267 2089 1450 2154 pater.
1488 2083 1620 2147 Etsi,
1655 2083 1865 2154 inquit,
1907 2097 2042 2154 quas

398 2176 582 2248 patris
621 2180 759 2229 sunt
790 2173 942 2229 circa
972 2173 1164 2245 ipsum
1197 2188 1315 2228 non
1358 2172 1714 2233 exercueris,
1766 2171 2042 2243 quamvis

399 2271 565 2322 tuum
593 2268 828 2328 nonest,
849 2263 1015 2334 quod
1039 2266 1249 2318 natum
1264 2266 1368 2328 est,
1402 2261 1656 2332 ideoque
1672 2275 1891 2316 nomen
1917 2261 2043 2331 ipse

397 2355 467 2410 de
487 2353 758 2426 supernis
793 2352 954 2407 attuli
989 2369 1002 2407 :
1037 2358 1097 2407 tu
1130 2357 1329 2407 tamen
1362 2351 1468 2423 ipsi
1496 2352 1788 2422 impones.
1823 2350 2042 2406 Verum

395 2445 538 2516 quia
560 2457 780 2498 nomen
808 2443 993 2506 Iesus,
1018 2443 1392 2497 Salvatorem
1417 2441 1728 2510 signiﬁcat,
1757 2439 2038 2506 ostendit,

396 2534 602 2589 merito
660 2532 740 2588 ita
794 2531 1124 2586 vocandum
1169 2546 1296 2585 esse
1355 2547 1371 2584 :
1422 2529 1554 2598 Ipse
1610 2529 1758 2584 enim
1813 2529 2044 2600 (inquit)

395 2623 622 2679 salvum
648 2621 822 2691 faciet
845 2620 1120 2691 papulum
1146 2635 1334 2683 suum,
1366 2635 1486 2674 non
1513 2635 1549 2675 a
1585 2619 1754 2674 bellis
1801 2617 2042 2673 sensibi-

395 2711 572 2778 libus,
605 2711 727 2775 sed,
749 2710 910 2782 quod
929 2711 1103 2780 longe
1118 2709 1314 2778 majus
1339 2713 1446 2777 est,
1477 2724 1513 2764 a
1530 2709 1792 2778 peccatis
1808 2723 2038 2762 eorum:

396 2799 560 2874 quod
593 2799 789 2854 nullus
821 2813 1088 2870 unquam
1115 2798 1246 2852 fecit
1266 2796 1578 2852 hominum
1613 2801 1710 2852 :ut
1735 2795 1873 2850 hinc
1896 2811 2043 2867 quo-

396 2905 514 2961 que
548 2886 924 2943 manifestum
958 2886 1132 2941 faciat
1171 2887 1358 2941 Deum
1401 2901 1547 2950 esse,
1599 2885 1696 2955 qui
1752 2885 2031 2956 gignitur.

2156 1737 2466 1804 Λειπόμενον
2498 1730 2584 1784 οὖν
2616 1731 2774 1800 ἔστιν,
2809 1733 2860 1796 ἐξ
2892 1734 3049 1786 αὑτοῦ
3090 1731 3240 1804 εἶναι,
3273 1738 3340 1796 ὡς
3372 1731 3763 1806 δημιούργημα

2156 1826 2243 1872 καὶ
2273 1827 2471 1894 κτίσμα
2493 1821 2700 1894 αῦτοῦ.]

2225 2016 2431 2078 Τέξεται
2482 2047 2551 2057 -
2581 2017 2679 2070 ἀπὸ
2728 2027 2825 2070 τῶν
2888 2017 3152 2091 ἁμαρτιῶν
3203 2018 3383 2073 αὐτῶν.
3443 2023 3507 2072 Σὺ
3567 2026 3758 2071 τοῦτον

2155 2105 2385 2167 καλέσεις
2431 2105 2657 2176 Ἰησοῦν,
2703 2109 2768 2170 ὡς
2820 2112 2957 2180 νόμῳ
3005 2111 3200 2181 πατὴρ,
3233 2108 3274 2160 εἰ
3321 2114 3409 2160 καὶ
3448 2113 3519 2180 μὴ
3571 2111 3754 2179 φύσει,

2155 2199 2243 2246 καὶ
2287 2197 2351 2246 τὰ
2395 2195 2507 2265 ('29)
2558 2199 2752 2269 πατρὸς
2784 2193 3015 2268 ἐπιδείξῃ
3070 2202 3185 2270 περὶ
3239 2197 3415 2265 αὐτὸν,
3465 2197 3506 2249 εἰ
3549 2201 3638 2248 καὶ
3676 2202 3754 2267 μὴ

2158 2287 2246 2336 σόν
2293 2283 2406 2335 ἐστι
2466 2287 2710 2355 γέννημα,
2767 2287 2862 2336 Διὰ
2890 2292 3041 2337 τοῦτο
3089 2288 3189 2357 γὰρ
3222 2288 3406 2357 τὸμὲν
3455 2290 3616 2358 ὄνομα
3657 2285 3762 2336 αῦ-

2154 2375 2240 2434 τὸς
2285 2373 2473 2424 ἄνωθεν
2538 2371 2776 2444 ἐκόμισα,
2825 2378 2888 2426 σὺ
2949 2370 3007 2426 δε
3057 2381 3208 2426 τοῦτο
3261 2373 3524 2435 ἐπιθήσεις
3586 2374 3755 2442 αῦτῷ.

2155 2461 2294 2514 Ἐπεὶ
2361 2458 2418 2513 δὲ
2471 2464 2526 2513 τὸ
2565 2462 2773 2524 Ἰησοῦς
2833 2467 3014 2534 ὄνομα,
3056 2470 3269 2537 Σωτῆρα
3327 2468 3586 2535 σημαίνει,
3641 2458 3756 2514 δεί-

2153 2571 2353 2618 κνυσιν,
2405 2552 2482 2602 ὅτι
2550 2546 2765 2612 δικαίως
2822 2551 2955 2603 οὕτω
3029 2551 3366 2609 κληθήσεται.
3437 2552 3598 2613 Αὐτὸς
3645 2553 3750 2622 γὰρ

2157 2645 2336 2703 σώσει,
2393 2644 2543 2710 φησὶ,
2607 2643 2690 2691 τὸν
2748 2639 2868 2690 λαὸν
2935 2640 3113 2709 αὐτοῦ,
3175 2640 3268 2692 οῦκ
3331 2639 3430 2692 ἀπὸ
3493 2639 3752 2709 πολεμίων

2153 2729 2437 2796 αἰσθητῶν,
2485 2725 2590 2778 ἀλλ’
2645 2730 2669 2778 ὅ
2723 2727 2889 2798 πολλῷ
2937 2729 3113 2800 μεῖζον
3166 2725 3247 2794 ἦν,
3290 2727 3390 2780 ἀπὸ
3427 2736 3522 2780 τῶν
3580 2726 3754 2798 ἀμαρ-

2153 2826 2273 2868 τιῶν
2337 2815 2528 2885 αὐτῶν,
2583 2817 2703 2888 ὅπερ
2763 2813 2936 2876 οὐδεὶς
3010 2815 3287 2888 ἀνθρώπων
3341 2820 3464 2868 ποτε
3529 2819 3749 2870 πεποίη-

2152 2926 2254 2958 κεν.
2310 2904 2396 2965 Ὠς
2459 2901 2587 2956 εἶναι
2639 2907 2907 2956 κάντεῦθεν
2953 2911 3232 2978 γνώριμον,
3289 2907 3367 2957 ὅτι
3419 2909 3541 2963 Θεὸς
3606 2901 3751 2954 ἐστιν

398 2974 682 3044 POpqum
715 2980 908 3028 autem
959 2989 1156 3040 suum,
1209 2973 1380 3043 juxta
1423 2974 1744 3044 proximum
1801 2973 2037 3044 quidem

2158 2995 2530 3064 ὀτικτὸμενος.
2593 2997 2730 3045 Λαὸν
2787 2990 2845 3045 δὲ
2898 2994 3057 3045 αὐτοῦ
3125 3013 3275 3065 φησι⁹
3339 2996 3472 3045 κατὰ
3515 2995 3602 3064 μὲν
3651 2995 3752 3047 τὴν

395 3061 776 3125 intellectum,
801 3066 975 3117 vocat
1011 3061 1270 3126 Iudaeos,
1322 3077 1391 3116 ex
1435 3063 1655 3134 quibus
1688 3068 1862 3117 natus
1894 3065 2037 3130 erat,

391 3151 552 3222 juxta
578 3167 863 3206 arcanum
898 3167 1050 3216 vero,
1107 3167 1335 3215 omnes,
1367 3152 1468 3223 qui
1510 3152 1570 3206 in
1601 3152 1804 3223 ipsum
1840 3151 2036 3206 crede-

394 3242 540 3308 rent,
572 3243 628 3292 et
652 3236 768 3292 sibi
808 3236 951 3309 ipsis
993 3251 1195 3307 regem
1226 3237 1387 3293 hunc
1419 3236 1794 3293 ascriberent.

465 3426 623 3484 Vers.
654 3431 747 3484 22.
804 3428 916 3484 Hoc
949 3433 1138 3483 autem
1170 3457 1240 3470 —
1281 3425 1658 3496 prophetam.
1712 3425 1892 3483 Etiam
1925 3425 2035 3484 hoc

395 3515 592 3572 subdit
617 3515 887 3586 angelus.
919 3515 1038 3571 Hoc
1073 3520 1273 3571 autem
1329 3520 1518 3570 totum
1551 3533 1564 3570 :
1598 3515 1733 3578 tale,
1767 3515 2032 3587 inquam,

395 3602 689 3668 Virginem
748 3601 967 3655 scilicet
1016 3616 1052 3655 a
1099 3599 1316 3670 Spiritu
1366 3605 1572 3655 sancto
1625 3600 2031 3670 impraegnari.

394 3683 614 3738 Deinde
646 3684 884 3737 adducit
909 3683 1328 3748 testimonium,
1383 3700 1486 3754 per
1535 3684 1875 3755 prophetam
1908 3686 2036 3757 qui-

391 3768 529 3823 dem
562 3770 771 3823 Isaiam
805 3768 1120 3838 prolatum,
1156 3783 1275 3822 non
1323 3776 1523 3825 tamen
1562 3771 1732 3840 quasi
1780 3771 1908 3840 ejus
1940 3771 2033 3838 sit,

393 3857 496 3912 sed
531 3857 627 3911 Dei
664 3877 675 3915 :
706 3857 942 3913 Dictum
972 3856 1130 3912 enim
1159 3862 1267 3927 est,
1315 3857 1525 3930 inquit,
1559 3874 1596 3914 a
1653 3860 1904 3916 Domino
1932 3877 2038 3932 per

386 3945 766 4016 prophetam.

463 4048 624 4102 Vers.
668 4053 755 4102 22.
807 4048 1094 4104 Dicentem
1128 4078 1196 4090 —
1226 4051 1336 4105 erit
1369 4050 1624 4120 gravida.
1688 4054 1804 4107 Hoc
1847 4052 2036 4108 Judaei

390 4137 736 4207 depravant,
778 4137 1072 4208 quosdam
1118 4139 1480 4210 proferentes
1529 4140 1895 4212 interpretes,
1930 4142 2034 4213 qui

392 4227 756 4298 scripserunt
782 4243 792 4281 :
821 4228 964 4283 Ecce
982 4228 1448 4284 adolescentuta.
1467 4229 1690 4294 Quibus
1716 4232 2036 4301 responde-

2151 3087 2431 3156 πρόχειρον
2494 3089 2706 3152 γνῶσιν,
2762 3087 2882 3143 τοὺς
2939 3079 3243 3146 Ἰουδαίους,
3302 3081 3353 3144 ἐξ
3402 3083 3468 3132 ὧν
3534 3079 3756 3132 ἀνεϐλά-

2155 3190 2334 3227 στησε·
2392 3172 2526 3222 κατὰ
2583 3166 2641 3222 δέ
2687 3175 2779 3229 τὴν
2830 3170 3142 3245 βαθυτέραν,
3189 3172 3386 3232 πάντας
3438 3174 3552 3230 τοῦς
3608 3168 3749 3237 αὐτῷ

2149 3263 2541 3326 πιστεύσοντας,
2597 3265 2682 3312 καὶ
2735 3259 2959 3332 βασιλέα
3029 3267 3207 3312 τοῦτον
3272 3259 3468 3318 ἑαυτοῖς
3529 3257 3749 3330 ἐπιγρα-

2148 3348 2217 3420 ψο
2222 3353 2372 3421 μένου
2382 3369 2424 3410 ς.

2218 3444 2379 3490 Τοῦτο
2415 3433 2825 3510 δὶ-προφήτου.
2877 3437 2932 3489 θ’
2987 3438 3202 3510 ἅγγελος
3246 3441 3334 3489 καὶ
3369 3444 3521 3489 τοῦτο
3578 3455 3738 3508 φησι,

2147 3531 2307 3578 Τοῦτο
2339 3522 2396 3578 δε
2423 3525 2556 3591 ὅλον,
2588 3529 2644 3577 τὸ
2677 3525 2998 3590 τηλικοῦτον,
3032 3532 3165 3599 φημὶ
3205 3521 3272 3584 δὴ
3302 3530 3359 3578 τὸ
3389 3525 3641 3597 ἐγκυμονῆ
3655 3544 3748 3576 σαι

2147 3617 2239 3672 τὴν
2293 3615 2546 3687 Παρθένον
2612 3614 2666 3666 ἐκ
2736 3618 3026 3688 Πνεῦματος
3092 3615 3267 3686 ἁγίου,
3329 3613 3453 3668 Εἶτα
3515 3615 3748 3685 παράγει

2146 3708 2458 3776 μαρτυρίαν,
2527 3700 2620 3755 διὰ
2681 3711 2770 3757 τοῦ
2827 3709 3092 3776 προφήτου
3152 3707 3240 3776 μὲν
3297 3703 3513 3756 Ἠσαίου
3563 3702 3743 3773 ῥηθεῖ-

2150 3811 2263 3858 σαν,
2333 3793 2425 3844 οῦκ
2487 3791 2644 3844 αὑτοῦ
2701 3789 2758 3844 δὲ
2815 3789 2996 3859 οὖσαν,
3061 3791 3187 3844 ἀλλὰ
3243 3799 3334 3844 τοῦ
3400 3799 3532 3844 Θεοῦ
3604 3789 3743 3862 (30)·

2146 3885 2214 3933 Τὸ
2270 3881 2423 3954 ῥηθὲν
2481 3884 2604 3954 γὰρ,
2673 3886 2848 3953 φησὶν,
2906 3883 3004 3933 ὑπὸ
3087 3889 3178 3933 τοῦ
3231 3885 3422 3955 Κυρίου
3511 3874 3604 3931 διὰ
3653 3886 3747 3931 τοῦ

2146 3973 2413 4041 προφήτου
2428 4012 2441 4026 ,

2219 4062 2466 4128 Λέγοντος
2529 4089 2600 4099 —
2651 4059 2699 4110 ἐν
2760 4063 2954 4133 γαστρὶ
2996 4058 3119 4120 ἔξει.
3203 4059 3454 4111 Ἐνταῦθα
3523 4075 3750 4132 κακουρ·

2146 4155 2330 4218 γοῦσιν
2401 4142 2669 4215 Ἰουδαῖοι,
2732 4144 3134 4221 προϐαλλόμενοί
3215 4166 3354 4206 τινας
3407 4148 3746 4218 ίρμηνευτὰς,

2146 4234 2470 4306 γράψαντας
2523 4232 2664 4288 Ἰδοὺ
2723 4238 2750 4293 ἡ
2816 4242 3002 4297 νεᾶνις,
3075 4239 3207 4310 Πρὸς
3273 4234 3362 4296 οὖς
3425 4254 3607 4306 φαμεν,
3664 4236 3749 4286 ὅτι

391 4333 544 4382 mus,
577 4316 803 4372 cunctis
827 4317 938 4371 illis
977 4317 1405 4389 interpretibus,
1426 4318 1608 4373 multo
1643 4318 1760 4374 ﬁde
1791 4320 2033 4392 dignius

2158 4324 2334 4376 κᾶλλον
2385 4333 2483 4376 τῶν
2540 4324 2702 4375 ἄλλων
2758 4324 2994 4377 ἁπάντων
3044 4323 3363 4397 ἑρμηνευτῶν
3422 4327 3477 4374 τὸ
3530 4323 3748 4384 ἀξιοπι“

389 4421 515 4462 esse
545 4405 626 4477 id,
655 4407 814 4478 quod
838 4405 1061 4466 habent
1086 4407 1492 4478 Septuaginta,
1520 4423 1639 4462 non
1663 4409 1855 4464 solum
1899 4427 2036 4481 pro-

389 4501 518 4567 pter
603 4511 810 4551 eorum
897 4496 1328 4552 multitudinem
1402 4503 1456 4552 et
1531 4497 2030 4565 conformitatem,

387 4597 596 4635 verum
625 4583 802 4638 etiam
839 4584 1124 4655 temporis
1172 4583 1424 4640 ratione.
1465 4585 1528 4639 Hi
1557 4586 1846 4656 siquidem
1897 4593 2032 4642 ante

389 4674 626 4724 centum
653 4675 708 4724 ct
738 4686 807 4726 eo
836 4671 1032 4742 plures
1055 4688 1243 4728 annos
1271 4679 1406 4728 ante
1463 4675 1666 4729 Christi
1715 4675 2030 4731 adventum

390 4758 748 4828 interpretati
772 4762 908 4814 sunt
933 4777 947 4813 :
974 4759 1226 4830 ideoque
1253 4761 1412 4816 omni
1440 4768 1643 4818 carent
1673 4765 2030 4836 suspicione.

392 4847 499 4913 Qui
545 4851 742 4902 autem
776 4848 1175 4919 scripserunt:
1206 4851 1356 4906 Ecce
1404 4852 1850 4918 adolescentuta,
1894 4861 2030 4926 post

391 4936 598 4993 Christi
628 4937 1094 4992 incarnationem
1140 4940 1499 5011 interpretati
1531 4949 1684 5006 sunt,
1727 4943 1860 4998 odio
1910 4962 2032 5001 ma-

463 5071 683 5126 “Joan.
733 5069 961 5136 vui,42.
1043 5071 1288 5130 “ICor.
1325 5089 1442 5141 vui,
1479 5078 1529 5131 6.

2149 4418 2382 4485 στότερον
2429 4415 2476 4464 οἱ
2535 4409 2928 4484 Ἐϐδομὴκοντα
2962 4414 3200 4484 ἔχουσιν,
3254 4411 3312 4464 οῦ
3365 4416 3516 4484 μόνον
3563 4407 3746 4463 διὰτὸ

2146 4502 2339 4562 πλῆθος
2365 4507 2450 4552 καὶ
2495 4507 2587 4560 τὴν
2623 4508 2945 4574 συμφωνίαν,
2999 4500 3127 4553 ἀλλά
3181 4505 3269 4553 καὶ
3319 4497 3411 4552 διὰ
3472 4504 3557 4552 τὸν
3598 4505 3746 4572 χρὸ-

2143 4610 2244 4644 νον.
2299 4591 2456 4642 Οὗτοι
2527 4594 2616 4662 μὲν
2694 4593 2791 4665 γὰρ
2850 4595 2948 4665 πρὸ
3005 4591 3182 4642 ἑκατὸν
3265 4594 3295 4648 ἤ
3344 4595 3431 4641 καὶ
3499 4589 3748 4640 πλειόνων

2144 4679 2264 4732 ἐτῶν
2336 4689 2428 4741 τῆς
2497 4687 2586 4731 τοῦ
2660 4687 2891 4750 Χριστοῦ
2957 4685 3246 4749 παρουσίας
3340 4679 3747 4750 ἐρμηνεῦσαντες

2143 4771 2317 4830 πάσης
2351 4769 2478 4820 εἰσὶν
2503 4767 2727 4840 ὑποψίας
2774 4767 3177 4840 ἀπηλλαγμένοι·
3236 4769 3284 4819 οἱ
3333 4763 3391 4818 δε
3442 4767 3749 4840 γράψαντες

2143 4862 2220 4927 τὸ,
2275 4854 2416 4910 Ἰδοὺ
2492 4860 2520 4915 ἡ
2590 4863 2770 4925 νεᾶνις,
2827 4860 2955 4928 μετὰ
3021 4862 3115 4914 τὴν
3193 4856 3581 4928 ἐνανθρωπησιν
3650 4863 3747 4907 τοῦ

3007 4944 3258 5017 ἀπεχθείᾳ
3354 4943 3564 5016 μᾶλλον,
3675 4946 3750 5007 ὡς

2140 4953 2375 5020 Χριστοῦ
2481 4946 2904 5019 ἐρμηνεύσαντες,

1587 5200 1810 5270 Variae
1840 5202 2168 5274 lectiones
2201 5213 2266 5274 et
2294 5213 2498 5274 notae.

489 5350 575 5417 28)
607 5346 837 5422 Inclusa
876 5347 1016 5405 Cod.
1048 5347 1314 5422 A.ihabet
1336 5350 1389 5405 in
1427 5369 1616 5422 marg.

489 5350 575 5417 28)
607 5350 837 5406 Inclusa
876 5350 1016 5405 Cod.
1048 5350 1113 5405 Α.
1144 5350 1314 5407 habet
1336 5350 1389 5405 in
1427 5369 1616 5422 marg.

465 5350 576 5500 229)
615 5427 716 5475 Τοῦ
734 5421 1048 5495 interponit
1079 5421 1282 5496 Chrys.
1320 5427 1354 5480 t.
1387 5424 1502 5495 VII,
1539 5443 1597 5496 p.
1640 5425 1730 5482 58.
1790 5427 1855 5482 Α.

2219 5356 2331 5430 (30)
2364 5360 2465 5409 Τοῦ
2503 5353 2720 5411 omittit
2745 5355 2806 5413 Β.
