3976 6222
224 121 314 192 1’33
1087 117 1460 189 COMMENT.
1508 115 1579 186 iN
1620 112 2068 190 MATTHEUM.
2110 160 2178 172 —
2207 123 2361 185 CAP.
2404 119 2449 185 Ι.

3389 120 3490 184 134

233 259 430 335 Ἑϐραῖοι,
478 262 788 312 συνεσκίασαν
841 261 937 318 τὴν
991 257 1254 316 ἀλήθειαν.
1307 257 1502 321 ’Ἄλλως
1549 278 1604 312 τι
1645 255 1728 328 δε,

1868 257 1949 328 ris,
1974 260 2178 327 utpote
2195 255 2440 322 Hebrai,
2473 253 2786 312 veritatem
2814 253 3198 310 obscurantes
3222 271 3234 312 :
3262 253 3488 327 alioqui

234 355 307 402 καὶ
344 352 390 401 τό
427 355 498 408 τῆς
534 349 839 410 νεανιότητος
895 353 1056 422 ὄνομα
1100 347 1184 401 ἐπὶ
1229 356 1320 409 τῆς
1369 349 1646 422 παρθενίας
1697 347 1727 405 ἡ

226 441 368 511 Ῑξοαρὲ
406 439 562 495 τίθησι.
608 443 704 491 Καὶ
750 441 854 514 γὰρ
901 443 1022 513 περὶ
1067 437 1226 512 κόρης
1276 435 1734 510 ἕπιϐουλευομένης

224 524 506 598 διαλεγομένη,
573 532 746 599 φησὶν,
831 527 917 580 ἐὰν
985 532 1194 600 φωνήσῃ
1257 529 1285 585 ή
1343 533 1523 596 νεᾶνις,
1583 544 1735 578 τουτο

219 617 344 680 ἐστιν,
371 615 393 670 ἡ
419 617 654 687 παρθένος.
702 616 763 669 Εἰ
812 612 871 668 δ⁶ε
925 617 1038 669 κατ’
1068 615 1252 676 αύτούς
1297 621 1477 680 νεᾶνις,
1520 616 1550 673 ἡ
1583 633 1737 685 γεγα-

213 707 372 775 μημένη
405 702 516 770 ἐστὶ,
571 709 621 756 τί
658 709 856 772 καινόν,
910 708 970 757 τὸ
1024 708 1117 764 τήν
1171 707 1536 777 γεγαμημένην
1589 702 1738 774 ἔγχυ-

209 799 387 863 μονῆσαι
454 797 533 844 καὶ
608 800 768 847 τεκεῖν
807 811 826 866 ;
869 792 928 851 Ὀ
1017 795 1116 868 γὰρ
1190 798 1459 868 προφήτης
1537 800 1737 866 πρῶτον

209 877 311 932 εἶπεν
341 876 494 933 ·Ἰδού
565 878 724 936 δώσει
810 885 997 956 Κύριος
1082 883 1203 955 ὑμῖν
1294 888 1527 954 σημεῖον.
1614 877 1742 933 Εἶτα

205 969 408 1038 ἐπήγαγεν
445 985 460 1002 ·
534 967 676 1023 Ἰδοὺ
751 973 781 1029 ή
866 971 1112 1046 παρθένος
1196 969 1244 1022 ἐν
1327 974 1522 1042 γαστρὶ
1617 969 1737 1031 ἔξει-

201 1061 366 1126 Σιεμεῖον
395 1053 449 1109 δέ
473 1056 601 1123 ἔστι,
644 1062 704 1111 τό
735 1061 862 1133 ὑπὲρ
904 1064 999 1118 τήν
1052 1061 1228 1132 φύσιν,
1285 1057 1389 1110 ἀλλ’
1423 1058 1480 1112 ού
1523 1060 1580 1110 τὸ
1610 1059 1746 1110 κατὰ

199 1147 339 1212 φύσιν.

251 1235 329 1285 Καὶ
384 1230 571 1293 τέξεται
627 1259 696 1272 —
752 1232 863 1304 μεθ’
923 1233 1067 1304 ἡμων
1121 1233 1147 1284 ό
1203 1236 1352 1292 Θεός.
1423 1233 1744 1304 Καλίσουσι,

194 1325 295 1380 τίνες
334 1337 347 1387 ;
389 1317 533 1371 Ὀσοι
592 1316 800 1378 δηλαδή
856 1324 1231 1373 πιστεύσουσιν
1287 1321 1355 1382 εἰς
1410 1321 1584 1378 αὐτόν.
1648 1320 1748 1378 Καὶ

192 1411 274 1478 μὲν
321 1403 477 1468 οὐδεὶς
533 1408 689 1460 αὐτόν
735 1409 1068 1482 Ἐμμανουήλ
1120 1410 1404 1482 ὠνόμασεν.
1464 1409 1747 1486 Ὀνομαστὶ

192 1497 279 1563 μὲν,
324 1492 483 1558 οὐδείς
513 1512 526 1526 ⁸
557 1507 938 1572 πραγματικῶς
981 1494 1060 1564 δε,
1125 1500 1331 1559 πάντες.
1387 1502 1452 1552 Οἱ
1499 1503 1600 1575 γὰρ
1654 1523 1748 1556 πι-

1843 363 2067 404 nomen
2087 346 2266 402 etiam
2283 343 2763 408 adolescentula,
2779 358 2887 416 pro
2905 341 3133 412 virgine
3153 341 3321 414 ponit
3343 342 3490 398 Scri-

1845 441 2041 509 ptura.
2076 437 2348 507 Loquens
2366 433 2663 506 siquidem
2702 432 2776 488 de
2806 431 3052 502 virgine,
3074 446 3211 504 qua
3242 430 3492 486 insidias

1848 540 2137 597 perpessa
2171 527 2258 580 est
2289 538 2300 578 :
2331 522 2378 576 si
2411 521 2777 587 clamaverit,
2806 519 3017 592 inquit,
3049 518 3493 576 adolescentula

1847 613 1966 669 sive
2005 611 2226 684 puella,
2245 611 2360 667 hoc
2390 614 2477 667 est
2503 610 2692 680 virgo.
2716 608 2887 675 Quod
2911 609 2958 663 si
2981 609 3150 679 juxta
3183 607 3495 664 eorumin-

1848 701 2143 758 tellectum
2176 699 2618 758 adolescentula
2648 702 2836 770 nupta
2865 702 2970 762 est,
3025 697 3171 769 quid
3216 696 3495 755 novitatis

1847 789 2094 847 habebit
2132 805 2266 846 eam
2297 804 2432 861 qua
2465 791 2654 860 nupta
2708 787 2802 854 sit,
2842 784 3193 857 concepisse
3223 801 3292 841 ac
3331 800 3494 856 pare-

1849 879 1960 935 re?
2021 879 2184 934 Prius
2240 876 2399 934 enim
2454 877 2600 932 dixit
2654 875 2978 948 propheta:
3043 875 3223 931 Dabit
3302 875 3498 930 Domi-

1853 985 1964 1026 nus
1985 969 2108 1037 ispe
2120 968 2276 1024 vobis
2295 969 2531 1037 signum
2546 968 2612 1031 ¹⁷,
2633 964 2840 1020 deinde
2862 963 3119 1021 addidit:
3155 965 3310 1020 Ecce
3329 966 3496 1035 virgo

1854 1057 1963 1114 erit
1990 1056 2327 1128 gravida“.
2359 1056 2607 1125 Signum
2636 1058 2836 1110 autem
2859 1052 3088 1119 dicitur,
3125 1052 3291 1124 quod
3316 1068 3498 1124 supra

1855 1151 2135 1202 naturam
2173 1150 2282 1215 est,
2313 1160 2436 1200 non
2465 1142 2625 1214 quod
2655 1141 2948 1198 naturale.

1928 1235 2096 1291 Vers.
2123 1235 2208 1289 23.
2240 1235 2315 1288 Et
2327 1234 2522 1303 pariet
2541 1263 2606 1272 —-
2629 1232 2924 1288 nobiscum
2948 1232 3107 1286 Deus.
3147 1229 3494 1288 Vocabunt:

1857 1324 2108 1397 quinam
2133 1321 2162 1377 i’
2187 1323 2530 1394 Quicunque
2561 1319 2778 1376 scilicet
2805 1319 2862 1375 in
2891 1320 3089 1391 ipsum
3120 1319 3500 1376 crediderint.

1857 1410 2247 1484 Atquinullus
2265 1411 2462 1483 ipsum
2494 1408 2844 1465 Emmanuel
2870 1408 3223 1464 nominavit.
3255 1409 3502 1465 Nomine

1857 1501 2105 1574 quidem
2135 1500 2353 1566 nullus,
2392 1515 2453 1555 re
2483 1503 2681 1556 autem
2710 1514 2943 1554 omnes.
3001 1497 3152 1563 Quia
3199 1497 3355 1553 enim
3383 1512 3504 1552 cre-

198 1587 427 1653 στιύοντες,
503 1587 582 1637 ὅτι
630 1588 656 1637 6
707 1582 1064 1659 διαλεγόμενος
1142 1587 1339 1654 αὐτοῖς,
1417 1588 1566 1652 οὗτός
1636 1589 1749 1644 ἔστι

1868 1591 2084 1658 dentes,
2107 1605 2245 1645 cum
2270 1589 2361 1644 hic
2391 1587 2883 1660 comprobaretur
2905 1602 3038 1642 esse
3063 1583 3237 1656 Deus,
3267 1585 3346 1640 ita
3379 1600 3506 1642 esse

193 1675 306 1742 Θεὸς,
362 1671 440 1745 ἀφ’
492 1674 560 1724 ὧν
612 1675 780 1737 οὕτως
846 1674 1140 1746 ἐπίστευον,
1195 1676 1609 1750 συνωμολόγουν,
1669 1681 1748 1732 ὅτι

195 1759 290 1812 Μεθ’
336 1762 468 1833 ἡμῶν
515 1764 541 1814 6
609 1767 758 1833 Θεὸς,
812 1767 980 1816 εἶτουν
1055 1769 1523 1840 συναναστρέφεται
1600 1769 1746 1841 ἡμῖν,

193 1850 242 1908 ὣς
281 1849 546 1922 ἄνθρωπος·
609 1858 776 1905 Τοῦτο
826 1847 885 1905 δέ
929 1851 1042 1906 ἔστι
1088 1857 1146 1906 τό
1197 1853 1548 1928 Ἐμμανουήλ.
1601 1859 1749 1920 Ἕθος

194 1931 254 2003 δι,
301 1943 379 1990 καὶ
438 1938 620 2014 ἑτέρως
682 1940 932 2002 πολλάκις
1003 1949 1110 2005 τοῖς
1181 1949 1476 2016 προφήταις
1542 1944 1749 2008 κλήσεις

191 2023 433 2097 ὀνομάζειν,
507 2031 602 2092 τὰς
676 2027 1076 2102 όιποϐησομένας
1147 2032 1380 2105 πράξεις.
1469 2039 1567 2087 Καὶ
1645 2038 1746 2110 γὰρ

188 2119 304 2166 τουτὶ
343 2119 395 2168 τὸ
439 2114 653 2170 παιδίον
699 2118 748 2170 ἄν
792 2118 960 2179 ἄλλοις
1012 2121 1038 2172 ό
1088 2125 1357 2193 προφήτης
1424 2121 1751 2197 ἕπιτρέπεται

189 2201 386 2272 καλέσαι,
479 2211 701 2279 Ταχέως
798 2207 1100 2277 σκύλευσον,
1203 2209 1391 2273 Ὀείως
1475 2216 1753 2286 προνόμευ-

193 2307 298 2343 σον·
333 2294 430 2365 οὐχ
457 2297 529 2358 ὡς
556 2296 698 2348 οὕτω
751 2295 1026 2360 κληθέντος
1071 2297 1342 2370 ὀνομαστὶ,
1389 2298 1496 2352 ἀλλ’
1547 2303 1616 2364 ὡς
1659 2302 1750 2354 αύ-

192 2386 285 2434 rixa
329 2387 410 2434 τόν
464 2380 499 2436 δ
504 2383 713 2438 ιάϐολον
780 2391 1318 2460 κατατροπωσαμίνου
1381 2393 1470 2441 καὶ
1533 2389 1754 2443 σκυλεύ-

191 2488 359 2540 σοτος,
413 2472 501 2534 οὓς
562 2469 708 2546 εἶχεν
752 2472 939 2536 ἔκεῖνος
994 2473 1384 2548 αἰχμαλώτους,
1432 2482 1520 2531 καί
1567 2499 1756 2555 προνο-

187 2560 454 2628 μεύσαντος,
512 2565 704 2631 εἶτουν,
779 2559 1170 2639 διαρπάσαντος
1219 2567 1286 2618 τὰ
1333 2569 1490 2625 σκεύη
1544 2569 1610 2620 τά
1663 2570 1758 2628 τήν

186 2654 403 2722 πονηρίαν
448 2650 609 2704 αὑτοῦ
681 2647 955 2724 δεξάμενοι,
1027 2657 1160 2726 φημὶ
1213 2649 1306 2723 δὴ,
1364 2659 1601 2723 τελώνας,
1669 2661 1759 2711 καὶ

186 2739 365 2807 πόρνας,
419 2745 507 2792 καὶ
553 2740 781 2813 λῃστὰς,
835 2745 924 2794 καὶ
969 2745 1090 2804 τοὺς
1144 2741 1198 2805 ἕξ
1243 2741 1398 2796 ίθνῶν
1433 2759 1446 2773 '
1479 2744 1760 2798 καὶπολλὰ

185 2833 376 2878 τοιαῦτα
405 2828 720 2902 εὑρήσομεν.

235 2917 498 2986 Διεγερθεὶς
571 2947 644 2958 -
720 2923 814 2975 τὴν
887 2925 1112 2990 γυναῖκα
1205 2921 1386 2974 αὐτοῦ.
1461 2927 1608 2975 Διατί
1685 2931 1758 2996 τῷ

178 2996 363 3073 ἐνυπνίῳ
421 3004 548 3077 ῥᾷον
632 3009 905 3060 ἒπίστευσε
960 3014 1078 3084 περὶ
1151 3008 1458 3068 τηλικούτου
1512 3014 1754 3086 πράγμα-

177 3105 244 3147 τος
270 3104 284 3155 ;
308 3095 436 3145 Διότι
493 3097 520 3146 6
573 3099 755 3168 φανεὶς
836 3096 1052 3168 ἄγγελος
1115 3097 1428 3171 ἀνεκάλυψεν
1494 3099 1636 3172 αὐτῷ
1699 3103 1757 3154 τὸ

174 3184 250 3240 τῆς
296 3178 511 3256 καρδίας
560 3183 730 3236 αὐτοῦ
773 3182 1060 3259 ἕνθύμημα.
1123 3194 1316 3246 Συνῆκε
1365 3191 1492 3265 γὰρ,
1545 3193 1626 3243 ὅτι
1679 3194 1758 3242 ὄν-

175 3283 257 3352 τας
300 3275 434 3345 παρὰ
485 3279 633 3326 Θεοῦ
683 3273 804 3332 ἧκεν
855 3276 882 3326 6
936 3280 1126 3347 φανείς.
1181 3282 1348 3340 Μόνος
1401 3281 1502 3352 γὰρ
1554 3281 1580 3332 ό
1633 3283 1761 3342 Θεὸς

179 3349 272 3408 οἶδε
297 3360 353 3410 τὰ
397 3369 494 3412 τῶν
553 3359 797 3437 καρδιῶν
846 3363 1202 3438 ἐνθυμήματα.
1254 3349 1413 3420 Ἐπεὶ
1442 3349 1500 3420 δε
1547 3366 1760 3442 ἀνέμνη-

181 3460 250 3494 σεν
304 3447 450 3500 αὑτὸν
496 3457 601 3502 καὶ
646 3459 742 3512 τῆς
786 3450 1002 3505 Ἠσαίου
1059 3459 1398 3528 προφητείας,
1448 3459 1520 3509 ἔτι
1569 3457 1759 3531 μᾶλλον

180 3531 235 3592 εἰς
259 3534 610 3612 πληροφορίαν
639 3538 920 3598 ἆϐεϐαιώθη
930 3583 942 3596 .

239 3629 327 3677 Καὶ
367 3628 458 3678 οὐκ
488 3659 558 3670 -—
607 3633 946 3701 πρωτότοκον.
1007 3634 1100 3702 Τὸ,
1157 3633 1265 3698 ἕως,
1333 3632 1555 3687 ἕνταῦθα
1605 3637 1762 3689 τίθει-

180 3727 265 3780 ιεν,
318 3715 418 3786 οὐχ
475 3718 560 3770 ἵνα
635 3719 985 3792 ὑποπτεύσῃς,
1064 3722 1144 3773 ὅτι
1219 3724 1350 3794 μετὰ
1413 3731 1579 3777 ταῦτα
1635 3728 1764 3796 ἔγνω

179 3800 335 3873 αὐτὴν,
390 3803 498 3856 ἀλλ’
548 3806 668 3858 ἐπεὶ
717 3806 773 3858 ἐκ
817 3815 1056 3883 πορνείας
1103 3811 1218 3881 (31)
1282 3815 1625 3883 γεγεννῆσθαι
1677 3818 1764 3867 τὸν

181 3893 383 3960 Χριστόν
455 3894 753 3967 ἐφλυάρουν
826 3894 1100 3968 Ἰουδαῖοι,
1170 3903 1295 3976 πρός
1365 3905 1454 3960 τήν
1522 3900 1765 3976 βλάσφη-

172 3997 254 4046 μον
304 3981 560 4054 ὑπόληψιν
614 3985 783 4037 αὐτῶν
833 3988 1100 4060 ἱστάμενος
1144 3990 1170 4041 ὀ
1210 3989 1601 4062 εὐαγγελιστής,
1649 3997 1766 4068 περὶ

172 4071 312 4134 μόνου
377 4080 467 4123 τοῦ
511 4077 688 4146 μέχρι
739 4083 830 4136 τῆς
905 4076 1064 4129 αὐτοῦ
1139 4083 1425 4150 γεννήσεως
1484 4077 1764 4155 ἕπληροφόο

168 4171 284 4224 pnas
307 4164 523 4231 χρόνον,
562 4165 628 4213 τὸ
677 4158 736 4215 δι
787 4166 917 4237 μετὰ
967 4172 1151 4234 ταῦτα,
1206 4171 1290 4219 σοὶ
1348 4167 1588 4222 κατελιπε
1635 4169 1765 4222 συλ-

171 4241 471 4330 λογίζεσθαι.
533 4257 662 4312 Πῶς
715 4255 814 4327 γὰρ
871 4251 932 4305 ὄιν
992 4253 1351 4330 ἐπεχείρησεν,
1408 4257 1436 4316 ἢ
1498 4262 1589 4310 καί
1639 4258 1765 4321 ὅλως

175 4327 439 4420 ξτεθυμήθη
508 4347 714 4412 γνῶναι
784 4354 878 4400 την
949 4327 1306 4398 συλλαϐοῦσαν
1365 4343 1420 4397 ἐκ
1478 4350 1768 4420 Πνεύματος

174 4419 325 4508 ᾇγίου,
391 4434 483 4480 καὶ
557 4436 795 4483 τοιοῦτον
868 4427 1080 4504 δοχεῖον
1152 4438 1491 4508 γεγενημένην
1528 4451 1541 4503 ;
1573 4442 1768 4490 Γνῶσιν

177 4504 243 4574 δε,
284 4512 503 4570 ἐνταῦθα
553 4522 650 4575 τὴν
686 4521 962 4592 συνάφειαν
1010 4504 1250 4595 εὐφήμως
1305 4504 1560 4577 ίαάλεσεν.
1614 4524 1771 4579 Ἀλλὰ

175 4605 250 4653 καὶ
295 4601 493 4679 ἰδίωμά
558 4604 674 4659 ἐστι
728 4616 820 4671 τῆς
870 4615 1092 4686 Γραφῆς,
1145 4615 1202 4664 τό
1250 4616 1346 4670 τήν
1393 4612 1526 4676 λέξιν
1581 4613 1768 4667 πολλά-

177 4707 263 4756 κις,
316 4699 409 4751 τήν
465 4697 588 4762 ἕως,
643 4702 715 4768 μή
778 4696 860 4750 ἐπὶ
930 4704 1338 4775 περιωρισμίνου
1397 4703 1592 4755 τιθέναι
1644 4707 1774 4776 χρό-

174 4795 251 4866 νον
280 4802 292 4813 ο
325 4784 373 4818 ²⁰
414 4786 480 4846 ὡς
534 4787 602 4837 τὸ
650 4784 734 4839 ἐπὶ
786 4795 878 4848 τῆς
929 4787 1151 4841 κιϐωτοῦ
1191 4811 1204 4824 ο
1246 4794 1347 4843 Καὶ
1395 4791 1488 4843 οὐκ
1537 4790 1770 4866 ἐπίστρε-

175 4862 256 4934 ψτδ
299 4873 323 4922 ό
369 4874 561 4948 κόραξ,
631 4876 725 4936 ἕως
795 4876 855 4928 οὗ
925 4875 1177 4952 ἐξηράνθη
1236 4881 1266 4937 ή
1315 4887 1406 4952 γῆ.
1482 4883 1616 4933 Οὔτε
1669 4862 1770 4955 γὰρ

171 4959 287 5027 μετὰ
335 4969 504 5017 ταῦτα
558 4961 861 5040 ἐπέστρεψε.
930 4972 1028 5020 Καὶ
1091 4962 1241 5031 αὖθις
1275 4988 1288 5003 ·
1334 4971 1508 5023 Κάθου
1565 4968 1620 5022 ἐκ
1680 4967 1772 5024 δε-

232 5082 272 5117 “
311 5086 480 5144 Deut.
513 5105 652 5157 nn,
684 5093 754 5146 27
766 5133 781 5149 .

1859 1678 2219 1736 credebant:
2286 1676 2724 1734 conﬁtebantur
2771 1674 2937 1748 quod
3000 1677 3158 1730 esset
3222 1673 3509 1729 nobiscum

1857 1766 2266 1825 Deus.Etenim
2283 1766 2601 1823 nobiscum
2619 1764 2792 1836 quasi
2813 1764 2995 1819 homo
3015 1761 3505 1818 conversabatur:

1857 1857 1972 1915 hoc
2000 1861 2200 1913 autem
2241 1859 2346 1920 est,
2377 1853 2748 1911 Emmanuel.
2779 1855 2926 1908 Nam
2951 1851 3100 1908 alias
3141 1865 3376 1923 quoque
3413 1851 3510 1907 hic

1859 1950 1947 2002 est
1984 1944 2291 2018 prophetis
2331 1959 2479 2009 mos,
2530 1941 2868 2000 vocationes
2920 1938 3223 2012 appellare
3276 1938 3509 1996 futuras

1860 2035 2137 2093 actiones.
2165 2033 2466 2106 Siquidem
2496 2047 2746 2106 puerum
2768 2030 2930 2086 hunc
2957 2030 3104 2086 inter
3124 2028 3242 2086 alia
3262 2029 3514 2084 nomina

1861 2123 2169 2197 propheta
2199 2122 2472 2195 praecepit
2516 2124 2692 2189 Deus,
2725 2125 2785 2176 ut
2809 2123 2972 2176 vocet
3002 2135 3014 2174 :
3055 2117 3179 2174 Cito
3221 2117 3514 2189 pradabi—

1865 2218 1982 2279 tur,
2011 2211 2140 2268 Cito
2165 2210 2429 2283 spoliabit
2460 2211 2542 2265 ¹⁹ς
2600 2223 2724 2266 non
2774 2207 2939 2281 quod
2989 2206 3231 2263 nomine
3287 2206 3368 2264 ita
3423 2222 3515 2262 vo-

1861 2304 2032 2358 catus
2063 2299 2153 2366 sit,
2187 2299 2290 2356 sed
2322 2299 2476 2371 quod
2509 2298 2706 2355 statim
2746 2295 3060 2352 diabolum
3103 2294 3414 2366 fugaverit,
3457 2297 3513 2350 et

1864 2404 2018 2462 quos
2046 2387 2142 2445 ille
2181 2387 2447 2460 captivos
2462 2387 2743 2454 habebat,
2777 2385 3079 2458 praedatus
3104 2385 3176 2441 sit
3196 2383 3518 2457 ac,spolia-

1865 2478 2030 2536 verit.
2051 2478 2262 2551 Rapuit
2279 2479 2482 2550 itaque
2507 2493 2675 2544 vasa,
2697 2492 2832 2550 qua
2872 2475 3228 2548 pravitatem
3257 2473 3386 2545 ejus
3411 2475 3518 2530 im-

1866 2566 2142 2624 biberant
2173 2585 2186 2624 :
2220 2566 2356 2623 dico
2381 2582 2524 2624 sane
2553 2565 2908 2640 publicanos
2935 2562 2992 2619 et
3021 2567 3220 2620 scorta
3257 2568 3314 2618 et
3343 2562 3518 2618 latro-

1867 2671 1993 2724 nes,
2018 2656 2242 2730 quique
2274 2672 2346 2712 ex
2372 2655 2644 2728 gentibus
2697 2653 3090 2718 crediderunt,
3123 2655 3179 2708 et
3243 2651 3516 2724 pleraque

1868 2744 2086 2803 similia
2117 2745 2511 2803 inveniemus.

1947 2924 2106 2983 Vers.
2139 2929 2228 2980 27.
2253 2925 2653 2996 Experrectus
2682 2954 2744 2966 —
2773 2920 3080 2995 conjugem
3107 2935 3296 2976 suam.
3322 2919 3520 2987 Quare

1871 3015 2179 3076 somnioin
2197 3030 2257 3070 re
2272 3015 2418 3070 tanti
2433 3011 2721 3070 momenti
2735 3010 2887 3069 adeo
2900 3010 3070 3068 facile
3085 3009 3333 3067 credidit
3345 3010 3522 3076 ‘PQuia

1868 3121 2168 3182 apparens
2193 3103 2443 3172 angelus
2472 3102 2680 3159 detexit
2712 3101 2764 3158 ei
2791 3101 3008 3174 proprii
3054 3100 3250 3156 cordis
3300 3100 3523 3170 cogita-

1869 3197 2114 3254 tionem.
2148 3191 2432 3249 lntellexit
2461 3206 2598 3260 ergo
2617 3205 2752 3246 vere
2786 3207 2823 3246 a
2871 3192 2988 3246 Deo
3036 3189 3258 3245 venisse
3293 3206 3306 3248 :
3356 3186 3522 3243 solus

1871 3285 2030 3344 enim
2062 3286 2218 3339 Deus
2248 3279 2410 3335 novit
2435 3278 2708 3334 cordium
2736 3293 2983 3334 arcana.
3019 3278 3344 3347 Postquam
3375 3289 3522 3330 vero

1871 3374 2074 3446 ipsum
2103 3366 2418 3426 admonuit
2437 3365 2785 3438 prophetia.
2816 3364 3004 3430 lsaia,
3037 3361 3307 3434 magisin
3333 3361 3524 3417 adim-

1872 3461 2125 3535 pletione
2147 3456 2536 3515 conﬁrmatus
2567 3458 2674 3510 est.

1945 3643 2102 3697 Vers.
2133 3638 2201 3692 24
2230 3635 2310 3692 Et
2353 3650 2462 3692 non
2528 3665 2596 3674 —
2627 3630 3111 3704 primogenitum.
3168 3631 3366 3688 Posuit
3403 3631 3524 3698 hic,

1874 3731 2062 3795 donec,
2087 3731 2287 3785 nonut
2312 3723 2575 3798 suspicio
2601 3721 2703 3780 tibi
2740 3722 3103 3784 suboriatur.
3131 3722 3294 3795 quod
3318 3726 3528 3795 postea

1877 3817 2390 3890 cognoveriteam.
2420 3813 2532 3872 Sed
2545 3810 3246 3886 quiaJudaiChristume
3276 3810 3528 3868 fornica-

1877 3909 2035 3965 tione
2049 3913 2254 3962 natum
2270 3903 2674 3974 nugabantur,
2701 3899 3093 3972 blasphemia
3109 3916 3315 3956 eorum
3332 3900 3501 3972 suspi
3513 3929 3530 3942 -

1877 3997 2047 4053 cione
2059 3994 2311 4051 obstans
2334 3990 2692 4062 evangelista
2711 3987 2785 4044 de
2805 3988 2932 4045 solo
2962 3995 3227 4060 tempore
3259 3988 3528 4044 nativita-

1878 4089 2001 4142 tem
2030 4081 2397 4156 pracedente
2432 4079 2672 4152 plenam
2703 4077 2840 4133 fecit
2868 4076 3083 4133 ﬁdem:
3112 4077 3186 4133 de
3201 4074 3529 4148 insequenti

1877 4189 2017 4230 vero
2047 4171 2154 4228 tibi
2184 4169 2422 4242 reliquit
2459 4167 2944 4239 conjectandum.
3008 4165 3322 4231 Quomodo
3370 4165 3531 4220 enim

1879 4265 2173 4325 tentasset,
2210 4257 2304 4314 vel
2358 4256 2536 4312 etiam
2582 4254 2899 4326 cogitasset
2964 4270 3102 4311 eam
3147 4267 3529 4322 cognoscere,

1878 4365 2009 4420 qua
2021 4349 2094 4404 de
2119 4346 2337 4420 Spiritu
2351 4348 2558 4400 sancto
2577 4343 2963 4413 concepisset,
2989 4346 3334 4412 tantumque
3373 4339 3534 4397 facta

1880 4433 2483 4508 essetreceptaculum
2507 4433 2535 4488 ?
2565 4430 2979 4501 Cognitionem
3003 4435 3204 4486 autem
3229 4429 3325 4485 hic
3348 4428 3534 4485 hone-

1881 4531 1966 4584 ste
1990 4542 2100 4600 pro
2125 4523 2324 4582 carnis
2363 4519 2782 4579 commistione
2810 4519 3026 4592 posuit.
3091 4521 3188 4575 Est
3244 4522 3533 4591 praterea

1884 4617 2192 4688 Scriptura
2231 4613 2472 4676 idioma,
2503 4609 2848 4676 dictionem,
2881 4609 3080 4676 donec,
3129 4624 3380 4681 ponere:
3415 4623 3535 4665 non

1884 4709 1948 4762 ut
1985 4708 2218 4776 tempus
2249 4700 2618 4759 determinet.
2650 4698 2830 4754 Veluti
2859 4698 2934 4755 de
2959 4714 3100 4756 arca
3139 4702 3258 4756 Noe
3287 4699 3383 4754 :Et
3413 4713 3533 4754 non

1883 4800 1967 4851 est
1998 4809 2263 4852 reversus
2291 4807 2515 4856 corvus,
2548 4789 2734 4846 donec
2763 4788 2979 4846 siccata
3004 4794 3086 4845 est
3120 4793 3279 4846 terra
3304 4804 3316 4844 :
3352 4803 3536 4859 neque

1884 4883 2037 4941 enim
2053 4889 2260 4952 postea
2272 4895 2537 4938 reversus
2551 4885 2634 4936 est
2656 4880 2725 4934 ³ο.
2746 4879 2811 4932 Et
2831 4893 3038 4934 rurum
3060 4893 3074 4934 :
3101 4878 3246 4934 Sede
3264 4891 3301 4933 α
3321 4875 3538 4934 dextris

1884 4974 2043 5038 meis,
2075 4971 2255 5029 donec
2271 4985 2491 5042 ponam
2518 4968 2778 5028 inimicos
2802 4973 2929 5025 tuos
2957 4966 3274 5026 scabellum
3316 4966 3535 5038 pedum

868 5091 1046 5162 "lea,
1075 5105 1168 5158 vn,
1209 5096 1292 5151 14.
1371 5096 1418 5131 ¹⁰
1448 5096 1563 5153 lsa.
1595 5111 1712 5163 vui,
1753 5096 1808 5154 3.
1887 5098 1937 5134 ³ο
1967 5099 2110 5156 Gen.
2144 5114 2263 5164 vm,
2294 5101 2348 5152 7.

1370 5218 1594 5290 Varia
1630 5219 1961 5290 lectiones
1993 5229 2056 5289 et
2085 5229 2288 5290 nota.

229 5354 333 5430 (31)
361 5355 606 5419 Videtur
627 5360 749 5420 hoc
789 5357 996 5418 referri
1025 5359 1102 5419 ad
1129 5361 1306 5420 Joan.
1354 5377 1433 5430 ur,
1475 5363 1566 5420 41.
1619 5361 1754 5437 εστὶ]

1871 5367 2075 5424 autem
2111 5361 2453 5436 γεγεννῆσθαι
2497 5359 2721 5437 duplici
2750 5380 2825 5430 w,
2863 5359 2971 5420 etsi
3010 5374 3133 5420 uno
3170 5373 3535 5438 repereram.
