3976 6222
435 154 538 223 136
1774 152 2109 224 ’EUTHYMII
2149 164 2478 227 ZIGABENI
3682 166 3777 231 l36

436 302 688 351 tuorum.
718 294 760 329 ²¹
787 294 1108 365 Atquipost
1137 294 1519 351 inimicorum
1551 296 1999 369 subjectionem,
2045 311 2071 352 δ

2192 296 2309 359 ξιῶν
2360 318 2481 370 μου,
2534 297 2622 359 ἕως
2668 295 2729 350 ἂν
2788 298 2858 350 θῶ
2910 298 3030 361 τούς
3077 296 3305 372 ἐχθρούς
3353 317 3448 351 σου
3500 297 3779 355 ὑποπόδιον

434 382 653 438 dextris
680 383 807 452 ejus
845 383 1041 447 sedet;
1074 383 1454 456 plurimaque
1495 386 1709 443 similia
1745 386 2080 459 frequenter

433 476 761 543 ponuntur.
800 471 1265 541 Primogenitum
1310 489 1550 547 quoque
1582 491 1741 531 nunc
1776 475 1930 539 dicit,
1957 491 2079 531 non

432 576 568 617 eum
602 562 699 632 qui
729 560 879 615 inter
902 560 1114 617 fratres
1154 561 1385 633 primus
1430 564 1622 629 fuerit,
1677 565 1781 620 sed
1830 565 2073 635 primum

434 654 489 706 et
514 650 728 705 solum.
773 653 924 704 Inter
962 649 1129 705 varia
1160 666 1421 724 namque
1453 653 1825 724 primogeniti
1858 653 2073 723 signiﬁo

433 746 582 803 cata,
611 738 726 794 tale
755 738 933 793 etiam
963 739 1275 811 quidpiam
1306 742 1657 797 continetur.
1705 743 1931 798 Etenim
1958 743 2076 814 pri-

432 843 601 883 mum
639 843 876 900 quoque
918 843 1049 883 esse
1095 844 1255 893 eum,
1306 831 1409 901 qui
1461 831 1623 886 solus
1662 836 1769 897 est,
1828 836 2079 887 testatur

436 916 758 987 Scriptura,
800 932 935 971 cum
963 916 1104 973 dicit
1134 934 1145 971 :
1175 918 1292 989 Ego
1339 920 1495 975 Deus
1551 920 1794 991 primus,
1863 927 1915 977 et
1946 927 2076 991 post

434 1018 525 1059 me
548 1016 667 1057 non
693 1009 777 1058 est
808 1004 962 1059 alter
987 1005 1053 1058 ι’.

506 1202 547 1270 -ζ-
573 1200 744 1271 Apud
773 1215 1004 1255 sacram
1039 1200 1400 1272 Scripturam
1466 1206 1721 1273 quatuor
1772 1206 2078 1275 ponuntur

436 1289 767 1359 signiﬁcata
792 1288 967 1359 hujus
995 1289 1277 1353 nominis,
1328 1289 1782 1361 primogenitus.
1836 1294 2079 1348 Denotat

434 1394 697 1450 namque
727 1378 986 1449 primum
1012 1378 1161 1433 inter
1187 1378 1394 1434 fratres
1424 1380 1711 1448 genitum.
1743 1380 1838 1435 Sic
1872 1381 2077 1436 Ruben

435 1466 642 1521 dicitur
656 1466 1083 1536 primogenitus
1098 1467 1307 1536 iii/iliis
1320 1468 1497 1523 Ja’cob
1516 1469 1584 1522 ’³.
1623 1467 2077 1542 Signiﬁcatquo~

436 1570 552 1625 que
579 1555 839 1625 primum
872 1559 927 1609 et
957 1554 1151 1610 solum
1185 1556 1469 1625 genitum,
1523 1557 1672 1613 sicut
1700 1558 1761 1613 in
1804 1560 2076 1631 praesenti

432 1624 691 1699 locoiAd
714 1644 842 1699 haec
859 1644 1033 1700 etiam
1048 1624 1605 1717 denotategregium
1626 1655 1680 1702 et
1699 1624 2073 1704 honoratum.
2108 1624 2153 1680 Β

435 1734 526 1788 Sic
566 1732 802 1802 dicitur,
844 1734 1103 1790 Ecclesia
1140 1736 1661 1806 primogenitorum
1706 1739 1766 1791 in
1800 1737 1945 1793 cmlis
1981 1738 2077 1794 de-

433 1825 792 1892 scriptorum
811 1826 857 1858 ’⁸
872 1825 1084 1878 Prester
1101 1824 1226 1880 hmc
1249 1831 1446 1881 autem
1463 1827 1683 1895 omnia,
1711 1826 2005 1896 signiﬁcat
2027 1832 2080 1884 et

433 1926 571 1966 eum
605 1912 706 1983 qui
741 1912 1083 1984 simpliciter
1101 1916 1421 1985 praecessit,
1448 1914 1610 1984 juxta
1632 1915 1812 1972 illud:
1854 1918 2076 1972 Primo-

431 2000 665 2069 genitus
687 1999 869 2054 omnis
909 2006 1197 2056 creatura:
1228 2004 1273 2037 ’⁵
1319 2003 1432 2059 hoc
1490 2006 1601 2070 est,
1642 2010 1778 2061 ante
1834 2021 2075 2061 omnem

433 2091 766 2143 creaturam
796 2087 1026 2144 habens
1057 2103 1205 2145 esse.

503 2179 661 2231 Vers.
678 2176 764 2231 25.
787 2178 861 2232 Et
876 2179 1094 2234 vocavit
1112 2194 1332 2236 nomem
1348 2183 1467 2250 ejus
1480 2181 1697 2237 Iesum.
1720 2182 1968 2239 Vocavit
1983 2184 2074 2240 Jo-

434 2265 599 2337 seph,
632 2266 1148 2337 quemadmodum
1190 2268 1437 2325 edoctus
1476 2275 1603 2327 erat
1626 2270 1703 2327 ab
1734 2271 1969 2343 angelo.

967 2410 1123 2466 CAP.
1156 2412 1298 2467 I.De
1316 2411 1534 2483 Magis.

508 2550 650 2623 Cap.
687 2555 751 2615 ll,
785 2554 944 2618 Vers,
967 2554 1017 2608 1.
1039 2553 1177 2609 Cum
1198 2563 1389 2612 autem
1407 2558 1637 2625 genitus
1659 2565 1801 2615 esset
1823 2561 1987 2617 Jesus
2010 2592 2076 2602 —

433 2642 865 2711 Hierosolyma.
900 2644 1093 2707 Quare
1119 2649 1173 2698 et
1201 2643 1400 2701 locum
1433 2646 1586 2711 dicit,
1635 2652 1689 2702 et
1719 2652 1975 2719 tempus,
2009 2666 2078 2706 ac

435 2730 678 2784 Herodis
704 2729 1052 2799 dignitatem
1084 2732 1109 2785 ‘?
1142 2731 1358 2787 Locum
1401 2734 1664 2805 quidem,
1699 2740 1761 2790 ut
1799 2737 2079 2793 ostendat

436 2818 792 2889 completam
838 2835 966 2874 esse
1007 2820 1255 2875 Michaeze
1312 2824 1700 2893 prophetiam,
1769 2826 1873 2897 qui
1905 2827 2075 2883 dixit:

434 2908 509 2961 Et
537 2913 621 2975 tu,
640 2906 939 2971 Bethleem,
974 2914 1135 2964 terra
1163 2910 1335 2975 Juda,
1377 2926 1742 2983 nequaquam
1761 2915 2001 2971 minima
2022 2931 2078 2971 es

434 2998 591 3051 inter
606 2974 906 3065 principes
927 2997 1119 3067 Iuda;
1151 3014 1221 3053 ex
1243 3005 1294 3053 te
1310 2974 1667 3057 enim-exibz't
1694 3003 1819 3059 dux
1848 3006 1953 3075 qui
1991 3022 2078 3061 re-
2116 2974 2155 3030 Ο

432 3090 527 3151 gat
548 3083 826 3152 populum
847 3100 1035 3140 meum
1061 3086 1247 3142 Israel
1267 3089 1339 3144 ".
1368 3090 1624 3160 Tempus
1646 3106 1805 3161 vero,
1832 3099 1893 3149 ut
1920 3094 2077 3149 simi-

434 3172 561 3227 liter
573 3171 1141 3246 doceret,impletam
1156 3190 1286 3231 esse
1299 3178 1672 3250 prophetiam
1686 3179 1871 3236 Jacob
1884 3182 2079 3238 dicen-

434 3262 505 3316 tis
521 3279 535 3315 :
551 3262 681 3317 Non
695 3262 913 3333 deﬁciet
924 3264 1327 3334 principatum
1355 3273 1551 3322 tenens
1565 3270 1636 3324 de
1648 3269 1685 3322 Ι
1690 3270 1823 3334 uda,
1841 3287 1943 3327 nec
1959 3273 2079 3327 dua:

431 3351 504 3406 de
538 3351 859 3418 femoribus
891 3354 1036 3421 ejus,
1069 3354 1253 3412 donec
1285 3357 1542 3422 veniant,
1575 3373 1705 3429 qua?
1746 3360 1797 3413 ei
1831 3362 2078 3430 reposita

430 3440 645 3494 sunt”.
682 3438 936 3496 Instante
958 3457 1173 3513 nempe
1202 3444 1525 3499 nativitatis
1552 3446 1758 3503 Christi
1789 3452 2075 3520 tempore,

432 3526 643 3581 defecit
664 3527 1064 3599 principatum
1084 3536 1290 3587 tenens
1304 3532 1376 3587 de
1396 3534 1561 3593 Juda.
1580 3550 1649 3590 ac
1670 3535 1953 3607 deinceps
1976 3537 2078 3592 do-

434 3614 647 3668 minari
662 3616 837 3685 coepit
854 3615 1109 3671 Herodes
1133 3618 1425 3674 Idumaeas
1447 3620 1797 3691 alienigena.
1823 3622 2078 3693 Dignita-

433 3708 547 3755 tem
583 3717 823 3772 quoque
878 3706 1075 3774 posuit
1120 3706 1377 3761 Herodis.
1430 3710 1554 3764 Fuit
1604 3711 1761 3765 enim
1820 3717 1877 3767 et
1932 3712 2078 3769 alter

435 3789 696 3844 Herodes
730 3792 1035 3854 tetrarcha,
1064 3797 1159 3864 qui
1194 3796 1959 3858 Prascursoreminteremit.

514 4003 576 4054 Hi
611 4003 809 4055 autem
841 3998 990 4067 Magi
1043 4004 1211 4056 erant
1266 4001 1477 4057 Persas.
1527 4002 1837 4075 Siquidem
1881 4006 2073 4063 Persae

432 4094 694 4147 maxime
722 4089 871 4143 inter
892 4103 1101 4143 omnes
1134 4091 1403 4145 nationes
1437 4092 1671 4163 magica
1698 4097 2072 4152 exercebant.

430 4180 751 4237 Considera
764 4178 961 4240 etiam,
977 4194 1009 4248 q
1025 4178 1285 4234 uomodo
1301 4180 1494 4235 statim
1512 4198 1546 4237 a
1560 4184 1852 4256 principio
1892 4186 2077 4258 genti-

431 4271 548 4328 bus
563 4270 620 4325 in
636 4267 1047 4325 confusionem
1066 4266 1428 4334 Judseorum,
1444 4270 1773 4342 ﬁdeijanua
1787 4276 2073 4346 aperitur.

430 4361 574 4416 Cum
602 4358 759 4414 enim
790 4356 849 4411 hi
882 4355 1201 4427 prophetas
1231 4356 1539 4424 habentes,
1564 4361 1663 4432 qui
1692 4362 1898 4418 Christi
1930 4380 2077 4435 pras-

427 4449 697 4504 dixerant
726 4447 1068 4510 adventum,
1111 4461 1326 4516 parum
1358 4448 1727 4505 adverterent
1782 4454 2069 4517 animum,

427 4537 562 4591 ideo
604 4535 966 4606 dispositum
1019 4540 1123 4600 est,
1159 4540 1221 4589 ut
1271 4538 1539 4593 venirent
1589 4540 1845 4605 Barbari,
1895 4542 2075 4614 hique

429 4623 1327 4694 Magi,etelonginquaregione,
1361 4633 1421 4680 ut
1453 4643 1552 4681 eos
1602 4628 2074 4703 docerent,quod

430 4729 463 4767 a
490 4712 747 4783 propriis
796 4712 1100 4782 prophetis
1138 4712 1363 4768 discere
1418 4731 1534 4770 non
1582 4718 1891 4783 curabant,
1920 4728 1980 4775 ut
2013 4738 2075 4777 se

428 4806 636 4874 postea
682 4801 1030 4855 contendere
1092 4800 1385 4857 voluerint
1436 4821 1554 4861 non
1594 4807 1855 4863 habeant
1911 4812 2074 4883 quod

429 4891 853 4963 respondeant.
889 4888 1041 4957 Quid
1066 4891 1221 4945 enim
1262 4892 1455 4949 dicere
1493 4901 1788 4967 poterunt,
1831 4900 2075 4971 quando

503 5094 729 5168 “P5311.
759 5110 869 5157 διδ,
906 5096 957 5151 1.
1032 5097 1079 5168 _"
1116 5098 1225 5151 lsa.
1257 5113 1409 5168 XLIV,
1446 5104 1499 5155 6.

432 5166 484 5221 2.
552 5167 599 5202 ³⁷
633 5165 773 5222 Gen.
806 5182 962 5235 xux,
991 5166 1073 5222 tO.

1581 5106 1623 5135 ³³
1647 5102 1788 5158 Gen.
1822 5120 1989 5162 xxxv.
2018 5107 2107 5173 23,

2189 396 2286 438 τῶν
2341 384 2515 440 ποδῶν
2573 408 2688 440 σου.
2750 392 2951 451 Καίτοι,
3025 393 3113 439 καὶ
3165 391 3295 461 μετὰ
3368 394 3461 447 τὴν
3521 390 3778 463 ὑποταγὴν

2188 485 2287 527 τῶν
2335 476 2559 551 ἐχθρῶν,
2620 479 2809 548 ὁμοίως
2883 476 2937 528 ἐκ
2992 473 3173 539 δεξιῶν
3244 477 3405 529 αὐτοῦ
3469 476 3777 536 καθεδεῖται,

2191 564 2289 617 Καὶ
2338 566 2499 617 πολλὰ
2545 573 2761 617 τοιαῦτα
2831 564 3099 637 πολλαχοῦ
3155 570 3379 638 κείμενα.
3452 572 3779 639 Πρωτότοκον

2189 650 2267 721 δὲ,
2298 654 2431 725 λέγει
2483 662 2590 725 νῦν,
2637 654 2695 705 ού
2725 658 2812 705 τόν
2860 662 3059 728 πρῶτον
3119 656 3167 706 ἐν
3222 652 3478 727 ἀδελφοῖς,
3534 655 3659 709 ἀλλὰ
3698 661 3777 710 τὸν

2186 747 2273 794 καὶ
2315 752 2533 815 πρῶτον,
2583 748 2673 795 καὶ
2726 747 2897 815 μόνον.
2957 742 3108 795 Ἐστι
3160 746 3259 818 γάρ
3318 764 3367 795 τι
3411 749 3499 796 καὶ
3554 754 3779 799 τοιοῦτον

2188 828 2322 892 εἶδος
2368 831 2417 884 ἐν
2465 839 2579 893 ταῖς
2625 837 2911 904 σημασίαις
2959 839 3049 884 τοῦ
3104 836 3456 905 πρωτοτόκου.
3532 839 3628 886 Καὶ
3680 838 3775 909 γὰρ

2188 920 2303 991 (32)
2352 926 2553 994 πρῶτον
2601 920 2764 989 ἔστιν,
2824 923 2905 973 ὅτε
2961 925 3046 973 τόν
3094 926 3245 993 μόνον
3292 922 3321 979 ἡ
3360 926 3533 994 Γραφή
3584 923 3727 976 καλεῖ
3762 941 3772 955 ⁸

2186 1011 2251 1069 ὡς
2297 1013 2354 1061 τό
2394 1026 2405 1037 ·
2438 1011 2572 1080 Ἐγώ
2620 1009 2723 1081 εἰμι
2793 1012 2919 1070 Θεὸς
2976 1018 3197 1085 πρῶτος,
3248 1014 3337 1062 καὶ
3394 1010 3503 1083 μετ’
3559 1009 3645 1083 ἐμὲ
3690 1013 3776 1065 ούκ

2185 1100 2319 1150 ἔστιν
2350 1099 2530 1171 ἔτερος.

2255 1223 2522 1297 [Τέσσαρα
2548 1218 2583 1274 δ
2589 1222 2609 1274 ἐ
2635 1223 2745 1293 (33)
2775 1222 2917 1297 παρά
2945 1231 3003 1296 τῇ
3054 1225 3165 1295 θείᾳ
3194 1229 3369 1296 Γραφῇ
3413 1230 3501 1276 τοῦ
3528 1229 3779 1297 πρωτοτό-

2186 1332 2279 1365 κου
2311 1316 2375 1363 τὰ
2408 1317 2780 1384 σημαινόμενα.
2823 1312 2977 1369 Δηλοῒ
3019 1316 3119 1387 γὰρ
3168 1316 3255 1365 τὸν
3300 1322 3500 1385 πρῶτον
3531 1316 3778 1385 τεχθέντα

2188 1400 2235 1453 ἐν
2286 1397 2543 1473 ἀδελφοῖς,
2605 1403 2673 1462 ὡς
2728 1404 2753 1452 ό
2796 1400 3033 1473 Ῥουϐεἱμ
3092 1402 3292 1473 λέγεται
3363 1406 3681 1476 πρωτότοκος
3730 1404 3777 1455 ἐν

2188 1494 2315 1550 υἱοῖς
2377 1489 2578 1542 Ἰακώϐ.
2640 1489 2756 1543 Ἔτι
2814 1487 2871 1543 δε
2926 1495 3013 1541 xui
3066 1494 3150 1542 τόν
3221 1498 3420 1565 πρῶτον
3478 1497 3567 1543 xui
3630 1497 3776 1563 μόνον

2188 1579 2458 1651 τεχθέντα,
2514 1581 2577 1639 ὡς
2628 1582 2713 1631 ἐπὶ
2769 1586 2858 1631 τοῦ
2906 1584 3239 1652 προκειμένου
3296 1581 3479 1653 ῥητοῦ.
3538 1584 3670 1653 Πρός
3720 1578 3774 1633 δι

2186 1671 2408 1737 τούτοις,
2464 1672 2552 1720 καὶ
2601 1671 2686 1719 τόν
2731 1667 2986 1741 ἐξαίρετον
3034 1674 3121 1719 καὶ
3161 1674 3328 1740 τίμιον
3374 1710 3386 1724 ,
3420 1671 3489 1721 ως
3532 1673 3589 1720 τό
3629 1687 3641 1700 ·
3684 1674 3777 1723 Kui

2190 1758 2473 1815 Ἐκκλησία
2546 1762 2883 1831 πρωτοτόκων
2969 1757 3435 1830 ἀπογεγραμμένων
3512 1757 3559 1809 έν
3627 1758 3777 1830 ούραα

2186 1855 2307 1908 νοίς.
2350 1848 2463 1899 Ἐπί
2492 1852 2625 1899 πᾶσι
2671 1844 2750 1913 δι,
2800 1850 2889 1898 καὶ
2927 1850 3013 1899 τόν
3058 1846 3228 1907 ἁπλῶς
3276 1851 3520 1921 προόντα,
3573 1850 3643 1909 ὡς
3671 1852 3727 1900 τό
3762 1868 3773 1881 ·

2188 1940 2518 2011 Πρωτότοκος
2585 1938 2759 1998 πάσης
2825 1941 3060 2002 κτίσεως,
3140 1940 3394 2005 τουτέστι,
3448 1940 3544 2010 πρὸ
3604 1938 3778 1999 πάσης

2186 2030 2405 2088 κτίσεως
2437 2026 2547 2095 ὤν.]

2260 2209 2359 2257 Καὶ
2409 2203 2617 2256 ἐκάλεσε
2690 2207 2746 2257 τὸ
2822 2207 2980 2276 ὄνομα
3054 2202 3212 2255 αὐτοῦ
3279 2203 3501 2261 Ἰησοῦν.
3564 2203 3775 2257 Ἐκάλε-

2189 2312 2272 2346 σεν
2316 2294 2443 2346 αὐτὸ
2475 2294 2499 2345 ὁ
2532 2293 2746 2364 Ἰωσὴφ,
2792 2294 2855 2353 ὡς
2899 2287 3165 2363 ἐδιδάχθη
3224 2295 3367 2366 παρὰ
3415 2299 3508 2345 τοῦ
3539 2291 3773 2363 ἄγγελον.

2578 2439 2721 2489 ΚΕΦ.
2764 2433 2836 2489 Δ’.
2871 2438 2995 2506 Περὶ
3034 2441 3131 2485 τῶν
3168 2440 3380 2505 Μαγων.

2260 2577 2328 2635 Β’.
2380 2583 2482 2630 Τοῦ
2541 2573 2600 2629 δι
2670 2577 2844 2633 Ἰησοῦ
2916 2576 3239 2646 γεννηθέντος
3303 2605 3375 2616 —
3430 2573 3773 2649 Ἰεροσόλυμασ

2187 2673 2329 2727 Τίνος
2382 2667 2559 2730 ἕνεκεν,
2601 2669 2687 2716 καὶ
2744 2668 2828 2715 τόν
2884 2668 3042 2715 τόπον
3093 2662 3245 2733 λέγει,
3303 2666 3391 2714 καὶ
3444 2666 3529 2713 τόν
3566 2670 3772 2736 χρόνον,

2187 2760 2275 2808 καὶ
2318 2758 2376 2807 τὸ
2429 2762 2518 2806 τοῦ
2572 2749 2807 2827 Ἡρώδου
2886 2750 3089 2823 ἀξίωμα
3123 2769 3135 2818 ;
3170 2755 3266 2804 Τόν
3323 2754 3413 2822 μὲν
3465 2755 3638 2819 τόπον,
3701 2753 3778 2803 ἶνα

2189 2840 2359 2915 δείξῃ,
2428 2844 2507 2893 ὅτι
2554 2840 2888 2914 πεπλήρωται
2941 2842 2969 2896 ἡ
3031 2846 3121 2890 τοῦ
3184 2843 3421 2909 Μιχαίου
3473 2846 3773 2912 προφητεία,

2187 2933 2493 3004 εἰρηκότος·
2531 2935 2630 2982 Καὶ
2689 2933 2771 2999 σύ,
2849 2927 3088 2999 Βηθλεὲμ,
3159 2937 3224 2997 γῆ
3292 2924 3484 2997 Ἰούδα,
3542 2924 3777 2999 οὐδαμῶς

2186 3022 2441 3092 ἐλαχίστη
2501 3015 2547 3071 εἶ
2594 3018 2639 3069 ἐν
2694 3026 2797 3077 τοῖς
2849 3020 3098 3089 ἡγεμόσιν
3152 3012 3328 3068 Ἰούδα
3370 3033 3382 3044 ·
3422 3014 3475 3066 ἐκ
3534 3024 3631 3067 σοῦ
3680 3020 3777 3089 γὰρ

2187 3108 2498 3172 ἐξελεύσεται
2574 3108 2872 3178 ἡγούμενος,
2956 3106 3097 3164 ὅστις
3181 3110 3419 3175 ποιμανεῖ
3500 3107 3588 3155 τὸν
3664 3104 3778 3173 λαόν

2186 3217 2284 3269 μου
2344 3200 2427 3249 τόν
2480 3194 2715 3268 Ἰσραήλ.
2759 3198 2857 3246 Τὸν
2915 3189 2974 3245 δὲ
3020 3197 3231 3265 χρόνον,
3288 3194 3371 3243 ἶνα
3419 3188 3639 3263 διδάξῃ,
3704 3195 3777 3244 ὅτι

2183 3288 2377 3357 ὁμοίως
2451 3283 2721 3356 ἐπληρώθη
2807 3287 2896 3334 καὶ
2951 3284 2981 3339 ἡ
3040 3286 3329 3355 προφητεία
3409 3290 3499 3332 τοῦ
3576 3281 3775 3347 Ἰακὼϐ,

2187 3376 2414 3433 εἰπόντος
2448 3390 2458 3403 ·
2494 3373 2606 3425 Ούκ
2679 3370 2899 3441 ἐκλείψει
2981 3372 3163 3442 ἄρχων
3250 3368 3305 3431 ἕξ
3378 3366 3576 3435 Ἰούδα,
3664 3365 3781 3421 οὐδὲ

2186 3465 2465 3535 ἡγούμενος
2529 3460 2581 3512 ἐκ
2637 3468 2736 3512 τῶν
2792 3468 2970 3533 μηρῶν
3029 3459 3208 3529 αὐτοῦ,
3266 3460 3358 3519 ἕως
3419 3456 3479 3509 ἂν
3534 3459 3683 3531 ἔλθη,

2188 3552 2477 3606 ἀπόκειται.
2533 3558 2634 3602 Τοῦ
2684 3556 2917 3623 Χριστοῦ
2966 3551 3066 3619 γὰρ
3120 3549 3426 3618 γεννηθῆναι
3491 3547 3781 3619 μεἿςλοντος,

2187 3640 2406 3703 ἐξέλιπεν
2467 3640 2649 3711 ἄρχων
2704 3637 2755 3700 ἐξ
2822 3633 3020 3705 Ἰούδα,
3097 3641 3185 3687 καὶ
3254 3636 3431 3687 λοιπόν
3498 3637 3626 3710 ἦρξε
3690 3645 3783 3687 τῶν

2187 3726 2457 3781 Ἰουδαίων
2510 3724 2749 3799 Ἡρώδης
2800 3728 2824 3778 ὁ
2878 3722 3197 3797 Ἰδουμαῖος,
3251 3723 3545 3796 ἀλλόφυλος.
3606 3729 3675 3777 Τὸ
3729 3721 3785 3775 δε

2186 3817 2393 3890 ἀξίωμα
2432 3823 2524 3869 τοῦ
2572 3812 2829 3889 Ἡρώδου,
2866 3811 3004 3866 διότι
3052 3818 3139 3865 xui
3179 3814 3347 3887 ἕτερος
3376 3817 3582 3884 γέγονεν
3620 3812 3783 3887 Ἡρώ-

2187 3904 2287 3968 δης
2317 3909 2342 3958 ό
2368 3908 2681 3981 τετράρχης,
2715 3906 2739 3955 ὁ
2770 3908 2855 3956 τὸν
2890 3899 3193 3977 [Ιροδρομον
3224 3901 3426 3956 ἀνελών.

2257 4009 2500 4068 Οὗτοιδέ
2531 4014 2579 4063 οἰ
2624 4014 2818 4081 Μάγοι,
2872 4014 3066 4081 Πέρσαι
3124 4006 3275 4067 ἦσαν.
3328 4013 3395 4060 Oi
3440 4013 3641 4082 Πέρσαι
3686 4010 3783 4082 γὰρ

2186 4103 2415 4175 μάλιστα
2471 4109 2570 4152 τῶν
2632 4099 2792 4152 ἄλλων
2850 4103 3046 4157 ἤσκουν
3105 4100 3171 4149 τὰ
3226 4100 3444 4169 μαγικά.
3505 4096 3646 4171 Ὀρα
3706 4094 3780 4161 δὲ,

2185 4194 2317 4251 ὃπῶς
2389 4192 2445 4243 ἐκ
2516 4194 2804 4264 προοιμίων
2880 4187 3136 4258 ἀνοίγεται
3213 4194 3321 4247 τοῖς
3400 4187 3567 4239 ἔθνεσι
3659 4188 3785 4258 θύρα

2183 4286 2427 4344 πίστεως,
2463 4278 2534 4340 εἰς
2563 4278 2825 4349 αἰσχύνην
2873 4285 2971 4328 τῶν
3019 4272 3305 4328 Ἰουδαίων.
3352 4275 3493 4328 Ἐπεὶ
3542 4278 3645 4347 γὰρ
3690 4282 3786 4325 τῶν

2184 4378 2458 4441 προφητῶν
2514 4367 2803 4431 ἀκούοντες,
2860 4368 3359 4439 προαναφωνούντων
3408 4368 3499 4421 τὴν
3551 4370 3786 4439 Χριστοῦ

2184 4463 2499 4528 παρουσίαν,
2548 4456 2606 4508 ού
2663 4452 2871 4529 σφόδρα
2923 4461 3228 4528 προσεῖχον,
3276 4454 3610 4524 ᾠκονομήθη,
3666 4461 3788 4527 Βαρ-

2186 4546 2373 4621 ϐάρους
2428 4545 2609 4614 ἐλθεῖν,
2669 4550 2757 4596 καὶ
2804 4547 3016 4604 τούτους
3068 4546 3304 4613 Μάγους,
3356 4548 3442 4593 καὶ
3496 4542 3550 4592 ἐκ
3607 4550 3788 4615 χώρας

2184 4642 2402 4709 μακρᾶς,
2462 4640 2550 4686 καὶ
2618 4630 2837 4696 διδάξαι
2891 4634 3099 4698 αύτούς,
3159 4632 3183 4682 ὁ
3237 4635 3379 4703 παρὰ
3432 4640 3531 4682 τῶν
3594 4652 3791 4707 προφη-

2184 4734 2282 4777 τῶν
2331 4726 2511 4795 μαθεῖν
2565 4723 2656 4775 ούκ
2712 4724 3020 4793 ἠνέσχοντο,
3086 4723 3184 4784 ἱνα,
3247 4721 3289 4772 εὶ
3338 4720 3790 4791 φιλονεικησουσιν

2184 4818 2279 4879 ἔτι,
2336 4815 2509 4874 πάσης
2553 4811 2837 4882 ἀπολογίας
2878 4809 3003 4862 ὦσιν
3060 4810 3407 4883 ἐστερημένοι.
3468 4814 3531 4861 Τί
3571 4812 3675 4884 γὰρ
3734 4806 3791 4859 ἂν

2184 4908 2273 4955 xui
2325 4899 2567 4955 δύναιντο
2629 4901 2810 4972 λέγειν,
2868 4902 2988 4953 ὅταν
3056 4900 3233 4972 Μάγοι
3306 4902 3397 4971 μὲν
3451 4896 3553 4950 ἀπὸ
3627 4898 3794 4969 ὅψεως

2824 5108 2871 5141 ³⁸
2904 5104 3130 5163 Coloss.
3165 5120 3201 5170 ι,
3240 5106 3323 5161 15.
3402 5106 3449 5140 ³⁸
3495 5104 3680 5161 Mich.
3730 5119 3789 5170 v,

2185 5110 2232 5144 ²¹ι
2261 5108 2435 5165 Hebr.
2470 5123 2630 5173 xvui,
2657 5108 2745 5162 23.

1656 5298 1870 5370 Variae
1912 5302 2241 5373 lectiones
2281 5314 2346 5372 et
2378 5312 2559 5371 notas

430 5434 436 5441 ’
502 5434 618 5583 (32ζ
658 5438 759 5489 Καί
787 5434 954 5518 addit
984 5436 1060 5494 A.

498 5510 589 5582 (33
647 5511 1043 5566 ΑέοωιιιιιΑ.

647 5512 707 5563 Δέ
736 5506 951 5566 omittit
980 5513 1043 5564 Α.
1078 5510 1357 5583 praeterea
1385 5508 1535 5577 haec,
1558 5529 1693 5587 quae
1730 5516 1960 5577 inclusa
1988 5525 2145 5591 sunt,
2170 5522 2229 5578 in
2258 5518 2527 5594 margine
2582 5515 2783 5576 habet.
