3976 6222
275 175 352 239 13η
1137 171 1510 237 COMMENT.
1553 175 1623 232 IN
1664 174 2115 240 MATTHzEUM.
2153 214 2221 224 —
2253 182 2418 241 CAP.
2459 181 2530 240 II.

3407 188 3512 245 138

275 308 359 367 ἐνὸς
379 304 533 376 ἀστέρος
554 303 912 372 πιστεύσωσιν,
937 301 1086 356 αὐτοὶ
1103 299 1137 356 δ
1141 305 1162 356 'e
1187 299 1326 376 μηδὲ
1349 311 1458 366 τοῖς
1481 307 1752 368 τοσούτοις

1909 307 2030 377 agi,
2081 307 2208 365 viso
2258 309 2429 366 unico
2473 311 2658 375 astro,
2699 307 3089 377 crediderunt,
3142 311 3258 384 ipsi
3311 318 3513 372 autem

273 400 488 468 apopérau;
507 391 762 463 ἀνέχωνται
789 395 1056 445 πιστεύειν
1069 437 1082 450 ,

321 489 502 553 Λέγοντες
569 512 631 521 -
719 489 1088 554 προσκυνῆσαι
1186 484 1346 552 αύτῷ.
1429 486 1528 534 Καὶ
1598 484 1750 535 πόθεν

261 575 443 641 ἔγνωσαν,
486 573 546 621 ότι
600 571 622 620 ὁ
677 568 850 644 ἀστὴρ
909 569 1098 631 ἐκεῖνος
1163 568 1422 642 βασιλέως
1479 568 1751 623 Ἰουδαίων

1186 481 1346 552 αύτῷ.

254 658 395 717 ἐδήλου
443 663 685 729 γέννησινς
735 658 825 714 Ἐκ
891 667 982 711 τοῦ
1056 663 1231 730 γένους
1285 667 1377 711 τοῦ
1430 657 1751 732 ἀστρολόγου

253 748 408 819 Βαλαὰμ
443 752 778 820 καταγόμενοι,
819 752 911 800 καὶ
947 751 1038 806 τὴν
1085 746 1276 799 ἐκείνου
1317 752 1569 819 μετιόντες
1607 746 1754 800 ἐπισ-

249 843 388 908 τέμην,
431 838 638 908 εὕρισκον
690 837 848 888 αὐτὸν
921 840 1288 910 προειρηκότα,
1373 838 1454 888 ὅτι
1501 835 1753 888 Ἀνατελεί

245 925 386 998 ἄστρον
429 926 474 987 ἐξ
540 924 738 990 Ἰακὼϐ,
813 931 902 977 καὶ
973 924 1320 984 ἀναστήσεται
1377 923 1642 998 ἅνθρωπος
1699 924 1754 986 ἐξ

243 1013 396 1087 Ἰσραὴλ
445 1019 521 1066 καὶ
571 1013 747 1066 λοιπόν
806 1013 907 1065 ἀπὸ
965 1023 1058 1074 τῆς
1123 1015 1368 1072 τοιαύτης
1436 1017 1753 1085 προφητείας

238 1100 468 1171 ἐγίνωσκον,
512 1103 584 1155 ότι
631 1101 940 1175 βλαστῆσαι
981 1102 1147 1173 μέλλει
1197 1100 1250 1163 ἐξ
1295 1097 1555 1156 Ἰουδαίων
1597 1100 1749 1173 βασι-

235 1189 332 1258 λεὺς,
377 1187 507 1247 δίκην
558 1190 770 1264 ἀστέρος
822 1190 1016 1261 ὑψηλὸς
1067 1195 1157 1242 καὶ
1207 1189 1589 1264 λαμπρότατος.
1653 1195 1753 1242 Καὶ

232 1278 363 1329 λοιπόν
410 1283 561 1332 ἔκτοτε
622 1285 947 1354 παρετήρουν
997 1283 1112 1339 τούς
1171 1277 1419 1350 ἀστέρας⁶
1469 1285 1755 1336 τηνικαῦτα

231 1363 274 1417 δέ
312 1372 380 1418 τόν
435 1367 652 1427 ἀσυνήθη
713 1377 896 1422 τοῦτον
950 1373 1037 1420 καὶ
1089 1375 1368 1439 καινοφανῆ
1425 1368 1751 1439 θεασάμενοι,

225 1451 350 1525 μηδὲν
395 1456 713 1527 μελλήσαντες
763 1455 916 1530 ἦλθον
990 1464 1357 1531 προσκυνῆσαι
1425 1464 1498 1526 τῷ
1577 1474 1754 1526 γεννη-

228 1546 345 1609 θέντι,
414 1547 620 1607 θελόντες
698 1546 755 1598 ἐκ
833 1552 1040 1620 πρώτης
1106 1545 1309 1605 ἡλικίας
1377 1544 1516 1615 αύτῳ
1584 1543 1754 1615 φιλίαν

1859 411 2054 468 neque
2085 401 2166 454 tot
2194 398 2500 470 prophetis
2550 398 2784 455 credere
2821 398 3156 456 voluerunt.

1931 485 2094 541 Vers.
2128 486 2179 540 2.
2205 487 2462 544 Dicentes
2482 517 2539 528 —
2578 488 2656 542 ad
2679 488 3056 544 adorandum
3080 505 3230 547 eum.
3261 493 3328 548 Et
3355 491 3514 549 unde

1859 581 2266 642 cognoverunt
2298 575 2532 631 stellam
2565 575 2728 632 illam
2756 577 2906 646 regis
2932 577 3276 634 Judazorum
3306 580 3517 637 nativi-

1859 666 2040 718 tatem
2070 664 2448 720 manifestare
2479 665 2506 722 7
2538 666 2687 730 Quia
2713 681 2785 720 ex
2815 681 3031 735 genere
3063 667 3302 724 Balaam
3333 674 3518 727 astro-

1860 750 1982 820 logi
2025 752 2488 821 descendebant,
2520 754 2807 824 etscripta
2832 753 2992 810 illius
3022 755 3334 826 adeuntes,
3352 757 3517 816 inve-

1859 845 2075 895 nerunt
2104 841 2182 896 ab
2205 857 2272 896 eo
2305 842 2526 898 dictum
2563 859 2576 898 :
2611 842 2851 900 Orietur
2897 845 3076 901 stella
3105 860 3181 902 ea:
3229 845 3434 914 Iacob,
3460 854 3517 906 et

1861 935 2162 999 consurget
2193 929 2354 986 homo
2384 947 2450 985 ea:
2489 931 2670 988 Israel
2708 932 2777 985 ²⁸.
2810 931 2932 987 Tali
2971 932 3173 1006 itaque
3203 935 3519 1008 prophetia

1860 1017 2133 1087 permoti,
2164 1022 2554 1087 agnoverunt,
2588 1035 2658 1074 ex
2680 1018 2708 1073 J
2719 1019 2904 1075 udaeis
2925 1036 3126 1091 regem
3150 1023 3518 1079 nasciturum

1860 1104 1920 1159 in
1949 1106 2194 1160 modum
2227 1106 2432 1171 stellaz,
2481 1107 2782 1163 excelsum
2813 1109 3034 1165 scilicet
3064 1115 3119 1165 et
3144 1109 3394 1167 clarum.
3434 1114 3518 1167 Ex

1862 1208 1932 1249 eo
1962 1193 2139 1262 igitur
2164 1199 2427 1265 tempore
2450 1196 2652 1252 stellas
2679 1195 3082 1253 observabant
3113 1216 3126 1254 :
3158 1204 3294 1255 tunc
3316 1205 3517 1256 autem

1859 1281 2018 1337 hanc
2062 1284 2380 1351 insuetam,
2413 1289 2467 1340 et
2496 1291 2761 1341 recenter
2799 1292 3185 1358 apparentem
3229 1288 3512 1354 videntes,

1863 1370 2008 1425 nihil
2032 1371 2372 1428 cunctando
2405 1379 2716 1441 venerunt,
2746 1378 2805 1429 ut
2841 1391 2978 1429 eum
3027 1375 3130 1446 qui
3161 1380 3338 1432 natus
3366 1381 3513 1441 erat,

1862 1459 2202 1525 adorarent,
2230 1460 2496 1515 volentes
2528 1477 2564 1516 a
2594 1462 2788 1532 prima
2808 1461 3011 1517 statim
3037 1467 3207 1518 aetate
3237 1463 3349 1535 ipsi
3376 1479 3518 1535 pen-

1863 1547 2002 1603 dere
2035 1547 2248 1604 tributa
2274 1549 2374 1620 (b),
2406 1553 2470 1604 ut
2498 1550 2907 1620 cognito,quis
2927 1555 3102 1617 esset,
3122 1551 3261 1606 etin
3289 1567 3410 1623 qua
3427 1567 3520 1608 or-

223 1632 561 1700 καταϐαλέσθαι,
608 1639 701 1687 καὶ
759 1637 842 1687 ἱνα
892 1640 1114 1706 γνόντες,
1175 1638 1254 1695 τίς
1308 1653 1363 1686 τε
1409 1636 1510 1698 εἴη,
1569 1636 1659 1686 καί
1703 1632 1754 1684 ἐν

1909 1654 1957 1691 ιε
1983 1637 2356 1700 civitate,ubi
2369 1637 2668 1702 crevisset,
2712 1639 2974 1694 amicum
2990 1638 3100 1694 sibi
3115 1638 3420 1695 haberent.
3450 1640 3517 1696 Et

224 1727 316 1790 ποία
349 1722 472 1774 πόλει
520 1728 841 1795 γεγέννηται,
895 1723 1165 1786 αύξάνοντι
1223 1721 1350 1795 φίλῳ
1407 1726 1744 1796 χρήσωνται,

223 1807 335 1861 Ἀλλὰ
372 1817 519 1886 μέχρι
559 1817 647 1885 μὲν
692 1812 1042 1872 Παλαιστίνης
1094 1813 1195 1864 ὑπὸ
1226 1815 1318 1863 τοῦ
1367 1808 1580 1884 ἀστέρος
1608 1806 1754 1869 ὡδη-

221 1906 384 1968 γούιτο·
437 1909 534 1961 τοῖς
578 1902 959 1977 Ἰεροσολύμοις
1019 1898 1078 1953 δὲ
1123 1901 1521 1969 πλησιάσαντες,
1582 1899 1755 1952 ούκέτι

222 1995 360 2039 τοῦτον
405 1986 550 2044 εἶδον.
620 1997 785 2043 Τοῦτο
843 1986 904 2042 δὲ
978 1994 1198 2061 γέγονεν,
1265 1990 1348 2040 ἱνα
1396 1992 1484 2040 τὸν
1558 1983 1754 2057 ὁδηγὸν

216 2074 514 2145 amiserat“,
589 2078 998 2150 ἀναγκασθῶσιν
1082 2077 1365 2152 ἐρωτῆσαι,
1440 2081 1529 2128 καὶ
1621 2075 1755 2128 οὓτω

215 2168 379 2232 γένηται
423 2164 718 2226 κατάδηλον
761 2163 1060 2234 Ἰουδαίοις,
1107 2169 1186 2219 ὅτι
1224 2170 1528 2238 γεγέννηται
1557 2166 1582 2216 ό
1631 2172 1758 2236 Χρι-

214 2257 320 2317 στὸς,
361 2257 422 2316 ὡς
475 2261 542 2328 μὴ
602 2253 869 2309 δύνασθαι
929 2255 1117 2316 αύτούς
1171 2254 1220 2317 ἐς
1285 2255 1500 2329 ὕστερον
1570 2252 1752 2324 λέγειν,

213 2345 268 2392 ᾶτι
313 2343 408 2410 Οὐκ
465 2341 699 2417 οἴδαμεν,
763 2344 808 2396 εἰ
864 2347 1182 2416 γεγέννηται.
1248 2345 1506 2415 Ἐμήνυσε
1561 2337 1618 2394 δὲ
1669 2344 1756 2392 τόν

211 2436 394 2503 Χριστὸν
444 2431 630 2506 ἀστὴρ,
692 2435 776 2485 ἶνα
828 2438 919 2485 καὶ
974 2435 1004 2490 ἠ
1072 2453 1162 2486 του
1217 2431 1432 2503 Βαλαὰμ
1468 2434 1758 2504 προφητεία

209 2518 433 2593 πλπρωθῇ-
489 2523 627 2575 Ἐπεὶ
674 2525 776 2594 γὰρ
843 2524 892 2574 οἱ
960 2531 1241 2596 προφῆται,
1296 2528 1402 2581 τοῖς
1477 2515 1756 2578 Ἰουδαίοις

207 2614 297 2680 περὶ
378 2619 461 2662 τοῦ
543 2619 784 2686 Χριστοῦ
882 2614 1273 2684 προμηνύοντες,
1367 2608 1461 2661 ούκ
1555 2606 1754 2679 ἔμελλον

205 2700 377 2766 πείθειν,
420 2700 592 2751 λοιπον
631 2707 744 2761 τοίς
790 2701 981 2751 ἔθνεσιν
1032 2699 1200 2772 ἀστήρ
1249 2701 1429 2770 μηνύει
1477 2700 1561 2748 τόν
1612 2696 1754 2753 ἣλιον

203 2792 274 2845 τῆς
304 2782 648 2856 δικαιοσύνης,
700 2788 755 2840 ἐκ
804 2796 900 2848 τῆς
939 2796 1034 2859 γῆς
1074 2786 1424 2839 ἀνατελλοντα·
1469 2788 1601 2837 Οὔτε
1651 2787 1752 2855 γὰρ

882 2614 1273 2684 προμηνύοντες,

202 2881 445 2946 speset“,
511 2882 626 2929 οὗτε
687 2876 904 2948 ἄγγελον
979 2873 1220 2945 ἧδεισαν,
1283 2877 1364 2926 ἱνα
1439 2871 1512 2926 δι’
1589 2873 1754 2925 αὐτῶν

201 2961 463 3016 ὲλκνσθώσι.
528 2970 695 3019 Μόνοι
754 2962 812 3017 δι
878 2967 966 3016 τόν
1032 2962 1229 3038 ἀστέρα
1282 2970 1463 3015 τοῦτον
1521 2979 1752 3036 παρεση-

198 3059 443 3120 μειωσαντο
513 3060 736 3129 Πέρσαι,
797 3055 866 3113 ὡς
940 3057 1087 3125 μόνοι
1166 3057 1286 3124 περὶ
1350 3057 1444 3110 τὴν
1513 3051 1755 3123 ὀξυτέραν

201 3137 492 3214 ἀστρολογίαν
543 3143 599 3195 ἐκ
651 3148 894 3204 νεότητος
964 3140 1368 3213 ἀσχολούμενοι.
1434 3140 1510 3192 Ού
1575 3141 1756 3199 πάντες

199 3224 245 3278 δε
280 3230 321 3280 οἱ
346 3236 553 3304 Πέρσαι,
607 3234 690 3284 ὅτι
729 3227 852 3283 οὐδὲ
898 3229 1014 3302 (34)
1059 3232 1240 3290 πάντες
1267 3226 1401 3287 ἦσαν
1429 3227 1562 3290 ὀξεῖς
1609 3223 1754 3297 οὐδὲ,

198 3317 363 3386 ἔμελλον
389 3321 578 3391 ὁμοίως
601 3322 890 3377 πιστεύειν.

251 3411 368 3478 Πρός
411 3405 469 3462 δε
514 3413 640 3470 τοὺς
693 3407 1135 3482 προϐαλλομένους
1181 3409 1268 3459 τὸν
1334 3404 1529 3480 ἀστέρα
1576 3411 1757 3458 τοῦτον

195 3493 246 3553 εἰς
290 3502 586 3571 συνηγορίαν
646 3504 740 3557 τῆς
785 3495 1224 3567 γενεθλιαλογίας,
1273 3495 1476 3568 ῥητέον,
1529 3495 1610 3546 ὃτι
1663 3493 1759 3545 ούκ

193 3581 240 3638 ἦν
284 3584 420 3647 οὗτος
460 3590 611 3658 φύσει
661 3584 853 3659 ἀστὴρ,
908 3583 1016 3636 ἀλλ’
1065 3583 1182 3654 ὄψει
1232 3587 1384 3655 μόνον
1425 3581 1615 3657 ἀστὴρ,
1668 3587 1758 3634 καὶ

192 3673 243 3730 ὡς
285 3672 474 3737 ἀληθῶς
517 3677 632 3728 θεία
689 3694 770 3734 τις
816 3670 1058 3746 δύναμις,
1111 3672 1179 3732 εἰς
1232 3675 1426 3729 ταύτην
1476 3689 1762 3743 μετασχη-

190 3764 476 3829 ματισθείσα
524 3769 620 3822 τὴν
670 3762 810 3833 ὄψιν.
861 3766 961 3815 Καὶ
988 3769 1143 3814 τοῦτο
1201 3756 1357 3820 δῆλον
1406 3758 1508 3811 ἀπὸ
1539 3757 1757 3812 πολλῶν.

191 3854 370 3920 Πρῶτον
417 3857 524 3923 μὲν,
579 3851 683 3904 ἀπὸ
726 3857 816 3911 τᾶς
858 3855 1085 3922 πορείας.
1144 3851 1343 3910 Παντὸς
1393 3850 1494 3921 γὰρ
1547 3845 1764 3920 ἀστέρος

191 3937 236 3998 ἐξ
286 3937 517 4000 ἀνατολῆς
567 3941 642 4002 εἰς
709 3936 862 3991 δύσιν
934 3935 1268 4011 βαδίζοντος,
1319 3933 1466 3998 οὖτος
1511 3940 1660 4008 μόνος
1712 3934 1765 3997 ἐξ

191 4026 350 4096 ἁρκτου
421 4033 551 4100 πρὸς
644 4026 972 4100 μεσημϐρίαν
1044 4025 1258 4100 ἐφέρετοο
1349 4027 1593 4082 τοιαύτην
1661 4025 1762 4095 γὰρ

191 4114 323 4188 ἴλαχε
363 4119 499 4170 θέσιν
557 4119 596 4174 ἡ
662 4115 980 4173 Παλαιστίνη
1033 4119 1163 4188 πρὸς
1208 4119 1302 4172 τὴν
1345 4109 1601 4188 Περσίδα,
1643 4114 1765 4164 Δεύ-

189 4223 310 4275 τερον
338 4203 412 4271 δε,
464 4205 571 4258 ἀπὸ
614 4213 704 4265 τῆς
731 4204 1113 4276 λαμπρότητος
1161 4200 1369 4262 οὐδενός
1409 4205 1512 4276 γὰρ
1546 4199 1765 4272 ἀστέρος

193 4290 230 4342 ἓν
272 4296 424 4368 ἑμρα
472 4297 807 4367 φαινομένου,
857 4290 950 4345 διὰ
989 4297 1084 4351 τὴν
1113 4291 1399 4366 ὑπερϐολὴν
1436 4299 1528 4350 τῆς
1554 4290 1768 4350 ἡλιακῆς

1865 1722 2114 1795 quidem
2152 1739 2340 1796 usque
2367 1723 2443 1779 ad
2483 1723 2810 1781 Palmstinze
2839 1726 3145 1795 regionem
3176 1725 3360 1783 stellm
3405 1726 3519 1782 du-

1863 1817 2056 1868 catum
2086 1812 2448 1868 habuerunt.
2484 1812 2592 1868 Ubi
2621 1817 2820 1869 autem
2850 1813 3271 1885 Hierosolymis
3302 1830 3520 1886 appro-

1862 1900 2274 1973 pinquassent,
2300 1899 2562 1972 amplius
2583 1916 2718 1956 eam
2749 1917 2871 1956 non
2901 1900 3198 1958 viderunt.
3234 1901 3406 1968 Quod
3435 1901 3519 1959 fa-

1862 1994 2024 2045 ctum
2056 1996 2164 2060 est,
2197 1994 2261 2045 ut
2298 1989 2450 2045 duce
2485 1988 2713 2060 perdito
2744 1989 3110 2059 interrogare
3141 1994 3514 2060 cogerentur,

1863 2077 2144 2150 fieretque
2169 2077 2387 2133 Judaais
2415 2077 2788 2134 manifestum
2821 2083 3029 2135 natum
3059 2094 3193 2136 esse
3219 2078 3519 2137 Christum

1863 2182 1938 2222 ne
1983 2167 2044 2222 in
2082 2171 2388 2238 posterum
2440 2165 2631 2222 dicere
2688 2172 2930 2239 possent
2978 2183 2992 2222 :
3034 2171 3162 2224 Non
3214 2168 3517 2236 novimus,

1863 2260 2065 2312 utrum
2091 2259 2269 2311 natus
2286 2256 2378 2312 sit.
2404 2255 2764 2325 Signiﬁcavit
2801 2255 2981 2312 etiam
3008 2255 3168 2313 stella
3195 2255 3515 2322 Christum,

1864 2349 1929 2400 ut
1961 2343 2203 2400 Balaam
2234 2344 2548 2416 prophetia
2573 2343 2978 2417 compleretur.
3009 2345 3160 2411 Quia
3197 2345 3356 2402 enim
3383 2361 3518 2418 pro-

1864 2434 2078 2505 phetm,
2095 2432 2384 2489 Christum
2404 2437 2942 2504 praamonstrantes,
2960 2434 3183 2490 Judtnis
3205 2449 3521 2506 persuasu-

1863 2522 1912 2578 ri
1928 2537 2049 2578 non
2075 2527 2262 2585 erant,
2296 2521 2598 2593 reliquum
2616 2525 2760 2590 erat,
2792 2526 2853 2577 ut
2885 2522 3160 2591 gentibus
3181 2522 3349 2578 stella
3374 2523 3521 2578 indi-

1864 2616 2023 2666 caret
2042 2610 2282 2680 justitiae
2312 2609 2508 2666 Solem
2556 2625 2587 2665 e
2617 2613 2774 2665 terra
2803 2611 3110 2665 orientem.
3145 2613 3344 2681 Neque
3361 2614 3520 2668 enim

1864 2700 2215 2772 prophetam
2248 2703 2351 2754 aut
2381 2698 2654 2754 nuntium
2681 2698 2974 2765 viderant,
3007 2704 3071 2753 ut
3090 2697 3168 2754 ab
3195 2699 3278 2754 eis
3303 2714 3522 2767 cogno-

1866 2795 2113 2844 scerent.
2139 2789 2256 2844 Soli
2279 2793 2479 2843 autem
2510 2788 2699 2842 Persae
2730 2786 2959 2842 stellam
2991 2787 3150 2842 hanc
3172 2786 3519 2843 observave-

1864 2883 2024 2945 rant;
2055 2877 2162 2933 soli
2190 2892 2452 2948 namque
2477 2876 2822 2947 diligentius
2853 2876 3012 2931 circa
3032 2876 3417 2946 astrologiam
3443 2877 3522 2932 ab

1865 2966 2118 3022 infantia
2143 2966 2831 3037 occupabantur.Neque
2854 2970 3046 3020 tamen
3067 2980 3278 3020 omnes
3307 2965 3518 3033 Persas,

1865 3054 2140 3126 quianon
2170 3069 2380 3109 omnes
2402 3054 2553 3109 acris
2585 3061 2754 3109 erant
2795 3053 3037 3122 ingenii,
3062 3069 3256 3124 neque
3281 3053 3523 3126 aequali-

1865 3147 1953 3198 ter
1977 3157 2190 3198 omnes
2221 3146 2389 3198 erant
2407 3141 2702 3197 credituri.

1938 3399 2106 3454 Nunc
2125 3412 2263 3454 vero
2288 3395 2612 3454 dicendum
2632 3399 2721 3452 est
2737 3399 2943 3451 contra
2959 3391 3395 3460 Genethliacos,
3415 3395 3524 3468 qui

1868 3487 2101 3545 stellam
2118 3487 2269 3543 hanc
2287 3485 2594 3558 proferunt
2607 3485 2667 3540 in
2687 3482 3083 3556 patrocinium
3107 3482 3248 3538 artis
3276 3482 3526 3539 Geneth-

1867 3578 2054 3643 liacae,
2081 3575 2312 3631 stellam
2343 3575 2500 3630 hanc
2544 3589 2662 3629 non
2715 3577 2994 3628 naturam
3047 3570 3368 3637 stellarum,
3415 3571 3524 3627 sed

1868 3665 2127 3736 ﬁguram
2142 3662 2751 3719 duntaxathabuisse.
2783 3664 2847 3716 Et
2879 3659 3527 3732 veredivinaqumdam

1871 3755 2060 3810 inerat
2086 3753 2355 3825 potentia
2384 3751 2440 3806 in
2469 3751 2620 3806 hanc
2658 3750 2910 3821 ﬁguram
2963 3748 3410 3807 transformata.
3461 3750 3528 3805 Et

1871 3845 1984 3900 hoc
2010 3841 2256 3914 quidem
2287 3856 2359 3896 ex
2393 3840 2592 3895 multis
2610 3837 2996 3894 manifestum
3027 3843 3129 3893 est.
3181 3838 3444 3894 Primum
3491 3854 3528 3894 a

1871 3933 1988 3987 via.
2017 3935 2151 3987 Nam
2181 3929 2457 4003 quaelibet
2509 3928 2678 3984 stella
2729 3927 2806 3982 ab
2850 3931 2984 3983 ortu
3043 3927 3411 3997 progreditur
3464 3926 3525 3981 in

1873 4036 2177 4083 occasum,
2231 4018 2360 4073 sola
2391 4018 2517 4072 haec
2549 4033 2584 4072 a
2638 4015 3039 4087 septentrione
3091 4017 3150 4070 in
3217 4015 3526 4071 meridiem

1874 4108 2175 4165 ferebatur
2206 4125 2218 4159 :
2253 4106 2434 4162 talem
2465 4121 2683 4176 nempe
2713 4105 2954 4160 sortitur
2986 4103 3305 4159 Palaestina
3326 4103 3526 4171 situm,

1876 4198 1923 4253 si
1947 4195 2026 4252 ad
2065 4195 2368 4250 Persidem
2395 4195 2686 4249 conferas.
2717 4193 2991 4248 Secundo
3022 4209 3055 4246 a
3081 4192 3415 4263 splendore.
3450 4192 3530 4246 Si-

1875 4285 2120 4358 quidem
2153 4283 2317 4338 nulla
2361 4283 2421 4337 in
2479 4282 2574 4336 die
2623 4284 2893 4351 apparet,
2953 4286 3187 4351 pr0pter
3223 4294 3529 4333 excessum

188 4383 542 4454 λαμπρότητος,
605 4390 784 4434 τοῦτον
854 4385 1029 4453 μόνον,
1086 4380 1134 4432 ἐν
1208 4382 1378 4452 ἡμέρᾳ
1448 4382 1757 4451 φαινόμενον¹

1909 4391 2021 4430 ucis
2049 4371 2258 4428 solaris
2298 4388 2314 4425 :
2355 4371 2505 4426 hanc
2537 4369 2724 4425 solam
2766 4369 2824 4424 in
2875 4367 2965 4423 die
3020 4371 3410 4438 apparentem
3442 4365 3531 4421 sol

188 4469 264 4520 οὒκ
299 4469 525 4529 ἠδύνατο
585 4472 611 4523 ό
668 4469 809 4532 ἣλιος
857 4469 1221 4544 ἀποκρύπτειν.
1274 4473 1481 4542 Τρίτον,
1527 4467 1627 4520 ἀπὸ
1678 4473 1770 4518 τοῦ

187 4563 432 4626 fdi-1:592:
472 4562 618 4614 κατά
670 4558 842 4631 λόγον,
882 4564 970 4611 καὶ
1017 4559 1168 4611 πάλιν
1201 4558 1547 4631 κρύπτεσθαι.
1594 4559 1772 4629 Μέχρι

186 4649 258 4714 μὲν
307 4653 403 4722 γὰρ
455 4649 818 4710 Παλαιστίνης
869 4647 1095 4720 ἇφαίνετο
1152 4643 1362 4718 ὁδηγῶν
1414 4644 1621 4706 αύτούς·
1665 4642 1772 4696 ἐπεὶ

188 4729 236 4788 δε
297 4745 392 4790 τῶν
470 4736 845 4812 Ἱεροσολύμων
926 4735 1203 4804 ἐπέϐησαν,
1265 4733 1486 4809 ἔκρυψεν
1560 4732 1764 4786 ἑαυτὸνο

187 4819 278 4877 εἶτα
323 4827 475 4880 πέλεν
532 4825 828 4890 έξελθοῡσιν
885 4825 1056 4888 αὐτοῖς
1100 4823 1202 4878 ἀπὸ
1253 4830 1355 4877 τῶν
1403 4820 1773 4899 Ἰεροσολύμων

244 5005 285 5039 ’⁸
311 5007 484 5063 Num.
519 5019 684 5070 xxxv,
714 5006 808 5063 17.

1879 4462 2177 4521 occultare
2205 4475 2323 4515 non
2356 4462 2604 4530 poterat.
2649 4457 2839 4512 Tertio
2871 4472 2942 4511 ex
2990 4455 3102 4512 hoc
3153 4454 3317 4526 quod
3362 4459 3533 4525 prout

1879 4568 2034 4625 opus
2054 4555 2174 4607 erat
2191 4547 2538 4621 apparebat,
2555 4561 2883 4617 rursusque
2897 4542 3324 4600 occultabatur.
3342 4545 3536 4616 Usque

1883 4642 1960 4698 ad
1981 4638 2303 4697 Palmstinaa
2323 4637 2483 4693 enim
2495 4636 2797 4706 regionem
2821 4634 3102 4690 ducatum
3119 4633 3232 4689 illis
3245 4637 3536 4706 praestans

1885 4729 2179 4802 apparuit.
2213 4730 2294 4783 Ex
2318 4741 2442 4799 quo
2472 4729 2674 4782 autem
2703 4722 3112 4795 Hierosolyma
3138 4727 3533 4787 accesserunt,

1885 4819 2149 4892 seipsam
2172 4814 2492 4875 occultavit
2513 4828 2904 4886 :rursumque
2918 4812 2996 4871 ab
3023 4810 3442 4885 Hierosolymis
3463 4826 3534 4870 ex

1381 5123 1605 5200 Variae
1648 5124 1978 5197 lectiones
2019 5132 2323 5195 etnotae.

247 5269 350 5343 (35)
370 5274 458 5343 οἱ,
491 5270 665 5330 addit
693 5275 764 5328 Α.

244 5395 873 5475 (b)A1_3_end_eretr_ib_ul_a.
905 5393 1070 5475 Forte
1094 5397 1245 5473 φόρον
1273 5397 1374 5454 aut
1397 5397 1608 5475 φόρους,
1638 5409 1750 5470 pro

1909 5414 1985 5465 αν,
2013 5389 2175 5473 legit.
2217 5383 2439 5464 Redde,
2469 5383 2790 5452 amicitiam
2832 5383 3128 5452 exhibere.
3170 5385 3260 5451 Ita
3309 5392 3540 5448 εὐποιίαν

185 5466 605 5526 animam.
637 5467 881 5542 Alciphr
909 5482 970 5540 p.
996 5466 1084 5523 43.

411 5568 666 5632 Ρετιιοι..
711 5566 826 5629 Gn.
863 5563 1117 5631 CXXIX.

3261 5562 3301 5626 ὅ
