  <div class='ocr_page' id='page_1' title='image "/cluster/home/n/w/nwhite01/storage/ocr_20150623/129/hvd.32044073502395/075.png"; bbox 0 0 3976 6222; ppageno 0'>
   <div class='ocr_carea' id='block_1_1' title="bbox 404 204 506 260">
    <p class='ocr_par' dir='ltr' id='par_1_1' title="bbox 404 204 506 260">
     <span class='ocr_line' id='line_1_1' title="bbox 404 204 506 260; baseline 0.02 -2"><span class='ocrx_word' id='word_1_1' title='bbox 404 204 506 260; x_wconf 89' lang='grc'><strong>139</strong></span> 
     </span>
    </p>
   </div>
   <div class='ocr_carea' id='block_1_2' title="bbox 1729 197 3715 258">
    <p class='ocr_par' dir='ltr' id='par_1_2' title="bbox 1729 197 3715 258">
     <span class='ocr_line' id='line_1_2' title="bbox 1729 197 3715 258; baseline 0 -1"><span class='ocrx_word' id='word_1_2' title='bbox 1729 199 1910 257; x_wconf 84' lang='lat' dir='ltr'><strong>EUTH</strong></span> <span class='ocrx_word' id='word_1_3' title='bbox 1920 197 2073 257; x_wconf 85' lang='lat' dir='ltr'><strong>YMII</strong></span> <span class='ocrx_word' id='word_1_4' title='bbox 2114 198 2437 256; x_wconf 82' lang='lat' dir='ltr'><strong>ZIGABENI</strong></span> <span class='ocrx_word' id='word_1_5' title='bbox 3624 202 3715 258; x_wconf 65' lang='grc'><strong>140</strong></span> 
     </span>
    </p>
   </div>
   <div class='ocr_carea' id='block_1_3' title="bbox 401 319 2020 397">
    <p class='ocr_par' dir='ltr' id='par_1_3' title="bbox 401 324 2020 397">
     <span class='ocr_line' id='line_1_3' title="bbox 401 324 2020 397; baseline -0.002 -13"><span class='ocrx_word' id='word_1_6' title='bbox 401 326 701 391; x_wconf 90' lang='lat' dir='ltr'><strong>euntibus,</strong></span> <span class='ocrx_word' id='word_1_7' title='bbox 725 325 1188 383; x_wconf 84' lang='lat' dir='ltr'><strong>demonstratur.</strong></span> <span class='ocrx_word' id='word_1_8' title='bbox 1211 327 1279 381; x_wconf 88' lang='lat' dir='ltr'><strong>Et</strong></span> <span class='ocrx_word' id='word_1_9' title='bbox 1319 324 1433 381; x_wconf 86' lang='lat' dir='ltr'>illis</span> <span class='ocrx_word' id='word_1_10' title='bbox 1472 324 1719 397; x_wconf 87' lang='lat' dir='ltr'><strong>quidem</strong></span> <span class='ocrx_word' id='word_1_11' title='bbox 1748 326 2020 381; x_wconf 84' lang='lat' dir='ltr'><strong>euntibus</strong></span> 
     </span>
    </p>
   </div>
   <div class='ocr_carea' id='block_1_4' title="bbox 2149 319 3711 397">
    <p class='ocr_par' dir='ltr' id='par_1_4' title="bbox 2159 319 3711 397">
     <span class='ocr_line' id='line_1_4' title="bbox 2159 319 3711 397; baseline -0.001 -21"><span class='ocrx_word' id='word_1_12' title='bbox 2159 324 2405 397; x_wconf 81' lang='grc' dir='ltr'>ἐπεφάνη,</span> <span class='ocrx_word' id='word_1_13' title='bbox 2458 328 2547 376; x_wconf 85' lang='grc' dir='ltr'>καὶ</span> <span class='ocrx_word' id='word_1_14' title='bbox 2596 319 2923 395; x_wconf 74' lang='grc' dir='ltr'>βαδιζόντων</span> <span class='ocrx_word' id='word_1_15' title='bbox 2963 324 3052 393; x_wconf 75' lang='grc' dir='ltr'>μὲν</span> <span class='ocrx_word' id='word_1_16' title='bbox 3110 328 3398 396; x_wconf 75' lang='grc' dir='ltr'><strong>προηγεῖτο,</strong></span> <span class='ocrx_word' id='word_1_17' title='bbox 3457 324 3711 395; x_wconf 76' lang='grc' dir='ltr'><strong>ἱσταμένων</strong></span> 
     </span>
    </p>
   </div>
   <div class='ocr_carea' id='block_1_5' title="bbox 399 412 2050 487">
    <p class='ocr_par' dir='ltr' id='par_1_5' title="bbox 399 412 2050 487">
     <span class='ocr_line' id='line_1_5' title="bbox 399 412 2050 487; baseline 0.001 -17"><span class='ocrx_word' id='word_1_18' title='bbox 399 413 794 487; x_wconf 85' lang='lat' dir='ltr'><strong>pracedebat,</strong></span> <span class='ocrx_word' id='word_1_19' title='bbox 830 413 1123 469; x_wconf 84' lang='lat' dir='ltr'><strong>stantibus</strong></span> <span class='ocrx_word' id='word_1_20' title='bbox 1152 428 1293 468; x_wconf 87' lang='lat' dir='ltr'><strong>vero</strong></span> <span class='ocrx_word' id='word_1_21' title='bbox 1320 412 1849 477; x_wconf 86' lang='lat' dir='ltr'><strong>circummanebat,</strong></span> <span class='ocrx_word' id='word_1_22' title='bbox 1878 416 2050 484; x_wconf 83' lang='lat' dir='ltr'><strong>juxta</strong></span> 
     </span>
    </p>
   </div>
   <div class='ocr_carea' id='block_1_6' title="bbox 397 500 2047 572">
    <p class='ocr_par' dir='ltr' id='par_1_6' title="bbox 397 500 2047 572">
     <span class='ocr_line' id='line_1_6' title="bbox 397 500 2047 572; baseline -0.001 -13"><span class='ocrx_word' id='word_1_23' title='bbox 397 503 635 559; x_wconf 89' lang='lat' dir='ltr'><strong>illorum</strong></span> <span class='ocrx_word' id='word_1_24' title='bbox 654 502 1061 559; x_wconf 89' lang='lat' dir='ltr'><strong>necessitatem</strong></span> <span class='ocrx_word' id='word_1_25' title='bbox 1085 517 1261 556; x_wconf 90' lang='lat' dir='ltr'><strong>suum</strong></span> <span class='ocrx_word' id='word_1_26' title='bbox 1276 500 1546 572; x_wconf 88' lang='lat' dir='ltr'><strong>prabens</strong></span> <span class='ocrx_word' id='word_1_27' title='bbox 1566 505 1811 557; x_wconf 90' lang='lat' dir='ltr'><strong>motum.</strong></span> <span class='ocrx_word' id='word_1_28' title='bbox 1829 501 2047 568; x_wconf 87' lang='lat' dir='ltr'><strong>Quarto</strong></span> 
     </span>
    </p>
   </div>
   <div class='ocr_carea' id='block_1_7' title="bbox 398 589 2045 664">
    <p class='ocr_par' dir='ltr' id='par_1_7' title="bbox 398 589 2045 664">
     <span class='ocr_line' id='line_1_7' title="bbox 398 589 2045 664; baseline -0.001 -16"><span class='ocrx_word' id='word_1_29' title='bbox 398 608 471 648; x_wconf 82' lang='lat' dir='ltr'><strong>ex</strong></span> <span class='ocrx_word' id='word_1_30' title='bbox 491 607 562 648; x_wconf 92' lang='lat' dir='ltr'><strong>eo</strong></span> <span class='ocrx_word' id='word_1_31' title='bbox 587 591 753 664; x_wconf 90' lang='lat' dir='ltr'><strong>quod</strong></span> <span class='ocrx_word' id='word_1_32' title='bbox 782 595 948 646; x_wconf 88' lang='lat' dir='ltr'><strong>terra</strong></span> <span class='ocrx_word' id='word_1_33' title='bbox 979 590 1246 661; x_wconf 87' lang='lat' dir='ltr'><strong>proxima</strong></span> <span class='ocrx_word' id='word_1_34' title='bbox 1280 589 1610 655; x_wconf 87' lang='lat' dir='ltr'><strong>incedebat,</strong></span> <span class='ocrx_word' id='word_1_35' title='bbox 1653 606 1841 661; x_wconf 90' lang='lat' dir='ltr'><strong>neque</strong></span> <span class='ocrx_word' id='word_1_36' title='bbox 1886 591 2045 646; x_wconf 90' lang='lat' dir='ltr'><strong>enim</strong></span> 
     </span>
    </p>
   </div>
   <div class='ocr_carea' id='block_1_8' title="bbox 397 677 2046 752">
    <p class='ocr_par' dir='ltr' id='par_1_8' title="bbox 397 677 2046 752">
     <span class='ocr_line' id='line_1_8' title="bbox 397 677 2046 752; baseline -0.002 -17"><span class='ocrx_word' id='word_1_37' title='bbox 397 681 745 752; x_wconf 83' lang='lat' dir='ltr'><strong>speluncam</strong></span> <span class='ocrx_word' id='word_1_38' title='bbox 775 684 878 735; x_wconf 90' lang='lat' dir='ltr'><strong>aut</strong></span> <span class='ocrx_word' id='word_1_39' title='bbox 893 678 1289 733; x_wconf 89' lang='lat' dir='ltr'><strong>diversorium</strong></span> <span class='ocrx_word' id='word_1_40' title='bbox 1330 677 1817 743; x_wconf 80' lang='lat' dir='ltr'><strong>demonstrasset,</strong></span> <span class='ocrx_word' id='word_1_41' title='bbox 1849 680 1893 733; x_wconf 90' lang='lat' dir='ltr'><strong>si</strong></span> <span class='ocrx_word' id='word_1_42' title='bbox 1918 678 2046 734; x_wconf 89' lang='lat' dir='ltr'><strong>aliis</strong></span> 
     </span>
    </p>
   </div>
   <div class='ocr_carea' id='block_1_9' title="bbox 394 766 2046 842">
    <p class='ocr_par' dir='ltr' id='par_1_9' title="bbox 394 766 2046 842">
     <span class='ocr_line' id='line_1_9' title="bbox 394 766 2046 842; baseline -0.002 -16"><span class='ocrx_word' id='word_1_43' title='bbox 394 770 666 842; x_wconf 84' lang='lat' dir='ltr'><strong>proxima</strong></span> <span class='ocrx_word' id='word_1_44' title='bbox 696 766 905 834; x_wconf 87' lang='lat' dir='ltr'><strong>stellis,</strong></span> <span class='ocrx_word' id='word_1_45' title='bbox 938 766 1211 822; x_wconf 88' lang='lat' dir='ltr'><strong>sublimis</strong></span> <span class='ocrx_word' id='word_1_46' title='bbox 1236 766 1358 823; x_wconf 92' lang='lat' dir='ltr'><strong>lata</strong></span> <span class='ocrx_word' id='word_1_47' title='bbox 1377 766 1583 822; x_wconf 79' lang='lat' dir='ltr'><strong>fuisset</strong></span> <span class='ocrx_word' id='word_1_48' title='bbox 1614 783 1627 822; x_wconf 91' lang='lat'>:</span> <span class='ocrx_word' id='word_1_49' title='bbox 1661 782 1820 822; x_wconf 89' lang='lat' dir='ltr'><strong>nunc</strong></span> <span class='ocrx_word' id='word_1_50' title='bbox 1846 774 2046 823; x_wconf 89' lang='lat' dir='ltr'><strong>autem</strong></span> 
     </span>
    </p>
   </div>
   <div class='ocr_carea' id='block_1_10' title="bbox 393 855 1899 929">
    <p class='ocr_par' dir='ltr' id='par_1_10' title="bbox 393 855 1899 929">
     <span class='ocr_line' id='line_1_10' title="bbox 393 855 1899 929; baseline -0.002 -15"><span class='ocrx_word' id='word_1_51' title='bbox 393 862 661 924; x_wconf 86' lang='lat' dir='ltr'><strong>veniens,</strong></span> <span class='ocrx_word' id='word_1_52' title='bbox 694 857 853 913; x_wconf 90' lang='lat' dir='ltr'><strong>stetit</strong></span> <span class='ocrx_word' id='word_1_53' title='bbox 884 871 1062 929; x_wconf 84' lang='lat' dir='ltr'><strong>supra</strong></span> <span class='ocrx_word' id='word_1_54' title='bbox 1087 855 1305 921; x_wconf 92' lang='lat' dir='ltr'><strong>locum,</strong></span> <span class='ocrx_word' id='word_1_55' title='bbox 1340 855 1402 911; x_wconf 93' lang='lat' dir='ltr'><strong>in</strong></span> <span class='ocrx_word' id='word_1_56' title='bbox 1442 870 1557 927; x_wconf 90' lang='lat' dir='ltr'><strong>quo</strong></span> <span class='ocrx_word' id='word_1_57' title='bbox 1584 860 1708 911; x_wconf 90' lang='lat' dir='ltr'><strong>erat</strong></span> <span class='ocrx_word' id='word_1_58' title='bbox 1734 872 1899 927; x_wconf 91' lang='lat' dir='ltr'><strong>puer.</strong></span> 
     </span>
    </p>
   </div>
   <div class='ocr_carea' id='block_1_11' title="bbox 464 945 2045 1005">
    <p class='ocr_par' dir='ltr' id='par_1_11' title="bbox 464 945 2045 1005">
     <span class='ocr_line' id='line_1_11' title="bbox 464 945 2045 1005; baseline -0.002 -2"><span class='ocrx_word' id='word_1_59' title='bbox 464 947 627 1003; x_wconf 88' lang='lat' dir='ltr'><strong>Vers.</strong></span> <span class='ocrx_word' id='word_1_60' title='bbox 658 950 715 1005; x_wconf 90' lang='lat'><strong>3.</strong></span> <span class='ocrx_word' id='word_1_61' title='bbox 752 948 901 1002; x_wconf 85' lang='lat' dir='ltr'><strong>Cum</strong></span> <span class='ocrx_word' id='word_1_62' title='bbox 919 946 1173 1002; x_wconf 71' lang='lat' dir='ltr'><strong>audisset</strong></span> <span class='ocrx_word' id='word_1_63' title='bbox 1188 952 1383 1001; x_wconf 83' lang='lat' dir='ltr'><strong>autem</strong></span> <span class='ocrx_word' id='word_1_64' title='bbox 1406 974 1467 984; x_wconf 93' lang='lat'><strong>—</strong></span> <span class='ocrx_word' id='word_1_65' title='bbox 1490 960 1622 1000; x_wconf 86' lang='lat' dir='ltr'><strong>cum</strong></span> <span class='ocrx_word' id='word_1_66' title='bbox 1645 945 1768 1000; x_wconf 74' lang='lat' dir='ltr'><strong>illo.</strong></span> <span class='ocrx_word' id='word_1_67' title='bbox 1789 945 2045 1001; x_wconf 84' lang='lat' dir='ltr'><strong>Herodes</strong></span> 
     </span>
    </p>
   </div>
   <div class='ocr_carea' id='block_1_12' title="bbox 392 1032 2044 1106">
    <p class='ocr_par' dir='ltr' id='par_1_12' title="bbox 392 1032 2044 1106">
     <span class='ocr_line' id='line_1_12' title="bbox 392 1032 2044 1106; baseline -0.001 -16"><span class='ocrx_word' id='word_1_68' title='bbox 392 1034 638 1106; x_wconf 88' lang='lat' dir='ltr'><strong>quidem</strong></span> <span class='ocrx_word' id='word_1_69' title='bbox 655 1035 786 1106; x_wconf 88' lang='lat' dir='ltr'><strong>jure</strong></span> <span class='ocrx_word' id='word_1_70' title='bbox 813 1033 1087 1090; x_wconf 89' lang='lat' dir='ltr'><strong>turbatus</strong></span> <span class='ocrx_word' id='word_1_71' title='bbox 1118 1037 1225 1101; x_wconf 90' lang='lat' dir='ltr'><strong>est,</strong></span> <span class='ocrx_word' id='word_1_72' title='bbox 1268 1048 1485 1104; x_wconf 87' lang='lat' dir='ltr'><strong>nempe</strong></span> <span class='ocrx_word' id='word_1_73' title='bbox 1512 1032 1727 1087; x_wconf 87' lang='lat' dir='ltr'><strong>timens</strong></span> <span class='ocrx_word' id='word_1_74' title='bbox 1755 1032 1829 1087; x_wconf 88' lang='lat' dir='ltr'><strong>de</strong></span> <span class='ocrx_word' id='word_1_75' title='bbox 1858 1048 2044 1103; x_wconf 89' lang='lat' dir='ltr'><strong>regno</strong></span> 
     </span>
    </p>
   </div>
   <div class='ocr_carea' id='block_1_13' title="bbox 394 1121 2044 1195">
    <p class='ocr_par' dir='ltr' id='par_1_13' title="bbox 394 1121 2044 1195">
     <span class='ocr_line' id='line_1_13' title="bbox 394 1121 2044 1195; baseline -0.002 -16"><span class='ocrx_word' id='word_1_76' title='bbox 394 1139 526 1191; x_wconf 89' lang='lat' dir='ltr'><strong>suo,</strong></span> <span class='ocrx_word' id='word_1_77' title='bbox 554 1124 933 1195; x_wconf 88' lang='lat' dir='ltr'><strong>ﬁliorumque</strong></span> <span class='ocrx_word' id='word_1_78' title='bbox 963 1137 1203 1177; x_wconf 86' lang='lat' dir='ltr'><strong>suorum</strong></span> <span class='ocrx_word' id='word_1_79' title='bbox 1230 1139 1244 1188; x_wconf 90' lang='lat'>;</span> <span class='ocrx_word' id='word_1_80' title='bbox 1277 1125 1398 1177; x_wconf 88' lang='lat' dir='ltr'><strong>tota</strong></span> <span class='ocrx_word' id='word_1_81' title='bbox 1427 1128 1627 1177; x_wconf 88' lang='lat' dir='ltr'><strong>autem</strong></span> <span class='ocrx_word' id='word_1_82' title='bbox 1655 1121 1881 1187; x_wconf 80' lang='lat' dir='ltr'><strong>civitas,</strong></span> <span class='ocrx_word' id='word_1_83' title='bbox 1908 1137 2044 1193; x_wconf 89' lang='lat' dir='ltr'><strong>qua</strong></span> 
     </span>
    </p>
   </div>
   <div class='ocr_carea' id='block_1_14' title="bbox 392 1209 2044 1285">
    <p class='ocr_par' dir='ltr' id='par_1_14' title="bbox 392 1209 2044 1285">
     <span class='ocr_line' id='line_1_14' title="bbox 392 1209 2044 1285; baseline -0.003 -15"><span class='ocrx_word' id='word_1_84' title='bbox 392 1213 797 1285; x_wconf 88' lang='lat' dir='ltr'><strong>Hierosolyma</strong></span> <span class='ocrx_word' id='word_1_85' title='bbox 810 1210 1206 1283; x_wconf 85' lang='lat' dir='ltr'><strong>appellantur,</strong></span> <span class='ocrx_word' id='word_1_86' title='bbox 1226 1226 1411 1281; x_wconf 88' lang='lat' dir='ltr'><strong>quare</strong></span> <span class='ocrx_word' id='word_1_87' title='bbox 1447 1210 1678 1265; x_wconf 88' lang='lat' dir='ltr'><strong>turbata</strong></span> <span class='ocrx_word' id='word_1_88' title='bbox 1694 1215 1785 1265; x_wconf 89' lang='lat' dir='ltr'><strong>est</strong></span> <span class='ocrx_word' id='word_1_89' title='bbox 1812 1209 1838 1263; x_wconf 70' lang='grc' dir='ltr'><strong>’Ζ</strong></span> <span class='ocrx_word' id='word_1_90' title='bbox 1872 1210 2044 1281; x_wconf 86' lang='lat' dir='ltr'><strong>Atqui</strong></span> 
     </span>
    </p>
   </div>
   <div class='ocr_carea' id='block_1_15' title="bbox 391 1298 2044 1373">
    <p class='ocr_par' dir='ltr' id='par_1_15' title="bbox 391 1298 2044 1373">
     <span class='ocr_line' id='line_1_15' title="bbox 391 1298 2044 1373; baseline -0.003 -15"><span class='ocrx_word' id='word_1_91' title='bbox 391 1302 649 1373; x_wconf 86' lang='lat' dir='ltr'><strong>gaudere</strong></span> <span class='ocrx_word' id='word_1_92' title='bbox 684 1300 877 1372; x_wconf 85' lang='lat' dir='ltr'><strong>ipsam</strong></span> <span class='ocrx_word' id='word_1_93' title='bbox 918 1298 1113 1368; x_wconf 90' lang='lat' dir='ltr'><strong>magis</strong></span> <span class='ocrx_word' id='word_1_94' title='bbox 1143 1299 1422 1370; x_wconf 88' lang='lat' dir='ltr'><strong>oportuit,</strong></span> <span class='ocrx_word' id='word_1_95' title='bbox 1446 1298 1609 1371; x_wconf 90' lang='lat' dir='ltr'><strong>quod</strong></span> <span class='ocrx_word' id='word_1_96' title='bbox 1634 1298 1772 1369; x_wconf 88' lang='lat' dir='ltr'><strong>ipsis</strong></span> <span class='ocrx_word' id='word_1_97' title='bbox 1794 1301 1909 1353; x_wconf 81' lang='lat' dir='ltr'><strong>Rex</strong></span> <span class='ocrx_word' id='word_1_98' title='bbox 1942 1314 2044 1353; x_wconf 83' lang='lat' dir='ltr'><strong>na-</strong></span> 
     </span>
    </p>
   </div>
   <div class='ocr_carea' id='block_1_16' title="bbox 389 1386 2042 1461">
    <p class='ocr_par' dir='ltr' id='par_1_16' title="bbox 389 1386 2042 1461">
     <span class='ocr_line' id='line_1_16' title="bbox 389 1386 2042 1461; baseline -0.003 -15"><span class='ocrx_word' id='word_1_99' title='bbox 389 1396 485 1446; x_wconf 88' lang='lat' dir='ltr'><strong>tus</strong></span> <span class='ocrx_word' id='word_1_100' title='bbox 544 1394 719 1454; x_wconf 89' lang='lat' dir='ltr'><strong>esset,</strong></span> <span class='ocrx_word' id='word_1_101' title='bbox 779 1404 956 1461; x_wconf 90' lang='lat' dir='ltr'><strong>quem</strong></span> <span class='ocrx_word' id='word_1_102' title='bbox 1007 1388 1148 1443; x_wconf 86' lang='lat' dir='ltr'><strong>olim</strong></span> <span class='ocrx_word' id='word_1_103' title='bbox 1202 1388 1503 1458; x_wconf 90' lang='lat' dir='ltr'><strong>propheta</strong></span> <span class='ocrx_word' id='word_1_104' title='bbox 1565 1386 1925 1443; x_wconf 86' lang='lat' dir='ltr'><strong>Salvatorem</strong></span> <span class='ocrx_word' id='word_1_105' title='bbox 1971 1402 2042 1441; x_wconf 90' lang='lat' dir='ltr'><strong>ac</strong></span> 
     </span>
    </p>
   </div>
   <div class='ocr_carea' id='block_1_17' title="bbox 388 1475 2041 1550">
    <p class='ocr_par' dir='ltr' id='par_1_17' title="bbox 388 1475 2041 1550">
     <span class='ocr_line' id='line_1_17' title="bbox 388 1475 2041 1550; baseline -0.002 -15"><span class='ocrx_word' id='word_1_106' title='bbox 388 1480 844 1550; x_wconf 83' lang='lat' dir='ltr'><strong>Redemptorem</strong></span> <span class='ocrx_word' id='word_1_107' title='bbox 895 1476 1069 1533; x_wconf 89' lang='lat' dir='ltr'><strong>lsrael</strong></span> <span class='ocrx_word' id='word_1_108' title='bbox 1112 1476 1673 1547; x_wconf 89' lang='lat' dir='ltr'><strong>pranuntiaverant,</strong></span> <span class='ocrx_word' id='word_1_109' title='bbox 1717 1482 1771 1531; x_wconf 93' lang='lat' dir='ltr'><strong>et</strong></span> <span class='ocrx_word' id='word_1_110' title='bbox 1802 1475 2041 1544; x_wconf 90' lang='lat' dir='ltr'><strong>gloriari</strong></span> 
     </span>
    </p>
   </div>
   <div class='ocr_carea' id='block_1_18' title="bbox 389 1564 2038 1638">
    <p class='ocr_par' dir='ltr' id='par_1_18' title="bbox 389 1564 2038 1638">
     <span class='ocr_line' id='line_1_18' title="bbox 389 1564 2038 1638; baseline -0.003 -15"><span class='ocrx_word' id='word_1_111' title='bbox 389 1574 675 1638; x_wconf 87' lang='lat' dir='ltr'><strong>tanquam</strong></span> <span class='ocrx_word' id='word_1_112' title='bbox 720 1565 1112 1637; x_wconf 90' lang='lat' dir='ltr'><strong>propinquos,</strong></span> <span class='ocrx_word' id='word_1_113' title='bbox 1160 1565 1327 1636; x_wconf 90' lang='lat' dir='ltr'><strong>quod</strong></span> <span class='ocrx_word' id='word_1_114' title='bbox 1373 1564 1570 1619; x_wconf 86' lang='lat' dir='ltr'><strong>statim</strong></span> <span class='ocrx_word' id='word_1_115' title='bbox 1616 1580 1652 1619; x_wconf 89' lang='lat' dir='ltr'><strong>a</strong></span> <span class='ocrx_word' id='word_1_116' title='bbox 1719 1564 2038 1620; x_wconf 88' lang='lat' dir='ltr'><strong>cunabulis</strong></span> 
     </span>
    </p>
   </div>
   <div class='ocr_carea' id='block_1_19' title="bbox 2159 408 3712 487">
    <p class='ocr_par' dir='ltr' id='par_1_19' title="bbox 2159 408 3712 487">
     <span class='ocr_line' id='line_1_19' title="bbox 2159 408 3712 487; baseline 0 -23"><span class='ocrx_word' id='word_1_117' title='bbox 2159 408 2218 464; x_wconf 74' lang='grc' dir='ltr'>δὲ</span> <span class='ocrx_word' id='word_1_118' title='bbox 2279 415 2557 487; x_wconf 75' lang='grc' dir='ltr'><strong>περιέμενε,</strong></span> <span class='ocrx_word' id='word_1_119' title='bbox 2616 415 2745 483; x_wconf 85' lang='grc' dir='ltr'>πρὸς</span> <span class='ocrx_word' id='word_1_120' title='bbox 2794 416 2886 468; x_wconf 77' lang='grc' dir='ltr'>τὴν</span> <span class='ocrx_word' id='word_1_121' title='bbox 2937 414 3123 481; x_wconf 79' lang='grc' dir='ltr'><strong>χρείαν</strong></span> <span class='ocrx_word' id='word_1_122' title='bbox 3187 410 3346 460; x_wconf 68' lang='grc' dir='ltr'>αὐτῶν</span> <span class='ocrx_word' id='word_1_123' title='bbox 3400 414 3487 467; x_wconf 79' lang='grc' dir='ltr'>τὴν</span> <span class='ocrx_word' id='word_1_124' title='bbox 3546 412 3712 464; x_wconf 84' lang='grc' dir='ltr'>ἑαυτοῦ</span> 
     </span>
    </p>
   </div>
   <div class='ocr_carea' id='block_1_20' title="bbox 2156 496 3711 572">
    <p class='ocr_par' dir='ltr' id='par_1_20' title="bbox 2156 496 3711 572">
     <span class='ocr_line' id='line_1_20' title="bbox 2156 496 3711 572; baseline -0.001 -19"><span class='ocrx_word' id='word_1_125' title='bbox 2156 504 2459 572; x_wconf 81' lang='grc' dir='ltr'>ποιούμενος</span> <span class='ocrx_word' id='word_1_126' title='bbox 2521 506 2752 557; x_wconf 85' lang='grc' dir='ltr'>κίνησιν,</span> <span class='ocrx_word' id='word_1_127' title='bbox 2832 504 3107 570; x_wconf 79' lang='grc' dir='ltr'><strong>Τέταρτον,</strong></span> <span class='ocrx_word' id='word_1_128' title='bbox 3175 498 3270 549; x_wconf 79' lang='grc' dir='ltr'><strong>ἀπὸ</strong></span> <span class='ocrx_word' id='word_1_129' title='bbox 3333 505 3420 549; x_wconf 83' lang='grc' dir='ltr'>τοῦ</span> <span class='ocrx_word' id='word_1_130' title='bbox 3494 496 3711 569; x_wconf 83' lang='grc' dir='ltr'>βαδιζειν</span> 
     </span>
    </p>
   </div>
   <div class='ocr_carea' id='block_1_21' title="bbox 2157 584 3712 662">
    <p class='ocr_par' dir='ltr' id='par_1_21' title="bbox 2157 584 3712 662">
     <span class='ocr_line' id='line_1_21' title="bbox 2157 584 3712 662; baseline -0.002 -21"><span class='ocrx_word' id='word_1_131' title='bbox 2157 608 2428 662; x_wconf 84' lang='grc' dir='ltr'>πρόσγεια·</span> <span class='ocrx_word' id='word_1_132' title='bbox 2490 589 2547 641; x_wconf 71' lang='grc' dir='ltr'>οὐ</span> <span class='ocrx_word' id='word_1_133' title='bbox 2600 591 2701 662; x_wconf 82' lang='grc' dir='ltr'>γὰρ</span> <span class='ocrx_word' id='word_1_134' title='bbox 2769 588 2828 638; x_wconf 79' lang='grc' dir='ltr'>ἄν</span> <span class='ocrx_word' id='word_1_135' title='bbox 2882 584 3044 649; x_wconf 82' lang='grc' dir='ltr'>ἔδειξε</span> <span class='ocrx_word' id='word_1_136' title='bbox 3096 589 3152 637; x_wconf 89' lang='grc' dir='ltr'><strong>τό</strong></span> <span class='ocrx_word' id='word_1_137' title='bbox 3197 587 3307 658; x_wconf 83' lang='grc'><strong>(35)</strong></span> <span class='ocrx_word' id='word_1_138' title='bbox 3362 586 3617 649; x_wconf 81' lang='grc' dir='ltr'>σπήλαιον,</span> <span class='ocrx_word' id='word_1_139' title='bbox 3675 589 3712 639; x_wconf 84' lang='grc' dir='ltr'>εἰ</span> 
     </span>
    </p>
   </div>
   <div class='ocr_carea' id='block_1_22' title="bbox 2154 674 3703 751">
    <p class='ocr_par' dir='ltr' id='par_1_22' title="bbox 2154 674 3703 751">
     <span class='ocr_line' id='line_1_22' title="bbox 2154 674 3703 751; baseline -0.001 -22"><span class='ocrx_word' id='word_1_140' title='bbox 2154 677 2528 751; x_wconf 74' lang='grc' dir='ltr'><strong>παραπλησίως</strong></span> <span class='ocrx_word' id='word_1_141' title='bbox 2567 684 2670 737; x_wconf 86' lang='grc' dir='ltr'>τοῖς</span> <span class='ocrx_word' id='word_1_142' title='bbox 2730 674 2902 737; x_wconf 76' lang='grc' dir='ltr'>ἄλλοις</span> <span class='ocrx_word' id='word_1_143' title='bbox 2957 675 3210 748; x_wconf 77' lang='grc' dir='ltr'><strong>ἄστροισιν</strong></span> <span class='ocrx_word' id='word_1_144' title='bbox 3257 675 3449 745; x_wconf 77' lang='grc' dir='ltr'>ὑψηλός</span> <span class='ocrx_word' id='word_1_145' title='bbox 3499 674 3703 748; x_wconf 84' lang='grc' dir='ltr'>ἐφέρετο,</span> 
     </span>
    </p>
   </div>
   <div class='ocr_carea' id='block_1_23' title="bbox 2156 760 3508 833">
    <p class='ocr_par' dir='ltr' id='par_1_23' title="bbox 2156 760 3508 833">
     <span class='ocr_line' id='line_1_23' title="bbox 2156 760 3508 833; baseline -0.002 -16"><span class='ocrx_word' id='word_1_146' title='bbox 2156 766 2317 826; x_wconf 78' lang='grc' dir='ltr'>Οὗτος</span> <span class='ocrx_word' id='word_1_147' title='bbox 2349 763 2426 832; x_wconf 84' lang='grc' dir='ltr'><strong>δε,</strong></span> <span class='ocrx_word' id='word_1_148' title='bbox 2460 765 2613 818; x_wconf 78' lang='grc' dir='ltr'>ἐλθὼν</span> <span class='ocrx_word' id='word_1_149' title='bbox 2644 768 2767 823; x_wconf 82' lang='grc' dir='ltr'>ἔστη</span> <span class='ocrx_word' id='word_1_150' title='bbox 2797 766 2983 833; x_wconf 84' lang='grc' dir='ltr'>ἔπάνω,</span> <span class='ocrx_word' id='word_1_151' title='bbox 3014 764 3073 816; x_wconf 75' lang='grc' dir='ltr'>οὗ</span> <span class='ocrx_word' id='word_1_152' title='bbox 3106 760 3165 822; x_wconf 78' lang='grc' dir='ltr'><strong>ἧν</strong></span> <span class='ocrx_word' id='word_1_153' title='bbox 3193 767 3250 814; x_wconf 87' lang='grc' dir='ltr'>τὸ</span> <span class='ocrx_word' id='word_1_154' title='bbox 3286 760 3508 815; x_wconf 89' lang='grc' dir='ltr'>παιδίον.</span> 
     </span>
    </p>
   </div>
   <div class='ocr_carea' id='block_1_24' title="bbox 2223 936 3712 1015">
    <p class='ocr_par' dir='ltr' id='par_1_24' title="bbox 2223 936 3712 1015">
     <span class='ocr_line' id='line_1_24' title="bbox 2223 936 3712 1015; baseline -0.003 -18"><span class='ocrx_word' id='word_1_155' title='bbox 2223 945 2478 1004; x_wconf 77' lang='grc' dir='ltr'><strong>Ἀκούσας</strong></span> <span class='ocrx_word' id='word_1_156' title='bbox 2525 940 2583 996; x_wconf 73' lang='grc' dir='ltr'>δὲ</span> <span class='ocrx_word' id='word_1_157' title='bbox 2630 975 2697 983; x_wconf 90' lang='grc'><strong>-</strong></span> <span class='ocrx_word' id='word_1_158' title='bbox 2726 943 2837 1015; x_wconf 79' lang='grc' dir='ltr'>μετ’</span> <span class='ocrx_word' id='word_1_159' title='bbox 2885 942 3065 997; x_wconf 73' lang='grc' dir='ltr'>αὐτοῦ.</span> <span class='ocrx_word' id='word_1_160' title='bbox 3098 942 3155 993; x_wconf 85' lang='grc' dir='ltr'><strong>Ὁ</strong></span> <span class='ocrx_word' id='word_1_161' title='bbox 3198 944 3285 1013; x_wconf 73' lang='grc' dir='ltr'>μὲν</span> <span class='ocrx_word' id='word_1_162' title='bbox 3336 936 3567 1014; x_wconf 80' lang='grc' dir='ltr'><strong>Ἡρώδης</strong></span> <span class='ocrx_word' id='word_1_163' title='bbox 3607 939 3712 992; x_wconf 80' lang='grc' dir='ltr'>ἐτα-</span> 
     </span>
    </p>
   </div>
   <div class='ocr_carea' id='block_1_25' title="bbox 2153 1029 3716 1107">
    <p class='ocr_par' dir='ltr' id='par_1_25' title="bbox 2153 1029 3716 1107">
     <span class='ocr_line' id='line_1_25' title="bbox 2153 1029 3716 1107; baseline -0.002 -24"><span class='ocrx_word' id='word_1_164' title='bbox 2153 1034 2354 1107; x_wconf 84' lang='grc' dir='ltr'>ράχθη,</span> <span class='ocrx_word' id='word_1_165' title='bbox 2398 1029 2667 1094; x_wconf 80' lang='grc' dir='ltr'>δειλιάσας</span> <span class='ocrx_word' id='word_1_166' title='bbox 2703 1037 2820 1106; x_wconf 85' lang='grc' dir='ltr'>περὶ</span> <span class='ocrx_word' id='word_1_167' title='bbox 2873 1040 2968 1092; x_wconf 83' lang='grc' dir='ltr'><strong>τῆς</strong></span> <span class='ocrx_word' id='word_1_168' title='bbox 3008 1029 3280 1103; x_wconf 76' lang='grc' dir='ltr'><strong>βασιλείας</strong></span> <span class='ocrx_word' id='word_1_169' title='bbox 3327 1029 3505 1082; x_wconf 80' lang='grc' dir='ltr'>ἑαυτοῦ</span> <span class='ocrx_word' id='word_1_170' title='bbox 3547 1049 3597 1081; x_wconf 87' lang='grc' dir='ltr'><strong>τε</strong></span> <span class='ocrx_word' id='word_1_171' title='bbox 3639 1036 3716 1081; x_wconf 84' lang='grc' dir='ltr'><strong>καὶ</strong></span> 
     </span>
    </p>
   </div>
   <div class='ocr_carea' id='block_1_26' title="bbox 2154 1116 3713 1189">
    <p class='ocr_par' dir='ltr' id='par_1_26' title="bbox 2154 1116 3713 1189">
     <span class='ocr_line' id='line_1_26' title="bbox 2154 1116 3713 1189; baseline -0.003 -16"><span class='ocrx_word' id='word_1_172' title='bbox 2154 1130 2251 1173; x_wconf 86' lang='grc' dir='ltr'>τῶν</span> <span class='ocrx_word' id='word_1_173' title='bbox 2299 1118 2501 1173; x_wconf 81' lang='grc' dir='ltr'><strong>παίδων</strong></span> <span class='ocrx_word' id='word_1_174' title='bbox 2546 1120 2726 1174; x_wconf 78' lang='grc' dir='ltr'>αὐτοῦ.</span> <span class='ocrx_word' id='word_1_175' title='bbox 2775 1126 2929 1172; x_wconf 84' lang='grc' dir='ltr'><strong>Πᾶσα</strong></span> <span class='ocrx_word' id='word_1_176' title='bbox 2978 1116 3035 1172; x_wconf 78' lang='grc' dir='ltr'>δὲ</span> <span class='ocrx_word' id='word_1_177' title='bbox 3082 1122 3111 1177; x_wconf 79' lang='grc' dir='ltr'><strong>ἠ</strong></span> <span class='ocrx_word' id='word_1_178' title='bbox 3168 1118 3330 1187; x_wconf 80' lang='grc' dir='ltr'><strong>πόλις,</strong></span> <span class='ocrx_word' id='word_1_179' title='bbox 3385 1120 3414 1175; x_wconf 81' lang='grc' dir='ltr'><strong>ἠ</strong></span> <span class='ocrx_word' id='word_1_180' title='bbox 3455 1118 3713 1189; x_wconf 79' lang='grc' dir='ltr'><strong>καλουμένη</strong></span> 
     </span>
    </p>
   </div>
   <div class='ocr_carea' id='block_1_27' title="bbox 2151 1206 3717 1283">
    <p class='ocr_par' dir='ltr' id='par_1_27' title="bbox 2151 1206 3717 1283">
     <span class='ocr_line' id='line_1_27' title="bbox 2151 1206 3717 1283; baseline -0.003 -22"><span class='ocrx_word' id='word_1_181' title='bbox 2151 1208 2500 1283; x_wconf 85' lang='grc' dir='ltr'>Ἰεροσόλυμα,</span> <span class='ocrx_word' id='word_1_182' title='bbox 2554 1206 2588 1260; x_wconf 89' lang='grc' dir='ltr'><strong>δ</strong></span> <span class='ocrx_word' id='word_1_183' title='bbox 2594 1214 2699 1261; x_wconf 87' lang='grc' dir='ltr'>ιατί</span> <span class='ocrx_word' id='word_1_184' title='bbox 2738 1211 3050 1283; x_wconf 79' lang='grc' dir='ltr'>τετάρακται</span> <span class='ocrx_word' id='word_1_185' title='bbox 3084 1224 3097 1275; x_wconf 88' lang='grc'><strong>;</strong></span> <span class='ocrx_word' id='word_1_186' title='bbox 3130 1213 3303 1259; x_wconf 88' lang='grc' dir='ltr'>καίτοι</span> <span class='ocrx_word' id='word_1_187' title='bbox 3332 1212 3533 1279; x_wconf 80' lang='grc' dir='ltr'>χαίρειν</span> <span class='ocrx_word' id='word_1_188' title='bbox 3575 1206 3717 1263; x_wconf 73' lang='grc' dir='ltr'>αὐτὴν</span> 
     </span>
    </p>
   </div>
   <div class='ocr_carea' id='block_1_28' title="bbox 2152 1293 3722 1369">
    <p class='ocr_par' dir='ltr' id='par_1_28' title="bbox 2152 1293 3722 1369">
     <span class='ocr_line' id='line_1_28' title="bbox 2152 1293 3722 1369; baseline -0.002 -21"><span class='ocrx_word' id='word_1_189' title='bbox 2152 1293 2258 1349; x_wconf 84' lang='grc' dir='ltr'>ἔδει</span> <span class='ocrx_word' id='word_1_190' title='bbox 2313 1297 2522 1369; x_wconf 82' lang='grc' dir='ltr'>μᾶλλον,</span> <span class='ocrx_word' id='word_1_191' title='bbox 2575 1300 2654 1350; x_wconf 86' lang='grc' dir='ltr'>ὅτι</span> <span class='ocrx_word' id='word_1_192' title='bbox 2712 1296 2951 1369; x_wconf 74' lang='grc' dir='ltr'><strong>ἐγεννήθη</strong></span> <span class='ocrx_word' id='word_1_193' title='bbox 3004 1296 3181 1358; x_wconf 72' lang='grc' dir='ltr'>αὐτοῖς</span> <span class='ocrx_word' id='word_1_194' title='bbox 3258 1295 3521 1368; x_wconf 72' lang='grc' dir='ltr'>βασιλεὺς,</span> <span class='ocrx_word' id='word_1_195' title='bbox 3583 1296 3631 1346; x_wconf 83' lang='grc' dir='ltr'>ὃν</span> <span class='ocrx_word' id='word_1_196' title='bbox 3681 1296 3722 1346; x_wconf 81' lang='grc' dir='ltr'>οἱ</span> 
     </span>
    </p>
   </div>
   <div class='ocr_carea' id='block_1_29' title="bbox 2150 1385 3723 1459">
    <p class='ocr_par' dir='ltr' id='par_1_29' title="bbox 2150 1385 3723 1459">
     <span class='ocr_line' id='line_1_29' title="bbox 2150 1385 3723 1459; baseline -0.002 -22"><span class='ocrx_word' id='word_1_197' title='bbox 2150 1395 2414 1459; x_wconf 72' lang='grc' dir='ltr'>προφῆται</span> <span class='ocrx_word' id='word_1_198' title='bbox 2466 1385 2627 1437; x_wconf 82' lang='grc' dir='ltr'>πάλαι</span> <span class='ocrx_word' id='word_1_199' title='bbox 2677 1386 3123 1458; x_wconf 70' lang='grc' dir='ltr'>προκατήγγειλαν</span> <span class='ocrx_word' id='word_1_200' title='bbox 3155 1393 3368 1458; x_wconf 82' lang='grc' dir='ltr'>Σωτῆρα</span> <span class='ocrx_word' id='word_1_201' title='bbox 3405 1388 3491 1435; x_wconf 85' lang='grc' dir='ltr'>καὶ</span> <span class='ocrx_word' id='word_1_202' title='bbox 3530 1390 3723 1455; x_wconf 82' lang='grc' dir='ltr'>Λυτρω-</span> 
     </span>
    </p>
   </div>
   <div class='ocr_carea' id='block_1_30' title="bbox 2150 1473 3726 1549">
    <p class='ocr_par' dir='ltr' id='par_1_30' title="bbox 2150 1473 3726 1549">
     <span class='ocr_line' id='line_1_30' title="bbox 2150 1473 3726 1549; baseline -0.002 -24"><span class='ocrx_word' id='word_1_203' title='bbox 2150 1479 2242 1532; x_wconf 81' lang='grc' dir='ltr'>τὴν</span> <span class='ocrx_word' id='word_1_204' title='bbox 2295 1483 2385 1527; x_wconf 82' lang='grc' dir='ltr'>τοῦ</span> <span class='ocrx_word' id='word_1_205' title='bbox 2434 1474 2665 1549; x_wconf 76' lang='grc' dir='ltr'>Ἰσραὴλ,</span> <span class='ocrx_word' id='word_1_206' title='bbox 2715 1480 2803 1526; x_wconf 86' lang='grc' dir='ltr'>καὶ</span> <span class='ocrx_word' id='word_1_207' title='bbox 2843 1473 3325 1545; x_wconf 69' lang='grc' dir='ltr'><strong>ἐγκαλλωπίζεσθαι</strong></span> <span class='ocrx_word' id='word_1_208' title='bbox 3360 1474 3427 1534; x_wconf 82' lang='grc' dir='ltr'>ὡς</span> <span class='ocrx_word' id='word_1_209' title='bbox 3478 1473 3584 1544; x_wconf 81' lang='grc'>(36)</span> <span class='ocrx_word' id='word_1_210' title='bbox 3614 1490 3726 1542; x_wconf 82' lang='grc' dir='ltr'>συγ-</span> 
     </span>
    </p>
   </div>
   <div class='ocr_carea' id='block_1_31' title="bbox 2148 1559 3723 1637">
    <p class='ocr_par' dir='ltr' id='par_1_31' title="bbox 2148 1559 3723 1637">
     <span class='ocr_line' id='line_1_31' title="bbox 2148 1559 3723 1637; baseline -0.003 -23"><span class='ocrx_word' id='word_1_211' title='bbox 2148 1570 2324 1634; x_wconf 78' lang='grc' dir='ltr'>γενεῖς,</span> <span class='ocrx_word' id='word_1_212' title='bbox 2369 1565 2447 1615; x_wconf 87' lang='grc' dir='ltr'>ὅτι</span> <span class='ocrx_word' id='word_1_213' title='bbox 2483 1564 2633 1624; x_wconf 70' lang='grc' dir='ltr'>εὐθὺς</span> <span class='ocrx_word' id='word_1_214' title='bbox 2672 1561 2726 1614; x_wconf 83' lang='grc' dir='ltr'>ἐκ</span> <span class='ocrx_word' id='word_1_215' title='bbox 2759 1565 3069 1637; x_wconf 88' lang='grc' dir='ltr'>σπαργάνων</span> <span class='ocrx_word' id='word_1_216' title='bbox 3100 1566 3225 1623; x_wconf 81' lang='grc' dir='ltr'>τούς</span> <span class='ocrx_word' id='word_1_217' title='bbox 3272 1567 3473 1635; x_wconf 82' lang='grc' dir='ltr'>Πέρσας</span> <span class='ocrx_word' id='word_1_218' title='bbox 3517 1559 3723 1612; x_wconf 77' lang='grc' dir='ltr'>εἵλκυσεν</span> 
     </span>
    </p>
   </div>
   <div class='ocr_carea' id='block_1_32' title="bbox 386 1647 2020 1730">
    <p class='ocr_par' dir='ltr' id='par_1_32' title="bbox 386 1653 2020 1712">
     <span class='ocr_line' id='line_1_32' title="bbox 386 1653 2020 1712; baseline -0.001 -2"><span class='ocrx_word' id='word_1_219' title='bbox 386 1658 593 1712; x_wconf 89' lang='lat' dir='ltr'><strong>Persas</strong></span> <span class='ocrx_word' id='word_1_220' title='bbox 651 1655 726 1710; x_wconf 86' lang='lat' dir='ltr'><strong>ad</strong></span> <span class='ocrx_word' id='word_1_221' title='bbox 784 1654 875 1710; x_wconf 90' lang='lat' dir='ltr'><strong>sui</strong></span> <span class='ocrx_word' id='word_1_222' title='bbox 945 1653 1360 1709; x_wconf 90' lang='lat' dir='ltr'><strong>adorationem</strong></span> <span class='ocrx_word' id='word_1_223' title='bbox 1418 1654 1757 1709; x_wconf 87' lang='lat' dir='ltr'><strong>attraheret.</strong></span> <span class='ocrx_word' id='word_1_224' title='bbox 1818 1654 2020 1709; x_wconf 79' lang='lat' dir='ltr'><strong>Verun</strong></span> 
     </span>
    </p>
   </div>
   <div class='ocr_carea' id='block_1_33' title="bbox 2149 1647 3725 1730">
    <p class='ocr_par' dir='ltr' id='par_1_33' title="bbox 2149 1647 3725 1725">
     <span class='ocr_line' id='line_1_33' title="bbox 2149 1647 3725 1725; baseline -0.003 -24"><span class='ocrx_word' id='word_1_225' title='bbox 2149 1650 2216 1710; x_wconf 86' lang='grc' dir='ltr'><strong>εἰς</strong></span> <span class='ocrx_word' id='word_1_226' title='bbox 2266 1655 2653 1725; x_wconf 70' lang='grc' dir='ltr'>προσκύνησιν*</span> <span class='ocrx_word' id='word_1_227' title='bbox 2702 1651 2809 1703; x_wconf 80' lang='grc' dir='ltr'>ἀλλ’</span> <span class='ocrx_word' id='word_1_228' title='bbox 2866 1654 2895 1708; x_wconf 79' lang='grc' dir='ltr'>ἡ</span> <span class='ocrx_word' id='word_1_229' title='bbox 2950 1650 3221 1723; x_wconf 84' lang='grc' dir='ltr'>βασκανία</span> <span class='ocrx_word' id='word_1_230' title='bbox 3286 1648 3589 1721; x_wconf 77' lang='grc' dir='ltr'>τετυφλωκεν</span> <span class='ocrx_word' id='word_1_231' title='bbox 3644 1647 3725 1698; x_wconf 78' lang='grc' dir='ltr'><strong>αὗ-</strong></span> 
     </span>
    </p>
   </div>
   <div class='ocr_carea' id='block_1_34' title="bbox 387 1740 2037 1811">
    <p class='ocr_par' dir='ltr' id='par_1_34' title="bbox 387 1740 2037 1811">
     <span class='ocr_line' id='line_1_34' title="bbox 387 1740 2037 1811; baseline -0.003 -12"><span class='ocrx_word' id='word_1_232' title='bbox 387 1742 704 1799; x_wconf 80' lang='lat' dir='ltr'><strong>excacavit</strong></span> <span class='ocrx_word' id='word_1_233' title='bbox 740 1741 871 1797; x_wconf 90' lang='lat' dir='ltr'><strong>illos</strong></span> <span class='ocrx_word' id='word_1_234' title='bbox 902 1740 1147 1805; x_wconf 86' lang='lat' dir='ltr'><strong>invidia,</strong></span> <span class='ocrx_word' id='word_1_235' title='bbox 1175 1740 1497 1811; x_wconf 88' lang='lat' dir='ltr'><strong>statimque</strong></span> <span class='ocrx_word' id='word_1_236' title='bbox 1550 1740 1875 1804; x_wconf 89' lang='lat' dir='ltr'><strong>audientes,</strong></span> <span class='ocrx_word' id='word_1_237' title='bbox 1920 1744 2037 1795; x_wconf 91' lang='lat' dir='ltr'><strong>tur-</strong></span> 
     </span>
    </p>
   </div>
   <div class='ocr_carea' id='block_1_35' title="bbox 385 1828 2038 1903">
    <p class='ocr_par' dir='ltr' id='par_1_35' title="bbox 385 1828 2038 1903">
     <span class='ocr_line' id='line_1_35' title="bbox 385 1828 2038 1903; baseline -0.002 -15"><span class='ocrx_word' id='word_1_238' title='bbox 385 1831 1152 1903; x_wconf 89' lang='lat' dir='ltr'><strong>batisuntquasitimentes,</strong></span> <span class='ocrx_word' id='word_1_239' title='bbox 1170 1844 1245 1884; x_wconf 92' lang='lat' dir='ltr'><strong>ne</strong></span> <span class='ocrx_word' id='word_1_240' title='bbox 1275 1829 1421 1885; x_wconf 85' lang='lat' dir='ltr'><strong>forte</strong></span> <span class='ocrx_word' id='word_1_241' title='bbox 1446 1828 1697 1884; x_wconf 89' lang='lat' dir='ltr'><strong>salutem</strong></span> <span class='ocrx_word' id='word_1_242' title='bbox 1715 1844 2038 1899; x_wconf 88' lang='lat' dir='ltr'><strong>conseque-</strong></span> 
     </span>
    </p>
   </div>
   <div class='ocr_carea' id='block_1_36' title="bbox 384 1917 2037 1984">
    <p class='ocr_par' dir='ltr' id='par_1_36' title="bbox 384 1917 2037 1984">
     <span class='ocr_line' id='line_1_36' title="bbox 384 1917 2037 1984; baseline -0.002 -7"><span class='ocrx_word' id='word_1_243' title='bbox 384 1925 607 1977; x_wconf 88' lang='lat' dir='ltr'><strong>rentur.</strong></span> <span class='ocrx_word' id='word_1_244' title='bbox 640 1924 825 1976; x_wconf 87' lang='lat' dir='ltr'><strong>Persa</strong></span> <span class='ocrx_word' id='word_1_245' title='bbox 850 1934 991 1975; x_wconf 87' lang='lat' dir='ltr'><strong>vero</strong></span> <span class='ocrx_word' id='word_1_246' title='bbox 1017 1934 1143 1974; x_wconf 89' lang='lat' dir='ltr'><strong>cum</strong></span> <span class='ocrx_word' id='word_1_247' title='bbox 1162 1924 1357 1974; x_wconf 87' lang='lat' dir='ltr'><strong>essent</strong></span> <span class='ocrx_word' id='word_1_248' title='bbox 1377 1917 1660 1984; x_wconf 84' lang='lat' dir='ltr'><strong>extranei,</strong></span> <span class='ocrx_word' id='word_1_249' title='bbox 1695 1934 1815 1972; x_wconf 92' lang='lat' dir='ltr'><strong>non</strong></span> <span class='ocrx_word' id='word_1_250' title='bbox 1844 1918 2037 1973; x_wconf 91' lang='lat' dir='ltr'><strong>solum</strong></span> 
     </span>
    </p>
   </div>
   <div class='ocr_carea' id='block_1_37' title="bbox 384 2006 2035 2076">
    <p class='ocr_par' dir='ltr' id='par_1_37' title="bbox 384 2006 2035 2076">
     <span class='ocr_line' id='line_1_37' title="bbox 384 2006 2035 2076; baseline -0.002 -11"><span class='ocrx_word' id='word_1_251' title='bbox 384 2013 532 2065; x_wconf 85' lang='lat' dir='ltr'><strong>Nato</strong></span> <span class='ocrx_word' id='word_1_252' title='bbox 563 2024 683 2065; x_wconf 92' lang='lat' dir='ltr'><strong>non</strong></span> <span class='ocrx_word' id='word_1_253' title='bbox 724 2008 1096 2074; x_wconf 87' lang='lat' dir='ltr'><strong>inviderunt;</strong></span> <span class='ocrx_word' id='word_1_254' title='bbox 1130 2008 1250 2063; x_wconf 90' lang='lat' dir='ltr'><strong>imo</strong></span> <span class='ocrx_word' id='word_1_255' title='bbox 1300 2024 1337 2063; x_wconf 90' lang='lat' dir='ltr'><strong>a</strong></span> <span class='ocrx_word' id='word_1_256' title='bbox 1372 2006 1587 2062; x_wconf 83' lang='lat' dir='ltr'><strong>ﬁnibus</strong></span> <span class='ocrx_word' id='word_1_257' title='bbox 1618 2023 1741 2061; x_wconf 88' lang='lat' dir='ltr'><strong>sua</strong></span> <span class='ocrx_word' id='word_1_258' title='bbox 1778 2007 2035 2076; x_wconf 82' lang='lat' dir='ltr'><strong>regionis</strong></span> 
     </span>
    </p>
   </div>
   <div class='ocr_carea' id='block_1_38' title="bbox 387 2094 2037 2170">
    <p class='ocr_par' dir='ltr' id='par_1_38' title="bbox 387 2094 2037 2170">
     <span class='ocr_line' id='line_1_38' title="bbox 387 2094 2037 2170; baseline -0.002 -17"><span class='ocrx_word' id='word_1_259' title='bbox 387 2114 577 2170; x_wconf 89' lang='lat' dir='ltr'><strong>usque</strong></span> <span class='ocrx_word' id='word_1_260' title='bbox 633 2097 927 2153; x_wconf 86' lang='lat' dir='ltr'><strong>Bethleem</strong></span> <span class='ocrx_word' id='word_1_261' title='bbox 981 2102 1221 2169; x_wconf 85' lang='lat' dir='ltr'><strong>propter</strong></span> <span class='ocrx_word' id='word_1_262' title='bbox 1268 2112 1408 2151; x_wconf 89' lang='lat' dir='ltr'><strong>eum</strong></span> <span class='ocrx_word' id='word_1_263' title='bbox 1472 2100 1780 2150; x_wconf 87' lang='lat' dir='ltr'><strong>venerunt.</strong></span> <span class='ocrx_word' id='word_1_264' title='bbox 1846 2094 2037 2149; x_wconf 85' lang='lat' dir='ltr'><strong>Judai</strong></span> 
     </span>
    </p>
   </div>
   <div class='ocr_carea' id='block_1_39' title="bbox 384 2184 2037 2255">
    <p class='ocr_par' dir='ltr' id='par_1_39' title="bbox 384 2184 2037 2255">
     <span class='ocr_line' id='line_1_39' title="bbox 384 2184 2037 2255; baseline -0.003 -12"><span class='ocrx_word' id='word_1_265' title='bbox 384 2193 585 2243; x_wconf 90' lang='lat' dir='ltr'><strong>autem</strong></span> <span class='ocrx_word' id='word_1_266' title='bbox 624 2202 763 2242; x_wconf 90' lang='lat' dir='ltr'><strong>cum</strong></span> <span class='ocrx_word' id='word_1_267' title='bbox 801 2192 999 2242; x_wconf 88' lang='lat' dir='ltr'><strong>essent</strong></span> <span class='ocrx_word' id='word_1_268' title='bbox 1027 2184 1286 2255; x_wconf 87' lang='lat' dir='ltr'><strong>cognati,</strong></span> <span class='ocrx_word' id='word_1_269' title='bbox 1313 2184 1490 2241; x_wconf 88' lang='lat' dir='ltr'><strong>etiam</strong></span> <span class='ocrx_word' id='word_1_270' title='bbox 1518 2184 1719 2254; x_wconf 89' lang='lat' dir='ltr'><strong>gloria</strong></span> <span class='ocrx_word' id='word_1_271' title='bbox 1767 2184 1897 2255; x_wconf 87' lang='lat' dir='ltr'><strong>ejus</strong></span> <span class='ocrx_word' id='word_1_272' title='bbox 1952 2185 2037 2239; x_wconf 92' lang='lat' dir='ltr'><strong>in-</strong></span> 
     </span>
    </p>
   </div>
   <div class='ocr_carea' id='block_1_40' title="bbox 383 2274 2034 2345">
    <p class='ocr_par' dir='ltr' id='par_1_40' title="bbox 383 2274 2034 2345">
     <span class='ocr_line' id='line_1_40' title="bbox 383 2274 2034 2345; baseline -0.002 -14"><span class='ocrx_word' id='word_1_273' title='bbox 383 2275 676 2344; x_wconf 86' lang='lat' dir='ltr'><strong>viderunt,</strong></span> <span class='ocrx_word' id='word_1_274' title='bbox 701 2291 777 2331; x_wconf 92' lang='lat' dir='ltr'><strong>ne</strong></span> <span class='ocrx_word' id='word_1_275' title='bbox 803 2274 948 2332; x_wconf 85' lang='lat' dir='ltr'><strong>forte</strong></span> <span class='ocrx_word' id='word_1_276' title='bbox 988 2290 1244 2345; x_wconf 89' lang='lat' dir='ltr'><strong>magnus</strong></span> <span class='ocrx_word' id='word_1_277' title='bbox 1284 2274 1518 2329; x_wconf 89' lang='lat' dir='ltr'><strong>futurus</strong></span> <span class='ocrx_word' id='word_1_278' title='bbox 1558 2277 1759 2328; x_wconf 88' lang='lat' dir='ltr'><strong>esset:</strong></span> <span class='ocrx_word' id='word_1_279' title='bbox 1792 2276 1850 2328; x_wconf 92' lang='lat' dir='ltr'><strong>et</strong></span> <span class='ocrx_word' id='word_1_280' title='bbox 1897 2288 2034 2327; x_wconf 90' lang='lat' dir='ltr'><strong>cum</strong></span> 
     </span>
    </p>
   </div>
   <div class='ocr_carea' id='block_1_41' title="bbox 382 2357 2035 2431">
    <p class='ocr_par' dir='ltr' id='par_1_41' title="bbox 382 2357 2035 2431">
     <span class='ocr_line' id='line_1_41' title="bbox 382 2357 2035 2431; baseline -0.002 -16"><span class='ocrx_word' id='word_1_281' title='bbox 382 2359 683 2416; x_wconf 87' lang='lat' dir='ltr'><strong>Bethleem</strong></span> <span class='ocrx_word' id='word_1_282' title='bbox 734 2374 920 2431; x_wconf 88' lang='lat' dir='ltr'><strong>prope</strong></span> <span class='ocrx_word' id='word_1_283' title='bbox 963 2357 1270 2422; x_wconf 88' lang='lat' dir='ltr'><strong>haberent,</strong></span> <span class='ocrx_word' id='word_1_284' title='bbox 1325 2359 1405 2413; x_wconf 86' lang='lat' dir='ltr'><strong>ita</strong></span> <span class='ocrx_word' id='word_1_285' title='bbox 1442 2357 1630 2413; x_wconf 91' lang='lat' dir='ltr'><strong>invidi</strong></span> <span class='ocrx_word' id='word_1_286' title='bbox 1678 2357 1916 2412; x_wconf 90' lang='lat' dir='ltr'><strong>fuerunt</strong></span> <span class='ocrx_word' id='word_1_287' title='bbox 1966 2372 2035 2412; x_wconf 90' lang='lat' dir='ltr'><strong>ac</strong></span> 
     </span>
    </p>
   </div>
   <div class='ocr_carea' id='block_1_42' title="bbox 383 2446 1572 2521">
    <p class='ocr_par' dir='ltr' id='par_1_42' title="bbox 383 2446 1572 2521">
     <span class='ocr_line' id='line_1_42' title="bbox 383 2446 1572 2521; baseline -0.002 -19"><span class='ocrx_word' id='word_1_288' title='bbox 383 2448 557 2521; x_wconf 86' lang='lat' dir='ltr'><strong>pigri,</strong></span> <span class='ocrx_word' id='word_1_289' title='bbox 592 2454 655 2505; x_wconf 92' lang='lat' dir='ltr'><strong>ut</strong></span> <span class='ocrx_word' id='word_1_290' title='bbox 683 2448 761 2504; x_wconf 91' lang='lat' dir='ltr'><strong>ad</strong></span> <span class='ocrx_word' id='word_1_291' title='bbox 786 2463 920 2504; x_wconf 91' lang='lat' dir='ltr'><strong>eam</strong></span> <span class='ocrx_word' id='word_1_292' title='bbox 947 2463 1069 2503; x_wconf 91' lang='lat' dir='ltr'><strong>non</strong></span> <span class='ocrx_word' id='word_1_293' title='bbox 1090 2446 1441 2502; x_wconf 88' lang='lat' dir='ltr'><strong>accederent</strong></span> <span class='ocrx_word' id='word_1_294' title='bbox 1476 2446 1572 2517; x_wconf 88' lang='lat' dir='ltr'><strong>(c).</strong></span> 
     </span>
    </p>
   </div>
   <div class='ocr_carea' id='block_1_43' title="bbox 454 2534 2031 2607">
    <p class='ocr_par' dir='ltr' id='par_1_43' title="bbox 454 2534 2031 2607">
     <span class='ocr_line' id='line_1_43' title="bbox 454 2534 2031 2607; baseline -0.003 -16"><span class='ocrx_word' id='word_1_295' title='bbox 454 2539 613 2592; x_wconf 90' lang='lat' dir='ltr'><strong>Vers.</strong></span> <span class='ocrx_word' id='word_1_296' title='bbox 663 2540 722 2593; x_wconf 76' lang='grc'>4.</span> <span class='ocrx_word' id='word_1_297' title='bbox 781 2537 856 2591; x_wconf 78' lang='lat' dir='ltr'><strong>Et</strong></span> <span class='ocrx_word' id='word_1_298' title='bbox 914 2534 1619 2607; x_wconf 78' lang='lat' dir='ltr'><strong>congregatis—Christus</strong></span> <span class='ocrx_word' id='word_1_299' title='bbox 1670 2542 2031 2591; x_wconf 82' lang='lat' dir='ltr'><strong>nasceretur.</strong></span> 
     </span>
    </p>
   </div>
   <div class='ocr_carea' id='block_1_44' title="bbox 382 2623 2032 2698">
    <p class='ocr_par' dir='ltr' id='par_1_44' title="bbox 382 2623 2032 2698">
     <span class='ocr_line' id='line_1_44' title="bbox 382 2623 2032 2698; baseline -0.002 -17"><span class='ocrx_word' id='word_1_300' title='bbox 382 2627 560 2698; x_wconf 84' lang='lat' dir='ltr'><strong>Atqui</strong></span> <span class='ocrx_word' id='word_1_301' title='bbox 585 2626 734 2697; x_wconf 89' lang='lat' dir='ltr'><strong>Magi</strong></span> <span class='ocrx_word' id='word_1_302' title='bbox 783 2641 906 2681; x_wconf 94' lang='lat' dir='ltr'><strong>non</strong></span> <span class='ocrx_word' id='word_1_303' title='bbox 948 2624 1229 2680; x_wconf 83' lang='lat' dir='ltr'><strong>dixerunt</strong></span> <span class='ocrx_word' id='word_1_304' title='bbox 1272 2640 1337 2680; x_wconf 91' lang='lat' dir='ltr'><strong>se</strong></span> <span class='ocrx_word' id='word_1_305' title='bbox 1376 2623 1669 2679; x_wconf 90' lang='lat' dir='ltr'><strong>Christum</strong></span> <span class='ocrx_word' id='word_1_306' title='bbox 1721 2638 1987 2695; x_wconf 78' lang='lat' dir='ltr'><strong>quaerere</strong></span> <span class='ocrx_word' id='word_1_307' title='bbox 2020 2645 2032 2689; x_wconf 90' lang='lat'><strong>;</strong></span> 
     </span>
    </p>
   </div>
   <div class='ocr_carea' id='block_1_45' title="bbox 382 2710 2037 2784">
    <p class='ocr_par' dir='ltr' id='par_1_45' title="bbox 382 2710 2037 2784">
     <span class='ocr_line' id='line_1_45' title="bbox 382 2710 2037 2784; baseline -0.002 -13"><span class='ocrx_word' id='word_1_308' title='bbox 382 2731 489 2772; x_wconf 91' lang='lat' dir='ltr'><strong>cur</strong></span> <span class='ocrx_word' id='word_1_309' title='bbox 526 2715 704 2784; x_wconf 89' lang='lat' dir='ltr'><strong>igitur</strong></span> <span class='ocrx_word' id='word_1_310' title='bbox 762 2713 1018 2769; x_wconf 84' lang='lat' dir='ltr'><strong>Herodes</strong></span> <span class='ocrx_word' id='word_1_311' title='bbox 1059 2713 1133 2769; x_wconf 90' lang='lat' dir='ltr'><strong>de</strong></span> <span class='ocrx_word' id='word_1_312' title='bbox 1189 2712 1420 2769; x_wconf 90' lang='lat' dir='ltr'><strong>Christo</strong></span> <span class='ocrx_word' id='word_1_313' title='bbox 1474 2712 1855 2783; x_wconf 83' lang='lat' dir='ltr'><strong>interrogat?</strong></span> <span class='ocrx_word' id='word_1_314' title='bbox 1895 2710 2037 2783; x_wconf 89' lang='lat' dir='ltr'><strong>quia</strong></span> 
     </span>
    </p>
   </div>
   <div class='ocr_carea' id='block_1_46' title="bbox 378 2800 2036 2873">
    <p class='ocr_par' dir='ltr' id='par_1_46' title="bbox 378 2800 2036 2873">
     <span class='ocr_line' id='line_1_46' title="bbox 378 2800 2036 2873; baseline -0.002 -15"><span class='ocrx_word' id='word_1_315' title='bbox 378 2802 744 2873; x_wconf 89' lang='lat' dir='ltr'><strong>jamdudum</strong></span> <span class='ocrx_word' id='word_1_316' title='bbox 775 2801 1071 2866; x_wconf 89' lang='lat' dir='ltr'><strong>audiebat,</strong></span> <span class='ocrx_word' id='word_1_317' title='bbox 1102 2801 1163 2856; x_wconf 92' lang='lat' dir='ltr'><strong>in</strong></span> <span class='ocrx_word' id='word_1_318' title='bbox 1193 2800 1467 2871; x_wconf 82' lang='lat' dir='ltr'><strong>proximo</strong></span> <span class='ocrx_word' id='word_1_319' title='bbox 1510 2802 1879 2856; x_wconf 89' lang='lat' dir='ltr'><strong>nasciturum</strong></span> <span class='ocrx_word' id='word_1_320' title='bbox 1909 2816 2036 2856; x_wconf 90' lang='lat' dir='ltr'><strong>esse</strong></span> 
     </span>
    </p>
   </div>
   <div class='ocr_carea' id='block_1_47' title="bbox 383 2888 2037 2960">
    <p class='ocr_par' dir='ltr' id='par_1_47' title="bbox 383 2888 2037 2960">
     <span class='ocr_line' id='line_1_47' title="bbox 383 2888 2037 2960; baseline -0.002 -14"><span class='ocrx_word' id='word_1_321' title='bbox 383 2891 677 2946; x_wconf 88' lang='lat' dir='ltr'><strong>Christum</strong></span> <span class='ocrx_word' id='word_1_322' title='bbox 707 2906 909 2960; x_wconf 88' lang='lat' dir='ltr'><strong>regem</strong></span> <span class='ocrx_word' id='word_1_323' title='bbox 940 2889 1135 2958; x_wconf 82' lang='lat' dir='ltr'><strong>Israel,</strong></span> <span class='ocrx_word' id='word_1_324' title='bbox 1183 2888 1497 2960; x_wconf 84' lang='lat' dir='ltr'><strong>statimque</strong></span> <span class='ocrx_word' id='word_1_325' title='bbox 1526 2889 1777 2944; x_wconf 89' lang='lat' dir='ltr'><strong>audiens</strong></span> <span class='ocrx_word' id='word_1_326' title='bbox 1829 2890 1889 2945; x_wconf 89' lang='lat' dir='ltr'><strong>in</strong></span> <span class='ocrx_word' id='word_1_327' title='bbox 1942 2891 2037 2943; x_wconf 82' lang='lat' dir='ltr'><strong>Ju-</strong></span> 
     </span>
    </p>
   </div>
   <div class='ocr_carea' id='block_1_48' title="bbox 384 2976 2036 3049">
    <p class='ocr_par' dir='ltr' id='par_1_48' title="bbox 384 2976 2036 3049">
     <span class='ocr_line' id='line_1_48' title="bbox 384 2976 2036 3049; baseline -0.001 -15"><span class='ocrx_word' id='word_1_328' title='bbox 384 2978 515 3035; x_wconf 89' lang='lat' dir='ltr'><strong>daa</strong></span> <span class='ocrx_word' id='word_1_329' title='bbox 580 2984 792 3034; x_wconf 89' lang='lat' dir='ltr'><strong>natum</strong></span> <span class='ocrx_word' id='word_1_330' title='bbox 851 2994 977 3032; x_wconf 91' lang='lat' dir='ltr'><strong>esse</strong></span> <span class='ocrx_word' id='word_1_331' title='bbox 1055 2993 1277 3047; x_wconf 86' lang='lat' dir='ltr'><strong>regem,</strong></span> <span class='ocrx_word' id='word_1_332' title='bbox 1342 2981 1397 3032; x_wconf 91' lang='lat' dir='ltr'><strong>et</strong></span> <span class='ocrx_word' id='word_1_333' title='bbox 1449 2977 1612 3049; x_wconf 89' lang='lat' dir='ltr'><strong>quod</strong></span> <span class='ocrx_word' id='word_1_334' title='bbox 1661 2978 1812 3033; x_wconf 90' lang='lat' dir='ltr'><strong>hunc</strong></span> <span class='ocrx_word' id='word_1_335' title='bbox 1869 2976 2036 3033; x_wconf 86' lang='lat' dir='ltr'><strong>stella</strong></span> 
     </span>
    </p>
   </div>
   <div class='ocr_carea' id='block_1_49' title="bbox 384 3065 2035 3138">
    <p class='ocr_par' dir='ltr' id='par_1_49' title="bbox 384 3065 2035 3138">
     <span class='ocr_line' id='line_1_49' title="bbox 384 3065 2035 3138; baseline 0 -17"><span class='ocrx_word' id='word_1_336' title='bbox 384 3066 575 3123; x_wconf 88' lang='lat' dir='ltr'><strong>Persis</strong></span> <span class='ocrx_word' id='word_1_337' title='bbox 605 3066 945 3131; x_wconf 89' lang='lat' dir='ltr'><strong>indicasset,</strong></span> <span class='ocrx_word' id='word_1_338' title='bbox 984 3065 1265 3121; x_wconf 84' lang='lat' dir='ltr'><strong>intellexit</strong></span> <span class='ocrx_word' id='word_1_339' title='bbox 1307 3082 1443 3121; x_wconf 92' lang='lat' dir='ltr'><strong>eum</strong></span> <span class='ocrx_word' id='word_1_340' title='bbox 1467 3082 1615 3131; x_wconf 90' lang='lat' dir='ltr'><strong>esse,</strong></span> <span class='ocrx_word' id='word_1_341' title='bbox 1645 3067 1748 3138; x_wconf 91' lang='lat' dir='ltr'><strong>qui</strong></span> <span class='ocrx_word' id='word_1_342' title='bbox 1802 3066 2035 3122; x_wconf 89' lang='lat' dir='ltr'><strong>diceba-</strong></span> 
     </span>
    </p>
   </div>
   <div class='ocr_carea' id='block_1_50' title="bbox 384 3155 2032 3227">
    <p class='ocr_par' dir='ltr' id='par_1_50' title="bbox 384 3155 2032 3227">
     <span class='ocr_line' id='line_1_50' title="bbox 384 3155 2032 3227; baseline -0.002 -16"><span class='ocrx_word' id='word_1_343' title='bbox 384 3160 480 3211; x_wconf 91' lang='lat' dir='ltr'><strong>tur</strong></span> <span class='ocrx_word' id='word_1_344' title='bbox 536 3155 804 3211; x_wconf 90' lang='lat' dir='ltr'><strong>Christus</strong></span> <span class='ocrx_word' id='word_1_345' title='bbox 839 3160 933 3222; x_wconf 92' lang='lat' dir='ltr'><strong>;et</strong></span> <span class='ocrx_word' id='word_1_346' title='bbox 963 3159 1252 3211; x_wconf 89' lang='lat' dir='ltr'><strong>convocat</strong></span> <span class='ocrx_word' id='word_1_347' title='bbox 1310 3155 1606 3227; x_wconf 90' lang='lat' dir='ltr'><strong>principes</strong></span> <span class='ocrx_word' id='word_1_348' title='bbox 1664 3156 2032 3211; x_wconf 88' lang='lat' dir='ltr'><strong>sacerdotum</strong></span> 
     </span>
    </p>
   </div>
   <div class='ocr_carea' id='block_1_51' title="bbox 382 3244 2034 3317">
    <p class='ocr_par' dir='ltr' id='par_1_51' title="bbox 382 3244 2034 3317">
     <span class='ocr_line' id='line_1_51' title="bbox 382 3244 2034 3317; baseline -0.001 -16"><span class='ocrx_word' id='word_1_349' title='bbox 382 3260 452 3302; x_wconf 87' lang='lat' dir='ltr'><strong>ac</strong></span> <span class='ocrx_word' id='word_1_350' title='bbox 481 3244 730 3311; x_wconf 87' lang='lat' dir='ltr'><strong>scribas,</strong></span> <span class='ocrx_word' id='word_1_351' title='bbox 766 3250 959 3317; x_wconf 88' lang='lat' dir='ltr'><strong>utpote</strong></span> <span class='ocrx_word' id='word_1_352' title='bbox 1008 3244 1162 3300; x_wconf 90' lang='lat' dir='ltr'><strong>dicta</strong></span> <span class='ocrx_word' id='word_1_353' title='bbox 1204 3244 1573 3316; x_wconf 89' lang='lat' dir='ltr'><strong>prophetica,</strong></span> <span class='ocrx_word' id='word_1_354' title='bbox 1626 3244 1929 3317; x_wconf 87' lang='lat' dir='ltr'><strong>librosque</strong></span> <span class='ocrx_word' id='word_1_355' title='bbox 1974 3246 2034 3299; x_wconf 90' lang='lat' dir='ltr'><strong>in</strong></span> 
     </span>
    </p>
   </div>
   <div class='ocr_carea' id='block_1_52' title="bbox 381 3332 2036 3403">
    <p class='ocr_par' dir='ltr' id='par_1_52' title="bbox 381 3332 2036 3403">
     <span class='ocr_line' id='line_1_52' title="bbox 381 3332 2036 3403; baseline -0.001 -14"><span class='ocrx_word' id='word_1_356' title='bbox 381 3348 483 3389; x_wconf 90' lang='lat' dir='ltr'><strong>ore</strong></span> <span class='ocrx_word' id='word_1_357' title='bbox 533 3332 839 3399; x_wconf 87' lang='lat' dir='ltr'><strong>habentes,</strong></span> <span class='ocrx_word' id='word_1_358' title='bbox 881 3340 937 3389; x_wconf 90' lang='lat' dir='ltr'><strong>et</strong></span> <span class='ocrx_word' id='word_1_359' title='bbox 995 3333 1334 3403; x_wconf 88' lang='lat' dir='ltr'><strong>interrogat,</strong></span> <span class='ocrx_word' id='word_1_360' title='bbox 1382 3334 1486 3388; x_wconf 90' lang='lat' dir='ltr'><strong>ubi</strong></span> <span class='ocrx_word' id='word_1_361' title='bbox 1525 3333 1788 3388; x_wconf 89' lang='lat' dir='ltr'><strong>Christus</strong></span> <span class='ocrx_word' id='word_1_362' title='bbox 1835 3348 2036 3388; x_wconf 87' lang='lat' dir='ltr'><strong>nasce-</strong></span> 
     </span>
    </p>
   </div>
   <div class='ocr_carea' id='block_1_53' title="bbox 379 3421 2033 3492">
    <p class='ocr_par' dir='ltr' id='par_1_53' title="bbox 379 3421 2033 3492">
     <span class='ocr_line' id='line_1_53' title="bbox 379 3421 2033 3492; baseline -0.002 -15"><span class='ocrx_word' id='word_1_363' title='bbox 379 3426 561 3485; x_wconf 88' lang='lat' dir='ltr'><strong>retur,</strong></span> <span class='ocrx_word' id='word_1_364' title='bbox 602 3422 712 3477; x_wconf 90' lang='lat' dir='ltr'><strong>hoc</strong></span> <span class='ocrx_word' id='word_1_365' title='bbox 751 3426 858 3488; x_wconf 88' lang='lat' dir='ltr'><strong>est,</strong></span> <span class='ocrx_word' id='word_1_366' title='bbox 910 3422 971 3475; x_wconf 92' lang='lat' dir='ltr'><strong>in</strong></span> <span class='ocrx_word' id='word_1_367' title='bbox 1004 3438 1125 3492; x_wconf 89' lang='lat' dir='ltr'><strong>quo</strong></span> <span class='ocrx_word' id='word_1_368' title='bbox 1166 3427 1333 3476; x_wconf 84' lang='lat' dir='ltr'><strong>terra</strong></span> <span class='ocrx_word' id='word_1_369' title='bbox 1388 3422 1515 3476; x_wconf 93' lang='lat' dir='ltr'><strong>loco</strong></span> <span class='ocrx_word' id='word_1_370' title='bbox 1556 3422 1893 3476; x_wconf 89' lang='lat' dir='ltr'><strong>nasciturus</strong></span> <span class='ocrx_word' id='word_1_371' title='bbox 1949 3421 2033 3474; x_wconf 83' lang='lat' dir='ltr'><strong>in-</strong></span> 
     </span>
    </p>
   </div>
   <div class='ocr_carea' id='block_1_54' title="bbox 378 3508 2033 3573">
    <p class='ocr_par' dir='ltr' id='par_1_54' title="bbox 378 3508 2033 3573">
     <span class='ocr_line' id='line_1_54' title="bbox 378 3508 2033 3573; baseline -0.001 -9"><span class='ocrx_word' id='word_1_372' title='bbox 378 3509 694 3565; x_wconf 82' lang='lat' dir='ltr'><strong>veniretur.</strong></span> <span class='ocrx_word' id='word_1_373' title='bbox 758 3508 844 3562; x_wconf 90' lang='lat' dir='ltr'><strong>Illi</strong></span> <span class='ocrx_word' id='word_1_374' title='bbox 892 3524 1033 3564; x_wconf 90' lang='lat' dir='ltr'><strong>vero</strong></span> <span class='ocrx_word' id='word_1_375' title='bbox 1079 3513 1137 3563; x_wconf 90' lang='lat' dir='ltr'><strong>et</strong></span> <span class='ocrx_word' id='word_1_376' title='bbox 1178 3510 1380 3564; x_wconf 89' lang='lat' dir='ltr'><strong>locum</strong></span> <span class='ocrx_word' id='word_1_377' title='bbox 1432 3508 1657 3573; x_wconf 89' lang='lat' dir='ltr'><strong>dicunt,</strong></span> <span class='ocrx_word' id='word_1_378' title='bbox 1721 3514 1777 3563; x_wconf 90' lang='lat' dir='ltr'><strong>et</strong></span> <span class='ocrx_word' id='word_1_379' title='bbox 1824 3512 2033 3563; x_wconf 89' lang='lat' dir='ltr'><strong>testem</strong></span> 
     </span>
    </p>
   </div>
   <div class='ocr_carea' id='block_1_55' title="bbox 382 3596 2034 3668">
    <p class='ocr_par' dir='ltr' id='par_1_55' title="bbox 382 3596 2034 3668">
     <span class='ocr_line' id='line_1_55' title="bbox 382 3596 2034 3668; baseline 0 -16"><span class='ocrx_word' id='word_1_380' title='bbox 382 3598 563 3652; x_wconf 87' lang='lat' dir='ltr'><strong>citant</strong></span> <span class='ocrx_word' id='word_1_381' title='bbox 592 3596 969 3666; x_wconf 90' lang='lat' dir='ltr'><strong>prophetam.</strong></span> <span class='ocrx_word' id='word_1_382' title='bbox 1029 3596 1183 3651; x_wconf 90' lang='lat' dir='ltr'><strong>Scire</strong></span> <span class='ocrx_word' id='word_1_383' title='bbox 1212 3602 1412 3651; x_wconf 89' lang='lat' dir='ltr'><strong>autem</strong></span> <span class='ocrx_word' id='word_1_384' title='bbox 1449 3600 1699 3668; x_wconf 86' lang='lat' dir='ltr'><strong>Oportet,</strong></span> <span class='ocrx_word' id='word_1_385' title='bbox 1732 3596 1889 3668; x_wconf 91' lang='lat' dir='ltr'><strong>quod</strong></span> <span class='ocrx_word' id='word_1_386' title='bbox 1930 3612 2034 3652; x_wconf 93' lang='lat' dir='ltr'><strong>no-</strong></span> 
     </span>
    </p>
   </div>
   <div class='ocr_carea' id='block_1_56' title="bbox 380 3682 2033 3749">
    <p class='ocr_par' dir='ltr' id='par_1_56' title="bbox 380 3682 2033 3749">
     <span class='ocr_line' id='line_1_56' title="bbox 380 3682 2033 3749; baseline 0 -9"><span class='ocrx_word' id='word_1_387' title='bbox 380 3684 653 3740; x_wconf 87' lang='lat' dir='ltr'><strong>minatim</strong></span> <span class='ocrx_word' id='word_1_388' title='bbox 685 3682 967 3739; x_wconf 87' lang='lat' dir='ltr'><strong>Christum</strong></span> <span class='ocrx_word' id='word_1_389' title='bbox 998 3698 1126 3739; x_wconf 88' lang='lat' dir='ltr'><strong>esse</strong></span> <span class='ocrx_word' id='word_1_390' title='bbox 1148 3685 1353 3749; x_wconf 89' lang='lat' dir='ltr'><strong>Deum,</strong></span> <span class='ocrx_word' id='word_1_391' title='bbox 1387 3686 1612 3741; x_wconf 88' lang='lat' dir='ltr'><strong>cateris</strong></span> <span class='ocrx_word' id='word_1_392' title='bbox 1655 3683 2033 3740; x_wconf 86' lang='lat' dir='ltr'><strong>manifestius</strong></span> 
     </span>
    </p>
   </div>
   <div class='ocr_carea' id='block_1_57' title="bbox 383 3769 875 3844">
    <p class='ocr_par' dir='ltr' id='par_1_57' title="bbox 383 3769 875 3844">
     <span class='ocr_line' id='line_1_57' title="bbox 383 3769 875 3844; baseline -0.002 -16"><span class='ocrx_word' id='word_1_393' title='bbox 383 3772 615 3844; x_wconf 85' lang='lat' dir='ltr'><strong>scripsit</strong></span> <span class='ocrx_word' id='word_1_394' title='bbox 646 3769 875 3830; x_wconf 86' lang='lat' dir='ltr'><strong>Daniel.</strong></span> 
     </span>
    </p>
   </div>
   <div class='ocr_carea' id='block_1_58' title="bbox 452 3946 2033 4024">
    <p class='ocr_par' dir='ltr' id='par_1_58' title="bbox 452 3946 2033 4024">
     <span class='ocr_line' id='line_1_58' title="bbox 452 3946 2033 4024; baseline 0.005 -20"><span class='ocrx_word' id='word_1_395' title='bbox 452 3950 615 4005; x_wconf 86' lang='lat' dir='ltr'><strong>Vers.</strong></span> <span class='ocrx_word' id='word_1_396' title='bbox 636 3948 690 4003; x_wconf 78' lang='grc'><strong>5.</strong></span> <span class='ocrx_word' id='word_1_397' title='bbox 705 3946 755 4001; x_wconf 85' lang='grc' dir='ltr'><em>Α</em></span> <span class='ocrx_word' id='word_1_398' title='bbox 766 3952 787 4002; x_wconf 82' lang='grc' dir='ltr'><strong>ι</strong></span> <span class='ocrx_word' id='word_1_399' title='bbox 798 3947 890 4002; x_wconf 81' lang='lat' dir='ltr'><strong>illi</strong></span> <span class='ocrx_word' id='word_1_400' title='bbox 900 3949 1136 4004; x_wconf 83' lang='lat' dir='ltr'><strong>—Vers.</strong></span> <span class='ocrx_word' id='word_1_401' title='bbox 1153 3949 1207 4003; x_wconf 89' lang='lat'><strong>6.</strong></span> <span class='ocrx_word' id='word_1_402' title='bbox 1226 3949 1432 4007; x_wconf 80' lang='lat' dir='ltr'><strong>Israel.</strong></span> <span class='ocrx_word' id='word_1_403' title='bbox 1446 3949 1704 4006; x_wconf 84' lang='lat' dir='ltr'><strong>Michaa</strong></span> <span class='ocrx_word' id='word_1_404' title='bbox 1718 3952 2033 4024; x_wconf 83' lang='lat' dir='ltr'><strong>pmphetia</strong></span> 
     </span>
    </p>
   </div>
   <div class='ocr_carea' id='block_1_59' title="bbox 380 4035 2033 4114">
    <p class='ocr_par' dir='ltr' id='par_1_59' title="bbox 380 4035 2033 4114">
     <span class='ocr_line' id='line_1_59' title="bbox 380 4035 2033 4114; baseline 0.002 -21"><span class='ocrx_word' id='word_1_405' title='bbox 380 4040 483 4105; x_wconf 87' lang='lat' dir='ltr'><strong>est,</strong></span> <span class='ocrx_word' id='word_1_406' title='bbox 526 4041 590 4094; x_wconf 91' lang='lat' dir='ltr'><strong>ut</strong></span> <span class='ocrx_word' id='word_1_407' title='bbox 612 4035 1021 4110; x_wconf 81' lang='lat' dir='ltr'><strong>pradiximus.</strong></span> <span class='ocrx_word' id='word_1_408' title='bbox 1074 4038 1338 4094; x_wconf 86' lang='lat' dir='ltr'><strong>Recitant</strong></span> <span class='ocrx_word' id='word_1_409' title='bbox 1393 4043 1593 4095; x_wconf 90' lang='lat' dir='ltr'><strong>autem</strong></span> <span class='ocrx_word' id='word_1_410' title='bbox 1645 4040 1839 4112; x_wconf 88' lang='lat' dir='ltr'><strong>ipsam</strong></span> <span class='ocrx_word' id='word_1_411' title='bbox 1888 4058 2033 4114; x_wconf 86' lang='lat' dir='ltr'><strong>pon-</strong></span> 
     </span>
    </p>
   </div>
   <div class='ocr_carea' id='block_1_60' title="bbox 378 4124 2027 4203">
    <p class='ocr_par' dir='ltr' id='par_1_60' title="bbox 378 4124 2027 4203">
     <span class='ocr_line' id='line_1_60' title="bbox 378 4124 2027 4203; baseline 0.004 -22"><span class='ocrx_word' id='word_1_412' title='bbox 378 4124 569 4182; x_wconf 86' lang='lat' dir='ltr'><strong>tiﬁces</strong></span> <span class='ocrx_word' id='word_1_413' title='bbox 621 4130 678 4181; x_wconf 92' lang='lat' dir='ltr'><strong>et</strong></span> <span class='ocrx_word' id='word_1_414' title='bbox 712 4124 916 4180; x_wconf 87' lang='lat' dir='ltr'><strong>scriba</strong></span> <span class='ocrx_word' id='word_1_415' title='bbox 971 4126 1083 4181; x_wconf 91' lang='lat' dir='ltr'><strong>sub</strong></span> <span class='ocrx_word' id='word_1_416' title='bbox 1139 4128 1591 4198; x_wconf 89' lang='lat' dir='ltr'><strong>compendium.</strong></span> <span class='ocrx_word' id='word_1_417' title='bbox 1658 4128 1800 4185; x_wconf 84' lang='lat' dir='ltr'><strong>Vide</strong></span> <span class='ocrx_word' id='word_1_418' title='bbox 1865 4146 2027 4203; x_wconf 89' lang='lat' dir='ltr'><strong>ergo,</strong></span> 
     </span>
    </p>
   </div>
   <div class='ocr_carea' id='block_1_61' title="bbox 378 4213 2030 4290">
    <p class='ocr_par' dir='ltr' id='par_1_61' title="bbox 378 4213 2030 4290">
     <span class='ocr_line' id='line_1_61' title="bbox 378 4213 2030 4290; baseline 0.004 -20"><span class='ocrx_word' id='word_1_419' title='bbox 378 4229 513 4287; x_wconf 87' lang='lat' dir='ltr'><strong>qua</strong></span> <span class='ocrx_word' id='word_1_420' title='bbox 538 4214 599 4271; x_wconf 90' lang='lat' dir='ltr'><strong>in</strong></span> <span class='ocrx_word' id='word_1_421' title='bbox 623 4213 865 4270; x_wconf 90' lang='lat' dir='ltr'><strong>laudem</strong></span> <span class='ocrx_word' id='word_1_422' title='bbox 901 4214 1196 4270; x_wconf 91' lang='lat' dir='ltr'><strong>Bethleem</strong></span> <span class='ocrx_word' id='word_1_423' title='bbox 1228 4216 1511 4271; x_wconf 88' lang='lat' dir='ltr'><strong>Dominus</strong></span> <span class='ocrx_word' id='word_1_424' title='bbox 1536 4233 1640 4288; x_wconf 91' lang='lat' dir='ltr'><strong>per</strong></span> <span class='ocrx_word' id='word_1_425' title='bbox 1670 4218 2030 4290; x_wconf 89' lang='lat' dir='ltr'><strong>prophetam</strong></span> 
     </span>
    </p>
   </div>
   <div class='ocr_carea' id='block_1_62' title="bbox 379 4304 2032 4378">
    <p class='ocr_par' dir='ltr' id='par_1_62' title="bbox 379 4304 2032 4378">
     <span class='ocr_line' id='line_1_62' title="bbox 379 4304 2032 4378; baseline 0.004 -17"><span class='ocrx_word' id='word_1_426' title='bbox 379 4304 845 4362; x_wconf 81' lang='lat' dir='ltr'><strong>annuntiaverit.</strong></span> <span class='ocrx_word' id='word_1_427' title='bbox 906 4304 1044 4368; x_wconf 82' lang='lat' dir='ltr'><strong>Etsi,</strong></span> <span class='ocrx_word' id='word_1_428' title='bbox 1086 4305 1300 4377; x_wconf 90' lang='lat' dir='ltr'><strong>inquit,</strong></span> <span class='ocrx_word' id='word_1_429' title='bbox 1342 4306 1471 4362; x_wconf 88' lang='lat' dir='ltr'><strong>vilis</strong></span> <span class='ocrx_word' id='word_1_430' title='bbox 1510 4322 1769 4378; x_wconf 89' lang='lat' dir='ltr'><strong>appares</strong></span> <span class='ocrx_word' id='word_1_431' title='bbox 1816 4309 1894 4365; x_wconf 91' lang='lat' dir='ltr'><strong>ad</strong></span> <span class='ocrx_word' id='word_1_432' title='bbox 1944 4328 2032 4367; x_wconf 88' lang='lat' dir='ltr'><strong>as-</strong></span> 
     </span>
    </p>
   </div>
   <div class='ocr_carea' id='block_1_63' title="bbox 376 4380 2104 4468">
    <p class='ocr_par' dir='ltr' id='par_1_63' title="bbox 376 4380 2104 4468">
     <span class='ocr_line' id='line_1_63' title="bbox 376 4380 2104 4468; baseline 0.005 -20"><span class='ocrx_word' id='word_1_433' title='bbox 376 4398 637 4463; x_wconf 91' lang='lat' dir='ltr'><strong>pectum,</strong></span> <span class='ocrx_word' id='word_1_434' title='bbox 665 4398 958 4466; x_wconf 89' lang='lat' dir='ltr'><strong>quantum</strong></span> <span class='ocrx_word' id='word_1_435' title='bbox 987 4398 1187 4450; x_wconf 90' lang='lat' dir='ltr'><strong>tamen</strong></span> <span class='ocrx_word' id='word_1_436' title='bbox 1227 4395 1305 4451; x_wconf 91' lang='lat' dir='ltr'><strong>ad</strong></span> <span class='ocrx_word' id='word_1_437' title='bbox 1333 4395 1413 4460; x_wconf 91' lang='lat' dir='ltr'><strong>id,</strong></span> <span class='ocrx_word' id='word_1_438' title='bbox 1464 4396 1629 4468; x_wconf 81' lang='lat' dir='ltr'><strong>quod</strong></span> <span class='ocrx_word' id='word_1_439' title='bbox 1661 4398 1861 4453; x_wconf 92' lang='lat' dir='ltr'><strong>animo</strong></span> <span class='ocrx_word' id='word_1_440' title='bbox 1892 4415 2030 4455; x_wconf 91' lang='lat' dir='ltr'><strong>con-</strong></span> <span class='ocrx_word' id='word_1_441' title='bbox 2059 4380 2104 4435; x_wconf 83' lang='grc' dir='ltr'>Ῑ)</span> 
     </span>
    </p>
   </div>
   <div class='ocr_carea' id='block_1_64' title="bbox 376 4482 2030 4556">
    <p class='ocr_par' dir='ltr' id='par_1_64' title="bbox 376 4482 2030 4556">
     <span class='ocr_line' id='line_1_64' title="bbox 376 4482 2030 4556; baseline 0.005 -20"><span class='ocrx_word' id='word_1_442' title='bbox 376 4482 608 4552; x_wconf 90' lang='lat' dir='ltr'><strong>cipitur,</strong></span> <span class='ocrx_word' id='word_1_443' title='bbox 678 4499 800 4538; x_wconf 94' lang='lat' dir='ltr'><strong>non</strong></span> <span class='ocrx_word' id='word_1_444' title='bbox 863 4497 924 4537; x_wconf 92' lang='lat' dir='ltr'><strong>es</strong></span> <span class='ocrx_word' id='word_1_445' title='bbox 972 4483 1219 4540; x_wconf 89' lang='lat' dir='ltr'><strong>minima</strong></span> <span class='ocrx_word' id='word_1_446' title='bbox 1260 4484 1409 4539; x_wconf 88' lang='lat' dir='ltr'><strong>inter</strong></span> <span class='ocrx_word' id='word_1_447' title='bbox 1478 4485 1777 4556; x_wconf 90' lang='lat' dir='ltr'><strong>principes</strong></span> <span class='ocrx_word' id='word_1_448' title='bbox 1847 4486 2030 4544; x_wconf 89' lang='lat' dir='ltr'><strong>tribus</strong></span> 
     </span>
    </p>
   </div>
   <div class='ocr_carea' id='block_1_65' title="bbox 375 4570 2029 4643">
    <p class='ocr_par' dir='ltr' id='par_1_65' title="bbox 375 4570 2029 4643">
     <span class='ocr_line' id='line_1_65' title="bbox 375 4570 2029 4643; baseline 0.006 -20"><span class='ocrx_word' id='word_1_449' title='bbox 375 4570 553 4627; x_wconf 84' lang='lat' dir='ltr'><strong>Juda.</strong></span> <span class='ocrx_word' id='word_1_450' title='bbox 599 4570 888 4634; x_wconf 87' lang='lat' dir='ltr'><strong>Qualibet</strong></span> <span class='ocrx_word' id='word_1_451' title='bbox 946 4587 1206 4643; x_wconf 91' lang='lat' dir='ltr'><strong>namque</strong></span> <span class='ocrx_word' id='word_1_452' title='bbox 1244 4573 1431 4629; x_wconf 89' lang='lat' dir='ltr'><strong>tribus</strong></span> <span class='ocrx_word' id='word_1_453' title='bbox 1468 4574 1730 4630; x_wconf 88' lang='lat' dir='ltr'><strong>diversos</strong></span> <span class='ocrx_word' id='word_1_454' title='bbox 1768 4574 2029 4633; x_wconf 89' lang='lat' dir='ltr'><strong>habebat</strong></span> 
     </span>
    </p>
   </div>
   <div class='ocr_carea' id='block_1_66' title="bbox 374 4657 2028 4734">
    <p class='ocr_par' dir='ltr' id='par_1_66' title="bbox 374 4657 2028 4734">
     <span class='ocr_line' id='line_1_66' title="bbox 374 4657 2028 4734; baseline 0.005 -21"><span class='ocrx_word' id='word_1_455' title='bbox 374 4657 433 4713; x_wconf 91' lang='lat' dir='ltr'><strong>in</strong></span> <span class='ocrx_word' id='word_1_456' title='bbox 465 4659 717 4729; x_wconf 89' lang='lat' dir='ltr'><strong>propriis</strong></span> <span class='ocrx_word' id='word_1_457' title='bbox 758 4659 1086 4715; x_wconf 88' lang='lat' dir='ltr'><strong>civitatibus</strong></span> <span class='ocrx_word' id='word_1_458' title='bbox 1145 4660 1464 4734; x_wconf 88' lang='lat' dir='ltr'><strong>principes.</strong></span> <span class='ocrx_word' id='word_1_459' title='bbox 1515 4665 1581 4720; x_wconf 86' lang='lat' dir='ltr'><strong>Et</strong></span> <span class='ocrx_word' id='word_1_460' title='bbox 1640 4679 1772 4719; x_wconf 84' lang='lat' dir='ltr'><strong>vere</strong></span> <span class='ocrx_word' id='word_1_461' title='bbox 1831 4666 2028 4721; x_wconf 88' lang='lat' dir='ltr'><strong>nomi-</strong></span> 
     </span>
    </p>
   </div>
   <div class='ocr_carea' id='block_1_67' title="bbox 374 4745 2028 4819">
    <p class='ocr_par' dir='ltr' id='par_1_67' title="bbox 374 4745 2028 4819">
     <span class='ocr_line' id='line_1_67' title="bbox 374 4745 2028 4819; baseline 0.004 -16"><span class='ocrx_word' id='word_1_462' title='bbox 374 4746 693 4803; x_wconf 88' lang='lat' dir='ltr'><strong>natissima</strong></span> <span class='ocrx_word' id='word_1_463' title='bbox 721 4745 830 4803; x_wconf 85' lang='lat' dir='ltr'><strong>fuit</strong></span> <span class='ocrx_word' id='word_1_464' title='bbox 868 4752 1001 4818; x_wconf 91' lang='lat' dir='ltr'><strong>post</strong></span> <span class='ocrx_word' id='word_1_465' title='bbox 1032 4748 1352 4806; x_wconf 89' lang='lat' dir='ltr'><strong>Salvatoris</strong></span> <span class='ocrx_word' id='word_1_466' title='bbox 1410 4751 1809 4810; x_wconf 89' lang='lat' dir='ltr'><strong>Nativitatem.</strong></span> <span class='ocrx_word' id='word_1_467' title='bbox 1874 4754 2028 4819; x_wconf 88' lang='lat' dir='ltr'><strong>Quo-</strong></span> 
     </span>
    </p>
   </div>
   <div class='ocr_carea' id='block_1_68' title="bbox 2148 1732 3722 1812">
    <p class='ocr_par' dir='ltr' id='par_1_68' title="bbox 2148 1732 3722 1812">
     <span class='ocr_line' id='line_1_68' title="bbox 2148 1732 3722 1812; baseline -0.002 -22"><span class='ocrx_word' id='word_1_468' title='bbox 2148 1743 2289 1802; x_wconf 79' lang='grc' dir='ltr'>τοὺς,</span> <span class='ocrx_word' id='word_1_469' title='bbox 2320 1746 2410 1791; x_wconf 83' lang='grc' dir='ltr'>καὶ</span> <span class='ocrx_word' id='word_1_470' title='bbox 2454 1740 2601 1800; x_wconf 72' lang='grc' dir='ltr'>εὐθὺς</span> <span class='ocrx_word' id='word_1_471' title='bbox 2649 1739 2958 1801; x_wconf 69' lang='grc' dir='ltr'>ἀκούσαντες</span> <span class='ocrx_word' id='word_1_472' title='bbox 3013 1739 3413 1812; x_wconf 79' lang='grc' dir='ltr'>ἐταράχθησαν,</span> <span class='ocrx_word' id='word_1_473' title='bbox 3454 1740 3615 1808; x_wconf 76' lang='grc' dir='ltr'>ὥσπερ</span> <span class='ocrx_word' id='word_1_474' title='bbox 3650 1732 3722 1787; x_wconf 79' lang='grc' dir='ltr'>δεο</span> 
     </span>
    </p>
   </div>
   <div class='ocr_carea' id='block_1_69' title="bbox 2149 1824 3727 1901">
    <p class='ocr_par' dir='ltr' id='par_1_69' title="bbox 2149 1824 3727 1901">
     <span class='ocr_line' id='line_1_69' title="bbox 2149 1824 3727 1901; baseline -0.004 -21"><span class='ocrx_word' id='word_1_475' title='bbox 2149 1824 2401 1893; x_wconf 87' lang='grc' dir='ltr'>δοικότες,</span> <span class='ocrx_word' id='word_1_476' title='bbox 2460 1833 2651 1901; x_wconf 77' lang='grc' dir='ltr'>μήποτε</span> <span class='ocrx_word' id='word_1_477' title='bbox 2708 1834 2968 1901; x_wconf 85' lang='grc' dir='ltr'>σωτηρίας</span> <span class='ocrx_word' id='word_1_478' title='bbox 3021 1831 3290 1900; x_wconf 78' lang='grc' dir='ltr'>τύχωσιν,</span> <span class='ocrx_word' id='word_1_479' title='bbox 3362 1826 3494 1878; x_wconf 81' lang='grc' dir='ltr'>Αλλὰ</span> <span class='ocrx_word' id='word_1_480' title='bbox 3547 1828 3727 1897; x_wconf 80' lang='grc' dir='ltr'>Πέρσαι</span> 
     </span>
    </p>
   </div>
   <div class='ocr_carea' id='block_1_70' title="bbox 2145 1915 3725 1989">
    <p class='ocr_par' dir='ltr' id='par_1_70' title="bbox 2145 1915 3725 1989">
     <span class='ocr_line' id='line_1_70' title="bbox 2145 1915 3725 1989; baseline -0.003 -21"><span class='ocrx_word' id='word_1_481' title='bbox 2145 1919 2256 1989; x_wconf 72' lang='grc' dir='ltr'>μὲν,</span> <span class='ocrx_word' id='word_1_482' title='bbox 2315 1916 2597 1989; x_wconf 81' lang='grc' dir='ltr'>ἀλλογενεῐς</span> <span class='ocrx_word' id='word_1_483' title='bbox 2649 1922 2804 1987; x_wconf 78' lang='grc' dir='ltr'>ὅντες,</span> <span class='ocrx_word' id='word_1_484' title='bbox 2859 1918 2917 1969; x_wconf 71' lang='grc' dir='ltr'>οὐ</span> <span class='ocrx_word' id='word_1_485' title='bbox 2976 1922 3127 1988; x_wconf 88' lang='grc' dir='ltr'>μόνον</span> <span class='ocrx_word' id='word_1_486' title='bbox 3183 1917 3281 1968; x_wconf 70' lang='grc' dir='ltr'>οὐκ</span> <span class='ocrx_word' id='word_1_487' title='bbox 3344 1915 3617 1988; x_wconf 85' lang='grc' dir='ltr'>ἐφθόνησαν</span> <span class='ocrx_word' id='word_1_488' title='bbox 3661 1921 3725 1983; x_wconf 80' lang='grc' dir='ltr'>τῷ</span> 
     </span>
    </p>
   </div>
   <div class='ocr_carea' id='block_1_71' title="bbox 2144 2003 3729 2077">
    <p class='ocr_par' dir='ltr' id='par_1_71' title="bbox 2144 2003 3729 2077">
     <span class='ocr_line' id='line_1_71' title="bbox 2144 2003 3729 2077; baseline -0.003 -20"><span class='ocrx_word' id='word_1_489' title='bbox 2144 2008 2458 2077; x_wconf 74' lang='grc' dir='ltr'>γεννηθέντι,</span> <span class='ocrx_word' id='word_1_490' title='bbox 2500 2005 2628 2058; x_wconf 81' lang='grc' dir='ltr'>ἀλλὰ</span> <span class='ocrx_word' id='word_1_491' title='bbox 2670 2011 2758 2058; x_wconf 80' lang='grc' dir='ltr'>καὶ</span> <span class='ocrx_word' id='word_1_492' title='bbox 2788 2004 2887 2058; x_wconf 81' lang='grc' dir='ltr'><strong>ἀπὸ</strong></span> <span class='ocrx_word' id='word_1_493' title='bbox 2937 2014 3035 2058; x_wconf 84' lang='grc' dir='ltr'>τῶν</span> <span class='ocrx_word' id='word_1_494' title='bbox 3067 2009 3303 2077; x_wconf 75' lang='grc' dir='ltr'>περάτων</span> <span class='ocrx_word' id='word_1_495' title='bbox 3334 2013 3425 2064; x_wconf 86' lang='grc' dir='ltr'><strong>τῆς</strong></span> <span class='ocrx_word' id='word_1_496' title='bbox 3449 2003 3729 2075; x_wconf 76' lang='grc' dir='ltr'>οἰκουμένης</span> 
     </span>
    </p>
   </div>
   <div class='ocr_carea' id='block_1_72' title="bbox 2145 2086 3726 2168">
    <p class='ocr_par' dir='ltr' id='par_1_72' title="bbox 2145 2086 3726 2168">
     <span class='ocr_line' id='line_1_72' title="bbox 2145 2086 3726 2168; baseline -0.011 -10"><span class='ocrx_word' id='word_1_497' title='bbox 2145 2100 2307 2168; x_wconf 81' lang='grc' dir='ltr'>μέχρι</span> <span class='ocrx_word' id='word_1_498' title='bbox 2356 2103 2449 2156; x_wconf 82' lang='grc' dir='ltr'><strong>τῆς</strong></span> <span class='ocrx_word' id='word_1_499' title='bbox 2503 2095 2727 2167; x_wconf 69' lang='grc' dir='ltr'>Βηθλεὲμ</span> <span class='ocrx_word' id='word_1_500' title='bbox 2777 2092 2930 2153; x_wconf 75' lang='grc' dir='ltr'>ἦλθον</span> <span class='ocrx_word' id='word_1_501' title='bbox 2990 2091 3061 2147; x_wconf 88' lang='grc' dir='ltr'><strong>δι’</strong></span> <span class='ocrx_word' id='word_1_502' title='bbox 3116 2094 3301 2150; x_wconf 68' lang='grc' dir='ltr'>αὐτόν.</span> <span class='ocrx_word' id='word_1_503' title='bbox 3369 2090 3605 2144; x_wconf 62' lang='grc' dir='ltr'>Ἰονδλιῖοι</span> <span class='ocrx_word' id='word_1_504' title='bbox 3656 2086 3726 2153; x_wconf 73' lang='grc' dir='ltr'>δὲ,</span> 
     </span>
    </p>
   </div>
   <div class='ocr_carea' id='block_1_73' title="bbox 2149 2177 3729 2256">
    <p class='ocr_par' dir='ltr' id='par_1_73' title="bbox 2149 2177 3729 2256">
     <span class='ocr_line' id='line_1_73' title="bbox 2149 2177 3729 2256; baseline 0.001 -22"><span class='ocrx_word' id='word_1_505' title='bbox 2149 2190 2414 2254; x_wconf 82' lang='grc' dir='ltr'>συγγενεῖ;</span> <span class='ocrx_word' id='word_1_506' title='bbox 2451 2186 2819 2255; x_wconf 77' lang='grc' dir='ltr'>τυγχάνοντες,</span> <span class='ocrx_word' id='word_1_507' title='bbox 2855 2190 2945 2236; x_wconf 77' lang='grc' dir='ltr'><strong>καί</strong></span> <span class='ocrx_word' id='word_1_508' title='bbox 2974 2185 3264 2256; x_wconf 79' lang='grc' dir='ltr'>ἐφθόνησαν</span> <span class='ocrx_word' id='word_1_509' title='bbox 3294 2183 3437 2252; x_wconf 73' lang='grc' dir='ltr'><strong>αὐτῲ</strong></span> <span class='ocrx_word' id='word_1_510' title='bbox 3458 2177 3681 2241; x_wconf 73' lang='grc' dir='ltr'>τῆςδοξη</span> <span class='ocrx_word' id='word_1_511' title='bbox 3694 2198 3729 2243; x_wconf 80' lang='grc' dir='ltr'>ς,</span> 
     </span>
    </p>
   </div>
   <div class='ocr_carea' id='block_1_74' title="bbox 2146 2270 3731 2344">
    <p class='ocr_par' dir='ltr' id='par_1_74' title="bbox 2146 2270 3731 2344">
     <span class='ocr_line' id='line_1_74' title="bbox 2146 2270 3731 2344; baseline 0.003 -20"><span class='ocrx_word' id='word_1_512' title='bbox 2146 2272 2189 2324; x_wconf 85' lang='grc' dir='ltr'>εἰ</span> <span class='ocrx_word' id='word_1_513' title='bbox 2215 2271 2387 2344; x_wconf 75' lang='grc' dir='ltr'>μελλοι</span> <span class='ocrx_word' id='word_1_514' title='bbox 2416 2277 2575 2344; x_wconf 82' lang='grc' dir='ltr'>μέγας</span> <span class='ocrx_word' id='word_1_515' title='bbox 2601 2274 2835 2341; x_wconf 80' lang='grc' dir='ltr'>ἔσεσθαι,</span> <span class='ocrx_word' id='word_1_516' title='bbox 2862 2276 2949 2325; x_wconf 79' lang='grc' dir='ltr'>καὶ</span> <span class='ocrx_word' id='word_1_517' title='bbox 2976 2277 3069 2331; x_wconf 80' lang='grc' dir='ltr'>τὴν</span> <span class='ocrx_word' id='word_1_518' title='bbox 3095 2272 3329 2344; x_wconf 74' lang='grc' dir='ltr'>Βηθλεὲμ</span> <span class='ocrx_word' id='word_1_519' title='bbox 3357 2270 3503 2343; x_wconf 74' lang='grc' dir='ltr'>ἐγγὺς</span> <span class='ocrx_word' id='word_1_520' title='bbox 3523 2272 3731 2341; x_wconf 80' lang='grc' dir='ltr'>ἔχοντες,</span> 
     </span>
    </p>
   </div>
   <div class='ocr_carea' id='block_1_75' title="bbox 2146 2356 3736 2436">
    <p class='ocr_par' dir='ltr' id='par_1_75' title="bbox 2146 2356 3736 2436">
     <span class='ocr_line' id='line_1_75' title="bbox 2146 2356 3736 2436; baseline -0.003 -24"><span class='ocrx_word' id='word_1_521' title='bbox 2146 2360 2239 2412; x_wconf 70' lang='grc' dir='ltr'>οὐκ</span> <span class='ocrx_word' id='word_1_522' title='bbox 2318 2360 2571 2419; x_wconf 80' lang='grc' dir='ltr'>ἀπῆλθον.</span> <span class='ocrx_word' id='word_1_523' title='bbox 2683 2362 2834 2414; x_wconf 75' lang='grc' dir='ltr'>Οὕτω</span> <span class='ocrx_word' id='word_1_524' title='bbox 2919 2366 3008 2414; x_wconf 85' lang='grc' dir='ltr'>καὶ</span> <span class='ocrx_word' id='word_1_525' title='bbox 3094 2363 3335 2436; x_wconf 86' lang='grc' dir='ltr'>φθονεροὶ</span> <span class='ocrx_word' id='word_1_526' title='bbox 3440 2356 3569 2417; x_wconf 76' lang='grc' dir='ltr'>ἦσαν</span> <span class='ocrx_word' id='word_1_527' title='bbox 3654 2360 3736 2407; x_wconf 80' lang='grc' dir='ltr'>καὶ</span> 
     </span>
    </p>
   </div>
   <div class='ocr_carea' id='block_1_76' title="bbox 2149 2447 2385 2521">
    <p class='ocr_par' dir='ltr' id='par_1_76' title="bbox 2149 2447 2385 2521">
     <span class='ocr_line' id='line_1_76' title="bbox 2149 2447 2385 2521; baseline 0 -22"><span class='ocrx_word' id='word_1_528' title='bbox 2149 2447 2385 2521; x_wconf 86' lang='grc' dir='ltr'>ὀκνηροί.</span> 
     </span>
    </p>
   </div>
   <div class='ocr_carea' id='block_1_77' title="bbox 2218 2536 3739 2612">
    <p class='ocr_par' dir='ltr' id='par_1_77' title="bbox 2218 2536 3739 2612">
     <span class='ocr_line' id='line_1_77' title="bbox 2218 2536 3739 2612; baseline -0.003 -23"><span class='ocrx_word' id='word_1_529' title='bbox 2218 2542 2319 2590; x_wconf 81' lang='grc' dir='ltr'><strong>Καὶ</strong></span> <span class='ocrx_word' id='word_1_530' title='bbox 2379 2543 2686 2610; x_wconf 89' lang='grc' dir='ltr'>συναγαγὼν</span> <span class='ocrx_word' id='word_1_531' title='bbox 2741 2568 2808 2580; x_wconf 87' lang='grc'><strong>-</strong></span> <span class='ocrx_word' id='word_1_532' title='bbox 2883 2540 2909 2589; x_wconf 92' lang='lat'><strong>6</strong></span> <span class='ocrx_word' id='word_1_533' title='bbox 2998 2542 3236 2612; x_wconf 82' lang='grc' dir='ltr'>Χριστὸς</span> <span class='ocrx_word' id='word_1_534' title='bbox 3316 2542 3577 2609; x_wconf 83' lang='grc' dir='ltr'>γεννᾶται.</span> <span class='ocrx_word' id='word_1_535' title='bbox 3649 2536 3739 2586; x_wconf 80' lang='grc' dir='ltr'><strong>Καὶ</strong></span> 
     </span>
    </p>
   </div>
   <div class='ocr_carea' id='block_1_78' title="bbox 2145 2624 3733 2701">
    <p class='ocr_par' dir='ltr' id='par_1_78' title="bbox 2145 2624 3733 2701">
     <span class='ocr_line' id='line_1_78' title="bbox 2145 2624 3733 2701; baseline -0.001 -24"><span class='ocrx_word' id='word_1_536' title='bbox 2145 2630 2248 2697; x_wconf 81' lang='grc' dir='ltr'>μὴν</span> <span class='ocrx_word' id='word_1_537' title='bbox 2292 2629 2341 2678; x_wconf 77' lang='lat' dir='ltr'><strong>oi</strong></span> <span class='ocrx_word' id='word_1_538' title='bbox 2390 2629 2564 2699; x_wconf 85' lang='grc' dir='ltr'>Μάγοι</span> <span class='ocrx_word' id='word_1_539' title='bbox 2615 2627 2706 2679; x_wconf 72' lang='grc' dir='ltr'>οὐκ</span> <span class='ocrx_word' id='word_1_540' title='bbox 2750 2624 2909 2693; x_wconf 83' lang='grc' dir='ltr'>εἶπον,</span> <span class='ocrx_word' id='word_1_541' title='bbox 2944 2629 3024 2679; x_wconf 85' lang='grc' dir='ltr'>ὅτι</span> <span class='ocrx_word' id='word_1_542' title='bbox 3081 2631 3165 2679; x_wconf 87' lang='grc' dir='ltr'>τὸν</span> <span class='ocrx_word' id='word_1_543' title='bbox 3231 2630 3467 2701; x_wconf 78' lang='grc' dir='ltr'>Χριστὸν</span> <span class='ocrx_word' id='word_1_544' title='bbox 3501 2628 3733 2687; x_wconf 78' lang='grc' dir='ltr'>ζητοῦσι.</span> 
     </span>
    </p>
   </div>
   <div class='ocr_carea' id='block_1_79' title="bbox 2146 2712 3742 2791">
    <p class='ocr_par' dir='ltr' id='par_1_79' title="bbox 2146 2712 3742 2791">
     <span class='ocr_line' id='line_1_79' title="bbox 2146 2712 3742 2791; baseline -0.003 -25"><span class='ocrx_word' id='word_1_545' title='bbox 2146 2721 2261 2776; x_wconf 90' lang='grc' dir='ltr'>Πῶς</span> <span class='ocrx_word' id='word_1_546' title='bbox 2292 2712 2378 2767; x_wconf 76' lang='grc' dir='ltr'>οὖν</span> <span class='ocrx_word' id='word_1_547' title='bbox 2422 2718 2447 2767; x_wconf 91' lang='lat'><strong>6</strong></span> <span class='ocrx_word' id='word_1_548' title='bbox 2492 2712 2733 2789; x_wconf 80' lang='grc' dir='ltr'><strong>Ἡρώδης</strong></span> <span class='ocrx_word' id='word_1_549' title='bbox 2787 2720 2901 2791; x_wconf 78' lang='grc' dir='ltr'>περὶ</span> <span class='ocrx_word' id='word_1_550' title='bbox 2954 2723 3045 2768; x_wconf 73' lang='grc' dir='ltr'>τοῦ</span> <span class='ocrx_word' id='word_1_551' title='bbox 3097 2723 3338 2788; x_wconf 80' lang='grc' dir='ltr'>Χριστοῦ</span> <span class='ocrx_word' id='word_1_552' title='bbox 3374 2714 3575 2788; x_wconf 82' lang='grc' dir='ltr'>ἐρωτᾲ;</span> <span class='ocrx_word' id='word_1_553' title='bbox 3613 2716 3742 2763; x_wconf 84' lang='grc' dir='ltr'>Διότι</span> 
     </span>
    </p>
   </div>
   <div class='ocr_carea' id='block_1_80' title="bbox 2144 2803 3745 2877">
    <p class='ocr_par' dir='ltr' id='par_1_80' title="bbox 2144 2803 3745 2877">
     <span class='ocr_line' id='line_1_80' title="bbox 2144 2803 3745 2877; baseline 0.003 -22"><span class='ocrx_word' id='word_1_554' title='bbox 2144 2803 2305 2856; x_wconf 89' lang='grc' dir='ltr'>πάλαι</span> <span class='ocrx_word' id='word_1_555' title='bbox 2372 2804 2572 2870; x_wconf 70' lang='grc' dir='ltr'>ἤκουεν,</span> <span class='ocrx_word' id='word_1_556' title='bbox 2648 2807 2728 2856; x_wconf 88' lang='grc' dir='ltr'><strong>ότι</strong></span> <span class='ocrx_word' id='word_1_557' title='bbox 2793 2805 2960 2877; x_wconf 83' lang='grc' dir='ltr'>μέλλει</span> <span class='ocrx_word' id='word_1_558' title='bbox 3021 2806 3342 2876; x_wconf 78' lang='grc' dir='ltr'>γεννηθῆναι</span> <span class='ocrx_word' id='word_1_559' title='bbox 3417 2806 3442 2855; x_wconf 97' lang='lat'><strong>6</strong></span> <span class='ocrx_word' id='word_1_560' title='bbox 3528 2804 3745 2875; x_wconf 77' lang='grc' dir='ltr'>Χριστὸς</span> 
     </span>
    </p>
   </div>
   <div class='ocr_carea' id='block_1_81' title="bbox 2146 2889 3744 2966">
    <p class='ocr_par' dir='ltr' id='par_1_81' title="bbox 2146 2889 3744 2966">
     <span class='ocr_line' id='line_1_81' title="bbox 2146 2889 3744 2966; baseline -0.003 -23"><span class='ocrx_word' id='word_1_561' title='bbox 2146 2891 2392 2964; x_wconf 75' lang='grc' dir='ltr'>βασιλεὺς</span> <span class='ocrx_word' id='word_1_562' title='bbox 2428 2900 2517 2944; x_wconf 81' lang='grc' dir='ltr'>τοῦ</span> <span class='ocrx_word' id='word_1_563' title='bbox 2557 2892 2788 2966; x_wconf 78' lang='grc' dir='ltr'>Ἰσραὴλ,</span> <span class='ocrx_word' id='word_1_564' title='bbox 2837 2898 2924 2945; x_wconf 83' lang='grc' dir='ltr'>καὶ</span> <span class='ocrx_word' id='word_1_565' title='bbox 2977 2893 3123 2953; x_wconf 63' lang='grc' dir='ltr'>εὐθὺς</span> <span class='ocrx_word' id='word_1_566' title='bbox 3164 2891 3428 2957; x_wconf 77' lang='grc' dir='ltr'>ἀκούσας,</span> <span class='ocrx_word' id='word_1_567' title='bbox 3480 2894 3554 2943; x_wconf 83' lang='grc' dir='ltr'>ὅτι</span> <span class='ocrx_word' id='word_1_568' title='bbox 3594 2889 3744 2962; x_wconf 81' lang='grc' dir='ltr'>βασι·</span> 
     </span>
    </p>
   </div>
   <div class='ocr_carea' id='block_1_82' title="bbox 2143 2978 3747 3054">
    <p class='ocr_par' dir='ltr' id='par_1_82' title="bbox 2143 2978 3747 3054">
     <span class='ocr_line' id='line_1_82' title="bbox 2143 2978 3747 3054; baseline -0.002 -23"><span class='ocrx_word' id='word_1_569' title='bbox 2143 2980 2255 3042; x_wconf 79' lang='grc' dir='ltr'>λεὺς</span> <span class='ocrx_word' id='word_1_570' title='bbox 2312 2980 2547 3051; x_wconf 80' lang='grc' dir='ltr'>ἐγεννήθη</span> <span class='ocrx_word' id='word_1_571' title='bbox 2617 2981 2664 3033; x_wconf 84' lang='grc' dir='ltr'>ἐν</span> <span class='ocrx_word' id='word_1_572' title='bbox 2736 2978 2987 3053; x_wconf 74' lang='grc' dir='ltr'>Ἰουδαίᾳ,</span> <span class='ocrx_word' id='word_1_573' title='bbox 3047 2986 3137 3033; x_wconf 86' lang='grc' dir='ltr'>καὶ</span> <span class='ocrx_word' id='word_1_574' title='bbox 3209 2984 3295 3033; x_wconf 85' lang='grc' dir='ltr'>ὅτι</span> <span class='ocrx_word' id='word_1_575' title='bbox 3351 2980 3525 3054; x_wconf 79' lang='grc' dir='ltr'>ἀστὴρ</span> <span class='ocrx_word' id='word_1_576' title='bbox 3580 2986 3747 3031; x_wconf 75' lang='grc' dir='ltr'>τοῦτον</span> 
     </span>
    </p>
   </div>
   <div class='ocr_carea' id='block_1_83' title="bbox 2146 3066 3749 3143">
    <p class='ocr_par' dir='ltr' id='par_1_83' title="bbox 2146 3066 3749 3143">
     <span class='ocr_line' id='line_1_83' title="bbox 2146 3066 3749 3143; baseline -0.002 -23"><span class='ocrx_word' id='word_1_577' title='bbox 2146 3073 2371 3143; x_wconf 83' lang='grc' dir='ltr'>Πέρσαις</span> <span class='ocrx_word' id='word_1_578' title='bbox 2428 3068 2670 3141; x_wconf 71' lang='grc' dir='ltr'>ἐμήνυσε,</span> <span class='ocrx_word' id='word_1_579' title='bbox 2724 3078 2961 3137; x_wconf 81' lang='grc' dir='ltr'>συνῆκεν,</span> <span class='ocrx_word' id='word_1_580' title='bbox 3023 3072 3101 3121; x_wconf 83' lang='grc' dir='ltr'>ὅτι</span> <span class='ocrx_word' id='word_1_581' title='bbox 3154 3066 3308 3130; x_wconf 74' lang='grc' dir='ltr'>οὗτὸς</span> <span class='ocrx_word' id='word_1_582' title='bbox 3353 3068 3499 3121; x_wconf 86' lang='grc' dir='ltr'>ἐστιν</span> <span class='ocrx_word' id='word_1_583' title='bbox 3544 3070 3569 3119; x_wconf 95' lang='grc' dir='ltr'><strong>ό</strong></span> <span class='ocrx_word' id='word_1_584' title='bbox 3614 3067 3749 3137; x_wconf 77' lang='grc' dir='ltr'>λεγό-</span> 
     </span>
    </p>
   </div>
   <div class='ocr_carea' id='block_1_84' title="bbox 2142 3157 3752 3232">
    <p class='ocr_par' dir='ltr' id='par_1_84' title="bbox 2142 3157 3752 3232">
     <span class='ocr_line' id='line_1_84' title="bbox 2142 3157 3752 3232; baseline -0.002 -23"><span class='ocrx_word' id='word_1_585' title='bbox 2142 3176 2291 3228; x_wconf 78' lang='grc' dir='ltr'>μενος</span> <span class='ocrx_word' id='word_1_586' title='bbox 2348 3162 2599 3231; x_wconf 81' lang='grc' dir='ltr'>Χριστὸς,</span> <span class='ocrx_word' id='word_1_587' title='bbox 2671 3164 2759 3210; x_wconf 83' lang='grc' dir='ltr'>καὶ</span> <span class='ocrx_word' id='word_1_588' title='bbox 2835 3158 3083 3229; x_wconf 90' lang='grc' dir='ltr'>συγκαλεί</span> <span class='ocrx_word' id='word_1_589' title='bbox 3160 3162 3283 3218; x_wconf 81' lang='grc' dir='ltr'>τοὺς</span> <span class='ocrx_word' id='word_1_590' title='bbox 3315 3157 3588 3232; x_wconf 77' lang='grc' dir='ltr'>ἀρχιερεῖς</span> <span class='ocrx_word' id='word_1_591' title='bbox 3668 3157 3752 3205; x_wconf 85' lang='grc' dir='ltr'>καὶ</span> 
     </span>
    </p>
   </div>
   <div class='ocr_carea' id='block_1_85' title="bbox 2143 3245 3755 3321">
    <p class='ocr_par' dir='ltr' id='par_1_85' title="bbox 2143 3245 3755 3321">
     <span class='ocr_line' id='line_1_85' title="bbox 2143 3245 3755 3321; baseline -0.003 -24"><span class='ocrx_word' id='word_1_592' title='bbox 2143 3251 2262 3307; x_wconf 76' lang='grc' dir='ltr'>τοὺς</span> <span class='ocrx_word' id='word_1_593' title='bbox 2318 3253 2660 3318; x_wconf 81' lang='grc' dir='ltr'>Γραμματείς,</span> <span class='ocrx_word' id='word_1_594' title='bbox 2724 3249 2793 3308; x_wconf 86' lang='grc' dir='ltr'>ὡς</span> <span class='ocrx_word' id='word_1_595' title='bbox 2846 3246 2939 3307; x_wconf 79' lang='grc' dir='ltr'><strong>τὰς</strong></span> <span class='ocrx_word' id='word_1_596' title='bbox 2986 3250 3317 3321; x_wconf 75' lang='grc' dir='ltr'>προφητικὰς</span> <span class='ocrx_word' id='word_1_597' title='bbox 3385 3245 3609 3318; x_wconf 79' lang='grc' dir='ltr'>βιϐλους</span> <span class='ocrx_word' id='word_1_598' title='bbox 3672 3247 3755 3293; x_wconf 85' lang='grc' dir='ltr'>καὶ</span> 
     </span>
    </p>
   </div>
   <div class='ocr_carea' id='block_1_86' title="bbox 2140 3331 3753 3409">
    <p class='ocr_par' dir='ltr' id='par_1_86' title="bbox 2140 3331 3753 3409">
     <span class='ocr_line' id='line_1_86' title="bbox 2140 3331 3753 3409; baseline -0.006 -18"><span class='ocrx_word' id='word_1_599' title='bbox 2140 3335 2322 3407; x_wconf 75' lang='grc' dir='ltr'>ῥήσεις</span> <span class='ocrx_word' id='word_1_600' title='bbox 2356 3334 2472 3407; x_wconf 78' lang='grc'><strong>(37)</strong></span> <span class='ocrx_word' id='word_1_601' title='bbox 2508 3332 2599 3387; x_wconf 72' lang='grc' dir='ltr'>διὰ</span> <span class='ocrx_word' id='word_1_602' title='bbox 2638 3340 2889 3407; x_wconf 82' lang='grc' dir='ltr'>στόματος</span> <span class='ocrx_word' id='word_1_603' title='bbox 2943 3355 3175 3407; x_wconf 87' lang='grc' dir='ltr'>εχοντας,</span> <span class='ocrx_word' id='word_1_604' title='bbox 3233 3341 3330 3387; x_wconf 81' lang='grc' dir='ltr'>καὶ</span> <span class='ocrx_word' id='word_1_605' title='bbox 3391 3331 3625 3409; x_wconf 83' lang='grc' dir='ltr'>διερωτᾲ</span> <span class='ocrx_word' id='word_1_606' title='bbox 3660 3337 3753 3383; x_wconf 74' lang='grc' dir='ltr'>ποῦ</span> 
     </span>
    </p>
   </div>
   <div class='ocr_carea' id='block_1_87' title="bbox 2143 3422 3760 3497">
    <p class='ocr_par' dir='ltr' id='par_1_87' title="bbox 2143 3422 3760 3497">
     <span class='ocr_line' id='line_1_87' title="bbox 2143 3422 3760 3497; baseline 0.004 -24"><span class='ocrx_word' id='word_1_607' title='bbox 2143 3424 2167 3473; x_wconf 94' lang='grc' dir='ltr'><strong>ό</strong></span> <span class='ocrx_word' id='word_1_608' title='bbox 2224 3427 2454 3497; x_wconf 82' lang='grc' dir='ltr'>Χριστὸς</span> <span class='ocrx_word' id='word_1_609' title='bbox 2504 3430 2762 3495; x_wconf 79' lang='grc' dir='ltr'>γεννᾶται,</span> <span class='ocrx_word' id='word_1_610' title='bbox 2820 3428 3101 3495; x_wconf 75' lang='grc' dir='ltr'>τουτέστιν,</span> <span class='ocrx_word' id='word_1_611' title='bbox 3162 3422 3211 3475; x_wconf 80' lang='grc' dir='ltr'>ἐν</span> <span class='ocrx_word' id='word_1_612' title='bbox 3266 3430 3413 3496; x_wconf 85' lang='grc' dir='ltr'>ποίῳ</span> <span class='ocrx_word' id='word_1_613' title='bbox 3467 3428 3613 3493; x_wconf 86' lang='grc' dir='ltr'>τόπῳ</span> <span class='ocrx_word' id='word_1_614' title='bbox 3671 3428 3760 3479; x_wconf 81' lang='grc' dir='ltr'><strong>τῆς</strong></span> 
     </span>
    </p>
   </div>
   <div class='ocr_carea' id='block_1_88' title="bbox 2140 3510 3758 3585">
    <p class='ocr_par' dir='ltr' id='par_1_88' title="bbox 2140 3510 3758 3585">
     <span class='ocr_line' id='line_1_88' title="bbox 2140 3510 3758 3585; baseline -0.003 -22"><span class='ocrx_word' id='word_1_615' title='bbox 2140 3519 2241 3582; x_wconf 84' lang='grc' dir='ltr'><strong>γῆς</strong></span> <span class='ocrx_word' id='word_1_616' title='bbox 2291 3514 2603 3585; x_wconf 70' lang='grc' dir='ltr'>εὑρίσκεται,</span> <span class='ocrx_word' id='word_1_617' title='bbox 2659 3515 2739 3564; x_wconf 84' lang='grc' dir='ltr'>ὅτι</span> <span class='ocrx_word' id='word_1_618' title='bbox 2794 3518 3050 3584; x_wconf 84' lang='grc' dir='ltr'>γεννᾶται·</span> <span class='ocrx_word' id='word_1_619' title='bbox 3108 3515 3156 3565; x_wconf 86' lang='grc' dir='ltr'>οἱ</span> <span class='ocrx_word' id='word_1_620' title='bbox 3210 3510 3270 3565; x_wconf 75' lang='grc' dir='ltr'>δὲ</span> <span class='ocrx_word' id='word_1_621' title='bbox 3322 3518 3420 3565; x_wconf 85' lang='grc' dir='ltr'>καὶ</span> <span class='ocrx_word' id='word_1_622' title='bbox 3479 3515 3569 3563; x_wconf 87' lang='grc' dir='ltr'>τὸν</span> <span class='ocrx_word' id='word_1_623' title='bbox 3609 3515 3758 3561; x_wconf 87' lang='grc' dir='ltr'>τόπον</span> 
     </span>
    </p>
   </div>
   <div class='ocr_carea' id='block_1_89' title="bbox 2140 3598 3757 3676">
    <p class='ocr_par' dir='ltr' id='par_1_89' title="bbox 2140 3598 3757 3676">
     <span class='ocr_line' id='line_1_89' title="bbox 2140 3598 3757 3676; baseline 0.004 -26"><span class='ocrx_word' id='word_1_624' title='bbox 2140 3598 2370 3670; x_wconf 84' lang='grc' dir='ltr'>λέγουσι,</span> <span class='ocrx_word' id='word_1_625' title='bbox 2412 3606 2499 3653; x_wconf 80' lang='grc' dir='ltr'>καὶ</span> <span class='ocrx_word' id='word_1_626' title='bbox 2534 3603 2777 3676; x_wconf 83' lang='grc' dir='ltr'>μάρτυρα</span> <span class='ocrx_word' id='word_1_627' title='bbox 2824 3602 3126 3675; x_wconf 81' lang='grc' dir='ltr'>παράγουσι</span> <span class='ocrx_word' id='word_1_628' title='bbox 3158 3605 3243 3653; x_wconf 87' lang='grc' dir='ltr'>τὸν</span> <span class='ocrx_word' id='word_1_629' title='bbox 3302 3607 3613 3674; x_wconf 72' lang='grc' dir='ltr'>προφήτην.</span> <span class='ocrx_word' id='word_1_630' title='bbox 3650 3601 3757 3672; x_wconf 73' lang='grc' dir='ltr'><strong>Χρὴ</strong></span> 
     </span>
    </p>
   </div>
   <div class='ocr_carea' id='block_1_90' title="bbox 2143 3684 3764 3765">
    <p class='ocr_par' dir='ltr' id='par_1_90' title="bbox 2143 3684 3764 3765">
     <span class='ocr_line' id='line_1_90' title="bbox 2143 3684 3764 3765; baseline -0.002 -25"><span class='ocrx_word' id='word_1_631' title='bbox 2143 3684 2201 3740; x_wconf 75' lang='grc' dir='ltr'>δὲ</span> <span class='ocrx_word' id='word_1_632' title='bbox 2260 3694 2552 3760; x_wconf 79' lang='grc' dir='ltr'>γινώσκειν,</span> <span class='ocrx_word' id='word_1_633' title='bbox 2607 3692 2686 3741; x_wconf 85' lang='grc' dir='ltr'>ὅτι</span> <span class='ocrx_word' id='word_1_634' title='bbox 2741 3689 2989 3761; x_wconf 85' lang='grc' dir='ltr'>ὀνομαστὶ</span> <span class='ocrx_word' id='word_1_635' title='bbox 3038 3690 3152 3761; x_wconf 85' lang='lat'><strong>(38)</strong></span> <span class='ocrx_word' id='word_1_636' title='bbox 3217 3693 3465 3765; x_wconf 83' lang='grc' dir='ltr'>Χριστὸν</span> <span class='ocrx_word' id='word_1_637' title='bbox 3522 3693 3612 3741; x_wconf 86' lang='grc' dir='ltr'>τὸν</span> <span class='ocrx_word' id='word_1_638' title='bbox 3646 3695 3764 3761; x_wconf 73' lang='grc' dir='ltr'>Χριο</span> 
     </span>
    </p>
   </div>
   <div class='ocr_carea' id='block_1_91' title="bbox 2144 3773 3769 3853">
    <p class='ocr_par' dir='ltr' id='par_1_91' title="bbox 2144 3773 3769 3853">
     <span class='ocr_line' id='line_1_91' title="bbox 2144 3773 3769 3853; baseline -0.002 -24"><span class='ocrx_word' id='word_1_639' title='bbox 2144 3780 2263 3829; x_wconf 87' lang='grc' dir='ltr'>στὸν</span> <span class='ocrx_word' id='word_1_640' title='bbox 2321 3784 2662 3853; x_wconf 76' lang='grc' dir='ltr'>φανερώτερον</span> <span class='ocrx_word' id='word_1_641' title='bbox 2736 3787 2835 3830; x_wconf 87' lang='grc' dir='ltr'>τῶν</span> <span class='ocrx_word' id='word_1_642' title='bbox 2894 3778 3057 3830; x_wconf 81' lang='grc' dir='ltr'>ἄλλων</span> <span class='ocrx_word' id='word_1_643' title='bbox 3130 3787 3420 3851; x_wconf 73' lang='grc' dir='ltr'>προφητῶν</span> <span class='ocrx_word' id='word_1_644' title='bbox 3485 3780 3513 3831; x_wconf 92' lang='lat'><strong>6</strong></span> <span class='ocrx_word' id='word_1_645' title='bbox 3580 3773 3769 3834; x_wconf 70' lang='grc' dir='ltr'>Δανιὴλ</span> 
     </span>
    </p>
   </div>
   <div class='ocr_carea' id='block_1_92' title="bbox 2143 3863 2449 3939">
    <p class='ocr_par' dir='ltr' id='par_1_92' title="bbox 2143 3863 2449 3939">
     <span class='ocr_line' id='line_1_92' title="bbox 2143 3863 2449 3939; baseline 0.01 -22"><span class='ocrx_word' id='word_1_646' title='bbox 2143 3863 2449 3939; x_wconf 66' lang='grc' dir='ltr'>ἀνέγραψεν.</span> 
     </span>
    </p>
   </div>
   <div class='ocr_carea' id='block_1_93' title="bbox 2213 3950 3769 4029">
    <p class='ocr_par' dir='ltr' id='par_1_93' title="bbox 2213 3950 3769 4029">
     <span class='ocr_line' id='line_1_93' title="bbox 2213 3950 3769 4029; baseline 0 -24"><span class='ocrx_word' id='word_1_647' title='bbox 2213 3956 2277 4005; x_wconf 83' lang='grc' dir='ltr'><strong>Οἱ</strong></span> <span class='ocrx_word' id='word_1_648' title='bbox 2307 3950 2366 4007; x_wconf 68' lang='grc' dir='ltr'>δὲ</span> <span class='ocrx_word' id='word_1_649' title='bbox 2395 3985 2464 3995; x_wconf 90' lang='lat'><strong><em>—</em></strong></span> <span class='ocrx_word' id='word_1_650' title='bbox 2512 3954 2745 4028; x_wconf 78' lang='grc' dir='ltr'>Ἰσραήλ.</span> <span class='ocrx_word' id='word_1_651' title='bbox 2788 3960 3028 4027; x_wconf 85' lang='grc' dir='ltr'>Μιχαίου</span> <span class='ocrx_word' id='word_1_652' title='bbox 3068 3958 3156 4028; x_wconf 74' lang='grc' dir='ltr'><strong>μεν</strong></span> <span class='ocrx_word' id='word_1_653' title='bbox 3188 3957 3218 4015; x_wconf 78' lang='grc' dir='ltr'>ἡ</span> <span class='ocrx_word' id='word_1_654' title='bbox 3251 3960 3595 4029; x_wconf 78' lang='grc' dir='ltr'>προφητεία,</span> <span class='ocrx_word' id='word_1_655' title='bbox 3640 3954 3769 4006; x_wconf 88' lang='grc' dir='ltr'>καθ-</span> 
     </span>
    </p>
   </div>
   <div class='ocr_carea' id='block_1_94' title="bbox 2140 4040 3771 4116">
    <p class='ocr_par' dir='ltr' id='par_1_94' title="bbox 2140 4040 3771 4116">
     <span class='ocr_line' id='line_1_94' title="bbox 2140 4040 3771 4116; baseline 0 -23"><span class='ocrx_word' id='word_1_656' title='bbox 2140 4047 2204 4103; x_wconf 85' lang='grc' dir='ltr'>ὼς</span> <span class='ocrx_word' id='word_1_657' title='bbox 2271 4041 2503 4115; x_wconf 82' lang='grc' dir='ltr'>ἀνωτέρω</span> <span class='ocrx_word' id='word_1_658' title='bbox 2575 4040 2963 4116; x_wconf 85' lang='grc' dir='ltr'>δεδηλώκαμεν·</span> <span class='ocrx_word' id='word_1_659' title='bbox 3027 4042 3431 4115; x_wconf 79' lang='grc' dir='ltr'>ἀπαγγέλλουσι</span> <span class='ocrx_word' id='word_1_660' title='bbox 3486 4042 3549 4098; x_wconf 67' lang='grc' dir='ltr'>δὲ</span> <span class='ocrx_word' id='word_1_661' title='bbox 3611 4044 3771 4100; x_wconf 75' lang='grc' dir='ltr'>αὐτὴν</span> 
     </span>
    </p>
   </div>
   <div class='ocr_carea' id='block_1_95' title="bbox 2140 4130 3775 4207">
    <p class='ocr_par' dir='ltr' id='par_1_95' title="bbox 2140 4130 3775 4207">
     <span class='ocr_line' id='line_1_95' title="bbox 2140 4130 3775 4207; baseline 0.001 -26"><span class='ocrx_word' id='word_1_662' title='bbox 2140 4131 2250 4182; x_wconf 91' lang='grc' dir='ltr'>κατ’</span> <span class='ocrx_word' id='word_1_663' title='bbox 2310 4130 2553 4204; x_wconf 80' lang='grc' dir='ltr'>ἐπιτομὴν</span> <span class='ocrx_word' id='word_1_664' title='bbox 2608 4134 2656 4184; x_wconf 84' lang='grc' dir='ltr'>οἱ</span> <span class='ocrx_word' id='word_1_665' title='bbox 2713 4131 2980 4207; x_wconf 80' lang='grc' dir='ltr'>ἀρχιερεῖς</span> <span class='ocrx_word' id='word_1_666' title='bbox 3035 4138 3125 4185; x_wconf 84' lang='grc' dir='ltr'>καὶ</span> <span class='ocrx_word' id='word_1_667' title='bbox 3180 4138 3564 4206; x_wconf 77' lang='grc' dir='ltr'>Γραμματείς,</span> <span class='ocrx_word' id='word_1_668' title='bbox 3637 4132 3775 4207; x_wconf 85' lang='grc' dir='ltr'>Ὀρα</span> 
     </span>
    </p>
   </div>
   <div class='ocr_carea' id='block_1_96' title="bbox 2143 4216 3779 4298">
    <p class='ocr_par' dir='ltr' id='par_1_96' title="bbox 2143 4216 3779 4298">
     <span class='ocr_line' id='line_1_96' title="bbox 2143 4216 3779 4298; baseline 0 -27"><span class='ocrx_word' id='word_1_669' title='bbox 2143 4216 2220 4286; x_wconf 73' lang='grc' dir='ltr'>δὲ,</span> <span class='ocrx_word' id='word_1_670' title='bbox 2258 4222 2412 4272; x_wconf 85' lang='grc' dir='ltr'><strong>όποία</strong></span> <span class='ocrx_word' id='word_1_671' title='bbox 2445 4225 2561 4294; x_wconf 82' lang='grc' dir='ltr'>περὶ</span> <span class='ocrx_word' id='word_1_672' title='bbox 2615 4228 2705 4280; x_wconf 85' lang='grc' dir='ltr'><strong>τῆς</strong></span> <span class='ocrx_word' id='word_1_673' title='bbox 2753 4221 2981 4293; x_wconf 75' lang='grc' dir='ltr'>Βηθλεὲμ</span> <span class='ocrx_word' id='word_1_674' title='bbox 3030 4218 3122 4273; x_wconf 81' lang='grc' dir='ltr'><strong>διὰ</strong></span> <span class='ocrx_word' id='word_1_675' title='bbox 3167 4229 3258 4273; x_wconf 81' lang='grc' dir='ltr'>τοῦ</span> <span class='ocrx_word' id='word_1_676' title='bbox 3317 4230 3614 4298; x_wconf 75' lang='grc' dir='ltr'>προφήτου</span> <span class='ocrx_word' id='word_1_677' title='bbox 3656 4240 3779 4293; x_wconf 69' lang='grc' dir='ltr'>προσ</span> 
     </span>
    </p>
   </div>
   <div class='ocr_carea' id='block_1_97' title="bbox 2140 4308 3778 4383">
    <p class='ocr_par' dir='ltr' id='par_1_97' title="bbox 2140 4308 3778 4383">
     <span class='ocr_line' id='line_1_97' title="bbox 2140 4308 3778 4383; baseline 0.001 -24"><span class='ocrx_word' id='word_1_678' title='bbox 2140 4315 2459 4380; x_wconf 81' lang='grc' dir='ltr'>ανεφώνησεν</span> <span class='ocrx_word' id='word_1_679' title='bbox 2494 4311 2519 4360; x_wconf 90' lang='lat'><strong>6</strong></span> <span class='ocrx_word' id='word_1_680' title='bbox 2582 4313 2733 4377; x_wconf 84' lang='grc' dir='ltr'>Θεὸς,</span> <span class='ocrx_word' id='word_1_681' title='bbox 2789 4312 2868 4361; x_wconf 87' lang='grc' dir='ltr'>ὃτι</span> <span class='ocrx_word' id='word_1_682' title='bbox 2924 4311 2983 4363; x_wconf 84' lang='grc' dir='ltr'><strong>Εἰ</strong></span> <span class='ocrx_word' id='word_1_683' title='bbox 3033 4314 3121 4362; x_wconf 83' lang='grc' dir='ltr'>καὶ</span> <span class='ocrx_word' id='word_1_684' title='bbox 3177 4313 3234 4362; x_wconf 89' lang='grc' dir='ltr'>τὸ</span> <span class='ocrx_word' id='word_1_685' title='bbox 3295 4318 3625 4383; x_wconf 78' lang='grc' dir='ltr'>φαινόμενον</span> <span class='ocrx_word' id='word_1_686' title='bbox 3691 4308 3778 4361; x_wconf 71' lang='grc' dir='ltr'><strong>εὖ·</strong></span> 
     </span>
    </p>
   </div>
   <div class='ocr_carea' id='block_1_98' title="bbox 2138 4396 3778 4471">
    <p class='ocr_par' dir='ltr' id='par_1_98' title="bbox 2138 4396 3778 4471">
     <span class='ocr_line' id='line_1_98' title="bbox 2138 4396 3778 4471; baseline 0.003 -22"><span class='ocrx_word' id='word_1_687' title='bbox 2138 4397 2287 4459; x_wconf 80' lang='grc' dir='ltr'>τελης</span> <span class='ocrx_word' id='word_1_688' title='bbox 2334 4399 2384 4449; x_wconf 80' lang='grc' dir='ltr'>εἴ</span> <span class='ocrx_word' id='word_1_689' title='bbox 2443 4397 2580 4469; x_wconf 83' lang='grc'>(39),</span> <span class='ocrx_word' id='word_1_690' title='bbox 2634 4396 2761 4449; x_wconf 81' lang='grc' dir='ltr'>ἀλλὰ</span> <span class='ocrx_word' id='word_1_691' title='bbox 2807 4418 2863 4469; x_wconf 85' lang='grc' dir='ltr'><strong>γε</strong></span> <span class='ocrx_word' id='word_1_692' title='bbox 2910 4404 2967 4451; x_wconf 85' lang='grc' dir='ltr'><strong>τό</strong></span> <span class='ocrx_word' id='word_1_693' title='bbox 3020 4402 3289 4471; x_wconf 74' lang='grc' dir='ltr'>νοούμενον</span> <span class='ocrx_word' id='word_1_694' title='bbox 3345 4402 3453 4452; x_wconf 71' lang='grc' dir='ltr'>οὐκ</span> <span class='ocrx_word' id='word_1_695' title='bbox 3508 4400 3778 4471; x_wconf 77' lang='grc' dir='ltr'>ἐλαχίστη</span> 
     </span>
    </p>
   </div>
   <div class='ocr_carea' id='block_1_99' title="bbox 2137 4486 3779 4560">
    <p class='ocr_par' dir='ltr' id='par_1_99' title="bbox 2137 4486 3779 4560">
     <span class='ocr_line' id='line_1_99' title="bbox 2137 4486 3779 4560; baseline 0 -23"><span class='ocrx_word' id='word_1_696' title='bbox 2137 4506 2217 4547; x_wconf 87' lang='grc' dir='ltr'><strong>τις</strong></span> <span class='ocrx_word' id='word_1_697' title='bbox 2298 4488 2557 4558; x_wconf 78' lang='grc' dir='ltr'>ὑπάρχεις</span> <span class='ocrx_word' id='word_1_698' title='bbox 2626 4486 2674 4539; x_wconf 76' lang='grc' dir='ltr'>ἓν</span> <span class='ocrx_word' id='word_1_699' title='bbox 2746 4487 2887 4549; x_wconf 86' lang='grc' dir='ltr'>ὅλαις</span> <span class='ocrx_word' id='word_1_700' title='bbox 2942 4495 3058 4548; x_wconf 85' lang='grc' dir='ltr'>ταῖς</span> <span class='ocrx_word' id='word_1_701' title='bbox 3134 4490 3456 4560; x_wconf 77' lang='grc' dir='ltr'>ἡγεμονίαις</span> <span class='ocrx_word' id='word_1_702' title='bbox 3524 4497 3624 4549; x_wconf 82' lang='grc' dir='ltr'><strong>τῆς</strong></span> <span class='ocrx_word' id='word_1_703' title='bbox 3687 4493 3779 4539; x_wconf 79' lang='grc' dir='ltr'>τοῦ</span> 
     </span>
    </p>
   </div>
   <div class='ocr_carea' id='block_1_100' title="bbox 2136 4571 3787 4653">
    <p class='ocr_par' dir='ltr' id='par_1_100' title="bbox 2136 4571 3787 4653">
     <span class='ocr_line' id='line_1_100' title="bbox 2136 4571 3787 4653; baseline 0.001 -26"><span class='ocrx_word' id='word_1_704' title='bbox 2136 4571 2316 4627; x_wconf 81' lang='grc' dir='ltr'>Ἰούδα</span> <span class='ocrx_word' id='word_1_705' title='bbox 2362 4575 2540 4646; x_wconf 82' lang='grc' dir='ltr'>φυλῆς.</span> <span class='ocrx_word' id='word_1_706' title='bbox 2593 4575 2818 4634; x_wconf 84' lang='grc' dir='ltr'>Ἑκάστη</span> <span class='ocrx_word' id='word_1_707' title='bbox 2887 4579 2987 4651; x_wconf 81' lang='grc' dir='ltr'>γὰρ</span> <span class='ocrx_word' id='word_1_708' title='bbox 3057 4576 3185 4646; x_wconf 83' lang='grc' dir='ltr'>φυλή</span> <span class='ocrx_word' id='word_1_709' title='bbox 3251 4574 3577 4653; x_wconf 73' lang='grc' dir='ltr'>διαφόρους</span> <span class='ocrx_word' id='word_1_710' title='bbox 3642 4574 3787 4649; x_wconf 84' lang='grc' dir='ltr'>εἶχεν</span> 
     </span>
    </p>
   </div>
   <div class='ocr_carea' id='block_1_101' title="bbox 2135 4662 3786 4736">
    <p class='ocr_par' dir='ltr' id='par_1_101' title="bbox 2135 4662 3786 4736">
     <span class='ocr_line' id='line_1_101' title="bbox 2135 4662 3786 4736; baseline 0.001 -21"><span class='ocrx_word' id='word_1_711' title='bbox 2135 4664 2415 4736; x_wconf 77' lang='grc' dir='ltr'>ἡγεμονίας</span> <span class='ocrx_word' id='word_1_712' title='bbox 2471 4662 2520 4715; x_wconf 86' lang='grc' dir='ltr'>ἐν</span> <span class='ocrx_word' id='word_1_713' title='bbox 2577 4671 2688 4725; x_wconf 86' lang='grc' dir='ltr'>ταῖς</span> <span class='ocrx_word' id='word_1_714' title='bbox 2737 4665 2948 4725; x_wconf 85' lang='grc' dir='ltr'>οἰκείαις</span> <span class='ocrx_word' id='word_1_715' title='bbox 3000 4664 3202 4723; x_wconf 85' lang='grc' dir='ltr'>πόλεσι.</span> <span class='ocrx_word' id='word_1_716' title='bbox 3259 4672 3369 4719; x_wconf 80' lang='grc' dir='ltr'><strong>Καὶ</strong></span> <span class='ocrx_word' id='word_1_717' title='bbox 3431 4667 3609 4729; x_wconf 85' lang='grc' dir='ltr'>ὅντως</span> <span class='ocrx_word' id='word_1_718' title='bbox 3672 4666 3786 4717; x_wconf 83' lang='grc' dir='ltr'>ὀνο-</span> 
     </span>
    </p>
   </div>
   <div class='ocr_carea' id='block_1_102' title="bbox 2134 4755 3783 4831">
    <p class='ocr_par' dir='ltr' id='par_1_102' title="bbox 2134 4755 3783 4831">
     <span class='ocr_line' id='line_1_102' title="bbox 2134 4755 3783 4831; baseline 0.002 -26"><span class='ocrx_word' id='word_1_719' title='bbox 2134 4755 2435 4825; x_wconf 85' lang='grc' dir='ltr'>μαστοτάτη</span> <span class='ocrx_word' id='word_1_720' title='bbox 2484 4756 2681 4825; x_wconf 85' lang='grc' dir='ltr'>γέγονε,</span> <span class='ocrx_word' id='word_1_721' title='bbox 2734 4756 2867 4827; x_wconf 85' lang='grc' dir='ltr'>μετὰ</span> <span class='ocrx_word' id='word_1_722' title='bbox 2910 4759 3003 4813; x_wconf 77' lang='grc' dir='ltr'><strong>τῆν</strong></span> <span class='ocrx_word' id='word_1_723' title='bbox 3054 4759 3291 4827; x_wconf 67' lang='grc' dir='ltr'>γέννησιν</span> <span class='ocrx_word' id='word_1_724' title='bbox 3346 4764 3453 4810; x_wconf 78' lang='grc' dir='ltr'>τοῦ</span> <span class='ocrx_word' id='word_1_725' title='bbox 3495 4764 3783 4831; x_wconf 81' lang='grc' dir='ltr'>Σωτῆρος.</span> 
     </span>
    </p>
   </div>
   <div class='ocr_carea' id='block_1_103' title="bbox 1585 4927 2518 5000">
    <p class='ocr_par' dir='ltr' id='par_1_103' title="bbox 1585 4927 2518 5000">
     <span class='ocr_line' id='line_1_103' title="bbox 1585 4927 2518 5000; baseline 0.003 -3"><span class='ocrx_word' id='word_1_726' title='bbox 1585 4927 1807 4997; x_wconf 86' lang='lat' dir='ltr'><strong>Varia</strong></span> <span class='ocrx_word' id='word_1_727' title='bbox 1837 4928 2165 4997; x_wconf 87' lang='lat' dir='ltr'><strong>lectiones</strong></span> <span class='ocrx_word' id='word_1_728' title='bbox 2215 4938 2279 4998; x_wconf 90' lang='lat' dir='ltr'><strong>et</strong></span> <span class='ocrx_word' id='word_1_729' title='bbox 2317 4941 2518 5000; x_wconf 82' lang='lat' dir='ltr'><strong>nota.</strong></span> 
     </span>
    </p>
   </div>
   <div class='ocr_carea' id='block_1_104' title="bbox 446 5093 2019 5170">
    <p class='ocr_par' dir='ltr' id='par_1_104' title="bbox 446 5093 2019 5170">
     <span class='ocr_line' id='line_1_104' title="bbox 446 5093 2019 5170; baseline 0.001 -18"><span class='ocrx_word' id='word_1_730' title='bbox 446 5093 561 5170; x_wconf 72' lang='lat'><strong>(35)</strong></span> <span class='ocrx_word' id='word_1_731' title='bbox 604 5094 842 5156; x_wconf 78' lang='grc' dir='ltr'>Καλύϐην</span> <span class='ocrx_word' id='word_1_732' title='bbox 873 5094 1130 5170; x_wconf 82' lang='lat' dir='ltr'><strong>appellat</strong></span> <span class='ocrx_word' id='word_1_733' title='bbox 1175 5096 1575 5170; x_wconf 82' lang='lat' dir='ltr'><strong>Chrysostom.</strong></span> <span class='ocrx_word' id='word_1_734' title='bbox 1610 5098 1802 5170; x_wconf 34' lang='lat' dir='ltr'><strong>t.‘VlI,</strong></span> <span class='ocrx_word' id='word_1_735' title='bbox 1840 5115 1879 5170; x_wconf 93' lang='lat' dir='ltr'><strong>p</strong></span> <span class='ocrx_word' id='word_1_736' title='bbox 1903 5101 1973 5154; x_wconf 92' lang='lat'>88</span> <span class='ocrx_word' id='word_1_737' title='bbox 2006 5118 2019 5167; x_wconf 89' lang='lat'>;</span> 
     </span>
    </p>
   </div>
   <div class='ocr_carea' id='block_1_105' title="bbox 371 5166 2023 5241">
    <p class='ocr_par' dir='ltr' id='par_1_105' title="bbox 371 5166 2023 5241">
     <span class='ocr_line' id='line_1_105' title="bbox 371 5166 2023 5241; baseline 0.003 -19"><span class='ocrx_word' id='word_1_738' title='bbox 371 5166 665 5241; x_wconf 79' lang='grc' dir='ltr'>κατάλυμα,</span> <span class='ocrx_word' id='word_1_739' title='bbox 700 5186 804 5224; x_wconf 89' lang='lat' dir='ltr'><strong>seu</strong></span> <span class='ocrx_word' id='word_1_740' title='bbox 855 5166 1260 5235; x_wconf 72' lang='lat' dir='ltr'><strong>diversorium,</strong></span> <span class='ocrx_word' id='word_1_741' title='bbox 1292 5166 1388 5223; x_wconf 58' lang='lat' dir='ltr'><strong>&#39;de</strong></span> <span class='ocrx_word' id='word_1_742' title='bbox 1422 5186 1533 5241; x_wconf 82' lang='lat' dir='ltr'><strong>suo</strong></span> <span class='ocrx_word' id='word_1_743' title='bbox 1574 5166 1806 5225; x_wconf 88' lang='lat' dir='ltr'><strong>videtur</strong></span> <span class='ocrx_word' id='word_1_744' title='bbox 1842 5166 2023 5241; x_wconf 67' lang='lat' dir='ltr'><strong>adje-</strong></span> 
     </span>
    </p>
   </div>
   <div class='ocr_carea' id='block_1_106' title="bbox 371 5238 2016 5321">
    <p class='ocr_par' dir='ltr' id='par_1_106' title="bbox 371 5238 2016 5321">
     <span class='ocr_line' id='line_1_106' title="bbox 371 5238 2016 5321; baseline 0 -23"><span class='ocrx_word' id='word_1_745' title='bbox 371 5241 527 5321; x_wconf 76' lang='lat' dir='ltr'><strong>cisse</strong></span> <span class='ocrx_word' id='word_1_746' title='bbox 538 5238 834 5321; x_wconf 75' lang='lat' dir='ltr'><strong>interpres</strong></span> <span class='ocrx_word' id='word_1_747' title='bbox 874 5241 1213 5321; x_wconf 61' lang='lat' dir='ltr'><strong>Hentenius.</strong></span> <span class='ocrx_word' id='word_1_748' title='bbox 1259 5241 1410 5321; x_wconf 41' lang='lat' dir='ltr'><strong>.Vide</strong></span> <span class='ocrx_word' id='word_1_749' title='bbox 1451 5238 1599 5297; x_wconf 84' lang='lat' dir='ltr'><strong>infra</strong></span> <span class='ocrx_word' id='word_1_750' title='bbox 1630 5242 1707 5321; x_wconf 87' lang='lat' dir='ltr'><strong>a_d_</strong></span> <span class='ocrx_word' id='word_1_751' title='bbox 1745 5257 1896 5297; x_wconf 83' lang='lat' dir='ltr'><strong>vers.</strong></span> <span class='ocrx_word' id='word_1_752' title='bbox 1936 5238 2016 5298; x_wconf 75' lang='lat' dir='ltr'><strong>tt.</strong></span> 
     </span>
    </p>
   </div>
   <div class='ocr_carea' id='block_1_107' title="bbox 443 5311 2015 5387">
    <p class='ocr_par' dir='ltr' id='par_1_107' title="bbox 443 5311 2015 5387">
     <span class='ocr_line' id='line_1_107' title="bbox 443 5311 2015 5387; baseline 0 -18"><span class='ocrx_word' id='word_1_753' title='bbox 443 5312 555 5386; x_wconf 87' lang='lat'><strong>(36)</strong></span> <span class='ocrx_word' id='word_1_754' title='bbox 588 5313 672 5367; x_wconf 90' lang='lat' dir='ltr'><strong>Ita</strong></span> <span class='ocrx_word' id='word_1_755' title='bbox 702 5311 1016 5383; x_wconf 89' lang='lat' dir='ltr'><strong>interpres.</strong></span> <span class='ocrx_word' id='word_1_756' title='bbox 1053 5311 1273 5383; x_wconf 86' lang='lat' dir='ltr'><strong>Conjici</strong></span> <span class='ocrx_word' id='word_1_757' title='bbox 1297 5317 1496 5368; x_wconf 89' lang='lat' dir='ltr'><strong>tamen</strong></span> <span class='ocrx_word' id='word_1_758' title='bbox 1516 5313 1729 5385; x_wconf 89' lang='lat' dir='ltr'><strong>possit,</strong></span> <span class='ocrx_word' id='word_1_759' title='bbox 1760 5319 2015 5387; x_wconf 74' lang='grc' dir='ltr'>συγγενεῖ.</span> 
     </span>
    </p>
   </div>
   <div class='ocr_carea' id='block_1_108' title="bbox 2131 5100 3599 5179">
    <p class='ocr_par' dir='ltr' id='par_1_108' title="bbox 2131 5100 3599 5179">
     <span class='ocr_line' id='line_1_108' title="bbox 2131 5100 3599 5179; baseline 0.005 -23"><span class='ocrx_word' id='word_1_760' title='bbox 2131 5104 2259 5179; x_wconf 71' lang='lat' dir='ltr'><strong>Mox</strong></span> <span class='ocrx_word' id='word_1_761' title='bbox 2281 5108 2482 5160; x_wconf 89' lang='lat' dir='ltr'><strong>tamen</strong></span> <span class='ocrx_word' id='word_1_762' title='bbox 2498 5106 2597 5179; x_wconf 78' lang='lat' dir='ltr'><strong>est</strong></span> <span class='ocrx_word' id='word_1_763' title='bbox 2626 5100 2996 5179; x_wconf 51' lang='grc' dir='ltr'>ἀλλογενεῖςθί</span> <span class='ocrx_word' id='word_1_764' title='bbox 3032 5119 3235 5160; x_wconf 90' lang='lat' dir='ltr'><strong>rursus</strong></span> <span class='ocrx_word' id='word_1_765' title='bbox 3269 5110 3599 5179; x_wconf 78' lang='grc' dir='ltr'>συγγενεῖς.</span> 
     </span>
    </p>
   </div>
   <div class='ocr_carea' id='block_1_109' title="bbox 2201 5174 3021 5247">
    <p class='ocr_par' dir='ltr' id='par_1_109' title="bbox 2201 5174 3021 5247">
     <span class='ocr_line' id='line_1_109' title="bbox 2201 5174 3021 5247; baseline -0.002 -17"><span class='ocrx_word' id='word_1_766' title='bbox 2201 5178 2317 5247; x_wconf 73' lang='lat'><strong>(37)</strong></span> <span class='ocrx_word' id='word_1_767' title='bbox 2357 5179 2457 5226; x_wconf 80' lang='grc' dir='ltr'><strong>Καὶ</strong></span> <span class='ocrx_word' id='word_1_768' title='bbox 2484 5174 2676 5247; x_wconf 60' lang='grc' dir='ltr'>ῥήσεις,</span> <span class='ocrx_word' id='word_1_769' title='bbox 2710 5174 2928 5247; x_wconf 86' lang='lat' dir='ltr'><strong>omittit</strong></span> <span class='ocrx_word' id='word_1_770' title='bbox 2955 5174 3021 5247; x_wconf 77' lang='grc' dir='ltr'>ᾼ.</span> 
     </span>
    </p>
   </div>
   <div class='ocr_carea' id='block_1_110' title="bbox 2225 5244 3382 5316">
    <p class='ocr_par' dir='ltr' id='par_1_110' title="bbox 2225 5244 3382 5316">
     <span class='ocr_line' id='line_1_110' title="bbox 2225 5244 3382 5316; baseline 0.004 -16"><span class='ocrx_word' id='word_1_771' title='bbox 2225 5244 2315 5316; x_wconf 80' lang='lat'><strong>38)</strong></span> <span class='ocrx_word' id='word_1_772' title='bbox 2354 5244 2669 5300; x_wconf 85' lang='lat' dir='ltr'><strong>Hentenius</strong></span> <span class='ocrx_word' id='word_1_773' title='bbox 2705 5246 2935 5301; x_wconf 88' lang='lat' dir='ltr'><strong>videtur</strong></span> <span class='ocrx_word' id='word_1_774' title='bbox 2972 5245 3185 5316; x_wconf 89' lang='lat' dir='ltr'><strong>legisse</strong></span> <span class='ocrx_word' id='word_1_775' title='bbox 3224 5250 3382 5305; x_wconf 81' lang='grc' dir='ltr'>Θιόν.</span> 
     </span>
    </p>
   </div>
   <div class='ocr_carea' id='block_1_111' title="bbox 2225 5317 2884 5389">
    <p class='ocr_par' dir='ltr' id='par_1_111' title="bbox 2225 5317 2884 5389">
     <span class='ocr_line' id='line_1_111' title="bbox 2225 5317 2884 5389; baseline 0.002 -18"><span class='ocrx_word' id='word_1_776' title='bbox 2225 5317 2315 5389; x_wconf 88' lang='grc'><strong>39)</strong></span> <span class='ocrx_word' id='word_1_777' title='bbox 2360 5321 2551 5384; x_wconf 78' lang='grc' dir='ltr'>Δοκείς,</span> <span class='ocrx_word' id='word_1_778' title='bbox 2576 5331 2687 5389; x_wconf 90' lang='lat' dir='ltr'><strong>pro</strong></span> <span class='ocrx_word' id='word_1_779' title='bbox 2718 5317 2780 5371; x_wconf 81' lang='grc' dir='ltr'>εἶ.</span> <span class='ocrx_word' id='word_1_780' title='bbox 2820 5323 2884 5372; x_wconf 81' lang='grc' dir='ltr'>Δ.</span> 
     </span>
    </p>
   </div>
   <div class='ocr_carea' id='block_1_112' title="bbox 440 5456 2020 5545">
    <p class='ocr_par' dir='ltr' id='par_1_112' title="bbox 440 5456 2020 5545">
     <span class='ocr_line' id='line_1_112' title="bbox 440 5456 2020 5545; baseline 0.002 -25"><span class='ocrx_word' id='word_1_781' title='bbox 440 5461 509 5545; x_wconf 74' lang='grc' dir='ltr'><strong>(ο)</strong></span> <span class='ocrx_word' id='word_1_782' title='bbox 539 5460 913 5523; x_wconf 82' lang='lat' dir='ltr'><strong>Accederent.</strong></span> <span class='ocrx_word' id='word_1_783' title='bbox 945 5456 1189 5519; x_wconf 89' lang='lat' dir='ltr'><strong>Videtur</strong></span> <span class='ocrx_word' id='word_1_784' title='bbox 1210 5457 1427 5537; x_wconf 78' lang='lat' dir='ltr'><strong>legisse</strong></span> <span class='ocrx_word' id='word_1_785' title='bbox 1456 5460 1703 5541; x_wconf 72' lang='grc' dir='ltr'>ἐπῆλθον,</span> <span class='ocrx_word' id='word_1_786' title='bbox 1733 5460 1900 5542; x_wconf 87' lang='lat' dir='ltr'><strong>quod</strong></span> <span class='ocrx_word' id='word_1_787' title='bbox 1927 5479 2020 5523; x_wconf 72' lang='lat' dir='ltr'><strong>no:</strong></span> 
     </span>
    </p>
   </div>
   <div class='ocr_carea' id='block_1_113' title="bbox 2149 5456 2380 5545">
    <p class='ocr_par' dir='ltr' id='par_1_113' title="bbox 2150 5458 2380 5545">
     <span class='ocr_line' id='line_1_113' title="bbox 2150 5458 2380 5545; baseline 0.017 -25"><span class='ocrx_word' id='word_1_788' title='bbox 2150 5458 2380 5545; x_wconf 78' lang='lat' dir='ltr'><strong>splicet.</strong></span> 
     </span>
    </p>
   </div>
  </div>
