3976 6222
49 90 790 299 τὲ

153 177 156 180 .
190 213 200 230 Ρ

321 281 340 299 ι’
347 295 350 298 .
559 255 569 269 ἡ

153 177 156 180 ’
169 177 200 230 τε

321 255 569 299 r—i

49 90 790 299 τὲ

153 177 156 180 .
190 213 200 230 Ρ

321 281 340 299 ι’
347 295 350 298 .
559 255 569 269 ἡ

253 338 464 389 Ἐκάστοτε
505 331 590 401 γὰρ
651 328 706 380 ἐκ
743 329 980 401 περάτων
1044 337 1137 390 τῆς
1194 328 1495 401 οἰκουμένης
1573 331 1757 403 ἕρχον-
1785 329 1832 382 Α

253 445 322 475 ται
350 427 496 476 ταύτην
529 417 783 490 ὀψόμενοι,
833 421 924 468 καὶ
973 421 1424 490 προσκυνήσοντες
1449 421 1536 470 τὸν
1579 423 1755 487 τόπον,

243 515 340 564 ἓνᾶα
388 512 410 560 ό
452 511 647 579 Χριστός
713 509 1038 577 γεγέννηται.
1092 503 1218 558 Εἶτα
1278 508 1461 563 τίθησι
1513 511 1602 558 καὶ
1663 511 1757 565 τήν

241 602 378 651 αἰτίαν
429 606 506 656 τῆς
547 592 900 656 ἐνδοξότητος·
971 595 1049 646 ὅτι
1106 595 1192 646 Ἐκ
1259 602 1352 646 σού
1418 594 1755 664 ἐξελεύσεται,

235 690 364 738 u'row
387 683 662 756 βλαστήσει,
710 687 1008 755 ἡγούμενος,
1061 683 1372 754 Ἡγούμενον
1427 680 1486 736 δι
1521 685 1631 755 (4-0)
1668 690 1757 737 καὶ

232 778 404 844 ποιμένα
448 771 639 824 ἐκάλεσε
698 774 785 823 τόν
842 770 1081 843 βασιλέα.
1132 771 1189 823 Ὀ
1241 774 1343 845 γὰρ
1407 777 1639 845 Χριστός
1696 770 1758 832 ἦν

227 867 298 934 μὲν
331 862 423 931 (ll)
465 859 725 932 βασιλεὺς,
775 865 866 911 καὶ
918 863 988 922 ὡς
1034 864 1184 920 Θεὸς.
1234 859 1294 912 Ἦ
1344 859 1590 932 βασιλεία
1630 865 1754 934 γὰρ,

231 955 372 1020 φησὶν,
427 948 572 1020 ἠέμὴ
605 949 699 1000 οὐκ
751 951 889 1000 ἔστιν
935 947 990 998 ἐκ
1045 955 1136 1000 τού
1189 953 1391 1019 κόσμου
1438 951 1641 1001 τούτου·
1695 947 1756 1007 ἧν

225 1034 270 1088 δε
301 1040 473 1102 καὶ,ὡς
517 1039 807 1109 ἄνθρωπος.
867 1035 993 1107 Εἶχε
1043 1039 1144 1110 γὰρ
1204 1039 1331 1107 ἔργα
1378 1035 1657 1108 βασιλέως,
1698 1041 1755 1090 τὸ

217 1128 449 1196 νομοθετεῖν
503 1133 609 1186 τοὶς
665 1127 914 1184 ὑπηκόοις
980 1125 1156 1190 αὐτοῦ,
1219 1129 1278 1176 τὸ
1332 1126 1624 1199 ῥυθμίζειν,
1696 1129 1755 1178 τὸ

216 1220 440 1287 περιέπειν,
508 1219 564 1266 τό
637 1215 1113 1286 ύπεραποθνήσκειν
1169 1213 1360 1280 αὐτῶν,
1425 1214 1460 1264 οἱ
1524 1213 1759 1286 μάλιστα

210 1304 619 1374 χαρακτηρίξουσι
660 1307 747 1354 τόν
775 1301 941 1360 ἀληθῆ
978 1300 1218 1374 βασιλέα.
1248 1306 1317 1355 T6
1346 1304 1448 1375 γὰρ
1489 1299 1753 1375 διάδημα,

212 1397 281 1442 καὶ
318 1393 344 1448 ἡ
379 1397 639 1464 πορφυρὶς,
697 1396 787 1443 καὶ
824 1394 891 1443 τὰ
936 1399 1174 1460 τοιαῦτα,
1221 1393 1384 1462 τύφου
1430 1390 1621 1463 μᾶλλον
1670 1396 1758 1444 καὶ

211 1478 459 1542 ἀλαζονείας
484 1480 605 1534 εἰσί.

267 1573 348 1620 Καὶ
383 1576 480 1628 πῶς
513 1565 644 1619 εἶπεν
698 1567 854 1618 αὐτόν
902 1572 1119 1640 ποιμένα
1169 1575 1262 1620 τοῦ
1315 1568 1566 1643 Ἰσραήλ;
1619 1571 1761 1641 σύμ.-

211 1675 348 1708 nam
399 1659 493 1729 γὰρ
540 1661 633 1714 τήν
712 1657 1015 1728 οἰκουμένην
1089 1656 1352 1730 ἕποίμανε.
1415 1664 1570 1724 Πὼς;
1648 1657 1833 1736 ἹναΒ

212 1751 265 1815 μή
315 1741 752 1798 σκανδαλισθῶσιν
813 1742 1088 1810 Ἰουδαῖοι,
1149 1749 1214 1806 ὡς
1271 1743 1436 1818 μηδέν
1504 1766 1556 1799 τι
1610 1746 1759 1800 πλέον

215 1840 291 1882 τῶν
325 1833 471 1886 illa»
499 1837 728 1905 ἔχοντες,
777 1832 884 1885 ἀλλ’
927 1835 1008 1886 ἵνα
1036 1833 1224 1905 μᾶλλον
1281 1838 1478 1906 ἔχωσιν
1523 1834 1760 1908 ἀφορμήν

215 1922 490 1987 οἰκειώσεως,
518 1924 625 1974 ἐπεὶ
673 1927 761 1974 καὶ
824 1921 878 1984 ἐξ
943 1923 1110 1974 αὐτῶν
1145 1921 1452 1993 ἐϐλάστησε,
1500 1929 1590 1977 καὶ
1637 1924 1760 1998 παρ’

213 2011 349 2070 rimi;
393 2012 500 2084 (42)
532 2011 794 2083 ἐγεννήθη.
838 2011 898 2064 Εἰ
955 2008 1014 2064 δέ
1054 2031 1135 2072 τις
1164 2015 1318 2064 εἴποι·
1371 2017 1472 2066 Καί
1519 2021 1627 2074 πῶς
1665 2014 1760 2065 ούκ

210 2095 431 2169 ἐποίμαινεν
499 2101 612 2170 (43)
667 2100 887 2167 αύτούς;
953 2101 1095 2152 οὗτοι
1159 2103 1260 2174 γὰρ
1315 2101 1446 2153 εἰσιν
1523 2101 1756 2176 Ἰσραήλ·

209 2184 399 2254 ἀκούσει,
445 2190 525 2240 ὅτι
577 2194 666 2240 καὶ
733 2196 885 2241 τοῦτο
941 2193 1240 2246 πεποίηκεν.
1319 2188 1473 2241 Ὀσοι
1531 2193 1632 2265 γὰρ
1707 2189 1761 2252 ἐξ

204 2275 339 2326 αᾶτών
401 2275 734 2343 ἐπίστευσαν,
818 2276 1060 2348 έποίμανε
1147 2280 1381 2348 τούτους,
1437 2277 1633 2340 Ἀλλως
1706 2297 1760 2331 τε

207 2359 268 2429 δὲ,
299 2365 492 2436 Ἰσραήλ
539 2365 654 2418 έστι
693 2372 796 2428 πᾶς
825 2363 974 2426 εἰδὼς
1029 2370 1175 2420 Θεὸν.
1232 2366 1444 2440 Ἰσραὴλ
1473 2369 1572 2439 γὰρ
1604 2366 1760 2439 ἑρμη-

203 2454 380 2521 ντίοεται,
433 2456 561 2528 ὁρῶν
633 2460 783 2509 Θεὸν.
856 2459 992 2514 Φησὶ
1041 2459 1142 2528 γὰρ
1193 2456 1218 2506 6
1269 2454 1486 2521 Παῦλος,
1532 2457 1614 2507 ὅτι
1682 2455 1758 2507 Ού

201 2543 352 2602 πάντες
409 2546 456 2595 οἱ
523 2543 577 2607 ἐξ
631 2543 866 2618 Ἰσραὴλ,
953 2543 1095 2594 οὗτοι
1168 2543 1397 2615 Ἰσραήλ.
1463 2543 1520 2594 Εἰ
1575 2539 1636 2596 δὲ
1684 2549 1756 2616 μή

202 2632 360 2694 πάντας
410 2637 523 2694 τοὺς
589 2632 861 2705 Ἐϐραίους
926 2631 1212 2702 ἑποίμανεν,
1268 2630 1468 2684 ἐκείνων
1531 2631 1643 2684 ἐστὶ
1699 2636 1757 2685 τὸ

205 2719 416 2789 ἔγκλημα,
471 2727 542 2792 μή
613 2721 940 2778 θελησάντων
996 2719 1081 2771 ὑπ’
1122 2719 1282 2771 αὐτοῦ
1353 2723 1747 2792 ποιμαίνεσθαι,

203 2809 355 2877 Εἰρηκε
372 2811 486 2883 γάρ·
521 2810 632 2860 Ούκ
674 2808 993 2875 ἀπεστάλην,
1026 2808 1070 2860 εἰ
1116 2812 1186 2880 μὴ
1219 2808 1285 2869 εὶς
1313 2811 1380 2861 τὰ
1430 2809 1669 2884 πρόϐατα
1694 2814 1760 2862 τὰ

203 2893 461 2948 ἀπολωλότα
485 2902 633 2950 οῖκου
663 2897 902 2972 Ἰσραήλ.
943 2903 1042 2949 Καὶ
1071 2897 1097 2948 6
1128 2897 1491 2969 εύαγγελιστής
1518 2895 1577 2951 δι
1599 2919 1758 2971 φησιν

205 2983 422 3052 Ἰωάννης,
463 2987 543 3038 ὅτι
568 2986 659 3047 Εἰς
683 2989 750 3038 τὰ
774 2983 894 3039 ἴδια
923 2983 1063 3054 ἦλθε,
1093 2990 1184 3038 καὶ
1232 2988 1282 3038 οἱ
1331 2983 1463 3038 ἴδιοι
1507 2987 1659 3039 αὐτόν
1698 2988 1758 3039 ού

201 3073 460 3143 παρελαϐον.

255 3249 506 3304 Κάνταῦθα
585 3248 647 3305 δὲ
711 3259 1094 3327 κακουργοῦσιν
1173 3249 1424 3306 Ἰουδαῖοι
1501 3253 1757 3324 λέγοντες,

202 3337 261 3386 ἇτι
303 3345 407 3412 περὶ
450 3348 544 3392 τοῦ
598 3339 893 3412 Ζοροϐάϐελ
942 3337 1050 3393 εἶπε
1114 3349 1280 3394 ταῦτα
1346 3345 1374 3400 ἠ
1437 3347 1748 3414 προφητεία.

198 3429 303 3497 Πρός
335 3430 412 3488 οὖς
452 3449 642 3501 φαμεν,
703 3430 784 3481 ὅτι
832 3433 922 3481 καὶ
975 3433 1076 3502 μὴν
1130 3431 1156 3481 6
1217 3429 1508 3505 Ζοροϐάϐελ
1572 3431 1666 3483 οὐκ
1711 3430 1760 3482 ἐν

200 3515 399 3588 Βηθλεὲμ,
453 3517 564 3569 ἀλλ’
612 3516 662 3569 ἕν
710 3516 974 3570 Βαϐυλῶνι
1028 3521 1348 3590 γεγέννηται.
1397 3523 1463 3572 Σύ
1509 3515 1567 3571 δε
1626 3521 1757 3572 θαύ-

196 3621 329 3670 μασον
379 3610 471 3664 τήν
513 3606 818 3679 οἰκονομίαν
880 3614 973 3658 τοῦ
1035 3614 1186 3678 Θεοῦ,
1266 3616 1372 3668 πῶς
1438 3611 1760 3680 παρεσκεύα-

201 3707 262 3740 σεν
286 3694 374 3744 ύπό
417 3698 505 3766 μὲν
538 3703 643 3747 τῶν
689 3697 885 3766 Μάγων
926 3691 1259 3767 διδαχθῆναι
1295 3699 1414 3757 τοὺς
1445 3693 1757 3761 Ἰουδαίους,

199 3778 257 3829 ότι
300 3786 379 3833 καὶ
425 3781 595 3857 ἀστήρ
649 3787 742 3834 τὸν
797 3787 1026 3858 Χριστὸν
1089 3783 1353 3859 ἐκήρυξεν,
1407 3786 1507 3836 ὑπὸ
1548 3781 1608 3836 δε
1659 3792 1760 3836 τῶν

198 3865 423 3922 Ἰουδαίων
473 3877 595 3932 τούς
659 3874 900 3943 Μάγους,
977 3874 1057 3924 ὃτι
1127 3877 1216 3925 καὶ
1268 3881 1534 3946 προφῆται
1578 3879 1760 3925 τοῦτον

199 3959 624 4029 προκατήγγειλαν.

245 4051 349 4098 Τότε
419 4045 986 4123 Ἡρώδης-ἀστέρος.
1075 4053 1220 4101 Διατί
1294 4048 1462 4123 λάθρα
1549 4051 1761 4109 τούτους

196 4128 398 4200 ὴᾰλεσες
452 4133 595 4188 διότι
630 4138 903 4188 ὑπώπτευε
933 4140 1051 4196 τοὺς
1105 4133 1412 4204 Ἰουδαίους,
1454 4139 1524 4198 ὡς
1573 4156 1762 4208 συγγε-

192 4229 271 4282 νεῖς
299 4233 380 4275 τού
415 4233 686 4298 Χριστοῦ,
726 4230 814 4276 καὶ
850 4225 944 4277 οὐκ
999 4225 1172 4283 ἤθελεν
1226 4224 1428 4278 ἀκούειν
1490 4225 1698 4295 αὐτούς,
1729 4225 1764 4276 ἅ

197 4309 351 4376 Egilia
394 4313 669 4385 ἐρωτῆσαι
697 4319 787 4365 καὶ
826 4315 1190 4386 παραγγεῖλαι,
1224 4320 1422 4386 μήποτε
1462 4320 1758 4381 νοήσαντες,

195 4397 251 4448 ότι
269 4398 565 4456 ἐπιϐουλεύει
588 4402 759 4472 αὐτῷ,
785 4399 1044 4454 διασὼσιν
1066 4403 1242 4471 αὐτόν,
1263 4406 1333 4465 ὡς
1356 4399 1494 4456 ἴδιον
1517 4402 1759 4476 βασιλέα.
1794 4386 1838 4440 D

199 4487 444 4560 Ἠιρίϐωσε
475 4489 558 4561 δε,
595 4492 720 4543 ἀντὶ
746 4498 837 4543 τοῦ
870 4490 1119 4565 Ἀκριϐὠς
1155 4493 1359 4564 ἔμαθεν.
1388 4491 1679 4564 Ἥκρίϐωσε
1705 4487 1764 4544 δὲ

197 4593 258 4625 τοι
280 4585 452 4652 χρόνον
496 4590 591 4634 τοῦ
631 4579 868 4654 ἀστέρος,
913 4582 995 4632 ὅτε
1029 4580 1187 4653 ἐφάνη
1221 4580 1415 4651 αὐτοῖς,
1449 4582 1532 4634 ἶνα
1578 4579 1763 4633 ἐκεῖθεν

195 4662 418 4740 ἀριθμήσῃ
469 4675 559 4723 τόν
616 4674 814 4743 χρόνον
865 4678 956 4730 τῆς
1013 4677 1105 4722 τοῦ
1166 4677 1403 4744 Χριστοῦ
1458 4674 1760 4741 γεννήσεως.

197 4753 520 4825 Πρεσεόόκησε
562 4763 697 4832 γὰρ,
753 4761 832 4811 ὅτι
883 4759 963 4812 ὅτε
991 4758 1139 4821 οὗτος
1175 4757 1356 4830 ἐφάνη,
1393 4762 1508 4811 τότε
1559 4759 1765 4818 πάντως

199 4839 389 4910 Intuli-6n
419 4855 511 4902 καὶ
537 4851 566 4900 6
595 4854 857 4922 Χριστός·

247 5023 284 5056 ²’
305 5025 456 5084 toan.
497 5042 663 5096 xvm,
690 5028 782 5086 36.
860 5027 908 5064 ⁸ο
939 5027 1108 5084 Rom.
1139 5043 1218 5094 ιι,
1241 5025 1296 5084 6.

1147 201 1518 259 COMMFNT.
1558 202 1632 258 IN
1672 200 2122 258 MATTH/EUM.
2157 233 2224 242 —
2251 201 2403 257 CAP.
2433 201 2504 258 II.

1372 5027 1418 5062 ³¹
1451 5023 1671 5084 Matth.
1707 5039 1799 5092 xv,
1831 5024 1922 5080 24.

3415 204 3519 260 142

1867 327 2007 383 tidie
2058 328 2216 383 enim
2270 327 2348 384 ab
2408 325 2688 384 universo
2757 325 2903 383 orbe
2963 325 3270 392 accedunt,
3321 327 3516 400 ipsam

1867 415 2070 483 visuri,
2100 416 2443 488 locumque,
2492 415 2596 471 ubi
2647 415 2908 472 Christus
2963 421 3144 473 natus
3176 419 3284 482 est,
3307 417 3518 475 adora-

1866 505 2000 560 turi.
2053 505 2271 561 Deinde
2322 520 2558 574 magna
2609 505 2782 561 fames
2843 521 2913 562 ac
2962 505 3225 562 nominis
3273 520 3517 562 causam

1864 595 2067 666 ponit:
2105 596 2202 651 Ex
2230 600 2285 650 te
2330 594 2484 650 em’m
2540 593 2736 659 exibit,
2785 593 2900 650 hoc
2927 598 3034 660 est,
3064 597 3341 650 nascetur
3365 595 3514 652 dux.

1867 685 2086 738 Ducem
2117 688 2319 738 autem
2359 697 2430 737 ac
2495 688 2800 754 pastorem
2849 682 2972 738 sive
3030 686 3340 748 rectorem,
3375 683 3520 740 dixit

1864 785 2087 840 regem.
2137 774 2284 826 Nam
2344 770 2604 826 Christus
2658 775 2715 826 et
2764 771 3096 827 secundum
3155 770 3519 828 divinitatem

1865 861 1985 914 Rex
2035 865 2198 926 erat;
2253 860 2519 929 Regnum
2569 859 2696 931 (ait)
2754 875 2942 916 meum
2998 875 3118 916 non
3160 865 3244 916 est
3289 874 3366 916 ex
3410 859 3519 917 hoc

1863 948 2080 1003 mundo
2107 949 2186 1014 ἐς
2218 951 2276 1003 et
2315 947 2650 1003 secundum
2708 947 3146 1004 humanitatem
3175 963 3189 1002 :
3221 948 3520 1018 siquidem

1866 1036 2020 1105 regis
2052 1035 2366 1091 exercebat
2387 1051 2592 1107 opera,
2620 1035 2780 1108 leges
2807 1035 3080 1092 videlicet
3099 1035 3358 1092 subditis
3375 1051 3522 1092 con-

1864 1124 2035 1189 dens,
2069 1124 2371 1194 corrigens
2427 1124 2556 1179 illos
2606 1141 2673 1180 ac
2726 1123 2961 1190 fovens,
3014 1128 3071 1180 et
3119 1139 3226 1195 pro
3284 1123 3368 1179 eis
3397 1139 3521 1180 mo-

1864 1213 2054 1268 riens:
2085 1229 2221 1284 qua:
2278 1214 2542 1268 maxime
2583 1228 2743 1277 eum,
2795 1212 2899 1283 qui
2950 1227 3083 1268 vere
3136 1227 3239 1267 rex
3269 1216 3384 1279 est,
3436 1212 3522 1266 in-

1868 1301 2156 1372 signiunt.
2210 1301 2492 1357 Diadema
2538 1302 2700 1356 enim
2731 1307 2788 1356 et
2844 1316 3135 1372 purpura,
3164 1299 3518 1374 reliquaque

1867 1389 2102 1457 similia,
2132 1391 2322 1446 fastus
2356 1390 2549 1460 magis
2583 1392 2724 1445 sunt
2753 1393 2808 1445 et
2838 1389 3227 1460 arrogantiae.

1941 1567 2255 1634 Quomodo
2292 1571 2496 1623 autem
2547 1582 2687 1622 eum
2733 1565 2884 1622 dixit
2928 1569 3234 1637 pastorem
3279 1565 3403 1622 sive
3432 1581 3520 1622 re-

1869 1660 2092 1712 ctorem
2119 1655 2297 1711 Israel
2328 1655 2673 1727 (utrumque
2720 1654 2882 1710 enim
2932 1654 3232 1724 signiﬁcat
3266 1654 3524 1711 verbum

1867 1749 2149 1816 ποιμαίνω,
2205 1748 2260 1799 et
2292 1759 2494 1814 regere
2539 1747 2597 1799 et
2644 1741 2933 1815 pascere),
2981 1758 3121 1798 cum
3176 1741 3520 1799 universam

1869 1833 2098 1904 paverit
2151 1832 2355 1887 orbem
2410 1830 2438 1885 7
2496 1830 2577 1887 Ne
2639 1830 3021 1887 oﬂendantur
3076 1829 3285 1896 Judaei,
3351 1830 3524 1902 quasi

1870 1920 2096 1976 caeteris
2134 1918 2278 1975 nihil
2322 1917 2581 1990 amplius
2632 1919 2948 1983 habentes,
2999 1919 3099 1973 sed
3137 1918 3525 1974 occasionem

1869 2009 2066 2078 magis
2092 2007 2359 2064 habeant
2389 2007 2809 2063 familiaritatis
2864 2007 3028 2077 ejus:
3055 2005 3219 2078 quod
3243 2006 3322 2062 ab
3374 2006 3526 2078 ipsis

1870 2097 2195 2167 genitus,et
2221 2097 2383 2168 apud
2411 2111 2512 2152 eos
2543 2100 2724 2153 natus
2745 2095 2906 2152 sit.Si
2936 2095 3070 2167 quis
3099 2099 3299 2151 autem
3321 2094 3482 2151 dicat
3507 2111 3521 2150 :

1870 2185 2182 2252 Quomodo
2207 2200 2351 2254 ergo
2383 2184 2511 2241 illos
2534 2200 2656 2240 non
2674 2184 2858 2256 pavit,
2875 2199 3013 2239 cum
3038 2183 3156 2240 sint
3176 2183 3290 2255 ipsi
3309 2183 3528 2240 Israel?

1867 2275 2105 2338 Audiat,
2158 2273 2326 2346 quod
2361 2273 2541 2330 etiam
2581 2273 2691 2330 hoc
2741 2273 2922 2339 fecit;
2972 2273 3131 2344 pavit
3185 2273 3346 2329 enim
3395 2271 3528 2329 illos

1866 2363 1972 2435 qui
2016 2377 2089 2418 ex
2128 2362 2274 2432 ipsis
2330 2362 2765 2427 crediderunt;
2825 2361 3044 2433 alioqui
3109 2361 3286 2418 etiam
3347 2360 3526 2417 Israel

1868 2457 1959 2507 est
1983 2452 2182 2508 omnis
2211 2451 2312 2524 qui
2340 2451 2497 2507 videt
2522 2453 2726 2507 Deum.
2760 2450 2942 2507 Israel
2979 2465 3269 2523 namque,
3314 2449 3366 2505 si
3394 2450 3528 2522 quis

1867 2541 2304 2612 interpretetur,
2329 2540 2490 2596 idem
2527 2545 2703 2596 sonat
2725 2540 2893 2612 quod
2947 2539 3150 2596 videns
3196 2540 3398 2596 Deum.
3439 2538 3528 2594 Di-

1868 2630 1945 2685 cit
1993 2634 2192 2686 autem
2240 2629 2463 2685 Paulus
2492 2646 2506 2685 :
2561 2629 2694 2684 Non
2745 2644 2936 2684 omnes
2955 2629 3062 2699 qui
3090 2629 3166 2684 ab
3196 2628 3384 2684 Israel
3407 2627 3528 2683 des-

1869 2718 2135 2783 cendunt,
2179 2719 2388 2774 hisunt
2416 2717 2712 2775 Israelita
2739 2719 2807 2771 ³ο.
2843 2716 3012 2782 Quod
3070 2717 3119 2771 si
3165 2732 3288 2772 non
3314 2731 3526 2772 omnes

1868 2807 2032 2879 pavit
2050 2806 2351 2870 Hebraeos,
2383 2806 2618 2862 illorum
2646 2805 2824 2877 culpa
2852 2810 2960 2876 est,
2996 2805 3099 2878 qui
3129 2805 3208 2861 ab
3247 2820 3316 2860 eo
3361 2805 3524 2876 pasci

1867 2895 2199 2952 noluerunt.
2232 2895 2394 2952 Dixit
2422 2895 2614 2960 enim;
2651 2895 2788 2952 Non
2841 2909 2968 2950 sum
3006 2895 3226 2961 missus,
3297 2893 3415 2949 nisi
3443 2893 3526 2949 ad

1867 2999 1994 3041 oves
2022 2984 2279 3055 perditas
2321 2985 2528 3040 domus
2576 2984 2760 3040 Israel
2796 2985 2864 3036 ἰ.
2917 2982 3294 3054 Evangelista
3319 2986 3523 3038 autem

1866 3074 2147 3130 Joannes.
2190 3072 2259 3128 In
2295 3088 2423 3138 sua,
2487 3073 2696 3145 inquit,
2744 3073 2924 3144 venit,
2993 3079 3048 3129 et
3088 3071 3179 3126 sui
3209 3086 3343 3128 eum
3400 3086 3522 3127 non

1868 3167 2215 3230 receperunt
2248 3163 2316 3216 ³³.

1941 3252 2060 3306 Hoc
2073 3265 2316 3322 quoque
2345 3249 2680 3320 depravant
2711 3247 2739 3301 ,Ι
2751 3247 2923 3313 υᾱωὶ,
2944 3247 3232 3311 dicentes,
3255 3246 3329 3302 de
3350 3249 3524 3302 Zoro—

1867 3337 2042 3394 babel
2068 3337 2334 3393 locutam
2361 3353 2488 3392 esse
2518 3336 2916 3410 prophetiam.
2950 3335 3177 3400 Quibus
3203 3349 3313 3389 nos
3363 3350 3393 3389 e
3436 3334 3525 3389 di-

1869 3443 2041 3484 verso
2069 3425 2338 3496 dicimus,
2381 3425 2708 3482 Zorobabel
2747 3440 2868 3480 non
2918 3423 2980 3479 in
3036 3423 3350 3485 Bethleem,
3418 3423 3525 3479 sed

1868 3516 1929 3572 in
1962 3515 2280 3587 Babylonia
2344 3521 2554 3570 natum
2585 3530 2732 3570 esse.
2775 3515 2860 3569 Tu
2893 3528 3033 3568 vero
3079 3513 3177 3568 Dei
3222 3511 3523 3568 admirare

1869 3604 2366 3676 gubernationem
2393 3620 2407 3660 :
2433 3603 2741 3675 quomodo
2767 3601 3082 3666 ordinavit,
3113 3617 3148 3656 a
3173 3599 3356 3672 Magis
3393 3601 3524 3672 qui-

1868 3693 2008 3750 dem
2051 3693 2246 3749 doceri
2309 3692 2576 3754 Judaaos,
2627 3693 2786 3763 quod
2840 3692 3039 3763 ipsum
3096 3689 3266 3746 stella
3311 3687 3526 3760 praedi-

1870 3783 2122 3838 caverit:
2159 3797 2196 3838 a
2223 3781 2444 3838 Judmis
2464 3788 2655 3838 autem
2682 3784 2904 3851 Magos,
2935 3779 3101 3852 quod
3131 3783 3188 3836 et
3218 3777 3522 3852 prophetae

1870 3869 2068 3943 ipsum
2094 3870 2646 3943 pramuntiaverint.

1941 4050 2103 4103 Vers.
2125 4047 2180 4102 7.
2210 4049 2363 4104 Tunc
2390 4047 2637 4103 Herodes
2675 4047 2960 4104 —stella&.
2997 4047 3189 4111 Quare
3218 4044 3330 4102 hos
3361 4042 3519 4101 clam

1870 4136 2158 4192 vocavit?
2182 4136 2330 4200 Quia
2373 4143 2685 4207 suspectos
2732 4134 2992 4190 habebat
3020 4133 3281 4199 Judaaos,
3315 4149 3522 4204 nempe

1872 4223 2081 4279 Christi
2107 4229 2390 4293 cognatos
2421 4240 2432 4278 :
2467 4239 2576 4279 nec
2627 4223 2886 4286 volebat,
2952 4227 3016 4277 ut
3048 4222 3166 4293 ipsi
3227 4221 3518 4286 audirent,

1871 4327 2008 4384 quas
2034 4312 2504 4378 interrogaturus
2519 4316 2618 4366 aut
2648 4317 3052 4381 prmcepturus
3077 4312 3206 4363 erat
3235 4323 3341 4361 :ne
3372 4306 3521 4362 forte

1873 4399 2264 4469 intelligentes
2282 4397 2448 4470 quod
2468 4399 2520 4453 ei
2542 4397 2935 4462 insidiaretur,
2963 4400 3268 4452 servarent
3294 4394 3518 4466 ipsum,

1871 4494 2161 4558 tanquam
2194 4486 2506 4558 proprium
2535 4499 2754 4555 regem.
2797 4487 3014 4539 Exacto
3053 4490 3254 4539 autem
3284 4484 3521 4554 perqui-

1873 4575 2029 4642 sivit,
2061 4575 2182 4630 sive
2206 4574 2412 4630 didicit
2457 4579 2696 4645 tempus
2755 4571 2955 4637 stellaa,
3009 4571 3256 4642 quando
3301 4570 3522 4629 scilicet

1873 4665 1957 4722 eis
1987 4663 2352 4737 apparuerit,
2381 4667 2443 4718 ut
2473 4662 2609 4718 inde
2647 4665 2884 4733 tempus
2933 4659 3262 4717 Nativitatis
3312 4661 3522 4718 Christi

1873 4758 2234 4811 numeraret.
2291 4751 2574 4824 Cogitavit
2618 4751 2799 4817 enim,
2861 4754 3003 4806 tunc
3049 4749 3260 4821 procul
3333 4750 3520 4808 dubio

1873 4849 2086 4901 natum
2123 4857 2251 4898 esse
2281 4841 2600 4908 Christum,
2647 4840 2888 4912 quando
2916 4838 3088 4897 stella
3135 4844 3518 4912 apparuerat.

1999 5024 2048 5060 ⁸³
2079 5023 2252 5082 Joan.
2285 5022 2325 5095 Ι,
2348 5022 2438 5080 11.

1372 5229 1592 5303 Variae
1617 5227 1946 5298 lectiones
1981 5237 2048 5297 et
2076 5234 2282 5296 notae.

251 5429 338 5500 (40)
364 5437 436 5500 Δί,
464 5432 693 5491 omittit
722 5434 788 5488 Α.

254 5498 346 5579 ιιι)
378 5498 510 5562 Post
533 5511 656 5585 μέν,
683 5519 895 5564 rursus
921 5501 1105 5562 habet
1130 5498 1232 5587 γάρ
1266 5503 1334 5561 Α.

1960 5424 2052 5495 42)
2086 5423 2332 5495 Ἐγενήθη
2365 5426 2434 5482 Α.

1960 5425 2028 5480 42
2086 5425 2332 5495 Ἐγενήθη
2365 5426 2434 5482 Α.

1935 5425 2052 5578 ξιθζ
2080 5497 2358 5582 Ἐποίμανε
2386 5496 2603 5577 τούτους
2631 5496 2710 5590 Α,
