3976 6222
373 211 477 269 143

1682 211 2032 269 EUTHYMII
2073 208 2402 289 ZIGABENI
3612 210 3705 273 144

437 339 597 393 Vers.
625 337 679 392 8.
710 336 790 392 Et
832 335 1020 392 missis
1046 334 1171 393 illis
1204 363 1273 379 -
1316 336 1551 393 adorem
1578 354 1705 394 eum
1737 338 1878 393 Vide
1903 338 2005 394 do-

2191 344 2291 391 Καὶ
2364 337 2573 410 πέμψας
2622 336 2809 398 αὑτους
2849 369 2917 377 -
2947 342 3299 410 προσκυνήσω
3373 337 3533 408 αύτῷ.
3581 338 3709 413 Ὀρα

365 425 492 483 lum
526 426 792 493 Herodis,
836 430 892 482 et
943 425 1256 482 considera
1306 426 1435 497 ejus
1472 426 1895 498 insipientiam.
1954 430 2010 484 Si

371 515 532 571 enim
562 530 699 570 vere
725 514 1083 570 adoraturus
1131 518 1275 579 erat,
1327 530 1515 586 quare
1572 516 1685 570 hoc
1736 515 2009 572 clanculo

362 604 789 676 prmeipiebat?
820 603 876 659 Si
897 618 1035 659 vero
1059 603 1253 674 ipsum
1271 603 1539 658 occidere
1562 604 1836 675 parabat,
1866 620 2011 675 quo-

363 693 548 751 modo
611 692 998 763 intelligebat,
1077 708 1144 749 ex
1216 699 1440 748 secreto
1520 699 1818 765 praecepto
1896 694 2007 750 hos

363 784 423 839 in
457 782 575 839 doli
618 783 1017 853 suspicionem
1049 781 1480 837 adducendos?
1513 782 1775 837 Primum
1810 788 2009 839 autem

364 872 437 928 de
466 872 632 928 stella
658 871 973 941 diligenter
1012 869 1389 942 perquisivit,
1444 876 1500 925 et
1557 875 1697 926 tunc
1743 873 2011 942 praecepit

368 965 456 1031 ut,
482 962 529 1015 si
550 961 602 1016 ei
636 976 756 1016 non
774 958 1229 1016 manifestarent
1250 975 1399 1024 eum,
1418 959 1492 1014 de
1517 975 1639 1031 quo
1658 959 1766 1015 sibi
1796 976 2011 1015 renun-

364 1050 495 1105 tiari
522 1048 902 1121 praecipiebat
930 1048 1168 1118 cognito
1208 1052 1473 1120 tempore
1511 1048 1715 1113 stellas,
1767 1053 2007 1119 paratas

364 1138 610 1194 insidias
661 1152 933 1194 exercere
1016 1142 1236 1209 posset.
1306 1137 1507 1201 Sed,o
1572 1135 1853 1203 Herodes,
1906 1135 2011 1207 qui

365 1232 571 1282 contra
594 1228 781 1281 Deum
810 1241 1082 1298 pugnam
1123 1224 1402 1296 suscipis,
1453 1224 1599 1291 redi,
1668 1240 1895 1296 quasso,
1931 1223 2010 1279 ad

364 1316 635 1386 teipsum.
660 1315 970 1377 Quomodo
992 1313 1258 1369 occidere
1280 1329 1457 1385 paras
1487 1312 1967 1384 immortalem(d)
1983 1314 2010 1368 ?

365 1402 679 1469 Quomodo
722 1418 845 1458 non
896 1402 1196 1471 intelligis,
1244 1402 1429 1474 quod,
1481 1418 1662 1475 quem
1706 1402 2009 1472 propheta;

362 1487 505 1543 olim
573 1488 1097 1544 annuntiaverunt.
1193 1485 1477 1557 stellaque
1530 1485 1902 1557 signiﬁcavit,
1955 1491 2011 1541 et

361 1576 513 1645 Magi
526 1573 601 1630 ad
615 1573 995 1630 adorandum
1010 1573 1235 1629 inducti
1252 1574 1554 1636 sunt,huic
1568 1578 1620 1629 te
1635 1574 2009 1645 superstitem

364 1680 495 1719 esse
522 1665 589 1734 (e)
623 1663 865 1719 omnino
888 1664 958 1718 sit
988 1662 1362 1735 impossibile
1388 1662 1416 1716 ?

431 1752 913 1818 Vers.9.Quicum
937 1752 1243 1807 audissent
1268 1781 1330 1791 -
1346 1758 1474 1807 erat
1490 1767 1660 1819 puer.
1680 1751 2007 1823 Postquam

356 1843 483 1913 jam
512 1841 713 1896 locum
738 1839 1087 1902 didicerant,
1137 1855 1323 1911 quare
1370 1855 1605 1895 rursum
1665 1840 1813 1911 ipsis
1846 1839 2013 1897 stella

362 1929 699 2001 apparuit?
756 1929 823 1983 Ut
881 1943 1131 1999 puerum
1181 1928 1637 1983 demonstraret.
1693 1928 2009 1993 Quomodo

366 2019 525 2075 enim
550 2017 716 2072 aliter
741 2031 880 2072 eum
938 2016 1323 2086 agnovissent
1374 2016 1435 2071 in
1484 2017 1721 2085 tugurio
1777 2022 2005 2083 natum,

369 2122 479 2163 nec
509 2104 699 2161 cubile
730 2104 1110 2176 splendidum
1138 2105 1462 2161 habentem
1489 2105 1517 2161 ‘2
1562 2105 1648 2161 Ob
1688 2105 1799 2161 hoc
1832 2106 2010 2175 igitur

365 2196 605 2253 veniens
630 2194 787 2250 stetit
814 2209 995 2263 supra
1033 2195 1208 2248 locum
1240 2194 1297 2249 in
1328 2209 1442 2265 quo
1467 2201 1595 2250 erat
1642 2209 1809 2263 puer,
1863 2194 2008 2251 divi-

362 2300 511 2340 num
550 2282 869 2339 ostendens
897 2297 1023 2338 esse
1047 2286 1306 2354 partum.

432 2373 595 2428 Vers.
640 2371 728 2426 10.
796 2373 932 2428 Visa
984 2379 1178 2427 autem
1230 2371 1398 2428 stella
1446 2403 1515 2412 —
1567 2373 1757 2428 valde.
1812 2374 2008 2429 Gavisi

363 2465 521 2527 sunt,
574 2464 777 2532 utpote
832 2465 1059 2531 reperto
1105 2460 1276 2528 duce,
1352 2476 1740 2533 nequaquam
1790 2461 2005 2518 fallaci.

364 2553 447 2606 Ex
483 2550 598 2605 hoc
619 2550 779 2605 enim
813 2554 1034 2606 certam
1085 2549 1427 2606 habuerunt
1474 2549 1781 2616 ﬁduciam,
1851 2551 2009 2622 quod

360 2640 679 2712 quaesitum
706 2639 1051 2694 invenirent.

433 2729 593 2783 Vers.
638 2729 725 2782 11.
754 2728 829 2783 Et
852 2727 1095 2799 ingressi
1123 2759 1190 2768 —
1220 2727 1405 2784 Matre
1441 2728 1579 2799 ejus.
1628 2729 1883 2783 Domum
1914 2728 2009 2784 hic

363 2818 658 2888 tugurium
690 2824 874 2882 vocat,
901 2818 1065 2888 quod
1108 2819 1294 2873 Lucas
1344 2816 1732 2873 diversorium
1764 2816 1911 2872 dixit
1937 2819 2003 2872 ³³.

364 2909 587 2962 Domus
609 2921 827 2977 nempe
843 2910 987 2972 erat,
1007 2905 1171 2977 quod
1206 2911 1508 2977 utcunque
1548 2906 2004 2975 inhabitaretur;

362 2994 761 3051 diversorium
792 2998 1012 3061 autem,
1045 2999 1336 3065 tanquam
1368 2994 1540 3050 sedes
1562 3010 1631 3051 ac
1664 2996 1900 3051 mansio
1926 2996 2011 3050 in-

363 3082 779 3155 gredientium.
803 3082 1202 3138 Diversorium
1237 3083 1398 3138 enim
1424 3083 1702 3149 dicimus,
1724 3084 1903 3140 etiam
1920 3084 2008 3156 ip-

363 3188 497 3227 sum
524 3170 865 3228 tentorium.
901 3170 1049 3226 Cum
1089 3172 1249 3228 enim
1299 3173 1735 3228 concurrissent
1764 3173 1823 3228 in
1871 3174 2010 3228 civi-

363 3264 544 3317 tatem
571 3261 864 3316 Bethleem
892 3276 1101 3316 omnes
1130 3261 1288 3333 quia
1317 3261 1505 3316 David
1539 3262 2004 3326 descendebant,

362 3366 542 3407 causa
566 3366 778 3406 census
803 3366 985 3422 quem
1018 3350 1347 3406 Caesarﬁeri
1367 3351 1641 3421 jusserat,
1672 3356 1844 3421 prout
1870 3353 2006 3405 scri-

360 3439 479 3511 psit
511 3440 696 3495 Lucas
727 3440 794 3502 3‘,
829 3454 949 3493 non
976 3440 1344 3503 invenerunt,
1414 3438 1515 3509 qui
1574 3455 1712 3493 cum
1771 3440 2008 3507 Virgine

358 3532 528 3583 erant
562 3528 813 3582 domum
852 3527 1105 3582 liberam
1147 3527 1222 3580 ad
1253 3527 1703 3596 hospitandum,
1764 3526 1898 3582 ideo
1931 3527 2008 3583 ad

360 3615 756 3670 diversorium
783 3614 1088 3685 quoddam
1122 3614 1587 3678 declinaverunt,
1623 3616 1681 3669 in
1713 3630 1833 3685 quo
1867 3631 2008 3687 prae-

362 3719 501 3774 sepe
524 3707 650 3757 erat
674 3702 1103 3771 jumentorum.
1134 3701 1336 3757 Statim
1356 3706 1557 3759 autem
1576 3705 1803 3774 peperit
1836 3706 2007 3776 Virgo

363 3790 656 3846 Christum
682 3809 695 3842 :
728 3794 784 3844 et
821 3790 960 3860 quia
991 3790 1326 3846 aliuslocus
1357 3806 1478 3846 non
1504 3795 1629 3847 erat
1659 3792 1719 3846 in
1749 3792 2008 3849 diverso-

360 3880 469 3948 rio,
498 3878 833 3935 involutum
864 3877 1061 3934 fasciis
1092 3878 1404 3946 infantem,
1433 3879 1741 3936 reclinavit
1784 3880 1842 3936 in
1865 3898 2007 3953 prae-

361 3983 516 4039 sepe,
542 3968 712 4039 juxta
738 3968 957 4022 Lucam
989 3968 1056 4021 ³⁵.

432 4056 671 4122 Deinde,
702 4056 852 4112 sicut
891 4056 970 4112 ait
1000 4056 1479 4128 Chrysostomus,
1514 4057 1708 4129 ipsum
1742 4058 1868 4116 tulit
1896 4060 2001 4131 (f):

359 4149 415 4203 et
442 4146 683 4215 quando
713 4145 965 4215 ingressi
984 4150 1115 4200 sunt
1145 4145 1319 4215 Magi,
1356 4146 1555 4217 ipsum
1586 4163 1761 4218 super
1810 4163 2007 4218 genua

356 4235 638 4291 habebat.
675 4237 789 4290 Nec
819 4235 975 4289 enim
1020 4249 1182 4289 more
1215 4234 1463 4290 aliarum
1505 4242 1755 4291 matrum
1796 4242 2004 4309 partus

357 4324 589 4381 dolores
621 4323 939 4389 sustinuit;
973 4323 1117 4395 quia
1156 4338 1349 4395 neque
1375 4340 1445 4379 ex
1499 4325 1627 4380 viro
1670 4331 2000 4397 pepererat.

2117 431 2203 479 τόν
2234 424 2383 479 δόλον
2432 434 2523 477 τοῦ
2574 423 2831 497 Ἡρώδου,
2890 430 2979 476 καὶ
3008 422 3231 498 διάσυρε
3279 430 3371 484 τὴν
3402 428 3576 478 ἄνοιαν
3617 428 3706 479 αύ-

2118 523 2229 569 τοῦ.
2272 515 2332 567 Εἰ
2379 518 2467 585 μὲν
2511 518 2608 587 γὰρ
2641 513 2843 575 ἀληθῶς
2893 513 3090 585 ἔμελλεν
3134 514 3274 585 αύτῷ
3327 524 3703 588 προσκυνῆσαι,

2120 601 2265 656 διατί
2296 603 2462 677 λάθρα
2510 610 2658 654 τοῦτο
2710 602 3093 676 παρήγγειλεν;
3124 603 3166 654 εἰ
3221 600 3279 654 δὲ
3335 601 3519 655 ἀνελεῖν
3558 605 3706 656 αὑτὸν

2118 690 2371 757 ἐϐούλετο,
2419 700 2528 753 πῶς
2558 691 2615 743 ού
2683 687 2937 753 συνεῖδεν,
2994 693 3070 743 ὅτι
3127 690 3181 742 ἐκ
3234 698 3325 743 τοῦ
3368 691 3536 766 λάθρα
3588 713 3707 767 παρσ

2959 776 3113 831 δόλου

2120 876 2328 941 Πρῶτον
2385 865 2444 920 δὲ
2500 867 2763 940 ὴκρίϐωσε
2811 872 2929 942 περὶ
2990 876 3080 919 τοῦ
3154 867 3388 941 ἀστέρος,
3455 874 3542 921 καὶ
3602 875 3709 922 τότε

2119 779 2377 851 αγγελλειν
2471 780 2537 839 εἰς
2632 778 2861 849 ὑποψίαν
2959 778 3113 831 δόλου
3210 783 3426 842 τούτους
3507 779 3707 845 summ;

2117 956 2479 1028 παρήγγειλεν,
2535 958 2617 1007 ἵνα
2658 956 2699 1008 εἰ
2752 961 2822 1027 μὴ
2872 954 3205 1014 δηλώσουσιν
3262 957 3421 1027 αύτῷ,
3481 963 3602 1032 περὶ
3657 959 3710 1010 οὗ

2117 1044 2478 1117 παρήγγειλεν,
2536 1043 2636 1097 ἀπὸ
2702 1053 2791 1096 τοῦ
2843 1050 3040 1117 χρόνου
3102 1053 3193 1097 τοῦ
3244 1045 3457 1118 ἀστέρος
3508 1043 3707 1118 δυνηθῇ

2122 1135 2349 1207 θηρᾶσαι
2422 1137 2511 1184 τὸν
2592 1132 3058 1204 ἐπιϐουλευόμενον.
3141 1132 3296 1199 ’Δλλ“,
3348 1133 3386 1185 ὦ
3464 1136 3707 1206 θεομάχε,

2120 1226 2274 1293 φαίην
2340 1223 2400 1272 ἄν
2463 1223 2593 1294 πρὸς
2635 1222 2809 1287 αὑτὸν,
2883 1230 2988 1282 πῶς
3043 1220 3324 1296 ἐπιχειρεῖς
3385 1222 3574 1275 ἀνελεῖν
3632 1229 3711 1275 τὸν

2120 1308 2413 1377 ἁνάλωτον;
2462 1318 2569 1371 πῶς
2620 1309 2677 1361 ού
2726 1317 2973 1373 συνῆκας,
3023 1312 3103 1361 ὅτι
3147 1312 3199 1361 ὃν
3247 1319 3510 1385 προφῆται
3558 1311 3713 1364 πάλαι

2118 1398 2486 1469 κατήγγειλαν,
2544 1402 2634 1450 καὶ
2685 1397 2851 1470 ἀστὴρ
2911 1398 3151 1470 ἐμήνυσε,
3206 1404 3295 1451 καὶ
3332 1403 3503 1471 Μάγοι
3553 1419 3709 1475 προσ⁶

2120 1493 2285 1537 κυνεῖν
2371 1486 2678 1557 ἐπείγονται,
2740 1491 2926 1539 τούτου
3018 1490 3375 1562 περιγενέσθαι
3460 1489 3715 1549 παντελῶς

2124 1569 2376 1627 ἀδύνατον
2403 1591 2416 1639 ;

2192 1754 2257 1802 Οἱ
2315 1748 2372 1803 δὲ
2440 1751 2752 1814 ἀκούσαντες
2814 1785 2882 1793 -
2940 1751 2999 1812 ἧν
3067 1758 3123 1806 τὸ
3177 1751 3409 1808 παιδίον.
3475 1759 3618 1809 Ἐπεὶ
3660 1760 3715 1809 τὸ

2118 1845 2315 1914 χωρίον
2367 1843 2576 1912 ἔμαθον,
2629 1847 2767 1903 τίνος
2814 1844 2972 1895 ἕνεκεν
3022 1846 3047 1895 ό
3123 1842 3289 1918 ἀστὴρ
3342 1845 3494 1897 πάλιν
3559 1845 3713 1917 ἐφάνη

2118 1928 2332 1994 αὑτοῐςς
2366 1928 2475 1982 Ἵνα
2517 1926 2766 2002 ὑποδείξῃ
2809 1935 2866 1982 τό
2920 1928 3151 1991 παιδίον,
3214 1940 3328 1993 Πῶς
3360 1936 3461 2007 γὰρ
3514 1935 3576 1985 ἄν
3623 1939 3715 1986 ἐπ-

2117 2022 2344 2088 έγνωσαν
2399 2018 2523 2070 αὑτό
2591 2018 2639 2069 ἐν
2692 2018 2888 2091 καλὺϐη
2963 2025 3339 2093 γεγεννημένον,
3410 2027 3499 2073 καὶ
3585 2028 3717 2094 μήτε

2116 2112 2317 2180 μητέρα
2346 2110 2468 2178 ἔχον
2504 2106 2782 2181 λαμπράν;
2828 2111 2923 2160 Δια
2972 2117 3120 2161 τοῦτο
3166 2114 3339 2161 τοίνυν
3402 2108 3557 2163 ἐλθὼν
3591 2113 3713 2168 ἔστη

2116 2194 2304 2262 ἐπάνω,
2352 2197 2481 2248 ὅπου
2536 2193 2596 2254 ἦν
2627 2200 2683 2248 τὸ
2715 2194 2949 2265 παιδίον,
2985 2194 3251 2266 δεικνύων,
3303 2200 3383 2250 ὃτι
3435 2200 3567 2251 θεῖόν
3606 2198 3717 2252 ἐστι

2115 2286 2173 2335 τὸ
2204 2302 2351 2353 γεννη
2363 2285 2463 2339 θέν.

2190 2368 2407 2434 Ἰδόντες
2462 2369 2520 2425 δὲ
2572 2376 2656 2425 τόν
2714 2372 2909 2447 ἀστέρα
2969 2406 3038 2414 -
3105 2371 3329 2449 σφόδρα.
3388 2374 3719 2449 Ἐχάρησαν,

2117 2464 2185 2521 ὡς
2244 2462 2468 2533 εὑρόντες
2527 2465 2613 2513 τὸν
2673 2459 3061 2532 ἀψευδέστατον
3130 2460 3342 2533 ὁδηγὸν,
3400 2463 3724 2537 Ἐπληροφο-

2114 2551 2354 2623 ρήθησαν
2402 2553 2502 2622 γὰρ
2564 2549 2760 2612 λοιπόν,
2815 2552 2892 2603 ὅτι
2941 2557 3031 2602 καὶ
3084 2555 3141 2602 τό
3204 2552 3517 2623 ζητούμενον
3572 2554 3725 2627 εὑρή-

2118 2655 2299 2691 σουσι.

2190 2730 2289 2777 Καὶ
2338 2724 2562 2787 ἐλθόντες
2632 2728 2698 2786 εἰς
2764 2758 2831 2769 —-
2888 2736 2981 2789 τῆς
3034 2730 3227 2801 μητρὸς
3291 2728 3471 2783 αὑτοῦ.
3533 2730 3725 2781 Οἰκίαν

2116 2812 2335 2866 ἐνταῦθα
2390 2819 2477 2873 τὴν
2535 2814 2763 2873 καλύϐην
2821 2820 3039 2888 εἴρηκεν,
3098 2820 3157 2875 ἣν
3208 2819 3231 2868 ό
3284 2822 3491 2877 Λουκᾶς
3556 2820 3726 2868 κατά-

2114 2900 2254 2973 λυμα
2292 2902 2447 2957 εἶπεν.
2497 2903 2654 2955 Οἰκία
2701 2908 2790 2976 μὲν
2837 2908 2935 2980 γὰρ
2988 2901 3072 2975 ἧν,
3124 2902 3216 2957 διὰ
3263 2908 3318 2957 τὸ
3370 2903 3728 2963 ὁπωσδήποτε

2118 2990 2393 3042 οἰκεῖσθαι·
2467 2992 2741 3063 κατάλυμα
2788 2989 2847 3045 δὲ
2916 2997 2979 3053 ὡς
3040 2998 3320 3065 καταγωγὴ
3379 3002 3476 3044 τῶν
3554 2994 3730 3066 εἰσερο

2116 3084 2371 3151 χομένων.
2446 3080 2725 3132 Καταλύειν
2781 3084 2881 3154 γὰρ
2934 3081 3141 3153 λέγομεν
3192 3088 3280 3135 καὶ
3336 3086 3394 3134 τὸ
3451 3102 3731 3140 κατασκη-

2116 3176 2252 3221 νοῦν.
2304 3170 2511 3219 Πάντων
2553 3170 2653 3241 γὰρ
2713 3178 2809 3220 τῶν
2850 3168 2905 3220 ἐκ
2958 3166 3124 3221 Δαυὶδ
3173 3175 3535 3242 καταγομένων
3594 3191 3729 3222 συν-

2119 3253 2526 3328 δεδραμηκότων
2554 3257 2625 3318 εἰς
2662 3262 2755 3315 τὴν
2796 3258 2941 3309 πόλιν
2974 3258 3153 3325 αὑτοῦ,
3198 3264 3290 3316 τὴν
3332 3258 3575 3330 Βηθλεὲμ,
3632 3257 3735 3312 διὰ

2116 3349 2209 3402 τὴν
2239 3348 2381 3418 παρὰ
2410 3350 2667 3420 Καίσαρος
2689 3345 2990 3419 ἀπογραφὴν
3016 3350 3083 3409 ὡς
3111 3349 3134 3398 ό
3169 3354 3374 3409 Λουκᾶς
3408 3350 3730 3420 ἱστόρησεν,

2117 3433 2221 3504 οὑχ
2269 3435 2413 3506 εὗρον
2466 3434 2721 3509 ἐλεύθερον
2777 3436 2887 3507 (44)
2938 3434 3077 3488 οἶκον
3129 3436 3290 3499 ξενίας
3340 3440 3387 3488 οἱ
3444 3443 3561 3512 περὶ
3633 3443 3736 3496 τήν

2120 3524 2394 3594 Παρθένον·
2445 3520 2529 3575 διὸ
2576 3530 2663 3575 καὶ
2711 3525 2777 3585 εἰς
2815 3524 3043 3583 καλύϐην
3083 3528 3197 3577 τινὰ
3232 3526 3543 3594 κατελυσαν,
3601 3530 3657 3579 ἓν

2119 3613 2279 3682 φάτνη
2315 3611 2509 3683 ἀλόγων
2539 3610 2620 3685 ᾖν.
2654 3614 2854 3666 Αύτίκα
2882 3611 2939 3666 δὲ
2969 3620 3267 3685 γεννήσασα
3310 3619 3395 3667 τὸν
3430 3620 3673 3687 Χριστὸν
3704 3618 3736 3673 ἡ

2121 3704 2392 3771 ΙΙαρθένος,
2427 3700 2535 3753 ἐπεὶ
2580 3703 2673 3754 οὑκ
2713 3700 2772 3775 ᾖν
2803 3708 2957 3765 τόπος
3004 3703 3149 3764 ἄλλος
3198 3703 3247 3755 ἐν
3280 3712 3350 3774 τῷ
3389 3704 3741 3776 καταλύματι

2117 3787 2308 3861 ἐκείνῳ,
2346 3797 2776 3863 σπαργανώσασα
2807 3790 3029 3845 ἀνέκλινε
3060 3796 3115 3844 τὸ
3144 3791 3333 3867 βρέφος
3365 3792 3412 3844 ἐν
3436 3801 3496 3864 τῇ
3525 3814 3738 3867 φατνη,

2117 3880 2253 3929 κατὰ
2283 3881 2369 3930 τόν
2408 3885 2636 3938 Λουκᾶν.

2188 4051 2333 4121 Εἶτα,
2386 4058 2559 4118 καθώς
2598 4076 2755 4127 φησιν
2809 4059 2833 4109 ό
2882 4058 2993 4129 (45)
3044 4063 3439 4131 Χρυσόστομος,
3496 4057 3749 4115 ἀνείλετο

2117 4151 2291 4207 τοῦτο,
2314 4150 2401 4196 καὶ
2424 4144 2506 4197 ἐπὶ
2528 4154 2626 4197 τῶν
2647 4149 2872 4217 γονάτων
2891 4144 3050 4218 εἶχεν,
3077 4150 3158 4200 ὅτε
3180 4152 3228 4200 οὶ
3254 4152 3424 4220 Μάγοι
3446 4149 3742 4222 εἰσῄεσαν.

2117 4229 2255 4285 Οὐδὲ
2284 4237 2384 4307 γὰρ
2417 4234 2464 4285 ἐν
2511 4231 2723 4297 ὀδύναις
2773 4233 2854 4307 ᾖν,
2896 4238 2965 4297 ὡς
3013 4239 3066 4288 αἱ
3101 4237 3250 4289 ἄλλαι
3296 4243 3530 4313 μητέρες,
3583 4237 3752 4293 διότι

2115 4321 2209 4373 οὑκ
2247 4320 2299 4384 ἐξ
2333 4319 2520 4395 ἀνδρὸς
2550 4322 2807 4396 ἐγέννησε.

426 4414 586 4469 Vers.
616 4414 703 4468 ll.
729 4413 802 4468 Et
821 4413 1120 4482 prostrati
1146 4444 1214 4451 —
1245 4412 1570 4483 myrrham.
1609 4416 1669 4469 Et
1706 4415 2003 4485 quomodo

2188 4415 2289 4462 Καὶ
2344 4416 2581 4474 πεσόντες
2644 4443 2711 4453 --
2768 4416 3019 4489 σμύρναν.
3084 4420 3184 4468 Καὶ
3232 4424 3335 4475 πῶς
3392 4415 3753 4476 ἐπείσθησαν

355 4500 553 4573 ipsum
567 4518 701 4557 esse
714 4501 1246 4567 crediderunt,cum
1263 4500 1407 4557 nihil
1427 4500 1689 4557 viderent
1702 4503 1852 4558 circa
1866 4519 2003 4558 eum

356 4595 558 4660 praster
588 4590 914 4659 tugurium,
948 4595 1003 4645 et
1035 4595 1286 4645 matrem
1317 4590 1772 4661 pauperculam,
1804 4592 2006 4648 vilem‘

357 4692 467 4749 que
498 4676 817 4749 puerulum
848 4676 1046 4733 fasciis
1073 4677 1408 4733 involutum
1435 4679 1462 4733 ‘I
1493 4679 1806 4743 Quomodo
1828 4678 1857 4734 ‘7
1882 4679 2006 4735 Pri-

356 4782 524 4823 mum
546 4766 791 4838 quidem
820 4781 857 4823 a
889 4765 1075 4832 stella,
1100 4782 1230 4839 quas
1261 4782 1446 4839 supra
1466 4767 1664 4840 ipsum
1692 4782 2002 4840 permane-

427 4947 475 4983 ⁸³
504 4946 641 5003 Luc.
684 4962 740 5012 ιι,
760 4949 812 5001 7.
839 4946 885 4983 ³⁸
914 4943 1040 5003 ibid
1070 4946 1119 5002 1.
1156 4945 1201 4984 ³⁸
1233 4944 1381 5005 Ibid.
1406 4948 1458 5004 7.

2114 4500 2191 4550 ὅτι
2251 4499 2400 4561 οὗτος
2453 4500 2614 4571 ἐστιν,
2670 4499 2821 4555 οὐδὲν
2881 4508 3016 4576 μέγα
3076 4509 3193 4579 περὶ
3260 4504 3413 4557 αὑτὸν
3474 4508 3751 4577 ὁρῶντες,

2114 4586 2239 4639 ἀλλὰ
2282 4589 2529 4656 καλύϐην,
2572 4596 2661 4643 καὶ
2691 4597 2891 4666 μητέρα
2948 4597 3225 4667 πενιχρὰν,
3270 4614 3359 4646 και
3406 4598 3462 4647 τὸ
3495 4594 3751 4651 παιδίον

2114 4676 2321 4739 εύτελῶς
2382 4677 2881 4755 ἐσπαργανωμένονς
2944 4689 3101 4751 Πῶς;
3175 4690 3363 4754 Πρῶτα
3436 4687 3552 4757 μὲν,
3633 4687 3762 4743 ἀπὸ

2110 4774 2203 4820 τοῦ
2264 4766 2604 4843 ἐφισταμένου
2676 4770 2910 4845 ἀστέρος,
2961 4774 3137 4826 ἔπειτα
3186 4769 3245 4826 δε
3293 4777 3383 4826 καὶ
3470 4775 3594 4829 θεία
3666 4798 3765 4842 τις

1632 5067 1851 5143 Variae
1869 5069 2192 5145 lectiones
2226 5084 2427 5146 notae.

424 5218 536 5292 (44)
567 5211 828 5290 Ἓτοιμον,
863 5210 1215 5288 σχολάζοντα.

422 5363 505 5435 (d)
538 5361 962 5435 Immortalem.
990 5358 1273 5435 Ἀνάλωςον
1294 5360 1400 5431 qui
1422 5354 1557 5435 qapi
1584 5354 1809 5435 nequit.
1836 5354 1999 5435 Idem

348 5430 706 5494 vocabulum
734 5430 990 5488 occurrit
1020 5432 1240 5503 pag.7l
1278 5430 1499 5503 penult.
1535 5432 1645 5503 (col
1668 5430 1804 5487 1147
1839 5434 1924 5503 C).

424 5506 494 5603 (ε)
520 5506 909 5580 Superstitem
941 5501 1077 5562 esse.
1124 5501 1508 5583 Περιγενίσθαι,
1532 5501 1834 5578 superare,
1874 5501 2000 5564 vin-

2185 5220 2298 5293 (45)
2338 5222 2501 5277 Tom.
2534 5219 2653 5286 VII,
2682 5236 2743 5293 p.
2774 5217 2887 5278 “8.

2111 5378 2261 5507 θεῶ
2294 5432 2469 5493 Tulit.
2506 5436 2799 5507 Suscepit,
2829 5434 3087 5495 sustulit.
