3976 6222
68 79 333 180 ’⁵1

291 321 377 378 145

283 445 493 518 membr;
561 443 949 518 επληροφόρησε
1021 446 1114 506 τὰς
1197 443 1379 517 ψυχὰς
1434 449 1624 502 αὐτῶν.

279 545 401 588 τοῦτο
444 532 595 602 δῆλον,
635 533 716 606 ἀφ’
767 534 838 585 ὧν
896 539 1255 606 προσήνεγκαν
1304 531 1505 610 δώρων.
1557 535 1814 608 Σύμϐολον

272 628 371 696 γὰρ,
414 625 435 674 ό
475 627 556 694 μὲν
595 627 820 694 χρυσός,
861 621 1157 695 βασιλείας·
1198 628 1404 695 χρυσόν
1442 627 1541 697 γὰρ
1581 630 1629 677 οί
1681 627 1813 683 ὑπή-

265 733 358 764 xm
407 721 499 772 τοῖς
553 710 835 784 βασιλεῦσι
895 708 1345 786 δασμοφοροῦσιν·
1407 715 1433 764 ό
1487 710 1545 766 δὲ
1588 713 1810 782 λίϐανος,

265 804 478 860 θεότητος·
508 800 707 862 λίϐανος
744 805 847 874 γὰρ
894 810 966 872 τῷ
1002 805 1109 872 Θεῷ
1159 801 1425 873 ἐθυμιᾶτο·
1472 804 1501 860 ἠ
1553 799 1612 855 δὲ
1649 805 1810 876 σμύρ-

261 911 324 958 να,
364 909 653 963 νεκρωσεως·
723 909 890 962 ταυτῃ
951 894 1052 964 γὰρ
1121 893 1168 942 οὶ
1232 890 1393 944 πάλαι
1448 895 1565 952 τοὺς
1605 895 1810 967 νεκροὺς

253 978 440 1049 ἐλεινόν,
465 981 624 1051 χάριν
663 986 755 1032 τοῦ
803 984 876 1052 μὴ
936 981 1216 1050 σήπεσθαι,
1263 977 1402 1053 μηδὲ
1431 981 1593 1042 ὄζειν,
1629 978 1808 1034 Ἔδει-

247 1067 322 1130 ξαι
369 1063 467 1134 οὖν,
536 1067 624 1139 ἀφ’
680 1068 750 1118 ὧν
815 1073 1179 1141 προσήγαγον,
1237 1069 1318 1122 ὃτι
1379 1072 1436 1121 τὸ
1509 1074 1804 1141 φαινόμενον

243 1164 368 1208 τοῦτο
415 1153 624 1209 παιδίον
681 1162 772 1209 καὶ
811 1155 1063 1230 βασιλεύς
1115 1157 1248 1225 ἐστι,
1281 1163 1372 1211 καὶ
1420 1161 1570 1228 Θεὸς,
1600 1164 1690 1211 καὶ
1732 1178 1806 1212 νε-

239 1247 552 1318 κρωθὴσεται,
587 1249 659 1309 ὡς
687 1248 980 1322 ἄνθρωπος,
1013 1243 1106 1299 διὰ
1132 1251 1249 1310 τοὺς
1278 1249 1600 1320 ἀνθρώπους.

289 1512 427 1566 Ἐστι
484 1511 546 1566 δε
592 1518 686 1566 καὶ
732 1513 911 1586 ἑτέρως
967 1513 1144 1580 εἰπεῖν,
1191 1514 1271 1567 ὃτι
1326 1513 1433 1567 ἐπεὶ
1467 1516 1516 1566 οἱ
1564 1512 1802 1587 βασιλεῖς

229 1601 496 1664 Βαϐυλῶνος
559 1608 656 1660 τὴν
714 1602 1056 1678 Ἰερουσαλὴμ
1129 1603 1286 1656 πάλαι
1341 1603 1800 1678 πολιορκήσαντες,

231 1693 283 1741 τά
303 1710 349 1742 τε
385 1693 492 1744 θεῖα
515 1691 762 1764 κειμήλια
787 1691 1147 1762 ἁπεσύλησαν,
1177 1697 1266 1744 καὶ
1293 1695 1384 1754 τὰς
1415 1694 1597 1752 θυσίας
1635 1695 1799 1745 ἔπαυ-

231 1797 327 1844 σαν,
357 1785 438 1830 καὶ
485 1783 572 1831 τὸν
618 1779 744 1832 λαόν
789 1781 1138 1852 κατέσφαξαν·
1171 1783 1200 1838 ἡ
1257 1777 1315 1833 δε
1364 1789 1454 1846 τῆς
1508 1779 1800 1842 Βαϐυλῶνος
1834 1805 1879 1860 Β

230 1865 446 1938 βασιλεία
486 1872 621 1940 μετὰ
666 1873 759 1921 καὶ
816 1878 917 1921 τῶν
968 1873 1258 1942 χρημάτων
1300 1870 1368 1932 εἰς
1430 1873 1553 1931 τοὺς
1601 1873 1800 1943 Πέρσας

228 1962 461 2024 μετέπεσε·
502 1958 792 2030 κομίζουσι
841 1957 1020 2010 λοιπόν
1067 1961 1116 2011 οἱ
1155 1963 1371 2032 Πέρσαι,
1402 1955 1661 2030 διάδοχοι
1700 1966 1800 2010 τῶν

227 2044 529 2098 Βαϐυλωνίων
579 2052 872 2118 γεγονότες,
927 2055 998 2115 τῷ
1057 2052 1286 2120 Δεσπότῃ
1342 2055 1433 2100 τοῦ
1480 2046 1799 2119 ἀτιμασθέν-

223 2153 294 2195 τος
347 2143 450 2188 τότε
500 2144 630 2188 ναοῦ
693 2139 902 2208 χρυσόν
956 2140 1066 2208 μεν,
1119 2135 1231 2189 ἀντὶ
1281 2145 1380 2189 τῶν
1427 2136 1799 2211 ἀφαιρεθέντων

221 2233 414 2298 χρυσῶν
478 2225 786 2298 κειμηλίων·
854 2224 1060 2278 λίϐανον
1122 2223 1200 2294 δὲ,
1255 2228 1369 2279 ἀντὶ
1423 2235 1522 2278 τῶν
1581 2227 1795 2278 θυσιῶν·

220 2315 423 2386 σμύρναν
450 2311 530 2383 δε,
566 2317 696 2390 ὑπὲρ
752 2323 851 2366 τῶν
881 2319 1335 2388 κατασφαγέντων.

274 2494 332 2543 Σύ
383 2489 441 2544 δὲ
492 2495 743 2563 γίνωσκε,
785 2495 865 2544 ὅτι
913 2494 1084 2564 ὥσπερ
1133 2495 1182 2545 οἱ
1213 2495 1407 2565 Μάγοι,
1435 2492 1478 2545 εἰ
1517 2493 1588 2566 μῆ
1621 2491 1796 2567 πόρῥω

212 2587 291 2640 τῆς
331 2580 519 2632 ἑαυτῶν
568 2580 800 2652 ἐγένοντο
844 2589 964 2652 γῆς,
1005 2581 1097 2633 οὐκ
1142 2583 1204 2635 ἄν
1237 2578 1373 2634 εἶδον
1411 2585 1498 2634 τόν
1541 2586 1792 2653 Χριστόν·

213 2670 354 2730 tritu;
403 2666 528 2722 οὐδὲ
580 2671 738 2730 αὐτὸς
798 2689 982 2722 τουτον
1034 2667 1177 2743 ἷδῃς,
1229 2671 1271 2722 εἰ
1340 2676 1411 2743 μὴ
1470 2670 1646 2745 πόῤῥω
1697 2679 1794 2723 τῶν

213 2761 381 2826 γηίνων
434 2762 678 2829 σχέσεων
717 2759 974 2832 ἀποστῇς.
1019 2766 1171 2831 ’Ἄφες
1222 2763 1406 2812 καὶσὺ
1454 2763 1541 2812 τὸν
1593 2759 1796 2812 ἐπίϐου-

211 2846 282 2899 λον
328 2846 572 2920 βασιλέα,
614 2854 707 2901 καὶ
753 2853 848 2906 τὴν
893 2853 1274 2923 ταραττομένην
1314 2848 1484 2916 πόλιν,
1534 2848 1665 2920 λέγω
1723 2845 1791 2907 δὴ

211 2941 287 2986 τόν
347 2933 680 3010 ἐνεδρεύοντα
744 2941 1159 3012 κοσμοκράτορα,
1213 2943 1304 2990 καὶ
1377 2942 1470 2996 τὴν
1525 2936 1793 2996 πολιτικήν

209 3023 400 3096 τύρϐην,
455 3031 545 3078 καὶ
588 3033 816 3079 σπεῦσον
877 3025 960 3078 ἐπὶ
1017 3030 1102 3078 τόν
1157 3031 1408 3102 Χριστόν.
1463 3028 1570 3080 Κᾶν
1629 3029 1792 3099 μάγος

209 3120 452 3188 περίεργος
512 3119 645 3179 εἴης,
693 3117 789 3166 κοῖν
855 3115 1050 3186 ποιμὴν
1097 3115 1312 3185 ἁπλοῦς,
1335 3111 1486 3168 οὐδέν
1523 3135 1579 3167 σε
1631 3114 1792 3166 κωλύ-

211 3220 277 3254 σει
331 3212 502 3274 τοῦτο,
551 3209 710 3276 μόνον
760 3202 862 3269 ἐάν,
913 3203 1056 3266 ἄξιον
1108 3207 1323 3256 σεαυτόν
1381 3207 1628 3265 τοιαύτης
1674 3205 1790 3265 θέας

211 3291 639 3366 ἀπεργασάμενος,
690 3292 774 3346 ἐπὶ
819 3301 891 3363 τῷ
943 3302 1310 3368 προσκυνῆσαι
1357 3294 1507 3365 ἣκῃς,
1574 3297 1664 3344 καὶ
1715 3297 1785 3364 μὴ

207 3378 276 3431 ἐπὶ
333 3381 400 3452 τῷ
446 3381 741 3454 ἀτιμάσαι,
781 3386 882 3434 Καὶ
926 3383 1026 3454 γὰρ
1073 3381 1317 3454 ἀτιμάζει
1365 3385 1451 3434 τόν
1497 3384 1724 3456 Χριστόν
1761 3382 1788 3434 ό

203 3471 402 3532 ἀναξίως
444 3472 613 3524 αὐτοῦ
658 3469 1083 3542 μεταλαμϐάνων.
1139 3477 1238 3524 Και
1275 3473 1582 3545 προσάγαγε
1626 3471 1784 3541 αὐτῷ,

204 3555 301 3610 imi
359 3564 446 3631 μὲν
523 3567 759 3634 χρυσοῦ,
833 3559 1174 3632 λαμπρότητα
1251 3562 1491 3634 καθαρῶν
1558 3559 1788 3634 πράξεων

201 3652 275 3698 καὶ
302 3654 484 3720 τιμίων
509 3649 704 3720 λόγων·
736 3647 849 3700 ἀντὶ
895 3643 952 3699 δὲ
977 3647 1206 3715 λιϐάνου,
1233 3655 1560 3724 προσευχήν·
1593 3655 1788 3702 Κατευ-

204 3737 420 3793 θννθήτω
456 3739 587 3811 γὰρ,
617 3742 799 3808 φησὶν,
844 3737 873 3794 ἡ
929 3739 1202 3811 προσευχὴ
1246 3756 1366 3809 μου,
1431 3741 1499 3799 ὡς
1553 3739 1792 3810 θυμιαμα

201 3822 393 3877 ἐνώπιόν
436 3845 556 3878 σου·
604 3828 723 3877 ἀντὶ
753 3821 812 3877 δε
861 3826 1115 3897 σμύρνης,
1147 3830 1395 3900 νέκρωσιν
1443 3827 1642 3893 παθῶν,
1675 3825 1790 3888 ἣτις

201 3912 411 3981 μάλιστα
458 3918 682 3986 συνέχει
726 3917 814 3970 τὴν
844 3913 1028 3966 οὐσίαν
1072 3922 1165 3976 τῆς
1209 3913 1417 3986 ψυχῆς,
1452 3918 1542 3968 καὶ
1573 3910 1792 3975 εὐωδίας

200 4001 409 4071 ἐμπίπλη
418 4022 472 4056 σι

263 4096 437 4145 Σκόπει
504 4089 590 4158 δὲ,
649 4093 729 4144 ὁτι
780 4098 879 4143 τῶν
928 4092 1123 4164 Μάγὼν
1169 4091 1412 4145 ἐλθόντων
1470 4092 1538 4153 εἰς
1578 4091 1792 4167 Ἱεροσό-

200 4177 340 4250 λνμα,
380 4187 470 4234 καὶ
518 4187 642 4255 περὶ
691 4188 780 4233 τοῦ
831 4179 1046 4254 ἀστέρος
1100 4181 1365 4246 εἰπόντων,
1415 4181 1564 4242 εὐθὺς
1618 4181 1794 4255 ἐθορυ-

201 4266 319 4325 €an
348 4277 499 4322 πᾶσα
533 4273 564 4328 ἡ
608 4269 758 4332 πόλις
786 4275 876 4321 καὶ
924 4272 949 4322 ό
993 4275 1252 4343 προφήτης
1296 4270 1367 4332 εἰς
1421 4275 1576 4343 μέσον
1616 4272 1790 4342 ἤγετο,

202 4363 278 4409 καὶ
339 4360 364 4410 ό
423 4368 517 4411 τοῦ
560 4364 717 4412 τόκον
769 4363 926 4420 τόπος
984 4358 1302 4432 ἐφανεροῦτο,
1347 4359 1437 4412 καί
1490 4358 1618 4411 ἀλλα
1676 4361 1794 4412 τινὰ

203 4446 400 4516 ἐγένετο,
451 4451 523 4500 τὰ
585 4450 725 4500 κατὰ
792 4451 911 4508 τοὺς
965 4446 1357 4519 ἁγραυλοῦντας
1409 4451 1673 4521 ποιμένας,
1725 4450 1793 4500 τὰ

200 4537 319 4585 κατὰ
371 4542 492 4597 τοὺς
567 4536 837 4599 αἰνοῦντας
895 4538 979 4588 τόν
1044 4541 1164 4590 Θεὸν
1219 4535 1488 4608 ἀγγελονς,
1527 4540 1594 4589 τὰ
1657 4539 1792 4590 κατὰ

1829 3159 1870 3216 C

199 4629 275 4673 τόν
348 4630 586 4696 Συμεὼν,
637 4627 705 4677 τὰ
770 4627 906 4678 κατὰ
969 4628 1062 4684 τὴν
1129 4630 1331 4693 Ἀνναν,
1388 4626 1516 4700 οἷπερ
1585 4631 1792 4688 Λουκᾶς

204 4709 464 4786 ἀνέγραψε.
532 4720 713 4768 Ταῦτα
788 4711 846 4767 δε
921 4717 1091 4767 πάντα
1152 4714 1383 4782 ἐτελεῖτο,
1450 4716 1550 4782 ἵνα,
1617 4717 1790 4778 καθὼς

201 4809 591 4876 προειρήκαμεν,
632 4807 703 4875 μή
761 4799 1018 4856 δύνωνται
1067 4803 1226 4874 λέγειν
1286 4804 1357 4864 εἰς
1413 4803 1626 4879 ὕστερον
1664 4803 1794 4857 Ἰου-

205 4885 347 4960 hiet,
387 4894 466 4944 ὁτι
518 4893 616 4944 οὐκ
666 4893 913 4963 ἔγνωσαν,
964 4895 1087 4944 πότε
1142 4896 1463 4964 γεγέννηται.
1526 4897 1625 4945 Καὶ
1667 4895 1790 4965 γὰρ,

204 4976 261 5037 ὦς
300 4999 454 5050 φησιν
501 4981 530 5032 ό
575 4985 959 5053 Χρυσόστομος
1006 4980 1140 5051 (46),
1179 4981 1314 5055 ἄχρι
1373 4980 1793 5055 συμπληρώσεως

201 5074 286 5115 τῶν
341 5071 550 5144 ἡμερῶν
605 5075 697 5120 τοῦ
761 5071 1112 5142 καθαρισμοῦ,
1194 5073 1458 5122 τουτέστιν
1518 5068 1601 5122 ἐπὶ
1678 5089 1794 5122 τεσ-

207 5159 486 5226 rapam-:1
511 5159 732 5232 ἠμρας,
761 5156 808 5210 ἐν
863 5157 1090 5232 Βηθλεὲμ
1123 5155 1182 5217 ἧν
1238 5163 1294 5212 τό
1323 5156 1555 5212 παιδίον·
1601 5163 1702 5214 Καὶ
1749 5178 1792 5213 ει

269 5335 310 5370 ⁸⁸
335 5334 490 5392 Psal.
526 5351 654 5401 (ιιι,
687 5340 746 5395 2.
832 5338 878 5372 ³⁷
902 5337 1041 5394 Luc.
1082 5353 1143 5410 η,
1175 5339 1321 5397 8-38.

1212 317 1572 375 COMMENT.
1617 319 1688 375 IN
1726 318 2176 379 MATTIL‘EUM.
2218 353 2286 366 -—
2325 322 2478 380 CAP.
2512 322 2580 379 II.

1717 451 1818 501 Καὶ
1851 449 1895 503 Α
1924 446 2027 504 bat
2056 466 2068 504 :
2104 448 2320 505 deinde
2345 455 2546 506 autem
2598 449 2879 520 splendor
2906 449 3157 523 quidam
3187 446 3426 508 divinus
3447 451 3572 508 ani-

3472 323 3576 384 146

1924 551 2056 591 mas
2091 536 2356 609 ipsorum
2408 539 2762 605 illustrabat,
2823 543 2881 596 et
2925 539 3088 596 hunc
3126 539 3570 597 manifestabat.

1923 623 2239 697 Propterea
2279 627 2823 683 obtulerunteihaec
2840 643 3108 684 munera.
3143 629 3368 684 Aurum
3393 627 3576 702 siqui-

1922 713 2058 768 dem
2089 715 2267 783 regiae
2293 715 2593 784 dignitatis
2621 721 2746 773 erat
2771 717 3111 789 symbolum
3143 717 3392 785 ;subditi
3413 716 3574 773 enim

1921 817 2067 858 auro
2097 802 2315 859 tributa
2343 804 2585 874 regibus
2609 805 2880 876 pendunt
2912 824 2924 871 ;
2949 806 3083 861 thus
3133 810 3335 862 autem
3365 805 3574 862 divini-

1919 891 2073 956 tatis,
2119 894 2283 947 thure
2331 908 2584 964 namque
2635 895 2752 950 Deo
2793 894 3096 962 adoletur;
3145 894 3387 965 myrrha
3427 908 3570 951 vero

1916 978 2310 1047 mortalitatis,
2323 980 2437 1036 hac
2449 980 2609 1036 enim
2623 985 2850 1038 veteres
2868 982 3172 1054 ungebant
3188 987 3475 1048 mortuos,
3492 996 3567 1038 ne

1917 1073 2336 1138 putrescerent,
2367 1073 2471 1124 aut
2522 1083 2766 1138 gravem
2796 1070 3114 1126 redderent
3155 1069 3424 1127 odorem.
3472 1069 3564 1126 Ab

1914 1157 2006 1211 his
2035 1157 2231 1226 igitur,
2264 1172 2402 1229 quae,
2446 1157 2835 1228 protulerunt,
2891 1158 3266 1226 muneribus,
3320 1158 3568 1216 demon-

1915 1245 2177 1300 strarunt
2233 1261 2371 1300 eum
2413 1245 2518 1317 qui
2557 1245 2832 1317 apparuit
2889 1261 3166 1318 puerum,
3223 1249 3279 1303 et
3347 1249 3566 1316 Regem

1915 1348 2050 1388 esse
2084 1337 2141 1389 et
2185 1337 2394 1405 Deum,
2429 1350 2494 1390 ac
2523 1339 2812 1408 tanquam
2840 1336 3151 1393 hominem
3189 1339 3432 1409 propter
3459 1335 3568 1392 ho-

1911 1422 2102 1478 mines
2142 1423 2521 1480 moriturum.

1981 1514 2174 1567 Potest
2220 1527 2463 1584 quoque
2503 1517 2559 1570 et
2603 1511 2719 1568 alio
2777 1511 2960 1568 modo
3012 1512 3148 1579 dici,
3198 1510 3365 1584 quod
3415 1511 3562 1584 quia

1909 1600 2098 1668 Reges
2119 1599 2438 1670 Babylonis
2475 1599 2793 1657 Jerusalem
2822 1600 3134 1672 quondam
3187 1613 3564 1672 expugnave-

1909 1691 2061 1757 rant,
2122 1703 2189 1742 ac
2245 1688 2480 1744 divinos
2554 1689 2861 1745 thesauros
2933 1687 3257 1761 depraadati
3304 1687 3560 1756 fuerant,

1911 1774 2208 1831 ethostias
2259 1791 2493 1832 cessare
2550 1777 2828 1842 fecerant,
2874 1777 3287 1848 populumque
3327 1775 3564 1848 jugula-

1911 1871 2111 1920 verant
2145 1881 2158 1932 ;
2190 1880 2443 1934 regnum
2473 1869 2672 1920 autem
2730 1864 3048 1937 Babylonis
3105 1879 3230 1920 una
3267 1879 3404 1920 cum
3438 1863 3562 1919 suis

1910 1953 2200 2010 thesauris
2221 1953 2300 2009 ad
2325 1954 2534 2010 Persas
2573 1953 2913 2010 devolutum
2942 1957 3067 2010 erat
3103 1968 3116 2007 :
3148 1953 3278 2009 ideo
3307 1951 3564 2010 afferunt

1910 2042 2100 2098 Persae
2150 2041 2616 2113 Babyloniorum
2690 2043 2952 2098 haeredes
3030 2042 3284 2098 Domino
3335 2040 3558 2115 templi,

1907 2131 2072 2204 quod
2094 2135 2233 2188 tunc
2263 2131 2625 2188 contumelia
2650 2131 2927 2188 affectum
2959 2130 3168 2197 fuerat,
3193 2146 3410 2187 aurum
3434 2130 3563 2204 qui-

1908 2220 2048 2277 dem
2076 2235 2182 2292 pro
2207 2219 2448 2277 sublatis
2485 2221 2615 2278 auri
2669 2220 2986 2287 thesauris,
3036 2220 3170 2276 thus
3209 2223 3409 2278 autem
3450 2235 3562 2293 pro

1906 2308 2140 2374 hostiis,
2165 2309 2468 2381 myrrham
2512 2325 2654 2367 vero
2683 2325 2793 2382 pro
2818 2309 3129 2382 jugulatis.

1977 2401 2060 2454 Tu
2088 2397 2294 2454 itidem
2315 2398 2588 2464 observa,
2619 2399 2784 2471 quod
2827 2398 3337 2471 quemadmodum
3384 2399 3557 2470 Magi,

1905 2486 2019 2542 nisi
2058 2489 2236 2558 longe
2263 2503 2300 2544 a
2337 2487 2576 2560 prOpria
2605 2491 2760 2545 terra
2801 2487 3203 2558 recessissent,
3261 2487 3561 2545 Christum

1907 2591 2293 2648 nequaquam
2323 2577 2624 2644 vidissent,
2659 2578 2742 2633 ita
2779 2593 2972 2650 neque
3003 2581 3066 2633 tu
3103 2577 3306 2649 ipsum
3355 2575 3559 2634 videre

1904 2665 2148 2738 poteris,
2181 2665 2297 2720 nisi
2329 2665 2506 2735 longe
2534 2681 2570 2722 a
2599 2665 2845 2722 terrenis
2879 2665 3192 2722 atfectibus
3219 2665 3557 2721 recesseris.

1903 2754 2140 2810 Dimitte
2170 2761 2228 2810 et
2266 2758 2328 2810 tu
2359 2769 2603 2826 quoque
2632 2769 2834 2826 regem
2882 2753 3126 2812 insidias
3154 2757 3461 2826 parantem
3486 2768 3558 2812 ac

1903 2842 2204 2899 turbatam
2237 2842 2539 2900 civitatem
2582 2859 2596 2910 ;
2628 2842 2762 2900 dico
2793 2858 2937 2900 sane
2975 2843 3359 2900 insidiantem
3388 2857 3561 2899 mun-

1902 2930 1960 2986 di
1989 2935 2294 2997 rectorem,
2326 2931 2768 3004 tumultumque
2797 2932 3228 3000 civitatis,etad
3257 2931 3560 2989 Christum

1901 3019 2136 3077 festina.
2171 3021 2302 3076 Sive
2333 3021 2492 3076 enim
2533 3023 2737 3091 Magus
2766 3021 2948 3078 fueris
2997 3022 3232 3080 curiosa
3279 3023 3556 3090 sectatus,

1901 3109 2022 3164 sive
2055 3113 2254 3180 pastor
2284 3109 2557 3181 simplex,
2609 3110 2759 3168 nihil
2789 3109 2851 3166 id
2892 3110 2998 3168 tibi
3047 3109 3322 3177 abfuerit,
3373 3109 3558 3167 modo

1905 3198 2003 3253 tali
2034 3197 2264 3254 visione
2295 3197 2554 3270 teipsum
2591 3198 2840 3269 dignum
2879 3199 3158 3269 reddens,
3199 3199 3278 3256 ad
3299 3215 3438 3255 eum
3465 3214 3560 3255 ve-

1899 3287 2030 3342 nias
2053 3285 2452 3348 adorandum,
2485 3293 2541 3342 et
2569 3301 2692 3342 non
2714 3287 2794 3342 ad
2842 3286 3352 3344 inhonorandum.
3393 3287 3557 3342 Chri-

1900 3380 2059 3432 stum
2129 3375 2426 3446 siquidem
2490 3374 2828 3442 inhonorat,
2897 3376 3000 3446 qui
3047 3375 3249 3447 ipsum
3311 3374 3557 3446 indigne

1898 3464 2126 3537 recipit.
2161 3464 2375 3537 Sicque
2400 3462 2548 3521 offer
2603 3464 2721 3536 ipsi
2774 3479 2880 3536 pro
2939 3479 3089 3521 auro
3147 3463 3397 3537 quidem
3448 3480 3560 3536 pu-

1897 3570 2104 3613 rorum
2155 3570 2408 3627 operum
2478 3553 2858 3627 splendorem
2893 3571 2906 3622 ;
2940 3569 3050 3628 pro
3111 3555 3282 3610 thure
3360 3556 3558 3611 autem

1897 3644 2274 3702 orationem:
2307 3643 2629 3714 Dirigatur
2674 3643 2836 3700 enim
2892 3644 3086 3700 oratio
3135 3657 3286 3712 mea,
3340 3642 3556 3716 inquit,

1897 3736 2043 3792 sicut
2060 3735 2362 3790 incensum
2423 3734 2488 3790 in
2518 3739 2825 3803 conspectu
2877 3739 2978 3790 tuo
3042 3735 3111 3790 ³⁸.
3165 3733 3274 3789 Pro
3309 3731 3559 3804 myrrha

1898 3839 2042 3881 vero
2099 3822 2482 3880 affectionum
2549 3821 3092 3887 mortiﬁcationem,
3169 3837 3307 3894 qua)
3359 3820 3556 3892 magis

1901 3915 2215 3970 conservat
2282 3912 2498 3968 animas
2547 3910 2974 3980 substantiam,
3022 3915 3079 3968 et
3127 3911 3296 3968 suavi
3349 3909 3558 3984 implet

1901 4002 2110 4060 odore.

1973 4089 2298 4147 Considera
2376 4089 2576 4154 etiam,
2651 4089 2819 4162 quod
2874 4089 3064 4161 Magis
3147 4088 3557 4162 Hierosolyma

1902 4178 2390 4250 ingredientibus,
2421 4177 2560 4234 etde
2587 4178 3174 4251 stellaloquentibus,
3203 4177 3402 4235 statim
3433 4181 3557 4235 tota

1902 4268 2110 4324 civitas
2135 4266 2375 4323 turbata
2411 4271 2517 4336 est,
2548 4267 2962 4339 prophetaque
2990 4267 3051 4322 in
3075 4266 3342 4323 medium
3367 4265 3557 4322 addu-

1900 4361 2029 4414 ctus
2042 4359 2148 4423 est,
2177 4370 2247 4412 ac
2276 4354 2444 4410 locus
2472 4359 2678 4426 partus
2700 4354 3127 4412 manifestatus.
3158 4357 3224 4412 Et
3247 4354 3366 4411 alia
3393 4368 3556 4426 quaa-

1901 4445 2044 4501 dam
2064 4443 2220 4500 facta
2239 4446 2379 4498 sunt
2411 4458 2423 4498 :
2453 4446 2576 4498 tum
2592 4442 2747 4499 circa
2774 4446 3036 4515 pastores
3068 4441 3132 4500 in
3169 4456 3315 4513 agro
3336 4441 3554 4512 degen-

1902 4537 2006 4599 tes,
2044 4536 2169 4589 tum
2195 4531 2353 4588 circa
2379 4530 2626 4601 angelos
2651 4530 2840 4587 Deum
2867 4530 3194 4600 laudantes,
3227 4535 3356 4588 tum
3398 4529 3557 4588 circa

1900 4623 2238 4679 Simeonem
2319 4623 2375 4678 et
2424 4622 2680 4686 Annam,
2734 4635 2870 4693 qum
2941 4621 3131 4678 Lucas
3190 4619 3428 4693 scripsit
3478 4620 3552 4678 ³⁷.

1901 4713 2036 4768 Haec
2066 4715 2265 4768 autem
2297 4709 2498 4767 omnia
2531 4709 2824 4782 completa
2867 4713 3004 4767 sunt
3042 4714 3124 4777 ut,
3153 4709 3551 4784 quemadmo-

1900 4802 2047 4858 dum
2067 4800 2351 4870 diximus,
2381 4815 2502 4856 non
2525 4805 2774 4872 possent
2803 4800 2867 4856 in
2898 4803 3200 4872 posterum
3229 4800 3427 4857 dicere
3450 4800 3556 4856 Ju-

1901 4891 2016 4946 daei
2055 4909 2075 4946 :
2101 4891 2238 4957 Nos,
2283 4889 2532 4962 quando
2590 4893 2766 4945 natus
2797 4893 2902 4956 est,
2956 4904 3079 4946 non
3129 4889 3550 4962 cognovimus.

1901 4979 2146 5050 Etenim,
2180 4979 2328 5035 sicut
2357 4977 2498 5035 dicit
2518 4977 2994 5050 Chrysostomus,
3026 4993 3217 5052 usque
3243 4977 3322 5035 ad
3346 4977 3556 5050 imple-

1900 5068 2125 5125 tionem
2172 5068 2404 5124 dierum
2483 5066 2940 5134 Puriﬁcationis,
2995 5067 3111 5125 hoc
3150 5070 3237 5124 est
3275 5066 3354 5123 ad
3411 5082 3557 5139 qua-

1900 5157 2176 5232 draginta
2203 5158 2350 5225 dies,
2384 5158 2605 5216 mansit
2655 5172 2804 5232 puer
2859 5157 3156 5217 Bethleem
3187 5159 3292 5226 ;ut
3314 5155 3428 5214 nisi
3456 5170 3554 5212 νος

1407 5463 1628 5534 Variae
1671 5462 1999 5533 lectiones
2048 5468 2112 5532 et
2151 5471 2352 5531 notae.

275 5607 376 5681 (46)
407 5609 580 5668 Tom.
612 5607 728 5678 VII,
770 5625 827 5682 p.
871 5606 995 5665 103.
