3976 6222
405 342 507 402 147

1734 339 2067 397 EUTHYMII
2103 335 2434 395 ZIGABENI

3662 342 3772 399 148

405 468 655 527 luntarie
669 466 1139 535 obsurduissent,
1173 467 1499 540 oculosque
1513 466 1858 523 clausissent
1870 466 1947 522 ad
1966 481 2034 521 ea

2169 468 2240 537 μὴ
2311 464 2508 525 ἑκόντες
2562 464 2811 536 ἓκὼφευον
2875 468 2966 517 καὶ
3013 465 3164 537 ἓμυον
3218 467 3350 538 πρὸς
3402 466 3467 517 τὰ
3522 466 3776 540 λεγόμενα

410 575 547 629 quae
561 560 719 616 dicta
742 559 835 615 vel
855 560 988 615 visa
1013 563 1169 624 sunt,
1193 556 1498 613 venissent
1520 556 1715 627 utique
1741 555 2055 623 Bethleem,

402 649 722 721 ipsumque
755 647 1060 703 vidissent.
1106 650 1266 703 Nunc
1296 651 1496 702 autem
1526 648 1712 700 Persae
1744 661 1780 700 a
1839 643 2056 699 finibus

401 740 569 792 terras
622 752 817 808 usque
870 734 1167 791 Bethleem
1216 736 1559 790 venerunt:
1616 732 1842 788 Hebrtei
1915 748 2055 789 vero

400 825 692 881 Bethleem
774 824 1368 895 circumadiacentes,
1410 821 1604 893 ipsam
1654 819 1887 890 ingredi
1950 835 2053 876 no-

397 913 654 979 luerunt,
686 928 883 984 neque
913 927 985 968 ea
1034 912 1255 977 videre,
1299 924 1436 982 quae
1482 909 1561 965 ab
1609 909 1703 964 his
1757 908 1860 981 qui
1894 908 2052 963 vide-

396 1006 545 1066 rant,
608 1000 836 1057 t‘uerant
872 999 1204 1070 divulgata.
1260 1002 1408 1054 Nam
1461 1002 1516 1054 et
1545 1002 1816 1069 pastores
1864 997 2053 1053 omni-

395 1088 514 1144 bus
540 1089 652 1144 sibi
683 1087 1132 1144 occurrentibus
1158 1087 1599 1150 nuntiaverunt,
1614 1085 2049 1158 quaeviderant,

398 1179 551 1234 sicut
571 1177 719 1233 dixit
745 1178 934 1233 Lucas
966 1177 1032 1230 ³⁸.
1070 1176 1261 1231 Persae
1318 1190 1575 1247 quoque,
1625 1174 1729 1246 qui
1783 1180 1917 1229 ante
1951 1190 2047 1245 po-

396 1266 610 1339 pulum
650 1265 1035 1321 Hebraeorum
1073 1263 1355 1319 Christum
1403 1263 1701 1327 viderunt,
1753 1262 1923 1333 quasi
1966 1262 2047 1317 fa-

395 1359 489 1411 cto
520 1354 596 1426 (g)
637 1354 1055 1424 signiﬁcarunt
1081 1355 1286 1422 gentes
1310 1355 1445 1407 ante
1474 1351 1763 1423 populum
1787 1350 2051 1407 Hebraeo-

390 1458 527 1500 rum
557 1444 755 1516 ipsum
776 1441 1082 1512 agnituras
1107 1456 1120 1506 ;
1149 1440 1314 1513 quod
1344 1441 1522 1496 etiam
1539 1440 1754 1495 Paulus
1780 1440 1926 1495 dixit
1952 1443 2045 1495 Ju-

2166 558 2255 605 καὶ
2335 555 2588 627 ὁρώμενα,
2660 555 2862 615 πάντως
2936 553 2995 605 ἂν
3077 553 3319 611 εἰσῆλθον
3386 554 3453 614 εἰς
3518 556 3769 629 Βηθλεὲμ,

2165 647 2253 694 καὶ
2310 638 2447 693 εἶδον
2511 641 2654 695 αὑτό.
2711 648 2817 693 Νῦν
2878 638 2937 694 δε
2998 645 3196 705 Πέρσαι
3236 645 3325 714 μὲν
3382 642 3481 695 ἀπὸ
3528 647 3769 718 περάτων

2164 739 2255 791 τῆς
2302 731 2606 801 οἰκουμένης
2641 727 2794 788 ἦλθον
2852 732 2946 793 ἕως
3001 740 3090 792 τῆς
3131 732 3379 803 Βηθλεὲμ,
3430 731 3655 807 Ἑϐραῖοι
3704 733 3772 786 δέ

2164 821 2589 893 παρακαθήμενοι
2663 827 2725 891 τῇ
2783 820 3026 893 Βηθλεὲμ,
3096 821 3189 872 οὐκ
3270 820 3527 879 ἠθέλησαν
3602 822 3770 874 εἰσελ-

2165 910 2267 959 θεῖν
2324 908 2393 969 εὶς
2450 910 2632 976 αὐτὴν,
2675 904 2798 960 οὐδὲ
2852 905 2979 960 ἰδεῖν
3054 912 3120 962 τὰ
3192 912 3331 982 παρὰ
3376 917 3475 961 τῶν
3529 912 3764 984 ὁρώντων

2164 995 2528 1069 θρυλλούμενα.
2582 1001 2683 1049 Καὶ
2729 998 2829 1070 γὰρ
2888 1002 2978 1049 καὶ
3062 999 3113 1049 οἱ
3154 1002 3389 1070 ποιμένες
3440 1004 3620 1059 πᾶσιν,
3678 999 3764 1061 οἷς

2161 1088 2520 1156 ἐνετύγχανον,
2563 1083 2861 1156 ἀνήγγελον,
2917 1086 2951 1137 οἱ
2994 1083 3153 1150 εἶδον,
3189 1095 3253 1147 ὥς
3298 1086 3494 1161 εἴρηκεν
3552 1089 3575 1139 6
3620 1093 3764 1140 Λου-

2158 1179 2271 1233 κᾶς.
2327 1176 2393 1225 Οἱ
2432 1178 2607 1245 μέντοι
2652 1178 2871 1246 Πέρσαι,
2902 1178 3003 1246 πρὸ
3034 1183 3125 1227 τοῦ
3161 1171 3334 1247 δήμου
3375 1184 3475 1227 τῶν
3510 1174 3763 1249 Ἐϐραίων

2162 1258 2355 1324 ἰδόντες
2411 1266 2497 1313 τὸν
2556 1265 2806 1337 Χριστόν,
2866 1262 3146 1335 ἐσήμαναν,
3208 1266 3275 1325 ὡς
3334 1262 3381 1315 ἐν
3453 1263 3760 1335 συμϐόλοις,

2158 1352 2235 1402 ὅτι
2289 1352 2356 1402 τὰ
2407 1353 2524 1409 ἔθνη
2579 1354 2679 1423 πρό
2740 1358 2831 1403 τοῦ
2896 1349 3069 1423 δήμου
3117 1360 3215 1403 τῶν
3254 1351 3499 1427 Ἑϐραίών
3540 1353 3764 1424 ἐπιγνὼε

2159 1458 2338 1490 σονται
2400 1438 2572 1493 αὐτόν.
2604 1438 2769 1512 ’Ὁπερ
2808 1444 2897 1492 καὶ
2938 1441 2962 1491 6
3013 1440 3211 1502 Παῦλος
3269 1440 3406 1511 ἔλεγε
3456 1444 3585 1515 πρὸς
3638 1441 3762 1512 (47)

2158 1522 2476 1587 Ιουδαίους’
2530 1528 2609 1579 ὅτι
2674 1527 2816 1599 Ὑμῖν
2903 1527 3181 1599 ἀναγκαῖον
3243 1529 3355 1599 (48)
3417 1525 3477 1586 ἦν
3535 1527 3763 1601 πρῶτον’

2153 1613 2440 1674 λαληθῆναι
2488 1618 2575 1666 τὸν
2632 1615 2783 1687 λόγον
2851 1623 2943 1667 τοῦ
3003 1621 3217 1688 Κυρίουο
3275 1612 3454 1674 ἐπειδὴ
3523 1613 3581 1668 δὲ
3635 1616 3760 1668 ἀνα-

2154 1702 2296 1765 ξίους
2370 1703 2587 1764 ἑαυτοὺς
2670 1703 2921 1776 ἐκρίνατε.
2985 1700 3101 1755 ἰδοὺ
3180 1707 3504 1777 στρεφόμεθα
3554 1704 3624 1764 εἰς
3690 1708 3762 1756 τά

2074 1810 2117 1864 Β
2160 1792 2275 1849 ἔθνη
2287 1832 2301 1845 .

2226 1883 2327 1933 Κοίὶ
2386 1882 2837 1952 χρηματισθέντες
2887 1912 2955 1920 -
3012 1885 3192 1954 χώραν
3246 1881 3435 1937 αὐτῶν,
3497 1884 3604 1954 Πρὸ
3659 1884 3754 1952 μὲν

2150 1976 2244 2020 τοῦ
2278 1964 2406 2020 ἰδεῖν
2445 1972 2502 2020 τὸ
2531 1966 2767 2039 παιδίον,
2811 1971 2982 2041 ἀστὴρ
3028 1971 3218 2031 αὐτοὺς
3258 1967 3451 2041 ὡὸἠγει
3484 1988 3496 1999 ⁸
3530 1972 3657 2042 μετά
3695 1967 3757 2023 δὲ

2148 2059 2207 2108 τὸ
2273 2052 2422 2126 ἰδεῖν,
2483 2056 2698 2127 οἶγγελος
2760 2059 2936 2119 αὐτοῖς
2985 2057 3184 2125 λοιπὸν,

2149 2144 2332 2216 ὁμιλεῖ.
2392 2148 2841 2218 Χρηματισθέντες
2895 2143 2973 2213 δὲ,
3034 2145 3145 2199 ἀντὶ
3193 2154 3304 2213 τοῦ,
3365 2146 3754 2219 Παραγγελθέν-

2147 2251 2248 2293 τες.
2329 2232 2695 2305 ’Δνεχώρησαν
2766 2230 2824 2286 δε
2896 2234 3162 2302 εὐπειθῶς,
3245 2238 3309 2295 ὡς
3392 2240 3587 2299 πιστοὶ,
3657 2239 3747 2287 καὶ

2149 2318 2377 2378 ἀπῆλθον
2427 2321 2498 2382 εἰς
2556 2326 2650 2379 τὴν
2702 2328 2885 2397 χώραν
2949 2322 3138 2388 αὐτῶν,
3195 2322 3428 2395 ἐσόμενοι
3490 2320 3755 2375 διδάσκα-

2146 2408 2224 2484 λοι
2292 2418 2389 2461 τῶν
2458 2414 2823 2482 γεγενημένων,
2900 2415 2989 2463 καὶ
3069 2412 3162 2463 οὐκ
3243 2410 3541 2483 ἀνέκαμψαν
3621 2415 3755 2484 πρὸς

2149 2481 2412 2573 ⁷Ηρώδην,
2469 2499 2550 2550 ἵνα
2619 2504 2839 2571 συνήσῃ,
2901 2502 2981 2552 ὅτι
3032 2502 3201 2572 μάτην
3267 2499 3601 2569 ἐπιϐουλεύει,
3664 2506 3755 2553 καὶ

390 1531 536 1587 daais
569 1547 581 1585 :
620 1531 790 1587 Vobis
816 1530 1047 1601 quidem
1062 1529 1324 1597 oportuit
1341 1530 1603 1598 primum
1638 1530 1802 1599 loqui
1816 1528 2045 1584 verbum

387 1621 498 1677 Dei
523 1622 569 1655 ³⁹
604 1637 616 1676 :
650 1636 720 1675 ex
737 1636 858 1691 quo
873 1622 1071 1674 autem
1101 1617 1382 1687 indignos
1411 1634 1521 1674 vos
1548 1617 1876 1688 judicastis,
1910 1632 2044 1674 ecce

386 1708 784 1766 convertimur
824 1708 903 1763 ad
942 1711 1165 1778 gentes.

456 1887 619 1942 Vers.
657 1888 741 1942 12.
774 1885 851 1940 Et
881 1884 1126 1940 oraculo
1156 1889 1396 1952 accepto
1425 1913 1495 1923 —
1523 1882 1822 1953 regionem
1849 1897 2035 1939 suam.

384 1977 723 2047 Antequam
744 1988 999 2045 puerum
1040 1971 1350 2037 vidissent,
1419 1970 1587 2027 stella
1633 1971 1922 2027 ducatum
1957 1972 2040 2027 eis

383 2062 697 2135 praestitit:
728 2064 1048 2133 postquam
1082 2064 1278 2115 autem
1325 2060 1611 2125 viderunt,
1660 2060 1913 2130 angelus
1943 2061 2041 2115 de-

381 2151 586 2223 inceps
611 2150 782 2222 quasi
802 2150 931 2220 jam
961 2147 1362 2205 sanctiﬁcatos
1388 2147 1733 2220 alloquitur.
1760 2147 2034 2214 Oracuto,

380 2239 592 2311 inquit,
621 2243 882 2307 accepto,
903 2236 1018 2293 hoc
1049 2240 1152 2291 est.
1185 2236 1603 2292 Admonitione
1622 2240 1901 2307 suscepta
1919 2253 2040 2302 ;re-

380 2328 536 2384 versi
560 2343 697 2383 vero
711 2332 868 2391 sunt,
884 2326 1057 2381 citius
1071 2324 1375 2381 credentes
1404 2324 1490 2396 (ἡ)
1508 2328 1791 2395 tanquam
1810 2324 2037 2392 ﬁdeles,

381 2416 446 2471 in
473 2416 760 2485 regionem
777 2429 965 2479 suam,
999 2413 1178 2469 futuri
1207 2413 1475 2469 doctores
1514 2428 1744 2482 eorum,
1794 2429 1930 2485 quas
1962 2413 2039 2469 fa-

380 2510 477 2561 cta
507 2508 664 2559 sunt.
707 2507 822 2560 Nec
887 2502 963 2558 ad
1014 2501 1301 2558 Herodem
1353 2501 1667 2567 redierunt,
1710 2506 1767 2558 ut
1820 2503 2040 2559 frustra

381 2608 445 2649 se
499 2591 769 2648 insidiari
856 2589 1204 2662 intelligeret
1277 2594 1335 2647 et
1399 2590 1477 2646 ab
1548 2590 1805 2664 incoepta
1887 2592 2041 2648 desi-

381 2685 561 2739 steret

453 2772 617 2826 Vers.
654 2770 739 2825 13.
776 2769 1047 2838 Quicum
1071 2768 1433 2825 recessissent
1464 2799 1526 2810 —
1570 2771 1930 2841 Egi/ptum.
1971 2802 2041 2813 —

392 2858 711 2931 Completis
742 2858 1146 2930 quadraginta
1175 2857 1381 2913 diebus
1410 2857 1857 2929 puriﬁcationis,
1896 2861 2045 2915 sicut

386 2948 531 3004 dicit
553 2950 743 3003 Lucas
774 2948 843 3012 ‘0,
880 2946 1254 3001 adduxerunt
1290 2946 1491 3001 Jesum
1526 2946 1958 3020 Hierosolyma;
1979 2956 2043 3005 ut

382 3036 645 3092 sisterent
692 3034 865 3089 illum
905 3033 1169 3099 Domino,
1199 3033 1352 3089 sicut
1402 3037 1685 3106 scriptum
1712 3043 1790 3093 est
1816 3038 1877 3091 in
1926 3039 2039 3107 tege

2160 3033 2501 3106 Ἰεροσόλυμα,
2574 3043 2917 3109 παραστῆσαι
3005 3042 3077 3103 τῷ
3159 3035 3351 3108 Κύρίῳ,
3426 3036 3600 3095 καθώς
3672 3039 3756 3105 γέ-

384 3122 642 3179 Domini.
662 3122 737 3178 Et
764 3127 829 3177 ut
846 3123 1229 3192 perfecerunt
1246 3122 1463 3189 omnia,
1484 3140 1615 3195 qua
1630 3126 1939 3182 secundum
1970 3128 2039 3183 le-

2160 3142 2385 3197 γραπται
2441 3122 2488 3174 ἐν
2543 3128 2680 3195 νόμῳ
2736 3128 2947 3197 Κυρίου.
3007 3128 3127 3189 Καὶ,
3182 3125 3246 3183 ὡς
3276 3122 3510 3175 ἐτέλεσαν
3551 3123 3759 3174 ἅπαντα

384 3227 507 3284 gem
530 3210 770 3268 Domini
797 3216 985 3276 erant,
1020 3211 1242 3267 reversi
1270 3219 1401 3266 sunt
1430 3212 1495 3267 in
1523 3213 1854 3282 Galilaeam,
1880 3214 1943 3269 in
1969 3216 2039 3269 ci-

2160 3214 2219 3263 τά
2265 3214 2396 3263 κατὰ
2461 3214 2547 3263 τὸν
2603 3216 2754 3283 νόμον
2828 3218 3043 3286 Κυρίου,
3122 3211 3448 3285 {misi-papam:
3520 3212 3591 3273 εἰς
3660 3216 3757 3268 τὴν

385 3302 628 3359 vitalem
653 3316 823 3357 suam
854 3301 1149 3357 Nazareth
1181 3301 1555 3357 “.Etexinde
1570 3302 1767 3358 statim
1797 3302 2045 3371 angelus

387 3394 630 3463 apparet
660 3390 881 3462 Joseph
911 3389 968 3445 in
992 3390 1237 3456 somnis,
1268 3391 1487 3461 jubens
1514 3406 1615 3447 eos
1640 3392 1697 3445 in
1728 3390 2043 3462 [Egyptum

387 3479 614 3551 fugere.
672 3480 812 3544 Quae
852 3494 993 3549 ergo
1057 3479 1376 3543 Mattheus,
1444 3478 1743 3535 brevitatis
1790 3485 2041 3548 amator,

383 3565 780 3639 praetermisit,
832 3565 955 3623 haec
982 3567 1169 3621 Lucas
1198 3571 1484 3638 tanquam
1515 3566 1767 3637 diligens
1795 3568 2047 3624 conscri-

387 3654 526 3726 psit.

3266 2061 3335 2121 ὡς
3394 2060 3751 2129 άγιασθεῖσιν,

2149 2590 2324 2661 παυθῇ
2352 2595 2449 2649 τῆς
2486 2587 2885 2663 ἐπιχειρήσεως.

2227 2766 2706 2841 Ἀναχωρησάντων
2787 2764 2847 2820 δε
2916 2769 3081 2820 αὐτῶν
3138 2798 3209 2809 --
3264 2770 3545 2838 Αἴγυπτον.
3616 2768 3759 2825 Πλη-

2153 2857 2414 2927 ρωθεισών
2480 2865 2579 2908 τῶν
2642 2858 3035 2929 τεσσαράκοντα
3107 2858 3308 2931 ἡμερῶν
3382 2864 3473 2909 τοῦ
3530 2858 3754 2931 καθαρι-

2158 2952 2312 3016 σμοῦ,
2359 2946 2426 3006 ὦς
2476 2964 2632 3017 φησιν
2664 2947 2689 2996 6
2726 2952 2951 3012 Λουκᾶς,
3000 2944 3259 3016 ἀνήγαγον
3311 2948 3395 2997 τὸν
3434 2944 3637 3001 Ἰησοῦν
3685 2945 3757 3007 εἰς

2156 3300 2449 3369 Γαλιλαίαν,
2513 3300 2581 3362 εἰς
2662 3304 2754 3358 τὴν
2836 3302 2981 3353 πόλιν
3057 3301 3223 3352 αὐτῶν
3304 3301 3562 3374 Ναζαρέτ.
3652 3304 3757 3353 Καὶ

2152 3388 2329 3442 λοιπὸν
2368 3388 2517 3450 εὐθὺς
2566 3388 2780 3460 ἄγγελος
2827 3394 3058 3461 φαίνεται
3113 3396 3184 3459 τῷ
3235 3389 3425 3461 Ἰωσὴφ
3460 3387 3573 3440 κατ’
3605 3391 3755 3461 ὄναρ,

2152 3480 2364 3532 κελεύων
2417 3485 2589 3550 φυγεῖν
2642 3479 2827 3540 αὐτούς
2876 3478 2944 3539 εἰς
3004 3481 3281 3549 Αἴγυπτον.
3336 3477 3398 3530 Ἃ
3450 3483 3642 3543 τοίνυν,
3689 3482 3759 3540 ὡς

2154 3569 2545 3643 φιλοσύντομός,
2572 3576 2798 3641 παρῆκεν
2825 3569 2849 3619 ὁ
2876 3569 3163 3628 Ματθαίος,
3198 3562 3383 3636 ταῦτα,
3412 3569 3481 3628 ὡς
3506 3565 3757 3641 ἀκριϐὴς,

2153 3660 2178 3711 6
2210 3663 2417 3717 Λουκᾶς
2440 3656 2712 3729 ἀνέγραψε.

462 3743 656 3807 Quare
696 3744 902 3796 autem
932 3756 1054 3796 non
1096 3742 1318 3798 mansit
1350 3742 1612 3799 Christus
1638 3744 1939 3811 Nazareth,
1962 3745 2044 3801 sic

389 3834 457 3886 ut
483 3829 677 3885 occidi
700 3844 823 3885 non
872 3837 1071 3901 posset
1100 3831 1128 3885 Ἰ
1155 3829 1322 3897 Quia,
1358 3832 1405 3887 si
1445 3832 1558 3887 hoc
1588 3832 1812 3888 factum
1870 3840 2041 3901 esset,

391 3918 567 3990 aliqui
587 3918 984 3974 afﬁrmassent
1000 3918 1437 3976 humanitatem
1465 3920 1635 3991 juxta
1664 3921 2045 3993 phantasiam

395 4011 622 4063 tantum
665 4011 1044 4078 assumptam
1069 4006 1270 4075 fuisse,
1311 4008 1589 4065 humanis
1614 4010 1883 4068 videlicet
1924 4028 2045 4069 non

395 4095 729 4167 subjectam
757 4095 1089 4152 affectibus.
1126 4096 1302 4169 Atqui
1331 4112 1435 4154 eos
1457 4103 1683 4155 tantum
1715 4115 1931 4170 pueros
1952 4118 2045 4158 oc-

393 4184 536 4241 cidit
566 4183 843 4251 Herodes,
877 4185 983 4257 qui
1012 4185 1071 4240 in
1105 4186 1418 4253 Bethleem,
1453 4192 1509 4243 et
1538 4187 1598 4243 in
1657 4189 1873 4245 ﬁnibus
1917 4190 2043 4263 ejus

394 4276 581 4339 erant,
615 4289 737 4329 non
763 4272 869 4346 qui
893 4273 953 4328 in
986 4275 1289 4331 Nazareth.
1345 4276 1455 4331 Sed
1487 4276 1839 4348 praeviderat
1868 4282 2042 4335 Deus,

392 4361 439 4417 si
465 4361 523 4417 in
537 4361 818 4418 Nazareth
847 4362 1189 4429 mansisset,
1215 4362 1605 4420 indicandum
1629 4366 1841 4423 Herodi
1866 4386 1882 4437 ;
1908 4368 2042 4424 ideo

394 4448 578 4506 etiam
608 4449 684 4506 ab
710 4449 842 4521 ipsa
892 4449 1096 4519 fugere
1135 4450 1335 4520 jussit.
1390 4456 1454 4507 ln
1489 4453 1812 4525 Egyptum
1843 4460 2041 4512 autem

393 4536 1111 4610 mittiturzsimulquidem
1142 4544 1380 4611 propter
1405 4556 1669 4605 causam,
1690 4557 1871 4613 quam
1903 4541 2042 4597 dixit

393 4623 769 4692 evangelista,
789 4628 859 4681 Ut
883 4628 1282 4698 compleretur
1305 4629 1593 4696 videlicet,
1624 4631 1787 4702 quod
1814 4630 2039 4687 dictum

394 4715 482 4766 est
513 4727 548 4767 a
566 4713 814 4767 Domino
845 4729 945 4783 per
973 4716 1326 4786 prophetam
1358 4718 1685 4774 dicentem:
1714 4721 1811 4775 Ea:
1838 4721 2035 4789 zEgy-

392 4806 488 4873 pto
519 4803 722 4860 vocavi
747 4803 970 4860 Filium
1002 4820 1186 4862 meum
1212 4807 1258 4843 "
1290 4825 1302 4876 ;
1340 4808 1513 4865 simul
1538 4810 1736 4881 etiam,
1766 4810 1907 4882 quia
1931 4811 2039 4867 Ba-

2227 3750 2327 3799 Καὶ
2372 3742 2515 3797 διατί
2562 3744 2654 3797 οὐκ
2702 3747 2886 3817 ἔμεινεν
2937 3745 2962 3796 6
3014 3747 3245 3818 Χριστὸς
3292 3744 3551 3807 ἀνάλωτος
3597 3744 3649 3797 ἐν
3690 3754 3755 3819 τῇ

2152 3838 2395 3909 Ναζαρέτ
2442 3838 2649 3901 ςΔιότι,
2698 3834 2741 3886 εἰ
2787 3841 2939 3886 τοῦτο
2997 3838 3221 3905 γέγονεν,
3281 3833 3452 3905 ἔλεγον
3500 3836 3561 3885 οἷν
3619 3854 3760 3896 τινες

2159 3923 2415 3995 ἰσχυρῶς,
2492 3924 2569 3975 ὅτι
2650 3924 2787 3975 κατά
2856 3927 3141 3994 φαντασίαν
3221 3922 3601 3997 ἐνηνθρώπησε,
3681 3928 3755 3995 μὴ

2157 4014 2482 4084 ὑποκείμενος
2540 4010 2877 4083 ἀνθρωπίνοις
2942 4012 3150 4063 πάθεσι.
3212 4017 3311 4065 Καὶ
3379 4016 3480 4083 μὴν
3533 4015 3658 4073 τοὺς
3707 4011 3756 4064 ἐν

2156 4101 2380 4173 Βηθλεὶμ
2426 4104 2513 4153 καὶ
2560 4107 2667 4162 τοῖς
2735 4100 2891 4173 ὁρίοις
2952 4099 3109 4160 αὐτῆς
3146 4097 3343 4161 παῖδας
3374 4099 3561 4152 ἀνεῖλεν
3589 4100 3757 4175 Ἠρώ-

2158 4186 2275 4251 δης,
2328 4189 2386 4241 οὐ
2441 4193 2539 4260 μὴν
2587 4192 2702 4248 τοὺς
2750 4191 2798 4240 εν
2841 4191 3079 4262 Ναζαρὲτ
3128 4209 3139 4222 ·
3196 4187 3328 4240 ἀλλά
3374 4193 3755 4262 προεγίνωσκεν

2155 4279 2180 4330 ὁ
2212 4281 2360 4343 Θεὸς,
2418 4279 2498 4328 ὅτι
2544 4281 2704 4349 μένων
2745 4276 2794 4328 ἔν
2846 4277 3086 4351 Ναξαρὶτ
3136 4279 3631 4349 καταμηνυθήσεται
3684 4286 3757 4349 τῷ

2151 4363 2357 4438 Ἰῐρώδῃ
2403 4383 2414 4395 ’
2448 4362 2532 4417 διὸ
2584 4370 2673 4417 καὶ
2748 4365 2848 4418 ἀπὸ
2900 4369 3095 4427 ταύτης
3160 4369 3359 4438 φεύγειν
3414 4366 3755 4439 προσέταξεν.

2153 4456 2241 4517 Εἰς
2273 4458 2532 4525 Αἴγυπτον
2578 4451 2636 4508 δὲ
2677 4459 2953 4526 πέμπεται,
2997 4454 3107 4526 οἶμα
3153 4457 3241 4522 μὲν
3283 4451 3375 4507 διὰ
3426 4460 3518 4512 τὴν
3554 4454 3753 4521 αἰτίαν,

2155 4543 2214 4602 ἣν
2287 4542 2422 4597 εἶπεν
2478 4545 2503 4595 ὁ
2549 4544 2955 4615 Εὖαγγελιστὴς,
3029 4546 3109 4595 ὅτι
3178 4543 3289 4596 Ἵνα
3364 4543 3611 4616 πληρωθῇ
3695 4549 3756 4597 τὸ

2149 4633 2303 4707 ῥηθὲν
2370 4635 2468 4684 ὑπὸ
2514 4641 2604 4685 τοῦ
2652 4638 2842 4704 Κυρίου
2894 4630 2985 4685 διὰ
3033 4641 3123 4685 τοῦ
3168 4638 3434 4706 προφήτου
3465 4632 3705 4703 λέγοντος
3740 4653 3753 4663 ·

2151 4721 2237 4783 Ἐξ
2318 4719 2581 4792 Αἰγύπτου
2661 4721 2878 4774 ἐκοίλεσα
2960 4725 3044 4773 τὸν
3122 4724 3238 4774 Υἱόν
3310 4741 3409 4794 μου
3438 4738 3450 4751 ·
3493 4722 3606 4793 ἅμα
3671 4720 3754 4792 δὲ,

2150 4808 2330 4869 ἐπειδὴ
2376 4813 2406 4869 ὴ
2447 4809 2683 4863 Βαϐυλὼν
2739 4816 2828 4864 καὶ
2874 4813 2903 4869 ὴ
2955 4809 3218 4881 Αἲγυπτος
3266 4810 3499 4883 μάλιστα
3541 4818 3633 4872 τῆς
3681 4812 3759 4865 oi-

467 4981 514 5019 ³⁸
538 4978 677 5039 Luc.
708 4996 824 5054 VIII,
859 4982 941 5043 t8.
973 4984 1020 5022 ⁸9
1051 4984 1173 5043 Act.
1216 5000 1335 5053 xm,
1369 4987 1458 5044 46.
1494 4988 1540 5025 ιο
1570 4986 1709 5044 Luc.
1739 4988 1801 5059 ti,
1832 4991 1921 5044 22.
1957 4990 1999 5028 ⁴¹
2036 4993 2039 5045 ξ

2160 5032 2178 5047 ..
2212 4990 2303 5048 39.
2334 4991 2381 5028 ⁴⁵
2414 4991 2562 5048 Osee
2598 5005 2673 5056 xx,
2706 4993 2759 5045 2.

1592 5167 1815 5238 Variae
1859 5167 2188 5239 lectiones
2237 5177 2304 5238 et
2346 5178 2546 5238 notae.

463 5332 581 5409 (67)
616 5331 898 5409 Πρὸςτοὺς
927 5330 1192 5391 Ἰουδαίου
1224 5352 1239 5403 ;
1268 5340 1331 5409 Α,

462 5405 571 5483 ς48)
615 5405 731 5483 ’ξῐνε
774 5410 907 5483 ante
958 5409 1257 5483 ἀναγκαῖον,
1308 5406 1491 5483 habet
1527 5408 1932 5483 Chrysostom.
1993 5416 2034 5467 t.

391 5476 502 5550 VII,
542 5493 603 5550 p,
637 5478 759 5534 111.
819 5481 884 5534 In
934 5476 1178 5551 reliquis
1228 5480 1538 5537 consentit.
1582 5476 1773 5540 Nemo
1837 5488 2035 5541 tamen

466 5619 643 5691 Quasi
688 5620 873 5695 facto.
963 5621 1143 5691 Quasi
1195 5622 1399 5699 signis,
1473 5625 1645 5697 quasi
1705 5625 2029 5686 ominibus.

2147 5338 2389 5419 Criticus
2416 5352 2487 5419 ex
2507 5336 2622 5394 hoc
2639 5336 2771 5395 loco
2791 5336 3133 5410 importabit
3148 5335 3429 5394 lectiones
3445 5335 3759 5396 variantes

2147 5415 2447 5469 contextui
2472 5425 2660 5467 sacro.

2217 5624 2306 5699 (h)
2345 5624 2533 5682 Citius
2556 5623 2877 5683 credentes.
2911 5621 3279 5681 Obedientes.
