3976 6222
279 305 365 360 149
1218 298 1576 356 COMMENT.
1620 297 1692 356 IN
1733 297 2167 358 MATTHIEUM.
2201 329 2274 345 -
2311 298 2474 356 CAP.
2501 298 2572 357 II.

3455 300 3559 360 150

268 432 471 500 annuam;
513 424 709 487 ἑπάσης
736 432 798 498 τῇ
832 425 988 499 φλογὶ
1040 434 1132 488 τῆς
1177 425 1418 488 ἀσεϐείας
1470 423 1603 484 ἦσαν
1651 424 1786 480 ἐκκε-

1930 425 2152 497 iylonia
2209 429 2268 482 et
2319 426 2612 499 Egyptus
2660 425 2722 481 in
2773 425 2914 482 orbe
2963 427 3256 484 terrarum
3295 427 3560 485 maxime

263 520 480 587 κανμιναι,
527 522 580 586 τῇ
791 518 916 577 τοὺς
971 517 1171 588 μάγους
1233 514 1522 581 ἀπέστειλε,
1580 523 1678 576 τῆς
1733 512 1792 568 δὲ

259 604 386 664 αὐτὸς
428 602 577 671 ἐπέϐη,
636 602 950 675 βουλόμενος
1021 603 1307 677 ἀμφοτέρας
1371 600 1786 678 διορθώσασθαι.

253 688 531 744 Διδάσκειδε
575 693 715 763 ἡμᾶς
761 692 1008 759 ἐντεῦθεν,
1056 697 1144 745 καὶ
1189 694 1268 746 ὅτι
1315 696 1424 767 χρὴ
1474 696 1558 744 τὸν
1605 695 1791 745 πιστὸν

250 780 369 840 εὐθὺς
411 782 456 830 ἐκ
504 785 794 853 προοιμίων
865 785 1186 854 πειρασμούς
1254 777 1578 855 προσδοκᾷν.
1655 780 1791 855 Ὀρα

245 865 315 918 οὖν
359 867 492 918 αὐτόν
544 867 600 919 ἐκ
663 871 978 941 σπαργάνων
1036 869 1483 940 ἐπιϐουλευόμενον
1536 873 1624 922 καὶ
1679 872 1791 942 φεύ-

235 975 361 1024 γοντα
399 960 518 1027 πρὸς
570 961 670 1016 τὴν
730 959 1010 1031 ὑπερορίαν
1043 975 1055 988 ⁸
1086 961 1259 1030 φεύγει
1299 955 1359 1010 δε
1407 963 1495 1010 καὶ
1538 959 1568 1016 ἡ
1614 963 1789 1032 μήτηρ

231 1048 301 1096 καὶ
340 1046 362 1094 ό
397 1045 601 1117 Ἰωσήφ.
666 1050 770 1098 Καὶ
823 1048 872 1097 οἰ
929 1049 1090 1118 μάγοι
1135 1043 1193 1098 δὲ
1246 1045 1294 1097 ἐν
1350 1046 1493 1108 τάξει
1544 1045 1790 1118 φυγάῖων

227 1132 465 1194 λελήθότως
521 1132 897 1208 ἀνεχώρησαν.
969 1140 1068 1188 Καὶ
1131 1139 1353 1207 μυρίους
1415 1135 1627 1195 ἅπαντες
1673 1140 1788 1206 (49)

223 1221 484 1279 ὑπέστησαν
537 1227 894 1296 πειρασμούς,
965 1225 1064 1289 ἵνα,
1116 1225 1235 1276 ὅταν
1292 1227 1384 1276 καὶ
1437 1227 1502 1276 σύ
1547 1220 1791 1296 διακονῇς

219 1319 507 1382 πνευματικῷ
563 1313 862 1385 πράγματι,
930 1317 1020 1364 καὶ
1078 1316 1395 1386 περιπίπτῃς
1458 1319 1786 1386 πειρασμοῖς,

217 1399 326 1468 ἔχῃς
373 1396 698 1472 ὑπόδειγμα,
744 1405 932 1472 καὶμὴ
989 1396 1280 1474 δυσφορῇς,
1332 1399 1460 1452 ἀλλὰ
1504 1405 1788 1474 γινώσκῃς,

213 1488 277 1537 ὅτι
326 1493 598 1560 πειρασμοὶ
684 1495 795 1548 τοῖς
866 1490 1087 1560 ἀγαθοῖς
1153 1491 1431 1562 πράγμασι
1503 1491 1791 1560 συγκεκλη-

209 1593 391 1647 ρωνται,
459 1584 552 1628 τοῦ
626 1573 881 1628 διαϐόλου
961 1580 1052 1648 μὲν
1127 1577 1198 1638 εἰς
1276 1574 1526 1649 ἐμπόδιον
1604 1578 1791 1640 αύτούς

211 1662 537 1736 ἓπεγείροντος,
585 1671 689 1716 τοῦ
747 1672 881 1718 Θεοῦ
949 1661 1008 1718 δὲ
1055 1673 1515 1740 παραχωροῦντος,
1575 1667 1646 1728 εἰς
1697 1662 1786 1718 δο-

208 1755 353 1820 κίμιον
381 1761 478 1804 τῶν
510 1751 840 1824 ἀγαπώντων
868 1753 1044 1808 αύτόν.

268 1934 355 1982 Καὶ
412 1930 567 2001 βλέπε
638 1927 962 2002 παράδοξον.
1038 1929 1358 1988 Παλαιστίνη
1430 1931 1520 2004 μεν
1582 1929 1789 1984 ἐπιϐου⁸

206 2016 336 2087 λεύει,
378 2022 645 2090 Αἴγυπτος
694 2015 753 2071 δὲ
811 2019 971 2079 σώζει
1017 2023 1104 2071 τὸν
1158 2021 1422 2092 φεύγοντα·
1471 2020 1552 2072 ἱνα
1593 2021 1788 2093 μάθῃς,

206 2108 272 2158 ὄτι
309 2109 333 2158 ὁ
376 2111 502 2168 Θεὸς
561 2114 677 2170 τοῖς
730 2106 992 2171 ἐπιπόνοις
1044 2111 1107 2160 τὰ
1163 2105 1297 2167 ἡδέα
1354 2109 1640 2178 συνέζευξε,
1699 2112 1789 2160 καὶ

206 2193 528 2270 (iampran
574 2198 852 2268 ύῖβαίνεται
908 2204 1007 2248 τῶν
1065 2195 1224 2268 ἁγίων
1274 2197 1300 2248 ό
1345 2195 1455 2269 βίος
1505 2197 1531 2248 ὃ
1580 2193 1648 2255 δὴ
1699 2201 1788 2250 καὶ

203 2283 394 2336 ενταῦθα
443 2289 652 2356 γέγονε,
706 2291 938 2356 Πρῶτον,
971 2284 1172 2355 ὑποψία
1206 2289 1325 2359 περὶ
1369 2291 1460 2344 τήν
1508 2288 1786 2359 Παρθένον.

202 2368 310 2438 εἶτα,
351 2376 476 2445 μετὰ
525 2379 620 2425 τὸν
673 2376 843 2438 τόκον,
888 2375 1037 2447 χαρά
1067 2390 1080 2403 ⁶
1116 2373 1268 2426 πάλιν
1322 2378 1458 2445 φυγὴ
1514 2375 1581 2435 εἰς
1636 2377 1789 2446 Αἴγυ-

200 2480 324 2526 πτον,
376 2463 488 2514 εἶτα
526 2459 726 2514 ἐκεῖθεν
771 2460 1056 2524 ἀνάκλησις
1085 2480 1098 2494 ⁶
1133 2458 1280 2522 αὖθις
1325 2461 1500 2534 φόϐος,
1557 2458 1650 2514 διὰ
1701 2465 1788 2514 τὸν

201 2548 458 2622 ’Δρχελαον
489 2571 502 2584 ο
535 2552 722 2602 ἔπειτα
796 2549 844 2601 ἐν
919 2557 983 2622 τῇ
1056 2550 1296 2624 Ναζαρετ
1368 2551 1558 2610 ἄνεσις.
1629 2553 1788 2603 Οὔπω

315 2635 371 2696 ἦν
405 2646 496 2690 τοῦ
561 2641 984 2712 θαυματουργεῖν
1040 2643 1239 2713 καιρός.
1298 2638 1360 2690 Εἰ
1417 2642 1516 2711 γὰρ
1558 2636 1614 2690 ἐκ
1652 2644 1788 2713 πρώ-

201 2743 275 2785 της
314 2727 518 2789 ἡλικίας
569 2723 878 2790 ἐπεδείξατο
941 2729 1200 2799 Θαύματα,
1252 2726 1346 2779 ούκ
1397 2726 1456 2778 ἂν
1502 2729 1784 2786 ἐπιστεύθη

196 2819 430 2885 γεγονέναι
474 2818 773 2889 ἄνθρωπος,
814 2817 880 2875 ὡς
916 2820 1227 2890 προέφημεν.
1275 2818 1370 2869 Διὰ
1409 2823 1558 2869 τοῦτο
1601 2819 1789 2878 κύησις

198 2902 496 2975 ἐννεάμηνος,
567 2909 665 2956 καὶ
724 2908 980 2975 γέννησις,
1041 2910 1131 2958 καὶ
1197 2905 1630 2979 γαλακτοτροφίά,
1699 2910 1788 2958 καὶ

198 2994 254 3042 τὰ
297 2992 422 3058 ἑξῆς,
481 2995 567 3044 ἱνα
630 2988 725 3044 διὰ
782 2994 985 3044 πάντων
1039 2991 1417 3068 εύπαράδεκτος
1455 2996 1484 3052 ἡ
1534 2993 1788 3069 ἐνανθρώ-

198 3100 343 3142 τησις
386 3081 549 3134 αὐτοῦ
607 3085 838 3151 γένηται.
895 3081 1005 3132 Οὐκ
1058 3084 1134 3134 ἔτι
1185 3079 1244 3135 δὲ
1278 3083 1303 3134 ό
1333 3083 1548 3154 ἄγγελος
1595 3081 1787 3156 ὀνομά-

199 3168 377 3226 ζειτήν
430 3171 700 3244 Παρθένον
747 3176 970 3239 γυναῖκα
1020 3177 1112 3221 τοῦ
1158 3170 1372 3242 Ἰωσὴφ,
1427 3170 1554 3222 ἀλλὰ
1588 3175 1788 3247 μητέρα

200 3264 281 3306 τοῦ
303 3256 542 3310 παιδίουο
605 3257 790 3314 Ἐλύθη
839 3260 939 3332 γὰρ
991 3255 1097 3317 ἤδη
1134 3260 1160 3316 ἠ
1200 3259 1416 3330 ὑποψία,
1473 3265 1561 3313 καὶ
1589 3261 1785 3319 πεπλη-

197 3350 430 3416 ροφορητο
485 3347 675 3399 λοιπὸν
726 3347 942 3418 Ἰωσὴφ,
1001 3348 1082 3399 ὅτι
1137 3350 1272 3410 θεῖός
1335 3347 1474 3401 ἐστιν
1527 3351 1553 3400 ὁ
1610 3354 1780 3410 τόκος.

196 3434 346 3485 Εἰπὼν
376 3431 458 3504 δε,
511 3437 602 3487 ὅτι
641 3441 801 3506 Φεῦγε
847 3435 921 3496 είς
967 3439 1244 3507 Αἷγυπτον,
1301 3437 1396 3489 ούκ
1445 3435 1783 3509 ἐπηγγείλατο

197 3519 509 3576 σννοδεύσειν
568 3523 767 3588 αὐτοῖς,
821 3523 1188 3596 αἰνιττόμενος,
1247 3527 1327 3577 ὅτι
1383 3529 1542 3597 μέγαν
1593 3528 1782 3598 ἔχουσι

194 3608 557 3685 συνοδοιπόρον
611 3615 669 3664 τὸ
722 3608 954 3683 παιδίον,
988 3611 1014 3664 ὁ
1054 3618 1144 3665 καὶ
1199 3613 1271 3676 εἰς
1330 3617 1590 3685 Αἴγυπτον
1630 3616 1781 3688 ὑπερ-

191 3701 400 3768 ορισθεν,
461 3697 670 3754 δέδωκε
733 3708 838 3761 τοῖς
915 3701 1217 3772 Αἰγυπτίοις
1297 3700 1532 3774 ἀφορμὴν
1589 3703 1783 3756 οἰκειώ-

196 3803 326 3848 σεως.
371 3787 628 3862 ’Υστερον
674 3791 776 3864 γάρ
824 3789 1043 3851 ἅπαντες
1094 3790 1238 3842 οὗτοι
1292 3786 1560 3862 δεξάμενοι
1593 3795 1652 3844 τὸ
1683 3797 1780 3850 κὴ-

191 3893 349 3947 ρημα
376 3886 470 3929 τοῦ
502 3877 846 3949 Εὐαγγελίου,
896 3882 1030 3948 μέγα
1081 3877 1320 3953 ἄφρὸνουν
1363 3878 1446 3932 ἐπὶ
1491 3887 1565 3950 τῷ
1597 3877 1784 3934 ὑποδὲ-

194 3961 370 4024 ξασθαι
399 3969 660 4037 φεύγοντα
695 3970 780 4018 τὸν
814 3968 1021 4039 Κύριον.

1899 519 2068 571 erant
2121 515 2379 572 incensae
2437 515 2759 583 impietatis
2811 516 3082 573 ﬂamma.
3137 516 3229 573 Ab
3275 515 3377 573 illa
3419 532 3558 589 ergo

1899 604 2107 674 Magos
2158 605 2418 672 attraxit,
2466 605 2526 660 in
2577 605 2735 660 hanc
2783 609 2982 662 autem
3034 605 3288 672 intravit,
3335 609 3559 664 utram-

1897 709 2016 765 que
2048 693 2252 749 volens
2289 693 2367 750 ad
2397 698 2622 749 rectam
2664 693 2822 750 viam
2863 693 3093 752 reduci.
3139 695 3281 751 Hinc
3315 711 3558 768 quoque

1898 782 2072 838 docet
2119 797 2249 846 nos,
2276 782 2436 854 quod
2484 785 2542 836 et
2581 781 2818 836 ﬁdelem
2873 783 3072 838 statim
3122 799 3158 838 a
3211 783 3556 856 primordiis

1900 871 2249 927 tentationes
2296 874 2641 943 exspectare
2689 874 2980 941 oporteat.
3025 872 3164 927 Vide
3208 873 3367 928 enim
3410 889 3558 942 quo-

1897 961 2082 1017 modo
2113 961 2241 1032 ipse
2273 961 2463 1016 statim
2501 975 2538 1016 a
2575 958 2746 1015 cunis
2785 961 3086 1032 appetitur
3114 961 3368 1025 insidiis,
3405 962 3556 1020 abit-

1898 1065 2014 1120 que
2044 1049 2104 1105 in
2140 1049 2414 1104 exsilium
2457 1063 2469 1102 :
2520 1048 2667 1118 fugit
2699 1063 2941 1120 quoque
2988 1052 3176 1105 mater
3217 1066 3287 1107 ac
3319 1052 3552 1123 Ioseph.

1900 1138 2012 1194 Sed
2036 1142 2091 1193 et
2129 1137 2275 1207 Magi
2316 1137 2375 1193 in
2414 1137 2664 1194 modum
2704 1137 3057 1207 fugientium
3081 1137 3238 1195 clam
3263 1139 3553 1197 discesse-

1895 1230 2056 1292 runt,
2129 1242 2459 1298 omnesque
2525 1225 2668 1297 justi
2734 1226 3084 1283 innumeras
3151 1229 3555 1286 sustinuerunt

1897 1315 2267 1378 tentationes,
2337 1320 2402 1369 ut
2466 1314 2510 1370 si
2579 1315 2826 1386 quando
2896 1316 2980 1370 rei
3047 1316 3335 1388 spirituali
3410 1333 3558 1390 ope-

1897 1419 2026 1460 ram
2053 1403 2306 1468 dederis,
2332 1407 2509 1474 atque
2540 1403 2599 1457 in
2621 1403 2974 1460 tentationes
2999 1403 3298 1470 incideris,
3327 1405 3558 1463 habeas

1897 1491 2250 1562 exemplum,
2306 1494 2362 1546 et
2412 1505 2487 1546 ne
2545 1491 2788 1546 moleste
2841 1491 3016 1556 feras,
3077 1493 3182 1548 sed
3239 1509 3552 1565 agnoscas,

1897 1580 2064 1652 quod
2102 1579 2453 1635 tentationes
2491 1580 2551 1634 in
2609 1583 2817 1634 sortem
2855 1579 3032 1635 bonis
3072 1581 3355 1652 operibus
3398 1583 3555 1638 datas

1897 1671 2036 1722 sunt
2076 1667 2359 1724 :diabolo
2398 1667 2643 1739 quidem
2684 1667 2746 1722 in
2785 1667 3163 1724 obstaculum
3195 1669 3552 1734 adducente,

1823 1755 1868 1810 Β
1897 1757 2018 1812 Deo
2053 1771 2190 1812 vero
2243 1755 2321 1811 ad
2365 1754 2772 1826 probationem
2800 1771 3007 1813 eorum
3058 1757 3163 1830 qui
3205 1757 3376 1816 illum
3423 1757 3553 1815 dili-

1898 1848 2058 1913 gunt,
2101 1843 2417 1900 ordinante
2430 1883 2443 1898 .

1970 1930 2112 1986 Vide
2165 1935 2364 1986 autem
2429 1931 2512 1986 rei
2564 1931 2882 1988 novitatem
2943 1947 2956 1988 :
3017 1932 3311 2005 siquidem
3369 1934 3556 1992 Palae-

1897 2019 2053 2076 stina
2098 2019 2429 2083 insidiatur,
2470 2021 2755 2091 lEgyptus
2797 2035 2936 2076 vero
2977 2026 3168 2077 servat
3204 2021 3552 2093 fugientem,

1898 2113 1962 2164 ut
1989 2109 2186 2165 discas
2214 2111 2399 2164 Deum
2424 2107 2686 2165 tristibus
2707 2109 2842 2164 laeta
2871 2111 3275 2180 conjunxisse.
3308 2115 3458 2170 Nam
3479 2113 3554 2170 ab

1895 2197 2163 2269 utrisque
2196 2202 2540 2254 sanctorum
2588 2197 2708 2253 vita
2747 2198 3058 2270 probatur,
3109 2201 3274 2272 quod
3320 2216 3460 2258 sane
3499 2205 3556 2258 et

1894 2285 1990 2341 hic
2029 2285 2254 2342 factum
2307 2290 2411 2341 est.
2475 2285 2738 2342 Primum
2786 2287 3046 2359 suspicio
3084 2287 3296 2346 habita
3349 2293 3438 2346 est
3477 2290 3554 2346 de

1896 2374 2128 2444 Virgine
2163 2391 2175 2440 ;
2209 2374 2424 2430 deinde
2456 2389 2521 2430 ex
2555 2378 2729 2446 partu
2759 2375 3072 2447 gaudium.
3107 2379 3363 2434 Rursum
3408 2377 3555 2447 fuga

1895 2464 1957 2518 in
2005 2465 2326 2536 )Egyptum
2363 2481 2376 2532 ;
2410 2467 2615 2535 postea
2655 2467 2856 2520 autem
2887 2464 3047 2520 illinc
3077 2466 3399 2524 revocatio.
3448 2467 3553 2523 lte-

1894 2567 2029 2608 rum
2085 2556 2278 2607 metus
2322 2555 2563 2624 propter
2608 2551 3002 2619 Archelaum;
3045 2553 3260 2610 deinde
3308 2555 3545 2627 requies

1895 2639 1952 2696 in
1993 2641 2296 2697 Nazareth.
2326 2640 2591 2697 Necdum
2639 2640 2800 2696 enim
2839 2641 3053 2697 edendi
3083 2642 3375 2699 miracula
3405 2647 3548 2700 tem-

1894 2745 2012 2802 pus
2058 2733 2203 2786 erat.
2245 2731 2397 2786 Nam
2433 2729 2483 2785 si
2519 2745 2556 2785 a
2597 2729 2796 2802 prima
2829 2730 3022 2788 statim
3057 2735 3227 2788 aetate
3255 2733 3552 2805 stupenda

1896 2817 2388 2886 demonstrasset,
2431 2832 2811 2890 nequaquam
2841 2818 3020 2874 homo
3069 2819 3326 2877 creditus
3353 2821 3545 2890 'esset,

1895 2910 1963 2962 ut
1991 2905 2402 2978 praediximus.
2429 2907 2493 2962 In
2519 2905 2680 2962 hunc
2703 2906 2863 2964 enim
2887 2907 3062 2964 ﬁnem
3086 2923 3302 2965 novem
3328 2909 3546 2966 mensi-

1895 2995 2006 3050 bus
2059 2999 2228 3051 utero
2267 2998 2552 3065 gestatus,
2607 2999 2784 3052 natus
2834 3012 2905 3053 ac
2957 2995 3107 3054 lacte
3144 2997 3399 3054 nutritus
3438 3001 3546 3066 est,

1819 3112 1859 3168 ρ
1896 3087 2228 3155 ceteraque
2259 3099 2368 3139 suo
2407 3083 2567 3140 facta
2601 3091 2740 3140 sunt
2769 3085 2996 3152 ordine,
3033 3091 3097 3142 ut
3133 3102 3238 3158 per
3272 3087 3402 3144 haec
3429 3103 3548 3144 om-

1894 3171 1992 3228 nia
2051 3171 2218 3227 facile
2275 3171 2397 3242 ejus
2449 3172 2778 3228 incarnatio
2841 3173 3220 3245 suscipiatur.
3287 3175 3548 3245 Angelus

1896 3264 2096 3316 autem
2117 3259 2400 3331 deinceps
2426 3258 2722 3328 Virginem
2749 3275 2870 3316 non
2891 3261 3162 3317 nominat
3178 3277 3432 3318 uxorem
3453 3265 3546 3318 Jo-

1894 3352 2062 3421 seph,
2105 3349 2207 3404 sed
2262 3349 2424 3421 pueri
2465 3351 2736 3404 matrem.
2781 3349 2914 3403 Jam
2964 3349 3126 3404 enim
3173 3349 3371 3406 soluta
3418 3353 3544 3408 erat

1893 3437 2178 3509 suspicio,
2211 3441 2268 3492 et
2294 3435 2516 3508 Joseph
2547 3436 2758 3492 certior
2799 3435 3059 3503 effectus,
3100 3436 3374 3494 divinum
3411 3453 3546 3496 esse

1890 3531 2147 3598 partum.
2181 3526 2392 3583 Dicens
2421 3529 2622 3583 autem
2651 3543 2665 3581 :
2721 3526 2884 3597 Fuge
2911 3527 2976 3583 in
3011 3527 3376 3598 (Egi/ptum,
3421 3543 3545 3586 non

1890 3615 2162 3688 promisit
2185 3615 2460 3672 comitem
2491 3631 2552 3670 se
2583 3613 2708 3672 fore
2739 3615 2983 3681 itineris,
3015 3614 3347 3685 insinuans,
3380 3616 3546 3690 quod

1892 3718 2174 3773 magnum
2237 3703 2527 3760 haberent
2574 3703 2687 3760 vim
2735 3703 3036 3771 comitem,
3091 3707 3228 3777 puta
3271 3720 3542 3777 puerum.

1890 3792 2025 3848 Haec
2055 3795 2340 3864 praeterea
2391 3792 2522 3862 ejus
2577 3791 2639 3847 in
2685 3792 3004 3864 Egyptum
3062 3792 3366 3864 relegatio,
3421 3811 3546 3852 ma-

1891 3895 2076 3950 gnam
2129 3879 2296 3936 dedit
2345 3880 2634 3952 Egyptiis
2685 3881 3064 3937 occasionem
3113 3881 3542 3940 familiaritatis.

1892 3969 2108 4026 Postea
2139 3969 2299 4024 enim
2338 3983 2547 4024 omnes
2575 3968 2656 4035 hi,
2700 3972 2971 4042 suscepta
3009 3970 3308 4042 Evangelii
3329 3972 3543 4043 praedi-

194 4051 428 4119 catione,
487 4054 827 4127 plurimum
896 4052 1305 4124 gloriabantur
1355 4055 1682 4128 animoque
1750 4055 2100 4127 gestiebant,
2163 4071 2255 4122 eo,
2332 4057 2500 4129 quod
2552 4055 2877 4128 fugientem
2944 4057 3268 4116 Dominum
3341 4075 3545 4118 susce-

193 4139 423 4208 pissent.

259 4235 349 4282 Kai
397 4232 516 4284 ’ίσθι
555 4261 624 4271 -
657 4238 750 4284 τοῦ
789 4231 1040 4287 ἀπολέσαι
1087 4233 1234 4290 αὐτὸ.
1291 4233 1434 4287 "rae.
1484 4233 1600 4304 (50)
1657 4232 1778 4302 ἕκεῖ,

1960 4235 2122 4289 Vers.
2159 4233 2242 4289 13.
2290 4232 2365 4289 Et
2408 4236 2522 4290 esto
2561 4263 2629 4273 —
2667 4233 2747 4290 ad
2771 4233 3131 4303 perdendum
3176 4249 3330 4297 eum.
3380 4237 3544 4307 Esto,

195 4313 296 4368 ἀντὶ
330 4327 421 4370 τοῦ
466 4320 643 4388 Οἱκει,
693 4317 950 4395 διάτριϐε.
996 4330 1174 4376 Ταῦτα
1213 4319 1272 4376 δὲ
1309 4321 1536 4383 ἀκούσας
1565 4323 1778 4395 Ἰωσὴφ,

191 4404 274 4456 οὐκ
324 4404 742 4466 ἓσκανδαλίσθη.
813 4418 1004 4471 Συνῆκε
1067 4415 1186 4488 γὰρ,
1251 4413 1350 4476 ὅτι,
1409 4410 1517 4464 ἐπεὶ
1574 4411 1783 4483 ἄγγελοι

192 4489 517 4548 διακονοῦσιν
577 4497 650 4558 εἰς
710 4499 777 4550 τὰ
835 4503 968 4553 κατὰ
1021 4505 1079 4553 τὸ
1153 4496 1388 4565 παιδίον,
1453 4500 1784 4574 οἰκονομικῶς

190 4583 345 4636 πάντα
406 4590 638 4655 γίνεται,
694 4591 783 4639 καὶ
845 4588 904 4640 ού
959 4593 1068 4664 χρὴ
1136 4589 1590 4664 περιεργάζεσθαι,
1660 4585 1784 4642 οὐδὲ

191 4666 482 4743 ἐπιλέγειν,
542 4671 653 4725 ἀλλ’
708 4675 955 4737 εὐπειθῶς
1011 4680 1181 4745 εἴκειν,
1237 4678 1314 4739 οἷς
1364 4677 1424 4729 ἂν
1474 4679 1500 4730 ὁ
1532 4679 1658 4740 Θεὸς
1707 4697 1786 4731 κε-

193 4771 264 4808 λεν
308 4781 319 4792 ⁸

252 4846 309 4898 '0
361 4845 420 4902 δἐ
473 4877 550 4890 -
599 4853 682 4902 τὸν
739 4853 858 4905 Υἰόν
925 4873 1044 4926 μου.
1094 4857 1164 4908 Τό
1239 4851 1318 4924 δὲ,
1381 4853 1466 4918 Ἐξ
1518 4853 1783 4926 Αἰγύπτου

194 4932 402 4988 halica
467 4940 560 4989 τὸν
617 4941 735 4992 Υίόν
788 4959 910 5012 μου,
967 4947 1083 5016 περὶ
1141 4950 1239 5005 τῆς
1294 4941 1620 5004 ἀνακλήσεως
1670 4941 1783 4994 ἑαν-

191 5029 283 5074 τῶν
313 5021 570 5079 Ἰουδαῖοι
617 5026 845 5102 ῥηθῆναι
889 5028 1118 5102 λέγουσι.
1164 5033 1302 5106 Πρὸς
1331 5031 1418 5094 οὕς
1456 5031 1569 5102 (51)
1601 5048 1779 5102 φαμεν.

1889 4321 2002 4378 hoc
2031 4323 2140 4386 est,
2181 4319 2406 4386 Habita,
2455 4335 2822 4378 conversare.
2869 4321 3003 4378 Hec
3049 4326 3247 4378 autem
3297 4323 3545 4379 audiens

1888 4409 2128 4481 Ioseph,
2150 4423 2265 4464 non
2285 4423 2502 4480 passus
2519 4413 2606 4465 est
2625 4408 3072 4466 offendiculum.
3095 4413 3243 4466 Nam
3261 4409 3543 4469 intellexit

1891 4497 2075 4570 quod,
2108 4513 2247 4553 cum
2275 4495 2470 4568 angeli
2497 4497 2749 4553 ministri
2781 4501 2983 4554 essent
3011 4498 3089 4555 ad
3115 4513 3186 4555 ea
3213 4513 3349 4572 qua:
3389 4499 3546 4558 circa

1891 4601 2142 4659 puerum
2163 4585 2512 4655 agebantur,
2539 4584 2745 4642 omnia
2761 4585 3263 4645 administratorie
3278 4587 3503 4646 ﬁebant
3525 4605 3540 4657 ;

1891 4690 2000 4732 nec
2028 4675 2089 4730 in
2118 4674 2207 4730 his
2237 4673 2542 4730 curiosum
2573 4689 2702 4731 esse
2733 4675 3059 4747 oportebat,
3105 4677 3212 4733 sed
3242 4677 3416 4735 facile
3465 4678 3543 4736 ad

1893 4761 2100 4819 omnia
2128 4777 2264 4834 qum
2293 4761 2578 4818 Dominus
2604 4761 2902 4833 jussisset,
2933 4763 3196 4822 obedire.

1963 4853 2122 4907 Vers.
2160 4853 2223 4906 14
2245 4851 2358 4907 Ille
2386 4865 2522 4907 vero
2550 4881 2620 4892 —
2647 4851 2714 4906 V.
2738 4856 2823 4910 t5.
2844 4852 3063 4910 Filium
3084 4868 3288 4912 meum.
3312 4853 3543 4911 Dictum

1893 4939 2042 4996 illud
2057 4957 2068 4996 :
2083 4940 2182 4998 Ea:
2201 4940 2471 5012 {Egi/pte
2487 4940 2892 5009 vocaviﬁlium
2913 4957 3120 5009 meum,
3141 4942 3328 4999 Judaei
3343 4943 3416 5000 de
3433 4957 3544 4999 sua

1891 5029 2155 5102 ipsorum
2227 5027 2608 5089 revocatione
2664 5029 2892 5089 dictum
2957 5035 3248 5090 asserunt.
3312 5030 3542 5100 Quibus

1393 5206 1620 5277 Variae
1645 5205 1972 5276 lectiones
2003 5213 2071 5274 et
2097 5213 2302 5274 notae.

258 5396 366 5470 (49)
395 5398 655 5474 Aliquid
676 5398 770 5457 hic
817 5400 1007 5474 deest.
1042 5403 1366 5474 Hentenius
1413 5403 1595 5460 habet
1617 5402 1782 5474 iusti.

196 5464 527 5554 ergo.
543 5467 829 5554 oidixuwt
875 5472 1096 5554 legerit.
1153 5475 1268 5554 Sed
1306 5480 1502 5554 πιστοὶ,
1536 5464 1782 5554 irruperat,

195 5542 243 5592 et
294 5541 528 5610 similia,
572 5543 756 5601 etiam
781 5559 906 5601 non
937 5541 1090 5604 'sunt
1128 5545 1341 5605 aliena:
1398 5541 1524 5604 Mox
1579 5541 1788 5619 legitur
1858 5575 1868 5580 -

1893 5403 2056 5475 ἅγιοι.

1970 5474 2079 5498 lyr“
2099 5475 2238 5498 ’D-.-f
2294 5471 2479 5498 -..ηιξ

1989 5476 2082 5620 ἕῗζ
2108 5475 2255 5603 ξῗεῖἓ
2277 5472 2656 5620 ﬁgat}.
2690 5545 2808 5617 VII,
2826 5559 2886 5621 p.
2921 5544 3044 5602 124.
