3976 6222
394 328 495 390 151

1705 328 2058 390 ΕυΤΗὙΜΠ
2095 328 2430 390 ZIGABENI

3640 318 3749 379 152

388 474 503 517 nos
558 455 826 525 dicimus,
894 455 1051 515 hanc
1095 471 1329 529 quoque
1388 457 1711 530 prOphetiae
1757 473 2035 515 normam

2158 460 2227 512 ὅτι
2260 462 2349 511 καὶ
2372 463 2523 510 τοῦτο
2579 456 2896 529 προφητείας
2940 458 3091 526 νόμος
3146 450 3279 519 ἐστὶ,
3336 452 3395 504 τὸ
3424 449 3584 503 πολλὰ
3612 449 3750 502 πολ·⁵

390 564 539 615 esse,
588 552 651 603 ut
696 547 877 603 multa
925 546 1262 620 frequenter
1291 547 1361 602 de
1391 547 1517 603 aliis
1546 548 1841 617 dicantur,
1882 552 1939 603 et
1973 547 2035 604 in

390 636 517 693 aliis
554 636 980 708 compleantur.
1017 636 1528 702 Quemadmodum
1567 636 1640 692 de
1670 636 1941 692 Simeone
1979 639 2037 691 et

389 726 529 783 Levi
560 743 575 781 :
632 726 901 780 Dividam
950 740 1041 780 eos
1075 726 1137 779 in
1163 725 1357 789 Jacob,
1392 730 1441 780 et
1473 726 1803 795 dispergam
1843 740 1933 781 eos
1972 726 2036 779 in

388 816 583 872 Israel
613 816 659 849 ⁸³
693 831 705 869 :
740 814 1033 886 siquidem
1072 813 1129 867 id
1160 813 1405 885 posteris
1436 829 1643 869 eorum
1682 814 1914 869 accidit.
1955 814 2033 869 Si-

389 904 606 960 militer
657 907 713 958 et
760 902 905 958 illud
944 901 1171 957 dictum
1210 901 1287 956 ad
1330 901 1510 957 Jacob
1543 919 1557 957 :
1590 903 1732 958 Esto
1776 902 2033 958 dominus

384 994 650 1063 fratrum
677 998 931 1053 tuorum,
959 996 1011 1047 et
1032 990 1272 1046 adorent
1298 996 1351 1046 te
1367 990 1479 1059 ﬁlii
1500 994 1693 1060 patris
1718 993 1803 1046 tui
1819 992 1888 1059 ιι,
1910 1004 2033 1045 non

390 1086 477 1137 est
506 1082 565 1136 in
608 1095 678 1136 eo
721 1079 1103 1151 completum,
1150 1079 1408 1134 maxime
1447 1094 1586 1135 cum
1632 1080 1760 1151 ispe
1810 1082 2035 1135 timeret

389 1185 461 1226 ac
486 1172 778 1235 tremeret,
807 1169 1089 1239 totiesque
1115 1172 1249 1223 ante
1280 1167 1520 1224 fratrem
1553 1185 1732 1223 suum
1759 1169 1911 1224 Esau
1938 1182 2035 1237 ge-

389 1274 473 1315 nu
500 1258 760 1314 ﬂecteret
793 1274 804 1311 :
839 1257 942 1313 sed
973 1257 1033 1311 in
1072 1256 1328 1329 posteris
1366 1260 1493 1327 ejus
1533 1256 1894 1328 completum
1927 1260 2029 1312 est.

393 1347 505 1403 Sed
531 1350 587 1402 et
618 1345 952 1401 maledictio
990 1348 1108 1401 Noe
1140 1344 1424 1399 adversus
1465 1345 1771 1410 Chanaan,
1814 1345 1871 1399 in
1900 1360 2034 1416 pos-

389 1435 528 1491 teris
551 1436 679 1506 ejus
704 1434 950 1505 impleta
980 1437 1086 1489 est.
1119 1434 1212 1489 Sic
1237 1448 1381 1503 ergo
1398 1437 1452 1489 et
1475 1434 1569 1489 hic
1598 1433 1871 1488 dicimus.
1902 1436 2036 1488 Uter

389 1524 548 1581 enim
573 1523 769 1579 verius
801 1523 909 1577 dici
936 1526 1126 1593 potest
1155 1522 1255 1575 Dei
1281 1521 1478 1590 Filius,
1503 1522 1629 1576 isne
1650 1522 1750 1592 qui
1778 1521 2034 1576 vitulum

388 1611 678 1679 adoravit,
701 1614 757 1665 et
778 1608 1045 1665 initiatus
1073 1612 1165 1663 est
1183 1608 1563 1679 Beelphegor,
1592 1608 1863 1680 ﬁliosque
1894 1624 2034 1664 suos

388 1715 459 1755 ac
478 1700 631 1756 ﬁlias
648 1698 963 1755 daemoniis
980 1696 1334 1754 sacriﬁcavit
1358 1713 1371 1751 :
1402 1712 1480 1752 an
1500 1696 1603 1768 qui
1621 1701 1832 1752 natura
1857 1696 2036 1751 Filius

387 1793 493 1855 est,
522 1788 767 1861 aequalis
797 1788 858 1843 in
887 1788 1111 1843 honore
1141 1801 1278 1841 cum
1314 1800 1384 1840 eo
1406 1785 1510 1856 qui
1540 1785 1789 1853 genuit?

2143 549 2289 610 λάκις
2341 549 2566 622 ῥηθῆναι
2617 548 2705 616 μὶν
2759 543 2835 596 ἐπ’
2897 543 3080 609 αλλων,
3150 542 3487 615 πληρωθῆναι
3544 536 3601 591 δὲ
3661 537 3747 611 ἐφ’

2143 637 2365 709 ἐτέρων·
2399 638 2463 695 ὡς
2540 637 2598 687 τὸ
2682 631 2763 685 ἐπὶ
2840 640 2932 685 τοῦ
2999 635 3200 705 Συμεὼν
3277 636 3367 682 καὶ
3444 636 3533 682 τοῦ
3612 629 3750 680 Λευὶ

2140 726 2311 799 ῥηθὲν,
2386 726 2465 777 ὅτι
2517 730 2773 798 Διαμεριῶ
2831 722 3014 783 αὐτοὺς
3065 721 3116 773 ἐν
3170 719 3374 785 Ἰακώϐ,
3430 722 3521 771 καὶ
3579 714 3675 769 δια
3729 732 3743 746 '

2143 822 2315 889 σπερώ
2367 814 2551 873 αὐτοὺς
2598 812 2646 864 ἄν
2689 811 2923 884 Ἰσραήλ.
2980 815 3081 865 Καὶ
3134 812 3232 884 γὰρ
3292 808 3375 861 ἐπὶ
3430 816 3529 860 τῶν
3582 806 3748 877 ἐκγό-

2138 923 2236 954 νων
2282 902 2448 955 αὐτῶν
2505 901 2670 965 ἐξέϐη.
2732 905 2831 954 Καὶ
2886 903 2943 952 τὸ
2992 900 3077 951 ἐπὶ
3128 906 3219 951 τοῦ
3268 896 3449 951 Ἰακὼϐ
3502 893 3560 948 δὲ
3599 895 3750 969 εἰρη-

2140 995 2307 1065 μένον,
2370 992 2451 1042 ὅτι
2523 994 2672 1043 Γίνου
2756 992 2936 1065 κύριος
3008 995 3100 1041 τοῦ
3171 984 3393 1060 ἀδελφοῦ
3467 1005 3582 1051 σου,
3644 989 3746 1037 καὶ

2139 1080 2656 1153 προσκυνησάτωσάν
2766 1097 2822 1130 σε
2922 1079 3030 1130 υἱοὶ
3138 1084 3231 1129 τοῦ
3339 1079 3531 1147 πατρός
3617 1093 3746 1143 σου,

2140 1169 2234 1221 οὐκ
2263 1168 2340 1221 ἐπ’
2382 1170 2542 1220 αὑτοῦ
2597 1167 2734 1229 τέλος
2778 1169 2906 1238 ἔσχε
2937 1183 2951 1197 °
2984 1173 3093 1227 πῶς
3138 1168 3264 1239 γὰρ,
3303 1172 3395 1216 τοῦ
3440 1159 3751 1225 δεδοικότος

2766 1097 2822 1130 σε
2922 1079 3030 1130 υἱοὶ

2140 1262 2229 1309 καὶ
2304 1261 2576 1331 τρέμοντος
2659 1260 2747 1307 καὶ
2830 1257 3081 1327 μυριάκις
3158 1260 3567 1328 προσκυνοῦντος
3650 1256 3748 1305 τὸν

2142 1337 2374 1417 ἀδελφὸν
2417 1345 2578 1397 αὐτοῦ
2654 1348 2741 1397 τὸν
2797 1343 2966 1396 ’Πσαῦ
3000 1360 3014 1410 ;
3051 1342 3156 1395 ἀλλ’
3206 1342 3289 1395 ἐπὶ
3352 1351 3451 1394 τῶν
3524 1341 3750 1413 ἐκγόνων

2142 1434 2322 1489 αὐτοῦ.
2354 1439 2453 1487 Καὶ
2481 1437 2539 1485 τό
2570 1436 2715 1508 παρὰ
2766 1440 2857 1484 τοῦ
2906 1439 3019 1485 Νῶε
3051 1429 3110 1485 δε
3153 1431 3336 1503 λεχθὲν
3380 1430 3463 1483 ἐπὶ
3508 1438 3599 1483 τοῦ
3629 1438 3750 1484 Χα-

2140 1524 2288 1589 ναὰν,
2348 1521 2431 1574 ἐπὶ
2487 1530 2586 1574 τῶν
2642 1522 2863 1593 ἐκγονων
2930 1520 3092 1572 αὐτοῦ
3162 1519 3513 1593 πεπλήρωται.
3588 1520 3749 1571 Οὕτω

2144 1608 2211 1669 δή
2273 1610 2539 1663 κάνταῦθα
2610 1610 2838 1682 λέγομεν.
2898 1614 2988 1671 Τίς
3044 1611 3143 1682 γὰρ
3226 1608 3561 1680 ἀληθέστερος
3619 1612 3750 1670 Υἱὸς

2145 1707 2277 1753 Θεοῦ
2311 1718 2324 1766 ;
2356 1702 2382 1751 ό
2413 1704 2499 1751 τὸν
2530 1704 2737 1771 μόσχον
2772 1703 3160 1771 προσκυνήσας,
3213 1701 3301 1749 καὶ
3347 1696 3593 1757 τελεσθεὶς
3621 1700 3746 1766 (50)

2141 1796 2211 1857 τῷ
2238 1788 2542 1862 Βεελφεγώρ,
2590 1792 2680 1839 καὶ
2731 1789 2894 1847 θύσας
2940 1790 3061 1847 τοὺς
3111 1788 3255 1847 υἱοὺς
3304 1786 3463 1837 αὐτοῦ
3510 1789 3598 1837 καὶ
3645 1804 3749 1846 τας

390 1881 671 1952 θυγατέρας
700 1884 810 1937 τοῖς
841 1873 1153 1947 δαιμονίοις,
1186 1875 1215 1931 ἢ
1248 1876 1273 1925 ό
1314 1877 1467 1945 φύσει
1498 1878 1618 1935 Υίός
1650 1878 1738 1926 καὶ
1769 1876 2017 1947 ὁμότιμος
2047 1884 2117 1946 τῷ
2143 1879 2511 1948 γεγεννηκότι;

459 1970 500 2037 οξ-
531 1968 651 2022 Hoc
681 1966 755 2021 de
793 1966 919 2036 ipso
962 1963 1203 2035 quidem
1234 1962 1413 2018 Israel
1452 1962 1684 2028 dicitur,
1727 1968 1790 2019 ut
1827 1964 2036 2020 asserit
2070 1965 2113 2020 B

388 2057 692 2127 Nyssenus
718 2071 732 2120 ;
765 2068 972 2109 verum
1005 2052 1065 2107 in
1096 2050 1295 2107 multis
1326 2050 1759 2121 exemplaribus
1785 2067 1906 2107 non
1932 2052 2036 2108 ha-

387 2142 578 2211 betur,
602 2146 731 2214 post
758 2140 1131 2214 publicatum
1158 2139 1424 2196 Videlicet
1452 2139 1854 2211 Evangelium,
1885 2155 1919 2196 a
1944 2142 2038 2196 Ju-

389 2232 536 2288 dmis
556 2233 865 2305 rejectum.

726 2320 875 2375 CAP.
914 2320 981 2375 II.
1021 2321 1109 2375 De
1144 2318 1345 2390 pueris
1377 2317 1720 2387 inter/actis.

463 2412 620 2465 Vers.
656 2410 739 2464 16.
766 2409 924 2464 Tunc
948 2407 1202 2464 Herodes
1230 2437 1296 2446 —
1322 2407 1520 2462 valde.
1544 2407 1723 2477 Tunc,
1752 2406 1993 2478 quando
2013 2407 2041 2461 ?

392 2500 723 2571 Postquam
752 2496 1045 2565 videlicet,
1075 2496 1177 2568 qui
1208 2496 1347 2550 Jesu
1383 2510 1590 2551 curam
1629 2495 1945 2561 habebant,
1980 2494 2041 2549 in

390 2589 709 2659 Egyptum
755 2587 1051 2656 fugerunt.
1098 2586 1289 2655 Usque
1339 2583 1417 2639 ad
1461 2584 1520 2638 id
1565 2583 1726 2639 enim
1763 2583 2042 2655 temporis

392 2678 546 2733 circa
572 2691 746 2732 curas
789 2674 938 2731 alias
976 2677 1300 2745 occupatus
1338 2672 1449 2728 fuit
1494 2674 1748 2728 Herodes
1794 2690 1807 2728 :
1859 2687 2043 2728 uxore

389 2765 637 2838 propria
666 2781 734 2820 ac
776 2763 909 2819 ﬁliis
945 2761 1321 2818 molientibus
1351 2765 1558 2817 contra
1587 2777 1724 2817 eum
1749 2761 1992 2816 insidias
2027 2776 2039 2815 :

395 2855 598 2927 sicque
628 2856 930 2924 Magorum
959 2851 1179 2908 oblitus
1202 2853 1346 2906 erat.
1367 2850 1429 2904 Id
1459 2854 1658 2906 autem
1680 2849 1883 2907 divina
1908 2851 2044 2906 Pro-

392 2942 657 2998 videntia
676 2941 900 2998 factum
930 2944 1035 3005 est,
1071 2939 1213 2995 utin
1238 2941 1491 3010 [Egypto
1516 2954 1663 3010 puer
1687 2944 2040 2995 servaretur.

397 3029 547 3101 Magi
575 3030 776 3101 itaque
798 3027 1010 3098 angelo
1032 3027 1365 3083 obedientes
1381 3027 1604 3082 reversi
1625 3032 1760 3082 sunt
1784 3046 1795 3086 :
1823 3027 1925 3083 sed
1947 3027 2044 3083 hic

397 3116 653 3174 illusisse
684 3117 799 3172 sibi
827 3115 1089 3181 credidit,
1122 3115 1266 3188 quia
1293 3130 1415 3171 non
1436 3115 1865 3181 indicaverant,
1900 3115 2049 3173 sicut

397 3207 812 3280 promiserant.
864 3205 1134 3278 Oportuit
1183 3208 1384 3261 autem
1416 3220 1537 3260 non
1585 3204 1777 3271 irasci,
1830 3205 1933 3261 sed
1982 3205 2048 3260 ti-

2219 1965 2399 2035 [Τοῦτο
2450 1964 2561 2035 (51)
2613 1969 2703 2015 τοῦ
2751 1961 2893 2020 Ἰωήλ
2949 1963 3063 2033 (52)
3108 1966 3198 2034 μέν
3252 1960 3412 2030 ἐστιν,
3460 1963 3527 2023 ὡς
3565 1962 3589 2013 ό
3622 1961 3747 2033 (53)

2142 2056 2360 2113 Νύσσης
2409 2052 2545 2123 λέγει
2578 2069 2590 2082 ·
2626 2051 2675 2103 ἐν
2722 2051 2927 2113 πολλοῖς
2988 2047 3047 2104 δε
3097 2060 3195 2102 τῶν
3264 2050 3586 2124 ἀντιγράφων
3633 2050 3748 2121 οὐχ

2146 2143 2379 2216 εὕρηται,
2410 2140 2531 2213 παρ’
2587 2138 2858 2194 Ἰουδαίων
2914 2138 3175 2205 ἐκϐληθεν,
3243 2141 3369 2211 μετὰ
3416 2142 3473 2191 τὸ
3506 2139 3748 2211 Εὐαγγέ-

2146 2230 2277 2304 λιον]
2290 2274 2302 2286 .

2366 2324 2510 2371 ΚΕΦ⁶
2546 2317 2614 2375 Β’.
2648 2322 2771 2389 Περὶ
2796 2325 2896 2369 τῶν
2923 2316 3285 2392 ἀναιρεθέντων
3314 2315 3542 2372 παίδων.

2218 2410 2344 2460 Τότε
2406 2403 2645 2479 Ἡρώδης
2701 2436 2772 2447 -
2820 2406 2954 2461 λίαν.
3031 2411 3174 2472 Τότε,
3252 2408 3589 2471 πότε;Μεθό
3649 2404 3754 2465 ὸη-

2148 2494 2284 2555 λαδὴ
2342 2496 2390 2548 οἰ
2444 2500 2562 2570 περὶ
2618 2498 2703 2546 τόν
2776 2495 2979 2553 Ἰησοῦν
3061 2498 3245 2567 ἔφυγον
3319 2495 3389 2557 εἰς
3464 2498 3751 2565 Αἴγυπτον.

2149 2585 2318 2659 ’Ἄχρι
2364 2587 2465 2658 γὰρ
2508 2587 2620 2636 τότε
2693 2588 2810 2655 περὶ
2878 2580 3157 2658 φροντίδας
3209 2584 3382 2659 ἐτέρας
3441 2585 3465 2635 ό
3514 2579 3755 2658 Ἡρώδης

2154 2673 2557 2746 ἀσχολούμενος,
2593 2669 2678 2723 οἶα
2706 2680 2799 2734 τῆς
2846 2675 3090 2743 γυναικὸς
3134 2673 3290 2725 αὐτοῦ
3344 2677 3432 2724 καὶ
3481 2679 3580 2724 τῶν
3627 2675 3751 2723 παί-

2154 2759 2278 2829 δων,
2344 2764 2811 2832 συσκευασαμένων
2889 2760 3164 2819 ἐπιϐουλὴν
3235 2760 3347 2812 κατ’
3405 2760 3580 2825 αὐτοῦ,
3649 2768 3752 2811 τῶν

2151 2852 2346 2921 Μάγων
2403 2848 2691 2914 ἐπελάθετο,
2725 2850 2859 2901 κατὰ
2913 2850 3049 2901 θείαν
3103 2854 3363 2922 πρόνοιαν,
3428 2850 3508 2900 ἶνα
3553 2844 3755 2900 διασω-

2156 2942 2216 3011 θῇ
2260 2939 2327 2999 εἰς
2358 2940 2619 3008 Δῖγυπτον
2651 2942 2707 2990 τὸ
2758 2934 2990 2992 παιδίον.
3039 2941 3105 2990 Οἱ
3154 2942 3241 3011 μὲν
3290 2934 3377 2990 οὖν
3433 2940 3623 3009 Μάγοι,
3677 2943 3753 3005 τῷ

2155 3027 2353 3100 ἀγγελῳ
2414 3029 2725 3096 πεισθέντες,
2797 3026 3179 3101 ἀνεχώρησανο
3213 3028 3363 3090 οὗτος
3436 3023 3495 3079 δε
3564 3024 3751 3077 ὑπελαο

2156 3116 2257 3182 ϐεν,
2317 3118 2395 3168 ὅτι
2445 3115 2708 3177 ἐνέπαιξαν
2758 3116 2916 3186 αὐτῷ,
2967 3121 3038 3187 μή
3099 3118 3438 3188 μηνύσαντες,
3495 3118 3562 3175 ὡς
3621 3116 3755 3167 ὑπέ-

2160 3224 2373 3275 σχοντο.
2434 3200 2580 3257 Ἔδει
2639 3200 2697 3256 δὲ
2761 3209 2832 3276 μὴ
2905 3206 3227 3276 θυμωθῆναι,
3286 3203 3411 3257 ἀλλά
3463 3202 3757 3276 φοϐηθῆναι

399 3310 561 3351 mere
606 3298 663 3351 et
698 3294 973 3366 cogitare,
1005 3291 1170 3366 quod
1200 3291 1422 3348 frustra
1464 3293 1833 3363 diligentiam
1883 3292 2039 3348 adhi-

2158 3299 2245 3347 καὶ
2276 3289 2526 3361 συνιδεῖν,
2575 3294 2652 3344 ὅτι
2698 3294 2868 3364 μάτην
2920 3290 3154 3348 σπεύδει.
3208 3298 3307 3347 Καὶ
3355 3295 3453 3368 γὰρ
3495 3297 3583 3344 καὶ
3630 3296 3761 3366 πρό.

398 3385 573 3441 heret.
618 3384 847 3440 Etenim
896 3383 1062 3454 prius
1110 3397 1353 3454 quoque
1402 3381 1673 3438 audierat
1713 3400 1725 3437 :
1782 3398 1818 3438 a
1862 3382 2049 3451 Magis

399 3473 662 3545 quidem,
695 3472 857 3544 quod
885 3470 1051 3526 stella
1101 3475 1311 3525 natum
1350 3485 1488 3525 eum
1526 3469 1963 3539 signiﬁcasset:
2015 3484 2051 3525 a

400 3561 773 3632 pontiﬁcibus
803 3564 1001 3615 autem
1034 3561 1091 3612 et
1137 3557 1361 3627 scribis,
1411 3559 1575 3629 quod
1626 3558 1926 3629 prophetae
1976 3557 2050 3614 de

401 3650 502 3705 illo
527 3647 943 3719 praedixerant.
987 3646 1115 3716 Ipse
1146 3650 1347 3699 tamen
1374 3644 1637 3701 maxime
1685 3645 2047 3712 insaniebat,

403 3740 465 3791 ut
534 3734 780 3790 tandem
831 3732 960 3803 ejus
1035 3732 1447 3788 ostenderetur
1518 3732 1747 3789 malitia
1806 3750 1877 3791 ac
1954 3734 2052 3790 de-

402 3822 648 3880 mantia.

472 3911 639 3967 Vers.
672 3908 760 3963 16.
790 3908 871 3964 Et
896 3939 963 3949 —
991 3923 1028 3964 a
1056 3908 1256 3980 Magis.
1287 3906 1427 3964 Hinc
1458 3908 1588 3964 ausi
1629 3914 1765 3965 sunt
1804 3910 2055 3983 quidam

402 3998 617 4065 dicere,
641 3996 930 4054 Christum
964 3996 1149 4053 fuisse
1178 3996 1437 4052 duorum
1472 4011 1787 4066 annorum,
1808 3999 2054 4071 quando

404 4106 441 4145 a
467 4087 646 4158 Magis
670 4085 951 4141 adoratus
980 4090 1082 4153 est,
1113 4089 1169 4142 et
1195 4083 1425 4142 stellam
1448 4088 1712 4157 tempore
1738 4088 2054 4144 nativitatis

403 4177 532 4249 ejus
563 4174 887 4247 aperuisse,
920 4174 1193 4245 duosque
1216 4188 1405 4229 annos
1434 4173 1495 4229 in
1520 4174 1725 4231 itinere
1745 4175 2054 4247 Magorum

404 4267 797 4336 consumptos
854 4276 1005 4318 esse.
1060 4261 1507 4333 Chrysostomus
1554 4278 1697 4319 vero
1757 4264 2054 4320 silentium

402 4353 657 4427 imponit
684 4353 813 4409 haec
847 4349 1267 4407 astruentibus.
1320 4350 1633 4417 Quomodo
1667 4352 1825 4408 enim
1860 4354 2053 4409 verisi-

401 4442 541 4499 mile
582 4444 758 4509 esset,
789 4439 864 4496 ad
896 4439 1155 4496 duorum
1180 4444 1417 4511 tempus
1458 4455 1753 4496 annorum
1791 4441 1920 4497 illos
1950 4442 2056 4498 iter

402 4531 631 4598 fecisse,
664 4529 897 4587 etiamsi
926 4544 1031 4601 per
1054 4535 1256 4598 gentes
1280 4528 1533 4600 locaque
1563 4533 1843 4587 extranea
1868 4530 2056 4586 venis-

2154 3402 2298 3457 τερον
2355 3386 2548 3440 ἤκουσε
2598 3384 2741 3456 παρὰ
2790 3385 2879 3451 μεν
2923 3391 3021 3434 τῶν
3072 3386 3280 3454 Μάγων,
3323 3383 3402 3435 ὅτι
3455 3380 3621 3455 ἀστήρ
3669 3385 3759 3433 τὸν

2155 3473 2461 3543 γεννηθέντα
2516 3476 2776 3542 μεμήνυκε
2818 3488 2830 3500 ·
2863 3474 3007 3544 παρὰ
3063 3468 3122 3524 δὲ
3170 3480 3268 3523 τῶν
3328 3470 3613 3545 ἀρχιερέων
3668 3474 3760 3522 καὶ

2158 3564 2525 3633 Γραμματέων,
2578 3560 2659 3611 ὅτι
2716 3567 2980 3633 προφῇται
3052 3564 3168 3634 περὶ
3244 3560 3403 3612 αὐτοῦ
3469 3565 3765 3630 «postumi-

2158 3668 2321 3707 νησαν
2352 3666 2362 3678 ·
2393 3650 2418 3700 ό
2451 3644 2508 3700 δε
2540 3647 2773 3719 μάλιστα
2823 3654 3077 3720 μαίνεται,
3132 3652 3218 3702 ἵνα
3271 3645 3463 3721 δειχθῇ
3515 3647 3679 3700 τέλεον
3724 3649 3757 3705 ἠ

2159 3742 2384 3810 πονηρία
2410 3742 2501 3790 καὶ
2526 3737 2677 3790 οἶνοια
2704 3737 2880 3792 αὐτοῦ.

2235 3914 2335 3963 Καὶ
2386 3940 2455 3952 —
2508 3913 2651 3984 παρὰ
2707 3918 2805 3962 τῶν
2883 3913 3097 3983 Μάγων.
3159 3910 3414 3965 Ἐντεῦθεν
3467 3913 3763 3984 ὁρμώμενοί

2161 4018 2289 4060 τινες
2339 3996 2496 4067 εἶπον,
2548 3997 2645 4052 δύο
2694 4000 2937 4052 ἐνιαυτῶν
2995 4007 3121 4053 εἶναι
3182 4004 3267 4052 τόν
3311 4004 3559 4073 Χριστὸν,
3631 4002 3766 4059 ὁπη-

2161 4092 2281 4140 νίκα
2327 4090 2426 4141 ὑπό
2488 4097 2585 4140 τῶν
2640 4090 2833 4159 Μάγων
2914 4091 3302 4161 προσεκυνήθη.
3373 4096 3595 4147 Φανῆναι
3669 4093 3761 4161 μὲν

2162 4178 2262 4251 γὰρ
2294 4180 2377 4228 τὸν
2410 4175 2603 4249 ἁστέροί
2644 4177 2752 4249 ἅμα
2794 4185 2854 4249 τῇ
2901 4183 3137 4248 γεννήσει
3181 4179 3360 4244 αὐτοῦ,
3405 4184 3521 4239 τοὺς
3572 4174 3671 4230 δύο
3703 4175 3764 4231 δε

2162 4264 2421 4326 ἐνιαυτοὺς
2477 4264 2800 4323 ἀναλωθῆναι
2838 4268 2973 4318 κατὰ
3021 4271 3114 4325 τήν
3163 4275 3261 4318 τῶν
3316 4270 3506 4339 Μάγων
3551 4263 3763 4320 ὁδοιπο-

2162 4356 2298 4425 ρίαν.
2366 4352 2422 4406 Ὀ
2499 4350 2558 4407 δὲ
2623 4359 2995 4429 Χρυσόστομος
3068 4357 3185 4427 (54)
3253 4356 3581 4428 ἐπιστομίζει
3647 4360 3768 4416 τοὺς

2162 4441 2297 4493 οὕτω
2321 4441 2573 4513 λέγοντας.
2628 4450 2739 4503 Πῶς
2787 4446 2884 4519 γὰρ
2920 4441 2979 4501 ἦν
3027 4445 3173 4511 εἰκὸς,
3225 4442 3369 4504 διετῆ
3426 4450 3617 4519 χρόνον
3677 4446 3766 4497 αὕ-

2161 4533 2279 4590 τοὺς
2335 4528 2547 4595 ὁδεύειν,
2597 4531 2640 4584 εἰ
2682 4537 2770 4584 καὶ
2815 4529 2889 4585 δι’
2939 4532 3094 4585 ἐθνῶν
3141 4538 3227 4587 καὶ
3269 4539 3436 4587 τόπων
3486 4532 3764 4591 ἀσυνήθων

404 4617 583 4674 sent?
621 4621 749 4684 Qua
787 4617 968 4674 etiam
1006 4632 1204 4680 causa,
1244 4616 1345 4688 qui
1389 4617 1593 4673 Christi
1634 4634 1840 4675 curam
1874 4618 2039 4675 habes

2164 4615 2407 4680 ἐϐάδιζον
2441 4624 2623 4689 ;Τίνος
2670 4619 2728 4673 di
2772 4626 2860 4674 καὶ
2912 4624 3073 4694 χάριν
3128 4625 3177 4675 οἱ
3230 4628 3346 4697 περὶ
3393 4626 3479 4675 τὸν
3528 4627 3765 4695 Χριστὸν

402 4705 571 4771 bant,
597 4704 830 4762 duobus
848 4706 1019 4761 annis
1036 4704 1096 4759 in
1130 4704 1419 4760 Bethleem
1442 4706 1903 4777 permansissent
1923 4713 2056 4778 post

404 4810 676 4860 censum,
703 4793 875 4864 cujus
901 4792 1089 4863 gratia
1118 4807 1188 4847 eo
1218 4798 1494 4850 venerant
1520 4794 1547 4849 ‘2
1578 4796 1691 4851 Sed
1716 4796 1857 4852 dicit
1889 4800 2075 4871 tanto.

404 4887 661 4957 tempore
691 4881 923 4939 stellam
948 4883 1124 4939 antea
1151 4883 1517 4953 apparuisse,
1552 4888 1778 4955 quanto
1808 4889 2056 4956 possent

488 5058 534 5099 ⁸³
563 5059 710 5119 Gen.
746 5073 903 5125 XLIX,
934 5058 987 5127 7,
1065 5057 1115 5096 “
1147 5057 1268 5118 Gen
1298 5073 1480 5128 xxvn,
1515 5059 1604 5115 29.

2166 4704 2262 4760 δύο
2324 4708 2590 4771 ἐνιαυτοὺς
2642 4709 2842 4782 ἔμελλον
2922 4708 3158 4783 ἐνδημεῖν
3221 4721 3284 4785 τῇ
3342 4712 3585 4783 Βηθλεὲμ,
3635 4714 3767 4783 μετά

2161 4802 2256 4855 τήν
2301 4797 2629 4870 ἀπογραφὴν,
2661 4800 2724 4860 ἧς
2767 4801 2929 4870 χάριν
2978 4800 3130 4857 ἦλθον
3164 4800 3310 4869 ἐκεῐ;
3349 4800 3499 4853 Ἀλλὰ
3540 4809 3765 4873 φανῆναι

2164 4889 2254 4959 μὲν
2288 4890 2373 4939 τόν
2422 4888 2617 4958 άστέρα
2666 4890 2765 4963 πρὸ
2808 4888 2918 4959 (55)
2979 4893 3196 4963 χρόνου,
3258 4887 3331 4943 δι’
3378 4892 3502 4944 ὅσον
3562 4890 3767 4962 ἔμελλον

1602 5182 1827 5251 Variae
1853 5182 2184 5253 lectiones
2227 5193 2291 5254 et
2320 5194 2525 5255 notae.

476 5381 588 5457 (50)
620 5381 901 5457 Chrys.
935 5377 1071 5457 XII1
1090 5377 1305 5457 Pligz'i.
1576 5378 1861 5457 Βεελφεγὼρ
1892 5378 2061 5433 τελοὺ-

403 5434 761 5529 unicis:
935 5450 999 5504 D.
1140 5434 1425 5529 ἰξεελφεγωρ
1457 5434 1818 5529 ξτξλέσθηοάν.

500 5518 586 5599 5i)
614 5518 849 5581 Inclusa
868 5522 937 5599 in
991 5518 1478 5599 margi_ne_‘.hab_e_t
1505 5520 1571 5599 ᾼ.

500 5527 586 5599 51)
614 5527 849 5581 Inclusa
873 5527 937 5579 in
991 5527 1260 5589 margine
1296 5527 1478 5577 habet
1505 5527 1571 5575 A.

474 5527 589 5676 £52)
639 5595 958 5657 Hentenius
997 5607 1107 5667 pro
1157 5590 1323 5661 Ἰωήλ,
1373 5590 1601 5651 videtur
1646 5592 1879 5667 legisse,
1927 5592 2053 5663 Ἰήλ,

2168 5379 2231 5437 id
2252 5383 2349 5455 est
2373 5380 2601 5455 Ἰσραήλ.

2266 5454 2357 5525 53)
2395 5451 2708 5524 Gregorius
2736 5451 3063 5525 Nyssenus.

2262 5524 2351 5596 54)
2390 5525 2554 5596 Tom.
2590 5525 2699 5589 VII,
2729 5524 3020 5596 pagJOﬁB,
3049 5529 3114 5580 A.

2259 5594 2348 5668 55)
2389 5594 2584 5650 Πολλοῦ
2647 5594 2813 5655 addit
2864 5594 2906 5654 l.
2951 5595 2990 5653 l.
3048 5597 3329 5669 Chrysost
3380 5598 3550 5655 Forte
3584 5602 3771 5659 τόσου.
