3976 6222
243 313 327 374 153
1148 311 1516 373 COMMENT.
1559 312 1630 367 IN
1665 313 1748 369 ΜΔ

1874 311 2104 369 ἹᾸΕΗΜ.
2144 343 2213 353 -
2251 311 2406 368 CAP.
2438 309 2506 365 II.

3412 296 3513 354 154

233 439 454 502 ὁδεύοντες
496 441 692 512 φθάσαι,
776 446 869 494 καὶ
918 440 1199 498 ἐπιστῆναι
1255 440 1448 492 αὐτίκα
1497 440 1748 510 γεννηθέν-

1874 438 1954 495 illi
1998 437 2336 509 gradientes
2375 433 2685 510 pervenire
2718 451 2732 490 :
2767 435 3086 505 statimque
3115 429 3251 486 nato
3283 424 3513 484 Christo

230 550 272 582 τι
314 540 371 600 τῷ
412 538 604 603 Χριστῷ.
657 532 752 582 Διά
791 537 949 581 τοῦτο
1005 531 1106 604 γὰρ
1157 526 1432 600 προέλαϐεν
1479 529 1505 579 ὁ
1571 525 1761 600 ἀστὴρ,

231 621 298 669 ἵνα
329 621 563 690 φθάσαντες
602 619 824 691 εὑρωσιν
880 618 1034 670 αὐτὸν
1085 616 1132 668 ἐν
1200 618 1538 692 σπαργάνοις.
1596 623 1761 668 Τοῦτο

221 709 304 780 γὰρ
341 704 387 763 ἦν
421 710 468 758 τό
492 703 812 778 παράδοξον.
864 705 1027 759 "uota
1055 702 1272 773 ἄδηλον,
1306 708 1405 758 εἶτε
1445 704 1589 756 οὗτοι
1652 706 1752 777 πρὸ

218 802 297 846 τῶν
337 798 571 865 ποιμένων,
646 798 748 846 εἴτε
805 797 907 869 πρὸ
979 797 1170 846 τούτων
1224 795 1273 845 οἱ
1328 797 1564 866 ποιμένες
1624 788 1762 844 εἶδον

215 888 281 935 τὸν
319 887 532 957 Χριστὸν.
583 882 864 961 Ὀπότερον
934 885 1035 958 γὰρ
1098 884 1159 934 ἄν
1213 885 1397 949 εἴποις,
1459 877 1759 942 ἀκινδύνως

209 991 325 1042 ιριις.

263 1060 310 1113 Εἰ
339 1055 391 1113 δί
433 1057 526 1113 ἀπὸ
571 1058 784 1124 διετοῦς
831 1066 923 1114 καὶ
982 1065 1251 1135 κατωτέρω
1303 1064 1420 1122 τοὺς
1475 1057 1674 1122 παῖδας
1731 1063 1755 1112 ό

199 1141 397 1219 Ἡρώδης
447 1147 664 1222 ἀναιρεῖ,
724 1155 799 1223 μὴ
874 1152 1170 1222 θαυμάσῃς.
1240 1149 1566 1203 Ὑπώπτεύσε
1628 1151 1752 1223 γὰρ,

194 1241 251 1309 μὴ
297 1237 424 1298 εὐθὺς
484 1239 741 1311 ὁραθῆναι
793 1242 880 1290 τὸν
938 1240 1134 1313 ἀστέρα
1188 1240 1297 1300 τοῖς
1355 1241 1580 1309 Μάγοις,
1643 1229 1754 1289 ἀλλ’

194 1325 293 1385 im;
332 1325 613 1396 προλαϐεῖν,
675 1332 766 1380 καὶ
826 1324 919 1380 διὰ
985 1335 1154 1393 τοῦτο,
1229 1326 1514 1398 ἀσφαλείας
1569 1327 1751 1395 ἕνεκεν,

193 1412 394 1467 ἐπλάτυνὲ
441 1435 494 1468 τι
535 1421 624 1468 τὸν
682 1420 887 1491 καιρὸν,
941 1422 1030 1468 καὶ
1087 1420 1249 1490 μέχρι
1302 1425 1400 1469 τῶν
1456 1417 1608 1490 ὁρίων
1662 1424 1753 1475 τῆς

190 1504 376 1575 Βηθλεὲμ
417 1508 499 1557 τόν
562 1509 716 1576 φόνον
771 1503 997 1569 ἐξέτεινε,
1057 1505 1137 1556 ἱνα
1189 1503 1474 1576 συγκλιίσῃ
1549 1523 1750 1556 παντα-

185 1594 314 1661 χόθεν
347 1597 399 1643 τό
437 1595 671 1665 θήραμα,
724 1599 816 1645 καὶ
869 1601 941 1664 τῷ
990 1592 1168 1651 πλήθει
1223 1602 1322 1645 τῶν
1371 1591 1750 1667 ἀναιρουμένων

192 1680 399 1752 manili;
463 1687 554 1732 καὶ
625 1701 714 1733 τον
771 1684 1021 1756 Χριστὸν.
1075 1686 1174 1735 Καὶ
1222 1685 1339 1742 τοὺς
1398 1683 1487 1754 μὲν
1564 1678 1752 1743 διετεῖς

1872 529 2154 585 adfuisse.
2177 528 2424 600 Propter
2434 526 2549 582 hoc
2562 524 2720 581 enim
2737 523 2905 579 stella
2921 528 3154 592 tempus
3169 512 3516 586 anticipavit

1874 622 1933 672 ut
1955 617 2405 688 praevenientes,
2433 615 2493 670 in
2522 614 2717 670 fasciis
2764 628 2903 668 eum
2955 609 3306 667 invenirent.
3363 605 3512 658 Nam

1870 705 1998 761 haec
2052 721 2147 762 res
2206 710 2329 760 erat
2377 704 2551 776 plena
2629 701 2912 774 mysterii.
2970 702 3258 756 Incertum
3314 693 3511 764 igitur,

1870 794 2213 850 venerintne
2269 794 2330 848 hi
2383 797 2516 848 ante
2568 795 2857 863 pastores,
2908 805 2985 846 an
3044 791 3309 859 pastores
3376 785 3513 838 ante

1867 882 2035 954 ipsos
2066 899 2077 936 :
2112 883 2400 938 utrumvis
2439 880 2593 937 enim
2626 879 2863 945 dixeris,
2899 893 3101 933 secure
3130 875 3324 931 dicere
3352 875 3511 944 pote-

1867 971 1968 1026 ris.

1939 1059 2110 1125 Quod
2137 1060 2184 1114 si
2214 1075 2246 1114 a
2266 1059 2494 1115 bimatu
2519 1061 2576 1114 et
2599 1056 2752 1113 infra
2777 1055 2956 1127 jussit
2993 1052 3253 1109 Herodes
3296 1063 3513 1122 pueros

1864 1147 2142 1213 interimi,
2175 1163 2249 1202 ne
2279 1146 2538 1203 mireris:
2569 1144 2990 1217 suspicabatur
3018 1142 3197 1206 enim,
3232 1154 3355 1195 non
3394 1141 3513 1194 sta-

1863 1237 1966 1294 tim
1981 1236 2332 1309 apparuisse
2355 1236 2535 1308 Magis
2564 1234 2816 1302 stellam,
2833 1232 2938 1288 sed
2962 1230 3230 1287 fortassis
3257 1243 3512 1300 puerum

1863 1329 1998 1381 ante
2011 1326 2139 1396 ejus
2151 1323 2581 1397 apparitionem
2593 1326 2801 1378 natum
2813 1322 3015 1376 fuisse.
3037 1319 3168 1374 ldeo
3183 1316 3512 1373 securitatis

1861 1428 2036 1469 causa
2055 1417 2285 1484 tempus
2297 1412 2472 1468 antici
2480 1411 2665 1482 pavit,
2680 1414 2737 1466 et
2758 1425 2947 1481 usque
2965 1408 3042 1464 ad
3057 1407 3201 1462 ﬁnes
3215 1404 3510 1460 Bethleem

1861 1501 2089 1558 caedem
2152 1500 2431 1566 extendit,
2485 1503 2548 1555 ut
2598 1499 2880 1570 undique,
2937 1497 3094 1568 quod
3160 1493 3508 1557 venabatur,

1861 1589 2254 1654 concluderet,
2283 1594 2338 1644 et
2362 1603 2481 1645 una
2506 1603 2640 1643 cum
2662 1586 3106 1642 interfectorum
3135 1580 3511 1639 multitudine

1860 1679 2040 1736 etiam
2065 1677 2362 1734 Christum
2402 1676 2775 1732 interﬁceret.
2805 1675 2918 1730 Eos
2947 1688 3109 1741 ergo,
3156 1671 3263 1744 qui
3302 1669 3511 1726 bimuli

187 1766 368 1841 ἀναιρεῖ,
419 1771 498 1822 ἱνα
528 1773 631 1842 ἔχῃ
687 1769 883 1832 πλάτος
935 1771 961 1821 ὁ
990 1759 1202 1844 χρόνος,
1247 1772 1414 1830 καθὼς
1453 1770 1745 1843 εἰρήκαμεν·

1874 1773 2045 1832 erant,
2087 1766 2320 1830 occidit,
2369 1769 2432 1820 ut
2457 1770 2695 1836 tempus
2734 1763 3187 1835 ampliationem
3244 1759 3506 1824 haberet,

184 1860 278 1915 τοὺς
320 1862 583 1930 κατωτέρω
645 1855 706 1911 δὲ
775 1862 992 1930 φονεύει,
1059 1861 1189 1911 κατά
1243 1862 1332 1911 τόν
1397 1864 1610 1932 χρόνον,
1696 1860 1748 1910 ὄν

187 1943 411 2017 ἑκρίϐωσι
458 1949 607 2018 παρὰ
646 1966 750 1999 των
796 1949 1016 2018 Μάγων.
1071 1946 1229 2000 Ὠστε
1281 1951 1370 1999 καὶ
1418 1951 1505 1998 τόν
1536 1951 1746 2020 χρόνον,

180 2035 223 2084 ὃν
265 2035 405 2104 ἔμαθε
452 2039 599 2106 παρά
657 2043 761 2087 τῶν
816 2038 1031 2106 Μάγων,
1106 2034 1346 2109 ἐτήρησε,
1423 2041 1512 2087 καὶ
1558 2035 1751 2096 πλάτος

179 2122 314 2191 ἕτερον
369 2123 520 2184 αὐτὸς
565 2125 885 2195 προσέθηκε.
938 2125 1130 2177 Λοιπὸν
1187 2120 1273 2175 οὖν
1325 2127 1406 2190 τὸ,
1467 2126 1614 2178 Κατὰ
1662 2128 1749 2176 τὸν

177 2216 354 2280 χρόνον,
425 2213 478 2262 ὃν
543 2211 815 2284 ἡκρίϐωσε
862 2215 1006 2285 παρά
1060 2219 1158 2264 τῶν
1211 2213 1425 2283 Μάγων,
1483 2217 1553 2284 μὴ
1622 2215 1750 2285 πρὸς

175 2301 220 2348 τό
264 2297 352 2350 ἀπὸ
391 2296 602 2362 διετοῦς
675 2305 896 2373 νοήσῃς,
977 2299 1104 2352 ἀλλά
1169 2303 1298 2371 πρὸς
1366 2303 1424 2352 τὸ
1481 2305 1750 2376 κατωτέρω

178 2387 411 2448 σὶνταξον.
457 2393 573 2460 Χρὴ
635 2391 738 2462 γὰρ
797 2391 930 2460 μετά
977 2393 1034 2440 τὸ
1106 2387 1204 2441 ἀπὸ
1279 2386 1482 2450 διετοῦς
1536 2390 1747 2460 στίςειν,

175 2475 264 2525 εἶτα
297 2480 350 2527 τὸ
405 2477 524 2539 ἑξῆς
569 2476 685 2528 ὁλον
741 2475 1128 2548 ἀναγινώσκειν.
1176 2477 1236 2530 Εἰ
1280 2480 1403 2551 γὰρ,
1455 2479 1524 2540 ὡς
1572 2498 1747 2550 φασιν,

173 2563 303 2631 ἔμαθε
351 2567 493 2638 παρά
539 2574 644 2616 τῶν
695 2567 891 2636 Matr/ww
949 2562 1093 2623 διετῆ
1151 2565 1490 2640 πληρωθῆναι
1537 2570 1747 2640 χρόνον,

175 2651 252 2702 οὐκ
276 2653 330 2705 οἶν
358 2651 516 2707 ἀνεῖλε
538 2657 666 2716 τούς
704 2658 1002 2726 κατωτέρω.

231 2911 498 2985 Ἀποροῦσι
533 2909 598 2966 δέ
634 2933 788 2984 τινες,
832 2909 1000 2975 διατί,
1047 2920 1139 2966 τοῦ
1188 2920 1422 2986 Χριστοῦ
1477 2911 1744 2987 φυγαδευ-

176 3000 337 3065 θέντος,
386 3003 764 3074 πιριώφθησαν
817 3004 864 3054 οἱ
931 2999 1116 3062 παῖδες
1172 2999 1371 3064 ἀδίκως
1429 3001 1537 3055 ἀντ’
1585 3003 1744 3056 αὐτοῦ

173 3096 647 3162 κατασραττόμενοι.
718 3095 855 3165 Πρός
929 3091 1013 3151 οὕς
1079 3091 1312 3164 λέγομεν,

173 3180 246 3245 μὲν
272 3180 315 3230 οἱ
341 3175 669 3250 ἀδικοῦντες,
703 3176 876 3240 οὐδεὶς
926 3176 984 3232 δὲ
1014 3181 1038 3231 ὀ
1096 3177 1456 3254 ἀδικούμενος·
1500 3188 1604 3242 Πᾶς
1645 3184 1742 3254 γὰρ

1397 3091 1476 3144 ὁτι
1568 3092 1745 3144 πολλοί

174 3263 446 3320 ἀδικεῖσθαι
494 3265 693 3335 δοκῶν,
727 3271 756 3328 ἦ
807 3265 900 3321 διὰ
945 3268 1092 3322 λύσιν
1123 3275 1322 3322 οἰκείων
1358 3270 1744 3343 ἁμαρτημάτων

173 3356 346 3426 πάσχει
386 3366 584 3422 κακῶς,
636 3363 728 3410 καὶ
780 3358 872 3410 ούκ
923 3355 1202 3425 ἀδικεῖται,
1253 3360 1297 3412 εἰ
1351 3364 1420 3433 μὴ
1473 3364 1562 3412 καὶ
1612 3359 1743 3433 μάλ-

733 3451 762 3506 ἤ
843 3444 917 3499 δι’
987 3446 1222 3522 ἀφορμὴν

169 3533 332 3602 ὁμοίως
383 3535 747 3608 εὖεργετιῐται,
824 3541 1147 3611 προσκαίρου
1207 3539 1556 3600 κακοπαθείας
1620 3537 1745 3590 αἰω-

166 3626 259 3672 νίαν
304 3621 601 3677 ἀνάπαυσιν
649 3623 1122 3697 ἀντικομιζόμενος.
1178 3630 1278 3679 Καὶ
1339 3627 1364 3678 ὁ
1409 3629 1498 3698 μὲν
1547 3621 1743 3678 ἀδικῶν

167 3705 338 3762 Murci-
389 3713 414 3763 0
467 3709 529 3765 δὲ
583 3720 756 3774 κακῶς
808 3715 1034 3785 πάσχων
1086 3714 1178 3766 ούκ
1236 3711 1523 3771 ἀδικεῖται.
1603 3714 1743 3766 Ἐπεὶ

169 3443 238 3494 λον
292 3446 654 3519 εύεργετείται·
733 3451 762 3506 ἤ
843 3444 917 3499 δι’
987 3446 1222 3520 ἀφορμὴν
1305 3451 1583 3520 στεφάνων,
1657 3453 1745 3500 καὶ

166 3803 312 3850 τοίνυν
337 3802 383 3852 οἱ
427 3797 625 3862 παῖδας
673 3802 816 3854 οὗτοι
863 3797 956 3854 διὰ
998 3802 1145 3855 λύσιν
1192 3803 1390 3855 οἰκείων
1429 3803 1744 3877 ἁμαρτημά-

166 3903 248 3935 των
287 3889 377 3940 οὐκ
425 3887 784 3963 ἀνῃρέθησαν,
817 3887 1100 3965 πρόδηλον,
1134 3893 1210 3944 ὅτι
1259 3887 1294 3944 δ
1300 3892 1331 3943 ι’
1365 3891 1599 3965 ἀφορμὴν
1633 3910 1744 3944 στε-

164 3975 311 4043 ςάνων
346 3980 664 4047 πεπόνθασι,
697 3983 787 4031 καὶ
840 3977 933 4030 ούκ
982 3975 1340 4039 ἠδικήθησαν.
1378 3979 1530 4043 Ἴσως
1571 3977 1628 4033 δὲ
1656 3984 1744 4032 καὶ

167 4059 263 4114 οὐδ’
309 4065 510 4136 ἔμελλον
551 4064 815 4125 ἀποϐῆναι
862 4072 1120 4142 χρηστοί.
1183 4069 1241 4122 Εἰ
1269 4070 1369 4142 γὰρ
1417 4072 1538 4132 τούς
1569 4068 1743 4143 ἁμαρ-

165 4151 385 4216 τοί-νοντας
435 4154 535 4206 οὐκ
591 4153 826 4208 ἐκκόπτει
892 4155 1136 4218 πολλάκις
1196 4156 1296 4210 ἀπὸ
1352 4165 1440 4220 τῆς
1503 4161 1640 4221 ζωῆς
1719 4159 1743 4209 ὁ

165 4241 293 4303 θεὸς,
369 4245 637 4314 ἀναμένων
715 4248 809 4302 τὴν
914 4243 1224 4319 ἐπίστροφην
1307 4246 1498 4314 αὐτῶν,
1575 4245 1744 4317 πολλῷ

165 4325 333 4394 μᾶλλον
376 4330 473 4381 οὐκ
519 4330 582 4382 ἂν
629 4330 974 4403 ἐριζοτόμησι
1034 4336 1153 4394 τούς
1213 4333 1483 4406 μέλλοντας
1533 4336 1744 4387 ἔσεσθαι

163 4416 398 4484 μειαλόυς
427 4418 503 4480 εἰς
553 4417 766 4494 ἀρετὴν,
807 4420 917 4472 Ούκ
965 4423 1034 4482 είς
1068 4424 1272 4495 μακρὰν
1325 4418 1384 4475 δὲ
1411 4427 1500 4475 καὶ
1551 4425 1576 4474 ὁ
1628 4443 1746 4476 παι-

1860 1856 2009 1912 sicut
2031 1854 2413 1929 praediximus
2444 1871 2457 1920 ;
2491 1853 2623 1909 illos
2661 1869 2816 1918 vero,
2867 1852 2970 1924 qui
3041 1849 3290 1906 minoris
3342 1850 3513 1903 erant

1859 1946 2067 2011 aetatis,
2087 1945 2418 2000 secundum
2435 1947 2672 2015 tempus
2690 1941 2854 2015 quod
2870 1940 3232 2012 exquisierat
3251 1954 3285 1992 a
3308 1935 3508 2004 Magis.

1857 2037 2059 2106 Itaque
2081 2039 2404 2106 ettempus,
2431 2033 2643 2106 quoda
2666 2031 2851 2100 Magis
2873 2030 3092 2095 didicit,
3136 2025 3505 2084 observavit:

1858 2127 1917 2180 et
1955 2123 2328 2179 latitudinem
2364 2123 2614 2179 alteram
2649 2122 2776 2193 ipse
2809 2119 3041 2191 adjecit.
3084 2120 3286 2174 Restat
3313 2115 3510 2186 igitur,

1861 2217 1925 2269 ut
1953 2212 2138 2268 verba
2158 2211 2287 2268 illa:
2312 2211 2654 2269 Secundum
2677 2214 2922 2278 tempus,
2937 2207 3092 2280 quod
3106 2206 3461 2278 exquisierat
3475 2217 3514 2259 a

1858 2302 2071 2372 Magis,
2095 2316 2218 2358 non
2235 2300 2295 2356 in
2314 2316 2404 2366 eo,
2419 2299 2584 2373 quod
2607 2299 2841 2368 dicitur,
2863 2314 2899 2354 a
2915 2299 3160 2360 bimam,
3184 2293 3510 2363 intelligas;

1860 2391 1966 2447 sed
1995 2391 2055 2448 in
2088 2406 2179 2459 eo,
2222 2390 2388 2461 quod
2409 2388 2666 2453 additur,
2709 2393 2762 2444 et
2812 2387 2998 2458 infra.
3054 2387 3294 2457 Oportet
3351 2381 3512 2439 enim

1858 2485 1989 2550 post
2046 2481 2126 2547 id,
2178 2479 2344 2553 quod
2397 2479 2622 2545 dicitur,
2689 2494 2726 2535 a
2780 2478 3025 2541 bimam,
3072 2475 3515 2531 distinctionem

1859 2583 2094 2640 ponere,
2122 2567 2339 2624 deinde
2370 2571 2560 2624 totum
2603 2564 2769 2638 quod
2794 2564 3060 2638 sequitur
3091 2561 3271 2618 simul
3301 2559 3511 2630 legere.

1859 2659 1918 2714 Si
1935 2659 2118 2728 enim,
2137 2657 2284 2713 sicut
2306 2656 2533 2723 dicunt,
2548 2655 2808 2712 duorum
2833 2669 3131 2710 annorum
3157 2657 3391 2722 tempus
3413 2665 3510 2705 ex-

1858 2747 2087 2820 pletum
2104 2762 2238 2804 esse
2264 2745 2589 2812 didicisset,
2613 2759 3003 2818 nequaquam
3018 2758 3123 2800 eos
3142 2738 3509 2814 perdidisset,

1857 2835 1965 2909 qui
1996 2835 2240 2892 minoris
2272 2838 2442 2892 erant
2471 2834 2686 2891 aetatis.

1927 2925 2216 2981 Dubitant
2235 2928 2434 2981 autem
2463 2924 2722 2996 quidam,
2747 2938 2935 2996 quam
2967 2921 3047 2979 ob
3078 2933 3348 2986 causam,
3373 2931 3512 2973 cum

1857 3014 2128 3070 Christus
2141 3013 2340 3082 fugam
2356 3013 2468 3070 arri
2476 3013 2925 3085 puisset,curam
2939 3027 3062 3067 non
3082 3009 3513 3080 habuitpuero-

1785 3137 1824 3194 C
1853 3118 2010 3194 rum,
2031 3102 2136 3194 qui
2156 3117 2264 3194 pro
2282 3102 2416 3173 ipso
2430 3101 2684 3173 jugulati
2704 3105 2863 3194 sunt.
2883 3101 3239 3194 Quibusnos
3255 3096 3512 3194 dicimus

1856 3191 2074 3248 multos
2122 3190 2340 3260 injuste
2383 3205 2594 3259 agere:
2629 3189 2862 3245 nullum
2887 3195 3087 3244 autem
3116 3187 3333 3257 injuste
3363 3184 3506 3256 pati.

1855 3280 2059 3337 Omnis
2071 3279 2249 3342 enim,
2273 3279 2378 3350 qui
2395 3277 2610 3348 injuste
2635 3276 2761 3348 pati
2778 3275 3031 3341 videtur,
3057 3280 3160 3332 aut
3179 3273 3422 3346 patitur,
3446 3275 3513 3327 ut

1853 3367 2097 3442 propria
2110 3366 2293 3423 diluat
2305 3366 2519 3422 delicta
2539 3382 2552 3432 ;
2567 3369 2625 3422 et
2648 3366 2730 3421 ita
2742 3363 2969 3420 malum
2985 3363 3224 3434 quidem
3238 3359 3508 3424 sustinet,

1853 3472 2054 3514 verum
2065 3471 2186 3512 non
2200 3455 2280 3526 inj
2291 3457 2480 3526 uste,q
2488 3453 2590 3510 uin
2603 3453 2796 3525 potius
2817 3451 3104 3508 beneﬁcio
3120 3448 3394 3515 afﬁcitur;
3409 3451 3511 3504 aut

1855 3551 1918 3603 ut
1944 3563 2179 3604 coronae
2195 3545 2569 3602 occasionem
2591 3545 2830 3611 habeat,
2859 3547 2917 3600 et
2933 3543 3015 3600 ita
3033 3556 3272 3614 quoque
3295 3539 3513 3596 beneﬁ-

1852 3637 2030 3705 cium,
2070 3640 2308 3708 propter
2340 3635 2762 3706 tempestivam
2792 3633 2934 3690 mali
2975 3629 3374 3696 tolerantiam,
3426 3627 3507 3685 ob

1850 3741 2037 3800 quam
2055 3729 2410 3797 perpetuam
2434 3723 2646 3780 referet
2661 3723 2944 3796 requiem.
2963 3726 3189 3794 Itaque,
3214 3719 3318 3792 qui
3347 3717 3513 3776 alteri

1850 3815 2071 3885 irrogat
2099 3814 2396 3885 injuriam,
2432 3812 2832 3886 facitquidem
2870 3811 3155 3883 injuriam
3187 3825 3198 3865 :
3233 3808 3338 3881 qui
3365 3823 3508 3864 vero

1852 3903 2360 3968 malumsustinet,
2391 3917 2771 3975 nequaquam
2799 3901 3023 3972 injuria
3047 3899 3324 3956 afﬁcitur.
3362 3897 3512 3963 Quia

1852 4008 1993 4065 ergo
2005 3993 2066 4048 hi
2089 3993 2256 4064 pueri
2271 4006 2392 4048 non
2410 3996 2656 4064 propter
2671 3989 3112 4047 absolutionem
3127 3988 3509 4060 propriorum

1853 4081 2204 4138 delictorum
2232 4080 2730 4152 interemptisunt,
2761 4079 3152 4136 manifestum
3177 4082 3271 4134 est
3293 4090 3510 4148 passos

1853 4184 2003 4234 esse,
2035 4172 2101 4225 ut
2125 4169 2526 4234 occasionem,
2559 4185 2675 4240 qua
2707 4170 3159 4233 coronarentur,
3197 4165 3507 4228 haberent,

1852 4272 1960 4313 nec
2011 4273 2223 4329 passos
2272 4272 2401 4312 esse
2450 4257 2752 4328 injuriam.
2787 4256 3077 4312 Fortassis
3125 4261 3324 4310 autem
3362 4256 3420 4308 et
3451 4250 3509 4308 hi

1853 4346 2021 4418 pueri
2035 4345 2204 4418 probi
2220 4345 2400 4401 futuri
2416 4361 2537 4401 non
2552 4350 2739 4401 erant.
2761 4345 2818 4402 Si
2833 4343 2993 4400 enim
3007 4359 3109 4400 eos
3120 4342 3223 4414 qui
3236 4343 3506 4413 peccant,

1854 4435 2003 4490 Deus
2028 4433 2088 4489 in
2116 4434 2239 4490 vita
2269 4433 2540 4499 sustinet,
2573 4433 2850 4504 ipsorum
2881 4436 3236 4503 exspectans
3263 4442 3508 4484 conver-

168 4497 389 4568 δοκτόνος
437 4504 682 4581 Ἠρωδης
732 4505 888 4566 δίκην
938 4491 1100 4562 ἔδωκέ
1128 4491 1223 4572 της
1265 4513 1508 4574 τοιαύτης
1537 4531 1743 4584 μιαιφο-

1874 4523 2089 4578 ;ionem
2114 4542 2126 4582 :
2153 4521 2339 4578 multo
2360 4521 2552 4592 magis
2567 4520 2900 4577 credendus
2920 4523 3026 4584 est,
3058 4533 3162 4575 eos
3174 4516 3277 4589 qui
3296 4516 3510 4572 virtute

165 4595 280 4657 νίας,
331 4603 506 4668 πικρῷ
565 4596 680 4667 (58)
741 4598 942 4669 θανάτῳ
992 4598 1287 4660 καταλύσας
1337 4601 1423 4652 τόν
1477 4598 1613 4672 βίον,
1684 4603 1746 4661 ὡς

163 4675 398 4745 Ίὼππος
420 4683 649 4757 ἱστορεῖ.

223 4956 300 5007 ότι
364 4957 641 5033 ἐπληρώθη
718 4989 788 5000 -
850 4959 942 5012 ούκ
1019 4960 1168 5018 εἰσίν.
1225 4961 1381 5016 Ἔνθα
1432 4968 1610 5036 φησιν,
1665 4964 1744 5017 ὃτι

166 5036 286 5094 Τότε
339 5043 614 5119 ἐπληρώθη
668 5050 728 5099 τὸ
775 5048 951 5122 ῥηθὲν,
1001 5045 1282 5118 δείκνυσιν,
1333 5051 1413 5104 ὅτι
1472 5061 1625 5105 τοῦτο
1662 5058 1743 5125 γέ-

163 5146 280 5196 γονε,
333 5131 638 5206 προειδότος
707 5143 797 5188 τοῦ
849 5144 1002 5206 Θεοῦ,
1064 5144 1153 5192 καὶ
1212 5147 1744 5214 προαναφωνήσαντος

165 5217 273 5270 αὐτὸ
325 5217 417 5276 διὰ
464 5231 559 5276 τοῦ
624 5230 1028 5298 προφήτου,-καὶ
1102 5235 1550 5302 συγχωρήσαντος
1609 5236 1744 5304 7mi-

1852 4610 2058 4681 magni
2099 4610 2278 4666 futuri
2317 4614 2516 4667 essent
2543 4625 2930 4682 nequaquam
2975 4607 3099 4665 vita
3137 4606 3510 4680 privatarum

1852 4699 2056 4756 fuisse.
2085 4703 2287 4773 Neque
2312 4701 2496 4758 multo
2523 4704 2659 4773 post
2691 4715 3018 4772 puerorum
3043 4697 3380 4755 interfector
3405 4699 3509 4752 He—

1853 4789 2023 4846 rodes
2053 4805 2266 4862 pcenas
2296 4788 2461 4846 dedit
2495 4788 2770 4846 violentae
2808 4787 3010 4854 caedis,
3043 4786 3258 4844 acerba
3314 4790 3508 4843 morte

1853 4877 2037 4935 vitam
2069 4877 2324 4948 solvens,
2353 4882 2531 4951 prout
2558 4877 2763 4935 scribit
2786 4876 3103 4950 Josephus.

1926 4969 2081 5023 Vers.
2103 4973 2186 5024 t7.
2213 4970 2376 5024 Tunc
2401 4969 2744 5038 completum
2759 4972 2836 5023 est
2855 4968 3096 5021 —Vers.
3115 4963 3201 5021 18.
3224 4979 3343 5019 non
3363 4961 3501 5018 sint.

1855 5056 2108 5122 Quando
2141 5056 2282 5114 dicit
2313 5058 2511 5114 :Tunc
2569 5055 2919 5126 completum
2940 5060 3025 5112 est
3077 5052 3230 5126 quod
3274 5051 3500 5108 dictum

1853 5150 1956 5216 est,
1990 5144 2302 5216 signiﬁcat,
2333 5146 2447 5202 hoc
2477 5144 2828 5218 providente
2873 5147 2991 5200 Deo
3021 5142 3247 5199 factum
3274 5155 3403 5196 esse
3429 5153 3500 5197 ac

1857 5248 1963 5306 per
1987 5234 2343 5306 PrOphetam
2371 5234 2748 5308 praedicente,
2772 5237 2827 5292 et
2849 5233 2933 5292 ita
2961 5231 3082 5288 ﬁeri
3109 5229 3500 5304 permittente,

1373 5406 1602 5478 Varias
1633 5410 1963 5478 lectiones
2007 5420 2074 5480 et
2104 5420 2308 5480 notae.

224 5593 326 5667 (58)
355 5594 673 5669 Josephus,
707 5595 792 5654 De
823 5597 971 5657 bello
987 5598 1252 5675 Iudaico,
1275 5600 1378 5661 lib.
1411 5620 1449 5673 ι,
1483 5618 1616 5678 cap.
1650 5606 1737 5674 21,
1766 5619 1827 5679 p.
1859 5610 1986 5667 772.
