3976 6222
422 323 524 380 155

1735 322 2085 380 EUTHYMlI
2125 323 2457 382 ZIGABENI

3673 332 3777 389 156

424 447 757 505 secundum
800 464 972 505 suam
1022 450 1537 520 gubernationem.
1568 450 1800 507 Rhama
1844 464 2063 505 nomen

2184 452 2300 502 σθαι
2350 448 2420 504 δι’
2470 451 2792 525 οἰκονομίαν.
2830 452 2993 527 Ῥαμὰ
3021 455 3109 527 μὶν
3141 452 3227 508 οὖν
3281 459 3441 529 ὄνομα
3483 452 3543 515 ἦν
3586 459 3774 525 τόπου,

424 543 550 594 erat
569 537 681 593 loci
716 538 776 593 in
819 538 1129 594 Bethleem.
1164 539 1498 595 Nominavit
1527 545 1726 594 autem
1768 538 2065 594 Bethleem

421 626 656 691 Rachel,
688 633 931 699 propter
984 627 1192 683 Rachel
1239 643 1489 684 uxorem
1547 628 1750 693 Jacob,
1810 643 1947 700 quae
2006 627 2067 682 in

426 715 717 770 Bethleem
752 716 985 788 sepulta
1013 722 1121 773 est.
1148 720 1458 788 Postquam
1490 721 1689 773 autem
1721 716 1867 772 dixit
1895 733 1908 770 :
1944 717 2069 772 Vox

422 802 485 858 in
517 804 747 861 Rhama
775 806 983 861 audita
1013 810 1115 871 est,
1150 805 1414 860 subdens
1460 805 1744 871 declarat,
1789 821 1925 877 quae
1957 820 2068 859 vox

422 892 616 958 fuerit,
632 909 850 965 nempe
880 894 1248 958 lamentatio,
1266 894 1553 966 ploratus,
1569 899 1625 950 et
1645 894 1818 949 ﬂetus
1834 892 2065 958 multus,

420 988 664 1054 pr0pter
679 983 1159 1039 crudelissimam
1180 999 1499 1055 puerorum
1516 983 1987 1039 exstinctionem.
2005 984 2070 1037 Et

423 1071 612 1127 noluit
651 1071 950 1127 Bethleem
1008 1072 1474 1127 consolationem
1530 1071 1863 1138 admittere,
1926 1070 2070 1141 quia

422 1158 591 1231 pueri
646 1160 741 1215 sui
781 1175 903 1215 non
955 1163 1111 1226 sunt,
1152 1161 1267 1216 hoc
1306 1165 1409 1225 est,
1442 1175 1566 1215 non
1626 1160 1860 1216 vivunt.
1924 1158 2070 1213 Hinc

425 1252 626 1303 autem
658 1248 1010 1305 calamitatis
1037 1248 1271 1321 aperuit
1300 1247 1804 1317 magnitudinem.

493 1338 632 1392 Vers
684 1339 748 1392 19
805 1338 1039 1392 Mortuo
1097 1367 1166 1378 —
1220 1339 1381 1391 Vers.
1438 1336 1525 1391 20.
1591 1337 1797 1392 Pueri.
1830 1336 2070 1393 Terram

425 1424 600 1481 Israel
660 1424 1003 1497 simpliciter
1053 1424 1203 1480 dixit
1260 1424 1664 1480 Palaestinam.
1730 1426 2069 1490 Quaerentes

423 1520 623 1570 autem
646 1513 911 1569 animam
926 1514 1114 1584 pueri,
1131 1519 1191 1569 ut
1208 1530 1339 1569 eam
1352 1513 1668 1577 auferrent,
1690 1517 1746 1569 et
1773 1528 2070 1585 acorpora

424 1607 788 1675 separarent,
832 1603 1098 1658 diciteos
1128 1603 1229 1674 qui
1280 1601 1569 1658 Herodem
1621 1602 2064 1671 contingebant.

494 1694 535 1763 -l-
562 1695 803 1748 Mortem
831 1693 1107 1748 acerbam
1125 1691 1338 1747 habuit
1368 1690 1651 1747 Herodes.
1672 1692 1855 1747 Febre
1883 1693 2066 1763 enim,

2174 541 2223 590 εν
2276 541 2519 613 Βηθλεέμ·
2571 540 2769 613 Ῥαχὴλ
2828 540 2888 595 δὲ
2925 550 3017 602 τὴν
3065 545 3291 617 Βηθλεὲμ
3350 545 3634 617 ὠνόμασεν,
3669 545 3775 597 ἀπὸ

2173 627 2391 700 Ῥαχὴλ,
2439 638 2534 692 τῆς
2579 634 2827 701 ’γυναικὸς
2875 632 3081 702 Ἰακὼϐ,
3121 638 3370 704 ταφείσης
3412 632 3459 685 ἐν
3508 634 3764 700 Βηθλεέμ.

2176 717 2343 769 Εἰπὼν
2394 714 2472 786 δὲ,
2517 721 2597 770 ὄτι
2629 724 2771 777 Φωνὴ
2825 720 2874 771 ἐν
2903 720 3065 793 Ῥαμὰ
3104 721 3364 788 ἠκούσθη,
3421 721 3771 795 ἐφερμηνεύει,

2175 810 2251 865 τίς
2291 802 2350 877 ᾖν
2395 807 2424 863 ἡ
2483 811 2642 877 φωνὴ,
2698 809 2777 859 ὅτι
2837 810 3039 880 θρῆνος,
3094 814 3182 861 καὶ
3237 812 3301 861 τὰ
3348 810 3480 877 ἑξῆς,
3546 807 3639 862 διὰ
3676 817 3774 869 τὴν

2177 894 2447 965 ὠμοτάτην
2504 893 2766 970 ἀναίρεσιν
2839 906 2937 947 τῶν
3004 894 3248 953 παιδίων,
3318 904 3416 950 Καὶ
3464 898 3556 950 οὑκ
3595 899 3773 956 ἤθελεν

2177 983 2206 1039 ἡ
2260 982 2483 1054 Βηθλεὲμ
2512 986 2966 1056 παρηγορηθῆναι,
3029 982 3166 1037 διότι
3209 986 3301 1037 οὐκ
3332 987 3433 1038 εἰσὶ
3471 989 3536 1039 τὰ
3576 984 3776 1040 παιδία

2178 1072 2303 1130 αὐτῆ
2318 1093 2356 1137 ς,
2384 1075 2671 1135 τουτέστιν,
2705 1073 2763 1125 οὗ
2790 1074 2969 1134 ζῶσιν.
2998 1073 3247 1127 Ἐντεῦθεν
3275 1071 3334 1127 δε
3363 1079 3455 1133 τὴν
3484 1075 3772 1152 ὑπερϐολὴν

2177 1168 2268 1213 τοῦ
2297 1163 2492 1221 πάθους
2521 1160 2739 1234 ἐνέφηνε.

2247 1338 2655 1402 Τελευτήσαντος
2710 1373 2779 1382 -
2840 1337 3081 1395 παιδίου.
3154 1346 3254 1400 Γῆν
3312 1342 3540 1415 Ἰσραὴλ,
3600 1342 3774 1404 ἁπλῶς

2178 1428 2286 1481 εἶπε
2320 1434 2413 1487 τὴν
2442 1429 2812 1489 Παλαιστίνην·
2868 1432 3149 1492 ζητοῦντας
3203 1427 3261 1483 δὲ
3290 1436 3383 1489 τὴν
3437 1431 3622 1502 ψυχὴν
3676 1438 3773 1482 τοῦ

2177 1515 2418 1585 παιδίου,
2450 1526 2541 1570 τοῦ
2569 1518 2745 1592 ἐξᾶραι
2777 1520 2938 1577 αὐτὴν
2972 1523 3059 1570 καὶ
3090 1515 3125 1571 δ
3130 1518 3365 1581 ιαζεῦξαι
3390 1526 3481 1571 τοῦ
3511 1522 3770 1591 σώματός,

2179 1611 2310 1678 φησὶ
2340 1610 2458 1669 τοὺς
2488 1612 2604 1679 περὶ
2625 1612 2711 1659 τὸν
2732 1604 2994 1679 Ἡρώδην.

2247 1697 2289 1765 -ίυ
2322 1698 2516 1768 Πικρὰν
2564 1696 2678 1767 (59)
2719 1696 2952 1754 τελευτὴν
2998 1698 3154 1767 ἴσχεν
3208 1696 3233 1747 6
3263 1691 3519 1768 Ἡρώδης,
3564 1703 3771 1767 πυρετῷ

422 1782 776 1855 dysenteria,
799 1781 1013 1847 scabie,
1042 1781 1314 1853 podagra
1351 1796 1421 1836 ac
1446 1779 1841 1836 verendorum
1868 1785 2063 1852 putre-

2184 1788 2264 1836 καὶ
2310 1781 2636 1858 δυσεντερίᾳ,
2693 1788 2776 1836 καὶ
2828 1791 3045 1856 κνησμῷ
3102 1788 3190 1836 καὶ
3234 1786 3373 1854 ὄγκῳ
3420 1780 3615 1849 ποδῶν,
3674 1788 3769 1835 καὶ

423 1871 581 1938 dine,
613 1873 993 1940 generatione
1022 1870 1342 1938 vermium,
1401 1868 1664 1941 spirandi
1705 1868 2063 1937 difﬁcultate,

424 1964 752 2016 actremore
784 1958 1201 2015 membrorum
1229 1958 1452 2014 malam
1486 1957 1660 2014 solvit
1688 1959 1975 2015 animam.

496 2138 658 2191 Vers.
690 2138 777 2193 21.
827 2137 937 2205 Qui
967 2136 1257 2193 excitatus
1288 2166 1354 2175 —-
1380 2136 1540 2191 Vers.
1568 2138 1657 2190 22.
1676 2136 1789 2192 Ire.
1824 2135 2068 2192 Volebat

424 2225 666 2297 quidem
683 2226 945 2281 habitare
958 2226 1017 2281 in
1034 2224 1297 2297 partibus
1309 2223 2067 2295 Judaeaa,siquidem1uda2a

425 2319 479 2369 et
502 2314 738 2370 Galilaea
756 2315 1063 2370 Palestina!
1086 2313 1359 2383 regiones
1376 2319 1562 2369 erant.
1589 2316 1801 2368 Verum
1825 2318 2067 2385 propter

421 2402 771 2459 Archelaum
802 2403 996 2459 timuit
1032 2402 1132 2459 illo
1163 2403 1264 2469 ire,
1326 2418 1400 2457 ne
1428 2402 1571 2458 forte
1603 2406 1659 2459 et
1680 2404 1805 2474 ipse
1835 2406 2064 2474 patrem

421 2491 748 2546 mitaretur.
783 2495 984 2563 Neque
1019 2491 1182 2547 enim
1212 2491 1601 2548 determinate
1627 2491 2067 2562 signiﬁcaverat

422 2580 670 2649 angelus
699 2579 1080 2637 habitationis
1120 2580 1342 2646 locum,
1404 2584 1470 2636 ut
1523 2580 1805 2635 ﬁduciam
1844 2578 2064 2636 habere

421 2674 643 2741 posset.

494 2758 653 2815 Scire
693 2762 891 2815 autem
925 2762 1169 2831 oportet,
1214 2757 1399 2829 quod,
1458 2760 1691 2813 mortuo
1740 2772 2064 2828 puerorum

421 2847 790 2903 interfectore
853 2849 1099 2917 Herode,
1155 2852 1413 2918 quatuor
1471 2845 1607 2899 ﬁliis
1658 2845 1788 2915 ejus
1842 2844 2061 2913 electis,

418 2935 613 2992 divisit
651 2936 845 2993 Caesar
871 2939 1172 3005 Augustus
1211 2950 1464 3005 regnum
1509 2934 1725 3006 ipsius.
1777 2935 2063 2992 Archelao

419 3025 665 3094 quidem
704 3024 924 3080 Judaaaa
976 3025 1283 3094 regionem
1348 3022 1687 3090 distribuit;
1740 3022 1869 3079 aliis
1923 3039 2063 3080 vero

2179 1872 2338 1943 σήψει
2364 1879 2456 1924 τοῦ
2504 1869 2709 1924 αἰδοίου
2755 1872 3028 1934 σκώληκας
3055 1877 3308 1944 γεννώση,
3351 1876 3441 1923 καὶ
3481 1868 3765 1941 δυσπνοίᾳ,

2175 1966 2263 2013 καὶ
2314 1965 2511 2035 τρόμῳ,
2562 1966 2652 2013 καὶ
2692 1969 2919 2033 σπασμῷ
2949 1968 3045 2013 τῶν
3090 1960 3271 2033 μελῶν,
3324 1958 3613 2034 ἀπορρήξας
3671 1964 3768 2017 τὴν

2174 2052 2402 2123 πονηρὰν
2432 2049 2639 2121 ψυχήν.

2243 2138 2300 2190 Ὀ
2356 2135 2415 2191 δὲ
2464 2138 2688 2210 ἐγερθεὶς
2743 2169 2813 2179 -
2865 2136 3116 2192 ἀπελθεῖν.
3150 2136 3413 2189 Ἐϐούλετο
3459 2138 3549 2207 μὲν
3590 2155 3770 2188 κατοιο

2174 2236 2338 2286 κῆσαι
2371 2227 2419 2279 ἐν
2468 2236 2579 2287 τοῖς
2607 2231 2786 2300 μέρεσι
2833 2236 2925 2287 τῆς
2957 2223 3233 2287 Ἰουδαίας·
3267 2234 3443 2298 χῶραι
3488 2228 3589 2299 γὰρ
3629 2222 3769 2284 ἦσαν

2173 2325 2269 2377 τῆς
2298 2316 2667 2380 Παλαιστίνης,
2715 2319 2745 2374 ἦ
2796 2335 2848 2367 τε
2878 2312 3115 2368 Ἰουδαία
3161 2319 3249 2367 καὶ
3275 2316 3305 2372 ἡ
3349 2312 3611 2366 Γαλιλαία·
3670 2310 3774 2365 διὰ

2176 2402 2235 2457 δε
2263 2408 2349 2457 τὸν
2389 2404 2669 2479 Ἀρχέλαον
2720 2404 2944 2476 ἐφοϐήθη
2976 2403 3085 2456 ἐκεῖ
3135 2403 3388 2471 ἀπελθεῖν,
3440 2407 3637 2466 μήποτε
3674 2407 3771 2453 καὶ

2174 2494 2331 2556 αὐτὸς
2380 2500 2682 2566 μιμὸσηται
2709 2498 2795 2545 τόν
2824 2496 3045 2567 πατέρα.
3106 2492 3181 2545 Οὐ
3211 2494 3308 2567 γὰρ
3356 2488 3534 2551 ίδικῶς
3560 2490 3773 2562 ἐσήμα-

2173 2602 2250 2635 νεν
2305 2585 2330 2634 ό
2379 2583 2595 2655 ἄγγελος
2660 2585 2746 2634 τόν
2798 2587 2951 2634 τόπον
3020 2589 3114 2643 τῆς
3166 2585 3457 2648 κατοικίας,
3512 2581 3594 2632 ῖνα
3647 2582 3771 2651 ἔχοι

2177 2671 2400 2746 θαρῥείν.

2244 2765 2358 2835 Χρὴ
2412 2756 2470 2812 δὲ
2506 2765 2777 2831 γινώσκειν
2834 2761 2935 2825 ὅτι,
2989 2765 3081 2811 τοῦ
3124 2754 3471 2811 παιδοκτόνου
3523 2753 3767 2830 Ἡρώδου

2172 2847 2587 2919 τελευτησαντος,
2662 2856 2771 2910 τοῖς
2839 2849 3164 2922 προκριθεῑσι
3241 2852 3496 2919 τέσσαρσι
3574 2849 3769 2898 τούτου

2172 2942 2327 2989 παισὶ
2352 2942 2445 2995 τὴν
2491 2936 2761 3010 βασιλείαν
2805 2936 2961 2988 αὐτοῦ
3011 2932 3192 2988 διεῖλεν
3241 2937 3265 2987 ό
3304 2942 3508 3006 Καῖσαρ
3566 2937 3773 3005 Αὔγου-

2176 3046 2314 3088 στος·
2360 3031 2450 3078 καὶ
2514 3034 2585 3097 τῷ
2628 3029 2717 3098 μὲν
2769 3025 3038 3097 Ἀρχελάῳ
3090 3028 3183 3081 τὴν
3251 3020 3511 3076 Ἰουδαίαν
3581 3028 3770 3093 χώραν

420 3116 607 3184 partes
659 3112 828 3178 alias,
918 3113 1071 3169 sicut
1126 3112 1264 3168 dicit
1331 3113 1518 3168 Lucas
1566 3112 1635 3168 ‘5.
1704 3112 1816 3168 Eos
1866 3117 2062 3168 autem

2184 3113 2428 3186 Ξιπένειμε,
2500 3122 2605 3175 τοῖς
2688 3114 2860 3175 ἄλλοις
2931 3112 2990 3166 δὲ
3040 3114 3129 3173 τὰς
3173 3112 3329 3172 ἄλλας
3400 3107 3641 3184 μερίδας,
3703 3113 3772 3171 ὦς

418 3217 590 3272 reges
656 3202 983 3259 tetrarchas
1041 3202 1391 3267 nominavit,
1458 3202 1743 3273 quoniam
1813 3202 2064 3274 quisque

421 3306 627 3347 eorum
646 3296 872 3362 quartae
889 3290 1074 3362 partis
1098 3290 1494 3363 principatum
1524 3291 1784 3346 tenebat.
1814 3289 1985 3355 Quod
2012 3290 2064 3344 si

422 3380 611 3436 Lucas
634 3379 908 3436 Pontium
949 3379 1201 3436 Pilatum
1227 3379 1447 3435 Judaaae
1470 3378 1783 3451 praesidem
1814 3379 2061 3449 scripsit,

421 3469 572 3524 nihil
601 3471 843 3525 mirum.
876 3468 1264 3524 Postmodum
1297 3467 1454 3523 enim
1481 3468 1767 3524 Archelao
1793 3483 1824 3522 e
1880 3482 2063 3536 regno

420 3561 658 3629 propter
693 3557 1103 3614 accusationes
1151 3557 1357 3626 ejecto,
1413 3555 1474 3609 in
1527 3561 1828 3625 posterum
1884 3570 2063 3610 nemo

423 3658 545 3709 rex,
579 3644 682 3699 sed
704 3648 1053 3717 procurator
1104 3643 1428 3699 dicebatur.
1473 3643 1678 3715 Itaque
1731 3642 1952 3699 Pilatus
2003 3643 2064 3700 in

428 3732 735 3803 praesidem
751 3731 970 3788 Iudaea
987 3730 1098 3786 sub
1115 3730 1342 3786 Tiberio
1361 3733 1589 3787 Caesare
1605 3734 1831 3788 aRoma
1846 3731 2063 3787 missus

426 3825 516 3876 est
542 3820 627 3892 (ι’).

494 3910 658 3963 Vers.
698 3910 792 3965 22.
840 3910 1091 3965 Oraculo
1143 3914 1331 3966 autem
1392 3915 1621 3979 accepto
1674 3940 1744 3950 α-
1784 3909 2061 3967 Vers.23.

424 3997 755 4055 Nazareth.
789 3997 957 4068 Atqui
980 3997 1027 4051 si
1048 3997 1105 4053 in
1127 3997 1389 4054 Judeeam
1411 3999 1493 4054 ire
1515 4000 1816 4055 metuebat
1829 4003 2066 4071 propter

425 4085 800 4152 Archelaum,
828 4086 1143 4156 oportebat
1172 4090 1228 4143 et
1260 4085 1561 4144 Galilaeam
1594 4087 1798 4143 timere
1826 4093 2066 4160 propter

423 4172 661 4231 fratrem
693 4174 815 4245 ejus
845 4173 1155 4242 Herodem,
1212 4175 1311 4247 qui
1367 4176 1430 4231 in
1460 4192 1532 4232 ea
1580 4176 1867 4232 tetrarcha
1919 4182 2062 4244 erat,

426 4263 576 4320 sicut
594 4262 733 4319 dicit
763 4265 977 4319 Lucas.
1010 4265 1232 4320 Verum
1262 4262 1583 4331 Bethleem,
1609 4266 1719 4321 sita
1747 4266 1806 4321 in
1838 4266 2061 4330 Judma,

423 4358 697 4424 suspecta
726 4356 871 4409 erat.

491 4442 929 4539 πνείει-’σι
980 4442 1435 4539 -Αυοςαὸίιιιη
1500 4445 1567 4499 Ει
1629 4443 1873 4500 ubinam
1948 4444 2137 4539 hocD

421 4531 727 4601 prophetae
783 4531 1109 4586 dixerunt?
1168 4534 1246 4587 Ne
1301 4547 1581 4603 quaeras;
1637 4547 1833 4604 neque
1904 4532 2062 4587 enim

419 4618 705 4675 invenies.
721 4620 985 4675 Plurima
1006 4621 1165 4675 enim
1184 4622 1669 4691 propheticorum
1687 4621 2060 4677 voluminum

420 4706 749 4777 perierunt:
780 4708 996 4777 partim
1027 4708 1271 4779 quidem
1306 4724 1410 4780 per
1448 4710 1785 4782 frequentes
1816 4710 2061 4781 captivi-

419 4798 567 4850 tates
596 4811 609 4861 ;
640 4795 855 4866 partim
876 4799 1075 4850 autem
1093 4802 1335 4869 propter
1358 4798 1740 4853 Hebraeorum
1760 4798 2062 4872 negligen-

418 4881 563 4939 tiam
593 4900 607 4950 ;
639 4883 931 4940 nonnulla
959 4900 1192 4957 quoque
1230 4891 1472 4960 propter
1501 4886 1815 4945 malitiam.

494 5057 539 5094 ⁸⁵
570 5058 705 5114 Luc.
732 5073 810 5126 ιιι,
845 5059 897 5115 1.

2173 3223 2329 3275 φησιν
2383 3204 2407 3254 ό
2462 3209 2690 3265 Λουκᾶς.
2743 3204 2997 3273 Ὠνὸμασε
3047 3198 3105 3253 δὲ
3164 3201 3352 3261 αὐτοὺς
3407 3198 3647 3273 βασιλεῖς
3681 3218 3769 3252 τε·

2169 3294 2428 3365 τράρχας,
2489 3289 2629 3344 διότι
2668 3293 2881 3352 ἕκαστος
2932 3291 3179 3362 τετάρτης
3208 3285 3417 3362 μερίδος
3471 3285 3656 3361 ἦρχεν.
3710 3287 3774 3340 Εἰ

2173 3378 2231 3433 δὲ
2282 3382 2306 3432 ό
2352 3386 2555 3441 Λουκᾶς
2603 3384 2686 3433 τόν
2742 3384 2954 3432 Πόντιον
3005 3378 3227 3430 Πιλᾶτον
3285 3379 3613 3449 ἡγεμονεύειν
3670 3383 3772 3436 τῆς

2173 3465 2431 3530 Ἰουδαίας
2497 3468 2800 3541 ἀνέγραψεν,
2876 3463 3026 3520 οὐδὲν
3078 3470 3270 3519 καινόν.
3328 3471 3572 3537 Ὕστερον
3639 3468 3771 3538 γὰρ,

2174 3557 2465 3629 Ἀρχελάου
2506 3566 2598 3619 τῆς
2648 3555 2920 3629 βασιλείας
2970 3556 3273 3616 ἐκπεσόντος
3318 3553 3373 3605 ἐκ
3426 3557 3773 3626 κατηγορίας,

2170 3645 2341 3698 οὐκέτι
2392 3644 2661 3718 βασιλεὺς,
2704 3644 2809 3696 ἀλλ’
2860 3643 3153 3718 ἐπίτροπος,
3211 3646 3374 3695 εἶτουν
3412 3643 3619 3714 ἡγεμὼν
3674 3649 3779 3702 τῆς

2168 3730 2431 3794 Ἰουδαίας
2482 3735 2506 3785 ό
2574 3733 2795 3794 Πιλᾶτος
2866 3734 2964 3785 ὑπό
3015 3730 3252 3807 Τιϐερίου
3332 3734 3603 3802 Καίσαρος
3665 3728 3776 3783 ἀπὸ

2167 3806 2367 3895 Ῥώμης
2398 3822 2740 3885 ἐξαπεστάλη.

2242 3913 2635 3984 Χρηματισθεὶς
2693 3907 2850 3963 δε-
2903 3910 3168 3982 Ναζαρέτ.
3224 3911 3325 3962 Καὶ
3382 3910 3507 3979 μὴν,
3566 3911 3610 3958 εί
3672 3909 3777 3963 τὴν

2172 3996 2435 4053 Ἰουδαίαν
2468 3998 2716 4072 ἐφοϐήθη,
2751 3995 2823 4051 δι’
2868 3998 3173 4071 Ἀρχέλαον,
3210 3992 3316 4049 ἔδει
3357 3994 3649 4067 φοϐηθῆναι
3678 3999 3780 4046 καὶ

2170 4092 2263 4147 τὴν
2324 4088 2616 4155 Γαλιλαίαν,
2688 4083 2781 4140 διὰ
2830 4089 2916 4138 τόν
2980 4082 3197 4157 ἀδελφόν
3270 4084 3429 4136 αὐτοῦ
3499 4078 3779 4156 Ἡρώδην,

2171 4185 2560 4251 τετραρχοῦντα
2612 4175 2793 4240 αὐτῆς,
2851 4176 2917 4236 ὥς
2976 4192 3106 4246 φησι
3157 4177 3382 4233 Λουκᾶς·
3442 4169 3611 4229 ἀλλ’ἢ
3665 4177 3778 4227 Βη-

2174 4265 2321 4337 θλεὲμ
2353 4262 2413 4323 ἧν
2441 4266 2686 4329 ὕποπτος,
2720 4262 2766 4315 ἐν
2797 4270 2859 4335 τῇ
2896 4259 3130 4334 Ἰουδαίᾳ
3153 4264 3380 4334 κειμένη.

2240 4442 2417 4503 Ὀπως
2467 4472 2537 4483 —-
2565 4440 2901 4499 κληθήσεται.
2962 4444 3062 4493 Καὶ
3109 4445 3251 4491 ποῖοι
3307 4443 3575 4510 προφῆται
3614 4444 3785 4489 τοῦτο

2172 4528 2333 4600 εἶπον,
2375 4534 2443 4603 μὴ
2499 4530 2752 4601 ζητήσῃς·
2803 4528 2908 4599 οὐχ
2953 4529 3185 4603 εὑρήσεις
3229 4528 3354 4601 γὰρ,
3406 4521 3547 4577 διότι
3606 4524 3789 4577 πολλὰ

2169 4628 2268 4672 τῶν
2326 4625 2654 4692 προφητικῶν
2715 4615 2927 4688 βιϐλίων
2984 4614 3265 4680 ἀπώλοντο,
3305 4616 3369 4666 τὰ
3414 4611 3502 4684 μὲν
3562 4610 3613 4662 ἐν
3659 4620 3789 4673 ταῖς

2170 4707 2579 4780 αἰχμαλωσίαις,
2612 4705 2678 4757 τὰ
2709 4702 2766 4758 δε
2818 4709 2908 4756 καὶ
2963 4702 3015 4767 ἐξ
3065 4702 3301 4776 ἀμελείας
3339 4709 3439 4755 τῶν
3494 4699 3788 4773 Ἐϐραίων,

2170 4800 2287 4850 τινὰ
2316 4792 2374 4850 δὲ
2403 4800 2492 4848 καὶ
2521 4794 2575 4846 ἐκ
2605 4797 2943 4869 κακουργίας.

1647 5158 1871 5230 Variae
1900 5159 2229 5231 lectiones
2262 5166 2556 5227 etnotae.

486 5298 601 5378 (59)
626 5298 788 5378 _Haec
818 5301 1136 5378 Hentenius
1164 5300 1225 5358 in
1255 5302 1474 5359 codicis
1500 5302 1589 5359 sui
1610 5304 1879 5376 margine
1900 5320 2056 5378 repe-

416 5376 592 5428 rerat.
626 5372 692 5427 In
721 5377 931 5428 neutro
977 5389 1228 5430 meorum
1273 5379 1643 5447 comparent.
1679 5372 1825 5434 Su'nt
1854 5372 2055 5434 autem

2162 5304 2409 5378 repetita
2433 5317 2505 5359 ex
2524 5300 3010 5378 Teophylacto,_e
3033 5313 3155 5372 quo
3183 5296 3418 5355 addidi.
3448 5296 3599 5355 Vide
3616 5297 3795 5358 edit.

2164 5371 2328 5434 Paris
2360 5378 2511 5440 1631,
2541 5371 2817 5445 ίη-ίοιζρ.
2846 5373 2931 5427 16.
2957 5371 3020 5426 Β.

489 5548 551 5621 (ἢ
583 5548 847 5629 Amplius
886 5565 1007 5608 non
1038 5566 1143 5608 rex
1182 5550 1371 5623 (erat),
1406 5552 1511 5608 sed
1536 5559 1885 5624 procurator
1912 5572 2017 5614 seu
2046 5570 2261 5629 praeses
2286 5552 2507 5611 Iudam
2561 5551 2787 5610 Pilatus
2816 5567 2852 5610 a
2890 5548 3120 5609 Tiberio
3152 5547 3381 5606 Caesare
3419 5548 3608 5603 Roma
3637 5548 3815 5605 mis-

417 5636 522 5681 sus
544 5625 689 5680 erat.
