3976 6222
210 345 306 401 137
1186 337 1554 402 COMMENT.
1597 342 1674 398 IN
1715 342 1794 398 ΜΛ

1926 342 2160 399 ΗλΕΗΜ.
2201 373 2268 385 -
2309 342 2469 401 CAP.
2502 343 2602 400 ΙΙΙ.
3465 348 3568 404 158

269 476 417 525 KH).
491 468 558 522 Γ.
635 475 860 543 Πρῶτος
929 472 1178 533 Ἰωάννης
1251 469 1469 542 ἐκήρυξε
1540 467 1794 544 βασιλεία

1926 469 2075 524 CAP.
2155 469 2246 524 IlI.
2298 469 2538 526 Primus
2598 469 2852 526 Joannes
2898 469 3250 540 praedicavit
3323 486 3564 542 regnum

876 559 1129 636 οὐρανῶν.

2594 559 2889 615 caelorum.

256 666 336 718 Ἐν
370 661 429 718 δὲ
459 673 580 725 ταῖς
623 667 854 738 ἡμέραις
894 698 965 707 -
1011 663 1295 728 Ἰουδαίας.
1334 665 1415 720 Ἐν
1464 669 1638 726 ποίαις
1689 665 1794 736 ἠμέ-

1990 664 2134 735 Cap.
2175 665 2259 728 III,
2295 681 2447 719 vers.
2489 665 2538 718 1.
2592 666 2662 720 In
2701 665 2904 722 diebus
2970 673 3162 722 autem
3211 697 3282 708 -—
3308 666 3556 723 Judaeee.

185 775 296 829 ραις
328 770 341 819 ;
371 754 446 806 Οὐ
503 757 610 826 γὰρ
667 755 846 823 ὁπότε,
887 764 1015 817 παῖς
1057 757 1123 806 ὡν
1166 757 1192 807 6
1237 756 1464 821 Ἰησοῦς,
1512 754 1582 815 εἰς
1627 755 1808 814 Ναζα-

183 862 265 917 ρετ
321 839 473 899 ἦλθεν
534 842 592 905 ἐξ
648 843 944 914 Αἰγύπτου,
995 843 1100 894 ἀλλ’
1148 842 1196 895 ἐν
1248 853 1320 914 τῷ
1369 849 1666 916 τριακοστῷ
1719 842 1811 895 a6-

183 939 265 982 τοῦ
319 934 534 994 πάντως
594 935 721 997 ἔτει,
772 935 945 995 καθὼς
993 935 1187 1006 ἱστορεῖ
1235 938 1462 994 Λουκᾶς.
1512 931 1648 986 Ἀλλ’
1696 933 1810 994 ἔθος

178 1020 280 1073 έστί
319 1028 384 1092 τῇ
438 1027 652 1095 Γραφῇ,
686 1026 746 1073 τό
785 1021 834 1073 ἐν
875 1028 987 1082 ταῖς
1019 1023 1238 1096 ἡμέραις
1280 1021 1490 1083 ἐκείναις
1521 1021 1634 1093 (60)
1666 1021 1806 1073 ἀκω-

174 1107 330 1168 λύτως
357 1108 556 1180 λέγειν,
592 1109 670 1183 ἐφ’
726 1106 785 1162 οὗ
817 1109 878 1162 ἂν
909 1109 1125 1184 ἐθελήσῃ
1175 1115 1394 1185 χρόνου,
1448 1107 1681 1182 δηλούσῃ
1714 1114 1806 1182 μό-

171 1218 250 1249 νον
297 1203 390 1250 τόν
443 1202 639 1271 καιρόν
698 1199 907 1269 ἐκεῖνον,
959 1199 1006 1251 ἐν
1101 1204 1328 1271 γέγονεν,
1375 1195 1807 1271 ἂδιηγήσασθαι

175 1285 446 1358 βούλεται,
497 1289 743 1360 καθάπερ
792 1292 883 1340 καὶ
925 1295 1013 1340 νῦν
1061 1289 1086 1340 6
1132 1287 1520 1360 Εὐαγγελιστὴς
1570 1287 1802 1353 ἐποίησε,

169 1378 231 1426 τά
265 1375 316 1427 ἐν
348 1379 504 1446 t11.666»
537 1372 932 1450 παραδραμών.

238 1471 341 1517 Καὶ
391 1461 556 1516 διατί
605 1468 738 1536 μετὰ
784 1467 1093 1538 τριακοστὸν
1146 1468 1256 1526 ἔτος
1299 1466 1324 1517 6
1366 1469 1596 1538 Χριστὸς
1653 1463 1800 1524 ἦλθεν

170 1552 247 1604 ἐπὶ
299 1558 359 1604 τό
416 1551 718 1625 βάπτισμα
751 1570 764 1617 ;
797 1559 938 1606 Διότι
978 1556 1008 1612 ἠ
1060 1553 1237 1611 ἡλικία
1279 1555 1410 1612 αὕτη
1455 1561 1664 1628 στερεοῦ
1711 1560 1801 1607 καὶ

168 1643 567 1702 καθεστηκότος
649 1641 766 1693 ἐστὶ
845 1647 1186 1716 φρονήματος.
1263 1642 1400 1695 Ἐπεὶ
1462 1645 1560 1715 γὰρ
1627 1642 1798 1715 ἔμελλε

169 1738 472 1801 μεταποιεῖν
522 1733 618 1802 μὲν
674 1733 761 1781 τὸν
809 1730 1027 1782 παλαιὸν
1065 1734 1239 1802 νόμον,
1285 1733 1572 1803 νομοθετεῖν
1622 1728 1679 1784 δὲ
1709 1736 1796 1784 τόν

1918 755 1982 809 In
2003 754 2223 827 quibus
2242 755 2455 810 diebus
2471 756 2498 810 ?
2519 759 2717 827 Neque
2749 757 2905 811 enim
2941 757 3188 829 quando
3226 758 3396 812 Jesus
3417 772 3568 830 puer

1918 843 2114 898 adhuc
2145 859 2216 899 ex
2248 846 2476 915 ὣς]ρο
2505 845 2663 900 venit
2719 846 3022 912 Nazareth,
3081 846 3187 901 sed
3245 861 3384 902 cum
3435 846 3563 916 jam

1919 932 2155 1001 triginta
2207 937 2362 988 esset
2413 947 2733 996 annorum,
2779 934 2929 989 sicut
3005 941 3204 989 narrat
3264 936 3450 990 Lucas
3481 937 3556 990 ⁸⁸.

1917 1023 2128 1076 Verum
2186 1020 2501 1092 Scriptura:
2569 1037 2700 1077 mos
2731 1026 2834 1088 est,
2891 1023 2954 1077 In
3025 1023 3226 1079 diebus
3302 1023 3427 1078 illis
3478 1021 3566 1078 di-

1916 1124 2066 1174 cere,
2095 1109 2210 1165 hoc
2256 1114 2361 1175 est,
2397 1110 2808 1182 sequentibus,
2842 1111 2915 1166 de
2963 1111 3232 1184 quolibet
3270 1115 3557 1184 tempore,

1915 1197 2359 1254 manifestando
2390 1198 2582 1254 solum
2616 1206 2851 1271 tempus
2881 1200 3047 1265 illud,
3074 1217 3191 1274 quo
3222 1199 3375 1256 facta
3404 1206 3563 1268 sunt,

1913 1303 2048 1358 quas
2072 1301 2315 1342 narrare
2328 1286 2451 1341 vult
2469 1303 2480 1340 :
2497 1287 3017 1360 quemadmodum
3041 1305 3201 1343 nunc
3231 1290 3563 1344 fecitEvan-

1912 1374 2140 1444 gelista,
2171 1391 2305 1446 quae
2333 1375 2391 1430 in
2419 1375 2617 1430 medio
2649 1380 2786 1430 sunt
2816 1378 3290 1447 praetermittens.

1982 1466 2046 1517 Et
2070 1479 2254 1535 quare
2285 1471 2419 1534 post
2445 1463 2807 1520 tricesimum
2852 1480 3080 1520 annum
3123 1464 3559 1521 venitChrlstus

1909 1551 1985 1606 ad
2013 1551 2316 1622 baptisma
2343 1551 2532 1616 ?Quia
2557 1557 2698 1608 astas
2713 1552 2840 1608 haec
2866 1552 3072 1608 solidas
3086 1559 3264 1624 atque
3288 1554 3560 1626 perfectas

1905 1641 2233 1713 prudentiae
2272 1646 2375 1696 est.
2412 1640 2560 1706 Quia
2625 1643 2784 1696 enim
2819 1641 3082 1696 futurum
3113 1646 3257 1705 erat,
3318 1647 3382 1698 ut
3411 1647 3560 1699 vete-

1905 1744 2030 1783 rem
2062 1733 2484 1784 transmutaret
2512 1729 2723 1799 legem,
2757 1743 3100 1802 novamque
3126 1730 3406 1786 conderet
3433 1749 3446 1799 ;
3480 1730 3560 1787 ad

167 1824 294 1882 νέον,
341 1822 403 1870 τό
461 1816 524 1870 δὲ
572 1826 871 1890 μεταποιεῖν
920 1823 1010 1871 καὶ
1061 1821 1347 1892 νομοθετεῖν
1403 1823 1640 1873 τοιούτου
1691 1817 1794 1874 δεῖ·

1928 1816 2428 1872 ransmutandum
2494 1825 2694 1873 autem
2727 1819 2786 1873 et
2842 1818 3226 1874 statuendum
3281 1818 3381 1874 tali
3411 1835 3558 1890 opus

168 1927 250 1957 ται
304 1913 678 1980 φρονήματος,
745 1905 969 1978 ἀνέμεινε
1029 1911 1219 1966 ταύτην
1274 1913 1366 1966 τὴν
1423 1908 1646 1968 ἡλικίαν.
1713 1915 1796 1962 Δι-

168 1995 320 2047 ελθων
348 1999 456 2068 γὰρ
492 2000 751 2067 πρότερον
796 1999 888 2057 τὰς
935 1994 1231 2068 ἐπισφαλεῖς
1279 1995 1505 2065 ἡλικίας,
1550 1997 1680 2068 λέγω
1725 1995 1792 2056 δὴ

169 2090 260 2142 τὴν
305 2081 607 2150 παιδικὴν,
652 2083 701 2136 ἐν
797 2084 923 2137 πολὺ
976 2089 1031 2136 τὸ
1077 2083 1309 2155 ἀνόητον,
1355 2090 1443 2138 καὶ
1487 2091 1579 2144 τὴν
1618 2107 1792 2160 μειρα-

163 2170 362 2238 assidu,
414 2173 533 2245 ἐνῇ
577 2169 806 2246 σφοδρὸν
831 2177 889 2225 τὸ
922 2170 1216 2245 φιλήδονον,
1265 2179 1354 2226 καὶ
1400 2179 1492 2233 τὴν
1539 2181 1794 2243 νεανικὴν,

164 2262 211 2313 ἐν
245 2263 426 2333 ξλίαν
481 2266 546 2313 τό
605 2261 1019 2334 φιλοχρήματον,
1078 2267 1126 2314 ἐν
1181 2271 1242 2335 τῇ
1296 2261 1540 2336 ἀνδρικῇ,
1583 2269 1715 2317 κατά
1745 2286 1798 2319 τε

167 2361 321 2424 σῶμα
383 2357 482 2404 καὶ
539 2357 806 2424 φρόνημα,
854 2351 1031 2404 λοιπόν
1079 2350 1224 2411 ἦλθεν
1255 2351 1337 2405 ἐπὶ
1385 2357 1442 2405 τὸ
1495 2352 1796 2427 βάπτισμα,

167 2442 274 2508 ἵνα,
326 2441 437 2492 ἀπὸ
491 2443 690 2492 τούτου
741 2438 1095 2512 ἀναδειχθεὶς,
1151 2440 1376 2493 ἐντεῦθεν
1429 2442 1652 2513 ἄρξηται
1711 2453 1800 2496 τοῦ

162 2527 458 2582 διδάσκειν
503 2534 600 2580 καὶ
652 2537 847 2600 σημεῖα
894 2536 1080 2585 ποιεῖν,
1122 2532 1215 2581 Διὰ
1243 2538 1395 2583 τοῦτο
1425 2534 1526 2606 γὰρ
1568 2537 1682 2584 τότε
1710 2539 1800 2586 καὶ

164 2621 190 2670 6
231 2619 493 2680 Ἰωάννης
553 2621 655 2670 ὑπὸ
711 2626 844 2673 Θεοῦ
905 2625 1158 2692 πέμπεται
1213 2622 1342 2694 πρὸς
1391 2624 1476 2673 τὸν
1533 2619 1802 2694 Ἰορδάνην

164 2711 471 2780 κηρύσσων
520 2708 638 2779 (61)
674 2707 978 2780 βάπτισμα,
1013 2709 1095 2760 ἵνα
1133 2705 1226 2761 διὰ
1266 2713 1326 2761 τὸ
1373 2707 1655 2783 βάπτισμα
1685 2731 1804 2764 συν-

167 2795 430 2869 δράμωσι
481 2796 691 2863 πολλοὶ,
734 2802 824 2848 καὶ
882 2796 1093 2856 ἐπιστὰς
1133 2799 1157 2848 6
1196 2802 1431 2872 Χριστὸς
1472 2799 1631 2871 μέσον
1683 2801 1803 2853 πολ-

160 2887 265 2937 λῶν
321 2888 680 2960 μαρτυρηθῇ,
736 2887 960 2938 κάτε-»θεν
1016 2889 1105 2958 μὲν
1171 2889 1312 2962 παρὰ
1366 2887 1621 2950 Ἰωάννου,
1677 2890 1804 2941 ἄνωο

166 2977 250 3026 θεν
303 2972 368 3026 δέ
416 2977 575 3048 παρὰ
630 2982 722 3026 τοῦ
773 2979 976 3047 Πατρός
1023 2980 1110 3027 καὶ
1158 2983 1248 3027 τοῦ
1300 2976 1452 3047 ἁγίου
1483 2981 1796 3049 [Ινευματος,

163 3069 259 3114 καὶ
325 3063 593 3129 ἐντεῦθεν,
669 3062 1089 3135 ἐπισπασάμενος
1154 3068 1336 3126 αὐτοὺς
1400 3065 1624 3140 ἄρξηται
1687 3088 1793 3139 μυ·

170 3159 476 3222 σταγωγεῐν
509 3156 603 3202 καὶ
639 3152 1073 3225 Θαυματουργεῐν,

246 3246 348 3291 Καὶ
401 3241 567 3290 πόθεν
620 3240 647 3290 6
686 3241 930 3300 Ἰωάννης
972 3244 1313 3314 παραγέγονεν
1353 3240 1524 3309 ;Ἀπό
1579 3251 1673 3305 τῆς
1722 3243 1792 3295 ἐν·

168 3324 398 3398 δοοέρας
447 3326 676 3401 ὶρὴμου.
739 3333 875 3384 Φησὶ
921 3331 1021 3401 γὰρ
1073 3331 1097 3380 6
1147 3334 1374 3400 Λουκᾴς,
1429 3333 1508 3383 ὅτι
1567 3332 1794 3404 Ἐγένετο

165 3421 318 3490 ῥῆμα
391 3423 535 3468 Θεοῦ
614 3414 698 3466 ἐπὶ
748 3416 988 3474 Ἰωάννην
1056 3421 1142 3469 τόν
1199 3426 1288 3470 τοῦ
1349 3425 1615 3491 Ζαχαρίου
1683 3422 1793 3474 υἱὸν

167 3505 218 3558 ἐι
280 3515 344 3578 τῇ
418 3504 626 3579 ἐρήμῳ,
685 3509 774 3556 καὶ
848 3502 995 3562 ἦλθεν
1069 3510 1138 3569 εὶς
1190 3511 1283 3565 τὴν
1350 3514 1644 3583 περίχωρον
1700 3519 1792 3562 τοῦ

165 3592 472 3666 Ἰορδάνου.
538 3595 748 3649 Ταύτην
828 3598 999 3645 τοίνυν
1068 3599 1160 3653 τὴν
1230 3601 1523 3671 περίχωρον
1576 3600 1601 3650 6
1651 3606 1792 3652 Ματ-

164 3687 315 3747 θαίος
371 3687 574 3755 ἔρημον
622 3690 717 3744 τῆς
749 3678 1013 3743 Ἰουδαίας
1056 3683 1308 3758 ὠνόμασε.
1365 3688 1462 3738 Δύο
1507 3689 1607 3761 γὰρ
1646 3697 1791 3741 νοοῦ-

161 3793 258 3844 μεν
291 3772 533 3844 ἐρήμους
566 3787 578 3800 ⁸
613 3774 736 3842 μίαν
783 3773 872 3842 μὲν
923 3775 1017 3828 τὴν
1085 3769 1374 3846 ἑνδοτέραν,
1419 3773 1504 3846 ἀφ’
1545 3776 1607 3836 ἧς
1634 3772 1780 3834 ἦλθε·

163 3858 428 3933 δευτέραν
459 3856 546 3925 δὲ,
587 3862 683 3916 τὴν
727 3862 868 3932 παρὰ
917 3861 1034 3931 (62)
1058 3864 1142 3912 τόν
1183 3857 1472 3934 Ἰορδάνην⁷
1505 3863 1580 3937 ἐφ’
1625 3867 1686 3924 ἣν
1715 3864 1790 3928 ἐξ-

161 3947 319 4006 ἦλθε.

244 4042 350 4090 Καὶ
428 4035 593 4106 λέγων
657 4067 724 4076 -
783 4037 812 4094 ἠ
869 4034 1110 4108 βασιλεία
1176 4046 1272 4090 τῶν
1341 4039 1593 4113 οὐρανῶν.
1681 4049 1786 4096 Με-

163 4132 421 4189 τανοεῖτε,
474 4127 660 4196 φησιν,
715 4123 791 4196 ἐφ’
840 4121 912 4184 οἷς
968 4128 1302 4200 ἡμαρτήκατε
1337 4148 1349 4160 ·
1385 4132 1571 4200 ἧγγικε
1616 4133 1716 4204 γὰρ
1761 4133 1787 4183 6

163 4218 433 4284 Χριστος,
487 4212 663 4264 ὀπίσω
705 4231 805 4284 μου
841 4212 1119 4286 ἐρχόμενος
1161 4215 1362 4288 (τοῦτον
1400 4219 1498 4290 γὰρ
1546 4225 1633 4269 νῦν
1683 4217 1788 4271 ὀνο-

157 4301 336 4372 διάξει
369 4299 651 4372 βασιλείαν
702 4301 950 4376 οὐρανῶν,
983 4307 1052 4366 ὡς
1107 4302 1332 4374 βασιλέα
1367 4304 1622 4379 οὐράνιον,
1655 4311 1789 4360 κατὰ

155 4396 272 4446 τήν
317 4390 586 4459 ὗεότητα),
639 4390 689 4449 ὃς
756 4392 1004 4465 εὑρίσκων
1056 4393 1191 4464 ὑμᾶς
1235 4401 1626 4465 μετανοοῦντας,
1682 4392 1785 4448 δω-

155 4484 395 4549 ρήσεται
427 4481 618 4549 ἄφεσιν
649 4486 748 4529 τῶν
780 4479 891 4550 (63)
924 4481 1318 4552 ἡμαρτημένων.

241 4565 315 4619 ’Β
370 4565 654 4639 βασιλείαν
710 4568 937 4638 οὐρανῶν
1001 4569 1134 4639 λέγει
1217 4574 1310 4628 τήν
1379 4569 1639 4624 πολιτείαν
1689 4581 1788 4624 τῶν

156 4655 422 4725 ἐγχεῖων,
482 4655 550 4713 ἣν
602 4658 628 4707 6
678 4660 903 4725 Χριστὸς
951 4659 1070 4710 ὅσον
1098 4662 1240 4710 οὔπω
1288 4661 1572 4732 νομοθετεῖν
1621 4661 1791 4733 ἔμελλε

157 4741 264 4794 διὰ
318 4754 417 4796 τῶν
479 4744 826 4816 εὐαγγελικῶν
875 4744 1109 4803 ἐντολῶν.
1171 4752 1386 4819 Λέγεται
1437 4744 1497 4800 δι
1544 4745 1792 4821 βασιλεία

155 4832 405 4902 οὐρανῶν
453 4839 548 4885 καὶ
597 4836 628 4892 ἠ
684 4832 973 4896 ἀπόλαυσις
1019 4843 1119 4888 τῶν
1173 4834 1220 4888 ἄν
1263 4837 1501 4912 οὐρανοῖς
1546 4835 1779 4908 ἀγαθῶν.

154 4921 335 4976 Δκὶοί
381 4918 442 4974 δἐι
486 4927 578 4974 καὶ
632 4922 761 4976 ἄλλα
807 4922 1014 4976 πλείονα
1059 4927 1117 4977 τὸ
1161 4926 1321 4998 ὄνομα
1375 4935 1468 4988 τῆς
1517 4923 1791 4998 βασιλείας

154 5016 271 5060 τῶν
325 5010 579 5086 οὐρανῶν,
642 5011 1036 5084 πολυσήμαντον
1102 5012 1177 5082 ὃν,
1227 5015 1293 5076 ὡς
1334 5017 1598 5087 προϊόντες
1643 5015 1792 5089 εὑρὴ-

159 5114 363 5169 σθω.

1903 1909 2028 1961 erat
2061 1906 2389 1976 sapientia:
2425 1905 2560 1960 ideo
2622 1910 2850 1962 tantam
2908 1906 3273 1978 exspectavit
3300 1912 3553 1963 aetatem.

1903 1993 2167 2049 Primum
2211 1993 2504 2065 siquidem
2557 1993 2818 2049 lubricas
2869 1994 3276 2066 pertransiens
3327 1999 3551 2061 tetates,

1904 2098 2120 2153 nempe
2133 2081 2471 2154 pueritiam,
2497 2097 2632 2153 quas
2657 2082 2908 2137 multam
2930 2081 3112 2137 habet
3131 2083 3557 2154 insipientiam,

1905 2171 2387 2239 adolescentiam,
2418 2171 2588 2240 cujus
2616 2175 2703 2226 est
2731 2171 3107 2226 vehementia
3137 2171 3556 2243 'voluptatum;

1902 2261 2296 2331 juventutem,
2339 2260 2395 2314 in
2428 2275 2550 2332 qua
2581 2259 2768 2315 nimia
2811 2265 2901 2315 est
2929 2259 3221 2324 avaritia;
3261 2267 3468 2332 postea
3498 2260 3558 2318 in

1908 2353 2078 2404 aetate
2095 2347 2393 2413 virili,tam
2423 2348 2625 2421 quoad
2647 2363 3076 2420 corpus,quam
3094 2349 3294 2421 quoad
3311 2349 3566 2421 pruden-

1909 2437 2072 2502 tiam,
2099 2437 2258 2493 venit
2309 2437 2388 2493 ad
2442 2437 2747 2509 baptisma
2781 2459 2793 2492 :
2823 2443 2888 2494 ut
2917 2438 2994 2493 ab
3039 2437 3154 2493 hoc
3189 2437 3562 2495 demonstra-

1911 2530 2024 2592 tus,
2066 2526 2348 2598 deinceps
2399 2526 2612 2582 docere
2657 2526 2957 2599 inciperet,
3002 2528 3292 2599 signaque
3331 2528 3549 2585 facere.

1911 2618 2153 2688 Propter
2174 2615 2284 2671 hoc
2302 2615 2460 2670 enim
2488 2616 2665 2671 etiam
2685 2619 2825 2671 tunc
2837 2615 3282 2672 JoannesaDeo
3308 2617 3558 2673 mittitur

1913 2705 1991 2760 ad
2024 2704 2364 2769 Iordanem,
2392 2704 2728 2776 prmdicans
2758 2705 3150 2775 baptismum,
3185 2709 3248 2759 ut
3277 2703 3560 2776 baptismi

1914 2810 2097 2850 causa
2138 2793 2304 2849 multi
2347 2797 2783 2863 concurrerent,
2817 2797 2874 2848 et
2902 2793 2963 2848 in
3002 2793 3201 2849 medio
3234 2793 3559 2850 multorum

1913 2889 2115 2940 astans
2172 2882 2453 2947 Christus,
2505 2881 2911 2938 testimonium
2963 2882 3276 2954 acciperet,
3337 2881 3562 2938 inferne

1911 2973 2154 3044 quidem
2184 2987 2219 3027 a
2244 2973 2494 3039 Joanne,
2530 2986 2786 3043 superne
2817 2986 2959 3026 vero
2988 2987 3023 3027 a
3052 2972 3222 3031 Eatre
3253 2975 3308 3027 et
3342 2971 3564 3044 Spiritu

1911 3065 2139 3125 'sancto,
2165 3064 2222 3116 et
2257 3060 2397 3116 hinc
2423 3076 2526 3115 eos
2565 3060 2890 3124 attrahens,
2924 3059 3210 3134 inciperet
3238 3061 3422 3118 sacris
3456 3060 3564 3117 ini-

1828 3174 1867 3228 ρ
1910 3150 2074 3216 tiare,
2099 3148 2384 3204 miracula
2409 3151 2601 3204 edere.

1979 3237 2142 3294 Unde
2172 3241 2370 3292 autem
2403 3237 2560 3291 venit
2586 3238 2844 3292 Joannes
2873 3238 2902 3292 ‘I
2929 3237 3018 3292 Ab
3044 3237 3305 3292 interiori
3335 3253 3558 3294 eremo.

1903 3327 1994 3383 Ait
2023 3324 2184 3381 enim
2209 3325 2430 3383 Lucas:
2465 3325 2704 3380 Factum
2736 3331 2819 3380 est
2851 3324 3086 3380 verbum
3120 3325 3356 3380 Domini
3383 3341 3564 3394 super

1902 3415 2197 3479 Joannem,
2253 3413 2556 3469 Zachariae
2607 3413 2817 3482 ﬁlium,
2877 3413 2938 3468 in
2986 3413 3214 3469 deserto
3247 3429 3261 3478 ;
3293 3419 3345 3468 et
3401 3413 3563 3469 venit

1901 3503 1964 3560 in
2009 3504 2318 3573 regionem,
2369 3517 2498 3572 quae
2541 3501 2702 3558 circa
2746 3502 3061 3558 Jordanem
3128 3502 3327 3557 erat".
3389 3502 3553 3558 Hanc

1902 3593 2077 3663 igitur
2126 3593 2454 3661 regionem,
2494 3605 2626 3663 quae
2677 3589 2836 3646 circa
2882 3589 3207 3646 Jordanem
3247 3594 3393 3656 erat,
3422 3593 3558 3647 Mat-

1901 3681 2086 3737 thzeus
2115 3681 2415 3736 desertum
2434 3679 2768 3735 nominavit
2791 3679 3041 3734 Judasaa.
3076 3680 3236 3735 Duas
3261 3679 3558 3751 siquidem

1901 3771 2093 3826 innuit
2146 3785 2376 3826 eremos
2415 3793 2427 3824 :
2474 3785 2658 3824 unam
2705 3768 3071 3836 interiorem,
3118 3783 3155 3824 a
3209 3784 3332 3840 qua
3388 3768 3548 3824 venit

1897 3862 2156 3916 Joannes
2191 3875 2204 3925 ;
2265 3859 2536 3922 alteram,
2576 3873 2714 3931 quas
2753 3857 2913 3913 circa
2961 3857 3285 3913 Iordanem
3322 3861 3445 3914 erat
3479 3855 3560 3912 ad

1899 3964 2084 4022 quam
2108 3949 2287 4004 venit.

1971 4040 2132 4093 Vers.
2164 4041 2216 4092 2.
2238 4037 2318 4092 Et
2347 4036 2544 4092 dicens
2561 4067 2628 4077 —
2653 4051 2894 4107 regnum
2919 4035 3209 4091 ca’lorum.
3243 4034 3551 4106 Pmniteat,

1896 4117 2112 4199 inquit,
2145 4141 2254 4181 vos
2287 4141 2555 4182 errorum
2586 4130 2923 4180 vestrorum
2951 4142 2970 4196 ;
3001 4123 3182 4180 instat
3211 4124 3370 4180 enim
3403 4124 3561 4180 Chri-

1899 4212 2192 4286 stus,qui,
2224 4217 2356 4284 post
2374 4229 2470 4268 me
2499 4217 2784 4268 venturus
2802 4217 2889 4267 est
2919 4211 3084 4283 (nam
3102 4212 3263 4267 hunc
3286 4211 3560 4268 nominat

1897 4304 1993 4360 hic
2047 4317 2302 4372 regnum
2351 4300 2660 4364 caelorum,
2715 4304 2919 4372 utpote
2945 4299 3244 4355 caelestem
3314 4301 3554 4368 Regem,

1898 4390 2231 4449 secundum
2314 4389 2762 4459 divinitatem):
2831 4388 2936 4460 qui
2983 4389 3031 4442 si
3085 4403 3193 4442 vos
3265 4385 3558 4442 invenerit

1899 4481 2329 4554 resipiscentes,
2360 4477 2610 4534 donabit
2635 4481 3017 4550 peccatorum
3043 4476 3482 4532 remissionem.

1969 4570 2067 4626 Vel
2095 4585 2348 4640 regnum
2374 4567 2658 4622 ccelorum
2707 4565 2849 4621 dicit
2881 4565 3144 4638 politiam
3196 4565 3552 4637 angelicam,

1899 4674 2082 4730 quam
2125 4657 2386 4716 Christus
2439 4654 2624 4728 paulo
2680 4661 2816 4726 post
2867 4654 3218 4710 conditurus
3273 4658 3401 4710 erat
3450 4671 3558 4727 per

1899 4747 2244 4817 evangelica
2274 4749 2589 4818 praecepta.
2623 4743 2842 4800 Dicitur
2871 4759 3116 4816 quoque
3145 4759 3396 4814 regnum
3443 4759 3555 4800 cos-

1897 4836 2115 4902 lorum,
2147 4835 2346 4892 fruitio
2395 4833 2723 4890 caelestium
2772 4833 3093 4890 bonorum.
3147 4833 3454 4903 Signiﬁcat
3500 4838 3557 4890 et

1899 4923 2014 4981 alia
2026 4923 2198 4996 plura
2215 4938 2436 4980 nomen
2448 4920 2616 4979 varie
2636 4921 3101 4992 signiﬁcativum
3125 4937 3366 4994 regnum
3391 4922 3556 4980 caelo-

1899 5029 2047 5080 rum,
2075 5015 2252 5086 prout
2275 5011 2337 5069 in
2368 5010 2759 5086 sequentibus
2788 5010 2897 5070 erit
2924 5010 3208 5069 invenire.

1391 5228 1619 5298 Variae
1656 5227 1986 5298 lectiones
2018 5234 2086 5295 et
2123 5232 2327 5294 notae.

241 5338 298 5372 “
326 5336 444 5396 Luc
473 5338 567 5411 Ill,
591 5339 679 5396 23.
716 5342 759 5377 ‘7
795 5343 854 5399 L.
885 5343 977 5414 Ill,
1010 5343 1096 5401 23.

194 5533 206 5541 ,
221 5462 375 5543 (691
383 5463 476 5543 ,ια
491 5469 739 5543 uterque
751 5465 966 5543 Codex.
989 5467 1311 5543 Hentenius
1332 5467 1393 5543 id
1411 5483 1530 5524 non
1548 5483 1785 5543 expres-

153 5534 262 5605 sit.
321 5534 456 5589 libi
504 5536 564 5591 in
609 5534 870 5593 mentem
912 5539 1202 5604 veniebat,
1266 5539 1550 5605 ἁπολύτως,
1609 5534 1782 5597 abso-

359 5605 912 5688 Egtghrysostomo,
957 5609 1216 5688 quibam
1256 5616 1466 5671 tractat
1495 5603 1543 5668 ί..
1568 5614 1679 5683 VII,
1712 5629 1775 5684 ρ.

160 5679 276 5733 139
309 5673 462 5733 nihil
489 5678 551 5736 in
580 5673 736 5738 hanc
761 5673 902 5740 rem
920 5673 1188 5740 eﬁcitur.

1992 5539 2083 5613 62)
2123 5543 2358 5613 Περὶ-τόν
2381 5539 2446 5594 Α.

1989 5467 2078 5540 61)
2118 5471 2408 5540 Σηρῦσσειν
2440 5467 2500 5521 Β.

1989 5469 2049 5524 61
2118 5471 2408 5540 Σηρῦσσειν
2440 5467 2500 5521 Β.

1965 5467 2083 5684 ἓωξ
2123 5543 2358 5628 Περὶρτόν
2381 5539 2446 5594 Α.
2520 5609 2532 5624 ι

1989 5615 2052 5668 63
2115 5617 2224 5666 Των
2243 5629 2632 5687 αμαρτηματων
2655 5612 2723 5666 Α.
