3990 6206
441 307 547 363 159

1770 298 2118 356 EUTHYMII
2157 298 2489 357 ZIGABENI
3700 307 3794 363 {60

512 432 679 488 Vers.
714 429 767 486 3.
800 430 915 489 Hic
957 462 1025 473 —
1075 431 1309 489 semitas
1374 432 1528 501 ejus.
1586 430 1706 486 Vox
1762 427 2085 496 clamantis,

2269 428 2431 491 Οὗτος
2489 460 2558 470 --
2612 432 2704 492 τὰς
2759 429 2973 504 τρίϐους
3025 431 3209 487 αὐτοῦ.
3286 434 3379 497 Τὸ,
3438 436 3581 491 Φωνὴ
3643 431 3794 507 βοῶν-

436 520 741 576 defectiva
784 525 872 577 est
922 522 1135 577 oratio.
1185 520 1533 592 Intelligitur
1589 519 1795 575 enim:
1843 518 1965 574 νοτ
1996 532 2089 572 su-

436 609 625 665 baudi
658 610 762 681 (est
793 610 932 665 mihi
962 612 1079 666 viri
1104 612 1419 666 clamantis
1451 611 1511 666 in
1553 607 1820 676 deserto),
1853 605 1953 662 illo
1985 606 2091 661 sci-

436 699 589 764 licet,
617 698 783 770 quod
826 704 911 754 est
940 700 1103 771 apud
1125 699 1450 755 Jordanem
1481 716 1494 765 ;
1525 697 1833 755 clamantis
1865 700 2087 761 autem,

436 805 571 860 quae
595 793 957 860 sequuntur:
980 791 1195 845 Parate
1217 790 1368 844 viam
1392 789 1641 855 Domini,
1661 792 1769 843 etc.
1790 786 1957 841 Viam
1988 800 2089 840 au-

439 881 559 932 tem
586 878 840 942 Domini,
864 882 919 933 et
945 879 1183 933 semitas
1204 878 1333 947 ejus
1362 885 1535 932 vocat
1560 877 1813 942 animas,
1839 875 1914 930 ad
1938 889 2090 947 quas

437 970 759 1021 venturum
786 971 910 1020 erat
934 966 1175 1021 verbum
1210 965 1521 1034 Evangelii
1557 981 1569 1020 :
1600 980 1756 1036 quas
1784 962 1960 1018 etiam
1992 977 2093 1035 pa-

437 1067 571 1108 rare
603 1053 967 1117 exhortatur,
999 1054 1121 1109 sive
1152 1053 1447 1109 mundare
1477 1054 1877 1108 instrumento
1909 1050 2095 1122 poeni-

437 1141 652 1207 tentiae,
686 1140 1070 1198 aﬁectionum
1108 1142 1315 1214 spinas
1340 1141 1727 1206 extrahendo,
1767 1139 1990 1213 peccati
2014 1139 2097 1195 la-

439 1228 612 1300 pides
662 1230 968 1301 ejiciendo,
1004 1236 1059 1287 et
1084 1231 1164 1287 ita
1186 1247 1401 1287 suaves
1444 1247 1514 1288 ac
1547 1230 1759 1288 molles
1788 1229 1868 1287 ad
1906 1228 2095 1301 ipsius

444 1320 893 1391 susceptionem
924 1319 1259 1376 efﬁciendo.

513 1500 674 1552 Vers.
717 1500 770 1553 4.
804 1500 922 1570 Ipse
948 1529 1013 1538 —-
1046 1500 1161 1554 mel
1211 1499 1491 1555 silvestre.
1538 1496 1796 1553 Meminit
1822 1500 1875 1553 et
1901 1496 2099 1571 vestis,

441 1588 497 1641 et
525 1584 640 1640 cibi
693 1587 839 1656 ejus,
873 1586 1194 1641 ostendens
1251 1591 1308 1642 et
1359 1601 1651 1658 pannum,
1712 1590 1768 1641 et
1821 1584 2102 1657 simplici-

440 1678 623 1729 tatem
683 1690 889 1730 eorum
951 1676 1065 1746 (j):
1123 1679 1179 1730 et
1238 1690 1344 1747 per
1390 1676 1516 1730 haec
1564 1674 1788 1730 docens
1836 1673 2100 1745 corporis

2198 537 2286 579 τος
2348 516 2395 569 ἐν
2447 526 2508 590 τῇ
2569 518 2764 591 ἐρήμῳ,
2825 519 3138 573 ἐλλειπτικον
3197 520 3334 576 ἐστι.
3411 527 3621 574 Νοεῖται
3676 527 3790 595 γὰρ,

2199 608 2278 659 ὅτι
2314 612 2457 665 Φωνὴ
2505 607 2802 669 ἐξακούεταί
2848 629 2936 681 μοι
2986 607 3176 683 ἀνδρὸς
3217 609 3443 682 βοῶντος
3482 610 3531 662 ἐν
3577 619 3637 683 τῇ
3690 610 3792 683 ἐρήο

2199 716 2299 766 μῳ,
2336 693 2544 755 δηλαδὴ
2569 704 2629 769 τῇ
2659 700 2802 768 παρά
2821 701 2905 749 τὸν
2928 696 3196 771 Ἰορδάνην
3232 721 3243 732 ·
3276 698 3502 771 βοῶντος
3531 697 3589 752 δὲ
3610 707 3785 752 ταῦτα.

2203 784 2545 855 Ἑτοιμάσατε
2601 791 2693 843 τὴν
2752 784 2873 839 ὁδὸν
2932 794 3147 859 Κυρίου,
3200 793 3289 840 καὶ
3345 790 3414 839 τὰ
3462 789 3593 850 ἑξῆς.
3648 784 3792 839 Ὀδὸν

2204 871 2262 926 δὲ
2303 879 2497 946 Κυρίου
2552 879 2639 926 καί
2686 875 2895 949 τρίϐους
2945 876 3103 928 αὐτοῦ
3155 876 3300 928 καλεῖ
3353 879 3445 939 τὰς
3497 877 3702 948 ψυχὰς,
3736 879 3792 927 ὧν

2204 961 2479 1014 ἐπιϐαίνειν
2535 963 2728 1035 ἔμελλεν
2783 964 3004 1036 ὀλογος
3057 972 3148 1017 τοῦ
3208 965 3543 1036 Εύαγγελίου,
3603 966 3659 1026 ἀς
3715 970 3790 1017 καὶ

2205 1056 2544 1124 προτρέπεται
2598 1052 2904 1125 ἑτοιμάζειν,
2965 1056 3125 1125 ἡγουν
3181 1056 3468 1129 καθαίρειν,
3527 1062 3598 1124 τῷ
3657 1053 3795 1129 ἔργα·

2205 1140 2321 1212 λείῳ
2374 1150 2467 1201 τῆς
2528 1147 2800 1213 μετανοίας
2861 1142 3200 1204 ἀνασπῶντας
3272 1146 3361 1215 μὲν
3437 1146 3528 1205 τὰς
3579 1142 3793 1205 ἀκάνθας

2207 1240 2305 1283 τῶν
2357 1232 2554 1295 πάθών,
2615 1230 2945 1304 ἐκρίπτοντας
2998 1230 3056 1285 δὲ
3113 1236 3228 1292 τοὺς
3278 1231 3454 1293 λίθους
3506 1241 3601 1293 τῆς
3632 1232 3792 1305 ἁμαρ-

2208 1324 2343 1384 τίας,
2376 1324 2465 1370 καὶ
2519 1320 2682 1382 οὕτως
2732 1321 2930 1383 εὐθείας
2985 1326 3073 1373 καὶ
3126 1321 3322 1394 ὁμαλὰς
3376 1322 3529 1384 αὐτὰς
3578 1320 3794 1395 ἀπεργά-

2211 1408 2399 1468 ζεσθαι
2426 1411 2555 1482 πρὸς
2584 1406 2861 1482 ὑποδοχὴν
2888 1410 3071 1468 αὐτοῦ.

2282 1497 2447 1557 Αὐτὸς
2484 1529 2553 1537 -—
2600 1498 2713 1570 μέλι
2755 1501 2954 1573 ἄγριον.
2999 1500 3375 1572 Ἐμνημόνευσε
3421 1504 3510 1551 καὶ
3550 1507 3640 1559 τῆς
3687 1519 3796 1552 στο-

2210 1585 2319 1648 λῆς,
2370 1592 2458 1638 καὶ
2512 1596 2601 1648 τῆς
2653 1598 2843 1660 τροφῆς
2896 1589 3074 1650 αὐτοῦ,
3133 1576 3378 1642 δεικνύων
3426 1592 3483 1641 τὸ
3523 1588 3661 1639 λιτὸν
3718 1594 3797 1639 καὶ

2215 1672 2432 1747 σχέδιον
2476 1676 2664 1739 αὐτῶν,
2706 1682 2794 1728 καὶ
2848 1674 3139 1741 διδάσκων,
3186 1680 3348 1752 μικρά
3386 1680 3474 1749 μὲν
3519 1681 3795 1749 φροντίζειν

440 1762 755 1819 minimam
772 1763 1119 1819 habendam
1138 1779 1265 1819 esse
1287 1779 1511 1829 curam,
1528 1762 2092 1835 despiciendamque

2215 1772 2300 1815 τοῦ
2360 1771 2621 1837 σώματος,
2669 1773 3000 1841 καταφρονεῖν
3060 1763 3117 1819 δε
3178 1776 3267 1827 τῆς
3324 1765 3666 1825 πολυτελείας.
3721 1770 3797 1822 Μὴ

441 1853 985 1924 sumptuositatem.
1046 1856 1124 1909 Ne
1155 1868 1393 1924 quaeras
1446 1856 1668 1920 autem,
1723 1851 1858 1924 quis
1897 1850 1977 1906 illi
2000 1866 2100 1905 ve-

442 1945 593 1996 stem
658 1941 911 2007 texebat,
968 1946 1070 1997 aut
1136 1942 1295 1997 unde
1346 1956 1558 1997 zonam
1612 1940 1890 1996 habebat.
1923 1939 2098 1996 Multo

441 2030 599 2086 enim
632 2031 825 2101 magis
865 2030 1286 2087 admirandum
1331 2034 1437 2099 est,
1469 2030 1777 2102 quomodo
1806 2030 1866 2084 in
1898 2045 2098 2084 eremo

443 2137 479 2176 a
508 2136 694 2192 puero
726 2121 877 2177 aeris
904 2119 1289 2194 inaequalitati
1308 2136 1414 2192 per
1435 2119 1613 2175 talem
1636 2124 1872 2175 aetatem
1894 2134 2099 2175 assue-

443 2207 637 2263 factus
662 2213 766 2264 est.
801 2209 862 2263 ld
885 2214 1086 2264 autem
1115 2223 1304 2263 unum
1354 2207 1523 2273 scito,
1573 2207 1739 2280 quod
1771 2209 1949 2263 etiam
1975 2206 2094 2275 illa,

444 2297 645 2353 divina
723 2299 776 2353 ei
834 2297 1180 2370 provisione
1228 2296 1862 2361 subministrabantur,
1908 2303 1963 2352 et
2015 2296 2096 2352 ita

446 2386 797 2442 afﬂictiones
819 2386 1157 2442 sufferendo
1188 2385 1632 2459 perseverabat.

516 2476 795 2531 Locustas
823 2491 963 2531 vero
986 2476 1233 2548 quidam
1251 2475 1573 2531 herbarum
1586 2489 1714 2531 esse
1738 2474 1995 2545 virgulta
2013 2474 2094 2546 (ὲ)

445 2564 720 2620 dixerunt
739 2583 750 2632 ;
767 2565 1015 2636 quidam
1033 2569 1232 2620 autem
1260 2564 1509 2621 herbam
1531 2564 1746 2620 dictam
1763 2563 2094 2631 locustam;

442 2652 538 2710 alii
568 2669 703 2709 vero
750 2654 944 2725 ipsum
992 2653 1200 2709 insecti
1254 2669 1461 2722 genus.
1529 2653 1741 2709 Dicunt
1787 2654 1946 2709 enim
2003 2669 2098 2707 us-

442 2757 559 2816 que
619 2742 697 2798 ad
760 2743 1119 2799 hodiernum
1180 2742 1358 2806 diem,
1393 2743 1454 2798 in
1496 2741 1611 2798 illis
1651 2742 1922 2814 partibus
1978 2741 2099 2813 ple-

440 2846 659 2903 rosque
682 2831 827 2887 illud
860 2832 1032 2887 edere
1061 2831 1230 2887 fumo
1287 2831 1614 2896 siccatum;
1656 2835 1709 2886 et
1764 2831 1967 2902 ipsum
2015 2831 2097 2886 in-

441 2925 527 2975 ter
555 2920 841 2976 animalia
888 2920 1117 2976 munda
1176 2919 1584 2989 legislatorem
1616 2919 2046 2975 adnumerasse
2076 2938 2093 2991 ;

440 3008 663 3064 habere
694 3013 893 3064 autem
918 3024 1161 3078 gravem
1174 3008 1443 3078 odorem,
1460 3007 1808 3080 malumque
1831 3014 2092 3078 gustum.

448 3096 711 3151 Primum
770 3100 973 3152 tamen
1026 3096 1222 3169 potius
1288 3097 1612 3153 tenendum
1660 3102 1769 3153 est.
1811 3097 1916 3154 Mel
1950 3114 2099 3170 quo-
2132 3126 2172 3183 ρ

444 3200 560 3258 que
613 3184 879 3241 silvestre
908 3186 968 3242 in
995 3191 1301 3259 petrarum
1332 3185 1610 3241 scissuris
1662 3186 1739 3243 ab
1764 3187 2097 3257 agrestibus

445 3272 661 3346 apibus
682 3274 993 3331 conﬁcitur
1021 3291 1033 3329 :
1069 3274 1172 3330 sed
1204 3291 1479 3331 amarum
1505 3282 1591 3330 est
1620 3290 1690 3331 ac
1719 3275 1987 3331 insuave.

513 3364 556 3433 ἦ·
594 3362 816 3421 Habitu
842 3364 1019 3420 etiam
1078 3363 1458 3436 praedicabat,
1514 3369 1740 3419 vestem
1768 3378 1979 3433 gerens
2007 3364 2096 3420 lu—

443 3452 714 3521 gubrem.
749 3454 960 3509 Dicunt
985 3458 1181 3509 autem
1213 3453 1510 3509 camelum
1566 3452 1831 3508 medium
1857 3468 1987 3508 esse
2012 3453 2097 3507 in-

444 3544 531 3597 ter
554 3541 788 3597 munda
818 3541 1101 3597 animalia
1153 3545 1208 3597 et
1243 3540 1557 3596 immunda
1592 3558 1603 3605 ;
1660 3540 1793 3597 licet
1823 3541 1982 3596 enim
2003 3556 2098 3596 ru-

444 3630 629 3684 minet
655 3636 945 3701 tanquam
968 3628 1289 3696 mundum,
1322 3628 1549 3684 inferne
1577 3634 1773 3685 tamen
1808 3629 2097 3699 ungulam

446 3732 567 3772 non
624 3716 807 3772 habet
830 3716 1058 3772 ﬁssam.
1106 3716 1255 3782 Quia
1292 3716 1472 3786 igitur
1500 3718 1760 3773 Joannes
1803 3719 2097 3790 populum

444 3803 760 3861 Judaicum
791 3804 893 3876 qui
917 3804 1132 3860 misere
1163 3804 1425 3860 mundus
1470 3804 1818 3877 apparebat,
1853 3822 1923 3862 ac
1955 3823 2099 3879 gen-

444 3893 629 3957 tilem,
663 3893 768 3964 qui
825 3892 1175 3949 immundus
1208 3898 1351 3959 erat,
1400 3892 1478 3950 ad
1500 3894 1687 3949 Deum
1735 3894 2093 3963 adducebat,

445 3982 667 4038 idcirco
708 3980 858 4054 pilos
882 3980 1111 4038 ferebat
1140 3981 1533 4039 camelorum.

519 4160 736 4216 Omnes
796 4159 985 4216 sancti
1040 4158 1213 4215 cincti
1260 4176 1296 4218 a
1351 4159 1660 4232 Scriptura
1715 4160 2094 4229 inducuntur,

446 4249 540 4307 vel
569 4253 860 4323 tanquam
913 4264 1149 4321 semper
1170 4250 1231 4306 in
1275 4266 1453 4324 opere
1474 4250 1653 4323 positi
1686 4266 1697 4305 :
1732 4250 2097 4322 negligentes

448 4340 607 4398 enim
634 4345 688 4397 et
718 4340 956 4400 delicati
985 4358 1108 4401 non
1138 4341 1459 4415 cinguntur
1490 4359 1503 4394 :
1561 4340 1657 4397 vel
1707 4341 1849 4413 quia
1879 4356 2092 4397 concu-

2215 4340 2457 4413 τρυφηλοὶ
2510 4340 2568 4392 οὗ
2630 4344 2905 4403 ζώννυνται
2964 4337 3095 4410 (71).

2210 1851 2445 1926 ζητήσῃς
2494 1851 2571 1918 δὲ,
2638 1860 2717 1915 τίς
2768 1855 2949 1926 ύφηνεν
3003 1854 3141 1925 αὐτῷ
3198 1858 3255 1907 τὸ
3309 1851 3526 1926 ἔνδυμα,
3578 1856 3605 1912 ἢ
3654 1856 3795 1906 πόθεν

2209 1945 2337 2013 ἔσχε
2402 1947 2486 2000 τὴν
2542 1943 2726 2002 ζώνην·
2788 1942 2894 1995 ἐπεὶ
2949 1946 3364 2017 θαυμασιωτερον
3430 1942 3637 2015 μᾶλλον,
3698 1951 3799 2005 πῶς

2208 2030 2255 2082 ἐν
2312 2030 2484 2103 ἐρήμῳ
2527 2034 2766 2089 νηπιοθεν
2820 2032 2961 2106 ἀέρος
3018 2032 3332 2104 ἀνωμαλίαις
3385 2035 3514 2104 μετὰ
3560 2035 3793 2091 τοιαύτης

2206 2120 2409 2180 ἡλικίας
2456 2120 2666 2173 ἐπάλαιε
2695 2138 2707 2151 ⁸
2756 2126 2979 2192 γίνωσκε
3028 2118 3087 2174 δὲ
3134 2127 3305 2193 μονον,
3365 2123 3444 2173 ὅτι
3487 2124 3620 2173 κατὰ
3668 2122 3795 2172 θείαν

2205 2214 2446 2283 πρόνοιαν
2496 2209 2660 2261 ἐκεῖνά
2698 2229 2751 2262 τε
2790 2209 3064 2278 ἐκτήσατο,
3096 2216 3185 2263 καὶ
3217 2210 3327 2281 (64)
3377 2210 3584 2282 διήρκει
3634 2208 3800 2261 ταλαι-

2205 2301 2532 2374 πωρούμενος
2547 2342 2560 2355 .

2274 2472 2543 2549 Ἀκρίδας,
2577 2474 2635 2529 δὲ
2664 2480 2794 2539 τινες
2819 2480 2907 2549 μὲν
2943 2475 3221 2553 ἀκρέμονας
3253 2476 3363 2547 (65)
3398 2474 3627 2548 βοτανῶν
3677 2472 3803 2527 εἶναι

2207 2562 2365 2633 εἷπον,
2426 2568 2558 2626 τινες
2617 2562 2696 2631 δὲ,
2748 2566 2973 2639 βοτάνην
3033 2562 3229 2639 ἀκρίδα
3273 2564 3607 2637 καλουμένην,
3661 2561 3802 2615 ἄλλοι

2206 2650 2265 2706 δε
2303 2656 2361 2705 τὸ
2422 2657 2548 2717 ζῶον
2606 2654 2758 2709 αὐτὸ.
2803 2660 2937 2709 Φασί
3000 2657 3122 2729 γὰρ,
3174 2658 3335 2727 μέχρι
3382 2658 3470 2704 καὶ
3502 2656 3725 2725 σήμερον
3758 2650 3802 2701 ἐν

2205 2750 2309 2803 τοῖς
2362 2747 2568 2815 μέρεσιν
2621 2742 2831 2805 ἐκείνοις
2885 2743 3103 2805 πολλοὺς
3169 2745 3357 2795 ἐσθίειν
3416 2741 3540 2792 αὐτὸ
3600 2759 3802 2813 τεταρι-

2206 2836 2477 2904 χευμένον.
2546 2838 2645 2884 Καὶ
2714 2836 2814 2907 γὰρ
2881 2835 3010 2904 μετὰ
3064 2840 3161 2883 τῶν
3232 2832 3469 2902 καθαρῶν
3522 2829 3667 2889 ζώων
3718 2832 3805 2879 καὶ

2204 2928 2354 2971 τοῦτο
2398 2920 2549 2982 τάξαι
2580 2925 2665 2972 τὸν
2708 2922 2986 2992 νομοθέτην
3019 2938 3031 2949 ·
3066 2922 3204 2990 ἔχειν
3238 2915 3295 2971 δὲ
3328 2914 3547 2975 δυσώδη
3584 2922 3676 2968 καὶ
3715 2935 3802 2968 πο-

2205 3012 2364 3081 νηρὰν
2422 3018 2629 3080 γεῦσιν.
2708 3016 2947 3080 Κρεῖττον
3019 3004 3077 3060 δὲ
3154 3011 3212 3058 τὸ
3273 3015 3497 3079 πρῶτον.
3556 3006 3689 3057 Μελι
3748 3000 3804 3055 δὲ

2206 3101 2407 3171 ἄγριον,
2463 3102 2521 3150 τὸ
2579 3097 2625 3149 ἐν
2678 3106 2792 3159 ταῖς
2844 3106 2942 3149 τῶν
2994 3105 3190 3169 πετρῶν
3242 3101 3500 3167 σχισμαῖς
3550 3096 3652 3145 ὑπὸ
3707 3101 3803 3145 τῶν

2208 3187 2395 3263 ἀγρίων
2461 3187 2719 3260 μελισσῶν
2780 3188 3182 3260 γεωργούμενον,
3252 3188 3435 3258 πικρὸν
3502 3188 3589 3234 καὶ
3646 3178 3807 3241 ἀηδὲς

2208 3297 2285 3334 ον,

2276 3368 2317 3436 ἦ·
2356 3365 2446 3426 Εἰς
2487 3366 2598 3437 (66)
2652 3366 2921 3435 μετάνοιαν
2962 3363 3074 3433 (67)
3118 3360 3392 3435 παρεκάλει
3440 3364 3528 3412 καὶ
3574 3358 3680 3412 ἀπὸ
3720 3364 3810 3410 τοῦ

2208 3460 2507 3526 σχήματος.
2558 3455 2806 3511 Πενθικὴν
2852 3454 2953 3525 γὰρ
3000 3450 3113 3523 εἶχε
3159 3455 3249 3508 τὴν
3304 3449 3508 3507 στολὴν.
3572 3454 3812 3520 Λέγουσι

2207 3540 2284 3614 δὲ,
2344 3547 2436 3601 τὴν
2503 3541 2734 3614 κάμηλον
2790 3541 2983 3612 μεταξὺ
3070 3538 3197 3592 εἶναι
3253 3540 3483 3611 καθαροῦ
3542 3542 3634 3589 καὶ
3706 3539 3804 3608 μή.

2208 3634 2347 3685 Καθὸ
2391 3635 2478 3704 μὲν
2526 3633 2626 3704 γὰρ
2680 3634 2979 3704 μηρυκίζιι,
3036 3630 3262 3701 καθαρόν
3312 3626 3423 3678 ἐστι
3458 3642 3472 3657 ⁶
3504 3628 3637 3677 καθό
3704 3624 3815 3694 (68)

2207 3715 2265 3771 δὲ
2296 3719 2388 3771 οὐκ
2420 3722 2528 3771 ἔστι
2558 3716 2782 3790 δίχηλον
2837 3720 2968 3770 κατὰ
3017 3720 3138 3777 τοὺς
3168 3721 3382 3787 ὄνυχας,
3431 3714 3522 3766 οὐκ
3568 3716 3690 3765 ἐστι
3720 3732 3813 3763 κα-

2208 3810 2381 3883 θαρὸν,
2441 3807 2583 3862 Ἐπεὶ
2632 3804 2718 3859 οὖν
2775 3811 2863 3859 καὶ
2894 3808 2917 3857 ὁ
2948 3805 3181 3867 Ἰωάννης
3233 3808 3319 3855 τὸν
3373 3822 3426 3855 τε
3477 3802 3587 3873 (69)
3642 3802 3815 3853 καθα·

2204 3901 2292 3969 ρον
2338 3894 2593 3949 δοκοῦντα
2638 3896 2779 3961 λαὸν,
2835 3897 2919 3947 τὸν
2969 3890 3280 3961 Ἰουὸαῐκόν,
3319 3897 3407 3943 καὶ
3454 3894 3539 3942 τὸν
3582 3888 3823 3963 ἀκάθαρ-

2205 4004 2311 4052 τον,
2362 3988 2447 4037 τὸν
2497 3984 2711 4050 ἐθνικὸν,
2766 3992 3000 4057 προσῆγε
3046 3990 3116 4052 τῷ
3170 3988 3304 4051 Θεῷ,
3359 3979 3473 4052 (70)
3516 3976 3613 4031 διὰ
3666 3986 3823 4030 τοῦτο

2207 4071 2372 4146 ἐφόρει
2401 4076 2493 4135 τὰς
2518 4079 2711 4146 τρίχας
2742 4084 2833 4135 τῆς
2864 4071 3122 4145 καμήλου.

2279 4163 2320 4232 -ι-
2354 4165 2541 4224 Πάντες
2592 4165 2639 4214 οἱ
2680 4163 2823 4234 ἅγιοι
2872 4160 3151 4232 ἐζωσμένοι
3199 4158 3499 4229 εἰσάγονται
3557 4159 3710 4231 παρὰ
3760 4162 3823 4225 τῇ

2208 4257 2406 4325 Γραφῇ,
2462 4254 2531 4312 ὡς
2590 4256 2664 4303 ἀεὶ
2721 4250 2768 4302 ἐν
2819 4254 2949 4325 ἔργῳ
2998 4253 3151 4309 ὄντες.
3204 4249 3269 4298 Οἱ
3319 4248 3419 4319 γὰρ
3469 4243 3677 4317 ἀμελεῖς
3740 4246 3830 4295 καὶ

3157 4335 3221 4389 Ἥ
3275 4337 3357 4387 ὅτι
3400 4334 3698 4409 ἐνέκρωσαν
3764 4331 3832 4383 ra

1654 4489 1878 4560 Variae
1910 4491 2238 4559 lectiones
2272 4500 2337 4558 et
2378 4498 2580 4557 notae.

533 4661 642 4739 (64)
684 4662 726 4717 i.
775 4678 832 4719 e.
883 4660 1113 4739 διαρκῶς
1179 4661 1487 4737 ἐνεκαρτέρει
1534 4669 1595 4733 τῇ
1641 4661 1967 4736 ταλαιπωρίᾳ
2009 4666 2099 4713 καὶ

455 4731 849 4804 σκληραγωγίᾳ.

519 4786 635 4873 (66)
667 4786 819 4869 Ὀύό
840 4821 1019 4859 sensu
1036 4802 1218 4859 habet
1258 4804 1445 4867 Philo,
1489 4818 1627 4875 pag.
1652 4808 1776 4860 475.

523 4875 634 4947 (66)
680 4879 795 4930 Hoc
827 4880 885 4947 et
906 4876 1246 4947 proximum
1277 4873 1570 4931 scholium
1621 4875 1680 4929 in
1712 4874 1976 4943 margine
2002 4873 2099 4947 sui

451 4944 674 5002 codicis
704 4944 921 5018 reperit
948 4946 1269 5001 Hentenius
1304 4962 1316 5011 ;
1347 4947 1462 5002 mei
1484 4962 1603 5003 non
1624 4948 1977 5018 agnoscunt.
2002 4944 2101 5001 Est

452 5034 523 5074 ex
554 5017 1014 5088 Theophylacto,
1045 5033 1101 5088 p.
1130 5021 1212 5088 l7,
1257 5018 1347 5072 18.

526 5089 637 5159 (67)
681 5085 825 5160 Haec
856 5085 1197 5160 supplenda
1227 5093 1364 5160 sunt
1394 5087 1559 5159 apud
1588 5086 1963 5152 Hentenium,
1997 5085 2100 5159 qui

455 5157 655 5232 tamen
682 5157 949 5232 ἐκήρυσσε
972 5157 1471 5232 videtur_legisse'.

525 5230 634 5302 (68)
678 5229 844 5287 Forte
866 5232 1005 5282 κάτω
1036 5229 1250 5302 reperit
1280 5230 1627 5286 Hentenius.

524 5387 590 5460 (j)
622 5388 903 5460 Pannum
932 5395 986 5446 et
1009 5388 1442 5460 simplicitatem
1464 5404 1678 5446 eorum.
1702 5389 1972 5446 Parmam
2002 5386 2101 5443 ha-

450 5457 751 5515 betetiam
782 5460 961 5517 editio
1012 5457 1289 5532 princeps
1342 5461 1742 5532 Lovaniensis.
1796 5459 2102 5515 Habebam

452 5478 751 5515 neteuam
782 5478 961 5517 eamo
1056 5478 1289 5532 rmceps
1342 5478 1742 5517 Lovamensis.
1796 5478 2101 5515 nanenam

452 5546 563 5615 pro
588 5546 785 5613 errore
840 5478 1208 5615 typotB-etaa‘,‘
1225 5531 1687 5615 credebantque
1704 5532 2101 5615 interpretem

454 5603 713 5662 voluisse
733 5603 1015 5676 parcam.
1049 5603 1253 5663 Reddo
1284 5626 1298 5661 ε
1348 5603 1612 5664 Meminit
1637 5605 1812 5664 etiam
1840 5603 2023 5661 victus
2050 5607 2103 5660 et

2272 4660 2382 4732 (69)
2424 4658 2654 4721 Nescio,
2695 4655 3101 4732 undemisere
3139 4653 3416 4732 hauserit.
3444 4653 3836 4732 Hentenius.

2197 4723 2373 4787 Fo‘l‘te'
2411 4746 2513 4801 pro
2554 4736 2639 4781 τόν
2669 4750 2740 4793 τε,
2770 4728 2909 4799 legit
2936 4728 3349 4801 oixrpa‘ig._Nam
3381 4723 3603 4784 ἐλειινως
3630 4725 3842 4781 nimis

2207 4797 2450 4865 recedit,
2482 4809 2663 4862 Δεινῶς
2694 4797 2834 4856 vere
2868 4797 3113 4871 prorsus
3144 4797 3408 4871 alienum
3447 4801 3555 4850 est.

2280 4874 2394 4941 (70)
2438 4874 2537 4927 Hic
2569 4871 2796 4928 auctior
2825 4868 2913 4925 est
2950 4868 3449 4941 Theophylactus.

2278 4939 2391 5016 (Ἠ)
2434 4945 2537 5016 Htc
2587 4942 2882 5016 omissum
2918 4941 3043 5001 εὩς
3098 4939 3183 4991 νῦν
3232 4940 3280 4990 οἱ
3318 4946 3644 5016 ξαρακτίνοι.
3716 4939 3849 5016 Nisi

2210 5008 2394 5087 supra
2427 5015 2602 5087 etiam
2646 5014 2870 5069 omissa
2915 5016 3115 5087 essent
3159 5008 3439 5087 quaedam
3480 5008 3557 5062 ab
3604 5010 3851 5087 eodem

2210 5079 2419 5152 scriba,
2466 5086 2791 5159 crederem,
2836 5088 2995 5159 metu
3038 5079 3361 5159 Turcarum
3407 5079 3543 5159 haec
3596 5081 3858 5159 omissa

2210 5173 2358 5224 esse,
2400 5148 2567 5229 quod
2596 5155 2863 5212 codicem
2894 5154 3009 5210 illis
3038 5153 3099 5209 in
3130 5152 3271 5209 locis
3313 5148 3636 5206 scribebat.

2210 5386 2459 5443 amictus
2482 5387 2629 5455 ejus,
2659 5384 2967 5441 ostendens
2997 5398 3127 5441 eum
3160 5386 3386 5439 tenuem
3409 5384 3463 5436 et
3490 5378 3705 5449 facile
3737 5398 3871 5453 pa-

2208 5457 2913 5532 rabilem_(subitarlam).
2959 5526 2970 5532 _
3145 5526 3185 5532 __
3418 5522 3434 5532 ,
3481 5522 3581 5532 _,,

2211 5529 2364 5660 “(5M
2406 5522 2701 5601 Vir‘gulta.
2734 5522 3083 5585 Cacumina.
3145 5526 3231 5583 Ita
3277 5522 3441 5599 apud
3478 5522 3743 5593 Philon,
3788 5542 3860 5602 p.
