3990 6206
229 207 302 266 l6l
367 151 378 154 Π
1081 181 1436 252 COMMENT.
1478 189 1548 248 IN
1585 187 2024 248 MATTH/EUM.
2065 221 2132 230 —
2163 189 2320 246 CAP.
2354 180 2451 246 ΙῙῘ.

3359 185 3462 245 162

231 336 335 388 τάθη
380 339 444 388 τῆς
489 325 746 396 ἐπιθυμίας·
818 324 878 373 τὸ
939 323 1038 394 γὰρ
1088 316 1277 394 δέρμα,
1320 318 1503 392 νεκροῦ
1560 317 1696 378 ζώου

1831 315 2114 372 )iscentiaa
2134 313 2476 372 aﬂ‘ectiones
2505 313 2954 372 mortiﬁcarunt.
2975 311 3148 369 Pellis
3172 327 3459 386 namque,

227 426 312 474 εστὶ
328 423 458 491 μέρος.

271 515 364 561 Τότε
407 537 457 546 -
493 505 566 563 τὰς
618 501 876 575 ἁμαρτίας
941 500 1126 552 αὐτῶν.
1192 497 1538 572 ’Λνεπτέρωσε
1599 499 1701 569 ’γὰρ

221 598 402 658 ἅπαντας,
437 600 580 665 πρῶτα
622 592 735 660 μὲν,
780 590 811 646 ἡ
873 596 966 640 τοῦ
1009 586 1356 659 βαπτίζοντος
1416 584 1697 656 ὑπόληψις.

217 686 422 757 ἀρχιερέως
468 682 551 752 γὰρ
617 675 678 736 ἦν
715 680 850 747 υἱὸς,
907 682 997 728 καὶ
1049 677 1170 750 ἄρτι
1226 683 1429 748 πρῶτον
1489 676 1544 725 ἐκ
1609 681 1704 757 τῆς

218 773 356 846 ἐρήμου
402 767 577 831 κατέϐη,
626 765 816 826 πολλὰς
879 764 1059 840 ἀρετὰς
1108 764 1553 836 ἑπικομιζόμενος,
1617 747 1706 813 καὶ

219 860 290 912 ἀπὸ
335 864 458 931 μόνης
513 855 666 925 ὄψεως
735 853 924 911 πολλὴν
994 853 1359 926 ἀπήστραπτεν
1417 849 1700 904 εὐλάϐειαν·

214 947 381 1019 δεύτερον
407 943 471 1010 δὲ,
498 947 522 1002 ἡ
554 951 642 996 τοῦ
671 946 1008 1016 κηρύγματος
1036 943 1383 1012 καινοφάνεια·
1431 938 1702 1012 βασιλείαν

207 1040 278 1108 γὰρ
335 1035 517 1107 οὐρανῶν
598 1031 926 1103 κατήῃειλε,
998 1034 1115 1102 περὶ
1204 1029 1267 1090 ἧς
1338 1032 1453 1080 τότε
1502 1035 1701 1100 πρῶτον

205 1131 353 1182 imum-
375 1127 518 1193 τρίτον
549 1117 602 1173 δὲ
641 1125 732 1172 καὶ
760 1119 955 1187 πλεῖον,
983 1120 1007 1171 ὁ
1033 1122 1297 1193 προφήτης
1339 1117 1586 1181 Ἡσαῖασ,
1617 1119 1698 1168 τό·

199 1215 299 1268 φωνὴ
343 1209 533 1282 βοῶντος
576 1209 622 1261 ἐν
679 1217 742 1282 τῇ
800 1207 997 1283 ἐρήμῳ,
1022 1211 1133 1281 περὶ
1190 1209 1349 1259 αὑτοῦ
1398 1225 1702 1281 προαναφω-

195 1306 325 1360 νήσας.

243 1392 319 1439 Καὶ
377 1395 470 1447 πῶς
532 1382 703 1447 οὐδεὶς
765 1393 864 1436 τῶν
947 1383 1322 1456 εὐαγγελιστῶν
1395 1382 1699 1458 ἀνέγραψεν,

191 1477 246 1526 ὅτι
287 1477 306 1525 ὁ
342 1475 550 1536 Ἰωάννης
592 1473 781 1531 ἐϐόησε
839 1475 969 1546 πρὸς
1033 1476 1151 1534 τούς
1199 1471 1410 1544 ὄχλους·
1463 1472 1699 1543 Ἑτοιμά-

193 1581 280 1614 σατε
320 1567 394 1620 τήν
434 1559 546 1615 ὁδὸν
595 1567 816 1634 Κυρίου,
868 1565 932 1622 ὡς
984 1564 1010 1612 ὁ
1065 1567 1335 1635 προφήτης
1381 1565 1498 1634 περὶ
1542 1560 1702 1612 αὐτοῦ

189 1669 312 1721 erat;
361 1651 528 1713 Ῥητῶς
571 1654 660 1723 μὲν
721 1647 897 1710 οὐδεὶς
942 1649 1194 1723 ἀνέγραψε
1237 1650 1410 1717 τοῦτο,
1469 1649 1600 1709 εἰκὸς
1644 1645 1702 1701 δὲ
1731 1688 1770 1741 Β

190 1738 333 1809 {diem
365 1743 444 1812 μὲν
494 1739 641 1792 αὐτὸν
695 1744 787 1790 καὶ
853 1747 1028 1807 τοῦτο,
1084 1742 1155 1810 μή
1207 1736 1566 1812 ἀναγραφῆναι
1620 1733 1700 1806 δὲ,

185 1831 234 1886 ὡς
283 1828 430 1890 ἔξωθεν
494 1832 778 1900 νοούμενον.
853 1826 1050 1888 ’Ἄλλως
1105 1845 1160 1878 τε
1226 1823 1304 1893 δὲ,
1383 1829 1462 1887 τὸ,
1532 1833 1702 1878 Μετα-

183 1923 310 1980 min,
348 1923 428 1968 καὶ
482 1921 560 1984 τό,
625 1922 892 1974 Ποιήσατε
943 1919 1167 1987 καρπούς
1221 1913 1398 1976 ἀξίους
1464 1922 1559 1976 τῆς
1611 1933 1701 1986 με·

182 2009 354 2069 τανοεας,
400 2009 487 2057 ἶσα
548 2006 650 2058 εἰσὶ
704 2013 800 2072 τῶ,
861 2004 1202 2075 Ἑτοιμάσατε
1257 2007 1351 2061 τήν
1422 1999 1545 2055 ὁδὸν
1602 2009 1703 2055 Κυ-

180 2097 277 2164 ρίου.
323 2093 606 2166 Ἐτοιμασία
665 2095 766 2166 γὰρ
830 2098 921 2144 καὶ
990 2091 1338 2165 ἀνακάθαρσις
1389 2099 1483 2152 τῆς
1529 2088 1704 2150 δήλω-

185 2181 318 2242 9εἰσης
363 2179 477 2234 ὁδοῦ
505 2185 534 2240 ἡ
586 2183 853 2255 μετάνοια,
887 2185 976 2233 καὶ
1007 2183 1035 2239 ἡ
1091 2184 1417 2256 καρποφορία
1455 2189 1555 2232 τῶν
1593 2178 1706 2255 ἀρε-

178 2287 262 2322 τῶν,

230 2357 534 2432 Ἐξεπορεύετο
590 2355 649 2411 δὲ
702 2361 834 2433 πρὸς
891 2357 1046 2410 αύτὸν
1092 2357 1426 2432 Ἰεροσόλυμα
1475 2359 1505 2416 ἠ
1539 2356 1702 2428 πόλις,

174 2447 294 2496 timus
339 2449 382 2498 οὶ
432 2447 855 2522 Ἱεροσολυμῖται.
911 2446 1060 2498 Οὕτω
1106 2448 1207 2520 γὰρ
1241 2445 1372 2498 εἶπεν
1417 2448 1442 2498 ὀ
1473 2448 1701 2518 Μάρκος.

174 2531 332 2584 Ὀποίαν
356 2531 408 2587 δὲ
460 2532 683 2608 δύναμιν
740 2535 852 2608 εἶχε
899 2539 958 2587 τὸ
1007 2534 1286 2607 βάπτισμα
1314 2543 1406 2587 τοῦ
1447 2535 1702 2602 Ἰωάννου,

171 2626 236 2672 καὶ
261 2626 357 2674 τίνα
383 2620 632 2697 διαφορὰν
685 2628 812 2698 πρὸς
845 2627 904 2676 τὸ
937 2622 1216 2696 βάπτισμα
1269 2627 1326 2676 τὸ
1370 2625 1705 2694 νομοθετηθεν

176 2709 252 2760 ὑπὸ
297 2719 375 2762 τοῦ
413 2718 670 2785 Χριστοῦ,
721 2711 944 2787 ἀκριϐῶς
984 2713 1216 2784 εὑρήσεις
1257 2710 1304 2763 ἐν
1355 2719 1416 2784 τῇ
1467 2712 1708 2784 ἐξηγήσει

172 2804 238 2847 τοῦ
280 2803 392 2852 κατὰ
439 2804 651 2876 Μάρκον
716 2801 1052 2873 Εὐάγγελίου.
1110 2797 1552 2873 Ἐπιτηδειὸτερον
1606 2803 1705 2875 γὰρ

169 2880 229 2948 Eu,
295 2887 336 2937 ἐν
379 2889 533 2961 ἐκείνῃ
597 2893 794 2947 ταύτην
869 2890 1264 2963 ἑρμηνευθῆναι,
1344 2891 1463 2942 ἔνθα
1540 2897 1707 2942 κεῖται

167 2978 223 3023 to"
271 2981 355 3028 Καὶ
406 2982 687 3052 κηρύσσων
735 2977 1012 3051 βάπτισμα
1065 2981 1337 3049 μετανοίας
1403 2978 1474 3040 εἰς
1522 2979 1704 3050 ἄφεσιν

165 3060 395 3133 ἁμαρτιῶν.

216 3148 334 3202 Ἰδὼν
372 3150 427 3206 δε
455 3185 524 3195 -
559 3155 748 3229 ὀργῆς.
776 3159 846 3208 Τὸ
875 3159 1014 3226 γένος
1050 3163 1147 3207 τῶν
1179 3151 1445 3208 Ἰουδαίων
1480 3154 1709 3207 καλεῖται

163 3234 380 3312 διαφόροις
425 3242 670 3316 ὀνόμασι.
726 3248 980 3315 Λέγονται
1014 3246 1117 3318 γὰρ
1168 3243 1396 3317 Ἑϐραῖοι
1440 3247 1552 3316 μὲν,
1606 3242 1707 3295 ἀπὸ

163 3334 228 3377 τοῦ
260 3329 409 3404 Ἔϐερ,
443 3336 512 3393 ὡς
541 3337 863 3406 κεχρημένοι
911 3340 972 3404 τῇ
1023 3329 1278 3404 διαλέκτῳ
1323 3332 1503 3384 αὐτοῦ·
1550 3335 1708 3405 μόνου

159 3418 234 3489 γὰρ
280 3420 454 3472 ἐκείνου
516 3426 614 3480 τήν
668 3421 916 3494 γλῶσσαν
970 3420 1276 3493 ἀσύγχυτον
1325 3417 1631 3495 διετήρησεν
1683 3423 1708 3472 ὁ

162 3509 280 3575 Θεὸς,
303 3514 366 3578 μὴ
413 3509 735 3572 θελήσαντος
779 3518 1095 3569 κοινωνῆσαι
1125 3516 1229 3570 τοῖς
1272 3512 1358 3560 τὸν
1389 3512 1586 3584 πύργον
1616 3519 1710 3572 τῆς

157 3594 485 3666 (tandem;
540 3595 908 3670 οἰκοδομοῦσι.
945 3603 1203 3672 "por/ovo;
1232 3594 1291 3649 δὲ
1335 3594 1396 3655 ἦν
1434 3598 1583 3658 οὗτος
1616 3605 1708 3648 τοῦ

153 3680 350 3756 “iocata.
393 3687 727 3759 Ἰσραηλῖται
761 3684 841 3754 δὲ,
893 3686 992 3738 ἀπὸ
1050 3695 1142 3738 τοῦ
1175 3685 1384 3752 Ἰακὼϐ,
1440 3687 1508 3754 ὃς,
1582 3682 1708 3738 ἰδὼν

151 3766 187 3818 ἐι
288 3774 491 3846 κλίμακι
534 3781 624 3828 τὸν
657 3779 809 3841 Θεὸν,
848 3774 1190 3848 ἐπωνομάσθη
1237 3779 1326 3826 καὶ
1357 3774 1592 3847 Ἰσραήλ.
1638 3778 1708 3827 Τὸ

147 3862 226 3930 γὰρ
277 3860 495 3936 Ἰσραήλ,
557 3867 693 3938 ὀρῶν
750 3868 878 3917 Θεὸν
927 3863 1278 3938 ἑρμηνεύεται.
1347 3861 1596 3917 Ἰουδαῖοι
1650 3859 1709 3916 δὲ

151 3943 228 3997 ἐστο
262 3957 343 4000 τοῦ
383 3952 491 4020 (73)
526 3950 720 4019 Δαυῖδ,
779 3954 832 4004 ὃν
876 3951 926 4004 ἐκ
966 3962 1059 4014 τῆς
1112 3948 1292 4006 Ἰούδα
1324 3953 1482 4024 φυλῆς
1540 3951 1707 4004 ἐπιλε-

149 4035 322 4104 ξάμενος
351 4043 374 4091 ὁ
406 4045 533 4102 Θεὸς
585 4042 658 4103 εἰς
697 4045 792 4099 τήν
825 4039 1115 4113 βασιλείαν,
1148 4046 1238 4093 καὶ
1288 4049 1398 4102 τοῖς
1427 4040 1516 4093 ἀπ’
1550 4041 1709 4094 αὑτοῦ

149 4131 468 4197 Irrigat-:62;
535 4135 597 4182 τὸ
661 4129 958 4202 βασιλεύειν
1030 4128 1428 4204 ἀποκληρώσας,
1489 4129 1710 4202 ὀνομασ-

146 4217 218 4267 τήν
249 4217 362 4285 ἄγαν
389 4225 483 4276 τήν
518 4219 690 4290 φυλήν
722 4221 938 4284 ταύτην,
973 4221 1042 4279 ὡς
1066 4226 1156 4270 τοῦ
1183 4219 1368 4270 λοιποῦ
1400 4218 1707 4291 βασιλικὴν,

149 4301 364 4372 imitari,
432 4309 572 4360 ὥστε
651 4312 742 4358 καὶ
798 4310 921 4368 τοὺς
995 4305 1048 4358 ἐκ
1119 4315 1217 4359 τῶν
1297 4307 1461 4359 ἄλλων
1542 4307 1709 4380 φυλῶν

145 4397 286 4464 ζεότῳ
368 4396 396 4447 -3
405 4416 596 4470 στερον

145 4476 210 4546 ὶεγ
217 4484 365 4539 εσθαι.

198 4571 375 4623 Τούτων
414 4573 592 4636 οὕτως
626 4573 1024 4649 εὐκρινηθέντων
1073 4573 1208 4646 (74),
1263 4573 1419 4628 εἰπεῖν
1465 4579 1576 4650 χρὴ
1625 4581 1712 4628 καὶ

199 4695 235 4726 ⁴⁹
259 4696 426 4754 Marc.
464 4714 507 4767 1,
540 4700 606 4754 5.
683 4699 731 4735 ⁵ο
761 4697 908 4755 Ibid.
949 4700 1004 4753 4.

1811 405 2029 461 mortui
2061 403 2338 460 animalis
2375 419 2514 476 pars
2553 408 2661 460 est.

1884 495 2040 548 Vers.
2072 498 2120 547 5.
2162 493 2316 547 Tunc
2345 523 2414 532 ——
2445 492 2606 548 Vers.
2648 497 2699 547 6.
2732 491 2976 548 Pecca’ta
3022 506 3152 548 sua.
3201 489 3464 546 Primum

1811 582 2056 653 quidem
2083 581 2433 653 baptizautis
2453 581 2658 654 opinio
2684 596 2852 652 spem
2874 580 3158 636 omnibus
3186 579 3461 651 erigebat.

1811 671 1949 726 Erat
1987 671 2146 726 enim
2182 670 2472 741 pontiﬁcis
2522 670 2702 735 ﬁlius,
2735 675 2791 725 et
2843 685 3004 724 nunc
3054 669 3319 740 primum
3385 667 3464 723 ab

1812 775 2012 816 eremo
2042 760 2452 824 descenderat,
2485 759 2686 815 multis
2711 763 2958 814 ornatus
2985 757 3319 826 virtutibus,
3369 773 3463 812 so-

1811 848 1991 920 loque
2021 848 2148 904 visu
2180 864 2302 904 non
2333 864 2549 920 parum
2589 847 2894 903 avertebat
2927 853 3152 903 metum
3213 847 3300 918 (ι).
3360 848 3466 902 De-

1810 938 1945 993 inde
1967 941 2166 993 autem
2188 953 2338 994 nova
2367 937 2806 1009 praedicationis
2835 936 3188 1008 apparentia
3211 950 3464 1006 regnum

1812 1026 2097 1082 caelorum
2166 1025 2565 1083 annuntiabat
2593 1042 2604 1082 :
2647 1027 2722 1081 de
2751 1041 2874 1098 quo
2899 1029 3041 1080 tunc
3073 1026 3337 1096 primum
3363 1040 3464 1080 au-

1810 1115 2074 1171 diebant.
2118 1114 2309 1171 Tertio
2347 1131 2511 1186 vero,
2557 1116 2720 1187 quod
2759 1115 2938 1170 etiam
2971 1113 3164 1185 magis
3191 1113 3466 1184 urgebat,

1809 1205 2116 1277 prophetae
2150 1205 2312 1261 Isaiae
2341 1205 2569 1260 dictum
2623 1204 2806 1260 illud:
2861 1205 2985 1261 Vox
3037 1204 3354 1261 clamantis
3402 1203 3468 1258 in

1809 1294 2056 1358 deserto,
2086 1293 2160 1348 de
2191 1293 2292 1348 illo
2323 1293 2700 1365 praedixerat.

1885 1384 1950 1436 Et
1987 1381 2298 1454 quomodo
2353 1381 2554 1437 nullus
2606 1380 2976 1450 Evangelista
3020 1381 3245 1449 scribit,
3302 1380 3470 1448 quod

1809 1470 2069 1525 Joannes
2099 1469 2288 1525 turbis
2313 1468 2657 1525 clamaverit
2683 1487 2700 1523 :
2732 1469 2952 1526 Parate
3002 1471 3158 1525 vium
3207 1469 3466 1538 Domini,

1811 1558 1965 1614 sicut
2019 1559 2089 1613 de
2145 1558 2240 1614 illo
2320 1558 2605 1629 propheta
2661 1557 2744 1613 ait
2794 1559 2822 1611 ?
2877 1557 3170 1614 Manifesta
3223 1557 3466 1628 quidem

1811 1646 2011 1702 nullus
2034 1646 2254 1703 scribit.
2289 1646 2614 1702 Verisimile
2642 1651 2730 1702 est
2759 1649 2958 1702 tamen
2988 1650 3044 1700 et
3094 1647 3208 1702 hoc
3247 1645 3469 1702 clama-

1809 1736 1993 1802 visse,
2025 1752 2379 1810 quanquam
2408 1735 2697 1808 scriptum
2739 1751 2858 1791 non
2893 1736 2984 1798 sit,
3017 1740 3223 1807 utpote
3251 1750 3360 1807 per
3407 1749 3468 1790 se

1810 1825 2192 1880 intellectum.
2218 1825 2648 1880 Verumtamen
2697 1824 2880 1880 etiam
2919 1823 3063 1880 illud
3094 1839 3105 1879 :
3136 1824 3470 1893 Resipiscite

1812 1920 1866 1970 et
1872 1914 2052 1983 facile
2059 1915 2290 1984 fructus
2303 1913 2882 1984 dignospwnitentice
2905 1912 3280 1969 tantumdem
3295 1912 3468 1977 valet,

1812 2008 2104 2074 quantum
2133 2017 2145 2055 :
2170 2003 2394 2059 Parate
2420 2002 2571 2057 viam
2603 2003 2749 2058 Dom
2763 2003 2869 2057 mi.
2915 2005 3012 2056 Est
3050 2001 3210 2056 enim
3236 2016 3471 2073 praepa-

1813 2091 1957 2147 ratio
2024 2106 2095 2148 ac
2134 2091 2476 2163 repurgatio
2525 2090 2813 2162 praedictae
2889 2089 3001 2148 vim
3077 2089 3212 2162 ipsa
3265 2089 3464 2161 resipi—

1814 2180 2058 2252 scentia,
2088 2196 2158 2238 ac
2187 2181 2477 2236 virtutum
2504 2179 2898 2236 fructiﬁcatio.

1887 2357 2097 2414 Exibat
2135 2362 2336 2414 autem
2394 2357 2473 2414 ad
2519 2358 2724 2431 ipsum
2777 2358 3182 2432 Hierosolyma
3239 2359 3468 2425 civitas,

1815 2447 1938 2503 sive
1969 2447 2453 2520 Hierosolymitaa,
2483 2448 2563 2504 ita
2583 2449 2730 2504 enim
2753 2448 2901 2504 dixit
2931 2448 3164 2504 Marcus
3193 2450 3472 2514 “.Quam

1815 2541 2016 2593 autem
2043 2536 2320 2594 habuerit
2348 2538 2625 2593 virtutem
2654 2537 2900 2594 Joannis
2929 2536 3247 2609 baptisma,
3271 2553 3477 2609 quam-

1813 2641 1931 2697 que
1945 2623 2329 2680 differentiam
2342 2625 2766 2697 abaptismate,
2789 2631 2952 2698 quod
2966 2624 3234 2682 Christus
3247 2626 3468 2693 statuit,

1815 2713 2128 2782 diligenter
2156 2718 2422 2784 apertum
2455 2714 2723 2770 invenies
2753 2714 2812 2770 in
2843 2713 3261 2786 explanatione
3288 2716 3470 2768 Evan-

1816 2803 1951 2874 gelii
1996 2803 2323 2859 secundum
2357 2803 2642 2859 Marcum.
2691 2807 2841 2860 Nam
2899 2803 2960 2858 in
2999 2819 3070 2859 ea
3119 2803 3473 2860 convenien-

1814 2892 1932 2949 tius
1960 2892 2152 2948 visum
2191 2895 2297 2957 est,
2329 2907 2457 2947 rem
2488 2892 2646 2948 hanc
2676 2891 2996 2958 declarare,
3048 2892 3149 2948 ubi
3181 2893 3467 2965 scriptum

1817 2985 1906 3038 est
1938 3000 1950 3036 :
1983 2981 2316 3038 Prcedicans
2341 2980 2692 3050 baptismum
2716 2983 3066 3053 paenitentiae
3094 2983 3153 3038 in
3181 2983 3469 3039 remissio-

1816 3084 1950 3126 nem
1967 3076 2353 3138 peccatorum
2379 3070 2446 3124 ⁸ο.

1888 3157 2056 3213 Vers.
2079 3159 2136 3214 7.
2154 3159 2341 3212 Porro
2372 3173 2499 3213 cum
2521 3158 2759 3215 vidisset
2781 3191 2847 3198 —
2873 3159 2983 3215 ira.
3013 3160 3346 3216 Iudaeorum
3375 3176 3473 3232 ge-

1818 3262 1935 3302 nus
1967 3245 2142 3302 variis
2175 3245 3206 3318 appellaturnominibus.Siquidem
3237 3247 3470 3304 Hebraei

1819 3335 2098 3391 dicuntur
2109 3334 2188 3390 ab
2199 3335 2412 3398 Heber,
2450 3338 2653 3406 utpote
2667 3334 2873 3405 lingua
2886 3336 3014 3406 ejus
3028 3339 3274 3400 utentes,
3288 3335 3471 3406 hujus

1820 3425 1978 3481 enim
2009 3423 2196 3480 solius
2260 3421 2526 3492 linguam
2573 3423 2826 3479 servavit
2859 3423 3014 3478 Deus
3045 3423 3423 3479 inconfusam
3455 3440 3468 3478 :

1818 3514 1963 3586 quia
1990 3511 2437 3569 communicare
2474 3511 2748 3568 noluerat
2796 3528 2934 3568 cum
2963 3511 3099 3578 illis,
3133 3511 3235 3584 qui
3262 3513 3472 3568 turrim

1819 3602 2216 3659 aediﬁcabant.
2248 3601 2337 3656 Ab
2362 3601 2476 3657 hoc
2499 3605 2700 3657 autem
2731 3601 3121 3658 descenderat
3148 3601 3468 3656 Abraham.

1820 3691 2095 3748 Israelita)
2117 3706 2258 3747 vero
2271 3689 2410 3747 dicti
2438 3694 2576 3746 sunt
2601 3707 2637 3747 a
2659 3691 2976 3765 Jacob,qui
3007 3694 3191 3747 Deum
3221 3691 3280 3746 in
3309 3689 3476 3746 scala

1817 3781 1984 3844 vidit,
2005 3785 2061 3837 et
2092 3779 2267 3837 Israel
2296 3779 2634 3852 appellatus
2665 3785 2772 3836 est.
2799 3781 2980 3838 Israel
3009 3781 3169 3836 enim
3217 3784 3476 3836 tantum-

1819 3869 1958 3926 dem
1987 3869 2162 3934 valet,
2206 3874 2502 3942 quantum
2565 3869 2772 3926 Videns
2796 3871 2988 3926 Deum.
3041 3869 3230 3926 Judzni
3273 3874 3474 3926 autem

1820 3973 1857 4014 a
1888 3958 2091 4022 David,
2142 3973 2327 4030 quem
2372 3963 2692 4031 postquam
2745 3958 2819 4014 de
2863 3959 3012 4014 tribu
3035 3961 3061 4014 J
3077 3959 3196 4014 uda
3247 3958 3323 4013 ad
3383 3974 3473 4013 re-

1820 4061 2007 4117 gnum
2039 4047 2400 4116 elegitDeus,
2419 4047 2668 4119 ejusque
2693 4048 2946 4120 posteris
2973 4048 3156 4112 dedit,
3199 4053 3261 4103 ut
3288 4048 3477 4102 haere-

1819 4134 2035 4192 ditario
2056 4134 2189 4205 jure
2217 4139 2552 4208 regnarent,
2583 4136 2806 4191 tribum
2835 4136 2997 4192 illam
3024 4136 3245 4193 claram
3273 4136 3475 4192 reddi-

1819 4223 1923 4288 dit,
1953 4227 2155 4296 utpote
2181 4223 2258 4280 ab
2289 4240 2355 4280 eo
2396 4228 2662 4296 tempore
2711 4224 2937 4293 regiam
2981 4241 2994 4278 :
3028 4225 3108 4279 ita
3156 4229 3221 4280 ut
3272 4223 3472 4290 etiam,

1819 4312 1921 4386 qui
1950 4311 2028 4368 ab
2058 4312 2186 4369 aliis
2229 4312 2503 4368 tribubus
2554 4313 3001 4379 descenderent,
3049 4316 3259 4384 postea
3286 4310 3476 4368 Judaai

691 4391 980 4456 Ἰουδαίους
1057 4405 1243 4458 κοινῶς
1323 4394 1422 4448 ἀπὸ
1515 4399 1708 4460 ταύτης

1831 4417 2064 4476 quoque
2093 4401 2173 4459 ab
2211 4402 2328 4459 hac
2357 4401 2665 4458 communi
2704 4400 2996 4457 vocabulo
3042 4400 3397 4457 dicerentur.

1894 4577 2002 4638 His
2025 4576 2426 4644 itadistinctis,
2458 4577 2653 4634 dicere
2679 4577 2860 4634 etiam
2872 4580 3103 4651 oportet
3127 4576 3202 4634 de
3231 4575 3476 4636 duabus

1322 4795 1543 4868 Variae
1599 4799 1932 4870 lectiones
1971 4810 2040 4870 et
2064 4811 2269 4871 notae.

141 4933 288 5024 :17?)
312 4940 575 5024 Respicit
606 4941 912 5024 Genes.n.
944 4939 1096 5024 Quid
1117 4943 1325 5024 autem
1351 4941 1425 5023 sit
1449 4941 1708 5024 χαλάνης,

141 5018 327 5082 3gnaro.
360 5012 698 5070 Héntenius
744 5012 806 5068 id
830 5013 1228 5084 praetermisit.
1255 5012 1484 5069 Nescio
1510 5019 1709 5070 utrum

141 5083 196 5152 in
213 5091 538 5152 corruptum
553 5084 915 5140 vocabulum
932 5083 1309 5148 Hebraicum,
1332 5099 1404 5139 an
1420 5083 1706 5141 Graecum.

140 5141 270 5206 Forte
295 5141 489 5217 πλέέιης
515 5155 728 5212 voluit.
762 5154 844 5210 Ex
870 5154 1168 5211 Hebraicis
1197 5141 1313 5217 ἤιέ
1343 5161 1400 5212 et
1428 5162 1536 5217 ‘77:
1561 5157 1710 5214 nihil

141 5224 354 5298 erscalpi
383 5233 616 5298 potest.
648 5257 715 5270 —
733 5225 979 5298 Χαλάνης
1010 5231 1095 5283 est
1127 5242 1198 5283 ex
1225 5226 1370 5282 Gen.
1402 5243 1459 5291 x,
1499 5232 1583 5293 10,
1608 5229 1711 5284 ubi

143 5293 314 5371 tamen
333 5293 910 5371 scribiturzaléym.
941 5298 1238 5371 ltaﬂetiam
1267 5298 1560 5371 Epiphan.
1595 5304 1636 5356 t.
1667 5299 1708 5367 l,

139 5374 185 5432 p.
211 5362 268 5421 τε
286 5386 300 5434 ;
317 5370 420 5425 sed
445 5362 721 5443 Cyrille
740 5368 907 5425 Alex.
925 5373 967 5425 t.
995 5368 1085 5441 VI,
1112 5383 1170 5442 p.
1197 5375 1232 5424 2
1254 5362 1403 5438 Β,Ἶὸ
1430 5362 1713 5429 σοιιεσεαέ

1816 4944 1941 5002 neis
1969 4944 2211 5019 ξοδοι-τ.
2235 4946 2422 5019 Οἰᾼτὸν
2477 4953 2569 5007 τῆς
2620 4943 2858 5018 χαλάνης
2903 4945 3101 5019 πύργον
3131 4940 3474 5019 οἰκοδομοῦν-

1815 5032 1895 5078 τες
1907 5059 1920 5072 .
1958 5017 2049 5072 Ea:
2076 5016 2397 5073 Addendis.

1912 5089 2002 5158 73)
2034 5088 2163 5142 Ἀπὸ
2189 5096 2280 5140 τοῦ
2310 5084 2492 5144 Ἰούδα
2520 5087 2585 5142 Β.

1912 5089 2002 5158 73)
2034 5088 2163 5142 Ἀπὸ
2189 5096 2280 5140 τοῦ
2310 5088 2492 5144 Ἰούδα
2520 5088 2585 5142 B.

1889 5088 2378 5235 ἑἹῇΕὖμριθέξτων
2417 5162 2483 5235 ᾼ.
2547 5158 2716 5235 litale1
2742 5159 2840 5235 Est
2863 5159 3047 5235 _enim
3082 5159 3174 5235 ab
3213 5158 3470 5235 εὐκρινέω,

1817 5229 1983 5305 quOd
2011 5229 2192 5286 habet
2221 5230 2504 5303 Xenoph.
2533 5245 2594 5303 p.
2620 5231 2738 5286 513.
2767 5233 2829 5287 E.
2863 5230 3253 5305 Frequentius
3273 5229 3478 5288 occur-

1817 5297 1891 5357 ῆι
1943 5297 2271 5377 διευκρινεῖν.

201 5489 256 5569 (Ι)
279 5490 404 5553 Non
431 5509 668 5574 parum
695 5493 998 5554 avertebat
1018 5501 1249 5554 metum.
1279 5495 1363 5554 Ac
1400 5494 1568 5556 solus
1618 5495 1776 5556 visus
1830 5496 2021 5557 multa
2048 5496 2383 5576 refulgebat
2415 5497 2662 5582 pietate.
