3990 6206
464 186 568 247 163

1764 184 2114 241 EUTYHMII
2154 182 2483 241 ZIGABENI
3708 178 3795 245 164

464 315 807 371 Judteorum
838 314 1032 380 sectis,
1063 329 1201 386 quas
1227 313 1322 368 hic
1348 317 1678 384 ponuntur.
1711 310 2018 368 Sadducaai
2057 311 2108 366 in

2226 315 2344 383 περὶ
2373 318 2472 362 τῶν
2527 313 2869 382 προκειμένων
2928 306 3025 361 δύο
3064 304 3367 362 Ἰουδαϊκῶν
3427 311 3687 382 αἱρέσεων.
3742 316 3796 365 Οἱ

465 399 686 454 caeteris
716 398 1159 469 quidemludasi
1187 401 1389 453 erant:
1409 413 1613 451 verum
1643 396 1921 468 Spiritum
1952 411 2117 451 sanc—

468 490 589 541 tum
618 490 676 541 et
705 485 972 554 angelos,
992 502 1062 541 ac
1091 486 1583 541 resurrectionem
1610 489 1983 539 mortuorum
2014 500 2118 537 ne-

467 573 709 642 gabant,
726 590 913 646 neque
927 575 1164 631 omnino
1179 589 1309 629 esse
1323 572 1664 628 credebant.
1684 571 1961 627 Pharisaei
1977 586 2116 626 vero

465 663 968 735 etipsiquoquein
996 663 1219 718 caeteris
1242 660 1794 730 Judaeis,habebant
1813 660 2113 732 quasdam

464 752 910 809 observationes
948 753 1175 809 caeteris
1204 767 1327 807 non
1368 754 1814 813 communes,ut
1828 750 2115 821 jejunium

463 840 604 897 bino
634 842 695 897 in
725 841 1107 897 hebdomade
1136 841 1232 896 die
1254 857 1267 907 ;
1292 840 1635 895 substantias
1666 839 1949 903 decimas,
1969 855 2115 909 quas

464 930 828 1001 pauperibus
864 929 1230 1000 erogabant;
1270 929 1520 984 lotiones
1560 943 1627 983 ac
1674 926 2116 999 puriﬁcationes

463 1033 797 1081 urceorum,
841 1018 1253 1088 paropsidum,
1299 1031 1369 1072 ac
1421 1016 1803 1087 scyphorum,
1854 1014 2115 1085 aliosque

464 1104 538 1160 hu
541 1106 562 1177 j
574 1105 811 1161 usmodi
827 1121 1045 1161 mores.
1057 1105 1216 1162 Sicut
1228 1110 1427 1161 autem
1441 1103 1647 1160 scriba:
1662 1104 1783 1159 sive
1800 1103 2117 1175 legisperiti

465 1210 536 1249 ac
565 1195 835 1250 doctores
861 1194 989 1249 aliis
1044 1194 1482 1265 praestantiores
1511 1197 1679 1249 erant
1719 1212 1731 1248 :
1764 1193 1844 1248 ita
1892 1207 2034 1247 sane
2064 1195 2117 1247 et

466 1282 746 1337 Pharisaei
762 1298 831 1338 ac
845 1283 1158 1339 Sadducasi
1179 1288 1464 1354 tanquam
1478 1282 1615 1338 aliis
1631 1280 1969 1353 superiores
1986 1295 2116 1335 sese

459 1371 791 1443 jactabant.

535 1462 652 1515 Hos
683 1460 860 1530 igitur
914 1460 1176 1516 Joannes
1234 1460 1515 1516 accedere
1563 1458 1788 1525 videns,
1838 1458 2116 1530 ipsosque

466 1564 819 1619 agnoscens,
856 1555 979 1604 tum
1006 1564 1110 1621 per
1158 1549 1589 1606 inhabitantem
1625 1548 1685 1602 in
1716 1563 1779 1603 se
1838 1547 2112 1617 gratiam,

2227 396 2581 452 Σαδδουκαῖοι
2634 398 2793 450 τᾶλλα
2854 402 2942 471 μὲν
3002 395 3252 451 Ἰουδαῖοι
3310 395 3466 467 ἦσαν,
3510 405 3709 471 Πνεῦμα
3747 399 3796 454 δὲ

2225 489 2372 559 ἅγιον
2416 494 2505 539 καὶ
2554 487 2799 559 ἀγγέλους
2855 494 2942 539 xui
2983 496 3170 561 νεκρῶν
3216 485 3503 539 ἀνάστασιν
3552 486 3795 557 ἀθετοῦσι,

2224 582 2313 627 xui
2352 574 2467 628 οὐδ’
2499 577 2625 638 ὅλως
2653 574 2778 629 εἷναί
2809 596 2982 648 φασιν.
3015 579 3079 629 Οἱ
3122 583 3398 650 Φαρισαῖοι
3436 572 3512 645 δὲ,
3546 583 3632 629 καὶ
3663 578 3795 631 αὐτοὶ

2224 664 2385 716 τᾶλλα
2434 669 2522 736 μὲν
2564 662 2821 717 Ἰουδαῖοι
2866 667 3001 735 (75),
3054 663 3196 736 εἶχον
3261 661 3319 716 δὲ
3376 667 3619 738 περιττάς
3672 686 3796 729 τινας

2224 759 2631 826 παρατηρήσεις,
2690 754 2814 820 οἷον,
2888 758 3129 811 νηστείαν
3188 751 3274 814 δὶς
3339 763 3429 813 τῆς
3497 751 3794 826 ἑϐδομάδος,

2226 839 2640 902 ἀποδεκατώσεις
2686 851 2781 902 τῆς
2820 842 2999 902 οὐσίας
3048 842 3118 902 εἰς
3162 846 3279 902 τούς
3330 847 3568 907 πένητας,
3625 842 3797 914 βαπτι-

2227 935 2386 1002 σμούς
2434 936 2523 983 καὶ
2578 933 2935 1004 καθαρισμοὺς
2984 930 3197 994 ξεστῶν,
3264 936 3352 983 καὶ
3408 933 3653 1002 πινάκων,
3722 938 3797 984 καὶ

2224 1024 2504 1093 ποτηρίων,
2532 1024 2621 1071 καὶ
2641 1027 2859 1071 τοιαῦτα
2887 1020 3033 1091 ἔτερα
3058 1022 3170 1077 ἔθη.
3197 1018 3395 1093 Ὠσπερ
3420 1016 3479 1072 δὲ
3500 1021 3616 1091 (76)
3638 1021 3795 1092 oi(77)

2224 1113 2428 1179 νομικοὶ
2497 1113 2585 1159 καὶ
2662 1104 2979 1159 διδάσκαλοι
3039 1105 3417 1180 διαφορῶτεροι
3483 1118 3582 1159 τῶν
3655 1109 3797 1159 ἄλλων

2225 1193 2379 1261 ἦσαν,
2414 1198 2546 1248 οὕτω
2579 1193 2645 1254 δή
2680 1201 2765 1248 xui
2795 1199 2843 1248 οἱ
2874 1203 3151 1270 Φαρισαῖοι
3179 1201 3268 1247 xui
3306 1193 3657 1249 Σαδδουκαῖοι
3683 1203 3798 1269 μέγα

2226 1282 2484 1358 ἐφρόνουν,
2518 1289 2587 1347 ὡς
2609 1290 2958 1360 περιττότεροι
2988 1292 3087 1336 τῶν
3113 1284 3299 1341 una».

2295 1462 2518 1520 Τούτους
2558 1464 2871 1534 προσιόντας
2920 1456 3044 1512 ἰδὼν
3094 1462 3119 1511 6
3164 1460 3424 1531 Ἰωάννης,
3463 1466 3553 1514 xui
3581 1460 3798 1533 ἐπιγνούς

2225 1549 2433 1615 αύτούς,
2480 1557 2632 1601 τοῦτο
2681 1551 2792 1621 μὲν,
2848 1548 2904 1601 ἐκ
2958 1557 3051 1611 τῆς
3109 1548 3412 1610 ὲνοικούσης
3487 1550 3627 1620 αύτῷ
3684 1552 3799 1610 θείας

464 1642 591 1694 tum
621 1654 761 1694 vero
791 1654 826 1695 a
864 1644 1026 1693 veste
1078 1637 1405 1710 habituque
1447 1636 1687 1708 insigni,
1719 1635 1961 1691 liberius
2013 1650 2108 1690 eos

2226 1640 2461 1708 χάριτος,
2494 1645 2645 1689 τούτο
2708 1634 2766 1689 δὲ
2814 1643 2902 1689 καὶ
2928 1638 2984 1689 ἐκ
3032 1646 3131 1689 τῶν
3182 1645 3509 1711 παρασήμων
3556 1646 3648 1699 τῆς
3689 1657 3798 1690 στο-

464 1728 657 1799 arguit
690 1744 703 1793 ;
738 1726 1036 1799 siquidem
1070 1727 1354 1782 ﬁduciam
1381 1726 1445 1781 in
1475 1742 1546 1781 eo
1581 1725 1861 1790 habebat,
1893 1724 1998 1796 qui
2052 1739 2114 1779 se

463 1818 727 1872 miserat.
770 1817 971 1871 Miscet
1021 1821 1222 1871 autem
1274 1814 1757 1887 reprehensionis
1810 1813 2114 1882 asperitati

464 1905 725 1969 laudem,
762 1910 824 1959 ut
852 1903 990 1958 inde
1011 1903 1258 1975 quidem
1286 1902 1691 1971 humilientur,
1741 1902 1882 1957 hinc
1913 1906 2113 1957 autem

465 1992 935 2048 consolationem
984 1992 1301 2063 accipiant.
1366 1994 1514 2047 Nam
1561 1991 1720 2061 ipsos
1778 1990 2111 2062 alloquens,

463 2082 771 2151 Progenies
802 2082 1135 2149 viperarum
1155 2080 1499 2155 appellavit.
1518 2080 1677 2135 Sicut
1693 2078 1853 2135 enim
1886 2080 2107 2150 vipera-

461 2187 594 2227 rum
621 2171 835 2243 proles,
869 2187 1007 2226 cum
1037 2172 1365 2243 pariuntur,
1400 2186 1540 2225 suas
1564 2169 1845 2225 occidunt
1874 2176 2112 2234 matres,

462 2276 640 2315 exeso
665 2276 873 2316 eorum
913 2264 1132 2324 ventre,
1163 2260 1246 2315 ita
1294 2275 1440 2314 sane
1486 2264 1540 2313 et
1590 2257 1773 2313 Judaei
1823 2274 1967 2313 suos
2010 2274 2111 2330 pa-

466 2355 578 2406 tres
600 2348 953 2421 spirituales,
991 2354 1133 2420 puta
1177 2348 1499 2420 prophetas
1557 2347 1917 2403 occiderant.
1968 2346 2115 2401 Lau-

461 2437 628 2494 davit
682 2442 883 2493 autem
953 2438 1116 2508 ipsos
1192 2437 1394 2492 dicens
1437 2453 1449 2491 :
1499 2436 1634 2503 Quis
1692 2435 2114 2492 demonstravit

464 2527 623 2583 vobis
643 2528 859 2597 lugere
877 2532 1177 2582 eventura
1209 2527 1299 2582 ira
1329 2526 1358 2580 ἵ
1384 2526 1714 2597 Apparebat
1741 2525 1921 2589 enim,
1946 2523 2112 2596 quod

458 2615 587 2672 sola
621 2617 893 2687 ipsorum
957 2615 1293 2687 prudentia.

528 2868 809 2923 Futuram
850 2882 990 2923 vero
1016 2867 1168 2922 iram
1220 2865 1377 2929 dicit,
1428 2864 1520 2920 vel
1561 2879 1697 2937 qua:
1739 2879 1774 2919 a
1832 2860 2108 2919 Romanis

457 2955 517 3010 in
564 2957 866 3012 obsidione
922 2955 1118 3011 futura
1161 2961 1319 3011 erat:
1352 2953 1437 3009 vel
1494 2969 1627 3021 qua:
1667 2968 1703 3008 a
1746 2953 1863 3007 Deo
1892 2952 1953 3007 in
2012 2951 2107 3006 die

452 3044 657 3115 judicii
690 3060 939 3116 :quam,
983 3044 1059 3099 ad
1105 3044 1510 3115 paenitentiam
1552 3040 1956 3115 properando,
2018 3040 2105 3095 fu-

453 3132 707 3203 giebant.
738 3132 1251 3204 Erumpendo(m)
1305 3131 1483 3202 igitur
1534 3130 1614 3186 ad
1663 3129 1989 3185 Pharismos
2040 3144 2107 3183 ac

455 3220 813 3277 Sadducaaos
843 3220 1041 3289 dirigit
1079 3236 1419 3276 sermonem
1452 3219 1537 3291 (η)
1574 3236 1586 3273 :
1621 3234 1724 3273 eos
1754 3224 1955 3274 autem
1990 3217 2103 3288 spi-

448 3310 565 3366 ritu
590 3310 957 3379 discernens,
988 3310 1111 3365 haac
1148 3309 1261 3365 illis
1297 3308 1547 3372 dicebat,
1581 3308 1683 3380 qui
1725 3307 1785 3362 in
1810 3307 2104 3362 Christum

453 3400 732 3456 credituri
777 3407 962 3466 erant,
1006 3406 1063 3456 et
1108 3400 1190 3456 ita
1238 3400 1578 3471 praedictam
1648 3398 1799 3452 iram
1858 3396 2104 3452 omnino

452 3489 708 3544 evasuri.
768 3488 941 3553 Quod
988 3488 1035 3542 si
1078 3490 1262 3543 Lucas
1300 3486 1429 3541 haec
1468 3485 1658 3541 turbis
1687 3485 1855 3539 illum
1881 3484 2104 3538 dixisse

450 3578 547 3642 ait,
581 3576 659 3632 ad
689 3592 751 3631 se
781 3583 844 3630 ut
872 3575 1310 3647 baptizarentur
1341 3574 1734 3641 venientibus,
1790 3571 1936 3627 nihil
1965 3571 2103 3627 inde

451 3664 728 3720 turbaris.
780 3664 1109 3719 Verisimile
1139 3668 1227 3719 est
1268 3664 1429 3718 enim
1485 3663 1579 3718 bis
1636 3664 1758 3717 haec
1809 3664 2101 3718 Joannem

448 3752 669 3808 dixisse
711 3768 723 3805 :
759 3768 919 3807 nunc
943 3751 1189 3823 quidem
1215 3751 1332 3817 his,
1361 3766 1521 3806 nunc
1568 3767 1704 3806 vero
1746 3750 1878 3807 illis.
1908 3749 2104 3805 Admi-

450 3840 694 3897 rabatur
724 3846 922 3895 autem
953 3840 1214 3895 Joannes
1246 3855 1532 3909 magnam
1574 3838 1845 3910 ipsorum
1906 3844 2102 3896 muta-

450 3929 719 3985 tionem:
753 3927 1062 4000 quomodo
1100 3928 1158 3983 hi
1214 3928 1316 4000 qui
1365 3928 1685 3999 prophetas
1737 3928 2099 3994 occiderant,

448 4018 645 4089 ipsum
677 4032 919 4089 quoque
941 4032 1062 4071 non
1103 4016 1461 4083 occiderent,
1497 4017 1596 4072 sed
1640 4016 1833 4087 magis
1873 4017 1949 4072 ad
1981 4032 2104 4089 pm-

450 4105 754 4162 nitentiam
794 4106 1080 4161 venirent.

522 4195 687 4251 Vers.
755 4194 806 4249 8.
864 4194 1063 4250 Facite
1094 4226 1161 4234 —
1190 4194 1558 4264 pwm‘tentiw.
1589 4194 1698 4260 Qui
1726 4210 1761 4250 a
1790 4209 1932 4264 ergo
1961 4193 2103 4250 resi-

447 4284 694 4358 piscilis,
759 4285 982 4349 scitote,
1064 4284 1230 4356 quod
1293 4301 1408 4339 non
1476 4284 1695 4340 sufﬁcit
1746 4285 2099 4355 pravitatem

447 4373 738 4431 duntaxat
789 4373 993 4443 fugere
1035 4391 1048 4428 :
1101 4373 1205 4428 sed
1248 4376 1480 4445 oportet
1534 4374 1807 4428 virtutem
1856 4388 2099 4445 quoque

449 4463 700 4535 operari.
769 4464 1033 4528 Declina,
1112 4462 1323 4535 inquit,
1383 4478 1420 4519 a
1476 4463 1652 4532 malo,
1738 4465 1789 4517 et
1844 4463 1947 4531 fac
2007 4461 2099 4517 bo-

447 4569 589 4608 num
626 4553 693 4607 ⁸³.

519 4640 681 4696 Vers.
703 4641 758 4697 9.
789 4642 867 4696 Et
889 4655 961 4698 ne
984 4670 1055 4683 --
1101 4639 1423 4697 Abraham.
1465 4639 1557 4697 Ne
1615 4640 1949 4704 videamini,
1982 4639 2096 4697 hoc

518 4820 564 4856 ⁵¹
596 4821 732 4877 Luc.
759 4833 836 4883 III,
860 4823 919 4877 7.
959 4819 1006 4854 ⁵²
1038 4816 1189 4875 Psal.
1214 4835 1412 4887 xxxm,
1446 4822 1533 4876 15.

2222 1726 2316 1786 λῆς
2365 1731 2455 1777 καὶ
2509 1734 2601 1777 τοῦ
2658 1731 2954 1797 σχήματος,
3000 1725 3585 1800 παρρησιαστικώτερον
3638 1727 3797 1787 αὐτοῖς

2225 1810 2535 1885 διαλέγεται.
2591 1819 2690 1867 Καὶ
2736 1817 2836 1888 γὰρ
2884 1813 3086 1889 ἐθάρρει
3116 1823 3187 1885 τῷ
3242 1813 3599 1867 ἀποστείλαντι
3641 1816 3794 1869 αὐτόν.

2224 1907 2455 1971 Μίγνυσι
2489 1900 2547 1955 δὲ
2604 1911 2665 1975 τῇ
2726 1903 2994 1975 αύστηρίᾳ
3038 1912 3134 1955 τῶν
3176 1903 3398 1974 ἐλέγχων
3446 1908 3533 1955 xui
3588 1908 3797 1967 ἔπαινον,

2226 1992 2307 2040 ἶνα
2362 1999 2422 2062 τῇ
2484 1994 2573 2061 μὲν
2646 1993 3022 2058 ταπεινωθῶσι,
3082 2000 3153 2061 τῷ
3229 1989 3288 2043 δὲ
3350 1995 3797 2066 παρηγορηθῶσιν,

2224 2076 2437 2149 Ἧλεγξε
2481 2082 2569 2150 μὲν
2604 2081 2704 2153 γὰρ
2746 2079 2950 2145 αύτούς,
3004 2084 3295 2151 Γεννήματα
3333 2077 3558 2151 ἐχιδνῶν
3608 2084 3800 2139 τούτους

2223 2170 2671 2239 προσαγορεύσας.
2700 2166 2898 2240 Ὥσπερ
2921 2171 3021 2240 γὰρ
3049 2171 3114 2219 τὰ
3142 2173 3431 2239 γεννήματα
3458 2177 3556 2219 τῶν
3590 2166 3799 2240 ἐχιδνῶν

2225 2253 2582 2307 ἀποκτείνουσι
2613 2258 2701 2315 τάς
2733 2256 2924 2307 ἑαυτῶν
2950 2261 3198 2330 μητέρας,
3229 2253 3684 2330 διαϐιϐρώσκοντα
3720 2260 3802 2315 τὰς

2222 2346 2415 2395 τούτων
2467 2348 2731 2418 γαστέρας
2783 2343 2830 2395 ἐν
2875 2352 2947 2413 τῷ
2997 2347 3328 2396 κυῖσκεσθαυ
3371 2346 3506 2397 οὕτω
3538 2342 3606 2403 δή
3648 2366 3731 2397 και
3758 2348 3801 2395 οἱ

2222 2428 2474 2483 Ἰουδαῖοι
2525 2436 2642 2492 τοὺς
2708 2437 3085 2505 πνευματικούς
3154 2433 3320 2485 αὐτῶν
3390 2438 3636 2505 πατέρας,
3692 2438 3799 2494 τούς

2220 2524 2505 2591 προφήτας,
2557 2519 2842 2574 ἀπέκτενον.
2885 2522 3128 2593 Ἐπήνεσε
3156 2517 3214 2573 δὲ
3255 2521 3461 2591 αύτούς,
3510 2522 3681 2573 εἰπων·
3724 2526 3801 2580 Τίς

2223 2605 2481 2671 ὑπέδειξεν
2539 2610 2658 2680 ὑμῖν
2705 2618 2881 2681 φυγεῖν
2952 2608 3051 2661 ἀπὸ
3107 2618 3199 2671 τῆς
3256 2610 3546 2681 μελλούσης
3617 2612 3795 2683 ὀργῆς;

2217 2696 2447 2768 Ἐνέφηνε
2488 2701 2611 2771 γὰρ,
2645 2699 2724 2749 ὃτι
2768 2694 2936 2757 οὐδεὶς
2966 2697 3115 2760 ἄλλος
3146 2698 3281 2771 (78),
3330 2700 3469 2771 εἰμὴ
3513 2703 3541 2757 ή
3606 2703 3801 2758 σύνεσις

2218 2804 2407 2837 αυτοηκ

2289 2872 2585 2925 Μέλλουσαν
2639 2872 2697 2927 δε
2746 2874 2903 2948 ὀργήν
2951 2874 3104 2946 λέγει,
3160 2880 3189 2933 ἤ
3242 2880 3335 2933 τήν
3394 2878 3493 2927 ἀπὸ
3547 2876 3800 2948 Ῥωμαίων

2142 3005 2181 3061 C
2216 2959 2264 3011 ἐν
2290 2970 2351 3033 τῇ
2395 2962 2689 3036 πολιορκίᾳ,
2724 2966 2753 3021 ἦ
2785 2968 2876 3021 τήν
2938 2961 3038 3015 ἀπὸ
3090 2971 3222 3016 Θεοῦ
3280 2963 3326 3015 ἐν
3369 2966 3537 3039 ἡμέρᾳ
3575 2970 3799 3038 κρίσεως,

2217 3052 2276 3107 ἣν
2321 3053 2528 3121 ἔφευγον
2580 3050 2853 3123 ἐρχόμενοι
2912 3052 2982 3113 εὶς
3037 3056 3328 3123 μετάνοιαν,
3382 3057 3799 3125 Προηγουμένως,

2214 3141 2302 3209 μὲν
2366 3135 2453 3190 οὖν
2513 3142 2637 3211 πρὸς
2704 3143 2821 3200 τοὺς
2889 3145 3208 3213 Φαρισαίους
3261 3146 3351 3193 καὶ
3416 3138 3803 3200 Σαδδουκαίους

2215 3226 2441 3279 ἀπέτεινε
2511 3231 2598 3279 τὸν
2655 3227 2825 3299 λόγον,
2904 3231 2972 3288 ὡς
3034 3225 3315 3289 δοκοῦντας
3383 3234 3799 3303 φρονιμωτέρους

2215 3311 2308 3366 διὰ
2336 3319 2498 3387 μέσου
2548 3312 2605 3367 δὲ
2650 3316 2818 3367 αὐτῶν
2875 3316 3012 3387 ἔλεγε
3058 3325 3224 3369 ταῦτα
3275 3320 3406 3392 πρὸς
3458 3322 3581 3379 τοὺς
3611 3317 3802 3389 με’λλονο

2213 3423 2304 3464 τας
2337 3404 2407 3465 εἰς
2454 3408 2684 3478 Χριστὸν
2715 3408 2994 3471 πιστεύειν,
3044 3407 3094 3457 οἱ
3132 3408 3335 3466 πάντως
3372 3410 3461 3458 καὶ
3490 3410 3587 3463 τήν
3639 3402 3801 3462 δηλω-

2215 3494 2389 3543 θεῖσαν
2457 3492 2617 3566 ὀργήν
2680 3493 2882 3565 ἔμελλον
2939 3493 3191 3565 ἐκφυγεῖν.
3262 3494 3325 3548 Εἰ
3377 3490 3435 3546 δε
3506 3496 3531 3545 6
3605 3498 3805 3552 Λουκᾶς

2213 3599 2391 3651 φησιν,
2443 3582 2522 3632 ὃτι
2588 3581 2726 3653 ἔλεγε
2778 3590 2945 3634 ταῦτα
2996 3589 3104 3644 τοῖς
3162 3581 3585 3657 ἐκπορευομένοις
3638 3582 3805 3653 ὄχλοις

2213 3667 2575 3740 βαπτισθῆναι
2631 3671 2717 3721 ὑπ’
2765 3670 2945 3741 αὐτοῦ,
3009 3675 3080 3742 μὴ
3129 3672 3426 3743 ταραχθῇς.
3482 3672 3638 3731 Εἰκὸς
3690 3674 3804 3743 γὰρ,

2213 3754 2297 3819 δὶς
2322 3765 2486 3809 ταῦτα
2514 3761 2599 3809 τὸν
2650 3758 2885 3815 Ἰωάννην
2941 3759 3117 3824 εἰπεῖν,
3168 3767 3256 3810 νῦν
3306 3763 3394 3831 μὲν
3453 3763 3681 3824 τούτοις,
3725 3766 3805 3809 νύν

2213 3842 2271 3897 δὲ
2323 3846 2553 3907 ἐκείνοις.
2616 3846 2989 3905 Ἐκπλήττεται
3021 3844 3079 3899 δὲ
3110 3849 3134 3898 ὁ
3188 3848 3422 3908 Ἰωάννης
3473 3852 3569 3907 τήν
3622 3848 3808 3921 ἀθρόαν

2212 3933 2378 3986 αὐτῶν
2444 3934 2753 4006 μεταϐολήν,
2814 3945 2922 4007 πῶς
2974 3936 3108 4007 (79),
3182 3942 3596 4010 προφητοκτονοι
3655 3942 3803 4001 ὄντες,

2211 4022 2304 4074 ούκ
2378 4021 2651 4097 ἀναιροῦσι
2721 4028 2811 4076 xui
2865 4025 3039 4090 αύτὸν,
3083 4023 3195 4092 ἀλλ,
3236 4028 3483 4099 ἔρχονται
3534 4031 3612 4088 είς
3659 4026 3810 4098 μετά·

2210 4130 2371 4165 νοιαν.

2282 4205 2540 4259 Ποιήσατε
2595 4232 2663 4241 —
2712 4207 3001 4273 μετανοίας.
3061 4202 3210 4256 Ἐπεὶ
3262 4208 3431 4255 τοίνυν
3488 4210 3805 4275 μετανοεῖτε,

2207 4296 2509 4359 γινώσκετε,
2542 4291 2621 4341 ὅτι
2654 4290 2746 4341 οὐκ
2783 4289 2928 4364 ἀρκεῖ
2956 4296 3108 4363 μόνον
3152 4296 3209 4343 τὸ
3237 4300 3413 4363 φυγεῖν
3456 4297 3546 4349 τὴν
3599 4298 3804 4357 κακίαν,

2210 4374 2336 4428 ἀλλά
2386 4383 2495 4450 χρὴ
2548 4383 2633 4430 καὶ
2691 4377 2875 4452 ἀρετήν
2916 4376 3299 4442 ἐπιδείξασθαι.
3362 4380 3637 4435 ’Έκκλινον
3686 4383 3804 4453 γὰρ,

2209 4470 2386 4535 φησὶν,
2423 4465 2523 4517 ἀπὸ
2554 4475 2741 4533 κακοῦ,
2767 4473 2854 4519 καὶ
2889 4473 3108 4526 ποίησον
3132 4468 3344 4540 ἀγαθόν.

2279 4647 2379 4695 Καὶ
2407 4647 2479 4716 μή
2527 4676 2595 4685 —
2624 4642 2879 4720 ’Δϐραάμ.
2921 4677 2990 4687 -
3031 4650 3115 4704 Μὴ
3161 4643 3369 4717 δόξητε,
3403 4646 3514 4700 ἀντὶ
3565 4656 3683 4717 τοῦ,
3727 4651 3810 4704 Μὴ

1646 4942 1864 5012 Varia:
1902 4943 2230 5011 lectiones
2266 4954 2332 5011 et
2395 4955 2597 5013 notas.

543 5088 629 5151 75)
669 5085 858 5151 Ἦσαν,
892 5085 1058 5142 addit
1091 5090 1153 5141 A-

543 5090 609 5143 75
669 5087 858 5151 Ἦσαν,
892 5087 1058 5142 addit
1091 5090 1127 5141 Α

517 5087 631 5304 (76)
664 5161 789 5241 Pup,
821 5172 930 5239 pro
962 5154 1020 5239 δε
1055 5158 1127 5214 Α.

542 5232 608 5286 77
669 5231 755 5295 Οι,
798 5234 1012 5285 omittit
1042 5231 1102 5283 Β.

542 5231 631 5295 77)
669 5231 755 5295 Oi,
798 5231 1012 5285 omittit
1042 5231 1102 5283 Β.

515 5370 619 5443 (m)
651 5370 1073 5447 ῌροηγουμένως,
1105 5382 1229 5425 non
1257 5371 1362 5437 est,
1386 5370 1765 5441 erumpendo,
1805 5369 1909 5429 sed
1944 5386 2094 5442 prae-

447 5442 632 5519 cipue,
656 5442 720 5499 in
738 5442 977 5515 primis.

2275 5086 2392 5229 (78)
2418 5084 2600 5141 intell.
2633 5081 2916 5149 ὑπέδειξεν.

2298 5158 2365 5212 79
2420 5158 2548 5229 Γάρ,
2568 5158 2890 5229 interponit

2298 5158 2388 5229 79)
2420 5158 2548 5233 Γάρ,
2568 5158 2890 5230 interponit
2917 5159 2983 5214 Β.

2258 5367 2531 5451 .(n)_.Post
2581 5385 2921 5451 sermonem,
2950 5370 3033 5427 ita
3086 5369 3428 5451 legendum,
3459 5371 3683 5451 iis__q_ui
3731 5384 3824 5430 sa-

2198 5440 2517 5512 pientiores
2537 5440 2906 5511 videbantur,
2920 5458 3028 5515 per
3046 5458 3137 5501 eos
3153 5440 3350 5502 autem
3369 5443 3496 5503 haec
3518 5440 3683 5518 illis,
3709 5450 3821 5503 etc.
