3990 6206
223 181 300 246 165

1067 167 1438 238 COMMENT.
1479 180 1550 237 lN
1585 156 2018 238 MATTHIEUM.
2058 211 2129 222 —
2167 182 2319 240 CAP.
2366 182 2461 239 ΠΙ.
2549 229 2557 244 ,ς

3361 171 3465 244 166

230 315 419 370 Gabina.
457 313 665 382 Παραινεῖ
727 301 807 373 δὲ,
864 311 936 379 μὴ
991 306 1152 378 λέγειν
1220 306 1272 358 ἐν
1325 313 1440 367 ταῖς
1502 306 1692 359 ἑαυτῶν

1816 311 1904 370 est,
1922 307 2005 362 Ne
2052 306 2254 370 velitis,
2295 307 2593 363 Admonet
2620 311 2837 374 autem,
2861 307 3307 365 neincordibus
3333 312 3458 367 suis

225 402 387 472 ψυχαῖς,
440 401 496 450 ὁτι
553 401 753 468 Πατέρα
833 399 1022 467 ἔχομεν
1099 399 1186 447 τὸν
1267 393 1527 468 Ἀϐρααμ,
1607 399 1696 447 καὶ

218 489 329 562 ἀρκεὶ
367 489 458 559 ἡμῖν
497 486 550 548 εἰς
599 484 809 558 ἀρετὴν,
869 487 928 536 τὸ
974 482 1061 536 ἀπ’
1110 482 1302 535 ἐκείνου
1349 485 1693 554 κατάγεσθαι.

215 578 268 629 Οὐ
289 596 369 649 χρη
398 579 488 648 γὰρ,
528 579 651 647 μέγα
709 580 1017 646 φρονοῦντας
1069 572 1152 624 ἐπὶ
1204 579 1315 632 ταῖς
1368 580 1468 624 τῶν
1505 577 1698 646 προαγο-

209 687 277 717 νων
298 664 463 737 ἀρεταῖς,
490 663 660 723 αὐτοὺς
690 661 894 734 ἀμελεῖν
927 662 1124 714 οἰκείων
1153 662 1587 736 κατορθωμάτων.

254 847 431 914 Λὴω-
464 840 705 914 ’Δϐραοὶμ.
757 843 844 898 Μὴ
899 843 1170 912 νομίσητε,
1227 843 1407 911 φησὶν,
1460 838 1562 907 ὃτι,
1617 837 1702 892 ἐὰν

199 933 298 1003 ὑμεῖς
345 929 575 1000 ἀπόλησθε,
638 931 705 990 ὡς
789 930 1017 1003 ἄκαρποι
1087 927 1288 1001 ἀρετῆς,
1362 928 1533 981 οὐκέτι
1605 928 1706 990 ἔξει

196 1025 300 1071 τέκνα
335 1018 583 1090 ὸίΑερααμ.
614 1038 628 1050 °
667 1014 890 1069 δύναται
941 1020 1041 1090 γὰρ
1091 1018 1116 1068 ὁ
1145 1020 1270 1077 Θεὸς
1319 1015 1374 1068 ἐκ
1415 1025 1512 1068 τῶν
1570 1015 1704 1087 ἀφῶ·

187 1130 265 1178 χω
299 1112 452 1159 τούτων
496 1107 646 1159 λίθων
695 1106 891 1180 ἐγεῖραι
941 1110 1092 1158 τέκνα
1155 1114 1228 1176 τῷ
1277 1104 1534 1178 Ἃϐραάμ.
1590 1110 1691 1158 Καὶ

185 1200 255 1267 γὰρ
302 1201 370 1248 καὶ
411 1201 483 1248 τὸν
531 1195 715 1249 Ἰσαάκ
765 1196 820 1248 ἐκ
876 1203 970 1257 τῆς
1027 1193 1242 1266 ἀψύχου
1300 1198 1390 1245 καὶ
1439 1189 1700 1261 λιθὼδους

181 1292 326 1359 μήτρας
367 1293 446 1346 τῆς
471 1284 666 1360 Σάρρας
723 1288 925 1357 ἤγειρεν
967 1284 1127 1354 αὐτῷ.
1188 1283 1349 1337 Ἔστι
1397 1277 1456 1334 δὲ
1485 1287 1573 1334 καὶ
1599 1282 1700 1333 ἑτέ.

182 1393 250 1445 ρος
286 1375 424 1428 εἰπεῖν.
475 1381 554 1432 Μὴ
605 1374 906 1445 κομπάζετε
961 1372 1044 1425 ἐπὶ
1095 1380 1168 1443 τῷ
1220 1374 1360 1443 ἔχειν
1411 1370 1565 1445 ῥίζαν
1612 1373 1696 1440 γέ-

180 1482 263 1524 νους
303 1465 372 1514 τόν
426 1461 674 1536 Ἁϐραάμ.
732 1469 896 1514 Τοῦτο
949 1463 1050 1535 γὰρ
1118 1460 1224 1531 οὐχ
1282 1461 1522 1532 ὑμέτερον
1586 1457 1696 1510 ἐστι

175 1553 430 1623 κατόρθωμα,
480 1549 603 1603 ἀλλα
659 1557 790 1604 Θεοῦ
833 1546 1018 1624 δῶρον,
1066 1548 1122 1610 ὃς
1175 1545 1396 1600 δύναται
1426 1552 1497 1620 μὴ
1541 1551 1694 1619 μόνον

174 1634 212 1698 ἐξ
245 1635 485 1712 ἀνθρώπων,
535 1638 667 1691 ἀλλά
719 1643 808 1690 καὶ
861 1637 916 1690 ἐκ
971 1646 1070 1689 τῶν
1123 1640 1434 1710 φαινομένων
1498 1638 1692 1688 τούτων
1723 1655 1770 1711 Β

171 1725 280 1777 λίθων
307 1724 475 1799 ἐγεῖραι
501 1733 655 1780 τέκνα
681 1737 755 1798 τῷ
778 1725 1039 1799 Ἃϐραάρι,
1074 1727 1160 1779 οἶα
1183 1721 1598 1797 παντοδυναμος.

220 1815 328 1876 Τινὲς
366 1812 419 1868 δέ
444 1835 587 1888 φασι,
619 1819 741 1877 τοὺς
789 1815 842 1878 ἐξ
870 1814 1022 1868 ἐθνῶν
1072 1819 1484 1876 πεπιστευκότας
1535 1813 1693 1865 αἰνίτο

167 1906 300 1955 τεσθαι
348 1908 424 1955 τὸν
471 1905 642 1976 λόγον,
692 1906 761 1969 οἰ,
810 1908 1177 1978 πεπωρωμενοε
1237 1908 1326 1956 καὶ
1383 1904 1693 1960 ἀναίσθητοι

169 1996 267 2052 ἐντες
288 2000 367 2052 τῆς
413 1992 646 2054 ἀληθείας
699 1999 948 2066 πρότερον
1006 1989 1099 2045 διὰ
1152 2001 1246 2054 τῆς
1275 1997 1495 2052 πίστεως
1530 1991 1694 2042 υἱοθε-

164 2082 343 2137 τήΰπσαν
388 2082 621 2156 ὕστερον,
673 2082 857 2137 Ἄλλοι
901 2079 959 2134 δὲ
987 2081 1218 2153 λέγουσι,
1251 2077 1694 2153 παραδηλοῡσθαι

166 2168 310 2229 το-ξςέυ
340 2179 403 2241 τῷ
442 2181 606 2245 καιρῷ
653 2178 746 2222 τοῦ
775 2173 975 2230 πάθους
1027 2178 1118 2222 τοῦ
1169 2174 1424 2244 Σωτῆρος,
1471 2167 1572 2221 ἀπὸ
1602 2175 1692 2220 τοῦ

162 2260 389 2326 σχίζεσθαι
447 2263 535 2321 τὰς
594 2265 804 2335 πέτρας,
866 2256 960 2311 διὰ
1012 2263 1234 2320 πίστεως
1285 2260 1691 2319 υίοθετηθέντας.

163 2351 234 2396 Exi
280 2347 401 2399 οὗτοι
455 2345 512 2400 δὲ
556 2347 789 2400 κάκεῖνοι
859 2356 930 2419 τῷ
983 2347 1223 2423 Ἃϐραὰμ.
1290 2349 1693 2414 υἱοθετήθησαν,

158 2433 203 2492 ὡς
249 2442 322 2487 τοῦ
370 2436 474 2489 κατ’
527 2438 688 2490 αὐτὸν
758 2437 970 2489 αἰωνίου
1039 2437 1228 2510 κλήρου
1280 2435 1686 2510 μεταλαχόντες.

160 2527 308 2593 κυρίως
341 2528 435 2598 γὰρ
477 2531 632 2579 τέκνα
678 2534 771 2578 τοῦ
822 2525 1046 2599 Αϐραάρι
1097 2527 1227 2578 εἰσιν
1283 2528 1332 2578 οἱ
1384 2529 1477 2586 τὰς
1516 2524 1698 2600 ἀρετὰς

157 2610 274 2663 αὐτοῦ
302 2617 620 2687 μιμούμενοι,
671 2619 762 2668 καὶ
811 2623 908 2676 τῆς
951 2615 1111 2678 αὐτῆς
1162 2614 1303 2685 αὐτῷ
1359 2613 1698 2687 καταξιούμεο

151 2718 208 2748 ⁷4⁸
250 2699 435 2774 μερίδος
480 2703 529 2754 ἐν
581 2711 646 2776 τῇ
726 2702 972 2776 βασιλείᾳ
1033 2712 1130 2756 τῶν
1199 2704 1447 2776 οὐρανῶν,
1499 2701 1593 2753 κᾶν
1645 2701 1698 2764 ἐξ

152 2784 364 2840 Ἰουδαίων
407 2789 520 2858 εἷεν,
568 2791 666 2844 κᾶν
707 2790 760 2855 ἐξ
802 2791 970 2846 ἐθνῶν.
1019 2799 1096 2845 Με
1143 2793 1244 2853 ζων
1287 2795 1388 2866 γὰρ
1431 2793 1460 2850 ἦ
1497 2790 1548 2854 ἒξ
1578 2789 1698 2864 ἀρε-

149 2883 218 2937 τῆς
256 2884 510 2949 συγγένεια
556 2890 652 2941 τῆς
689 2880 744 2943 ἐξ
783 2883 1004 2953 αἵματος
1058 2881 1386 2951 οἰκειώσεως,
1440 2882 1560 2934 ὅσον
1607 2884 1698 2932 καὶ

151 2965 169 3016 ἑ
194 2963 319 3035 ψυχὴ
351 2974 632 3043 τιμιωτέρα
654 2977 747 3021 τοῦ
787 2976 1042 3042 σώματος.

197 3051 302 3112 Ἠδη
350 3088 416 3096 -
467 3059 534 3118 εἰς
587 3065 694 3132 πῦρ
754 3056 1018 3130 βάλλεται.
1086 3057 1277 3130 [Ἀξίνη
1331 3058 1441 3130 (80)
1495 3061 1605 3130 μὲν,
1663 3060 1693 3116 ἡ

147 3139 400 3212 εᾶαγιελικὴ
465 3151 629 3218 τομὴ,
707 3146 1022 3219 ἑκτέμνουσα
1093 3151 1213 3209 τοὺς
1292 3145 1558 3221 ἀκάρπους
1631 3147 1698 3207 εἰς

143 3227 283 3299 ἀρετὰς
326 3239 411 3286 καὶ
439 3240 625 3288 πίστιν
665 3231 954 3298 Ἰουδαίους
999 3235 1099 3288 ἀπὸ
1138 3243 1230 3288 τοῦ
1279 3240 1457 3308 νόμου,
1506 3236 1564 3288 οὐ
1595 3240 1698 3308 μὴν

1734 3003 1778 3060 C

143 3323 395 3388 ειριζοῦσα.
447 3324 600 3384 Ῥίζα
652 3326 753 3398 γὰρ
811 3325 975 3376 αὐτῶν
1031 3327 1057 3377 ὁ
1091 3329 1260 3397 νόμος,
1413 3323 1518 3376 ἀντ’
1574 3324 1698 3376 ἐκεί»

141 3410 275 3460 κννοὶ
317 3416 684 3474 πιστεύσαντες
748 3414 1162 3486 ἑγκεντρίξονται
1211 3431 1224 3443 ο
1277 3409 1472 3488 δένδρα
1537 3409 1596 3466 δε
1652 3415 1701 3466 οἱ

138 3491 462 3575 Ἰσραηλῖται]

192 3586 402 3651 Μέσας
457 3587 518 3643 δὲ
582 3591 696 3662 (81)
750 3591 955 3658 αὐτοὺς,
1011 3595 1080 3654 ὡς
1106 3589 1553 3664 ἀποπεσουμένους
1607 3597 1698 3642 τοῦ

136 3677 278 3741 γένους
331 3688 416 3730 τοῦ
487 3679 752 3753 Ἁϐραάμ,
825 3680 869 3732 εἰ
934 3685 1005 3753 μὴ
1062 3685 1394 3754 προσέχοιεν,
1464 3679 1700 3733 ἐπιτείνει

137 3767 202 3812 τάν
242 3765 379 3836 φοϐον
434 3771 530 3822 ἔτι.
592 3769 671 3820 Οὐ
728 3773 879 3841 μόνον
935 3771 1057 3843 γὰρ,
1113 3774 1293 3842 φησὶν,
1353 3769 1702 3824 ἀποπεσείσθε

133 3859 203 3900 τοῦ
244 3859 468 3908 τοιούτου
496 3862 703 3928 γένους,
755 3857 879 3924 ἀλλ’,
911 3861 977 3920 ὡς
1009 3858 1210 3912 ἀνίατοι
1255 3858 1452 3924 λοιπὸν,
1496 3864 1703 3932 ταχέως

136 3936 429 4007 air-umet;
500 3955 598 4007 τῆς
651 3945 866 4000 ἐνταῦθα
935 3951 1089 4015 ζωῆς,
1165 3953 1254 4000 καὶ
1314 3946 1417 4002 ἐκεῖ
1471 3969 1701 4024 τιμωρηο

135 4030 338 4089 “iteratis.
405 4034 620 4098 ’Δξίνην
679 4039 768 4107 μὲν
831 4039 932 4109 γὰρ
991 4045 1254 4111 τροπικῶς
1311 4039 1546 4112 ὠνόμασε
1613 4042 1702 4091 τὸν

138 4117 316 4171 θάνατον
342 4140 354 4151 ⁸
387 4120 594 4198 δένδρα
626 4121 703 4186 δὲ,
733 4128 853 4185 τοὺς
882 4124 1184 4200 ἀνθρώπους
1211 4143 1222 4156 ·
1249 4126 1403 4201 ῥίζαν
1425 4123 1484 4179 δὲ
1511 4127 1700 4200 αὐτῶν,

130 4210 202 4263 tiu
231 4213 372 4270 ζωήν.
404 4219 518 4288 Πῦρ
555 4209 621 4266 δὲ
652 4209 757 4265 εἷπε
781 4217 839 4265 τὸ
867 4221 956 4274 τῆς
979 4217 1210 4285 γεέννης.

185 4295 312 4381 Τινὲς
349 4297 408 4354 (ἴε
486 4303 652 4376 ῥίζαν
717 4305 806 4374 μὲν
875 4304 1227 4376 ἡρμήνευσαν,
1301 4307 1388 4356 τὸν
1442 4304 1698 4381 Ἀϐραὰμ,

134 4379 292 4456 ἔτιδρα
336 4386 414 4460 οδε,
472 4394 696 4451 τούτους
745 4396 860 4452 τοὺς
912 4392 1408 4454 άναϐ).αστήσαντας
1450 4393 1503 4456 ἐξ
1542 4393 1701 4446 αὐτοῦ

139 4471 397 4548 laudamus,
455 4479 647 4542 ἀξίνην
687 4478 766 4545 δε,
811 4484 898 4533 τὸν
930 4485 1183 4554 Χριστὸν,
1243 4481 1297 4544 ὃς
1336 4481 1532 4554 ἔμελλεν
1577 4481 1703 4536 ἀπο-

131 4570 378 4638 τεμεῐνμὲν
424 4568 644 4635 αὖτοὺς,
692 4574 932 4642 μένοντας
982 4569 1246 4645 ἀκάρπους
1287 4570 1358 4632 εἰς
1402 4575 1494 4629 τὴν
1525 4575 1702 4624 πίστιν

128 4660 200 4700 τοῦ
263 4655 613 4728 an-ndica,
682 4657 1008 4733 ἕγκεντρίσαι
1087 4656 1148 4712 δὲ
1229 4663 1348 4721 τοὺς
1397 4658 1449 4722 ἐξ
1515 4659 1694 4716 ἐθνῶν.

132 4740 274 4804 Οᾶτνς
329 4741 415 4796 οὖν
477 4752 807 4810 κατασείσας
859 4751 1027 4800 αὐτων
1073 4752 1132 4800 τὸ
1177 4753 1436 4824 φρόνημα,
1486 4753 1576 4801 καὶ
1609 4769 1706 4805 μα-

129 4826 255 4913 ξέξις
290 4841 384 4897 τῆς
411 4840 620 4888 τούτων
675 4832 901 4910 καρδίας
927 4841 988 4890 τὸ
1033 4837 1277 4913 σκληρὸν,
1325 4845 1398 4909 τῷ
1443 4837 1582 4911 φόϐῳ
1611 4846 1708 4900 τῆς

131 4927 395 4986 απτώσεως
441 4932 540 4977 τοῦ
586 4929 768 4996 γένους
813 4924 1067 5000 ’Δϐραάμ,
1115 4932 1204 4980 καὶ
1255 4935 1318 5000 τῇ
1369 4927 1582 5000 ἐκτομῇ,
1615 4931 1707 4980 καὶ

127 5012 184 5072 τῷ
221 5019 356 5083 πυρὶ,
384 5013 574 5066 λοιπὸν
608 5014 808 5086 είσείγει
846 5018 931 5066 τὸν
978 5020 1096 5089 περὶ
1124 5023 1215 5069 τοῦ
1263 5015 1504 5091 Χριστοῦ
1548 5015 1703 5089 λόγον

130 5111 234 5156 ἔδεται
281 5101 468 5163 πολλῆς
523 5112 628 5164 τῆς
682 5105 969 5178 ὑπεροχῆς,
1028 5105 1110 5160 ἱνα
1164 5107 1365 5178 φανέντι
1428 5102 1711 5184 προσδρά-

128 5201 266 5251 ξινεῠ
288 5200 454 5263 αυτῷ.

1734 4351 1782 4408 D

1803 397 1999 452 dicant
2033 413 2045 450 :
2079 399 2318 454 Patrem
2337 399 2619 455 habemus
2657 397 2999 454 Abraham:
3027 402 3086 454 et
3113 398 3335 455 sufﬁcit
3355 417 3457 457 no-

1803 485 1898 540 bis
1920 486 1994 540 ad
2025 486 2320 553 virtutem,
2355 486 2520 558 quod
2559 486 2638 541 ab
2662 485 2762 541 illo
2781 486 3228 543 descendemus.
3259 491 3456 561 Neque

1805 573 1965 628 enim
2018 573 2169 630 ullos
2215 579 2468 645 oportet,
2523 573 2596 630 de
2645 575 3095 646 progenitorum
3146 575 3458 632 virtutibus

1807 661 2047 732 gloriari
2082 683 2093 715 :
2126 678 2260 717 cum
2292 663 2408 734 ipsi
2433 662 2798 733 negligentes
2832 663 2951 718 sint
2979 662 3053 719 de
3080 666 3456 736 propriarum

1809 750 2094 822 operibus
2122 751 2426 806 virtutum.

1881 840 2037 893 Vers.
2070 837 2123 892 9.
2173 839 2314 894 Dico
2353 870 2420 878 —
2471 838 2765 896 Abrahae.
2824 839 2904 895 Ne
2946 840 3190 911 putetis,
3238 841 3450 914 inquit,

1809 928 1968 998 quod
1996 926 2046 982 si
2111 943 2216 984 vos
2271 927 2504 1000 absque
2548 927 2744 983 fructu
2798 929 3084 984 virtutum
3143 931 3452 1002 perieritis,

1810 1015 1956 1070 nulli
1984 1014 2190 1088 reliqui
2219 1021 2392 1072 erunt
2421 1017 2674 1072 Abrahae
2705 1015 2832 1072 ﬁlii.
2881 1016 3077 1074 Potest
3107 1019 3266 1074 enim
3303 1019 3458 1076 Deus

1809 1103 1884 1159 de
1935 1105 2276 1160 inanimatis
2325 1105 2417 1160 his
2473 1104 2771 1177 lapidibus
2820 1107 3105 1163 suscitare
3155 1107 3306 1163 filios
3345 1108 3458 1180 ipsi

1808 1191 2080 1248 Abrahae.
2135 1193 2355 1251 Etenim
2385 1195 2586 1264 ipsum
2637 1208 2880 1266 quoque
2929 1199 3094 1250 Isaac
3151 1196 3461 1252 suscitavit

1808 1281 1879 1348 ei,
1913 1281 1987 1336 de
2018 1281 2348 1338 inanimato
2395 1297 2466 1338 ac
2515 1282 2749 1354 lapideo
2802 1284 2967 1341 Saraa
3020 1287 3204 1339 utero.
3260 1283 3459 1342 Potest

1806 1373 1862 1424 et
1905 1369 2025 1426 alio
2053 1369 2234 1425 modo
2260 1370 2372 1425 dici
2410 1386 2422 1425 :
2457 1373 2535 1426 Ne
2569 1370 2921 1440 gloriemini,
2961 1372 3126 1444 quod
3157 1373 3450 1442 originem

1803 1456 2075 1513 habeatis
2097 1459 2292 1529 ipsum
2309 1457 2633 1514 Abraham.
2662 1461 2862 1530 Neque
2875 1462 3034 1515 enim
3047 1461 3161 1516 hoc
3187 1465 3456 1516 vestrum

1801 1545 2033 1601 bonum
2083 1561 2230 1617 opus
2277 1551 2383 1612 est,
2443 1547 2547 1601 sed
2592 1547 2692 1602 Dei
2749 1547 2978 1604 donum
3020 1566 3033 1604 :
3078 1549 3209 1620 qui,
3239 1555 3454 1621 potest,

1802 1649 2020 1706 nempe
2059 1635 2460 1706 omnipotens,
2491 1634 2566 1690 de
2592 1637 3023 1706 apparentibus
3039 1637 3131 1692 his
3151 1637 3454 1709 lapidibus

1803 1722 2078 1779 suscitate
2107 1722 2261 1778 ﬁlios
2291 1722 2404 1794 ipsi
2445 1723 2720 1778 Abrahae.

1876 1812 2118 1878 Quidam
2159 1816 2357 1868 autem
2388 1811 2594 1867 dicunt
2633 1827 2735 1867 eos
2783 1813 2887 1884 qui
2913 1828 2944 1869 e
2996 1814 3277 1884 gentibus
3336 1830 3457 1871 cre-

1801 1902 2099 1968 diderunt,
2151 1900 2245 1956 his
2302 1899 2490 1955 verbis
2544 1900 2836 1956 insinuari
2866 1917 2878 1956 :
2913 1903 3009 1973 qui
3062 1903 3325 1974 primum
3377 1905 3457 1959 ad

1805 1992 2099 2048 veritatem
2124 1991 2403 2047 obdurati
2434 1995 2492 2045 et
2519 1989 2824 2056 insensati,
2873 1997 3081 2063 postea
3139 2009 3244 2065 per
3285 1993 3459 2049 ﬁdem

1802 2081 1862 2136 in
1890 2080 2042 2136 tilios
2085 2079 2353 2151 adoptati
2411 2085 2569 2134 sunt.
2627 2078 2743 2138 Alii
2801 2094 2941 2136 vero
2986 2080 3118 2136 illos
3153 2081 3459 2153 designari

1803 2168 2028 2232 dicunt,
2060 2167 2164 2239 qui
2181 2171 2450 2238 tempore
2480 2168 2780 2223 Passionis
2811 2168 3024 2224 Christi
3055 2169 3134 2232 ob
3165 2175 3456 2242 petrarum

1805 2256 2152 2312 scissionem
2178 2270 2284 2326 per
2329 2255 2514 2311 ﬁdem
2533 2256 2595 2311 in
2641 2255 2801 2311 ﬁlios
2861 2257 3129 2330 adoptati
3161 2265 3301 2314 sunt
3357 2265 3460 2329 ;et

1803 2345 2093 2402 hiantem
2136 2350 2190 2399 et
2245 2343 2328 2400 illi
2378 2342 2440 2398 in
2485 2343 2740 2400 Abrahae
2789 2345 2946 2401 ﬁlios
2993 2349 3250 2418 cooptati
3300 2355 3459 2415 sunt,

1805 2439 2007 2506 utpote
2054 2449 2192 2489 cum
2243 2433 2379 2506 ipso
2423 2438 2660 2490 aeternae
2711 2434 3075 2492 haereditatis
3125 2437 3457 2510 participes.

1807 2521 2044 2594 Proprie
2083 2523 2244 2579 enim
2277 2522 2530 2579 Abrahae
2558 2521 2663 2577 ﬁlii
2706 2528 2867 2593 sunt,
2898 2525 3004 2595 qui
3054 2526 3300 2583 virtutes
3329 2527 3458 2598 ejus

1806 2611 2134 2678 imitantur,
2189 2628 2257 2668 ac
2326 2617 2486 2668 sorte
2543 2611 2734 2682 ipsius
2789 2613 2849 2667 in
2922 2627 3109 2682 regno
3164 2614 3455 2671 caelorum

1807 2700 1973 2771 digni
2002 2701 2313 2767 habentur,
2346 2701 2470 2756 sive
2495 2716 2568 2755 ex
2605 2700 2828 2756 Judaais
2853 2700 2990 2768 sint,
3027 2702 3151 2758 sive
3208 2719 3279 2758 ex
3320 2719 3460 2773 gen-

1808 2790 1984 2847 tibus.
2039 2793 2188 2847 Nam
2233 2794 2402 2846 tanto
2450 2793 2646 2860 major
2717 2794 2807 2845 est
2855 2789 3088 2847 virtutis
3157 2792 3458 2863 cognatio,

1807 2895 1989 2951 quam
2019 2879 2349 2950 sanguinis,
2388 2883 2618 2951 quanto
2647 2877 2854 2936 anima
2897 2894 3146 2952 corpore
3175 2885 3458 2952 praestan-

1808 2969 1922 3025 tior
1951 2973 2056 3025 est.

1878 3059 2046 3116 Vers.
2079 3058 2164 3113 10.
2202 3057 2338 3114 Jam
2370 3088 2437 3099 —
2465 3057 2526 3112 in
2557 3059 2747 3128 ignem
2774 3059 3056 3115 mittitur.
3083 3061 3170 3130 -Η-
3199 3059 3456 3127 Securis,

1807 3147 2151 3218 evangelica
2175 3153 2262 3203 est
2288 3148 2643 3219 amputatio,
2671 3163 2808 3219 quae
2839 3154 3112 3220 amputat
3136 3149 3358 3204 steriles
3383 3150 3462 3205 ad

1806 3238 2055 3293 virtutes
2087 3241 2143 3293 et
2158 3235 2341 3292 ﬁdem
2365 3236 2605 3292 Judaeos
2635 3236 2837 3306 alege,
2869 3253 2977 3292 nec
3005 3245 3200 3292 tamen
3218 3254 3462 3307 prorsus

1808 3326 2085 3383 eradicat.
2119 3325 2312 3382 Radix
2351 3325 2510 3381 enim
2526 3324 2764 3380 illorum
2798 3324 2912 3395 lex,
2941 3326 3036 3379 cui
3059 3325 3296 3381 illorum
3328 3325 3461 3382 loco

1807 3415 2150 3472 inseruntur
2174 3414 2501 3471 credentes.
2549 3412 2803 3468 Arbores
2851 3418 3051 3469 autem
3087 3420 3228 3471 sunt
3277 3415 3462 3471 Israe-

1809 3505 1953 3562 litae.

1881 3596 2028 3651 Cum
2054 3592 2183 3664 jam
2220 3608 2321 3648 eos
2356 3593 2660 3649 terruisset
2689 3591 2914 3660 dicens,
2950 3592 3110 3663 quod
3136 3591 3247 3647 nisi
3297 3608 3460 3649 cave-

1809 3687 1954 3746 rent,
1991 3699 2027 3738 a
2053 3697 2269 3752 genere
2305 3681 2609 3738 Abraham
2654 3681 3013 3747 exciderent,
3057 3687 3236 3753 auget
3264 3683 3465 3739 adhuc

1811 3777 2057 3827 metum.
2085 3775 2213 3828 Non
2244 3770 2462 3836 solum,
2495 3770 2711 3843 inquit,
2739 3787 2774 3825 a
2805 3770 3134 3842 taligenere
3153 3771 3461 3844 excidetis,

1810 3876 2016 3916 verum
2042 3860 2218 3916 etiam
2250 3859 2678 3916 irremediabili
2707 3861 2908 3930 modo,
2937 3861 3106 3916 citius
3124 3876 3161 3917 a
3191 3860 3465 3933 praesenti

1810 3950 1928 4006 vita
1956 3949 2155 4016 excisi,
2189 3949 2366 4006 etiam
2395 3948 2476 4004 ibi
2506 3949 2566 4005 in
2601 3948 2800 4006 futuro
2831 3965 3078 4021 poenam
3134 3949 3327 4006 luetis.
3360 3951 3463 4006 Se-

1811 4039 1985 4094 curim
2020 4038 2179 4094 enim
2207 4037 2517 4108 ﬁgurative
2564 4044 2813 4094 mortem
2847 4039 3183 4110 appellavit,
3216 4040 3464 4094 arbores

1811 4132 2012 4185 autem
2031 4127 2327 4194 homines,
2345 4127 2576 4183 radices
2592 4143 2734 4184 vero
2751 4127 2928 4184 vitam
2948 4128 3238 4200 ipsorum,
3255 4129 3458 4199 ignem

1811 4217 1992 4273 etiam
2021 4217 2167 4273 dixit
2203 4216 2394 4287 ipsius
2427 4216 2743 4287 gehennae.

1883 4305 2128 4372 Quidam
2151 4321 2290 4361 vero
2311 4305 2576 4361 radicem
2590 4305 3048 4376 interpretantur
3062 4304 3261 4375 ipsum
3276 4304 3462 4360 Abra-

1810 4396 1974 4461 ham,
2001 4393 2248 4450 arbores
2289 4398 2486 4448 autem
2518 4392 2756 4448 Iudaeos
2783 4391 2890 4463 qui
2933 4392 3012 4448 ab
3044 4392 3177 4462 ipso
3210 4391 3465 4462 pullula-

1810 4489 1971 4552 runt,
1993 4482 2248 4538 securim
2277 4497 2521 4555 quoque
2551 4481 2872 4545 Christum,
2891 4480 2995 4553 qui
3022 4480 3190 4551 ipsos
3221 4480 3456 4552 quidem

1813 4572 2120 4630 excisurus
2141 4576 2286 4637 erat,
2310 4571 2568 4627 fructum
2594 4571 2672 4627 ad
2698 4569 3000 4639 Evangelii
3021 4569 3200 4625 ﬁdem
3235 4585 3356 4626 non
3386 4570 3468 4626 t'e-

1812 4667 2009 4720 rentes
2039 4679 2051 4716 :
2086 4660 2418 4717 insertnrus
2446 4664 2641 4716 autem
2663 4658 2815 4723 illos,
2847 4658 2952 4731 qui
2982 4674 3013 4714 e
3032 4658 3308 4731 gentibus
3334 4676 3464 4718 cre-

1813 4751 2042 4808 derent.
2068 4750 2389 4821 Postquam
2410 4763 2552 4818 ergo
2581 4747 2807 4805 fastum
2837 4747 3109 4820 ipsorum
3141 4749 3362 4814 terruit,
3394 4765 3466 4806 ac

1814 4841 2011 4898 cordis
2035 4853 2245 4896 eorum
2274 4837 2550 4894 duritiem
2602 4837 2813 4894 timore
2867 4837 3123 4894 cadendi
3165 4855 3200 4892 a
3247 4852 3464 4908 genere

1815 4929 2137 4995 Abraham,
2197 4926 2496 4983 excisione
2551 4941 2619 4982 ac
2649 4926 2784 4998 igne
2831 4926 3115 4982 emollivit
3144 4942 3156 4981 :
3187 4926 3469 5000 deinceps

1817 5034 2156 5076 sermonem
2177 5017 2251 5073 de
2273 5015 2501 5073 Christo
2529 5031 2657 5071 cum
2681 5013 2868 5074 multa
2896 5016 3180 5088 dignitate
3212 5015 3473 5087 inducit,

1818 5115 1880 5165 ut
1917 5108 2032 5181 ipsi
2053 5106 2366 5181 apparenti
2385 5109 2780 5164 occurrerent.

1316 5298 1542 5371 Varias
1570 5301 1901 5376 lectiones
1933 5310 2000 5368 et
2045 5307 2247 5366 notae.

127 5402 545 5545 Bmgma
566 5409 637 5466 in
667 5424 860 5482 marg.
887 5410 1064 5472 habet
1089 5416 1155 5471 A.
1183 5415 1408 5475 Eadem
1418 5419 1708 5480 omiserat

1895 5417 2010 5494 (ει)
2035 5415 2116 5483 Ai,
2147 5411 2366 5473 omittit
2394 5415 2470 5478 Α.
