3990 6206
492 184 591 247 167

490 408 744 469 tentiam,
779 404 892 459 hoc
924 407 1028 468 est,
1060 403 1303 474 Propter
1328 401 1756 473 paenitentiam,
1788 400 1953 471 ipsos
1980 400 2142 456 enim

489 493 838 551 conﬁtentes
857 493 978 547 sive
1008 491 1421 563 resipiscentes
1452 489 1812 561 baptizabat,
1844 489 1988 561 quia
2037 505 2141 545 eos

488 582 806 656 paenitebat
847 600 861 648 ;
893 586 1134 651 eratque
1173 580 1287 635 tale
1315 579 1616 651 baptisma
1644 578 2009 650 poenitentiae
2039 579 2142 634 de-

486 671 853 728 monstratio.
885 671 1019 725 Post
1054 685 1116 725 se
1146 673 1348 724 autem
1402 674 1714 723 venturum
1745 667 1885 722 dicit
1912 668 2136 733 Jesum,

485 767 621 817 ante
643 777 824 833 quem
847 760 974 831 ipse
1000 760 1155 814 viam
1180 757 1259 812 illi
1277 757 1676 829 praeparabat,
1698 756 1965 811 clamans
1996 758 2140 814 :Pa-

485 858 611 906 rate
638 851 789 905 viam
811 849 1056 911 Domini,
1094 852 1155 901 ut
1173 861 1354 916 supra
1382 846 1781 900 narravimus.
1817 845 2136 917 Dixitquo-

482 955 601 1010 que
631 939 927 993 Christum
953 952 1014 991 se
1045 935 1365 999 fortiorem,
1416 939 1621 1004 utpote
1666 934 1958 989 divinitati
2003 934 2134 990 uni-

482 1033 630 1083 tum.
674 1028 821 1081 Illud
875 1041 1055 1081 vero:
1103 1025 1220 1078 Non
1272 1039 1400 1078 sum
1459 1024 1692 1078 idoneus
1740 1025 2135 1082 calceamenta

476 1122 747 1186 partare,
805 1114 1184 1171 excellentem
1227 1112 1373 1183 ejus,
1404 1112 1508 1183 qui
1565 1111 2007 1183 praedicabatur
2038 1129 2135 1168 ex-

483 1205 684 1276 primit
709 1204 1074 1275 dignitatem.
1126 1200 1519 1256 Tantumdem
1562 1199 1723 1255 enim
1751 1204 1841 1255 est
1870 1216 1939 1255 ac
1977 1202 2023 1255 si
2050 1202 2135 1256 di-

482 1300 636 1350 ceret
662 1310 673 1346 :
704 1297 903 1364 Neque
935 1292 1084 1346 inter
1126 1295 1414 1345 extremos
1456 1289 1646 1359 ipsius
1689 1304 1895 1343 servos
1926 1304 2136 1345 nume-

480 1382 598 1438 rari
650 1396 919 1453 possum,
971 1384 1212 1450 propter
1275 1376 1740 1446 magnitudinem
1796 1376 2131 1432 Divinitatis

480 1471 597 1543 ipsi
636 1470 812 1525 unitas
844 1485 857 1532 ;
891 1467 1207 1539 postremis
1239 1464 1528 1537 siquidem
1557 1465 1743 1520 servis
1783 1464 2131 1536 hujusmodi

478 1560 875 1616 commissum
908 1562 993 1612 est
1022 1555 1391 1627 obsequium.

1826 172 2119 241 EUTHYM

2239 176 2533 243 IIGABENI
3704 200 3707 201 ⁷
3738 198 3822 254 168

560 318 726 372 Vers.
761 316 847 370 tl.
880 314 1001 384 Ego
1028 313 1245 385 quidem
1278 345 1344 353 —-—
1373 312 1600 382 Spiritu
1622 317 1843 367 sancto.
1878 313 1950 366 In
1976 312 2144 381 pmni—
2174 314 2219 365 A

2321 311 2454 384 Ἐγὼ
2529 316 2617 385 μεν
2684 346 2752 356 —-
2827 318 3088 388 Πνεῦματι
3162 317 3316 389 ἁγίῳ.
3395 318 3482 380 Εἰς
3553 323 3823 392 μετάνοιαν,

2254 400 2365 453 ἀντὶ
2412 410 2521 469 τοῦ,
2572 406 2667 455 Διά
2712 408 2806 462 τήν
2849 424 3136 475 μετάνοιαν.
3183 406 3701 480 Ἐξομολογουμένους
3737 416 3823 488 γὰρ

2251 490 2459 556 αὑτοὺς,
2514 495 2675 543 εἷτουν
2731 502 3122 564 μετανοοῦντας,
3180 495 3442 561 ἐϐάπτιζε,
3506 494 3641 550 διότι
3697 522 3825 571 μετε-

2250 584 2465 636 νόησαν.
2523 583 2625 635 Καὶ
2692 578 2751 639 ἦν
2810 586 2867 634 1'6
2925 592 3157 636 τοιοῦτον
3222 583 3504 658 βάπτισμα
3578 586 3827 653 ἀπόδειξις

2248 676 2538 739 μετανοίας.
2613 669 2813 723 Ὀπίσω
2874 668 2933 723 δε
2999 673 3160 724 αὑτοῦ
3218 673 3485 745 ἐρχόμενον
3556 676 3691 747 λέγει
3750 684 3823 730 τὸν

2246 757 2468 825 Ἰησοῦν,
2523 760 2582 811 οὑ
2638 762 2928 831 ἔμπροσθεν
2986 762 3140 823 αὑτὸς
3191 764 3532 826 κατεσκεὺαξε
3582 770 3674 823 τὴν
3718 765 3822 819 ὁδόν

2248 847 2407 898 αὐτοῦ
2472 846 2609 920 βοῶν
2652 865 2668 881 ⁶
2721 849 3062 921 Ἑτοιμάσατε
3127 855 3221 908 τὴν
3311 848 3433 903 ὁδὸν
3486 858 3697 927 Κυρίου,
3764 859 3821 917 ὡς

2247 933 2481 1009 ἀνωτέρω
2513 936 2893 1009 ἐξηγησάμεθα.
2928 938 3291 1013 ’ἰσχυρότερον
3338 937 3395 992 δὲ
3426 941 3580 993 αὑτόν
3616 947 3819 1014 εἰρηκεν,

2246 1027 2314 1085 ὡς
2358 1028 2610 1096 ἡνωμένον
2665 1030 2887 1084 θεότητι.
2940 1031 3008 1080 T6
3056 1024 3136 1097 δὲ,
3168 1029 3245 1080 Οὔ
3293 1028 3385 1080 οῦκ
3424 1030 3529 1101 εἰμὶ
3572 1037 3740 1094 ικανός
3768 1038 3820 1085 τὰ

2245 1110 2563 1184 ὑποδήματα
2651 1113 2938 1186 βαυτάσαι.
3033 1121 3120 1173 τὴν
3212 1116 3629 1190 ὑπερϐάλλουσαν
3725 1122 3819 1193 (82)

2244 1202 2509 1273 ὑπεροχὴν
2568 1212 2657 1254 τοῦ
2703 1209 3096 1278 κηρυσσομένου
3149 1210 3463 1278 παρίστησι.
3526 1212 3673 1279 Λέγει
3713 1213 3817 1283 γὰρ,

3212 1116 3629 1190 ὑπερϐάλλουσαν

2243 1292 2321 1341 ὃτι
2367 1288 2506 1343 Οὐδὲ
2549 1292 2620 1353 εἰς
2658 1296 2775 1352 τοὺς
2818 1292 3078 1363 ἐσχάτους
3131 1295 3289 1346 αὑτοῦ
3349 1292 3565 1357 δούλους
3621 1306 3823 1368 ταγῆναι

2244 1375 2492 1451 δύναμαι,
2554 1378 2647 1431 διὰ
2688 1384 2745 1432 τὸ
2799 1384 3010 1453 μέγεθος
3064 1391 3153 1443 τῆς
3209 1386 3470 1445 ἡνωπένης
3529 1386 3669 1456 αὐτῷ
3724 1389 3822 1438 θεό-

2240 1487 2388 1528 τητος
2422 1476 2572 1531 ’τοῖς
2631 1474 2735 1543 γὰρ
2794 1471 3045 1543 ἐσχάτοις
3112 1471 3335 1532 οἰκέταις
3391 1472 3753 1546 ἐπιτέτραπται
3794 1480 3820 1533 η

2240 1560 2415 1608 τοιαῦτ
2428 1578 2455 1615 η
2491 1561 2752 1631 ὑπηρεσία
2767 1604 2777 1614 .

551 1648 775 1720 Reliqui
807 1662 943 1702 vero
972 1644 1374 1715 Evangelistaa,
1412 1643 1737 1713 Corrigiam
1785 1645 2124 1701 calceamen-

2312 1648 2377 1697 Οἱ
2427 1643 2485 1698 δὲ
2535 1646 2706 1698 λοιποὶ
2747 1647 3111 1718 εῦαγγελισταὶ
3158 1648 3315 1700 λῦσαι
3367 1649 3451 1701 τόν
3502 1651 3689 1722 ἱμάντα
3735 1661 3821 1704 τῶν

479 1746 669 1795 torum
701 1740 827 1807 ejus
857 1737 1079 1791 solvere
1108 1734 1383 1789 dixerunt
1412 1734 1458 1768 ⁵³
1502 1747 1515 1800 ;
1554 1738 1617 1787 ut
1647 1732 2029 1788 manifestum
2058 1733 2132 1789 sit

476 1833 792 1897 utrumque
823 1826 1063 1886 dixisse,
1115 1838 1273 1878 nunc
1324 1821 1555 1893 quidem
1612 1821 1743 1891 hoc,
1799 1838 1958 1877 nunc
1988 1838 2128 1877 vero

477 1915 643 1971 illud.
678 1915 885 1968 Dicens
916 1916 1137 1975 autem,
1176 1911 1309 1980 Ipse
1338 1926 1437 1966 vos
1465 1910 1772 1979 baptizabii
1806 1910 1869 1965 in
1908 1910 2127 1981 Spiritu

477 2011 696 2067 sancto,
740 2002 943 2075 palam
982 2000 1114 2055 fecit
1169 1998 1457 2055 Dominici
1517 1999 1896 2070 baptismatis
1940 1999 2128 2069 digni-

477 2096 676 2150 tatem.
710 2094 921 2157 Meum,
945 2089 1154 2161 inquit,
1175 2088 1479 2159 baptisma
1504 2086 1923 2143 abstinentiam
1945 2105 1981 2144 a
1997 2104 2129 2157 pec-

476 2183 621 2238 catis
651 2184 930 2253 operatur
963 2196 976 2243 ;
1010 2177 1159 2233 illius
1206 2192 1367 2245 vero,
1429 2177 1678 2248 Spiritus
1728 2177 1916 2232 sancti
1946 2178 2127 2248 parti-

477 2273 671 2343 cipem
698 2270 858 2325 facit.
896 2267 1199 2322 Matthaaus
1232 2281 1397 2332 sane,
1426 2268 1651 2321 Marcus
1674 2270 1730 2321 et
1758 2266 2016 2321 Joannes
2042 2266 2126 2321 di-

478 2363 686 2414 xerunt
719 2376 731 2415 :
765 2357 835 2411 In
868 2356 1090 2426 Spiritu
1112 2353 1390 2409 sancto“.
1426 2353 1613 2407 Lucas
1665 2368 1806 2407 vero
1836 2370 1849 2407 :
1875 2353 1942 2407 In
1994 2354 2126 2423 Spi-

476 2450 598 2503 ritu
618 2454 816 2502 sancto
842 2452 895 2501 et
918 2444 1088 2515 igni“
1115 2459 1127 2507 ;
1153 2441 1311 2497 unde
1333 2456 1571 2496 rursum
1616 2441 2004 2497 manifestum
2034 2442 2123 2506 ﬁt,

476 2540 534 2593 et
560 2536 696 2598 hoc,
727 2540 783 2589 et
810 2532 951 2589 illud
1000 2532 1327 2603 Baptistam
1384 2529 1560 2585 variis
1619 2530 1836 2585 dixisse
1896 2535 2123 2602 tempo-

471 2626 655 2682 ribus.
692 2623 910 2680 Nostris
930 2621 1178 2693 quidam
1209 2620 1537 2690 majoribus
1563 2618 1635 2689 (ο)
1668 2619 1764 2673 hic
1800 2636 1995 2675 sermo
2027 2620 2127 2676 de-

476 2718 787 2778 monstrat,
823 2712 1069 2781 Spiritus
1100 2710 1286 2765 sancti
1312 2725 1491 2780 super
1521 2708 1826 2778 apostolos
1852 2709 1911 2763 in
1939 2711 2125 2779 igneis

473 2804 690 2875 linguis
720 2802 1099 2857 descensum.
1130 2798 1293 2852 Tunc
1327 2799 1485 2852 enim
1512 2797 1570 2851 in
1607 2798 1819 2869 Spiritu
1848 2804 2053 2853 sancto
2070 2805 2126 2854 et

474 2892 597 2962 igni
635 2888 912 2962 baptizati
969 2893 1132 2942 sunt.
1208 2887 1413 2941 Postea
1449 2899 1587 2940 Vero
1641 2886 1795 2941 idem
1842 2892 2126 2958 operatur

477 2981 861 3037 constitutum
895 2995 930 3033 a
974 2976 1199 3032 Christo
1250 2975 1575 3046 baptisma.
1627 2976 1852 3030 Etenim
1910 2977 2123 3047 cuique
2160 3000 2200 3055 ρ

474 3070 772 3142 baptizato
789 3066 1030 3123 advolat
1048 3065 1294 3137 Spiritus
1309 3070 1548 3120 sanctus
1566 3078 1690 3119 non
1710 3064 1907 3119 solum
1922 3065 2122 3137 ipsum

474 3158 881 3225 sanctiﬁcans,
914 3171 1119 3212 verum
1147 3154 1324 3209 etiam
1353 3152 1722 3210 invisibiliter
1754 3153 1963 3209 animae
1995 3155 2123 3225 ejus

474 3249 681 3304 sordes
711 3260 1093 3302 consumens.
1124 3246 1247 3299 Non
1278 3259 1415 3298 sum
1468 3247 1664 3298 autem
1714 3242 1980 3307 idoneus,
2010 3244 2122 3299 hoc

471 3342 575 3403 est,
617 3338 753 3393 Non
782 3352 911 3391 sum
942 3335 1201 3405 dignus56
1239 3350 1252 3400 ;
1281 3334 1361 3389 ita
1381 3332 1539 3387 enim
1572 3332 1806 3403 scripsit
1826 3332 2111 3389 Joannes.

537 3517 667 3584 Ipse
695 3529 789 3569 vos
823 3512 1166 3581 baptizabit.
1218 3510 1329 3565 Per
1364 3509 1769 3579 metaphoram
1816 3508 2114 3574 dictionis,

468 3605 665 3675 gratiae
698 3600 1132 3656 abundantiam
1160 3597 1335 3652 refert
1364 3596 1646 3667 Baptista.
1680 3598 1744 3649 Et
1766 3595 1923 3666 ignis
1950 3612 2119 3668 repe-

468 3691 691 3751 titione,
713 3687 914 3756 gratiae
944 3685 1317 3741 vehementia
1343 3700 1413 3739 ac
1435 3684 2116 3755 incomprehensibilitas

468 3780 928 3835 demonstratur.

539 3867 702 3921 Vers.
735 3865 819 3919 12.
840 3866 1022 3933 Cujus
1046 3894 1101 3903 ο-
1127 3862 1617 3931 ίηεαειὶηρυίόιιί.
1650 3863 1730 3915 Ex
1756 3860 1847 3915 his
1874 3861 2115 3918 demon-

468 3961 627 4021 strat,
657 3954 818 4026 quod
848 3953 1028 4023 judex
1059 3951 1238 4006 etiam
1265 3952 1336 4006 sit
1361 3951 1542 4006 futuri
1572 3951 1792 4006 saeculi.
1823 3954 1885 4005 Et
1914 3967 2111 4007 aream

466 4044 711 4117 quidem
759 4047 932 4097 vocat
971 4040 1365 4095 universalem
1424 4038 1585 4094 orbis
1638 4040 1978 4106 Ecclesiam,
2035 4041 2114 4096 ad

466 4150 649 4206 quam
673 4147 883 4187 omnes
909 4134 1251 4201 operatores
1271 4144 1305 4183 a
1326 4129 1543 4182 Domini
1567 4128 1943 4199 providentia
1966 4145 2111 4185 con-

463 4224 779 4278 ducuntur.
833 4219 1229 4274 Veutilabrum
1281 4222 1722 4287 autemJustum
1782 4218 1911 4288 ejus
1951 4218 2108 4288 judi-

2240 1732 2596 1806 ὑποδημάτων
2654 1736 2813 1787 αὑτοῦ
2880 1735 3042 1805 εἷπον,
3102 1740 3168 1798 ὡς
3224 1735 3351 1789 εἶναι
3396 1734 3572 1807 δῆλον,
3616 1742 3695 1792 ὅτι
3739 1746 3820 1792 καὶ

2241 1823 2505 1898 ἀμφότερα
2558 1823 2583 1875 ό
2630 1824 2864 1887 Ἰωάννης
2923 1822 3048 1891 εἷπε,
3116 1833 3202 1876 νῦν
3269 1830 3357 1897 μὲν
3415 1834 3581 1893 τοῦτο,
3636 1837 3721 1879 νῦν
3772 1826 3820 1881 δὲ

2238 1911 2413 1964 ἐκεῖνο.
2487 1913 2638 1965 Εἰπὸν
2710 1910 2789 1981 δὲ,
2862 1915 2942 1965 ὅτι
3030 1914 3190 1974 Αὐτός
3262 1917 3394 1987 ὑμᾶς
3467 1915 3715 1989 βαπτίσει
3778 1922 3821 1969 ὲν

2240 2005 2496 2073 Πνεύματι
2553 2002 2705 2073 ἁγίῳ,
2766 1999 2996 2061 ἐδήλωσε
3062 2011 3149 2055 καὶ
3217 2008 3308 2061 τὴν
3367 2012 3457 2057 τοῦ
3515 2013 3818 2058 Δεσποτικοῦ

3527 2114 3591 2164 φη
3602 2099 3677 2161 σὶ,
3732 2093 3819 2166 βά-

2236 2198 2442 2250 πτισμα
2482 2178 2690 2250 ἀποχὴν
2743 2179 3006 2253 ἁμαρτιῶν
3050 2179 3256 2253 ἐνεργεῖ,
3308 2184 3367 2232 1'6
3418 2178 3475 2233 δὲ
3521 2185 3705 2233 τούτου
3744 2202 3800 2253 με

2238 2089 2601 2162 βαπτίσματος
2684 2092 2965 2165 ὑπεροχὴν,
3025 2097 3094 2143 T6
3152 2095 3242 2163 μὲν
3309 2092 3448 2163 ἐμὸν,

2234 2272 2392 2325 τοκὴν
2438 2271 2739 2339 Πνεῦματος
2785 2268 2938 2338 ἀγίου
2985 2273 3215 2342 παρέχει.
3264 2271 3528 2331 Ματθαῖος
3581 2274 3671 2341 μὲν
3720 2268 3819 2333 οὖν,

2234 2361 2323 2408 καὶ
2369 2358 2601 2428 Μάρκος,
2654 2362 2744 2408 καὶ
2798 2359 3040 2418 Ἰωάννης
3091 2355 3250 2423 εἶπον,
3310 2360 3389 2409 ὅτι
3442 2358 3518 2411 Ἐν
3572 2362 3823 2431 Πνεῦματι

2237 2444 2367 2515 ἀγίῳ
2403 2463 2414 2474 ’
2448 2451 2651 2505 Λουκᾶς
2684 2441 2763 2508 δὲ,
2809 2448 2887 2497 ὃτι
2929 2445 3008 2497 Ἐν
3049 2448 3309 2518 Πνεὺματι
3356 2446 3483 2519 ἁγίῳ
3530 2453 3619 2500 καὶ
3662 2453 3819 2521 πυρί’

2234 2538 2323 2584 καὶ
2385 2530 2541 2592 δῆλον
2594 2534 2769 2601 πάλιν,
2829 2536 2904 2586 ὅτι
2968 2540 3055 2586 καὶ
3116 2543 3267 2587 τοῦτο
3323 2538 3526 2588 κακεῖνο
3578 2537 3824 2609 εἴρηκεδὸ

2236 2628 2547 2689 Βαπτιστης,
2610 2622 2656 2674 ἐν
2733 2619 3005 2695 διαφόροις
3079 2632 3297 2697 καιροῖς.
3375 2623 3636 2696 Ἐμφαίνει
3689 2622 3745 2677 δὲ
3798 2627 3819 2674 ό

2233 2710 2381 2782 λόγος
2434 2715 2825 2784 προηγουμένως
2872 2715 2960 2783 μὲν
3018 2717 3105 2770 τὴν
3163 2721 3253 2764 τοῦ
3307 2713 3460 2783 ἁγίου
3515 2718 3818 2786 Πνεὺματος,

2234 2798 2280 2850 ἐν
2309 2796 2436 2851 εῖδει
2480 2805 2703 2874 πυρίνων
2747 2800 3018 2871 γλωσσῶν,
3072 2803 3155 2852 ἐπὶ
3191 2806 3311 2862 τοῦς
3354 2800 3672 2862 ἀποστόλους
3701 2805 3823 2854 κάθ-

2233 2885 2354 2940 οδον
2388 2896 2714 2945 ’τηνικαῦτα
2768 2888 2865 2963 γάρ
2929 2892 2975 2941 ἐν
3031 2892 3286 2961 Πνεὺματι
3352 2890 3485 2960 ἁγίω
3554 2897 3647 2943 καὶ
3702 2896 3823 2962 πυρὶ

2234 2975 2626 3034 ἐϐαπτίσθησαν
2660 2997 2671 3008 ·
2724 2980 2899 3029 ἔπειτα
2952 2974 3011 3029 δὲ
3074 2984 3163 3029 καὶ
3214 2983 3269 3029 τὸ
3334 2980 3672 3050 νομοθετηθὲν
3729 2980 3821 3029 ὑπὸ

2235 3072 2466 3137 Χριστοῦ
2522 3064 2822 3138 βάπτισμα.
2878 3067 2987 3119 Καὶ
3036 3070 3137 3142 γὰρ
3191 3070 3465 3139 ἐφίπταται
3514 3074 3675 3120 παντὶ
3730 3065 3827 3139 βα-

2233 3156 2522 3226 πτιζομένῳ
2572 3162 2778 3227 Πνεῦμα
2817 3155 2981 3225 ἅγιον,
3016 3156 3073 3206 οῦ
3104 3160 3256 3227 μόνον
3302 3155 3537 3227 ἁγιάζον,
3585 3155 3714 3207 ἀλλά
3744 3175 3825 3206 και

2232 3246 2298 3305 ὡς
2338 3251 2439 3317 πῦρ
2480 3242 2711 3317 ἀοράτως
2765 3244 2877 3314 (83)
2911 3244 3185 3296 ἀναλίσκον
3243 3247 3327 3296 τόν
3373 3246 3536 3319 ῥύπον
3592 3254 3689 3306 τῆς
3734 3244 3825 3315 ψυ-

2230 3342 2339 3402 χῆς
2386 3333 2564 3387 αὑτοῦ.
2624 3333 2734 3384 Οὐκ
2787 3333 2888 3404 εἰμί
2920 3330 2977 3384 δὲ
3024 3334 3208 3397 ἱκανὸς,
3267 3332 3380 3385 ἀντι
3431 3341 3540 3398 τοῦ,
3584 3334 3699 3386 Οὐκ
3729 3333 3827 3404 εἰμὶ

2229 3422 2369 3483 ἄξιος
2403 3439 2415 3451 ·
2449 3422 2582 3473 οὑτω
2610 3424 2711 3494 γὰρ
2741 3421 2961 3494 ἔγραψεν
2992 3424 3016 3473 ό
3061 3422 3316 3483 Ἰωάννης,

2299 3509 2487 3581 [Αὐτός
2562 3510 2676 3581 (84)
2754 3512 2888 3582 ὑμᾶς
2964 3509 3355 3583 βαπτίσει’τῇ
3409 3518 3682 3585 μεταφορᾷ
3744 3518 3828 3568 τῆς

2225 3598 2398 3660 λέξεως
2438 3602 2495 3650 1'6
2529 3596 2743 3669 δαψιλὲς
2793 3608 2883 3659 τῆς
2922 3603 3141 3673 χάριτος
3188 3599 3416 3671 ἐμφαίνει
3448 3602 3473 3651 ό
3506 3604 3825 3661 Βαπτιστὴς,

2225 3692 2314 3739 καὶ
2359 3695 2419 3759 τῇ
2468 3685 2777 3757 ἐπεξηγήσει
2830 3697 2920 3739 τοῦ
2950 3692 3111 3760 πυρὸς
3164 3688 3315 3740 πάλιν
3366 3692 3424 3741 τὸ
3477 3687 3713 3764 σφοδρὸν
3748 3693 3831 3740 καὶ

2224 3776 2506 3828 ἀκάθεκτον
2536 3783 2630 3838 τῆς
2661 3778 2879 3851 χάριτος
2911 3774 3255 3833 ἐνδείκνυται,

2297 3866 2372 3917 Οὑ
2420 3898 2487 3905 -
2532 3864 2788 3935 ἀσϐέστῳ.
2848 3865 2932 3918 Ἐκ
3002 3870 3195 3917 τούτων
3267 3872 3519 3939 παριστᾷ,
3602 3869 3685 3919 ὅτι
3748 3871 3833 3918 καὶ

2222 3958 2402 4029 κριτὴς
2446 3954 2587 4006 ἐστιν
2635 3954 2785 4016 οὗτος
2833 3956 2949 4026 (85)
2989 3962 3080 4007 τοῦ
3134 3955 3400 4027 μέλλοντος
3454 3956 3671 4018 αἰῶνος.
3737 3960 3832 4009 Καὶ

2223 4044 2393 4095 ἅλωνα
2450 4045 2539 4116 μὶν
2592 4045 2833 4115 ὀνομάζει
2888 4049 2973 4101 τὴν
3034 4041 3306 4116 πάνδημον
3358 4044 3681 4103 Ἐκκλησίαν
3744 4054 3835 4103 τῆς

2222 4133 2541 4204 οἰκουμένης,
2598 4133 2668 4193 εἰς
2727 4132 2785 4189 ἢν
2834 4136 3017 4194 πάντες
3069 4136 3117 4185 οἱ
3159 4136 3529 4208 γεωργηθέντες
3581 4137 3689 4187 ὑπὸ
3747 4143 3836 4194 τῆς

2222 4228 2540 4283 Δεσποτικῆς
2608 4220 2891 4294 ἐπιμελείας
2953 4225 3263 4293 συνάγονται
3313 4241 3325 4252 ·
3372 4227 3535 4275 πτύον
3603 4221 3687 4290 δὲ,
3747 4228 3835 4280 τὴν

463 4314 642 4377 cium,
674 4310 835 4385 quod
873 4324 975 4365 eos
1002 4323 1165 4375 sane,
1203 4307 1306 4379 qui
1355 4306 1518 4362 omni
1577 4306 1899 4377 iniquitatis
1940 4312 2110 4364 vento

2239 4307 2433 4362 ῗικαίαν
2490 4311 2647 4362 αὑτοῦ
2701 4316 2896 4383 κρίσιν,
2948 4314 3065 4373 ἣτις
3115 4316 3236 4373 τοὺς
3303 4315 3392 4384 μὲν
3449 4318 3608 4365 παντὶ
3673 4313 3837 4384 ἀνέμῳ

463 4402 783 4471 agitantur,
848 4398 1021 4471 quasi
1056 4395 1391 4470 paleaceos,
1440 4395 1618 4451 tradit
1655 4395 1775 4466 igni
1822 4395 2182 4465 gehennae"
2218 4409 2307 4459 τῆς
2380 4401 2637 4471 ἀμαρτὶας
2708 4400 3089 4471 ῥιπιζομένονς,
3158 4404 3222 4461 ὡς
3291 4398 3621 4471 ἀχυρώδεις,
3701 4397 3839 4452 ἐκδί-

463 4488 925 4562 inexstinguibili
962 4487 1134 4554 ;illos
1178 4502 1339 4551 vero,
1387 4486 1490 4557 qui
1543 4485 1825 4540 virtutum
1888 4485 2112 4542 habent

464 4580 830 4648 gravitatem,
861 4577 923 4632 in
961 4576 1316 4649 apothecam
1374 4574 1700 4630 caelestium
1761 4574 2109 4632 tabernacu-

461 4666 659 4725 lorum
685 4666 923 4736 colligit.

2218 4409 2307 4459 τῆς
2380 4401 2637 4473 ἀμαρτὶας
2708 4400 3089 4473 ῥιπιζομένονς,
3158 4404 3222 4461 ὡς
3291 4398 3621 4473 ἀχυρώδεις,

2220 4484 2357 4540 δωσι
2386 4494 2513 4563 πυρὶ
2543 4487 2780 4559 ἀσϐέστῳ
2814 4498 2907 4550 τῆς
2958 4494 3156 4560 γεέννης
3205 4494 3325 4551 τους
3357 4487 3415 4541 δὲ
3458 4488 3639 4563 βάρος
3694 4490 3842 4559 ἆγον-

2217 4596 2310 4638 τας
2355 4577 2464 4648 (86)
2520 4575 2705 4650 ἀρετῆς
2760 4577 2990 4647 συλλέγει
3022 4578 3094 4639 εἰς
3146 4582 3234 4636 τὴν
3292 4577 3567 4636 ἀποθήκην
3604 4587 3711 4631 τῶν
3759 4578 3840 4629 οὗ·

2217 4670 2403 4740 ρανίων
2434 4674 2635 4724 σκηνῶν
2649 4711 2661 4723 ,

536 4846 581 4882 ”
640 4847 819 4902 Marc.
867 4859 906 4911 1,
938 4844 1175 4911 7;Luc.
1230 4857 1312 4911 ιιι,
1349 4842 1413 4897 16
1441 4860 1453 4911 ;
1486 4842 1654 4898 Joan.
1684 4846 1724 4906 ι,
1774 4845 1869 4897 27.
1906 4843 1954 4878 δι
2004 4843 2124 4901 Mar

2239 4884 2263 4909 .,
2291 4844 2325 4899 8
2365 4845 2580 4911 ;Joan.
2611 4859 2652 4909 1,
2701 4843 2790 4901 33.
2823 4846 2870 4881 ⁵⁵
2921 4845 3065 4903 Luc.
3097 4861 3180 4911 ιιι,
3240 4846 3321 4902 16.
3369 4847 3417 4882 ⁸⁸
3444 4847 3630 4903 Joan.
3666 4865 3705 4913 ι,
3753 4851 3845 4902 27.

1675 4938 1898 5006 Variae
1923 4939 2246 5009 lectiones
2297 4951 2360 5009 et
2387 4950 2565 5009 nota),

562 5065 651 5129 82)
690 5056 909 5132 Ἀρχὴν,
935 5073 1042 5129 pro
1072 5057 1360 5132 ὑπεροχήν.
1402 5059 1467 5111 Α.

536 5061 651 5204 ἓ82)
690 5061 909 5132 Ἀρχὴν,
935 5073 1042 5129 pro
1072 5061 1307 5138 ὑπεροχή

561 5134 651 5205 83)
690 5132 973 5205 ίΑοράτως,
1006 5133 1220 5205 omittit
1246 5135 1309 5182 Α.

537 5197 646 5275 (84)
689 5197 921 5259 Inclusa
940 5202 1001 5256 in
1030 5199 1299 5270 margine
1328 5197 1508 5254 habet
1535 5198 1583 5252 Α
1616 5199 1871 5265 ;omittit
1908 5200 1967 5254 B.

536 5329 619 5401 (a)
658 5325 867 5383 Vestris
883 5325 1105 5397 quidem
1121 5320 1465 5394 majoribus.
1487 5322 1707 5390 Redde,
1734 5323 2112 5381 Potissimum

466 5408 1007 5557 auépsmbperatom.
1065 5469 1175 5525 Υπό
1229 5465 1306 5527 ad
1334 5448 1523 5549 γεωργ.
1601 5482 1721 5526 non
1775 5467 1855 5526 ad
1922 5486 2107 5544 σνναγ.

2291 5058 2400 5127 (85)
2443 5057 2628 5125 Οὗτος,
2663 5056 2837 5113 abest
2865 5060 2931 5113 Α.

2293 5060 2377 5127 (85
2443 5058 2628 5125 Οὗτος,
2663 5058 2837 5113 abest

2293 5058 2405 5201 (86)
2443 5136 2565 5196 Τῆς,
2595 5128 2762 5186 addit
2791 5132 2850 5185 B.

2219 5322 2485 5379 refertur.
2505 5323 2592 5379 Ad
2618 5340 2801 5396 quam
2835 5340 3041 5381 omnes
3067 5324 3391 5395 (homines)
3422 5322 3682 5385 Domini
3704 5343 3853 5386 cura

2218 5396 2531 5468 (tanquam
2564 5396 2714 5468 agri,
2742 5404 2971 5468 segetes
2996 5402 3097 5453 aut
3126 5397 3373 5468 fructus)
3403 5396 3585 5458 culti.
3620 5403 3717 5459 Ita
3742 5400 3853 5460 Co-

2218 5412 2531 5477 (tanquam
2564 5412 2714 5525 8%“,
2742 5412 2971 5468 segetes
2996 5412 3097 5453 aut
3126 5412 3373 5468 ιτιιοῑιιε)
3403 5412 3585 5458 οιιιῐι.
3620 5412 3717 5459 ιιει

2218 5466 2420 5525 τιιιιιιιι
2449 5468 2622 5547 appel
2647 5473 2823 5527 antur
2850 5470 2872 5525 Ι
2898 5472 3033 5533 Cor.
3059 5484 3141 5543 ιιι,
3174 5472 3228 5539 9,
3257 5474 3389 5525 Θεοῦ
3419 5473 3725 5552 γεώργιον.
