3990 6206
91 69 331 252 1

1074 177 1435 237 COMMENT.
1479 178 1549 234 IN
1591 175 2031 237 MATTH/EUM.
2071 207 2143 221 --
2183 178 2344 238 CAP.
2384 175 2481 237 III.

3373 185 3478 240 170

275 321 352 368 N-‘a
377 311 573 384 μεντὰρ,
618 309 684 369 ὡς
723 306 771 360 ἰν
820 305 996 373 ἄλωνι,
1050 305 1242 379 ἀναμὶξ
1267 307 1292 358 6
1347 312 1492 368 σῖτος
1531 310 1622 359 καὶ
1652 309 1710 359 τὸ

1890 309 2055 363 Nunc
2077 305 2372 379 siquidem
2403 305 2463 362 in
2493 320 2632 363 area
2684 305 2862 362 mista
2919 308 3059 362 sunt
3103 305 3362 364 triticum
3421 313 3479 368 et

217 407 386 477 ἄχυρον·
425 404 515 452 τότε
562 394 640 463 δὲ,
673 397 836 456 πολλὴ
870 398 1016 450 ἔσται
1060 395 1174 468 (87)
1224 398 1253 454 ἠ
1309 391 1598 471 διάκρισις,
1630 398 1712 449 ὅτε

209 493 512 568 gnatm;
543 487 616 548 εἰς
661 492 756 546 τὴν
807 485 1077 544 ἀποθήκην
1129 487 1574 558 συγκομισθῆναι,
1623 485 1710 538 Ἐν

209 591 255 654 τῇ
288 586 400 654 χειρὶ
435 576 482 631 δὲ
522 577 681 629 αὐτοῦ
741 573 868 645 εἶπε,
913 571 1005 628 διὰ
1033 577 1089 628 τὸ
1135 571 1262 627 εἶναι
1311 579 1593 649 πρόχειρον
1623 579 1712 626 καὶ

205 674 358 743 ἕτοιμον
395 669 448 728 εἰς
514 671 568 719 τὸ
625 663 915 738 διακρῖναι.
967 663 1102 737 Ὀρα
1186 660 1266 732 δὲ,
1323 664 1401 716 ὃτι
1455 667 1585 736 μετά
1653 665 1710 714 τό

204 759 413 831 βαπτίζειν
462 756 505 808 ἐν
552 758 813 827 Πνεύματι
861 753 994 825 ἁγίῳ
1046 757 1134 805 καὶ
1180 757 1330 828 πυρὶ,
1379 749 1713 828 διακαθαίρει

201 853 270 905 τὴν
287 848 435 918 ἅλωνα,
466 847 542 897 ἵνα
559 850 632 917 μὴ
661 847 788 916 μετὰ
811 846 868 896 τὸ
903 841 1185 915 βάπτισμᾶ
1211 843 1548 916 ῥᾳθυμήσης.

249 943 345 988 Tm
373 967 428 976 —
471 935 552 986 ὑπ’
597 934 780 988 αὐτοῦ.
835 934 977 986 Μετὰ
1012 940 1112 982 τῶν
1143 927 1341 984 δούλων
1369 932 1394 982 6
1427 934 1709 990 Δεσπότης*

195 1025 273 1077 ἀλλ’
297 1025 447 1076 ἐκεῖνοι
483 1026 589 1092 μὲν,
627 1023 710 1074 ἱνα
758 1026 1143 1093 μετανοήσωσι,
1187 1019 1301 1090 (88)
1353 1024 1708 1091 παρεγίνοντο·

190 1110 388 1178 οὔτοςδε,
433 1115 509 1164 ἱνα
557 1107 854 1181 ἆναδειχθῇ
913 1118 983 1180 τῷ
1029 1109 1152 1180 λαῷ.
1190 1109 1342 1160 Οὕτω
1387 1110 1488 1183 γὰρ
1533 1112 1621 1160 καὶ
1687 1108 1712 1158 6

189 1204 372 1263 Ἰωάνης
397 1199 540 1270 εἶπεν,
571 1201 656 1252 ὅτι
675 1199 787 1253 Ἰνα
815 1201 1077 1272 φανερωθῇ
1102 1205 1174 1269 τῷ
1210 1197 1441 1272 Ἰσραὴλ.

234 1380 279 1432 Ὀ
323 1375 375 1432 δε
423 1377 661 1438 Ἰωάννης
707 1407 775 1416 -
831 1379 960 1449 πρὸς
999 1394 1082 1447 με.
1135 1371 1308 1446 Ἔγνω
1355 1377 1434 1436 τίς
1475 1370 1554 1437 ἦν,
1610 1374 1710 1426 ὑπὸ

182 1465 248 1521 τοῦ
276 1467 559 1530 ἐνοικοῦντος
613 1465 757 1536 αὐτῷ
803 1465 941 1517 θείου
990 1466 1303 1536 Πνεύματος.
1356 1466 1492 1521 Φησὶ
1528 1464 1630 1537 γὰρ
1684 1463 1710 1515 6

181 1556 489 1627 κὶα-ηιλιστής
552 1556 820 1622 Ἰωάννης,
879 1554 958 1605 ὅτι
1007 1552 1181 1605 Βλέπει
1249 1553 1275 1603 6
1329 1550 1566 1612 Ἰωάννης
1621 1553 1709 1603 τὸν

1819 393 1994 466 palea
2025 399 2202 461 ;tunc
2233 399 2433 452 autem
2479 395 2727 452 omnino
2771 394 3201 462 discernentur,
3229 397 3476 469 quando

1822 484 2182 540 frumentum
2207 484 2268 540 in
2295 485 2652 556 apothecam
2675 482 3062 540 deferendum
3079 489 3190 540 est.
3210 487 3274 541 In
3292 502 3478 544 manu

1822 577 2022 629 autem
2048 590 2157 630 sua
2195 573 2358 635 dixit,
2390 589 2460 629 eo
2491 573 2656 646 quod
2682 577 2998 646 promptus
3026 589 3096 630 ac
3122 579 3368 647 paratus
3391 579 3480 634 est

1823 662 1899 718 ad
1931 662 2407 733 dijudicandum.
2449 662 2591 718 Vide
2620 667 2819 719 autem
2836 663 3001 736 quod
3029 669 3352 736 postquam
3375 665 3479 722 ba-

1822 752 2128 823 ptizaverit
2158 752 2216 806 in
2236 751 2452 823 Spiritu
2477 756 2704 819 sancto,
2734 757 3030 824 expurgat
3050 752 3248 809 adhuc
3270 769 3476 812 aream

1823 857 2017 907 suam,
2045 857 2119 898 ne
2147 847 2424 912 suscepto
2454 841 2755 913 baptismo
2788 847 3046 914 torpeas.

1895 931 2056 987 Vers.
2088 934 2175 986 13.
2228 931 2381 986 Tunc
2409 961 2477 971 —
2533 935 2608 986 ab
2639 947 2724 987 eo.
2760 933 2906 988 Cum
2933 931 3118 987 servis
3170 932 3336 994 venit
3364 935 3472 990 Do-

1823 1019 2023 1075 minus
2052 1037 2064 1074 :
2095 1019 2202 1074 sed
2231 1019 2310 1074 illi
2345 1018 2612 1090 quidem,
2647 1024 2712 1076 ut
2765 1021 3114 1091 pmnitentias
3169 1028 3337 1078 actus
3374 1023 3475 1080 de-

1824 1113 2220 1164 monstrarent
2247 1108 2330 1179 (εἰ)
2362 1114 2754 1175 accesserunt,
2811 1109 2922 1181 ipsi
2956 1126 3096 1166 vero
3143 1115 3200 1168 ut
3247 1111 3472 1184 populo

1822 1197 2314 1254 manifestaretur.
2362 1197 2447 1253 Ita
2488 1197 2648 1253 enim
2701 1198 2845 1255 dixit
2871 1201 3156 1271 Joannes,
3195 1200 3362 1274 quod
3393 1200 3470 1274 (r)

1821 1292 1884 1342 ut
1912 1286 2396 1354 manifestaretur
2425 1287 2630 1344 lsraeli
2656 1289 2725 1340 ⁵⁷.

1892 1377 2050 1431 Vers.
2080 1375 2170 1432 14.
2200 1375 2444 1431 Joannes
2473 1382 2668 1432 autem
2689 1407 2757 1416 —
2779 1376 2853 1432 ad
2875 1392 2983 1434 me.
3016 1378 3306 1448 Cognovit
3327 1378 3468 1451 quis

1820 1468 1977 1520 esset
1996 1479 2101 1535 per
2122 1464 2558 1520 inhabitantem
2577 1465 2636 1520 in
2661 1479 2724 1520 se
2739 1465 3024 1535 Spiritum
3046 1470 3343 1523 sanctum.
3374 1468 3470 1525 Ait

1819 1552 1980 1608 enim
2009 1552 2272 1608 Joannes
2300 1551 2706 1622 evangelista:
2769 1553 2932 1609 Videt
2957 1555 3212 1610 Joannes
3265 1557 3466 1612 Jesum

179 1645 338 1701 Ἰησοῦν
389 1644 664 1717 ἐρχόμενον
734 1646 860 1715 πρὸς
907 1641 1080 1708 αὐτόν,
1154 1645 1244 1693 καὶ
1297 1639 1460 1712 λέγει·
1520 1635 1630 1693 Ἰὃε
1684 1640 1710 1691 6

1835 1641 2130 1698 venientem
2171 1641 2252 1696 ad
2279 1657 2355 1706 se,
2383 1647 2440 1697 et
2466 1641 2549 1698 ait
2586 1658 2597 1696 :
2629 1641 2777 1698 Ecce
2804 1642 3006 1712 Agnus
3028 1642 3154 1710 Dei,
3177 1643 3276 1713 qui
3307 1643 3467 1699 tollit

175 1735 316 1806 Ἀρνός
340 1741 422 1786 τοῦ
470 1740 627 1797 Θεοῦ,
659 1733 686 1784 6
716 1734 874 1806 αἴρων
922 1735 1014 1789 τήν
1065 1729 1322 1804 ἁμαρτίαν
1350 1736 1444 1782 τοῦ
1483 1733 1706 1802 κόσμου,

175 1828 241 1875 καὶ
256 1826 308 1876 τὰ
323 1822 444 1885 ἑξῆς.
465 1828 571 1875 Νῦν
594 1818 654 1874 δε
675 1816 711 1874 δ
716 1819 950 1892 ιεκῳλυεν
972 1818 1146 1888 αὐτὸν,
1167 1817 1345 1890 λέγων·
1370 1817 1504 1890 Ἐγώ
1522 1821 1709 1891 χρείαν

174 1915 256 1983 ἔχω
284 1913 368 1964 ὑπὸ
404 1918 494 1964 σοῦ
538 1909 923 1984 βαπτισθῆναι.
953 1907 1106 1980 Ἐγώ,
1140 1909 1166 1959 ό
1201 1909 1486 1969 ὑπεύθυνος
1534 1906 1708 1981 ἁμαρ-

174 2006 292 2068 τίαις,
329 2002 420 2052 ὑπὸ
471 2007 562 2052 τοῦ
613 1997 1006 2073 ἀναμαρτήτου,
1065 1997 1091 2049 6
1151 1993 1426 2070 βαπτίζων
1478 1994 1528 2048 ἓν
1567 1994 1707 2067 ψιλῷ

173 2087 311 2159 ὕδατι,
358 2091 451 2142 ὑπό
505 2096 598 2141 τοῦ
660 2085 1012 2160 βαπτίζοντος
1055 2084 1103 2138 ἂν
1150 2087 1412 2157 Πνεύματι
1445 2083 1578 2158 ἁγιῳ
1617 2088 1708 2137 καὶ

173 2183 282 2252 πυρὶ,
332 2180 356 2230 ὁ
408 2175 614 2246 δοῦλος,
669 2178 771 2229 ὑπὸ
819 2183 911 2228 τοῦ
973 2178 1260 2244 Δισπότου,
1320 2176 1346 2227 6
1412 2175 1706 2246 ἄνθρωπος,

266 2275 343 2320 τοῦ
371 2274 520 2322 Θεοῦ·
563 2271 657 2319 καὶ
688 2268 755 2318 σὺ
797 2263 974 2317 λοιπόν
1005 2262 1255 2316 ἀνάπαλιν
1283 2266 1418 2336 ἔρχῃ
1451 2267 1582 2338 πρός
1620 2281 1704 2334 με.

170 2358 218 2408 Οἱ
263 2359 338 2428 μὲν
385 2353 466 2408 οὖν
505 2355 652 2408 ἄλλοι
697 2351 808 2406 κατ’
859 2351 1113 2426 ἇρώτησιν
1157 2351 1580 2424 ἀναγινώσκουσι
1627 2354 1706 2417 τὸ,

170 2451 233 2498 ui
278 2448 336 2498 Σὺ
385 2447 514 2518 ἔρχῃ
568 2446 703 2518 πρὸς
760 2461 870 2515 με;
929 2443 954 2494 6
1007 2441 1253 2514 Θεολόγος
1307 2437 1366 2495 δὲ
1427 2445 1712 2514 Γρηγόριος

168 2537 268 2586 κατὰ
311 2534 587 2605 ἀπόφασιν,
650 2535 721 2595 ὡς
783 2534 1256 2606 προφητεύσαντος,
1321 2530 1399 2583 ὃτι
1464 2529 1711 2584 Ἀκολου·

168 2625 309 2685 θήσεις
350 2641 435 2696 μοι
475 2622 854 2695 ἀναιρουμένῳ,
896 2624 1162 2674 τουτέστιν
1224 2620 1338 2693 (89)
1390 2618 1710 2693 ἁναιρεθὴση

167 2732 234 2762 και
251 2731 324 2767 συ.

219 2800 516 2873 ’Δποκριθεὶς
543 2831 615 2840 —
643 2801 785 2873 ἄρτι.
840 2804 1242 2872 Ιιαραχὼρησον
1295 2801 1416 2870 τόγε
1443 2804 1531 2850 νῦν
1562 2799 1707 2869 ἔχον,

166 2894 216 2958 μή
396 2889 804 2963 προϐαλλόμενος
847 2888 921 2949 εἱς
965 2892 1284 2962 παραίτησιν
1334 2889 1399 2939 τὰ
1440 2894 1536 2948 τῆς
1589 2885 1713 2958 ἄμῆς

1815 1736 2057 1800 peccata
2085 1729 2360 1796 mundi”,
2381 1734 2494 1786 etc.
2524 1733 2565 1786 Ν
2574 1745 2688 1786 unc
2713 1745 2854 1786 vero
2884 1730 3242 1801 prohibebat
3261 1731 3466 1804 ipsum

1817 1819 2022 1876 dicens
2049 1836 2062 1874 ε
2095 1819 2246 1876 Mihi
2268 1835 2408 1889 opus
2443 1824 2526 1876 est
2553 1819 2737 1875 utabs
2770 1828 2823 1875 te
2849 1819 3116 1890 baptizer.
3153 1822 3304 1891 Ergo
3333 1835 3466 1892 pec-

1817 1909 1962 1965 catis
2015 1908 2335 1974 obnoxius,
2363 1907 2441 1964 ab
2489 1923 2559 1964 eo
2579 1907 2685 1980 qui
2715 1922 2961 1979 peccare
2991 1923 3112 1964 non
3143 1912 3335 1980 potest
3362 1925 3376 1974 ;
3399 1909 3461 1964 in

1815 1996 1980 2054 nuda
2009 2012 2168 2069 aqua
2188 1996 2600 2068 baptizans,ab
2622 2011 2693 2052 eo
2723 1996 2827 2068 qui
2865 1995 3128 2068 baptizat
3150 1997 3210 2051 in
3243 1996 3462 2068 Spiritu

1818 2090 2027 2142 sancto
2058 2091 2113 2142 et
2139 2085 2259 2156 igni
2291 2101 2304 2151 ;
2339 2100 2546 2142 servus
2573 2100 2608 2141 a
2627 2085 2879 2142 Domino
2922 2101 2935 2151 ;
2966 2085 3151 2142 homo
3180 2099 3218 2141 a
3239 2085 3379 2154 Deo,
3405 2087 3463 2142 et

1817 2179 1878 2232 tu
1908 2178 2107 2232 tamen
2138 2190 2169 2230 e
2220 2174 2456 2230 diverso
2507 2174 2672 2230 venis
2715 2173 2794 2230 ad
2851 2189 2947 2230 me
2975 2172 3004 2228 ?
3032 2173 3139 2230 Alii
3169 2173 3331 2230 enim
3362 2188 3464 2246 per

1817 2263 2342 2335 interrogationem
2355 2263 2559 2334 legunt
2583 2262 2877 2320 verbailla
2897 2284 2910 2318 :
2935 2263 3026 2320 Tu
3057 2262 3214 2320 venis
3229 2264 3307 2320 ad
3330 2279 3422 2320 me
3437 2264 3466 2320 ?

1814 2352 2146 2422 Theologus
2197 2357 2398 2409 autem
2455 2351 2774 2421 Gregorius
2844 2367 2950 2424 per
3004 2351 3462 2410 afﬁrmationem

1817 2442 1989 2515 quasi
2019 2441 2428 2514 prophetantis
2458 2456 2530 2497 ac
2559 2439 2848 2497 dicentis:
2891 2443 3164 2514 Sequeris
3229 2459 3308 2498 me
3357 2442 3466 2515 qui

1819 2531 2072 2596 occidor,
2104 2531 2220 2588 hoc
2239 2535 2345 2596 est,
2369 2529 2656 2587 occideris
2683 2533 2741 2587 et
2766 2534 2854 2590 tu.

1892 2803 2053 2856 Vers.
2089 2805 2172 2856 t5.
2201 2801 2573 2872 Respondens
2600 2833 2658 2842 —
2685 2801 2883 2857 modo.
2917 2800 3126 2857 Desine
3153 2801 3335 2857 modo
3361 2800 3470 2857 ima

1820 2889 2246 2962 peccabilitatis
2279 2906 2349 2945 ac
2379 2890 2699 2946 divinitatis
2731 2906 2873 2946 mea:
2901 2891 3234 2946 velamenta
3263 2890 3470 2946 obteno

166 2978 512 3052 ἐταμαρτησίας
556 2983 650 3031 καὶ
694 2979 955 3036 θεότητος.
1006 2983 1113 3029 Νῦν
1162 2979 1264 3050 γὰρ
1304 2975 1397 3027 οὐκ
1445 2978 1557 3028 ἔστι
1585 2978 1712 3027 τού-

1835 2978 1960 3034 iere
1994 2994 2220 3050 ;neque
2243 2979 2402 3034 enim
2435 2984 2578 3034 sunt
2627 2979 2755 3035 haec
2783 2980 3094 3052 praesentis
3160 2979 3468 3052 temporis,

163 3085 238 3118 των
281 3072 464 3142 καιρός·
519 3066 633 3119 ἀλλ’
669 3066 1006 3139 οἰκονομικῶς
1052 3066 1152 3118 ὑπό
1208 3073 1302 3118 σοῦ
1359 3063 1708 3137 βαπτίζομαι.

165 3155 320 3230 Ὠσπερ
365 3160 463 3230 γὰρ
525 3153 622 3209 διὰ
675 3159 794 3216 τοὺς
842 3154 1136 3228 ἀνθρώπους
1177 3158 1366 3226 γέγονα
1420 3155 1710 3228 ἄνθρωπος,

167 3243 229 3293 ἱνα
256 3247 312 3306 ὣς
356 3246 626 3312 ἄνθρωπος
671 3243 944 3297 καταϐαλῶ
987 3247 1072 3296 τόν
1119 3241 1480 3296 καταϐα)όντα
1530 3243 1716 3303 αὐτοὺς

169 3327 378 3385 διάεοὶον·
418 3334 555 3386 οῦτω
585 3329 646 3385 δί
674 3334 884 3400 αὐτοὺς,
930 3335 998 3394 ὡς
1026 3332 1198 3397 αὐτοὶ,
1240 3330 1590 3405 βαπτίζομαι,
1634 3332 1717 3384 ἵνα

164 3419 327 3491 eia-itu
363 3431 467 3485 τοῖς
504 3419 674 3476 ὕδασι
727 3425 814 3474 τὸν
849 3421 1010 3495 ῥύπον
1057 3429 1156 3472 τῶν
1187 3420 1468 3474 μελλόντων
1509 3419 1718 3492 ἀναγεν-

165 3511 342 3568 νπθῆναι
381 3508 449 3564 δι’
477 3508 678 3573 ὕδατος
707 3515 796 3562 καὶ
824 3513 1136 3582 Πνεύματος.
1167 3510 1312 3582 ⁴δΑμα
1342 3506 1402 3562 δὲ
1430 3513 1520 3562 καὶ
1549 3511 1716 3583 ἕτερόν

164 3615 201 3648 τι
239 3600 485 3674 οἰκονομῶ,
526 3604 589 3653 τὸ
641 3598 742 3651 ἀπὸ
793 3606 884 3650 τοῦ
932 3597 1294 3671 βαπτίσματος
1333 3594 1717 3671 ἀναδειχθῆναι

163 3706 210 3756 με
225 3696 284 3757 τῷ

218 3775 346 3829 Οᾶτω
394 3807 462 3818 -
521 3765 887 3834 δικαιοσύνην.
939 3777 1110 3837 Οὕτως
1162 3775 1382 3850 ἁρμόζει
1437 3796 1546 3850 μοι,
1587 3777 1718 3835 πλη-

357 3873 526 3920 πᾱσαν
601 3865 805 3924 ἐντολὴν
854 3869 999 3919 Θεοῦ.
1063 3868 1407 3924 Δικαιοσύνην
1455 3868 1557 3940 γὰρ
1608 3873 1719 3938 νῦν,

164 3957 239 4008 τήν
272 3955 377 4025 (91)
421 3955 625 4013 ἐντολὴν
664 3961 757 4007 τοῦ
782 3961 917 4007 Θεοῦ
954 3953 1108 4027 λέγει’
1142 3956 1325 4017 Πάσας
1370 3957 1460 4015 τὰς
1499 3953 1718 4020 ἐντολάς,

164 4049 312 4112 φησιν,
364 4043 721 4120 ἐξεπλήρωσα,
781 4043 910 4106 ὁσας
957 4044 983 4095 6
1037 4047 1190 4116 νόμος
1247 4042 1522 4097 ἐκέλευσεν·
1587 4043 1718 4104 αὕτη

168 4126 212 4181 δε
238 4137 347 4201 μόνη
394 4135 697 4205 ὑπελείφθη,
739 4135 770 4192 ἡ
820 4138 938 4206 περὶ
979 4139 1070 4185 τοῦ
1120 4131 1502 4206 βαπτισθῆναι*
1543 4132 1722 4186 λοιπὸν

164 4217 236 4269 οὖν
302 4222 443 4275 Οὕτω
527 4227 716 4296 πρέπει
787 4241 873 4274 μοι
933 4221 1210 4294 πληρῶσαι
1275 4228 1448 4274 πᾶσαν
1499 4221 1719 4292 ἐντολὴν,

166 4307 315 4378 ἦγον-ο,
490 4308 590 4364 διὰ
637 4319 730 4364 τοῦ
761 4309 1117 4384 βαπτισθῆναι
1149 4312 1250 4379 ἱνα,
1282 4310 1389 4364 ἅππὶ
1437 4313 1462 4364 ὁ
1503 4311 1726 4373 παλαιός

170 4391 300 4470 Αδὰμ
335 4405 424 4459 τήν
475 4405 605 4474 μίαν
650 4399 854 4460 ἐντολὴν
899 4399 992 4452 οὐκ
1029 4399 1342 4475 ἐπλήρωσεν,
1387 4399 1486 4474 ἑγὼ
1525 4401 1722 4468 λοιπόν,

218 4573 435 4636 "10m.
479 4594 520 4647 ι,
549 4582 638 4636 3t.
719 4579 766 4616 ⁵⁸
805 4577 954 4638 Ibid.
979 4579 1068 4636 29.

1822 3067 1926 3122 sed
1947 3061 2388 3139 dispensatorio
2414 3068 2598 3124 modo
2620 3085 2655 3124 a
2680 3074 2731 3123 te
2757 3069 3042 3141 baptizor.
3067 3069 3472 3134 Quemadmo-

1822 3156 1968 3212 dum
1998 3156 2158 3211 enim
2198 3161 2440 3228 propter
2466 3156 2744 3212 homines
2775 3157 2956 3213 homo
2998 3158 3189 3214 factus
3220 3175 3376 3223 sum,
3411 3162 3474 3214 ut

1825 3249 2113 3317 tanquam
2141 3245 2322 3301 homo
2346 3243 2546 3301 fallam
2567 3246 2639 3316 (s)
2662 3245 2972 3301 diabolum
2997 3247 3160 3316 ipsos
3177 3245 3474 3317 decipien-

1826 3339 1940 3390 tem
1977 3334 2097 3400 ;ita
2123 3338 2363 3405 propter
2387 3334 2570 3405 ipsos,
2626 3333 2776 3388 sicut
2820 3333 2933 3404 ipsi
2983 3333 3271 3404 haptizor,
3333 3333 3476 3390 utin

1827 3423 2000 3495 aquis
2017 3437 2224 3478 eorum
2247 3421 2452 3477 sordes
2475 3421 2781 3493 sepeliam,
2805 3421 2908 3494 qui
2935 3421 3323 3491 regenerandi
3341 3426 3478 3478 sunt

1825 3527 1932 3585 per
1959 3527 2190 3583 aquam
2214 3515 2270 3567 et
2296 3509 2599 3582 spiritum.
2640 3510 2826 3567 Simul
2853 3514 3054 3566 autem
3114 3514 3170 3566 et
3219 3510 3328 3566 hoc
3358 3510 3478 3566 dis-

1827 3601 2163 3674 pensatorie
2193 3615 2326 3671 ago,
2362 3602 2428 3655 ut
2448 3598 2720 3656 videlicet
2738 3614 2844 3671 per
2858 3598 3230 3671 baptismum
3251 3598 3478 3672 populo

1827 3690 2220 3746 demonstrer.

1902 3781 2062 3835 Vers.
2094 3780 2180 3834 15.
2211 3778 2314 3835 Sic
2339 3810 2409 3818 —
2435 3779 2760 3848 justitiam.
2793 3778 2885 3834 Sic
2915 3777 3190 3850 congruit
3228 3781 3290 3833 ut
3318 3793 3480 3834 com-

1829 3867 2028 3941 pleam
2076 3883 2254 3924 omne
2292 3868 2390 3923 Dei
2420 3871 2829 3940 praeceptum:
2869 3867 2964 3923 hic
2994 3867 3156 3923 enim
3190 3867 3482 3938 justitiam

1830 3963 2197 4028 prmceptum
2232 3957 2331 4012 Dei
2350 3956 2630 4029 appellat.
2652 3957 2883 4027 Omnia,
2910 3956 3120 4028 inquit,
3147 3971 3285 4028 quae
3303 3955 3486 4027 jussit

1829 4045 1924 4102 lex
1954 4045 2246 4116 complevi
2279 4049 2595 4118 praecepta.
2631 4045 2834 4101 Solum
2865 4060 3082 4117 nempe
3115 4045 3170 4100 id
3187 4044 3486 4115 reliquum

1835 4139 1938 4200 est,
1993 4140 2056 4190 ut
2080 4134 2359 4206 baptizer.
2409 4134 2518 4192 Sic
2570 4135 2767 4206 itaque
2815 4135 2992 4199 decet,
3053 4141 3115 4188 ut
3168 4133 3483 4202 compleam

1832 4238 2059 4281 omnem
2085 4224 2393 4292 justitiam,
2411 4222 2683 4279 videlicet
2705 4238 2808 4294 per
2833 4221 3222 4293 baptismum,
3255 4225 3320 4276 ut
3339 4220 3484 4291 quia

1832 4316 2002 4369 vetus
2032 4311 2224 4368 Adam
2257 4311 2493 4366 unicum
2549 4326 2668 4366 non
2724 4309 3044 4381 complevit
3090 4312 3482 4380 praeceptum,

1834 4416 1945 4474 ego
1958 4416 2150 4458 novus
2161 4400 2352 4457 Adam
2373 4415 2484 4472 pro
2509 4399 2638 4472 ipso
2661 4398 2866 4455 omnia
2885 4395 3274 4468 adimpleam,
3299 4394 3483 4451 illius-

1326 4703 1554 4775 Variae
1600 4703 1928 4774 lectiones
1981 4712 2048 4773 et
2079 4710 2280 4772 notae.

217 4841 312 4912 (37)
334 4843 511 4898 Ἐστιν
543 4846 598 4905 ἡ.
634 4849 690 4902 Β.

348 4921 716 4990 “qr/b.7709
748 4922 810 4973 Α·

220 4983 442 5065 (φλριιῤ
472 4983 776 5065 ακολουθεῑς
817 4991 876 5044 et
904 4987 1108 5065 ᾲναιρῇ,
1138 4991 1303 5061 quod
1349 5004 1718 5062 repereram,

167 5051 307 5134 dedi,
325 5056 573 5134 ἆοιολουθή
583 5079 692 5122 σεις
729 5062 969 5134 αναιρεθὴ

223 5127 312 5206 (90)
337 5131 683 5206 Particuiam
699 5127 1039 5204 negativam
1060 5136 1155 5205 μή,
1179 5147 1368 5204 quam
1387 5149 1603 5190 sensus
1621 5149 1721 5206 po-

170 5196 406 5265 stillabat,
440 5201 666 5258 addidi.
779 5196 810 5204 ⁷
1060 5196 1070 5205 ’
1142 5196 1159 5223 ³

226 5268 509 5348 (ςὶρκηὶι.
526 5280 650 5330 act.
672 5274 1170 5348 demenstrarent.
1191 5276 1260 5332 Ut
1285 5275 1721 5348 resipiscerent,

173 5341 221 5392 ut
250 5337 408 5400 aliam
432 5349 695 5402 mentem
724 5345 1057 5402 induerent.
1405 5337 1422 5348 ³
1544 5351 1548 5355 ’

226 5409 299 5486 (r)_
313 5419 402 5466 Οτι
427 5416 487 5472 in
517 5415 790 5474 versione
831 5416 1229 5476 omittendum
1259 5421 1402 5486 erat,
1445 5432 1568 5477 non
1593 5418 1722 5476 red-

174 5477 398 5542 dundum
420 5487 599 5560 quod.
1339 5536 1345 5542 .
1388 5477 1401 5486 ’
1672 5537 1678 5542 .

351 5573 600 5656 Perna.
642 5575 756 5640 Gn.
804 5575 1068 5642 CXXIX.

1901 4846 2014 4918 (91)
2049 4845 2450 4918 Chrysostom.
2514 4848 2551 4902 ί.
2592 4842 2707 4901 VII.
2748 4859 2808 4917 p.
2863 4844 2990 4903 140.
3040 4845 3104 4902 Β.
3156 4849 3256 4905 Τὴν
3301 4843 3498 4909 ἐκπλῆ-

1829 4916 2094 4994 ρωσινῖτῶ
2125 4916 2357 4994 ἐντολῇ.
2423 4987 2436 4994 _
2474 4941 2485 4952 ·
2536 4989 2569 4994 _
2657 4989 2689 4994 __
2755 4916 2788 4994 γ’
2869 4991 2886 4994 Α
3120 4970 3146 4994 ._
3297 4951 3318 4994 _-
3383 4955 3402 4994 ‘-

1904 4989 2216 5070 (92)]:1
2239 4987 2506 5070 offendo.
2536 4987 2834 5070 Particula
2859 4991 3019 5070 ἤγουν
3051 4988 3484 5070 ρῃὶωμεξωὶιὶα

1826 5056 2042 5143 jngit.
2068 5056 2388 5143 Dissimilia
2416 5064 2612 5143 autem
2650 5056 2926 5143 πληρῶσαι
2949 5056 3132 5143 μηδιά
3160 5059 3478 5143 τοῦιβΛαπτιῘ

1835 5127 2044 5190 comica.
2090 5131 2352 5202 Conjicio
2414 5131 2606 5200 igitur,
2671 5127 2788 5188 levi
2838 5131 3180 5196 mutatione,
3233 5127 3327 5184 δὲοὶ
3381 5139 3476 5186 σοι)

1838 5201 2217 5254 ϐαπτισθῆναι.

1835 5201 2358 5346 “(Exiguum
2421 5289 2543 5330 non
2593 5278 2746 5330 recte
2791 5273 3093 5330 redditum
3125 5276 3212 5328 est
3252 5273 3482 5344 fallere,

1835 5345 2116 5398 decinere.
2151 5360 2501 5398 quanquam
2523 5345 2679 5398 nrius
2709 5343 2840 5398 ferri
2870 5345 3076 5398 nossit.
3140 5343 3482 5398 Καταϐάλλιιν

1834 5345 2116 5414 decipere,
2151 5360 2501 5417 quanquam
2561 5345 2679 5401 rius
2709 5345 2840 5402 t‘erri
2870 5345 3076 5416 possit.
3140 5345 3488 5398 Καταϐάλλειν

1838 5423 1932 5499 est.
1952 5417 2188 5472 hostem
2225 5416 2300 5472 de
2323 5420 2488 5498 statu
2511 5363 2787 5500 dejicere,
2816 5416 3070 5474 vincere.
3113 5417 3264 5488 Ergo
3294 5422 3360 5472 ut
3389 5431 3490 5487 op-

1833 5496 2091 5562 primam
2130 5519 2199 5530 -
2228 5496 2332 5562 qui
2352 5496 2658 5561 oppressit.

3184 5580 3216 5638 ὓ
