3990 6206
451 186 550 253 1⁸11

1784 175 2118 243 EUTHYMII
2153 172 2483 241 ZIGABENI

3703 172 3802 234 {72

451 337 568 394 que
608 318 1013 392 posteritatem
1052 314 1380 389 perﬁciam,
1420 316 1475 370 et
1504 328 1540 371 a
1596 311 2096 368 condemnatione

2213 311 2238 362 6
2277 314 2382 369 νέος
2421 305 2614 381 Ἀδὰμ,
2661 305 2766 359 ἀντ’
2811 306 2971 359 αὑτοῦ
3000 305 3262 381 πληρὼσω
3307 305 3501 369 πάσας,
3551 309 3642 357 καὶ
3683 306 3806 357 ἀνα-

450 424 639 481 quam
677 406 772 463 ille
802 423 837 463 a
867 422 929 462 se
975 403 1479 461 descendentibus
1509 401 1824 470 distribuit,
1858 401 1990 456 illos
2038 400 2105 454 li-

448 497 673 563 berem,
720 496 826 568 qui
860 511 956 551 me
994 494 1409 550 imitabuntur.
1460 494 1821 561 Prasceptum
1901 493 2103 545 autem

450 591 574 643 erat
613 585 733 652 Dei,
797 589 853 640 et
898 583 1236 655 baptismus
1278 580 1541 637 Joannis.
1599 578 1700 635 Ait
1733 578 1938 634 enim:
2001 576 2106 641 Qui

449 674 604 731 misit
625 689 715 732 me
740 674 821 731 ad
851 672 1265 744 baptz'zzndum
1297 672 1360 727 in
1390 684 1545 740 aqua
1576 668 1645 734 5',
1678 672 1790 723 etc.

520 923 684 982 Vers.
724 924 812 979 16.
861 924 1021 979 Tunc
1064 950 1135 963 —
1178 935 1357 992 aqua.
1416 920 1623 975 Dicunt
1676 916 1883 989 aliqui,
1935 914 2102 987 quod

450 1026 940 1085 unumquemque
972 1010 1401 1082 baptizatorum
1440 1008 1489 1063 is
1526 1007 1632 1079 qui
1661 1003 2006 1077 baptizabat
2042 1000 2103 1057 in

449 1115 675 1172 aquam
701 1099 779 1156 ad
800 1099 1018 1155 collum
1046 1114 1235 1171 usque
1256 1096 1592 1153 immissum
1613 1092 1936 1157 detinebat,
1958 1106 2105 1162 quo-

450 1204 633 1260 usque
663 1193 901 1260 peccata
927 1203 1038 1245 sua
1068 1186 1377 1243 confessus
1406 1190 1579 1249 esset,
1614 1189 1671 1239 et
1699 1186 1833 1254 post
1879 1178 2103 1236 confes-

450 1278 680 1334 sionem
704 1278 769 1349 (τ)
793 1276 1152 1333 ascendebat
1168 1275 1241 1331 de
1254 1289 1433 1346 aqua.
1463 1272 1724 1327 Christus
1737 1274 1939 1327 autem
1962 1284 2100 1324 cum

445 1371 759 1439 peccatum
789 1381 911 1422 non
954 1365 1212 1428 haberet,
1245 1378 1369 1419 non
1400 1366 1487 1418 est
1512 1360 1778 1417 detentus
1802 1359 1863 1415 in
1895 1372 2052 1430 aqua
2084 1374 2095 1412 :

448 1459 505 1511 et
532 1454 611 1511 ob
624 1455 778 1512 hanc
795 1470 1040 1511 causam
1068 1451 1676 1523 aiuntevangelistam
1702 1449 1917 1513 dicere,
1932 1446 2100 1520 quod

449 1543 646 1600 statim
678 1544 949 1601 ascendit
986 1543 1060 1599 de
1099 1558 1279 1615 aqua.

518 1631 680 1688 Vers.
724 1634 815 1688 16.
866 1634 945 1687 Et
990 1647 1115 1688 ecce
1144 1663 1213 1674 —
1248 1629 1662 1720 complacitam
1716 1635 1816 1720 est.
1862 1624 2098 1720 _Veteris_
2130 1666 2172 1720 Β

445 1721 639 1778 Adam
668 1720 1071 1777 inobedientia
1106 1720 1457 1792 paradisum
1487 1717 1662 1774 nobis
1688 1715 1920 1780 clausit,
1953 1714 2099 1772 novi

448 1815 650 1867 autem
674 1810 1010 1866 obedientia
1049 1809 1267 1864 caelum
1298 1806 1469 1863 nobis
1520 1805 1768 1878 aperuit.
1816 1803 2098 1875 Majorem

449 1900 609 1954 enim
647 1899 942 1954 bonorum
974 1898 1313 1953 fruitionem
1339 1896 1513 1952 nobis
1542 1893 1876 1965 acquisivit,
1909 1908 2097 1964 quam

449 1986 622 2043 fuerit
648 1987 922 2059 perditio.
946 1989 1011 2041 Et
1048 1987 1175 2042 vide
1214 2001 1329 2057 quo
1355 1990 1530 2057 pacto
1579 1983 1838 2039 Christus
1870 1980 2095 2053 populo

448 2075 892 2131 demonstratus
936 2080 1025 2130 est
1066 2090 1077 2127 :
1132 2073 1287 2129 clare
1335 2072 1601 2129 videlicet
1630 2088 1695 2127 ac
1762 2068 2092 2126 manifeste.

448 2161 776 2235 Postquam
806 2164 965 2218 enim
989 2165 1237 2219 Joannes
1250 2161 1323 2217 de
1354 2162 1482 2233 ipso
1508 2160 1691 2216 turbis
1725 2158 2095 2231 praedixerat,

448 2266 518 2307 ac
548 2252 769 2307 sensim
801 2252 877 2309 ad
902 2252 1081 2323 hujus
1106 2251 1264 2307 dicta
1294 2252 1567 2307 animum
1596 2247 2003 2311 advertebant,
2036 2250 2099 2301 ut

447 2340 725 2396 viderunt
748 2342 929 2397 etiam
958 2341 1157 2413 ipsum
1185 2342 1359 2413 quasi
1390 2355 1576 2395 unum
1631 2338 1706 2393 de
1737 2335 1957 2409 populo
1994 2334 2098 2390 ba-

447 2429 1123 2501 ptizari,ott‘endiculum
1169 2428 1329 2501 passi
1374 2432 1534 2485 sunt.
1584 2426 1649 2482 Et
1692 2425 1910 2481 idcirco
1964 2423 2096 2479 caeli

446 2518 692 2591 quidem
722 2520 1087 2591 aperiuntur,
1116 2518 1513 2581 ostendentes,
1541 2516 1701 2588 quod
1731 2514 1968 2585 abipsis
1996 2512 2097 2568 de-

447 2607 743 2663 scenderit
770 2607 1068 2672 columba,
1092 2611 1157 2662 ut
1182 2621 1360 2678 super
1389 2620 1529 2660 eum
1542 2620 1750 2660 vocem
1782 2603 2092 2667 derivaret,

445 2711 521 2752 ne
573 2697 763 2767 ipsam
802 2697 876 2752 de
924 2698 1147 2752 Joanne
1195 2694 1493 2751 testiﬁcari
1546 2697 1843 2766 putarent.
1899 2694 1963 2745 Et
2016 2690 2096 2745 ita

445 2785 618 2841 Pater
655 2786 1066 2842 testimonium
1117 2784 1275 2841 dedit
1327 2784 1513 2849 Filio;
1562 2781 1811 2854 Spiritus
1852 2782 2093 2835 sanctus

444 2888 587 2929 vero
614 2888 795 2946 super
841 2888 967 2928 eum
1023 2872 1351 2937 descendit,
1402 2872 1574 2943 quasi
1622 2870 1807 2939 digito
1859 2867 2095 2922 demon-

446 2964 642 3018 strans
670 2962 832 3017 hunc
862 2977 1007 3028 esse,
1031 2962 1105 3017 de
1136 2977 1258 3033 quo
1289 2961 1535 3016 ferretur
1561 2957 1980 3015 testimonium.
2029 2956 2093 3010 In

446 3050 641 3122 specie
667 3056 860 3107 autem
886 3051 1200 3106 columbas.
1236 3050 1356 3105 Hoc
1381 3049 1539 3104 enim
1562 3046 1784 3103 animal
1803 3047 1863 3101 in
1891 3044 2093 3100 multis

444 3137 731 3212 Spiritum
756 3140 1326 3196 sanctumimitatur.
1361 3137 1666 3209 Siquidem
1691 3135 1924 3192 homini
1949 3132 2093 3190 ami-

444 3245 582 3285 cum
609 3233 718 3298 est,
742 3244 851 3285 nec
880 3228 1051 3285 facile
1077 3228 1332 3285 irritatur
1348 3228 1422 3283 ad
1439 3228 1612 3291 iram,
1648 3225 1823 3298 pullis
1850 3238 2091 3296 quoque

441 3318 743 3391 privatum
769 3319 1054 3391 patienter
1083 3319 1356 3381 sustinet,
1392 3332 1585 3388 neque
1637 3315 1833 3371 minus
1859 3313 1937 3369 ad
1984 3327 2088 3367 eos

441 3407 543 3480 qui
567 3424 629 3464 se
653 3410 1048 3480 privaverunt,
1089 3406 1314 3464 accedit
1353 3424 1366 3474 ;
1398 3404 1856 3461 mundissimum
1913 3401 2090 3457 etiam

440 3500 547 3560 est,
576 3502 633 3553 et
656 3497 817 3552 bono
842 3497 1060 3566 gaudet
1087 3496 1291 3551 odore.

513 3671 698 3742 Hujus
722 3687 956 3743 quoque
975 3670 1268 3725 columbae
1286 3669 1480 3739 ﬁgura
1506 3673 1625 3725 erat
1642 3668 1762 3734 illa,
1793 3682 1929 3739 quae
1968 3670 2087 3723 Noe

440 3761 621 3815 ﬁnem
646 3758 855 3815 diluvii
885 3758 1185 3815 nuntiavit.
1207 3756 1731 3823 Quemadmodum
1761 3756 1918 3811 enim
1952 3762 2087 3812 tunc

439 3853 567 3903 erat
590 3847 881 3903 diluvium
913 3847 990 3902 ab
1021 3862 1200 3918 aqua,
1228 3847 1309 3902 ita
1348 3852 1401 3901 et
1424 3860 1584 3900 nunc
1633 3861 1668 3900 a
1699 3850 1944 3916 peccato
1976 3862 1989 3900 :
2032 3850 2089 3901 et

442 3936 713 3993 sicutilla
733 3935 1107 3992 denuntiavit
1134 3936 1531 3991 cessationem
1557 3934 1713 3990 illius
1742 3934 1969 4001 diluvii,
2006 3935 2087 3991 ita

438 4032 497 4083 et
514 4027 631 4083 ista
649 4026 828 4097 hujus
859 4027 1188 4098 pressantis.
1226 4026 1426 4097 Aperti
1454 4031 1590 4081 sunt
1621 4031 1820 4082 autem
1852 4025 2005 4090 caeli,
2029 4029 2086 4081 et

436 4130 615 4189 super
653 4114 1011 4187 baptizatum
1067 4114 1377 4171 descendit
1427 4115 1672 4187 Spiritus
1718 4120 1982 4180 sanctus,
2024 4118 2086 4171 ut

436 4204 744 4261 discamus
760 4221 935 4278 super
951 4220 1194 4261 omnem
1205 4205 1509 4261 hominem
1533 4204 1890 4276 baptizatum
1904 4203 2085 4260 caelos

436 4295 665 4366 aperiri,
684 4300 963 4351 vocantes
976 4294 1176 4366 ipsum
1194 4294 1271 4349 ad
1291 4310 1612 4366 supernam
1630 4292 2080 4350 habitationem.

2211 399 2471 471 πληρώσω
2511 401 2572 449 τὸ
2617 396 2807 449 ἐκείνου
2860 397 3144 467 ὑστέρημα·
3192 399 3281 446 καὶ
3327 394 3386 454 ἧς
3424 392 3609 454 ἐκεῖνος
3643 393 3804 447 πάλαι

2211 484 2505 547 καταδίκης
2552 493 2658 546 τοῖς
2699 484 2752 547 ἐξ
2798 484 2959 537 αὐτοῦ
3008 480 3284 556 μετέδωκε,
3325 485 3518 542 ταύτης
3568 486 3664 554 εγὼ
3716 490 3806 535 νῦν

2213 574 2487 638 ἀπαλλάξω
2539 579 2655 635 τοὺς
2710 573 2762 637 ἐξ
2800 572 2943 646 ἐμοῦ,
2975 572 3177 631 Ἐντολὴ
3229 569 3289 624 δε
3336 569 3397 630 ἦν
3443 576 3589 636 Θεοῦ,
3626 573 3806 623 καὶτὸ

2210 664 2444 719 Ἰωάννου
2500 664 2800 737 βάπτισμα·
2848 666 3019 735 ε’ίρηκε
3060 665 3162 735 γὰρ
3195 661 3368 729 αὐτος,
3402 660 3481 712 ὃτι
3509 659 3567 712 '0
3592 658 3807 731 πέμψας

2212 774 2276 827 με
2333 753 2608 826 βαπτίζειν
2662 752 2710 805 ἐν
2776 748 2957 821 ὕδατι,
3023 750 3212 812 ἐκεῖνός
3263 769 3353 822 μοι
3408 751 3535 817 εἰπε,
3589 753 3677 801 καὶ
3741 749 3807 800 τὰ

2212 843 2296 905 ἐξῆ
2311 864 2349 904 ς.

2281 935 2408 983 Τότε
2472 961 2541 971 —
2610 927 2823 992 ὕδατος.
2900 934 3037 982 Φασί
3094 946 3248 996 τινες,
3302 928 3381 980 ὃτι
3429 926 3645 979 ἕκαστον
3705 934 3805 980 τῶν

2214 1018 2630 1091 βαπτιζομίνων,
2684 1018 2860 1090 χαλῶν
2917 1020 2943 1070 6
3025 1017 3323 1090 βαπτιστὴς
3377 1015 3801 1089 ᾶχριτραχήλου,

2212 1114 2452 1178 κατεῖχεν
2525 1107 2701 1173 αὐτόν,
2780 1109 2873 1168 ἕως
2942 1106 3002 1158 ἀν
3061 1106 3172 1177 (93)
3226 1104 3653 1178 ὶξωμολογήσατο
3709 1108 3805 1167 τὰς

2212 1196 2469 1271 ἁμαρτίας
2534 1196 2711 1261 αὐτοῦ,
2763 1200 2853 1247 καὶ
2898 1200 3011 1248 τότε
3063 1193 3255 1267 ἀφεθεὶ,
3298 1190 3507 1246 ἀνέδυεν
3562 1193 3664 1247 ἀπὸ
3714 1200 3805 1245 τοῦ

2211 1282 2424 1346 ὓδατος·
2478 1287 2503 1337 ὁ
2544 1283 2602 1337 δὲ
2644 1288 2887 1359 Χριστὸς,
2946 1288 3017 1357 μὴ
3068 1287 3203 1355 ἔχων
3251 1283 3528 1357 ἁμαρτίαν,
3578 1283 3672 1335 οὐκ
3723 1282 3805 1334 ἒν-

2211 1370 2459 1447 εϐράδυνε
2488 1373 2601 1445 (94)
2628 1381 2701 1443 τῷ
2748 1370 2927 1440 ῦδατι,
2959 1377 3048 1425 καὶ
3090 1374 3276 1424 τούτου
3306 1375 3466 1445 χάριν
3496 1371 3612 1443 (95)
3646 1371 3804 1424 εἰπεῖν

2210 1466 2296 1515 τόν
2331 1462 2723 1534 εὐαγγελιστην,
2752 1463 2832 1514 ὅτι
2852 1462 3005 1522 εὐθὺς
3031 1459 3181 1519 ἀνέϐη
3215 1459 3316 1513 ἀπὸ
3349 1467 3442 1513 τοῦ
3471 1456 3683 1520 ὓδατος.

2283 1644 2376 1694 Καὶ
2412 1636 2527 1692 ἰδού
2568 1670 2633 1681 -
2678 1636 2963 1697 εὐδόκησα.
2992 1637 3049 1691 Ἠ
3097 1640 3186 1710 μεν
3238 1642 3476 1713 παρακοή
3520 1645 3611 1689 τοῦ
3636 1636 3801 1690 πάλαι

2207 1725 2378 1801 Ἀδὰμ
2423 1727 2717 1781 ἀπέκλεισεν
2766 1730 2890 1799 ἡμῖν
2926 1730 3013 1780 τὸν
3050 1722 3393 1800 παράδεισον,
3424 1728 3454 1784 ἡ
3507 1722 3555 1779 δ’
3591 1727 3797 1783 ὑπακοή

2206 1826 2299 1870 τοῦ
2355 1822 2490 1884 νέου,
2566 1817 2735 1879 ἤνοιξε
2799 1821 2915 1876 τοὺς
2991 1816 3259 1888 οὐρανούς,
3325 1819 3799 1888 περιποιησαμένου

2206 1909 2331 1979 ἡμῖν
2415 1905 2701 1959 ἀπόλαυσιν
2782 1906 2996 1978 μείζονα
3081 1912 3178 1965 τῆς
3248 1903 3583 1963 ἀπολωλυίας.
3664 1903 3805 1976 ’⁷ορα

2207 1993 2285 2064 δε,
2339 2004 2449 2057 πῶς
2488 1996 2513 2047 6
2562 1997 2790 2068 Χριστὸς
2830 1990 3197 2047 ἀναδείκνυται
3234 2001 3305 2064 τῷ
3325 1992 3431 2063 λαῷ
3469 1992 3719 2066 λαμπρῶς
3749 2012 3802 2045 τε

2205 2089 2295 2137 καί
2360 2084 2780 2157 μεγαλοπρεπῶς.
2835 2082 2973 2135 Ἐπεὶ
3029 2085 3128 2156 ’γὰρ
3193 2084 3218 2133 ό
3283 2081 3515 2143 Ἰωάννης
3585 2089 3803 2155 προεῖπε

2204 2178 2323 2248 περὶ
2364 2173 2522 2225 αὐτοῦ
2567 2180 2677 2233 τοῖς
2707 2171 2909 2244 ὄχλοις,
2941 2176 3030 2223 καὶ
3079 2172 3247 2245 ἠρέμα
3284 2172 3447 2241 τούτῳ
3489 2178 3801 2245 προσεῖχον,

2206 2264 2274 2324 ὡς
2304 2258 2441 2314 εἶδον
2486 2266 2574 2313 καὶ
2617 2261 2772 2313 αύτόν
2805 2259 3201 2332 βαπτιζόμενον,
3234 2262 3302 2321 ὡς
3332 2261 3419 2312 ἕνα
3442 2268 3541 2312 τῶν
3580 2258 3800 2329 πολλῶν,

2206 2348 2716 2407 ἕσκανδαλίσθησαν.
2772 2354 2871 2402 Καὶ
2908 2350 3083 2402 λοιπὸν
3123 2347 3415 2420 ἀνοίγονται
3468 2351 3556 2419 μεν
3613 2350 3663 2401 οἱ
3717 2351 3804 2401 ού-

2204 2445 2372 2515 ρανοὶ,
2406 2436 2744 2504 δεικνύοντες,
2794 2440 2874 2491 ὅτι
2908 2437 2960 2501 ἐξ
3005 2438 3171 2489 αὐτῶν
3223 2436 3447 2495 κατῆλθε
3503 2441 3595 2488 καὶ
3637 2438 3669 2494 ἡ
3704 2456 3803 2489 πε-

2204 2531 2439 2604 ριστερὰ,
2479 2534 2568 2580 καὶ
2620 2529 2649 2585 ἠ
2708 2531 2868 2599 φωνή.
2918 2528 3133 2579 Κάτεισι
3182 2522 3241 2577 δε
3296 2528 3325 2583 ἡ
3384 2528 3474 2596 μεν
3518 2529 3687 2596 φωνὴ,
3717 2526 3804 2577 ἱνα

2204 2620 2442 2689 μάθωσιν
2473 2618 2521 2669 οἱ
2568 2620 2836 2688 παρόντες,
2867 2620 2947 2676 τίς
2993 2614 3133 2667 ἐστιν
3170 2615 3196 2665 6
3237 2612 3631 2686 βαπτιζόμενος
3669 2616 3700 2671 ἠ
3737 2610 3800 2666 δέ

2204 2708 2504 2781 περιστερὰ,
2564 2706 2645 2756 ἶνα
2692 2704 2883 2775 ἑλκύσῃ
2921 2707 3014 2761 τὴν
3047 2704 3215 2774 φωνην
3272 2700 3346 2753 ἐπ’
3384 2702 3559 2767 αὐτὸν,
3591 2707 3685 2754 καὶ
3724 2706 3800 2773 μὴ

2202 2800 2509 2867 νομίσωσιν,
2560 2794 2637 2845 ὃτι
2692 2797 2808 2865 περὶ
2836 2791 3069 2845 Ἰωάννου
3123 2797 3373 2865 μαρτυρεῖ
3416 2792 3445 2848 ἠ
3484 2796 3645 2862 φωνὴ.
3695 2795 3799 2843 Καὶ

2203 2885 2229 2935 6
2278 2886 2366 2955 μὲν
2418 2886 2597 2955 Πατὴρ
2638 2882 2827 2932 ἄνωθεν
2882 2878 3208 2953 ἐμαρτύρησε
3262 2883 3379 2954 περὶ
3422 2886 3514 2931 τοῦ
3562 2880 3707 2931 Υιοῦο
3739 2882 3804 2931 τὸ

2205 2968 2263 3024 δε
2291 2978 2497 3042 Πνεῦμα
2526 2974 2582 3021 τό
2623 2969 2770 3040 ἅγιον
2802 2967 2991 3025 κατέϐη
3042 2967 3116 3019 ἐπ’
3153 2968 3324 3038 αὐτὸν,
3376 2966 3489 3019 ἀντὶ
3531 2963 3802 3019 δακτύλου

2204 3057 2455 3129 δεικνύον,
2490 3058 2570 3111 ὃτι
2622 3057 2772 3118 οὗτός
2824 3055 2965 3109 ἔστιν
3008 3058 3033 3109 ό
3082 3059 3519 3130 μαρτυρούμενος.
3556 3054 3636 3108 Ἐν
3668 3052 3803 3109 είδει

2203 3146 2263 3201 δε
2291 3154 2616 3222 περιστερᾶς,
2651 3143 2792 3199 διότι
2830 3150 2973 3198 τουτὶ
3010 3149 3069 3197 τὸ
3128 3146 3257 3205 ζῶον
3309 3144 3361 3197 ἐκ
3402 3148 3600 3217 φύσεως
3634 3151 3807 3219 μιμηο

2201 3257 2339 3311 ματα
2386 3240 2498 3309 ἔχει
2547 3233 2638 3288 τοῦ
2701 3234 2853 3306 ἁγίου
2909 3237 3220 3306 Πνεύματος,
3280 3234 3641 3307 Φιλάνθρωπον
3700 3238 3805 3308 γὰρ

2200 3326 2311 3380 ἔστι
2389 3331 2479 3378 καὶ
2563 3323 2879 3387 ἀνεξίκακον.
2965 3322 3429 3395 ’Δποστερούμενον
3506 3326 3608 3397 γὰρ
3700 3333 3807 3376 τῶν

2198 3422 2424 3466 νεοσσῶν
2472 3414 2730 3486 ὑπομένει,
2762 3418 2851 3465 καὶ
2892 3408 3042 3465 οὐδὲν
3093 3412 3246 3469 ἧττον
3275 3414 3395 3473 τοὺς
3442 3412 3806 3486 ἀποστεροῦν-

2198 3521 2287 3563 τας
2334 3506 2626 3575 προσίεται.
2662 3506 2763 3555 Καὶ
2800 3503 3167 3576 καθαρώτατον
3197 3499 3331 3571 ἔστι,
3373 3504 3462 3552 καὶ
3491 3508 3554 3573 τῇ
3598 3498 3809 3575 εὐωδίᾳ

2197 3595 2393 3663 χαίρει.

2266 3678 2408 3751 ’Δμα
2448 3675 2506 3731 δε
2548 3681 2743 3741 ταύτης
2791 3686 2885 3740 τῆς
2931 3684 3237 3754 περιστερᾶς
3285 3680 3444 3738 τύπος
3502 3674 3563 3735 ἦν
3604 3677 3809 3748 ἐκείνη,

2198 3770 2227 3826 ἡ
2273 3776 2345 3839 τῷ
2396 3774 2509 3821 Νῶε
2557 3775 2649 3821 τοῦ
2698 3767 3069 3839 κατακλυσμοῦ
3111 3772 3203 3825 τὴν
3255 3766 3404 3819 λύσιν
3457 3768 3812 3838 εὐαγγελισα-

2196 3860 2343 3929 μένη.
2392 3855 2589 3929 Ὠσπερ
2637 3860 2737 3929 γὰρ
2782 3860 2897 3908 τότε
2943 3855 3303 3927 κατακλυσμὸς
3356 3851 3415 3913 ἦν
3468 3854 3521 3918 ἐξ
3573 3853 3811 3929 ὓδατος,

2195 3944 2330 3997 οὓτω
2377 3950 2467 3999 καὶ
2516 3954 2605 3998 νῦν
2661 3945 2714 4007 ἐξ
2749 3944 3025 4019 ἁμαρτίας.
3061 3949 3162 3997 Καὶ
3203 3942 3374 4018 ὥσπερ
3425 3943 3587 4001 ἐκείνη
3647 3945 3814 4016 r3167-

2193 4033 2437 4106 γελίσατο
2512 4039 2605 4093 τὴν
2681 4039 2904 4087 κόπασιν
2976 4032 3165 4085 ἐκείνου
3253 4040 3345 4085 τοῦ
3398 4032 3811 4105 κατακλυσμοῦ,

2194 4122 2328 4175 οὓτω
2360 4127 2448 4174 καὶ
2488 4124 2619 4180 αὕτη
2652 4130 2743 4175 τοῦ
2776 4126 3050 4196 παρόντος.
3082 4121 3455 4192 Ἠνεῴχθησαν
3514 4118 3574 4173 δε
3631 4123 3683 4174 οἱ
3711 4123 3813 4174 ού-

2192 4217 2361 4285 ρανοὶ,
2404 4217 2493 4264 καὶ
2545 4211 2794 4270 κατῆλθεν
2842 4210 2923 4263 ἐπὶ
2952 4213 3038 4263 τὸν
3079 4208 3460 4282 βαπτιζόμενον
3490 4212 3547 4261 τὸ
3582 4207 3811 4284 Πνεῦμα

2192 4303 2250 4353 τὸ
2306 4300 2474 4372 ἂγιον,
2540 4301 2622 4353 ἵνα
2677 4302 2919 4372 μάθωμεν
2977 4301 3057 4352 ὅτι
3114 4298 3198 4351 ἐπὶ
3258 4302 3448 4359 παντὸς
3517 4296 3812 4372 ἀνθρώπου

433 4384 523 4439 Ad
552 4401 691 4441 eum
729 4401 962 4457 quoque
1000 4384 1228 4441 accedit
1258 4384 1510 4456 Spiritus
1544 4390 1802 4440 sanctus.
1856 4382 2081 4448 Quodsi

2208 4388 2579 4460 Βαπτιξομένου
2640 4386 2933 4460 ἀνοίγονται
2987 4390 3077 4460 μὲν
3135 4392 3184 4439 οί
3240 4387 3467 4462 οὐρανοὶ,
3523 4387 3815 4450 καλοῦντες

433 4473 562 4529 haec
595 4475 975 4532 sensibilibus
1008 4474 1193 4531 oculis
1224 4488 1344 4529 non
1378 4474 1671 4538 videmus,
1714 4487 1787 4528 ne
1819 4471 2075 4527 diffidas.

2208 4479 2345 4529 ιῦτόν
2381 4478 2452 4537 εἰς
2496 4482 2587 4536 τὴν
2630 4476 2733 4529 ἂνω
2776 4481 3063 4529 κατοικίαν·
3098 4474 3337 4546 ἐπιφοιτᾲ
3389 4471 3448 4527 δε
3486 4478 3662 4548 τούτῳ
3713 4483 3817 4531 καὶ

434 4561 613 4630 Signa
625 4578 887 4634 namque
899 4562 1176 4619 ﬁdelibus
1191 4578 1310 4617 non
1325 4562 1558 4626 dantur,
1576 4561 1679 4615 sed
1692 4558 2028 4616 inﬁdelibus
2064 4576 2078 4627 ;

2208 4569 2244 4618 ’ὁ
2286 4573 2492 4638 Πνεῦμα
2522 4570 2578 4618 τὸ
2605 4566 2773 4637 οἷγιον.
2824 4570 2887 4621 Ei
2935 4561 2995 4619 δε
3032 4569 3101 4637 μὴ
3151 4572 3260 4625 τοῖς
3298 4563 3575 4626 αἰσθητοῖς
3628 4574 3820 4619 ταῦτα

432 4649 608 4705 nobis
632 4655 832 4707 autem
861 4652 1169 4721 signorum
1197 4651 1328 4708 loco
1354 4650 1572 4707 sufﬁcit
1615 4649 1795 4708 ﬁdes.

2208 4653 2442 4728 Βλέπομεν
2483 4654 2785 4727 ὀφθαλμοῖς,
2835 4658 2905 4727 μὴ
2959 4652 3282 4727 ἀπιστήσῃς.
3323 4655 3401 4706 Τὰ
3454 4661 3657 4726 σημεῖα
3697 4658 3819 4729 γάρ

2188 4742 2247 4796 ού
2300 4751 2405 4804 τοῖς
2458 4747 2811 4811 πιστεύουσιν,
2867 4742 2996 4796 ἀλλὰ
3054 4750 3162 4806 τοῖς
3221 4741 3483 4805 ἀπίστοις
3544 4744 3678 4817 ἡμῖν
3750 4741 3821 4798 δὲ

2189 4830 2335 4908 ἀρκεῖ
2362 4834 2391 4892 ἠ
2429 4837 2630 4901 πίστις,
2659 4831 2773 4888 ἀντὶ
2800 4836 3048 4907 σημείων.

502 4928 548 4966 ⁸ο
574 4927 738 4988 Joan.
776 4944 812 4997 ι,
841 4931 928 4986 33.

1662 5053 1882 5125 Varias
1910 5054 2245 5126 lectiones
2287 5067 2350 5125 et
2380 5066 2582 5126 notae.

500 5196 614 5271 (93)
681 5196 903 5269 Conjici
978 5197 1171 5281 possit
1242 5197 1692 5281 ἐξομολογήσαιτοέ
1774 5199 1880 5257 etsi
1928 5216 2073 5281 _no_n

2257 5200 2367 5281 (ἓξ)
2411 5197 2694 5281 ῑεεεάδυνε
2723 5206 2790 5281 με

500 5202 614 5271 (93)
681 5202 903 5269 Conjici
978 5202 1171 5281 possit
1242 5202 1692 5272 ἐξομολογήσαιτο,
1774 5202 1880 5257 etsi
1953 5216 2073 5258 non

425 5268 654 5397 $11326,
688 5285 1007 5327 memorari
1036 5271 1308 5342 exempla
1331 5271 1634 5345 particulas
1665 5268 1725 5323 ἆν
1755 5286 1894 5328 cum
1924 5272 2072 5329 indi-

2257 5202 2371 5345 (94;
2411 5202 2694 5274 Ἐϐράδυνε
2723 5206 2790 5257 Α.

2258 5272 2350 5343 (95
2414 5272 2539 5325 ’Δπό
2570 5280 2742 5326 κοινοῦ
2769 5274 2828 5326 τὸ
2856 5272 3042 5346 φασιν.

425 5357 616 5400 οαῐινο
625 5381 636 5394 .

489 5522 553 5599 (ε)
578 5521 800 5597 ’Δφιθείς
829 5536 952 5583 non
981 5523 1087 5592 est,
1106 5527 1237 5594 post
1271 5522 1705 5593 confessionem,
1739 5522 1863 5591 sed,
1896 5530 1951 5581 et
1981 5528 2119 5581 tunc
2147 5520 2388 5591 missus,
2421 5520 2717 5583 dimissus.
