3990 6206
242 171 312 235 113

1131 175 1495 233 COMMENT.
1539 172 1613 230 IN
1655 149 2100 233 MATTHAEUM.
2141 209 2207 221 -
2247 179 2407 238 CAP.
2441 163 2544 238 ni.

3382 173 3508 246 ξω

290 309 334 357 Σὺ
393 299 444 356 δὲ
490 301 996 377 προσεπιθεὼρὴσον,
1074 302 1174 373 ὅτι,
1251 300 1424 377 ὥσπερ
1496 299 1580 355 ἐπὶ
1655 307 1748 354 τοῦ

1929 302 2118 359 Simul
2146 303 2315 361 etiam
2342 307 2581 363 attende
2632 327 2645 366 :
2695 309 2862 381 quod
2909 307 3060 367 sicut
3103 310 3164 368 in
3211 311 3509 371 Paschate

242 396 386 464 Πάσχα
416 391 460 443 ἐν
496 397 584 464 μίᾷ
628 393 858 465 τραπέζῃ
912 391 1217 466 πεπλήρωκε
1265 395 1355 464 μὲν
1410 396 1500 444 καὶ
1556 394 1749 446 ἔπαυσε

237 488 278 535 τὸ
303 479 538 536 Ἰουδαϊκὸν
568 483 784 553 Πάσχα,
836 481 1008 555 ἀρχὴν
1041 478 1098 533 δὲ
1125 489 1198 551 τῷ
1247 481 1416 552 οἰκείῳ
1463 478 1687 534 δέδωκεν
1726 499 1739 512 ⁸

239 571 336 623 οὕτω
373 575 444 623 καὶ
500 569 576 623 ἐπὶ
637 572 726 624 τοῦ
813 569 1195 644 βαπτίσματος,
1276 572 1325 622 εν
1408 570 1478 623 ἐνὶ
1533 579 1750 644 ποταμῷ

237 665 299 712 καὶ
329 662 450 730 ipsa
493 665 784 718 πεποίηκεν.
836 659 901 713 Ἦ
955 679 1008 712 τε
1061 662 1162 732 γὰρ
1216 660 1412 723 ἄνοιξις
1457 669 1556 714 τῶν
1595 661 1749 734 οὖρα-

236 758 319 815 νῶν,
358 755 427 801 καὶ
467 751 493 807 ἡ
540 748 873 822 ἐπιφοίτησις
922 756 1013 801 τοῦ
1073 749 1224 820 ἁγίου
1292 753 1604 823 Πνεύματος,
1660 758 1750 804 τοῦ

240 845 528 910 Χριστιανικοῡ
579 837 955 910 βαπτίσματος
1006 835 1139 897 ἦσαν
1195 841 1644 914 προχαράγματά.
1689 844 1753 893 Τί

235 924 373 979 ἅέὲστι
396 931 462 993 τό,
488 928 561 981 Ἑν
665 925 936 986 εὐδόκησα
967 945 980 996 ;
1012 927 1148 981 Ἀντὶ
1201 936 1312 996 τοῦ,
1427 928 1750 982 ἐπαναπαυό-

225 1036 295 1088 aa:
321 1034 330 1044 '
356 1018 378 1074 ἦ
405 1013 592 1083 ἐπειδὴ,
643 1020 974 1090 γεννηθέντος
1020 1018 1198 1085 αὐτοῦ,
1231 1021 1279 1070 οἱ
1308 1018 1517 1090 ἄγγελοι
1559 1020 1750 1091 ὕμνουν

225 1106 587 1176 λέγοντεςσΔόξα
648 1106 696 1158 ἐν
749 1106 993 1177 ὑψίστοις
1049 1114 1182 1176 Θεῷ,
1244 1113 1333 1159 καὶ
1387 1106 1471 1160 ἐπὶ
1531 1116 1630 1180 γῆς
1685 1108 1752 1160 εἰ·

221 1198 334 1268 ρήνη,
395 1194 436 1246 ἐν
499 1196 791 1270 ἀνθρώποις
866 1193 1119 1249 εὐδοκία·
1155 1193 1387 1250 Εὐδοκία
1455 1195 1514 1249 δέ
1589 1196 1747 1268 ἐστιν,

218 1282 400 1354 iii-Inﬁt}
448 1285 654 1347 Θέλησις
683 1303 697 1316 ⁸
732 1284 904 1357 ἀγαθὴ
952 1282 1011 1338 δὲ
1058 1285 1266 1346 θέλησις
1310 1283 1392 1351 ἦν,
1429 1289 1487 1338 τό
1519 1288 1752 1345 σωθῆναι

219 1377 304 1433 τοὺς
342 1373 622 1448 ἀνθρώπους
659 1393 672 1407 ·
705 1383 792 1427 νῦν
845 1375 1000 1442 εἶπεν,
1051 1378 1129 1428 ὅτι
1178 1375 1341 1436 Οὗτός
1401 1375 1558 1442 ἐστιν,
1615 1375 1662 1427 ἐν

213 1463 262 1512 τὰ
293 1465 440 1533 ἀγαθὰ
477 1464 733 1529 ἠθέλησα,
785 1469 1041 1531 τουτέστι,
1088 1462 1159 1518 δι’
1205 1465 1266 1517 οὗ
1304 1467 1333 1523 ἡ
1370 1469 1608 1539 σωτηρία
1653 1473 1752 1517 τῶν

213 1548 457 1624 ἀνθρώπων,

1858 391 1982 448 sive
2023 395 2201 450 Coena
2243 396 2497 466 mystica
2540 396 2641 469 (ιι),
2687 397 2747 453 in
2790 413 2912 455 una
2945 415 3157 458 mensa
3204 401 3511 459 Iudaicum

1856 482 2087 554 pascha
2113 483 2456 556 adimplevit
2482 501 2553 542 ac
2583 485 2793 555 ﬁnivit,
2827 493 2884 546 et
2909 505 3022 546 suo
3051 489 3211 547 dedit
3235 491 3508 549 initium:

1859 570 1942 626 ita
1970 587 2212 644 quoque
2240 573 2300 628 in
2325 574 2706 646 baptismate,
2747 577 2806 632 in
2839 578 3052 634 eodem
3099 578 3346 636 ﬂumine
3376 580 3514 638 fecit

1859 661 2494 732 utrumque.Cuelorum
2525 664 2683 720 enim
2715 666 3027 737 apertio,et
3048 666 3297 739 Spiritus
3323 670 3512 727 sancti

1859 747 2190 815 descensio,
2225 749 2532 806 Christiani
2561 750 2945 824 baptismatis
2975 754 3137 812 dona
3156 760 3341 814 erant.
3360 757 3515 823 Quid

1861 844 1951 892 est
1980 842 2202 894 autem.
2241 839 2312 893 In
2345 855 2455 910 quo
2481 839 2630 896 mihi
2657 843 3066 911 complacitum
3097 851 3175 901 est
3205 846 3233 899 ἵ
3276 848 3396 902 Hoc
3423 850 3515 904 est

1861 924 1919 979 in
1945 940 2062 997 quo
2093 925 2375 982 oblector.
2407 926 2522 993 Vel,
2561 928 2705 1000 quia
2731 933 2871 986 nato
2897 930 3029 1002 ipso
3058 930 3259 988 laudes
3292 933 3511 990 cecine-

1859 1019 1998 1070 runt
2027 1014 2246 1082 angeli,
2287 1015 2548 1071 dicentes
2591 1032 2604 1072 :
2640 1018 2840 1074 Gloria
2871 1019 2937 1074 in
2961 1019 3252 1076 altissimis
3290 1023 3426 1088 Deo,
3460 1028 3516 1080 et

1858 1103 1921 1157 in
1949 1109 2110 1159 terra
2129 1118 2268 1174 pax,
2313 1105 2374 1159 in
2401 1104 2733 1163 hominibus
2767 1108 3189 1180 beneplacitum
3212 1113 3279 1176 σο,
3307 1111 3370 1166 id
3401 1115 3513 1178 est,

1858 1192 2023 1247 bona
2051 1191 2348 1249 voluntas.
2384 1194 2546 1250 Bona
2563 1199 2760 1251 autem
2795 1197 3064 1253 voluntas
3093 1204 3213 1257 erat
3240 1203 3304 1256 ut
3331 1199 3518 1256 homi-

1861 1295 1968 1335 nes
1995 1281 2370 1337 salvarentur
2395 1281 2530 1339 ideo
2556 1299 2716 1340 nunc
2739 1285 2881 1341 dicit
2907 1303 2920 1341 :
2948 1287 3047 1343 Hic
3073 1288 3246 1354 est,in
3264 1304 3383 1362 quo
3407 1288 3514 1345 ho-

1862 1370 2126 1426 minibus
2150 1373 2310 1428 bona
2335 1372 2512 1438 volui,
2549 1373 2664 1430 hoc
2694 1379 2800 1442 est,
2829 1392 2936 1447 per
2973 1393 3155 1449 quem
3189 1383 3281 1435 est
3309 1377 3514 1436 homi-

1862 1474 2010 1515 num
2041 1459 2219 1516 salus.

264 1646 363 1694 ΐότι
392 1674 454 1682 -
479 1644 575 1695 ὑπὸ
626 1650 720 1695 τοῦ
751 1640 1018 1698 διαϐόλου.
1076 1639 1310 1709 Ἐπειδὴ,
1362 1646 1426 1704 ὡς
1467 1644 1752 1715 ἄνθρωπος,

1935 1638 2078 1710 Cap.
2102 1637 2199 1706 IV,
2222 1654 2280 1694 v.
2310 1639 2359 1694 1.
2395 1639 2554 1696 Tunc
2582 1669 2652 1680 —
2681 1655 2718 1697 a
2745 1641 2998 1699 diabolo.
3039 1646 3361 1716 Postquam
3390 1648 3520 1702 tan-

211 1732 341 1782 πάντα
364 1735 479 1803 πρὸς
527 1728 884 1785 διδασκαλίαν
935 1742 1032 1784 τῶν
1085 1731 1365 1806 ἀνθρώπων
1407 1737 1497 1784 καὶ
1539 1735 1755 1804 ἔπραττε

207 1823 275 1870 καὶ
316 1821 552 1892 ὑπέμενεν,
609 1818 895 1874 ἐκδίδωσιν
951 1822 1128 1874 ἑαυτὸν
1179 1824 1308 1894 μετὰ
1357 1824 1414 1873 τὸ
1473 1820 1755 1894 βάπτισμα

208 1915 262 1975 τῷ
303 1909 418 1981 ἁγίῳ
445 1913 724 1984 Πνεύματι,
777 1916 866 1964 καὶ
908 1911 995 1963 ὑπ’
1043 1911 1202 1964 αὐτοῦ
1247 1913 1448 1983 ἄγεται,
1482 1914 1606 1987 πρὸς
1636 1910 1662 1962 ὃ
1692 1909 1752 1962 διν

207 1993 330 2048 ἐκεῖνο
367 1998 558 2072 κελεύῃ,
609 2005 700 2052 καὶ
745 1999 987 2071 ἀνάγεται
1032 2000 1096 2061 εἰς
1141 2005 1236 2059 τὴν
1291 2003 1500 2074 ἔρημον,
1553 2000 1636 2053 ἐπὶ
1682 2008 1753 2070 τῷ

205 2084 507 2156 salaputtium
554 2090 660 2141 ὑπό
687 2096 777 2141 τοῦ
815 2085 1087 2154 διαϐόλου,
1144 2091 1227 2141 ἱνα
1279 2093 1372 2141 καὶ
1424 2093 1489 2140 σὺ
1536 2090 1666 2161 μετὰ
1695 2091 1752 2140 τὸ

207 2169 437 2246 βάπτισμα
484 2181 676 2249 μηκέτι
726 2181 940 2231 σεαυτὸν
995 2179 1148 2250 ἄγῃς,
1215 2177 1344 2230 ἀλλὰ
1397 2179 1499 2250 ἄγῃ
1565 2177 1753 2250 μᾶλλον

203 2261 278 2314 ὑπὸ
329 2273 409 2316 τοῦ
472 2269 794 2338 Πνεύματος,
847 2272 938 2320 καὶ
995 2268 1095 2333 ἵνα,
1167 2269 1297 2340 μετὰ
1348 2270 1406 2320 τὸ
1474 2266 1756 2340 βάπτισμα

203 2357 472 2424 περιπίπτων
525 2364 856 2430 πειρασμοῖς,
900 2361 970 2428 μὴ
1018 2359 1268 2431 ταράττῃ.
1309 2359 1404 2409 Διά
1454 2363 1606 2410 τοῦτο
1651 2358 1752 2430 γὰρ

200 2438 440 2508 ualidam,
507 2447 590 2496 ἱνα
662 2445 909 2518 πολεμῇς.
979 2448 1127 2498 Ὅθεν
1199 2444 1323 2498 οὐδὲ
1385 2446 1570 2498 κωλύει
1636 2448 1755 2507 τοὺς

199 2537 474 2604 πῖφασμοὺς
525 2533 762 2595 ἐπιόντας
809 2537 836 2586 ό
879 2540 1026 2596 Θεός.
1075 2541 1283 2608 Πρῶτον
1332 2539 1441 2608 μὲν,
1495 2536 1578 2587 ἱνα
1622 2543 1758 2606 γνῷς

196 2623 264 2674 τὴν
292 2616 498 2693 δύναμιν
527 2632 631 2684 τῆς
665 2626 1021 2696 περιτεθείσης
1064 2643 1147 2676 σοι
1193 2625 1484 2685 πανοπλίας
1513 2642 1524 2654 °
1557 2627 1752 2690 ἔπειτα,

197 2707 262 2758 ἵνα
299 2713 456 2784 μέθης
513 2713 753 2784 πολεμεῖν
786 2731 800 2744 ο
851 2712 980 2780 εἶτα,
1043 2715 1124 2764 ἶνα
1178 2718 1297 2786 γένη
1356 2711 1575 2786 δόκιμος
1609 2735 1620 2746 ·
1680 2710 1753 2765 εἶθ

1145 2802 1228 2855 ἐπὶ
1281 2800 1340 2855 δὲ
1402 2806 1618 2867 τούτοις,
1675 2804 1758 2854 ἵνα

191 2882 332 2956 εἰδῇς,
394 2891 469 2940 ότι
539 2895 707 2962 μέγαν
778 2890 1131 2952 ἐνεπιστεύθης
1199 2893 1480 2965 θησαυρόν.
1539 2892 1602 2946 Εἰ
1654 2893 1756 2965 γὰρ

191 2980 246 3044 μὴ
292 2985 432 3030 τοῦτο
483 2976 563 3045 ἦν,
629 2980 724 3031 οὐκ
771 2978 832 3031 ἂν
885 2980 1170 3052 προσέϐαλε
1227 2984 1396 3053 μάτην
1447 2983 1472 3032 ό
1530 2980 1745 3053 ἐχθρός.
1789 3022 1830 3081 C

191 3064 289 3081 ης..
391 3069 399 3081 .
470 3065 528 3081 -.
636 3068 653 3081 ς
705 3075 724 3081 _
876 3067 887 3081 ,
951 3077 971 3081 _
1192 3072 1202 3081 .

191 3064 324 3116 Ἔνθα
345 3069 441 3139 γὰρ
470 3065 560 3140 ἱδη
591 3068 833 3134 πλοῦτον,
869 3067 971 3121 ἐκεῖ
996 3072 1398 3144 παρατάττεται.

245 3152 457 3226 lvi-Aﬁr:
508 3154 572 3210 δὲ
618 3158 692 3219 εἰς
741 3161 930 3231 ἔρημον
977 3158 1166 3211 ἄϐατον
1206 3177 1218 3189 ·
1252 3159 1278 3211 ὃ
1327 3156 1500 3217 δηλῶν
1542 3161 1567 3212 ὁ
1612 3162 1760 3234 Μάρ-

185 3259 275 3310 κος,
321 3248 535 3319 εἴρηκεν,
604 3249 684 3300 ὅτι
732 3252 822 3300 καὶ
875 3245 936 3306 ἦν
1001 3247 1103 3300 ἐκεῖ
1173 3251 1304 3321 μετὰ
1367 3257 1466 3301 τῶν
1543 3251 1754 3322 θηρίων,

189 3331 287 3383 ἔνθα
334 3339 416 3387 καὶ
481 3336 682 3408 μᾶλλον
743 3338 770 3388 ό
822 3337 1061 3409 πόλεμος.
1126 3341 1252 3391 Τότε
1321 3341 1421 3413 γὰρ
1477 3339 1760 3392 ἐπιτίθεται

185 3421 346 3488 μᾶλλον
416 3426 442 3476 ὁ
517 3422 787 3495 διάϐολος,
866 3427 986 3478 ὅταν
1069 3423 1161 3500 ἴδη
1241 3432 1594 3500 μεμονωμένον
1674 3429 1759 3479 τὸν

187 3511 441 3581 ὦοθρωπον,
472 3519 570 3566 καὶ
608 3515 982 3589 παρακλήσεως
1011 3518 1182 3577 πάσης
1212 3514 1573 3592 ἐστερημένον.

195 2794 338 2864 οὕτως,
402 2802 482 2852 ἵνα
532 2807 606 2873 μὴ
678 2801 1038 2875 ὑψηλοφρονῇς
1085 2820 1096 2832 ·

245 3696 335 3743 Καὶ
396 3724 467 3734 --
536 3692 830 3751 ἐπείνασεν,
908 3694 1219 3753 Ἐνὴστευσε
1291 3703 1513 3768 πρῶτον,
1593 3691 1758 3748 διδοί-

185 3797 321 3844 σκων,
367 3783 444 3834 ὅτι
491 3788 636 3856 μέγα
675 3786 998 3859 προπύργιον
1040 3786 1070 3842 ἡ
1121 3788 1337 3842 νηστεία
1377 3792 1481 3845 τοῖς
1530 3784 1760 3856 ἀνταγωο

181 3874 443 3941 rigabat;
495 3881 570 3944 τῷ
624 3869 855 3945 δαίμονι.
891 3873 1011 3944 Οὐχ
1063 3872 1283 3947 ὑπερέϐη
1340 3871 1398 3926 δὲ
1439 3877 1498 3926 τὸ
1552 3878 1758 3950 μέτρον,

183 3955 514 4018 ὃένῑξστευσε
583 3966 685 4035 πρὸ
745 3962 902 4014 αὐτοῦ
983 3962 1175 4030 Ἠλίας,
1251 3968 1340 4015 καὶ
1404 3967 1504 4038 πρὸ
1570 3963 1760 4016 ἐκείνου

183 4053 408 4119 Μωῡτῆς,
454 4053 543 4103 ἱνα
571 4057 646 4125 μὴ
689 4051 1010 4125 ὑπερελάσας
1038 4056 1132 4110 τήν
1179 4048 1399 4124 δύναμιν
1440 4059 1534 4114 τῆς
1566 4050 1761 4124 ἀνθρω-

186 4141 314 4198 πίνης
356 4143 574 4211 φύσεως,
627 4139 912 4213 amo-meri,
958 4141 1040 4192 ὅτι
1081 4142 1352 4214 ἄνθρωπός
1391 4139 1556 4196 ἐστιν.
1609 4139 1763 4194 ’Ὁθεν

183 4225 376 4298 ὕστερον
445 4228 712 4293 ἕπείνασε,
774 4227 1019 4301 βεϐαιῶν,
1091 4230 1170 4280 ὅτι
1238 4231 1504 4303 ἄνθρωπός
1587 4232 1754 4284 ἐστιν.

185 4310 329 4366 Ἱδιον
365 4322 467 4391 γὰρ
523 4317 801 4390 ἀνθρώπου
843 4322 902 4370 τό
949 4316 1004 4370 ἐκ
1050 4323 1292 4380 νηστείας
1336 4324 1532 4389 πεινᾷν.
1584 4325 1764 4393 Περιτο

1861 1742 2048 1798 quam
2073 1727 2256 1784 homo
2281 1729 2485 1784 omnia
2503 1729 2580 1785 ad
2604 1728 2918 1788 hominum
2947 1731 3281 1789 doctrinam
3305 1734 3360 1790 et
3385 1734 3521 1792 fecit

1863 1821 1917 1872 et
1945 1814 2091 1880 tulit,
2115 1819 2504 1888 semetipsum
2521 1823 2654 1888 post
2669 1818 3036 1891 baptismum
3054 1821 3289 1894 Spiritui
3309 1827 3519 1880 sancto

1865 1905 2057 1969 tradit,
2091 1910 2155 1961 ut
2179 1905 2258 1960 ab
2288 1921 2359 1961 eo
2402 1905 2673 1974 ducatur,
2718 1923 3080 1983 quocunque
3130 1909 3226 1967 ille
3251 1912 3515 1982 jusserit.

1863 1993 2102 2049 Ducitur
2121 1998 2322 2051 autem
2349 1994 2410 2050 in
2435 1994 2760 2064 desertum,
2794 2002 2912 2055 uta
2937 1998 3182 2056 diabolo
3212 2015 3520 2073 oppugne-

1863 2086 1976 2148 tur,
1997 2087 2143 2139 utet
2172 2089 2233 2140 tu
2252 2088 2386 2155 post
2405 2084 2774 2156 baptismum
2801 2101 3182 2160 nequaquam
3214 2089 3299 2146 tui
3333 2089 3521 2162 ipsius

1863 2170 2073 2228 ductor
2087 2171 2296 2237 sis,sed
2311 2172 2549 2229 ducaris
2565 2173 2764 2246 potius
2795 2190 2832 2232 a
2855 2175 3074 2247 Spiritu
3085 2180 3142 2234 et
3159 2181 3296 2250 post
3310 2178 3522 2250 baptis-

1864 2276 2030 2317 mum
2057 2260 2118 2317 in
2147 2260 2497 2318 tentationes
2525 2262 2792 2320 incidens
2821 2279 2945 2321 non
2975 2266 3248 2323 turbaris.
3285 2266 3377 2322 Ad
3406 2267 3522 2325 hoc

1864 2349 2024 2407 enim
2055 2353 2322 2407 armatus
2368 2365 2450 2416 es,
2483 2355 2549 2408 ut
2577 2352 2882 2424 prasiieris.
2927 2357 2994 2410 Et
3032 2354 3175 2412 hinc
3215 2360 3322 2422 est,
3355 2356 3522 2429 quod

1865 2441 2211 2498 accedentes
2239 2443 2590 2498 tentationes
2617 2445 2772 2499 Deus
2802 2459 2918 2500 non
2944 2446 3237 2517 prohibet.
3264 2446 3523 2504 Primum

1863 2529 2132 2602 quidem,
2193 2536 2257 2586 ut
2303 2531 2575 2587 virtutem
2625 2538 2966 2599 armaturas,
3011 2550 3133 2607 qua
3166 2535 3409 2592 indutus
3460 2552 3523 2592 es

1866 2637 2178 2691 agnoscas.
2211 2620 2428 2676 Deinde
2456 2625 2518 2676 ut
2539 2620 2754 2678 bellare
2783 2623 3000 2678 discas.
3035 2624 3122 2680 Ad
3147 2624 3276 2680 haec
3307 2631 3370 2680 ut
3389 2640 3524 2698 pro-

1866 2712 2045 2767 batus
2075 2710 2206 2766 ﬁas.
2240 2713 2520 2766 Praeterea
2564 2716 2626 2767 ut
2665 2711 2778 2767 hoc
2816 2712 3000 2768 modo
3044 2729 3165 2769 non
3196 2714 3522 2773 extollaris.

1866 2801 2117 2856 Demum
2162 2803 2228 2854 ut
2271 2800 2424 2854 scias
2455 2815 2745 2869 magnum
2794 2800 2901 2856 tibi
2940 2803 3345 2858 concreditum
3393 2820 3524 2860 esse

1867 2890 2236 2946 thesaurum.
2271 2890 2386 2945 Nisi
2413 2888 2574 2945 enim
2603 2891 2683 2946 ita
2711 2890 2929 2956 fuisset,
2960 2907 3346 2966 nequaquam
3375 2893 3526 2950 frus-

1868 2984 1957 3034 tra
2008 2985 2202 3034 tecum
2235 2978 2576 3050 confligeret
2604 2979 2899 3039 inimicus.
2955 2985 3098 3039 Nam
3140 2983 3244 3040 ubi
3283 2983 3524 3040 divitias

1870 3067 2042 3133 videt,
2072 3067 2153 3122 ibi
2192 3067 2381 3122 aciem
2407 3082 2478 3122 ex
2501 3067 2749 3124 adverso
2779 3069 3031 3126 instruit.

1941 3158 2160 3212 Ductus
2187 3162 2273 3211 est
2293 3161 2492 3212 autem
2518 3157 2576 3212 in
2607 3157 2910 3214 desertum
2935 3160 3299 3216 inaccessum
3327 3182 3338 3226 ;
3361 3161 3529 3233 quod

1870 3246 2260 3303 manifestans
2291 3248 2517 3301 Marcus
2551 3247 2618 3311 εί,
2652 3246 2794 3302 dicit
2821 3248 2998 3302 etiam
3043 3247 3223 3303 fuisse
3261 3249 3342 3304 ibi
3389 3265 3528 3305 cum

1868 3335 2098 3400 bestiis,
2131 3335 2291 3390 unde
2319 3333 2514 3405 majus
2542 3350 2786 3406 quoque
2810 3334 3034 3390 bellum
3066 3335 3533 3410 demonstratur.

1871 3425 2037 3480 Tunc
2063 3423 2220 3479 enim
2255 3423 2444 3495 magis
2473 3422 2642 3478 irruit
2687 3422 2986 3494 diabolus,
3043 3439 3181 3480 cum
3228 3424 3530 3483 hominem

1871 3515 2063 3587 magis
2085 3512 2298 3569 viderit
2322 3511 2666 3584 solitarium,
2687 3512 2970 3585 omnique
2996 3513 3289 3585 privatum
3311 3529 3525 3573 conso-

1869 3603 2109 3660 laﬁone.

1940 3695 2100 3748 Vers.
2133 3693 2164 3747 2
2195 3693 2273 3748 Ει
2303 3723 2370 3734 -
2401 3691 2624 3748 esuriit.
2649 3691 2907 3746 Primum
2927 3690 3241 3764 jejunavit,
3271 3691 3528 3750 innuens

1870 3783 2036 3855 quod
2081 3798 2367 3853 magnum
2398 3780 2923 3854 propugnaculum
2969 3781 3044 3837 sit
3082 3781 3402 3854 jejunium,
3433 3783 3529 3839 his

1869 3873 1972 3945 qui
2005 3873 2265 3928 daamoni
2307 3877 2656 3943 repugnant.
2689 3873 2814 3927 Non
2845 3871 3096 3927 excessit
3127 3878 3326 3928 autem
3369 3888 3531 3928 men-

1872 3977 2096 4024 suram,
2142 3977 2325 4032 quam
2359 3967 2496 4016 ante
2524 3960 2729 4032 ipsum
2759 3961 3033 4029 attigerat
3078 3959 3252 4029 Elias,
3291 3965 3347 4016 et
3392 3965 3529 4018 ante

1872 4050 2042 4105 illum
2065 4051 2272 4104 Moses:
2293 4065 2367 4104 ne
2385 4049 2663 4105 virtutem
2675 4048 2956 4104 humanm
2979 4053 3204 4104 naturae
3223 4064 3532 4121 supergre-

1872 4137 2062 4204 diens,
2088 4137 2432 4193 incredibile
2457 4137 2752 4193 faceretse
2774 4137 3078 4193 hominem
3107 4153 3235 4192 esse
3266 4159 3277 4202 ς
3308 4141 3362 4192 et
3392 4138 3530 4193 hinc

1873 4231 1978 4293 est,
2013 4226 2175 4299 quod
2192 4232 2390 4298 postea
2441 4226 2666 4290 esuriit,
2692 4225 3002 4281 hominem
3041 4240 3104 4280 se
3147 4241 3278 4281 esse
3320 4225 3531 4280 contir-

1868 4329 2071 4373 mans.
2107 4315 2412 4387 Siquidem
2443 4313 2666 4369 homini
2705 4315 3016 4385 proprium
3055 4317 3142 4368 est
3189 4329 3260 4368 ex
3298 4312 3531 4385 jejunio

180 4407 252 4454 τόν
278 4401 334 4457 δι
364 4403 532 4476 δοκεῖ,
572 4409 635 4458 τὸ
674 4411 791 4480 περὶ
835 4414 934 4458 τῶν
973 4415 1170 4459 νυκτῶν
1203 4427 1216 4440 ·
1251 4406 1398 4480 οἶμαι
1447 4403 1508 4459 δε
1539 4405 1633 4460 διὰ
1673 4410 1757 4470 τὰς

1878 4404 2118 4462 esurire.
2149 4379 2455 4475 superﬂue
2486 4407 2687 4458 autem
2707 4379 2856 4458 addi
2889 4402 3120 4458 videtur
3149 4401 3223 4458 de
3250 4379 3530 4459 noctibus.

183 4498 399 4555 νηστείας
459 4504 566 4547 τῶν
618 4494 863 4571 Ἐϐραίων
931 4503 1084 4548 τοῦτο
1149 4499 1521 4572 προστεθῆναι,
1574 4496 1622 4550 οἳ
1672 4499 1766 4558 τὰς

179 4582 358 4655 ἠμέρας
411 4588 772 4652 νηστεύοντες,
830 4583 877 4636 ἐν
932 4592 1049 4648 ταῖς
1094 4585 1231 4648 νυξὶν
1279 4585 1570 4643 ἐσθίουσιν.
1607 4584 1666 4638 Ὀ
1708 4581 1768 4639 δε

183 4673 370 4743 Μάρκος
428 4679 524 4726 καὶ
607 4675 634 4726 ὁ
710 4679 917 4735 Λουκᾶς
981 4681 1221 4747 παρῆκαν
1295 4677 1384 4736 τὰς
1452 4675 1644 4738 νύκτας
1700 4677 1768 4737 ὡς

180 4766 437 4833 καομένας
450 4808 464 4820 ,

241 4855 336 4904 Καὶ
388 4883 458 4896 -—-
510 4856 792 4924 γένωνται.
853 4851 912 4907 Ὁ
967 4849 1026 4905 δὲ
1076 4854 1285 4926 Μκάρος
1339 4858 1428 4906 καὶ
1481 4854 1506 4904 ὁ
1567 4858 1770 4913 Λουκᾶς

185 4933 325 5013 εἶπεν,
383 4942 466 4996 ὃτι
522 4944 617 4994 καὶ
675 4940 727 4992 ἕν
790 4947 905 5005 ταῖς
960 4943 1352 5016 τεσσαράκοντα
1414 4945 1634 5016 ἡμέραις
1705 4938 1768 5001 ἧν

248 5120 448 5179 “Luc.
483 5139 546 5190 ιι,
578 5122 665 5178 14.
745 5121 789 5157 ⁶¹
822 5122 996 5179 Marc.
1023 5137 1064 5191 ι,
1099 5122 1184 5179 13.

1876 4495 2026 4551 Puto
2053 4498 2254 4550 tamen
2293 4497 2534 4566 propter
2584 4491 2958 4548 Hebraeorum
2992 4491 3220 4564 jejunia
3259 4491 3533 4549 additum

1877 4600 2030 4649 esse,
2065 4583 2169 4655 qui
2190 4582 2402 4639 diebus
2418 4582 2781 4652 jejunantes,
2808 4580 3080 4636 noctibus
3101 4580 3530 4638 edebant.Mar-

1879 4691 1986 4731 cus
2015 4679 2215 4730 tamen
2237 4677 2292 4728 et
2311 4673 2519 4738 Lucas,
2547 4673 2751 4727 noctes
2781 4675 3068 4742 tanquam
3092 4669 3534 4728 subintellectas

1880 4763 2304 4837 praeterierunt.

1952 4852 2114 4909 Vers.
2147 4856 2200 4908 3.
2233 4851 2308 4907 Et
2338 4882 2406 4890 —
2431 4851 2598 4919 ﬁant.
2627 4850 2854 4906 Marcus
2895 4855 3095 4906 autem
3135 4854 3191 4906 et
3231 4852 3416 4906 Lucas
3449 4847 3535 4904 di-

1880 4946 2114 5008 xerunt,
2143 4941 2309 5014 quod
2330 4939 2511 4997 etiam
2535 4939 2595 4995 in
2615 4939 3021 5013 quadraginta
3045 4937 3260 4996 diebus
3280 4937 3529 4996 tentaba

1419 5297 1639 5372 Varize
1685 5299 2008 5371 lectiones
2032 5309 2097 5367 et
2127 5307 2328 5369 notae.

253 5493 334 5574 (ιι)
358 5496 495 5557 Sive
523 5511 696 5557 canta
724 5498 990 5569 mystica.
1013 5498 1148 5556 Haec
1175 5496 1252 5555 de
1276 5512 1388 5556 suo
1410 5495 1646 5557 videtur
1676 5495 1757 5557 ad

1878 5495 2004 5555 isse.
2030 5495 2095 5554 In
2122 5493 2270 5554 meis
2299 5506 2424 5553 non
2452 5497 2540 5554 est
2569 5490 2686 5555 ἦτοι
2713 5498 2804 5549 τοῦ
2831 5499 3092 5570 μυστικοῦ
3124 5484 3358 5554 δειπνου.
