  <div class='ocr_page' id='page_1' title='image "/cluster/home/n/w/nwhite01/storage/ocr_20150623/129/hvd.32044073502395/093.png"; bbox 0 0 3990 6206; ppageno 0'>
   <div class='ocr_carea' id='block_1_1' title="bbox 434 206 536 263">
    <p class='ocr_par' dir='ltr' id='par_1_1' title="bbox 434 206 536 263">
     <span class='ocr_line' id='line_1_1' title="bbox 434 206 536 263; baseline 0.01 -1"><span class='ocrx_word' id='word_1_1' title='bbox 434 206 536 263; x_wconf 86' lang='grc'>175</span> 
     </span>
    </p>
   </div>
   <div class='ocr_carea' id='block_1_2' title="bbox 1759 200 2468 259">
    <p class='ocr_par' dir='ltr' id='par_1_2' title="bbox 1759 200 2468 259">
     <span class='ocr_line' id='line_1_2' title="bbox 1759 200 2468 259; baseline 0.001 -3"><span class='ocrx_word' id='word_1_2' title='bbox 1759 200 2105 258; x_wconf 85' lang='lat' dir='ltr'>EUTHYMII</span> <span class='ocrx_word' id='word_1_3' title='bbox 2148 200 2468 259; x_wconf 88' lang='lat' dir='ltr'>ZIGABENI</span> 
     </span>
    </p>
   </div>
   <div class='ocr_carea' id='block_1_3' title="bbox 3682 211 3780 267">
    <p class='ocr_par' dir='ltr' id='par_1_3' title="bbox 3682 211 3780 267">
     <span class='ocr_line' id='line_1_3' title="bbox 3682 211 3780 267; baseline 0.01 -2"><span class='ocrx_word' id='word_1_4' title='bbox 3682 211 3780 267; x_wconf 81' lang='grc'>176</span> 
     </span>
    </p>
   </div>
   <div class='ocr_carea' id='block_1_4' title="bbox 433 325 2064 407">
    <p class='ocr_par' dir='ltr' id='par_1_4' title="bbox 433 326 2064 399">
     <span class='ocr_line' id='line_1_4' title="bbox 433 326 2064 399; baseline -0.004 -10"><span class='ocrx_word' id='word_1_5' title='bbox 433 335 527 389; x_wconf 87' lang='lat' dir='ltr'>tur</span> <span class='ocrx_word' id='word_1_6' title='bbox 558 334 626 395; x_wconf 71' lang='grc'>⁸⁸,</span> <span class='ocrx_word' id='word_1_7' title='bbox 673 331 737 386; x_wconf 92' lang='lat' dir='ltr'>ut</span> <span class='ocrx_word' id='word_1_8' title='bbox 786 326 1166 384; x_wconf 76' lang='lat' dir='ltr'>manifestum</span> <span class='ocrx_word' id='word_1_9' title='bbox 1210 328 1302 393; x_wconf 87' lang='lat' dir='ltr'>sit,</span> <span class='ocrx_word' id='word_1_10' title='bbox 1352 328 1517 399; x_wconf 91' lang='lat' dir='ltr'>quod</span> <span class='ocrx_word' id='word_1_11' title='bbox 1562 328 1621 383; x_wconf 92' lang='lat' dir='ltr'>in</span> <span class='ocrx_word' id='word_1_12' title='bbox 1670 327 1780 383; x_wconf 87' lang='lat' dir='ltr'>illis</span> <span class='ocrx_word' id='word_1_13' title='bbox 1840 327 2064 399; x_wconf 86' lang='lat' dir='ltr'>quiden</span> 
     </span>
    </p>
   </div>
   <div class='ocr_carea' id='block_1_5' title="bbox 2177 325 3779 407">
    <p class='ocr_par' dir='ltr' id='par_1_5' title="bbox 2190 325 3779 407">
     <span class='ocr_line' id='line_1_5' title="bbox 2190 325 3779 407; baseline 0.007 -30"><span class='ocrx_word' id='word_1_14' title='bbox 2190 328 2576 399; x_wconf 79' lang='grc' dir='ltr'>πειραζόμενος,</span> <span class='ocrx_word' id='word_1_15' title='bbox 2628 329 2692 387; x_wconf 86' lang='grc' dir='ltr'>ὡς</span> <span class='ocrx_word' id='word_1_16' title='bbox 2756 325 2884 379; x_wconf 82' lang='grc' dir='ltr'>εἶναι</span> <span class='ocrx_word' id='word_1_17' title='bbox 2952 325 3128 395; x_wconf 80' lang='grc' dir='ltr'>δῆλον,</span> <span class='ocrx_word' id='word_1_18' title='bbox 3180 332 3258 383; x_wconf 86' lang='grc' dir='ltr'>ὅτι</span> <span class='ocrx_word' id='word_1_19' title='bbox 3316 331 3363 383; x_wconf 84' lang='grc' dir='ltr'><em>ἐν</em></span> <span class='ocrx_word' id='word_1_20' title='bbox 3421 331 3636 397; x_wconf 80' lang='grc' dir='ltr'>ἐκειναις</span> <span class='ocrx_word' id='word_1_21' title='bbox 3692 340 3779 407; x_wconf 78' lang='grc' dir='ltr'>μὲν</span> 
     </span>
    </p>
   </div>
   <div class='ocr_carea' id='block_1_6' title="bbox 431 416 2078 492">
    <p class='ocr_par' dir='ltr' id='par_1_6' title="bbox 431 416 2078 492">
     <span class='ocr_line' id='line_1_6' title="bbox 431 416 2078 492; baseline -0.002 -16"><span class='ocrx_word' id='word_1_22' title='bbox 431 421 630 492; x_wconf 90' lang='lat' dir='ltr'>ipsum</span> <span class='ocrx_word' id='word_1_23' title='bbox 663 434 692 474; x_wconf 93' lang='lat' dir='ltr'>e</span> <span class='ocrx_word' id='word_1_24' title='bbox 722 418 1052 490; x_wconf 87' lang='lat' dir='ltr'>longinquo</span> <span class='ocrx_word' id='word_1_25' title='bbox 1074 416 1342 473; x_wconf 87' lang='lat' dir='ltr'>tentabat</span> <span class='ocrx_word' id='word_1_26' title='bbox 1370 435 1382 473; x_wconf 86' lang='lat'>:</span> <span class='ocrx_word' id='word_1_27' title='bbox 1406 433 1621 489; x_wconf 88' lang='lat' dir='ltr'>nempe</span> <span class='ocrx_word' id='word_1_28' title='bbox 1647 433 1747 488; x_wconf 90' lang='lat' dir='ltr'>per</span> <span class='ocrx_word' id='word_1_29' title='bbox 1778 434 2078 482; x_wconf 88' lang='lat' dir='ltr'>somnum,</span> 
     </span>
    </p>
   </div>
   <div class='ocr_carea' id='block_1_7' title="bbox 431 506 2081 582">
    <p class='ocr_par' dir='ltr' id='par_1_7' title="bbox 431 506 2081 582">
     <span class='ocr_line' id='line_1_7' title="bbox 431 506 2081 582; baseline -0.002 -18"><span class='ocrx_word' id='word_1_30' title='bbox 431 525 537 582; x_wconf 92' lang='lat' dir='ltr'>per</span> <span class='ocrx_word' id='word_1_31' title='bbox 572 507 882 572; x_wconf 90' lang='lat' dir='ltr'>tristitiam,</span> <span class='ocrx_word' id='word_1_32' title='bbox 921 522 1027 578; x_wconf 89' lang='lat' dir='ltr'>per</span> <span class='ocrx_word' id='word_1_33' title='bbox 1052 507 1377 577; x_wconf 87' lang='lat' dir='ltr'>ignaviam,</span> <span class='ocrx_word' id='word_1_34' title='bbox 1417 507 1721 562; x_wconf 87' lang='lat' dir='ltr'>etsimilia.</span> <span class='ocrx_word' id='word_1_35' title='bbox 1756 506 2081 578; x_wconf 82' lang='lat' dir='ltr'>Postquam</span> 
     </span>
    </p>
   </div>
   <div class='ocr_carea' id='block_1_8' title="bbox 430 594 2082 669">
    <p class='ocr_par' dir='ltr' id='par_1_8' title="bbox 430 594 2082 669">
     <span class='ocr_line' id='line_1_8' title="bbox 430 594 2082 669; baseline -0.003 -15"><span class='ocrx_word' id='word_1_36' title='bbox 430 602 629 656; x_wconf 90' lang='lat' dir='ltr'>autem</span> <span class='ocrx_word' id='word_1_37' title='bbox 662 597 859 669; x_wconf 90' lang='lat' dir='ltr'>ipsum</span> <span class='ocrx_word' id='word_1_38' title='bbox 890 596 1109 651; x_wconf 84' lang='lat' dir='ltr'>esurire</span> <span class='ocrx_word' id='word_1_39' title='bbox 1131 594 1430 666; x_wconf 80' lang='lat' dir='ltr'>cognovit,</span> <span class='ocrx_word' id='word_1_40' title='bbox 1450 596 1578 666; x_wconf 91' lang='lat' dir='ltr'>jam</span> <span class='ocrx_word' id='word_1_41' title='bbox 1606 610 1791 667; x_wconf 85' lang='lat' dir='ltr'>prope</span> <span class='ocrx_word' id='word_1_42' title='bbox 1813 596 2082 650; x_wconf 88' lang='lat' dir='ltr'>acmani-</span> 
     </span>
    </p>
   </div>
   <div class='ocr_carea' id='block_1_9' title="bbox 427 684 2081 757">
    <p class='ocr_par' dir='ltr' id='par_1_9' title="bbox 427 684 2081 757">
     <span class='ocr_line' id='line_1_9' title="bbox 427 684 2081 757; baseline -0.001 -15"><span class='ocrx_word' id='word_1_43' title='bbox 427 686 574 742; x_wconf 90' lang='lat' dir='ltr'>feste</span> <span class='ocrx_word' id='word_1_44' title='bbox 586 684 1067 757; x_wconf 85' lang='lat' dir='ltr'>appetivit:idque</span> <span class='ocrx_word' id='word_1_45' title='bbox 1084 700 1189 756; x_wconf 89' lang='lat' dir='ltr'>per</span> <span class='ocrx_word' id='word_1_46' title='bbox 1205 685 1399 740; x_wconf 81' lang='lat' dir='ltr'>Vitium</span> <span class='ocrx_word' id='word_1_47' title='bbox 1419 684 1549 740; x_wconf 85' lang='lat' dir='ltr'>fami</span> <span class='ocrx_word' id='word_1_48' title='bbox 1568 684 1923 740; x_wconf 78' lang='lat' dir='ltr'>conveniens</span> <span class='ocrx_word' id='word_1_49' title='bbox 1938 690 2081 755; x_wconf 88' lang='lat' dir='ltr'>puta</span> 
     </span>
    </p>
   </div>
   <div class='ocr_carea' id='block_1_10' title="bbox 428 772 2080 845">
    <p class='ocr_par' dir='ltr' id='par_1_10' title="bbox 428 772 2080 845">
     <span class='ocr_line' id='line_1_10' title="bbox 428 772 2080 845; baseline -0.001 -15"><span class='ocrx_word' id='word_1_50' title='bbox 428 774 652 845; x_wconf 88' lang='lat' dir='ltr'>gulam.</span> <span class='ocrx_word' id='word_1_51' title='bbox 684 773 1002 830; x_wconf 85' lang='lat' dir='ltr'>Considera</span> <span class='ocrx_word' id='word_1_52' title='bbox 1031 788 1167 828; x_wconf 88' lang='lat' dir='ltr'>vero</span> <span class='ocrx_word' id='word_1_53' title='bbox 1205 772 1344 844; x_wconf 90' lang='lat' dir='ltr'>quid</span> <span class='ocrx_word' id='word_1_54' title='bbox 1390 772 1582 828; x_wconf 84' lang='lat' dir='ltr'>faciat.</span> <span class='ocrx_word' id='word_1_55' title='bbox 1637 773 1917 827; x_wconf 78' lang='lat' dir='ltr'>Audierat</span> <span class='ocrx_word' id='word_1_56' title='bbox 1947 778 2002 828; x_wconf 93' lang='lat' dir='ltr'>et</span> <span class='ocrx_word' id='word_1_57' title='bbox 2043 788 2080 829; x_wconf 88' lang='lat' dir='ltr'>a</span> 
     </span>
    </p>
   </div>
   <div class='ocr_carea' id='block_1_11' title="bbox 425 862 2077 935">
    <p class='ocr_par' dir='ltr' id='par_1_11' title="bbox 425 862 2077 935">
     <span class='ocr_line' id='line_1_11' title="bbox 425 862 2077 935; baseline -0.002 -15"><span class='ocrx_word' id='word_1_58' title='bbox 425 866 674 931; x_wconf 84' lang='lat' dir='ltr'>Joanne,</span> <span class='ocrx_word' id='word_1_59' title='bbox 709 867 762 919; x_wconf 89' lang='lat' dir='ltr'>et</span> <span class='ocrx_word' id='word_1_60' title='bbox 792 879 897 935; x_wconf 91' lang='lat' dir='ltr'>per</span> <span class='ocrx_word' id='word_1_61' title='bbox 918 878 1123 918; x_wconf 90' lang='lat' dir='ltr'>vocem</span> <span class='ocrx_word' id='word_1_62' title='bbox 1149 862 1377 917; x_wconf 70' lang='lat' dir='ltr'>caelitus</span> <span class='ocrx_word' id='word_1_63' title='bbox 1404 862 1730 933; x_wconf 86' lang='lat' dir='ltr'>delapsam,</span> <span class='ocrx_word' id='word_1_64' title='bbox 1759 863 1919 917; x_wconf 92' lang='lat' dir='ltr'>hunc</span> <span class='ocrx_word' id='word_1_65' title='bbox 1948 878 2077 917; x_wconf 89' lang='lat' dir='ltr'>esse</span> 
     </span>
    </p>
   </div>
   <div class='ocr_carea' id='block_1_12' title="bbox 425 950 2077 1023">
    <p class='ocr_par' dir='ltr' id='par_1_12' title="bbox 425 950 2077 1023">
     <span class='ocr_line' id='line_1_12' title="bbox 425 950 2077 1023; baseline 0 -16"><span class='ocrx_word' id='word_1_66' title='bbox 425 954 524 1008; x_wconf 89' lang='lat' dir='ltr'>Dei</span> <span class='ocrx_word' id='word_1_67' title='bbox 558 952 798 1019; x_wconf 89' lang='lat' dir='ltr'>Filium;</span> <span class='ocrx_word' id='word_1_68' title='bbox 842 952 1124 1022; x_wconf 85' lang='lat' dir='ltr'>ignorans</span> <span class='ocrx_word' id='word_1_69' title='bbox 1148 965 1291 1020; x_wconf 84' lang='lat' dir='ltr'>ergo</span> <span class='ocrx_word' id='word_1_70' title='bbox 1316 952 1479 1023; x_wconf 92' lang='lat' dir='ltr'>quod</span> <span class='ocrx_word' id='word_1_71' title='bbox 1507 951 1606 1005; x_wconf 88' lang='lat' dir='ltr'>Dei</span> <span class='ocrx_word' id='word_1_72' title='bbox 1631 950 1805 1006; x_wconf 85' lang='lat' dir='ltr'>Filius</span> <span class='ocrx_word' id='word_1_73' title='bbox 1835 966 2077 1007; x_wconf 90' lang='lat' dir='ltr'>carnem</span> 
     </span>
    </p>
   </div>
   <div class='ocr_carea' id='block_1_13' title="bbox 427 1039 2078 1114">
    <p class='ocr_par' dir='ltr' id='par_1_13' title="bbox 427 1039 2078 1114">
     <span class='ocr_line' id='line_1_13' title="bbox 427 1039 2078 1114; baseline -0.001 -16"><span class='ocrx_word' id='word_1_74' title='bbox 427 1041 864 1114; x_wconf 89' lang='lat' dir='ltr'>assumpsisset,</span> <span class='ocrx_word' id='word_1_75' title='bbox 897 1039 1195 1112; x_wconf 88' lang='lat' dir='ltr'>siquidem</span> <span class='ocrx_word' id='word_1_76' title='bbox 1220 1039 1389 1095; x_wconf 80' lang='lat' dir='ltr'>latuit</span> <span class='ocrx_word' id='word_1_77' title='bbox 1413 1055 1550 1094; x_wconf 92' lang='lat' dir='ltr'>eum</span> <span class='ocrx_word' id='word_1_78' title='bbox 1582 1054 1869 1095; x_wconf 88' lang='lat' dir='ltr'>arcanum</span> <span class='ocrx_word' id='word_1_79' title='bbox 1892 1039 2078 1096; x_wconf 89' lang='lat' dir='ltr'>incar-</span> 
     </span>
    </p>
   </div>
   <div class='ocr_carea' id='block_1_14' title="bbox 423 1128 2077 1203">
    <p class='ocr_par' dir='ltr' id='par_1_14' title="bbox 423 1128 2077 1203">
     <span class='ocr_line' id='line_1_14' title="bbox 423 1128 2077 1203; baseline -0.002 -15"><span class='ocrx_word' id='word_1_80' title='bbox 423 1130 683 1188; x_wconf 87' lang='lat' dir='ltr'>nationis</span> <span class='ocrx_word' id='word_1_81' title='bbox 708 1130 1079 1203; x_wconf 85' lang='lat' dir='ltr'>mysterium,</span> <span class='ocrx_word' id='word_1_82' title='bbox 1122 1129 1456 1201; x_wconf 86' lang='lat' dir='ltr'>suspicatus</span> <span class='ocrx_word' id='word_1_83' title='bbox 1496 1133 1582 1184; x_wconf 90' lang='lat' dir='ltr'>est</span> <span class='ocrx_word' id='word_1_84' title='bbox 1608 1128 1913 1184; x_wconf 89' lang='lat' dir='ltr'>hominem</span> <span class='ocrx_word' id='word_1_85' title='bbox 1948 1129 2077 1201; x_wconf 87' lang='lat' dir='ltr'>qui-</span> 
     </span>
    </p>
   </div>
   <div class='ocr_carea' id='block_1_15' title="bbox 423 1218 2075 1291">
    <p class='ocr_par' dir='ltr' id='par_1_15' title="bbox 423 1218 2075 1291">
     <span class='ocr_line' id='line_1_15' title="bbox 423 1218 2075 1291; baseline -0.001 -14"><span class='ocrx_word' id='word_1_86' title='bbox 423 1221 563 1277; x_wconf 90' lang='lat' dir='ltr'>dem</span> <span class='ocrx_word' id='word_1_87' title='bbox 602 1236 754 1286; x_wconf 91' lang='lat' dir='ltr'>esse,</span> <span class='ocrx_word' id='word_1_88' title='bbox 788 1235 825 1277; x_wconf 92' lang='lat' dir='ltr'>a</span> <span class='ocrx_word' id='word_1_89' title='bbox 857 1222 970 1275; x_wconf 91' lang='lat' dir='ltr'>Deo</span> <span class='ocrx_word' id='word_1_90' title='bbox 1000 1222 1201 1275; x_wconf 89' lang='lat' dir='ltr'>tamen</span> <span class='ocrx_word' id='word_1_91' title='bbox 1230 1218 1310 1274; x_wconf 89' lang='lat' dir='ltr'>ob</span> <span class='ocrx_word' id='word_1_92' title='bbox 1340 1218 1582 1274; x_wconf 87' lang='lat' dir='ltr'>virtutes</span> <span class='ocrx_word' id='word_1_93' title='bbox 1612 1219 1798 1291; x_wconf 89' lang='lat' dir='ltr'>ipsius</span> <span class='ocrx_word' id='word_1_94' title='bbox 1830 1218 2075 1291; x_wconf 89' lang='lat' dir='ltr'>adopta-</span> 
     </span>
    </p>
   </div>
   <div class='ocr_carea' id='block_1_16' title="bbox 422 1307 2075 1382">
    <p class='ocr_par' dir='ltr' id='par_1_16' title="bbox 422 1307 2075 1382">
     <span class='ocr_line' id='line_1_16' title="bbox 422 1307 2075 1382; baseline -0.002 -14"><span class='ocrx_word' id='word_1_95' title='bbox 422 1314 571 1368; x_wconf 92' lang='lat' dir='ltr'>tum.</span> <span class='ocrx_word' id='word_1_96' title='bbox 606 1310 809 1382; x_wconf 85' lang='lat' dir='ltr'>Itaque</span> <span class='ocrx_word' id='word_1_97' title='bbox 840 1309 892 1364; x_wconf 90' lang='lat' dir='ltr'>ei</span> <span class='ocrx_word' id='word_1_98' title='bbox 925 1309 1053 1379; x_wconf 91' lang='lat' dir='ltr'>jam</span> <span class='ocrx_word' id='word_1_99' title='bbox 1079 1312 1310 1364; x_wconf 92' lang='lat' dir='ltr'>tantum</span> <span class='ocrx_word' id='word_1_100' title='bbox 1341 1307 1549 1363; x_wconf 85' lang='lat' dir='ltr'>invidit</span> <span class='ocrx_word' id='word_1_101' title='bbox 1578 1308 1890 1372; x_wconf 89' lang='lat' dir='ltr'>honorem,</span> <span class='ocrx_word' id='word_1_102' title='bbox 1922 1308 2075 1365; x_wconf 88' lang='lat' dir='ltr'>sicut</span> 
     </span>
    </p>
   </div>
   <div class='ocr_carea' id='block_1_17' title="bbox 425 1396 2071 1469">
    <p class='ocr_par' dir='ltr' id='par_1_17' title="bbox 425 1396 2071 1469">
     <span class='ocr_line' id='line_1_17' title="bbox 425 1396 2071 1469; baseline -0.002 -12"><span class='ocrx_word' id='word_1_103' title='bbox 425 1404 483 1457; x_wconf 88' lang='lat' dir='ltr'>et</span> <span class='ocrx_word' id='word_1_104' title='bbox 510 1398 691 1456; x_wconf 88' lang='lat' dir='ltr'>veteri</span> <span class='ocrx_word' id='word_1_105' title='bbox 718 1397 912 1455; x_wconf 83' lang='lat' dir='ltr'>Adam</span> <span class='ocrx_word' id='word_1_106' title='bbox 946 1414 959 1453; x_wconf 90' lang='lat'><strong>:</strong></span> <span class='ocrx_word' id='word_1_107' title='bbox 992 1397 1278 1469; x_wconf 88' lang='lat' dir='ltr'>nisusque</span> <span class='ocrx_word' id='word_1_108' title='bbox 1295 1402 1380 1453; x_wconf 89' lang='lat' dir='ltr'>est</span> <span class='ocrx_word' id='word_1_109' title='bbox 1408 1396 1587 1465; x_wconf 93' lang='lat' dir='ltr'>hunc,</span> <span class='ocrx_word' id='word_1_110' title='bbox 1619 1397 1773 1453; x_wconf 86' lang='lat' dir='ltr'>velut</span> <span class='ocrx_word' id='word_1_111' title='bbox 1795 1396 1961 1453; x_wconf 89' lang='lat' dir='ltr'>illum</span> <span class='ocrx_word' id='word_1_112' title='bbox 1993 1396 2071 1454; x_wconf 90' lang='lat' dir='ltr'>ab</span> 
     </span>
    </p>
   </div>
   <div class='ocr_carea' id='block_1_18' title="bbox 417 1487 850 1560">
    <p class='ocr_par' dir='ltr' id='par_1_18' title="bbox 417 1487 850 1560">
     <span class='ocr_line' id='line_1_18' title="bbox 417 1487 850 1560; baseline -0.007 -15"><span class='ocrx_word' id='word_1_113' title='bbox 417 1487 548 1560; x_wconf 90' lang='lat' dir='ltr'>ipso</span> <span class='ocrx_word' id='word_1_114' title='bbox 579 1488 850 1559; x_wconf 86' lang='lat' dir='ltr'>dejicere.</span> 
     </span>
    </p>
   </div>
   <div class='ocr_carea' id='block_1_19' title="bbox 490 1663 2071 1737">
    <p class='ocr_par' dir='ltr' id='par_1_19' title="bbox 490 1663 2071 1737">
     <span class='ocr_line' id='line_1_19' title="bbox 490 1663 2071 1737; baseline 0 -16"><span class='ocrx_word' id='word_1_115' title='bbox 490 1666 556 1723; x_wconf 89' lang='lat' dir='ltr'>Et</span> <span class='ocrx_word' id='word_1_116' title='bbox 601 1665 823 1722; x_wconf 90' lang='lat' dir='ltr'>idcirco</span> <span class='ocrx_word' id='word_1_117' title='bbox 865 1663 1109 1735; x_wconf 85' lang='lat' dir='ltr'>prOpius</span> <span class='ocrx_word' id='word_1_118' title='bbox 1160 1663 1470 1729; x_wconf 90' lang='lat' dir='ltr'>accedens,</span> <span class='ocrx_word' id='word_1_119' title='bbox 1502 1664 1756 1736; x_wconf 89' lang='lat' dir='ltr'>primam</span> <span class='ocrx_word' id='word_1_120' title='bbox 1793 1665 2071 1737; x_wconf 85' lang='lat' dir='ltr'>producit</span> 
     </span>
    </p>
   </div>
   <div class='ocr_carea' id='block_1_20' title="bbox 418 1752 2071 1826">
    <p class='ocr_par' dir='ltr' id='par_1_20' title="bbox 418 1752 2071 1826">
     <span class='ocr_line' id='line_1_20' title="bbox 418 1752 2071 1826; baseline -0.002 -13"><span class='ocrx_word' id='word_1_121' title='bbox 418 1754 825 1819; x_wconf 89' lang='lat' dir='ltr'>tentationem,</span> <span class='ocrx_word' id='word_1_122' title='bbox 858 1768 1075 1825; x_wconf 90' lang='lat' dir='ltr'>nempe</span> <span class='ocrx_word' id='word_1_123' title='bbox 1106 1752 1505 1823; x_wconf 89' lang='lat' dir='ltr'>gulositatem,</span> <span class='ocrx_word' id='word_1_124' title='bbox 1545 1770 1648 1825; x_wconf 90' lang='lat' dir='ltr'>per</span> <span class='ocrx_word' id='word_1_125' title='bbox 1697 1770 1881 1825; x_wconf 88' lang='lat' dir='ltr'>quam</span> <span class='ocrx_word' id='word_1_126' title='bbox 1914 1754 2071 1826; x_wconf 90' lang='lat' dir='ltr'>cepit</span> 
     </span>
    </p>
   </div>
   <div class='ocr_carea' id='block_1_21' title="bbox 417 1843 2062 1917">
    <p class='ocr_par' dir='ltr' id='par_1_21' title="bbox 417 1843 2062 1917">
     <span class='ocr_line' id='line_1_21' title="bbox 417 1843 2062 1917; baseline -0.001 -15"><span class='ocrx_word' id='word_1_127' title='bbox 417 1852 473 1903; x_wconf 90' lang='lat' dir='ltr'>et</span> <span class='ocrx_word' id='word_1_128' title='bbox 510 1845 771 1917; x_wconf 87' lang='lat' dir='ltr'>primum</span> <span class='ocrx_word' id='word_1_129' title='bbox 798 1844 1009 1899; x_wconf 83' lang='lat' dir='ltr'>Adam.</span> <span class='ocrx_word' id='word_1_130' title='bbox 1044 1844 1192 1909; x_wconf 84' lang='lat' dir='ltr'>Quia</span> <span class='ocrx_word' id='word_1_131' title='bbox 1243 1859 1384 1913; x_wconf 91' lang='lat' dir='ltr'>ergo</span> <span class='ocrx_word' id='word_1_132' title='bbox 1425 1843 1617 1899; x_wconf 89' lang='lat' dir='ltr'>nullus</span> <span class='ocrx_word' id='word_1_133' title='bbox 1643 1845 1844 1900; x_wconf 89' lang='lat' dir='ltr'>aderat</span> <span class='ocrx_word' id='word_1_134' title='bbox 1875 1844 2062 1911; x_wconf 89' lang='lat' dir='ltr'>cibus,</span> 
     </span>
    </p>
   </div>
   <div class='ocr_carea' id='block_1_22' title="bbox 416 1931 2064 2006">
    <p class='ocr_par' dir='ltr' id='par_1_22' title="bbox 416 1931 2064 2006">
     <span class='ocr_line' id='line_1_22' title="bbox 416 1931 2064 2006; baseline -0.001 -16"><span class='ocrx_word' id='word_1_135' title='bbox 416 1949 487 1990; x_wconf 91' lang='lat' dir='ltr'>eo</span> <span class='ocrx_word' id='word_1_136' title='bbox 518 1934 678 2006; x_wconf 91' lang='lat' dir='ltr'>quod</span> <span class='ocrx_word' id='word_1_137' title='bbox 709 1934 984 1988; x_wconf 89' lang='lat' dir='ltr'>desertus</span> <span class='ocrx_word' id='word_1_138' title='bbox 1011 1932 1189 1987; x_wconf 90' lang='lat' dir='ltr'>nimis</span> <span class='ocrx_word' id='word_1_139' title='bbox 1207 1939 1362 1987; x_wconf 86' lang='lat' dir='ltr'>esset</span> <span class='ocrx_word' id='word_1_140' title='bbox 1393 1931 1577 1997; x_wconf 90' lang='lat' dir='ltr'>locus,</span> <span class='ocrx_word' id='word_1_141' title='bbox 1612 1932 1836 1987; x_wconf 86' lang='lat' dir='ltr'>sciebat</span> <span class='ocrx_word' id='word_1_142' title='bbox 1866 1939 2064 1989; x_wconf 87' lang='lat' dir='ltr'>autem</span> 
     </span>
    </p>
   </div>
   <div class='ocr_carea' id='block_1_23' title="bbox 412 2019 2066 2092">
    <p class='ocr_par' dir='ltr' id='par_1_23' title="bbox 412 2019 2066 2092">
     <span class='ocr_line' id='line_1_23' title="bbox 412 2019 2066 2092; baseline -0.001 -13"><span class='ocrx_word' id='word_1_143' title='bbox 412 2022 559 2079; x_wconf 81' lang='lat' dir='ltr'>fami</span> <span class='ocrx_word' id='word_1_144' title='bbox 590 2021 1042 2078; x_wconf 90' lang='lat' dir='ltr'>convenientem</span> <span class='ocrx_word' id='word_1_145' title='bbox 1075 2036 1202 2075; x_wconf 88' lang='lat' dir='ltr'>esse</span> <span class='ocrx_word' id='word_1_146' title='bbox 1240 2036 1461 2091; x_wconf 90' lang='lat' dir='ltr'>panem</span> <span class='ocrx_word' id='word_1_147' title='bbox 1492 2019 1640 2091; x_wconf 90' lang='lat' dir='ltr'>ipse,</span> <span class='ocrx_word' id='word_1_148' title='bbox 1672 2021 1914 2092; x_wconf 89' lang='lat' dir='ltr'>quidem</span> <span class='ocrx_word' id='word_1_149' title='bbox 1946 2038 2066 2078; x_wconf 90' lang='lat' dir='ltr'>non</span> 
     </span>
    </p>
   </div>
   <div class='ocr_carea' id='block_1_24' title="bbox 412 2109 2067 2183">
    <p class='ocr_par' dir='ltr' id='par_1_24' title="bbox 412 2109 2067 2183">
     <span class='ocr_line' id='line_1_24' title="bbox 412 2109 2067 2183; baseline 0 -16"><span class='ocrx_word' id='word_1_150' title='bbox 412 2110 601 2175; x_wconf 79' lang='lat' dir='ltr'>affert,</span> <span class='ocrx_word' id='word_1_151' title='bbox 644 2126 713 2167; x_wconf 91' lang='lat' dir='ltr'>eo</span> <span class='ocrx_word' id='word_1_152' title='bbox 744 2110 903 2183; x_wconf 90' lang='lat' dir='ltr'>quod</span> <span class='ocrx_word' id='word_1_153' title='bbox 928 2110 1007 2166; x_wconf 88' lang='lat' dir='ltr'>ab</span> <span class='ocrx_word' id='word_1_154' title='bbox 1046 2109 1389 2166; x_wconf 88' lang='lat' dir='ltr'>adversario</span> <span class='ocrx_word' id='word_1_155' title='bbox 1422 2109 1685 2165; x_wconf 84' lang='lat' dir='ltr'>Christus</span> <span class='ocrx_word' id='word_1_156' title='bbox 1718 2117 2067 2182; x_wconf 87' lang='lat' dir='ltr'>sumpturus</span> 
     </span>
    </p>
   </div>
   <div class='ocr_carea' id='block_1_25' title="bbox 410 2199 2061 2271">
    <p class='ocr_par' dir='ltr' id='par_1_25' title="bbox 410 2199 2061 2271">
     <span class='ocr_line' id='line_1_25' title="bbox 410 2199 2061 2271; baseline 0 -14"><span class='ocrx_word' id='word_1_157' title='bbox 410 2216 535 2257; x_wconf 91' lang='lat' dir='ltr'>non</span> <span class='ocrx_word' id='word_1_158' title='bbox 566 2204 710 2269; x_wconf 92' lang='lat' dir='ltr'>erat,</span> <span class='ocrx_word' id='word_1_159' title='bbox 761 2200 867 2255; x_wconf 91' lang='lat' dir='ltr'>sed</span> <span class='ocrx_word' id='word_1_160' title='bbox 902 2199 1074 2270; x_wconf 88' lang='lat' dir='ltr'>jubet</span> <span class='ocrx_word' id='word_1_161' title='bbox 1102 2204 1164 2255; x_wconf 91' lang='lat' dir='ltr'>ut</span> <span class='ocrx_word' id='word_1_162' title='bbox 1193 2199 1267 2254; x_wconf 90' lang='lat' dir='ltr'>de</span> <span class='ocrx_word' id='word_1_163' title='bbox 1296 2199 1600 2271; x_wconf 88' lang='lat' dir='ltr'>lapidibus</span> <span class='ocrx_word' id='word_1_164' title='bbox 1622 2216 1806 2270; x_wconf 90' lang='lat' dir='ltr'>panes</span> <span class='ocrx_word' id='word_1_165' title='bbox 1830 2199 2061 2257; x_wconf 79' lang='lat' dir='ltr'>efficiat.</span> 
     </span>
    </p>
   </div>
   <div class='ocr_carea' id='block_1_26' title="bbox 410 2287 2065 2358">
    <p class='ocr_par' dir='ltr' id='par_1_26' title="bbox 410 2287 2065 2358">
     <span class='ocr_line' id='line_1_26' title="bbox 410 2287 2065 2358; baseline 0.001 -14"><span class='ocrx_word' id='word_1_166' title='bbox 410 2289 477 2347; x_wconf 91' lang='lat' dir='ltr'>Et</span> <span class='ocrx_word' id='word_1_167' title='bbox 496 2305 571 2346; x_wconf 88' lang='lat' dir='ltr'>ne</span> <span class='ocrx_word' id='word_1_168' title='bbox 598 2289 863 2346; x_wconf 87' lang='lat' dir='ltr'>Christus</span> <span class='ocrx_word' id='word_1_169' title='bbox 885 2287 1134 2345; x_wconf 86' lang='lat' dir='ltr'>insidias</span> <span class='ocrx_word' id='word_1_170' title='bbox 1162 2294 1533 2358; x_wconf 88' lang='lat' dir='ltr'>agnosceret,</span> <span class='ocrx_word' id='word_1_171' title='bbox 1558 2288 1806 2345; x_wconf 88' lang='lat' dir='ltr'>observa</span> <span class='ocrx_word' id='word_1_172' title='bbox 1824 2289 2065 2346; x_wconf 89' lang='lat' dir='ltr'>technas</span> 
     </span>
    </p>
   </div>
   <div class='ocr_carea' id='block_1_27' title="bbox 409 2376 2065 2450">
    <p class='ocr_par' dir='ltr' id='par_1_27' title="bbox 409 2376 2065 2450">
     <span class='ocr_line' id='line_1_27' title="bbox 409 2376 2065 2450; baseline 0 -15"><span class='ocrx_word' id='word_1_173' title='bbox 409 2378 540 2450; x_wconf 88' lang='lat' dir='ltr'>ejus</span> <span class='ocrx_word' id='word_1_174' title='bbox 572 2394 641 2435; x_wconf 92' lang='lat' dir='ltr'>ac</span> <span class='ocrx_word' id='word_1_175' title='bbox 671 2378 906 2434; x_wconf 73' lang='lat' dir='ltr'>malitiae</span> <span class='ocrx_word' id='word_1_176' title='bbox 937 2376 1431 2447; x_wconf 86' lang='lat' dir='ltr'>magnitudinem.</span> <span class='ocrx_word' id='word_1_177' title='bbox 1464 2380 1591 2433; x_wconf 87' lang='lat' dir='ltr'>Non</span> <span class='ocrx_word' id='word_1_178' title='bbox 1621 2377 1769 2433; x_wconf 84' lang='lat' dir='ltr'>dixit</span> <span class='ocrx_word' id='word_1_179' title='bbox 1798 2378 2065 2450; x_wconf 91' lang='lat' dir='ltr'>simplici-</span> 
     </span>
    </p>
   </div>
   <div class='ocr_carea' id='block_1_28' title="bbox 409 2466 2065 2540">
    <p class='ocr_par' dir='ltr' id='par_1_28' title="bbox 409 2466 2065 2540">
     <span class='ocr_line' id='line_1_28' title="bbox 409 2466 2065 2540; baseline 0.001 -17"><span class='ocrx_word' id='word_1_180' title='bbox 409 2470 497 2523; x_wconf 89' lang='lat' dir='ltr'>ter</span> <span class='ocrx_word' id='word_1_181' title='bbox 525 2483 537 2523; x_wconf 89' lang='lat'><strong>:</strong></span> <span class='ocrx_word' id='word_1_182' title='bbox 567 2467 787 2531; x_wconf 90' lang='lat' dir='ltr'>Facito,</span> <span class='ocrx_word' id='word_1_183' title='bbox 820 2471 885 2522; x_wconf 91' lang='lat' dir='ltr'>ut</span> <span class='ocrx_word' id='word_1_184' title='bbox 914 2467 1005 2522; x_wconf 88' lang='lat' dir='ltr'>isti</span> <span class='ocrx_word' id='word_1_185' title='bbox 1030 2466 1261 2538; x_wconf 89' lang='lat' dir='ltr'>lapides</span> <span class='ocrx_word' id='word_1_186' title='bbox 1286 2482 1469 2537; x_wconf 88' lang='lat' dir='ltr'>panes</span> <span class='ocrx_word' id='word_1_187' title='bbox 1498 2467 1665 2531; x_wconf 79' lang='lat' dir='ltr'>fiant,</span> <span class='ocrx_word' id='word_1_188' title='bbox 1695 2468 1801 2523; x_wconf 90' lang='lat' dir='ltr'>sed</span> <span class='ocrx_word' id='word_1_189' title='bbox 1832 2469 2065 2540; x_wconf 68' lang='lat' dir='ltr'>praemi-</span> 
     </span>
    </p>
   </div>
   <div class='ocr_carea' id='block_1_29' title="bbox 409 2555 2066 2628">
    <p class='ocr_par' dir='ltr' id='par_1_29' title="bbox 409 2555 2066 2628">
     <span class='ocr_line' id='line_1_29' title="bbox 409 2555 2066 2628; baseline 0 -17"><span class='ocrx_word' id='word_1_190' title='bbox 409 2555 519 2611; x_wconf 90' lang='lat' dir='ltr'>sit:</span> <span class='ocrx_word' id='word_1_191' title='bbox 543 2555 607 2612; x_wconf 84' lang='lat' dir='ltr'>Si</span> <span class='ocrx_word' id='word_1_192' title='bbox 638 2556 825 2611; x_wconf 80' lang='lat' dir='ltr'>Filius</span> <span class='ocrx_word' id='word_1_193' title='bbox 862 2556 965 2612; x_wconf 79' lang='lat' dir='ltr'>Dei</span> <span class='ocrx_word' id='word_1_194' title='bbox 992 2571 1069 2620; x_wconf 82' lang='lat' dir='ltr'>es,</span> <span class='ocrx_word' id='word_1_195' title='bbox 1104 2558 1465 2628; x_wconf 89' lang='lat' dir='ltr'>utappareat</span> <span class='ocrx_word' id='word_1_196' title='bbox 1493 2556 1659 2627; x_wconf 92' lang='lat' dir='ltr'>quod</span> <span class='ocrx_word' id='word_1_197' title='bbox 1704 2560 1767 2611; x_wconf 93' lang='lat' dir='ltr'>ut</span> <span class='ocrx_word' id='word_1_198' title='bbox 1796 2556 2066 2613; x_wconf 90' lang='lat' dir='ltr'>demons-</span> 
     </span>
    </p>
   </div>
   <div class='ocr_carea' id='block_1_30' title="bbox 408 2643 2063 2716">
    <p class='ocr_par' dir='ltr' id='par_1_30' title="bbox 408 2643 2063 2716">
     <span class='ocr_line' id='line_1_30' title="bbox 408 2643 2063 2716; baseline 0.001 -16"><span class='ocrx_word' id='word_1_199' title='bbox 408 2647 610 2713; x_wconf 90' lang='lat' dir='ltr'>tretur,</span> <span class='ocrx_word' id='word_1_200' title='bbox 638 2659 717 2700; x_wconf 90' lang='lat' dir='ltr'>an</span> <span class='ocrx_word' id='word_1_201' title='bbox 746 2643 924 2699; x_wconf 90' lang='lat' dir='ltr'>Filius</span> <span class='ocrx_word' id='word_1_202' title='bbox 958 2644 1057 2699; x_wconf 91' lang='lat' dir='ltr'>Dei</span> <span class='ocrx_word' id='word_1_203' title='bbox 1088 2643 1181 2709; x_wconf 89' lang='lat' dir='ltr'>sit,</span> <span class='ocrx_word' id='word_1_204' title='bbox 1216 2644 1357 2714; x_wconf 89' lang='lat' dir='ltr'>petit</span> <span class='ocrx_word' id='word_1_205' title='bbox 1385 2644 1463 2715; x_wconf 88' lang='grc' dir='ltr'>(υ)</span> <span class='ocrx_word' id='word_1_206' title='bbox 1488 2643 1761 2716; x_wconf 88' lang='lat' dir='ltr'>lapidum</span> <span class='ocrx_word' id='word_1_207' title='bbox 1793 2645 1851 2700; x_wconf 92' lang='lat' dir='ltr'>in</span> <span class='ocrx_word' id='word_1_208' title='bbox 1884 2662 2063 2716; x_wconf 92' lang='lat' dir='ltr'>panes</span> 
     </span>
    </p>
   </div>
   <div class='ocr_carea' id='block_1_31' title="bbox 405 2732 2063 2804">
    <p class='ocr_par' dir='ltr' id='par_1_31' title="bbox 405 2732 2063 2804">
     <span class='ocr_line' id='line_1_31' title="bbox 405 2732 2063 2804; baseline 0.003 -17"><span class='ocrx_word' id='word_1_209' title='bbox 405 2732 533 2788; x_wconf 87' lang='lat' dir='ltr'>ﬁeri</span> <span class='ocrx_word' id='word_1_210' title='bbox 593 2732 1195 2790; x_wconf 85' lang='lat' dir='ltr'>transformationem.</span> <span class='ocrx_word' id='word_1_211' title='bbox 1256 2734 1415 2788; x_wconf 88' lang='lat' dir='ltr'>Putat</span> <span class='ocrx_word' id='word_1_212' title='bbox 1492 2734 1652 2789; x_wconf 90' lang='lat' dir='ltr'>enim</span> <span class='ocrx_word' id='word_1_213' title='bbox 1720 2734 2063 2804; x_wconf 90' lang='lat' dir='ltr'>hujusmodi</span> 
     </span>
    </p>
   </div>
   <div class='ocr_carea' id='block_1_32' title="bbox 406 2821 2061 2896">
    <p class='ocr_par' dir='ltr' id='par_1_32' title="bbox 406 2821 2061 2896">
     <span class='ocr_line' id='line_1_32' title="bbox 406 2821 2061 2896; baseline 0.002 -19"><span class='ocrx_word' id='word_1_214' title='bbox 406 2822 600 2878; x_wconf 87' lang='lat' dir='ltr'>verbis</span> <span class='ocrx_word' id='word_1_215' title='bbox 623 2821 1040 2894; x_wconf 87' lang='lat' dir='ltr'>pungendum,</span> <span class='ocrx_word' id='word_1_216' title='bbox 1074 2828 1364 2893; x_wconf 90' lang='lat' dir='ltr'>tanquam</span> <span class='ocrx_word' id='word_1_217' title='bbox 1413 2821 1629 2877; x_wconf 88' lang='lat' dir='ltr'>rubore</span> <span class='ocrx_word' id='word_1_218' title='bbox 1660 2822 2061 2896; x_wconf 70' lang='lat' dir='ltr'>suffundatur,</span> 
     </span>
    </p>
   </div>
   <div class='ocr_carea' id='block_1_33' title="bbox 406 2910 2057 2982">
    <p class='ocr_par' dir='ltr' id='par_1_33' title="bbox 406 2910 2057 2982">
     <span class='ocr_line' id='line_1_33' title="bbox 406 2910 2057 2982; baseline 0.003 -17"><span class='ocrx_word' id='word_1_219' title='bbox 406 2911 456 2965; x_wconf 88' lang='lat' dir='ltr'>si</span> <span class='ocrx_word' id='word_1_220' title='bbox 480 2910 661 2966; x_wconf 88' lang='lat' dir='ltr'>Filius</span> <span class='ocrx_word' id='word_1_221' title='bbox 702 2911 802 2967; x_wconf 91' lang='lat' dir='ltr'>Dei</span> <span class='ocrx_word' id='word_1_222' title='bbox 830 2926 950 2968; x_wconf 91' lang='lat' dir='ltr'>non</span> <span class='ocrx_word' id='word_1_223' title='bbox 982 2926 1109 2967; x_wconf 92' lang='lat' dir='ltr'>esse</span> <span class='ocrx_word' id='word_1_224' title='bbox 1140 2910 1437 2979; x_wconf 85' lang='lat' dir='ltr'>credatur,</span> <span class='ocrx_word' id='word_1_225' title='bbox 1468 2916 1530 2966; x_wconf 91' lang='lat' dir='ltr'>ut</span> <span class='ocrx_word' id='word_1_226' title='bbox 1568 2912 1842 2982; x_wconf 87' lang='lat' dir='ltr'>ignorato</span> <span class='ocrx_word' id='word_1_227' title='bbox 1898 2912 2057 2981; x_wconf 93' lang='lat' dir='ltr'>dolo,</span> 
     </span>
    </p>
   </div>
   <div class='ocr_carea' id='block_1_34' title="bbox 402 2996 2059 3075">
    <p class='ocr_par' dir='ltr' id='par_1_34' title="bbox 402 2996 2059 3075">
     <span class='ocr_line' id='line_1_34' title="bbox 402 2996 2059 3075; baseline 0.003 -21"><span class='ocrx_word' id='word_1_228' title='bbox 402 2996 633 3069; x_wconf 87' lang='lat' dir='ltr'>lapides</span> <span class='ocrx_word' id='word_1_229' title='bbox 683 2998 746 3054; x_wconf 92' lang='lat' dir='ltr'>in</span> <span class='ocrx_word' id='word_1_230' title='bbox 791 3014 974 3071; x_wconf 88' lang='lat' dir='ltr'>panes</span> <span class='ocrx_word' id='word_1_231' title='bbox 1028 2998 1429 3068; x_wconf 80' lang='lat' dir='ltr'>transformat,</span> <span class='ocrx_word' id='word_1_232' title='bbox 1486 3006 1733 3072; x_wconf 90' lang='lat' dir='ltr'>accepta</span> <span class='ocrx_word' id='word_1_233' title='bbox 1771 3006 1922 3058; x_wconf 86' lang='lat' dir='ltr'>certe</span> <span class='ocrx_word' id='word_1_234' title='bbox 1974 3002 2059 3075; x_wconf 65' lang='grc' dir='ltr'>(α’)</span> 
     </span>
    </p>
   </div>
   <div class='ocr_carea' id='block_1_35' title="bbox 2189 414 3783 489">
    <p class='ocr_par' dir='ltr' id='par_1_35' title="bbox 2189 414 3783 489">
     <span class='ocr_line' id='line_1_35' title="bbox 2189 414 3783 489; baseline 0.006 -20"><span class='ocrx_word' id='word_1_235' title='bbox 2189 416 2445 489; x_wconf 74' lang='grc' dir='ltr'>πόρρωθεν</span> <span class='ocrx_word' id='word_1_236' title='bbox 2477 416 2627 468; x_wconf 70' lang='grc' dir='ltr'>αὐτὸν</span> <span class='ocrx_word' id='word_1_237' title='bbox 2673 414 2910 488; x_wconf 84' lang='grc' dir='ltr'>ἐπείραζε</span> <span class='ocrx_word' id='word_1_238' title='bbox 2951 414 3023 469; x_wconf 79' lang='grc' dir='ltr'>δι’</span> <span class='ocrx_word' id='word_1_239' title='bbox 3069 418 3250 483; x_wconf 75' lang='grc' dir='ltr'>ὕπνου,</span> <span class='ocrx_word' id='word_1_240' title='bbox 3303 417 3376 472; x_wconf 78' lang='grc' dir='ltr'>δι’</span> <span class='ocrx_word' id='word_1_241' title='bbox 3409 418 3654 488; x_wconf 76' lang='grc' dir='ltr'>ἁκηδὶας,</span> <span class='ocrx_word' id='word_1_242' title='bbox 3689 422 3783 477; x_wconf 76' lang='grc' dir='ltr'>διὰ</span> 
     </span>
    </p>
   </div>
   <div class='ocr_carea' id='block_1_36' title="bbox 2191 501 3781 579">
    <p class='ocr_par' dir='ltr' id='par_1_36' title="bbox 2191 501 3781 579">
     <span class='ocr_line' id='line_1_36' title="bbox 2191 501 3781 579; baseline 0.006 -23"><span class='ocrx_word' id='word_1_243' title='bbox 2191 501 2382 565; x_wconf 77' lang='grc' dir='ltr'>δειλίας</span> <span class='ocrx_word' id='word_1_244' title='bbox 2429 510 2517 556; x_wconf 83' lang='grc' dir='ltr'>καὶ</span> <span class='ocrx_word' id='word_1_245' title='bbox 2556 514 2651 555; x_wconf 84' lang='grc' dir='ltr'>τῶν</span> <span class='ocrx_word' id='word_1_246' title='bbox 2681 508 2926 557; x_wconf 76' lang='grc' dir='ltr'>τοιούτων</span> <span class='ocrx_word' id='word_1_247' title='bbox 2959 526 2971 539; x_wconf 89' lang='grc'><strong>·</strong></span> <span class='ocrx_word' id='word_1_248' title='bbox 3006 504 3112 559; x_wconf 79' lang='grc' dir='ltr'>ἐπεὶ</span> <span class='ocrx_word' id='word_1_249' title='bbox 3159 504 3218 560; x_wconf 71' lang='grc' dir='ltr'>δὲ</span> <span class='ocrx_word' id='word_1_250' title='bbox 3269 511 3397 579; x_wconf 85' lang='grc' dir='ltr'><em>ἔγνω</em></span> <span class='ocrx_word' id='word_1_251' title='bbox 3441 519 3618 563; x_wconf 86' lang='grc' dir='ltr'>τοῦτον</span> <span class='ocrx_word' id='word_1_252' title='bbox 3671 534 3781 566; x_wconf 87' lang='grc' dir='ltr'>πει-</span> 
     </span>
    </p>
   </div>
   <div class='ocr_carea' id='block_1_37' title="bbox 2186 592 3780 673">
    <p class='ocr_par' dir='ltr' id='par_1_37' title="bbox 2186 592 3780 673">
     <span class='ocr_line' id='line_1_37' title="bbox 2186 592 3780 673; baseline 0.013 -30"><span class='ocrx_word' id='word_1_253' title='bbox 2186 597 2434 661; x_wconf 72' lang='grc' dir='ltr'>νάσαντα,</span> <span class='ocrx_word' id='word_1_254' title='bbox 2489 592 2665 646; x_wconf 85' lang='grc' dir='ltr'>λοιπὸν</span> <span class='ocrx_word' id='word_1_255' title='bbox 2724 595 3008 668; x_wconf 77' lang='grc' dir='ltr'>προσῆλθεν</span> <span class='ocrx_word' id='word_1_256' title='bbox 3052 594 3223 667; x_wconf 73' lang='grc' dir='ltr'><em>ἐγγὺς.</em></span> <span class='ocrx_word' id='word_1_257' title='bbox 3272 604 3363 650; x_wconf 79' lang='grc' dir='ltr'>καὶ</span> <span class='ocrx_word' id='word_1_258' title='bbox 3412 609 3632 673; x_wconf 73' lang='grc' dir='ltr'>φανερῶς</span> <span class='ocrx_word' id='word_1_259' title='bbox 3664 602 3780 673; x_wconf 83' lang='grc'>(96)</span> 
     </span>
    </p>
   </div>
   <div class='ocr_carea' id='block_1_38' title="bbox 2188 680 3776 761">
    <p class='ocr_par' dir='ltr' id='par_1_38' title="bbox 2188 680 3776 761">
     <span class='ocr_line' id='line_1_38' title="bbox 2188 680 3776 761; baseline 0.006 -28"><span class='ocrx_word' id='word_1_260' title='bbox 2188 682 2327 753; x_wconf 81' lang='grc' dir='ltr'>αύτῷ</span> <span class='ocrx_word' id='word_1_261' title='bbox 2367 682 2677 754; x_wconf 81' lang='grc' dir='ltr'>προσϐάλλει</span> <span class='ocrx_word' id='word_1_262' title='bbox 2718 680 2813 735; x_wconf 76' lang='grc' dir='ltr'>διὰ</span> <span class='ocrx_word' id='word_1_263' title='bbox 2842 692 2931 735; x_wconf 80' lang='grc' dir='ltr'>τοῦ</span> <span class='ocrx_word' id='word_1_264' title='bbox 2961 683 3260 742; x_wconf 74' lang='grc' dir='ltr'>ἐπιτηδείου</span> <span class='ocrx_word' id='word_1_265' title='bbox 3291 696 3352 759; x_wconf 77' lang='grc' dir='ltr'>τῇ</span> <span class='ocrx_word' id='word_1_266' title='bbox 3385 695 3529 761; x_wconf 78' lang='grc' dir='ltr'>πείνη</span> <span class='ocrx_word' id='word_1_267' title='bbox 3557 692 3776 755; x_wconf 77' lang='grc' dir='ltr'>πάθους,</span> 
     </span>
    </p>
   </div>
   <div class='ocr_carea' id='block_1_39' title="bbox 2185 768 3768 847">
    <p class='ocr_par' dir='ltr' id='par_1_39' title="bbox 2185 768 3768 847">
     <span class='ocr_line' id='line_1_39' title="bbox 2185 768 3768 847; baseline 0.008 -26"><span class='ocrx_word' id='word_1_268' title='bbox 2185 770 2316 843; x_wconf 81' lang='grc' dir='ltr'><em>λέγω</em></span> <span class='ocrx_word' id='word_1_269' title='bbox 2374 768 2466 840; x_wconf 82' lang='grc' dir='ltr'>δὴ,</span> <span class='ocrx_word' id='word_1_270' title='bbox 2515 781 2608 833; x_wconf 83' lang='grc' dir='ltr'>τῆς</span> <span class='ocrx_word' id='word_1_271' title='bbox 2642 779 3086 847; x_wconf 70' lang='grc' dir='ltr'>γαστριμαργίας.</span> <span class='ocrx_word' id='word_1_272' title='bbox 3145 780 3246 828; x_wconf 80' lang='grc' dir='ltr'>Καὶ</span> <span class='ocrx_word' id='word_1_273' title='bbox 3294 782 3494 843; x_wconf 87' lang='grc' dir='ltr'>σκόπει,</span> <span class='ocrx_word' id='word_1_274' title='bbox 3527 784 3579 829; x_wconf 89' lang='grc' dir='ltr'>τί</span> <span class='ocrx_word' id='word_1_275' title='bbox 3610 788 3768 836; x_wconf 89' lang='grc' dir='ltr'>ποιεῖ.</span> 
     </span>
    </p>
   </div>
   <div class='ocr_carea' id='block_1_40' title="bbox 2184 860 3779 940">
    <p class='ocr_par' dir='ltr' id='par_1_40' title="bbox 2184 860 3779 940">
     <span class='ocr_line' id='line_1_40' title="bbox 2184 860 3779 940; baseline 0.006 -28"><span class='ocrx_word' id='word_1_276' title='bbox 2184 860 2403 912; x_wconf 79' lang='grc' dir='ltr'>Ἠκουσε</span> <span class='ocrx_word' id='word_1_277' title='bbox 2479 866 2567 912; x_wconf 86' lang='grc' dir='ltr'>καὶ</span> <span class='ocrx_word' id='word_1_278' title='bbox 2651 865 2793 936; x_wconf 85' lang='grc' dir='ltr'>παρά</span> <span class='ocrx_word' id='word_1_279' title='bbox 2857 870 2947 914; x_wconf 92' lang='grc' dir='ltr'>τοῦ</span> <span class='ocrx_word' id='word_1_280' title='bbox 3023 864 3252 928; x_wconf 77' lang='grc' dir='ltr'>Ἰωάνου,</span> <span class='ocrx_word' id='word_1_281' title='bbox 3311 871 3400 918; x_wconf 85' lang='grc' dir='ltr'>καὶ</span> <span class='ocrx_word' id='word_1_282' title='bbox 3469 871 3612 940; x_wconf 82' lang='grc' dir='ltr'>παρὰ</span> <span class='ocrx_word' id='word_1_283' title='bbox 3683 877 3779 929; x_wconf 76' lang='grc' dir='ltr'>τῆς</span> 
     </span>
    </p>
   </div>
   <div class='ocr_carea' id='block_1_41' title="bbox 2184 951 3777 1023">
    <p class='ocr_par' dir='ltr' id='par_1_41' title="bbox 2184 951 3777 1023">
     <span class='ocr_line' id='line_1_41' title="bbox 2184 951 3777 1023; baseline 0.006 -23"><span class='ocrx_word' id='word_1_284' title='bbox 2184 952 2584 1020; x_wconf 81' lang='grc' dir='ltr'>κατενεχθείσης</span> <span class='ocrx_word' id='word_1_285' title='bbox 2644 951 2832 1003; x_wconf 75' lang='grc' dir='ltr'>ἄνωθεν</span> <span class='ocrx_word' id='word_1_286' title='bbox 2896 961 3081 1023; x_wconf 77' lang='grc' dir='ltr'>φωνῆς,</span> <span class='ocrx_word' id='word_1_287' title='bbox 3136 954 3215 1005; x_wconf 85' lang='grc' dir='ltr'>ὅτι</span> <span class='ocrx_word' id='word_1_288' title='bbox 3290 955 3439 1017; x_wconf 75' lang='grc' dir='ltr'>οὗτος</span> <span class='ocrx_word' id='word_1_289' title='bbox 3490 960 3611 1018; x_wconf 83' lang='grc' dir='ltr'>Υἱός</span> <span class='ocrx_word' id='word_1_290' title='bbox 3661 957 3777 1010; x_wconf 76' lang='grc' dir='ltr'>ἐστι</span> 
     </span>
    </p>
   </div>
   <div class='ocr_carea' id='block_1_42' title="bbox 2183 1038 3777 1121">
    <p class='ocr_par' dir='ltr' id='par_1_42' title="bbox 2183 1038 3777 1121">
     <span class='ocr_line' id='line_1_42' title="bbox 2183 1038 3777 1121; baseline 0.006 -32"><span class='ocrx_word' id='word_1_291' title='bbox 2183 1045 2274 1090; x_wconf 91' lang='grc' dir='ltr'>τοῦ</span> <span class='ocrx_word' id='word_1_292' title='bbox 2318 1046 2450 1091; x_wconf 82' lang='grc' dir='ltr'>Θεοῦ</span> <span class='ocrx_word' id='word_1_293' title='bbox 2504 1044 2593 1091; x_wconf 83' lang='grc' dir='ltr'>καὶ</span> <span class='ocrx_word' id='word_1_294' title='bbox 2646 1038 2838 1110; x_wconf 78' lang='grc' dir='ltr'>ἀγνοῶν</span> <span class='ocrx_word' id='word_1_295' title='bbox 2886 1043 2966 1093; x_wconf 87' lang='grc' dir='ltr'>ὃτι</span> <span class='ocrx_word' id='word_1_296' title='bbox 3010 1044 3035 1093; x_wconf 88' lang='grc' dir='ltr'><em>ὁ</em></span> <span class='ocrx_word' id='word_1_297' title='bbox 3065 1044 3186 1102; x_wconf 80' lang='grc' dir='ltr'>Υἱός</span> <span class='ocrx_word' id='word_1_298' title='bbox 3213 1049 3303 1095; x_wconf 90' lang='grc' dir='ltr'>τοῦ</span> <span class='ocrx_word' id='word_1_299' title='bbox 3344 1052 3477 1097; x_wconf 84' lang='grc' dir='ltr'>Θεοῦ</span> <span class='ocrx_word' id='word_1_300' title='bbox 3518 1046 3777 1121; x_wconf 84' lang='grc' dir='ltr'>ἐνηνθρὼ-</span> 
     </span>
    </p>
   </div>
   <div class='ocr_carea' id='block_1_43' title="bbox 2182 1127 3780 1205">
    <p class='ocr_par' dir='ltr' id='par_1_43' title="bbox 2182 1127 3780 1205">
     <span class='ocr_line' id='line_1_43' title="bbox 2182 1127 3780 1205; baseline 0.006 -27"><span class='ocrx_word' id='word_1_301' title='bbox 2182 1146 2346 1185; x_wconf 86' lang='grc' dir='ltr'>πησεν</span> <span class='ocrx_word' id='word_1_302' title='bbox 2390 1148 2402 1160; x_wconf 91' lang='grc'>·</span> <span class='ocrx_word' id='word_1_303' title='bbox 2447 1127 2594 1180; x_wconf 85' lang='grc' dir='ltr'>ἔλαθε</span> <span class='ocrx_word' id='word_1_304' title='bbox 2647 1131 2747 1203; x_wconf 85' lang='grc' dir='ltr'>γὰρ</span> <span class='ocrx_word' id='word_1_305' title='bbox 2799 1129 2952 1181; x_wconf 69' lang='grc' dir='ltr'>αὐτὸν</span> <span class='ocrx_word' id='word_1_306' title='bbox 3005 1132 3035 1188; x_wconf 80' lang='grc' dir='ltr'>ἡ</span> <span class='ocrx_word' id='word_1_307' title='bbox 3093 1130 3380 1205; x_wconf 75' lang='grc' dir='ltr'>ἀπόρρητος</span> <span class='ocrx_word' id='word_1_308' title='bbox 3433 1134 3593 1187; x_wconf 76' lang='grc' dir='ltr'>αὐτοῦ</span> <span class='ocrx_word' id='word_1_309' title='bbox 3638 1135 3780 1188; x_wconf 79' lang='grc' dir='ltr'>ἐναν-</span> 
     </span>
    </p>
   </div>
   <div class='ocr_carea' id='block_1_44' title="bbox 2185 1217 3777 1293">
    <p class='ocr_par' dir='ltr' id='par_1_44' title="bbox 2185 1217 3777 1293">
     <span class='ocr_line' id='line_1_44' title="bbox 2185 1217 3777 1293; baseline 0.006 -26"><span class='ocrx_word' id='word_1_310' title='bbox 2185 1217 2453 1290; x_wconf 84' lang='grc' dir='ltr'>θρώπησις</span> <span class='ocrx_word' id='word_1_311' title='bbox 2500 1234 2512 1246; x_wconf 79' lang='lat'>&#39;</span> <span class='ocrx_word' id='word_1_312' title='bbox 2574 1217 2818 1270; x_wconf 72' lang='grc' dir='ltr'>ύπελαϐεν</span> <span class='ocrx_word' id='word_1_313' title='bbox 2870 1220 2970 1285; x_wconf 85' lang='grc' dir='ltr'>ὅτι,</span> <span class='ocrx_word' id='word_1_314' title='bbox 3028 1220 3295 1293; x_wconf 81' lang='grc' dir='ltr'>ἄνθρωπος</span> <span class='ocrx_word' id='word_1_315' title='bbox 3358 1221 3445 1287; x_wconf 81' lang='grc' dir='ltr'>ὢν,</span> <span class='ocrx_word' id='word_1_316' title='bbox 3498 1226 3777 1284; x_wconf 78' lang='grc' dir='ltr'>υἱοθετηθη</span> 
     </span>
    </p>
   </div>
   <div class='ocr_carea' id='block_1_45' title="bbox 2180 1302 3778 1385">
    <p class='ocr_par' dir='ltr' id='par_1_45' title="bbox 2180 1302 3778 1385">
     <span class='ocr_line' id='line_1_45' title="bbox 2180 1302 3778 1385; baseline 0.008 -30"><span class='ocrx_word' id='word_1_317' title='bbox 2180 1313 2253 1375; x_wconf 83' lang='grc' dir='ltr'>τῷ</span> <span class='ocrx_word' id='word_1_318' title='bbox 2286 1312 2399 1375; x_wconf 78' lang='grc' dir='ltr'>Θεῷ</span> <span class='ocrx_word' id='word_1_319' title='bbox 2432 1302 2523 1357; x_wconf 83' lang='grc' dir='ltr'>διὰ</span> <span class='ocrx_word' id='word_1_320' title='bbox 2554 1308 2641 1366; x_wconf 83' lang='grc' dir='ltr'>τὰς</span> <span class='ocrx_word' id='word_1_321' title='bbox 2688 1305 2870 1379; x_wconf 79' lang='grc' dir='ltr'>ἀρετὰς</span> <span class='ocrx_word' id='word_1_322' title='bbox 2917 1308 3097 1374; x_wconf 73' lang='grc' dir='ltr'>αὑτοῦ,</span> <span class='ocrx_word' id='word_1_323' title='bbox 3146 1314 3234 1361; x_wconf 87' lang='grc' dir='ltr'>καὶ</span> <span class='ocrx_word' id='word_1_324' title='bbox 3278 1309 3452 1363; x_wconf 88' lang='grc' dir='ltr'>λοιπόν</span> <span class='ocrx_word' id='word_1_325' title='bbox 3501 1310 3778 1385; x_wconf 76' lang='grc' dir='ltr'>ἐφθόνησεν</span> 
     </span>
    </p>
   </div>
   <div class='ocr_carea' id='block_1_46' title="bbox 2181 1393 3779 1475">
    <p class='ocr_par' dir='ltr' id='par_1_46' title="bbox 2181 1393 3779 1475">
     <span class='ocr_line' id='line_1_46' title="bbox 2181 1393 3779 1475; baseline 0.006 -29"><span class='ocrx_word' id='word_1_326' title='bbox 2181 1393 2321 1464; x_wconf 84' lang='grc' dir='ltr'>αύτῷ</span> <span class='ocrx_word' id='word_1_327' title='bbox 2368 1401 2463 1454; x_wconf 79' lang='grc' dir='ltr'>τῆς</span> <span class='ocrx_word' id='word_1_328' title='bbox 2512 1394 2833 1457; x_wconf 75' lang='grc' dir='ltr'>τηλικαύτης</span> <span class='ocrx_word' id='word_1_329' title='bbox 2888 1406 3061 1469; x_wconf 79' lang='grc' dir='ltr'>τιμῆς,</span> <span class='ocrx_word' id='word_1_330' title='bbox 3094 1400 3266 1472; x_wconf 83' lang='grc' dir='ltr'>ὥσπερ</span> <span class='ocrx_word' id='word_1_331' title='bbox 3310 1403 3399 1453; x_wconf 86' lang='grc' dir='ltr'>καὶ</span> <span class='ocrx_word' id='word_1_332' title='bbox 3445 1410 3516 1472; x_wconf 81' lang='grc' dir='ltr'>τῷ</span> <span class='ocrx_word' id='word_1_333' title='bbox 3570 1403 3779 1475; x_wconf 78' lang='grc' dir='ltr'>παλαιῷ</span> 
     </span>
    </p>
   </div>
   <div class='ocr_carea' id='block_1_47' title="bbox 2181 1479 3780 1561">
    <p class='ocr_par' dir='ltr' id='par_1_47' title="bbox 2181 1479 3780 1561">
     <span class='ocr_line' id='line_1_47' title="bbox 2181 1479 3780 1561; baseline 0.006 -24"><span class='ocrx_word' id='word_1_334' title='bbox 2181 1479 2379 1555; x_wconf 74' lang='grc' dir='ltr'>Ἀδάμ,</span> <span class='ocrx_word' id='word_1_335' title='bbox 2408 1487 2499 1537; x_wconf 84' lang='grc' dir='ltr'>καὶ</span> <span class='ocrx_word' id='word_1_336' title='bbox 2540 1486 2788 1537; x_wconf 76' lang='grc' dir='ltr'>ἔσπευσεν</span> <span class='ocrx_word' id='word_1_337' title='bbox 2838 1483 3064 1540; x_wconf 80' lang='grc' dir='ltr'>ἐκϐαλεῖν</span> <span class='ocrx_word' id='word_1_338' title='bbox 3121 1492 3209 1541; x_wconf 83' lang='grc' dir='ltr'>καὶ</span> <span class='ocrx_word' id='word_1_339' title='bbox 3257 1495 3433 1543; x_wconf 86' lang='grc' dir='ltr'>τοῦτον</span> <span class='ocrx_word' id='word_1_340' title='bbox 3466 1494 3673 1561; x_wconf 82' lang='grc' dir='ltr'>ταύτης,</span> <span class='ocrx_word' id='word_1_341' title='bbox 3706 1496 3780 1556; x_wconf 82' lang='grc' dir='ltr'>ὡς</span> 
     </span>
    </p>
   </div>
   <div class='ocr_carea' id='block_1_48' title="bbox 2180 1569 2605 1635">
    <p class='ocr_par' dir='ltr' id='par_1_48' title="bbox 2180 1569 2605 1635">
     <span class='ocr_line' id='line_1_48' title="bbox 2180 1569 2605 1635; baseline 0.005 -12"><span class='ocrx_word' id='word_1_342' title='bbox 2180 1569 2367 1626; x_wconf 77' lang='grc' dir='ltr'>ἐκεῖνον</span> <span class='ocrx_word' id='word_1_343' title='bbox 2387 1571 2549 1631; x_wconf 84' lang='grc' dir='ltr'>ἐκείνη</span> <span class='ocrx_word' id='word_1_344' title='bbox 2561 1594 2582 1635; x_wconf 90' lang='grc' dir='ltr'>ς</span> <span class='ocrx_word' id='word_1_345' title='bbox 2594 1617 2605 1631; x_wconf 90' lang='grc'>,</span> 
     </span>
    </p>
   </div>
   <div class='ocr_carea' id='block_1_49' title="bbox 2248 1751 3779 1833">
    <p class='ocr_par' dir='ltr' id='par_1_49' title="bbox 2248 1751 3779 1833">
     <span class='ocr_line' id='line_1_49' title="bbox 2248 1751 3779 1833; baseline 0.009 -32"><span class='ocrx_word' id='word_1_346' title='bbox 2248 1752 2335 1802; x_wconf 91' lang='grc' dir='ltr'><strong>Διὸ</strong></span> <span class='ocrx_word' id='word_1_347' title='bbox 2416 1754 2506 1802; x_wconf 79' lang='grc' dir='ltr'>καὶ</span> <span class='ocrx_word' id='word_1_348' title='bbox 2579 1751 2872 1825; x_wconf 87' lang='grc' dir='ltr'>προσελθὼν</span> <span class='ocrx_word' id='word_1_349' title='bbox 2945 1751 3098 1825; x_wconf 74' lang='grc' dir='ltr'><em>ἔγγὺς</em></span> <span class='ocrx_word' id='word_1_350' title='bbox 3153 1796 3165 1819; x_wconf 92' lang='grc'>,</span> <span class='ocrx_word' id='word_1_351' title='bbox 3243 1762 3450 1831; x_wconf 86' lang='grc' dir='ltr'>πρώτην</span> <span class='ocrx_word' id='word_1_352' title='bbox 3518 1779 3779 1833; x_wconf 74' lang='grc' dir='ltr'>προσαγει</span> 
     </span>
    </p>
   </div>
   <div class='ocr_carea' id='block_1_50' title="bbox 2174 1840 3779 1915">
    <p class='ocr_par' dir='ltr' id='par_1_50' title="bbox 2174 1840 3779 1915">
     <span class='ocr_line' id='line_1_50' title="bbox 2174 1840 3779 1915; baseline 0.009 -26"><span class='ocrx_word' id='word_1_353' title='bbox 2174 1844 2375 1909; x_wconf 82' lang='grc' dir='ltr'>πεῖραν,</span> <span class='ocrx_word' id='word_1_354' title='bbox 2436 1844 2529 1896; x_wconf 75' lang='grc' dir='ltr'>τὴν</span> <span class='ocrx_word' id='word_1_355' title='bbox 2601 1847 3045 1915; x_wconf 78' lang='grc' dir='ltr'>γαστριμαργίαν,</span> <span class='ocrx_word' id='word_1_356' title='bbox 3108 1840 3183 1895; x_wconf 73' lang='grc' dir='ltr'>δι’</span> <span class='ocrx_word' id='word_1_357' title='bbox 3234 1846 3296 1907; x_wconf 80' lang='grc' dir='ltr'>ἧς</span> <span class='ocrx_word' id='word_1_358' title='bbox 3367 1847 3465 1900; x_wconf 79' lang='grc' dir='ltr'>εἷλε</span> <span class='ocrx_word' id='word_1_359' title='bbox 3526 1854 3615 1901; x_wconf 85' lang='grc' dir='ltr'>καὶ</span> <span class='ocrx_word' id='word_1_360' title='bbox 3686 1855 3779 1903; x_wconf 85' lang='grc' dir='ltr'>τὸν</span> 
     </span>
    </p>
   </div>
   <div class='ocr_carea' id='block_1_51' title="bbox 2175 1924 3782 2007">
    <p class='ocr_par' dir='ltr' id='par_1_51' title="bbox 2175 1924 3782 2007">
     <span class='ocr_line' id='line_1_51' title="bbox 2175 1924 3782 2007; baseline 0.009 -30"><span class='ocrx_word' id='word_1_361' title='bbox 2175 1936 2376 1998; x_wconf 81' lang='grc' dir='ltr'>πρῶτον</span> <span class='ocrx_word' id='word_1_362' title='bbox 2430 1924 2604 1999; x_wconf 79' lang='grc' dir='ltr'>Ἀδάμ</span> <span class='ocrx_word' id='word_1_363' title='bbox 2652 1950 2664 1960; x_wconf 92' lang='grc'><strong>·</strong></span> <span class='ocrx_word' id='word_1_364' title='bbox 2711 1934 2800 1981; x_wconf 81' lang='grc' dir='ltr'>καὶ</span> <span class='ocrx_word' id='word_1_365' title='bbox 2852 1929 2959 1982; x_wconf 79' lang='grc' dir='ltr'>ἐπεὶ</span> <span class='ocrx_word' id='word_1_366' title='bbox 3017 1928 3253 2003; x_wconf 70' lang='grc' dir='ltr'>οὐδαμοῦ</span> <span class='ocrx_word' id='word_1_367' title='bbox 3300 1933 3498 2007; x_wconf 82' lang='grc' dir='ltr'>βρῶσις</span> <span class='ocrx_word' id='word_1_368' title='bbox 3543 1938 3626 2006; x_wconf 78' lang='grc' dir='ltr'>ἧν,</span> <span class='ocrx_word' id='word_1_369' title='bbox 3681 1936 3782 1992; x_wconf 70' lang='grc' dir='ltr'>διὰ</span> 
     </span>
    </p>
   </div>
   <div class='ocr_carea' id='block_1_52' title="bbox 2174 2016 3779 2100">
    <p class='ocr_par' dir='ltr' id='par_1_52' title="bbox 2174 2016 3779 2100">
     <span class='ocr_line' id='line_1_52' title="bbox 2174 2016 3779 2100; baseline 0.007 -35"><span class='ocrx_word' id='word_1_370' title='bbox 2174 2018 2268 2072; x_wconf 84' lang='grc' dir='ltr'>τὴν</span> <span class='ocrx_word' id='word_1_371' title='bbox 2305 2016 2435 2088; x_wconf 82' lang='grc' dir='ltr'><em>ἄγαν</em></span> <span class='ocrx_word' id='word_1_372' title='bbox 2484 2018 2723 2090; x_wconf 79' lang='grc' dir='ltr'>ἐρημίαν,</span> <span class='ocrx_word' id='word_1_373' title='bbox 2755 2017 3000 2089; x_wconf 82' lang='grc' dir='ltr'><em>ἐγίνωσκε</em></span> <span class='ocrx_word' id='word_1_374' title='bbox 3053 2018 3111 2073; x_wconf 76' lang='grc' dir='ltr'>δὲ</span> <span class='ocrx_word' id='word_1_375' title='bbox 3161 2030 3222 2094; x_wconf 73' lang='grc' dir='ltr'>τῇ</span> <span class='ocrx_word' id='word_1_376' title='bbox 3271 2028 3416 2095; x_wconf 77' lang='grc' dir='ltr'>πείνῃ</span> <span class='ocrx_word' id='word_1_377' title='bbox 3478 2028 3562 2077; x_wconf 88' lang='grc' dir='ltr'>τόν</span> <span class='ocrx_word' id='word_1_378' title='bbox 3614 2027 3779 2100; x_wconf 80' lang='grc' dir='ltr'>ἄρτον</span> 
     </span>
    </p>
   </div>
   <div class='ocr_carea' id='block_1_53' title="bbox 2175 2100 3783 2185">
    <p class='ocr_par' dir='ltr' id='par_1_53' title="bbox 2175 2100 3783 2185">
     <span class='ocr_line' id='line_1_53' title="bbox 2175 2100 3783 2185; baseline 0.007 -29"><span class='ocrx_word' id='word_1_379' title='bbox 2175 2100 2301 2156; x_wconf 82' lang='grc' dir='ltr'>εἶναι</span> <span class='ocrx_word' id='word_1_380' title='bbox 2345 2104 2682 2171; x_wconf 75' lang='grc' dir='ltr'>κατάλληλον,</span> <span class='ocrx_word' id='word_1_381' title='bbox 2734 2106 2882 2168; x_wconf 71' lang='grc' dir='ltr'>αὐτὸς</span> <span class='ocrx_word' id='word_1_382' title='bbox 2938 2112 3028 2179; x_wconf 69' lang='grc' dir='ltr'>μὲν</span> <span class='ocrx_word' id='word_1_383' title='bbox 3075 2110 3133 2161; x_wconf 79' lang='grc' dir='ltr'>ού</span> <span class='ocrx_word' id='word_1_384' title='bbox 3178 2116 3477 2185; x_wconf 73' lang='grc' dir='ltr'>προσφέρει,</span> <span class='ocrx_word' id='word_1_385' title='bbox 3508 2110 3648 2166; x_wconf 82' lang='grc' dir='ltr'>διότι</span> <span class='ocrx_word' id='word_1_386' title='bbox 3679 2115 3783 2168; x_wconf 77' lang='grc' dir='ltr'>οὐκ</span> 
     </span>
    </p>
   </div>
   <div class='ocr_carea' id='block_1_54' title="bbox 2174 2191 3776 2276">
    <p class='ocr_par' dir='ltr' id='par_1_54' title="bbox 2174 2191 3776 2276">
     <span class='ocr_line' id='line_1_54' title="bbox 2174 2191 3776 2276; baseline 0.009 -33"><span class='ocrx_word' id='word_1_387' title='bbox 2174 2191 2370 2264; x_wconf 82' lang='grc' dir='ltr'>ἔμελλεν</span> <span class='ocrx_word' id='word_1_388' title='bbox 2403 2194 2556 2247; x_wconf 67' lang='grc' dir='ltr'>αὐτὸν</span> <span class='ocrx_word' id='word_1_389' title='bbox 2591 2198 2734 2269; x_wconf 87' lang='grc' dir='ltr'>παρὰ</span> <span class='ocrx_word' id='word_1_390' title='bbox 2787 2204 2878 2248; x_wconf 93' lang='grc' dir='ltr'>τοῦ</span> <span class='ocrx_word' id='word_1_391' title='bbox 2921 2197 3166 2267; x_wconf 81' lang='grc' dir='ltr'>πολεμίου</span> <span class='ocrx_word' id='word_1_392' title='bbox 3222 2199 3393 2253; x_wconf 83' lang='grc' dir='ltr'>λαϐεῖν</span> <span class='ocrx_word' id='word_1_393' title='bbox 3440 2204 3465 2253; x_wconf 87' lang='grc' dir='ltr'><strong><em>ὁ</em></strong></span> <span class='ocrx_word' id='word_1_394' title='bbox 3518 2208 3776 2276; x_wconf 81' lang='grc' dir='ltr'>Χριστὸς,</span> 
     </span>
    </p>
   </div>
   <div class='ocr_carea' id='block_1_55' title="bbox 2173 2279 3783 2364">
    <p class='ocr_par' dir='ltr' id='par_1_55' title="bbox 2173 2279 3783 2364">
     <span class='ocr_line' id='line_1_55' title="bbox 2173 2279 3783 2364; baseline 0.009 -31"><span class='ocrx_word' id='word_1_395' title='bbox 2173 2279 2433 2335; x_wconf 72' lang='grc' dir='ltr'>ἕπιτοίττει</span> <span class='ocrx_word' id='word_1_396' title='bbox 2492 2279 2550 2336; x_wconf 67' lang='grc' dir='ltr'>δὲ</span> <span class='ocrx_word' id='word_1_397' title='bbox 2627 2284 2788 2354; x_wconf 80' lang='grc' dir='ltr'>αύτῷ,</span> <span class='ocrx_word' id='word_1_398' title='bbox 2848 2295 3073 2344; x_wconf 86' lang='grc' dir='ltr'>ποιῆσαι</span> <span class='ocrx_word' id='word_1_399' title='bbox 3126 2292 3245 2350; x_wconf 89' lang='grc' dir='ltr'>τούς</span> <span class='ocrx_word' id='word_1_400' title='bbox 3307 2286 3783 2364; x_wconf 74' lang='grc' dir='ltr'>ὑποδεικνυμένους</span> 
     </span>
    </p>
   </div>
   <div class='ocr_carea' id='block_1_56' title="bbox 2172 2370 3783 2449">
    <p class='ocr_par' dir='ltr' id='par_1_56' title="bbox 2172 2370 3783 2449">
     <span class='ocr_line' id='line_1_56' title="bbox 2172 2370 3783 2449; baseline 0.008 -27"><span class='ocrx_word' id='word_1_401' title='bbox 2172 2370 2363 2436; x_wconf 81' lang='grc' dir='ltr'>λίθους,</span> <span class='ocrx_word' id='word_1_402' title='bbox 2395 2373 2586 2447; x_wconf 78' lang='grc' dir='ltr'>ἄρτους</span> <span class='ocrx_word' id='word_1_403' title='bbox 2618 2390 2630 2403; x_wconf 71' lang='grc'>⁸</span> <span class='ocrx_word' id='word_1_404' title='bbox 2679 2378 2768 2426; x_wconf 86' lang='grc' dir='ltr'>καὶ</span> <span class='ocrx_word' id='word_1_405' title='bbox 2819 2375 2899 2427; x_wconf 82' lang='grc' dir='ltr'>ἶνα</span> <span class='ocrx_word' id='word_1_406' title='bbox 2945 2381 3015 2447; x_wconf 86' lang='grc' dir='ltr'>μὴ</span> <span class='ocrx_word' id='word_1_407' title='bbox 3070 2381 3232 2449; x_wconf 71' lang='grc' dir='ltr'>νοήσῃ</span> <span class='ocrx_word' id='word_1_408' title='bbox 3286 2382 3379 2438; x_wconf 87' lang='grc' dir='ltr'>τὴν</span> <span class='ocrx_word' id='word_1_409' title='bbox 3432 2378 3707 2440; x_wconf 77' lang='grc' dir='ltr'>ἐπιϐουλὴν</span> <span class='ocrx_word' id='word_1_410' title='bbox 3752 2386 3783 2436; x_wconf 82' lang='grc' dir='ltr'>ὁ</span> 
     </span>
    </p>
   </div>
   <div class='ocr_carea' id='block_1_57' title="bbox 2173 2463 3779 2542">
    <p class='ocr_par' dir='ltr' id='par_1_57' title="bbox 2173 2463 3779 2542">
     <span class='ocr_line' id='line_1_57' title="bbox 2173 2463 3779 2542; baseline 0.007 -30"><span class='ocrx_word' id='word_1_411' title='bbox 2173 2464 2422 2533; x_wconf 83' lang='grc' dir='ltr'>Χριστός,</span> <span class='ocrx_word' id='word_1_412' title='bbox 2475 2463 2570 2536; x_wconf 82' lang='grc' dir='ltr'>ὅρα</span> <span class='ocrx_word' id='word_1_413' title='bbox 2626 2468 2875 2535; x_wconf 78' lang='grc' dir='ltr'>μηχανὴν</span> <span class='ocrx_word' id='word_1_414' title='bbox 2941 2469 3029 2517; x_wconf 83' lang='grc' dir='ltr'>καὶ</span> <span class='ocrx_word' id='word_1_415' title='bbox 3094 2472 3341 2540; x_wconf 82' lang='grc' dir='ltr'>πονηρίας</span> <span class='ocrx_word' id='word_1_416' title='bbox 3412 2469 3696 2542; x_wconf 74' lang='grc' dir='ltr'>ὑπερϐολήν</span> <span class='ocrx_word' id='word_1_417' title='bbox 3762 2488 3779 2504; x_wconf 78' lang='grc'><strong><em>⁸</em></strong></span> 
     </span>
    </p>
   </div>
   <div class='ocr_carea' id='block_1_58' title="bbox 2174 2547 3779 2634">
    <p class='ocr_par' dir='ltr' id='par_1_58' title="bbox 2174 2547 3779 2634">
     <span class='ocr_line' id='line_1_58' title="bbox 2174 2547 3779 2634; baseline 0.008 -34"><span class='ocrx_word' id='word_1_418' title='bbox 2174 2549 2265 2600; x_wconf 81' lang='grc' dir='ltr'>οῦκ</span> <span class='ocrx_word' id='word_1_419' title='bbox 2318 2547 2452 2602; x_wconf 82' lang='grc' dir='ltr'>εἶπεν</span> <span class='ocrx_word' id='word_1_420' title='bbox 2506 2551 2678 2613; x_wconf 86' lang='grc' dir='ltr'>ἁπλῶς</span> <span class='ocrx_word' id='word_1_421' title='bbox 2735 2554 2834 2617; x_wconf 83' lang='grc' dir='ltr'>ὅτι,</span> <span class='ocrx_word' id='word_1_422' title='bbox 2898 2558 3126 2612; x_wconf 86' lang='grc' dir='ltr'>Ποίησον</span> <span class='ocrx_word' id='word_1_423' title='bbox 3177 2558 3293 2616; x_wconf 81' lang='grc' dir='ltr'>τοὺς</span> <span class='ocrx_word' id='word_1_424' title='bbox 3339 2556 3509 2620; x_wconf 84' lang='grc' dir='ltr'>λίθους</span> <span class='ocrx_word' id='word_1_425' title='bbox 3553 2561 3779 2634; x_wconf 76' lang='grc' dir='ltr'>ἄρτους,</span> 
     </span>
    </p>
   </div>
   <div class='ocr_carea' id='block_1_59' title="bbox 2174 2636 3777 2724">
    <p class='ocr_par' dir='ltr' id='par_1_59' title="bbox 2174 2636 3777 2724">
     <span class='ocr_line' id='line_1_59' title="bbox 2174 2636 3777 2724; baseline 0.009 -35"><span class='ocrx_word' id='word_1_426' title='bbox 2174 2636 2300 2690; x_wconf 80' lang='grc' dir='ltr'>ἀλλὰ</span> <span class='ocrx_word' id='word_1_427' title='bbox 2356 2639 2603 2711; x_wconf 75' lang='grc' dir='ltr'>προέταξε</span> <span class='ocrx_word' id='word_1_428' title='bbox 2634 2645 2690 2692; x_wconf 90' lang='grc' dir='ltr'>τό</span> <span class='ocrx_word' id='word_1_429' title='bbox 2735 2657 2745 2669; x_wconf 87' lang='grc'><strong>·</strong></span> <span class='ocrx_word' id='word_1_430' title='bbox 2784 2642 2842 2694; x_wconf 80' lang='grc' dir='ltr'>Εἰ</span> <span class='ocrx_word' id='word_1_431' title='bbox 2901 2645 3020 2704; x_wconf 79' lang='grc' dir='ltr'>Υἱὸς</span> <span class='ocrx_word' id='word_1_432' title='bbox 3072 2642 3118 2695; x_wconf 77' lang='grc' dir='ltr'>εἴ</span> <span class='ocrx_word' id='word_1_433' title='bbox 3165 2652 3256 2696; x_wconf 90' lang='grc' dir='ltr'>τοῦ</span> <span class='ocrx_word' id='word_1_434' title='bbox 3306 2653 3460 2711; x_wconf 84' lang='grc' dir='ltr'>Θεοῦ,</span> <span class='ocrx_word' id='word_1_435' title='bbox 3490 2648 3569 2700; x_wconf 85' lang='grc' dir='ltr'>ἶνα</span> <span class='ocrx_word' id='word_1_436' title='bbox 3611 2646 3777 2724; x_wconf 70' lang='grc' dir='ltr'>δόξῃ,</span> 
     </span>
    </p>
   </div>
   <div class='ocr_carea' id='block_1_60' title="bbox 2172 2725 3785 2799">
    <p class='ocr_par' dir='ltr' id='par_1_60' title="bbox 2172 2725 3785 2799">
     <span class='ocr_line' id='line_1_60' title="bbox 2172 2725 3785 2799; baseline 0.009 -21"><span class='ocrx_word' id='word_1_437' title='bbox 2172 2728 2248 2778; x_wconf 82' lang='grc' dir='ltr'>ὅτι</span> <span class='ocrx_word' id='word_1_438' title='bbox 2302 2730 2432 2799; x_wconf 87' lang='grc' dir='ltr'>πρὸς</span> <span class='ocrx_word' id='word_1_439' title='bbox 2484 2725 2750 2791; x_wconf 77' lang='grc' dir='ltr'>ἀπόδειξιν</span> <span class='ocrx_word' id='word_1_440' title='bbox 2789 2736 2880 2783; x_wconf 89' lang='grc' dir='ltr'>τοῦ</span> <span class='ocrx_word' id='word_1_441' title='bbox 2934 2728 3061 2783; x_wconf 84' lang='grc' dir='ltr'>εἶναι</span> <span class='ocrx_word' id='word_1_442' title='bbox 3104 2732 3258 2784; x_wconf 72' lang='grc' dir='ltr'>αὐτὸν</span> <span class='ocrx_word' id='word_1_443' title='bbox 3290 2736 3406 2787; x_wconf 85' lang='grc' dir='ltr'>Υἱὸν</span> <span class='ocrx_word' id='word_1_444' title='bbox 3439 2744 3569 2789; x_wconf 82' lang='grc' dir='ltr'>Θεοῦ</span> <span class='ocrx_word' id='word_1_445' title='bbox 3621 2738 3785 2798; x_wconf 81' lang='grc' dir='ltr'>ζητεῖ</span> 
     </span>
    </p>
   </div>
   <div class='ocr_carea' id='block_1_61' title="bbox 2169 2818 3775 2900">
    <p class='ocr_par' dir='ltr' id='par_1_61' title="bbox 2169 2818 3775 2900">
     <span class='ocr_line' id='line_1_61' title="bbox 2169 2818 3775 2900; baseline 0.009 -35"><span class='ocrx_word' id='word_1_446' title='bbox 2169 2818 2407 2886; x_wconf 87' lang='grc' dir='ltr'>γενέσθαι</span> <span class='ocrx_word' id='word_1_447' title='bbox 2463 2822 2555 2875; x_wconf 70' lang='grc' dir='ltr'>τὴν</span> <span class='ocrx_word' id='word_1_448' title='bbox 2624 2824 2970 2889; x_wconf 87' lang='grc' dir='ltr'>μεταποίησιν</span> <span class='ocrx_word' id='word_1_449' title='bbox 3040 2829 3139 2872; x_wconf 84' lang='grc' dir='ltr'>τῶν</span> <span class='ocrx_word' id='word_1_450' title='bbox 3189 2821 3343 2874; x_wconf 80' lang='grc' dir='ltr'>λίθων</span> <span class='ocrx_word' id='word_1_451' title='bbox 3410 2824 3479 2886; x_wconf 83' lang='grc' dir='ltr'>εἰς</span> <span class='ocrx_word' id='word_1_452' title='bbox 3545 2827 3775 2900; x_wconf 81' lang='grc' dir='ltr'>οἰρτους,</span> 
     </span>
    </p>
   </div>
   <div class='ocr_carea' id='block_1_62' title="bbox 2167 2908 3783 2991">
    <p class='ocr_par' dir='ltr' id='par_1_62' title="bbox 2167 2908 3783 2991">
     <span class='ocr_line' id='line_1_62' title="bbox 2167 2908 3783 2991; baseline 0.007 -35"><span class='ocrx_word' id='word_1_453' title='bbox 2167 2909 2321 2975; x_wconf 83' lang='grc' dir='ltr'>’ᾨετο</span> <span class='ocrx_word' id='word_1_454' title='bbox 2376 2908 2499 2980; x_wconf 80' lang='grc' dir='ltr'>γὰρ,</span> <span class='ocrx_word' id='word_1_455' title='bbox 2544 2908 2622 2959; x_wconf 79' lang='grc' dir='ltr'>ὅτι</span> <span class='ocrx_word' id='word_1_456' title='bbox 2676 2910 3162 2982; x_wconf 80' lang='grc' dir='ltr'>παρακνισθὴσεται</span> <span class='ocrx_word' id='word_1_457' title='bbox 3208 2918 3277 2962; x_wconf 84' lang='grc' dir='ltr'>τῶ</span> <span class='ocrx_word' id='word_1_458' title='bbox 3331 2911 3485 2984; x_wconf 81' lang='grc' dir='ltr'>λόγῳ,</span> <span class='ocrx_word' id='word_1_459' title='bbox 3533 2917 3783 2991; x_wconf 75' lang='grc' dir='ltr'>καθάπερ</span> 
     </span>
    </p>
   </div>
   <div class='ocr_carea' id='block_1_63' title="bbox 2172 2990 3786 3074">
    <p class='ocr_par' dir='ltr' id='par_1_63' title="bbox 2172 2990 3786 3074">
     <span class='ocr_line' id='line_1_63' title="bbox 2172 2990 3786 3074; baseline 0.008 -31"><span class='ocrx_word' id='word_1_460' title='bbox 2172 2990 2482 3055; x_wconf 76' lang='grc' dir='ltr'>ὀνειδισθεὶς</span> <span class='ocrx_word' id='word_1_461' title='bbox 2533 2993 2614 3048; x_wconf 79' lang='grc' dir='ltr'>ἐπὶ</span> <span class='ocrx_word' id='word_1_462' title='bbox 2662 3004 2734 3065; x_wconf 83' lang='grc' dir='ltr'>τῷ</span> <span class='ocrx_word' id='word_1_463' title='bbox 2776 3001 2845 3068; x_wconf 81' lang='grc' dir='ltr'>μὴ</span> <span class='ocrx_word' id='word_1_464' title='bbox 2899 2994 3027 3049; x_wconf 82' lang='grc' dir='ltr'>εἶναι</span> <span class='ocrx_word' id='word_1_465' title='bbox 3076 2999 3197 3059; x_wconf 83' lang='grc' dir='ltr'>Υἱὸς</span> <span class='ocrx_word' id='word_1_466' title='bbox 3248 3008 3399 3068; x_wconf 88' lang='grc' dir='ltr'>Θεοῦ,</span> <span class='ocrx_word' id='word_1_467' title='bbox 3449 3005 3535 3054; x_wconf 84' lang='grc' dir='ltr'>καὶ</span> <span class='ocrx_word' id='word_1_468' title='bbox 3574 3001 3786 3074; x_wconf 77' lang='grc' dir='ltr'><em>ἀγνοῶν</em></span> 
     </span>
    </p>
   </div>
   <div class='ocr_carea' id='block_1_64' title="bbox 404 3068 2064 3164">
    <p class='ocr_par' dir='ltr' id='par_1_64' title="bbox 404 3068 2057 3164">
     <span class='ocr_line' id='line_1_64' title="bbox 404 3068 2057 3164; baseline 0.001 -19"><span class='ocrx_word' id='word_1_469' title='bbox 404 3103 442 3145; x_wconf 88' lang='lat' dir='ltr'>a</span> <span class='ocrx_word' id='word_1_470' title='bbox 470 3068 587 3146; x_wconf 87' lang='lat' dir='ltr'>Deo</span> <span class='ocrx_word' id='word_1_471' title='bbox 617 3068 902 3161; x_wconf 75' lang='lat' dir='ltr'>potestate</span> <span class='ocrx_word' id='word_1_472' title='bbox 931 3104 1038 3156; x_wconf 88' lang='lat' dir='ltr'>;ac</span> <span class='ocrx_word' id='word_1_473' title='bbox 1068 3089 1460 3161; x_wconf 91' lang='lat' dir='ltr'>postmodum</span> <span class='ocrx_word' id='word_1_474' title='bbox 1484 3068 1694 3146; x_wconf 81' lang='lat' dir='ltr'>videns</span> <span class='ocrx_word' id='word_1_475' title='bbox 1715 3092 1845 3163; x_wconf 85' lang='lat' dir='ltr'>jam</span> <span class='ocrx_word' id='word_1_476' title='bbox 1875 3068 2057 3164; x_wconf 72' lang='lat' dir='ltr'>ipsos,</span> 
     </span>
    </p>
   </div>
   <div class='ocr_carea' id='block_1_65' title="bbox 2177 3068 3788 3164">
    <p class='ocr_par' dir='ltr' id='par_1_65' title="bbox 2177 3068 3788 3164">
     <span class='ocr_line' id='line_1_65' title="bbox 2177 3068 3788 3164; baseline 0.007 -32"><span class='ocrx_word' id='word_1_477' title='bbox 2177 3084 2255 3133; x_wconf 82' lang='grc' dir='ltr'>τὸν</span> <span class='ocrx_word' id='word_1_478' title='bbox 2325 3078 2495 3146; x_wconf 77' lang='grc' dir='ltr'>δόλον,</span> <span class='ocrx_word' id='word_1_479' title='bbox 2554 3082 2831 3155; x_wconf 79' lang='grc' dir='ltr'>μεταϐαλεῖ</span> <span class='ocrx_word' id='word_1_480' title='bbox 2886 3090 3007 3146; x_wconf 85' lang='grc' dir='ltr'>τοῦς</span> <span class='ocrx_word' id='word_1_481' title='bbox 3062 3086 3236 3149; x_wconf 81' lang='grc' dir='ltr'>λίθους</span> <span class='ocrx_word' id='word_1_482' title='bbox 3291 3089 3361 3149; x_wconf 78' lang='grc' dir='ltr'>εἰς</span> <span class='ocrx_word' id='word_1_483' title='bbox 3428 3068 3641 3164; x_wconf 75' lang='grc' dir='ltr'>ἄρτους,</span> <span class='ocrx_word' id='word_1_484' title='bbox 3701 3096 3788 3156; x_wconf 84' lang='grc' dir='ltr'>ὡς</span> 
     </span>
    </p>
   </div>
   <div class='ocr_carea' id='block_1_66' title="bbox 401 3178 2061 3250">
    <p class='ocr_par' dir='ltr' id='par_1_66' title="bbox 401 3178 2061 3250">
     <span class='ocr_line' id='line_1_66' title="bbox 401 3178 2061 3250; baseline 0.003 -17"><span class='ocrx_word' id='word_1_485' title='bbox 401 3192 629 3248; x_wconf 84' lang='lat' dir='ltr'>magna</span> <span class='ocrx_word' id='word_1_486' title='bbox 654 3182 937 3235; x_wconf 85' lang='lat' dir='ltr'>attractus</span> <span class='ocrx_word' id='word_1_487' title='bbox 968 3178 1179 3245; x_wconf 89' lang='lat' dir='ltr'>esurie,</span> <span class='ocrx_word' id='word_1_488' title='bbox 1208 3178 1536 3250; x_wconf 90' lang='lat' dir='ltr'>dejiciatur.</span> <span class='ocrx_word' id='word_1_489' title='bbox 1574 3180 1690 3236; x_wconf 89' lang='lat' dir='ltr'>Sed</span> <span class='ocrx_word' id='word_1_490' title='bbox 1739 3197 1861 3238; x_wconf 89' lang='lat' dir='ltr'>non</span> <span class='ocrx_word' id='word_1_491' title='bbox 1893 3182 2061 3238; x_wconf 88' lang='lat' dir='ltr'>latuit</span> 
     </span>
    </p>
   </div>
   <div class='ocr_carea' id='block_1_67' title="bbox 401 3264 2061 3341">
    <p class='ocr_par' dir='ltr' id='par_1_67' title="bbox 401 3264 2061 3341">
     <span class='ocr_line' id='line_1_67' title="bbox 401 3264 2061 3341; baseline 0.003 -18"><span class='ocrx_word' id='word_1_492' title='bbox 401 3264 591 3333; x_wconf 90' lang='lat' dir='ltr'>illum,</span> <span class='ocrx_word' id='word_1_493' title='bbox 652 3267 758 3340; x_wconf 89' lang='lat' dir='ltr'>qui</span> <span class='ocrx_word' id='word_1_494' title='bbox 822 3267 1123 3341; x_wconf 87' lang='lat' dir='ltr'>sapientes</span> <span class='ocrx_word' id='word_1_495' title='bbox 1200 3268 1652 3341; x_wconf 90' lang='lat' dir='ltr'>comprehendit</span> <span class='ocrx_word' id='word_1_496' title='bbox 1726 3270 1785 3326; x_wconf 92' lang='lat' dir='ltr'>in</span> <span class='ocrx_word' id='word_1_497' title='bbox 1846 3271 2061 3328; x_wconf 89' lang='lat' dir='ltr'>astutia</span> 
     </span>
    </p>
   </div>
   <div class='ocr_carea' id='block_1_68' title="bbox 403 3359 624 3414">
    <p class='ocr_par' dir='ltr' id='par_1_68' title="bbox 403 3359 624 3414">
     <span class='ocr_line' id='line_1_68' title="bbox 403 3359 624 3414; baseline 0 -1"><span class='ocrx_word' id='word_1_498' title='bbox 403 3372 515 3414; x_wconf 86' lang='lat' dir='ltr'>sua</span> <span class='ocrx_word' id='word_1_499' title='bbox 553 3359 624 3413; x_wconf 70' lang='grc'>⁸³.</span> 
     </span>
    </p>
   </div>
   <div class='ocr_carea' id='block_1_69' title="bbox 471 3445 2056 3513">
    <p class='ocr_par' dir='ltr' id='par_1_69' title="bbox 471 3445 2056 3513">
     <span class='ocr_line' id='line_1_69' title="bbox 471 3445 2056 3513; baseline 0.002 -12"><span class='ocrx_word' id='word_1_500' title='bbox 471 3446 633 3502; x_wconf 83' lang='lat' dir='ltr'>Vers.</span> <span class='ocrx_word' id='word_1_501' title='bbox 694 3446 746 3500; x_wconf 75' lang='grc'>4.</span> <span class='ocrx_word' id='word_1_502' title='bbox 806 3445 913 3512; x_wconf 80' lang='lat' dir='ltr'>Qui</span> <span class='ocrx_word' id='word_1_503' title='bbox 958 3476 1025 3486; x_wconf 88' lang='lat'><strong>-—</strong></span> <span class='ocrx_word' id='word_1_504' title='bbox 1080 3448 1207 3503; x_wconf 83' lang='lat' dir='ltr'>Dei.</span> <span class='ocrx_word' id='word_1_505' title='bbox 1262 3447 1558 3503; x_wconf 89' lang='lat' dir='ltr'>Intellecta</span> <span class='ocrx_word' id='word_1_506' title='bbox 1609 3447 1767 3503; x_wconf 91' lang='lat' dir='ltr'>illius</span> <span class='ocrx_word' id='word_1_507' title='bbox 1824 3449 2056 3513; x_wconf 87' lang='lat' dir='ltr'>astutia,</span> 
     </span>
    </p>
   </div>
   <div class='ocr_carea' id='block_1_70' title="bbox 403 3534 2058 3606">
    <p class='ocr_par' dir='ltr' id='par_1_70' title="bbox 403 3534 2058 3606">
     <span class='ocr_line' id='line_1_70' title="bbox 403 3534 2058 3606; baseline 0.002 -16"><span class='ocrx_word' id='word_1_508' title='bbox 403 3534 642 3606; x_wconf 85' lang='lat' dir='ltr'>signum</span> <span class='ocrx_word' id='word_1_509' title='bbox 672 3549 794 3590; x_wconf 91' lang='lat' dir='ltr'>non</span> <span class='ocrx_word' id='word_1_510' title='bbox 816 3534 1002 3590; x_wconf 88' lang='lat' dir='ltr'>edidit</span> <span class='ocrx_word' id='word_1_511' title='bbox 1027 3535 1397 3605; x_wconf 91' lang='lat' dir='ltr'>requisitum.</span> <span class='ocrx_word' id='word_1_512' title='bbox 1425 3538 1571 3590; x_wconf 86' lang='lat' dir='ltr'>Nam</span> <span class='ocrx_word' id='word_1_513' title='bbox 1595 3537 1765 3605; x_wconf 89' lang='lat' dir='ltr'>signa</span> <span class='ocrx_word' id='word_1_514' title='bbox 1791 3536 1869 3591; x_wconf 87' lang='lat' dir='ltr'>ad</span> <span class='ocrx_word' id='word_1_515' title='bbox 1898 3553 2058 3593; x_wconf 89' lang='lat' dir='ltr'>com-</span> 
     </span>
    </p>
   </div>
   <div class='ocr_carea' id='block_1_71' title="bbox 400 3623 2057 3682">
    <p class='ocr_par' dir='ltr' id='par_1_71' title="bbox 400 3623 2057 3682">
     <span class='ocr_line' id='line_1_71' title="bbox 400 3623 2057 3682; baseline 0.003 -6"><span class='ocrx_word' id='word_1_516' title='bbox 400 3624 644 3678; x_wconf 90' lang='lat' dir='ltr'>modum</span> <span class='ocrx_word' id='word_1_517' title='bbox 697 3623 1056 3677; x_wconf 88' lang='lat' dir='ltr'>intuentium</span> <span class='ocrx_word' id='word_1_518' title='bbox 1088 3624 1213 3678; x_wconf 84' lang='lat' dir='ltr'>ﬁeri</span> <span class='ocrx_word' id='word_1_519' title='bbox 1269 3630 1702 3680; x_wconf 84' lang='lat' dir='ltr'>consueverunt</span> <span class='ocrx_word' id='word_1_520' title='bbox 1745 3625 2057 3682; x_wconf 86' lang='lat' dir='ltr'>:diabolus</span> 
     </span>
    </p>
   </div>
   <div class='ocr_carea' id='block_1_72' title="bbox 402 3709 2055 3770">
    <p class='ocr_par' dir='ltr' id='par_1_72' title="bbox 402 3709 2055 3770">
     <span class='ocr_line' id='line_1_72' title="bbox 402 3709 2055 3770; baseline 0.002 -4"><span class='ocrx_word' id='word_1_521' title='bbox 402 3715 601 3767; x_wconf 89' lang='lat' dir='ltr'>autem</span> <span class='ocrx_word' id='word_1_522' title='bbox 619 3709 850 3765; x_wconf 87' lang='lat' dir='ltr'>nullam</span> <span class='ocrx_word' id='word_1_523' title='bbox 873 3710 1012 3765; x_wconf 89' lang='lat' dir='ltr'>inde</span> <span class='ocrx_word' id='word_1_524' title='bbox 1035 3710 1326 3767; x_wconf 89' lang='lat' dir='ltr'>relaturus</span> <span class='ocrx_word' id='word_1_525' title='bbox 1345 3718 1469 3768; x_wconf 88' lang='lat' dir='ltr'>erat</span> <span class='ocrx_word' id='word_1_526' title='bbox 1486 3714 1815 3769; x_wconf 86' lang='lat' dir='ltr'>utilitatem.</span> <span class='ocrx_word' id='word_1_527' title='bbox 1842 3716 2055 3770; x_wconf 81' lang='lat' dir='ltr'>Etenim</span> 
     </span>
    </p>
   </div>
   <div class='ocr_carea' id='block_1_73' title="bbox 400 3798 2056 3872">
    <p class='ocr_par' dir='ltr' id='par_1_73' title="bbox 400 3798 2056 3872">
     <span class='ocr_line' id='line_1_73' title="bbox 400 3798 2056 3872; baseline 0.002 -17"><span class='ocrx_word' id='word_1_528' title='bbox 400 3812 596 3869; x_wconf 85' lang='lat' dir='ltr'>neque</span> <span class='ocrx_word' id='word_1_529' title='bbox 646 3798 790 3854; x_wconf 87' lang='lat' dir='ltr'>visis</span> <span class='ocrx_word' id='word_1_530' title='bbox 821 3800 1211 3869; x_wconf 87' lang='lat' dir='ltr'>postmodum</span> <span class='ocrx_word' id='word_1_531' title='bbox 1241 3801 1524 3856; x_wconf 90' lang='lat' dir='ltr'>omnibus</span> <span class='ocrx_word' id='word_1_532' title='bbox 1557 3818 1690 3872; x_wconf 66' lang='lat' dir='ltr'>qua:</span> <span class='ocrx_word' id='word_1_533' title='bbox 1722 3802 1856 3859; x_wconf 86' lang='lat' dir='ltr'>fecit</span> <span class='ocrx_word' id='word_1_534' title='bbox 1901 3805 2056 3859; x_wconf 88' lang='lat' dir='ltr'>Chri-</span> 
     </span>
    </p>
   </div>
   <div class='ocr_carea' id='block_1_74' title="bbox 402 3886 2052 3964">
    <p class='ocr_par' dir='ltr' id='par_1_74' title="bbox 402 3886 2052 3964">
     <span class='ocr_line' id='line_1_74' title="bbox 402 3886 2052 3964; baseline 0.005 -23"><span class='ocrx_word' id='word_1_535' title='bbox 402 3890 549 3950; x_wconf 87' lang='lat' dir='ltr'>stus,</span> <span class='ocrx_word' id='word_1_536' title='bbox 576 3886 636 3941; x_wconf 91' lang='lat' dir='ltr'>in</span> <span class='ocrx_word' id='word_1_537' title='bbox 662 3886 863 3958; x_wconf 88' lang='lat' dir='ltr'>aliquo</span> <span class='ocrx_word' id='word_1_538' title='bbox 891 3892 1153 3944; x_wconf 88' lang='lat' dir='ltr'>mutatus</span> <span class='ocrx_word' id='word_1_539' title='bbox 1176 3894 1283 3945; x_wconf 90' lang='lat' dir='ltr'>est.</span> <span class='ocrx_word' id='word_1_540' title='bbox 1314 3888 1430 3945; x_wconf 88' lang='lat' dir='ltr'>Sed</span> <span class='ocrx_word' id='word_1_541' title='bbox 1452 3890 1529 3946; x_wconf 90' lang='lat' dir='ltr'>ad</span> <span class='ocrx_word' id='word_1_542' title='bbox 1551 3892 1840 3947; x_wconf 86' lang='lat' dir='ltr'>occultam</span> <span class='ocrx_word' id='word_1_543' title='bbox 1859 3892 2052 3964; x_wconf 89' lang='lat' dir='ltr'>ipsius</span> 
     </span>
    </p>
   </div>
   <div class='ocr_carea' id='block_1_75' title="bbox 399 3975 2053 4048">
    <p class='ocr_par' dir='ltr' id='par_1_75' title="bbox 399 3975 2053 4048">
     <span class='ocr_line' id='line_1_75' title="bbox 399 3975 2053 4048; baseline 0.005 -18"><span class='ocrx_word' id='word_1_544' title='bbox 399 3975 719 4048; x_wconf 88' lang='lat' dir='ltr'>respondet</span> <span class='ocrx_word' id='word_1_545' title='bbox 748 3976 1181 4047; x_wconf 89' lang='lat' dir='ltr'>cogitationem,</span> <span class='ocrx_word' id='word_1_546' title='bbox 1212 3983 1267 4034; x_wconf 90' lang='lat' dir='ltr'>et</span> <span class='ocrx_word' id='word_1_547' title='bbox 1290 3996 1361 4035; x_wconf 84' lang='lat' dir='ltr'>ex</span> <span class='ocrx_word' id='word_1_548' title='bbox 1385 3979 1519 4035; x_wconf 88' lang='lat' dir='ltr'>libri</span> <span class='ocrx_word' id='word_1_549' title='bbox 1548 3983 1982 4039; x_wconf 87' lang='lat' dir='ltr'>Deuteronomii</span> <span class='ocrx_word' id='word_1_550' title='bbox 2007 3986 2053 4020; x_wconf 68' lang='grc'>⁸⁸</span> 
     </span>
    </p>
   </div>
   <div class='ocr_carea' id='block_1_76' title="bbox 401 4065 2053 4140">
    <p class='ocr_par' dir='ltr' id='par_1_76' title="bbox 401 4065 2053 4140">
     <span class='ocr_line' id='line_1_76' title="bbox 401 4065 2053 4140; baseline 0.007 -20"><span class='ocrx_word' id='word_1_551' title='bbox 401 4065 703 4138; x_wconf 89' lang='lat' dir='ltr'>Scriptura</span> <span class='ocrx_word' id='word_1_552' title='bbox 736 4065 789 4122; x_wconf 91' lang='lat' dir='ltr'>ei</span> <span class='ocrx_word' id='word_1_553' title='bbox 828 4066 1131 4123; x_wconf 90' lang='lat' dir='ltr'>silentium</span> <span class='ocrx_word' id='word_1_554' title='bbox 1157 4069 1428 4140; x_wconf 90' lang='lat' dir='ltr'>imponit.</span> <span class='ocrx_word' id='word_1_555' title='bbox 1461 4071 1542 4124; x_wconf 85' lang='lat' dir='ltr'>Ac</span> <span class='ocrx_word' id='word_1_556' title='bbox 1584 4070 1630 4125; x_wconf 93' lang='lat' dir='ltr'>si</span> <span class='ocrx_word' id='word_1_557' title='bbox 1668 4070 1886 4129; x_wconf 90' lang='lat' dir='ltr'>diceret</span> <span class='ocrx_word' id='word_1_558' title='bbox 1921 4090 1931 4127; x_wconf 92' lang='lat'>:</span> <span class='ocrx_word' id='word_1_559' title='bbox 1966 4075 2053 4131; x_wconf 82' lang='lat' dir='ltr'>Ad</span> 
     </span>
    </p>
   </div>
   <div class='ocr_carea' id='block_1_77' title="bbox 398 4153 2054 4235">
    <p class='ocr_par' dir='ltr' id='par_1_77' title="bbox 398 4153 2054 4235">
     <span class='ocr_line' id='line_1_77' title="bbox 398 4153 2054 4235; baseline 0.007 -26"><span class='ocrx_word' id='word_1_560' title='bbox 398 4153 546 4227; x_wconf 90' lang='lat' dir='ltr'>quid</span> <span class='ocrx_word' id='word_1_561' title='bbox 576 4153 721 4210; x_wconf 90' lang='lat' dir='ltr'>mihi</span> <span class='ocrx_word' id='word_1_562' title='bbox 747 4171 901 4227; x_wconf 92' lang='lat' dir='ltr'>opus</span> <span class='ocrx_word' id='word_1_563' title='bbox 928 4160 1015 4212; x_wconf 89' lang='lat' dir='ltr'>est</span> <span class='ocrx_word' id='word_1_564' title='bbox 1040 4172 1226 4229; x_wconf 89' lang='lat' dir='ltr'>panes</span> <span class='ocrx_word' id='word_1_565' title='bbox 1256 4174 1327 4213; x_wconf 84' lang='lat' dir='ltr'>ex</span> <span class='ocrx_word' id='word_1_566' title='bbox 1357 4158 1659 4230; x_wconf 88' lang='lat' dir='ltr'>lapidibus</span> <span class='ocrx_word' id='word_1_567' title='bbox 1674 4159 1887 4227; x_wconf 84' lang='lat' dir='ltr'>facere,</span> <span class='ocrx_word' id='word_1_568' title='bbox 1918 4179 2054 4235; x_wconf 90' lang='lat' dir='ltr'>pro-</span> 
     </span>
    </p>
   </div>
   <div class='ocr_carea' id='block_1_78' title="bbox 396 4244 2053 4318">
    <p class='ocr_par' dir='ltr' id='par_1_78' title="bbox 396 4244 2053 4318">
     <span class='ocr_line' id='line_1_78' title="bbox 396 4244 2053 4318; baseline 0.007 -19"><span class='ocrx_word' id='word_1_569' title='bbox 396 4250 529 4318; x_wconf 89' lang='lat' dir='ltr'>pter</span> <span class='ocrx_word' id='word_1_570' title='bbox 552 4244 775 4302; x_wconf 83' lang='lat' dir='ltr'>famem</span> <span class='ocrx_word' id='word_1_571' title='bbox 801 4261 934 4318; x_wconf 67' lang='lat' dir='ltr'>quaa</span> <span class='ocrx_word' id='word_1_572' title='bbox 958 4263 1052 4303; x_wconf 91' lang='lat' dir='ltr'>me</span> <span class='ocrx_word' id='word_1_573' title='bbox 1068 4253 1255 4317; x_wconf 86' lang='lat' dir='ltr'>urget.</span> <span class='ocrx_word' id='word_1_574' title='bbox 1283 4248 1471 4304; x_wconf 89' lang='lat' dir='ltr'>Utillis</span> <span class='ocrx_word' id='word_1_575' title='bbox 1484 4249 1621 4304; x_wconf 85' lang='lat' dir='ltr'>visis</span> <span class='ocrx_word' id='word_1_576' title='bbox 1639 4250 1859 4307; x_wconf 86' lang='lat' dir='ltr'>alliciar</span> <span class='ocrx_word' id='word_1_577' title='bbox 1879 4255 2053 4310; x_wconf 82' lang='lat' dir='ltr'>esca?</span> 
     </span>
    </p>
   </div>
   <div class='ocr_carea' id='block_1_79' title="bbox 394 4333 2049 4413">
    <p class='ocr_par' dir='ltr' id='par_1_79' title="bbox 394 4333 2049 4413">
     <span class='ocr_line' id='line_1_79' title="bbox 394 4333 2049 4413; baseline 0.006 -24"><span class='ocrx_word' id='word_1_578' title='bbox 394 4333 572 4406; x_wconf 85' lang='lat' dir='ltr'>Atqui</span> <span class='ocrx_word' id='word_1_579' title='bbox 602 4350 729 4391; x_wconf 88' lang='lat' dir='ltr'>non</span> <span class='ocrx_word' id='word_1_580' title='bbox 763 4334 887 4391; x_wconf 87' lang='lat' dir='ltr'>solo</span> <span class='ocrx_word' id='word_1_581' title='bbox 919 4352 1073 4407; x_wconf 90' lang='lat' dir='ltr'>pane</span> <span class='ocrx_word' id='word_1_582' title='bbox 1095 4336 1406 4393; x_wconf 84' lang='lat' dir='ltr'>hominum</span> <span class='ocrx_word' id='word_1_583' title='bbox 1435 4338 1551 4395; x_wconf 89' lang='lat' dir='ltr'>vita</span> <span class='ocrx_word' id='word_1_584' title='bbox 1577 4339 1796 4396; x_wconf 89' lang='lat' dir='ltr'>servari</span> <span class='ocrx_word' id='word_1_585' title='bbox 1834 4347 2049 4413; x_wconf 90' lang='lat' dir='ltr'>potest.</span> 
     </span>
    </p>
   </div>
   <div class='ocr_carea' id='block_1_80' title="bbox 399 4415 2064 4502">
    <p class='ocr_par' dir='ltr' id='par_1_80' title="bbox 399 4423 2049 4502">
     <span class='ocr_line' id='line_1_80' title="bbox 399 4423 2049 4502; baseline 0.005 -23"><span class='ocrx_word' id='word_1_586' title='bbox 399 4423 506 4480; x_wconf 85' lang='lat' dir='ltr'>sed</span> <span class='ocrx_word' id='word_1_587' title='bbox 545 4428 602 4479; x_wconf 89' lang='lat' dir='ltr'>et</span> <span class='ocrx_word' id='word_1_588' title='bbox 644 4424 759 4481; x_wconf 92' lang='lat' dir='ltr'>alio</span> <span class='ocrx_word' id='word_1_589' title='bbox 791 4431 1077 4497; x_wconf 63' lang='lat' dir='ltr'>praeterea</span> <span class='ocrx_word' id='word_1_590' title='bbox 1108 4426 1221 4482; x_wconf 87' lang='lat' dir='ltr'>cibi</span> <span class='ocrx_word' id='word_1_591' title='bbox 1266 4442 1499 4497; x_wconf 91' lang='lat' dir='ltr'>genere.</span> <span class='ocrx_word' id='word_1_592' title='bbox 1534 4430 1721 4485; x_wconf 91' lang='lat' dir='ltr'>Omne</span> <span class='ocrx_word' id='word_1_593' title='bbox 1755 4430 2049 4502; x_wconf 89' lang='lat' dir='ltr'>siquidem</span> 
     </span>
    </p>
   </div>
   <div class='ocr_carea' id='block_1_81' title="bbox 2177 4415 3285 4502">
    <p class='ocr_par' dir='ltr' id='par_1_81' title="bbox 2177 4415 3285 4489">
     <span class='ocr_line' id='line_1_81' title="bbox 2177 4415 3285 4489; baseline 0.006 -24"><span class='ocrx_word' id='word_1_594' title='bbox 2177 4433 2223 4466; x_wconf 82' lang='grc' dir='ltr'>ιε</span> <span class='ocrx_word' id='word_1_595' title='bbox 2272 4419 2468 4485; x_wconf 84' lang='grc' dir='ltr'>πείναν,</span> <span class='ocrx_word' id='word_1_596' title='bbox 2524 4417 2605 4469; x_wconf 81' lang='grc' dir='ltr'>ἶνα</span> <span class='ocrx_word' id='word_1_597' title='bbox 2672 4422 2921 4489; x_wconf 77' lang='grc' dir='ltr'>φανέντων</span> <span class='ocrx_word' id='word_1_598' title='bbox 2975 4415 3285 4487; x_wconf 82' lang='grc' dir='ltr'>δελεασθώ;</span> 
     </span>
    </p>
   </div>
   <div class='ocr_carea' id='block_1_82' title="bbox 396 4512 2049 4591">
    <p class='ocr_par' dir='ltr' id='par_1_82' title="bbox 396 4512 2049 4591">
     <span class='ocr_line' id='line_1_82' title="bbox 396 4512 2049 4591; baseline 0.006 -24"><span class='ocrx_word' id='word_1_599' title='bbox 396 4512 648 4568; x_wconf 90' lang='lat' dir='ltr'>verbum</span> <span class='ocrx_word' id='word_1_600' title='bbox 683 4514 755 4570; x_wconf 90' lang='lat' dir='ltr'>ab</span> <span class='ocrx_word' id='word_1_601' title='bbox 784 4530 885 4570; x_wconf 90' lang='lat' dir='ltr'>ore</span> <span class='ocrx_word' id='word_1_602' title='bbox 941 4515 1041 4570; x_wconf 91' lang='lat' dir='ltr'>Dei</span> <span class='ocrx_word' id='word_1_603' title='bbox 1085 4516 1397 4586; x_wconf 87' lang='lat' dir='ltr'>egrediens</span> <span class='ocrx_word' id='word_1_604' title='bbox 1440 4516 1519 4573; x_wconf 91' lang='lat' dir='ltr'>ad</span> <span class='ocrx_word' id='word_1_605' title='bbox 1571 4534 1710 4573; x_wconf 88' lang='lat' dir='ltr'>eum</span> <span class='ocrx_word' id='word_1_606' title='bbox 1757 4521 1860 4591; x_wconf 89' lang='lat' dir='ltr'>qui</span> <span class='ocrx_word' id='word_1_607' title='bbox 1890 4521 2049 4577; x_wconf 78' lang='lat' dir='ltr'>tame</span> 
     </span>
    </p>
   </div>
   <div class='ocr_carea' id='block_1_83' title="bbox 395 4600 2052 4678">
    <p class='ocr_par' dir='ltr' id='par_1_83' title="bbox 395 4600 2052 4678">
     <span class='ocr_line' id='line_1_83' title="bbox 395 4600 2052 4678; baseline 0.007 -23"><span class='ocrx_word' id='word_1_608' title='bbox 395 4600 703 4671; x_wconf 85' lang='lat' dir='ltr'>premitur,</span> <span class='ocrx_word' id='word_1_609' title='bbox 737 4602 865 4658; x_wconf 92' lang='lat' dir='ltr'>loco</span> <span class='ocrx_word' id='word_1_610' title='bbox 897 4602 1014 4659; x_wconf 89' lang='lat' dir='ltr'>cibi</span> <span class='ocrx_word' id='word_1_611' title='bbox 1044 4605 1230 4661; x_wconf 90' lang='lat' dir='ltr'>vitam</span> <span class='ocrx_word' id='word_1_612' title='bbox 1275 4606 1405 4676; x_wconf 82' lang='lat' dir='ltr'>ejus</span> <span class='ocrx_word' id='word_1_613' title='bbox 1448 4606 1720 4678; x_wconf 91' lang='lat' dir='ltr'>sustinet,</span> <span class='ocrx_word' id='word_1_614' title='bbox 1754 4615 1806 4663; x_wconf 90' lang='lat' dir='ltr'>et</span> <span class='ocrx_word' id='word_1_615' title='bbox 1836 4609 2052 4667; x_wconf 75' lang='lat' dir='ltr'>sufﬁcit</span> 
     </span>
    </p>
   </div>
   <div class='ocr_carea' id='block_1_84' title="bbox 396 4687 2049 4765">
    <p class='ocr_par' dir='ltr' id='par_1_84' title="bbox 396 4687 2049 4765">
     <span class='ocr_line' id='line_1_84' title="bbox 396 4687 2049 4765; baseline 0.006 -20"><span class='ocrx_word' id='word_1_616' title='bbox 396 4687 472 4745; x_wconf 91' lang='lat' dir='ltr'>ei.</span> <span class='ocrx_word' id='word_1_617' title='bbox 504 4688 591 4744; x_wconf 91' lang='lat' dir='ltr'>Ita</span> <span class='ocrx_word' id='word_1_618' title='bbox 619 4704 761 4744; x_wconf 89' lang='lat' dir='ltr'>sane</span> <span class='ocrx_word' id='word_1_619' title='bbox 793 4691 1223 4763; x_wconf 64' lang='lat' dir='ltr'>gastrimargim</span> <span class='ocrx_word' id='word_1_620' title='bbox 1250 4693 1456 4750; x_wconf 92' lang='lat' dir='ltr'>dolum</span> <span class='ocrx_word' id='word_1_621' title='bbox 1497 4694 1946 4765; x_wconf 89' lang='lat' dir='ltr'>longanimitate</span> <span class='ocrx_word' id='word_1_622' title='bbox 1978 4714 2049 4755; x_wconf 92' lang='lat' dir='ltr'>ac</span> 
     </span>
    </p>
   </div>
   <div class='ocr_carea' id='block_1_85' title="bbox 394 4774 2048 4857">
    <p class='ocr_par' dir='ltr' id='par_1_85' title="bbox 394 4774 2048 4857">
     <span class='ocr_line' id='line_1_85' title="bbox 394 4774 2048 4857; baseline 0.007 -22"><span class='ocrx_word' id='word_1_623' title='bbox 394 4774 702 4835; x_wconf 89' lang='lat' dir='ltr'>tolerantia</span> <span class='ocrx_word' id='word_1_624' title='bbox 724 4777 957 4851; x_wconf 89' lang='lat' dir='ltr'>repulit.</span> <span class='ocrx_word' id='word_1_625' title='bbox 984 4778 1438 4839; x_wconf 87' lang='lat' dir='ltr'>Observandum</span> <span class='ocrx_word' id='word_1_626' title='bbox 1454 4783 1525 4857; x_wconf 70' lang='grc' dir='ltr'>(ε)</span> <span class='ocrx_word' id='word_1_627' title='bbox 1554 4800 1689 4842; x_wconf 84' lang='lat' dir='ltr'>vero</span> <span class='ocrx_word' id='word_1_628' title='bbox 1711 4787 2048 4845; x_wconf 84' lang='lat' dir='ltr'>Matthaeum</span> 
     </span>
    </p>
   </div>
   <div class='ocr_carea' id='block_1_86' title="bbox 467 4945 1306 5019">
    <p class='ocr_par' dir='ltr' id='par_1_86' title="bbox 467 4945 1306 5019">
     <span class='ocr_line' id='line_1_86' title="bbox 467 4945 1306 5019; baseline 0.005 -15"><span class='ocrx_word' id='word_1_629' title='bbox 467 4945 512 4982; x_wconf 74' lang='grc'>⁸³</span> <span class='ocrx_word' id='word_1_630' title='bbox 542 4946 711 5005; x_wconf 85' lang='lat' dir='ltr'>Marc.</span> <span class='ocrx_word' id='word_1_631' title='bbox 743 4961 782 5014; x_wconf 83' lang='lat'>1,</span> <span class='ocrx_word' id='word_1_632' title='bbox 816 4946 882 5005; x_wconf 81' lang='grc'>13</span> <span class='ocrx_word' id='word_1_633' title='bbox 916 4966 929 5019; x_wconf 86' lang='grc'><strong>;</strong></span> <span class='ocrx_word' id='word_1_634' title='bbox 972 4947 1108 5004; x_wconf 91' lang='lat' dir='ltr'>Luc.</span> <span class='ocrx_word' id='word_1_635' title='bbox 1143 4964 1220 5019; x_wconf 83' lang='lat' dir='ltr'>vi,</span> <span class='ocrx_word' id='word_1_636' title='bbox 1252 4952 1306 5009; x_wconf 85' lang='lat'>2.</span> 
     </span>
    </p>
   </div>
   <div class='ocr_carea' id='block_1_87' title="bbox 2171 3169 3785 3249">
    <p class='ocr_par' dir='ltr' id='par_1_87' title="bbox 2171 3169 3785 3249">
     <span class='ocr_line' id='line_1_87' title="bbox 2171 3169 3785 3249; baseline 0.007 -28"><span class='ocrx_word' id='word_1_637' title='bbox 2171 3172 2307 3242; x_wconf 75' lang='grc' dir='ltr'>ἔχων</span> <span class='ocrx_word' id='word_1_638' title='bbox 2362 3170 2415 3223; x_wconf 75' lang='grc' dir='ltr'>ἐκ</span> <span class='ocrx_word' id='word_1_639' title='bbox 2469 3179 2601 3225; x_wconf 81' lang='grc' dir='ltr'>Θεοῦ</span> <span class='ocrx_word' id='word_1_640' title='bbox 2661 3169 2903 3246; x_wconf 79' lang='grc' dir='ltr'>δύναμιν,</span> <span class='ocrx_word' id='word_1_641' title='bbox 2964 3179 3051 3227; x_wconf 85' lang='grc' dir='ltr'>καὶ</span> <span class='ocrx_word' id='word_1_642' title='bbox 3121 3176 3317 3245; x_wconf 85' lang='grc' dir='ltr'>λοιπὸν,</span> <span class='ocrx_word' id='word_1_643' title='bbox 3370 3174 3497 3231; x_wconf 77' lang='grc' dir='ltr'>ἰδὼν</span> <span class='ocrx_word' id='word_1_644' title='bbox 3557 3179 3785 3249; x_wconf 72' lang='grc' dir='ltr'>αὐτοὺς,</span> 
     </span>
    </p>
   </div>
   <div class='ocr_carea' id='block_1_88' title="bbox 2168 3261 3789 3341">
    <p class='ocr_par' dir='ltr' id='par_1_88' title="bbox 2168 3261 3789 3341">
     <span class='ocr_line' id='line_1_88' title="bbox 2168 3261 3789 3341; baseline 0.007 -31"><span class='ocrx_word' id='word_1_645' title='bbox 2168 3261 2302 3311; x_wconf 83' lang='grc' dir='ltr'>πάνυ</span> <span class='ocrx_word' id='word_1_646' title='bbox 2352 3269 2533 3312; x_wconf 80' lang='grc' dir='ltr'>πεινῶν</span> <span class='ocrx_word' id='word_1_647' title='bbox 2604 3263 2957 3321; x_wconf 77' lang='grc' dir='ltr'>ἡττηθήσεται</span> <span class='ocrx_word' id='word_1_648' title='bbox 3034 3272 3125 3337; x_wconf 77' lang='grc' dir='ltr'>τῇς</span> <span class='ocrx_word' id='word_1_649' title='bbox 3183 3270 3415 3341; x_wconf 83' lang='grc' dir='ltr'>γαστρός</span> <span class='ocrx_word' id='word_1_650' title='bbox 3454 3286 3467 3299; x_wconf 90' lang='grc'><strong>·</strong></span> <span class='ocrx_word' id='word_1_651' title='bbox 3511 3266 3617 3320; x_wconf 84' lang='grc' dir='ltr'>ἀλλ’</span> <span class='ocrx_word' id='word_1_652' title='bbox 3673 3270 3789 3322; x_wconf 73' lang='grc' dir='ltr'>οὐκ</span> 
     </span>
    </p>
   </div>
   <div class='ocr_carea' id='block_1_89' title="bbox 2167 3346 3791 3434">
    <p class='ocr_par' dir='ltr' id='par_1_89' title="bbox 2167 3346 3791 3434">
     <span class='ocr_line' id='line_1_89' title="bbox 2167 3346 3791 3434; baseline 0.007 -35"><span class='ocrx_word' id='word_1_653' title='bbox 2167 3346 2315 3401; x_wconf 79' lang='grc' dir='ltr'>ἔλαθε</span> <span class='ocrx_word' id='word_1_654' title='bbox 2356 3352 2442 3400; x_wconf 85' lang='grc' dir='ltr'>τὸν</span> <span class='ocrx_word' id='word_1_655' title='bbox 2488 3346 2842 3422; x_wconf 77' lang='grc' dir='ltr'>δρασσόμενον</span> <span class='ocrx_word' id='word_1_656' title='bbox 2892 3355 3010 3414; x_wconf 77' lang='grc' dir='ltr'>τοὺς</span> <span class='ocrx_word' id='word_1_657' title='bbox 3063 3356 3247 3426; x_wconf 73' lang='grc' dir='ltr'>σοφούς</span> <span class='ocrx_word' id='word_1_658' title='bbox 3288 3354 3337 3407; x_wconf 81' lang='grc' dir='ltr'><em>ἐν</em></span> <span class='ocrx_word' id='word_1_659' title='bbox 3378 3364 3440 3429; x_wconf 75' lang='grc' dir='ltr'>τῇ</span> <span class='ocrx_word' id='word_1_660' title='bbox 3472 3364 3791 3434; x_wconf 78' lang='grc' dir='ltr'>πανουργίᾳ</span> 
     </span>
    </p>
   </div>
   <div class='ocr_carea' id='block_1_90' title="bbox 2169 3436 2357 3491">
    <p class='ocr_par' dir='ltr' id='par_1_90' title="bbox 2169 3436 2357 3491">
     <span class='ocr_line' id='line_1_90' title="bbox 2169 3436 2357 3491; baseline 0.016 -3"><span class='ocrx_word' id='word_1_661' title='bbox 2169 3436 2357 3491; x_wconf 74' lang='grc' dir='ltr'>αὐτῶν.</span> 
     </span>
    </p>
   </div>
   <div class='ocr_carea' id='block_1_91' title="bbox 2238 3522 3791 3612">
    <p class='ocr_par' dir='ltr' id='par_1_91' title="bbox 2238 3522 3791 3612">
     <span class='ocr_line' id='line_1_91' title="bbox 2238 3522 3791 3612; baseline 0.008 -35"><span class='ocrx_word' id='word_1_662' title='bbox 2238 3523 2295 3577; x_wconf 79' lang='grc' dir='ltr'><strong><em>Ὀ</em></strong></span> <span class='ocrx_word' id='word_1_663' title='bbox 2354 3522 2412 3578; x_wconf 73' lang='grc' dir='ltr'>δε</span> <span class='ocrx_word' id='word_1_664' title='bbox 2472 3525 2772 3602; x_wconf 79' lang='grc' dir='ltr'>ἀποκριθεὶς</span> <span class='ocrx_word' id='word_1_665' title='bbox 2820 3560 2889 3569; x_wconf 92' lang='grc'><strong><em>-</em></strong></span> <span class='ocrx_word' id='word_1_666' title='bbox 2938 3537 3093 3586; x_wconf 81' lang='grc' dir='ltr'>Θεοῦ.</span> <span class='ocrx_word' id='word_1_667' title='bbox 3153 3537 3325 3594; x_wconf 85' lang='grc' dir='ltr'>Συνεὶς</span> <span class='ocrx_word' id='word_1_668' title='bbox 3382 3538 3476 3592; x_wconf 79' lang='grc' dir='ltr'>τὴν</span> <span class='ocrx_word' id='word_1_669' title='bbox 3542 3555 3791 3612; x_wconf 78' lang='grc' dir='ltr'>πανουρ-</span> 
     </span>
    </p>
   </div>
   <div class='ocr_carea' id='block_1_92' title="bbox 2166 3615 3790 3693">
    <p class='ocr_par' dir='ltr' id='par_1_92' title="bbox 2166 3615 3790 3693">
     <span class='ocr_line' id='line_1_92' title="bbox 2166 3615 3790 3693; baseline 0.008 -28"><span class='ocrx_word' id='word_1_670' title='bbox 2166 3619 2285 3685; x_wconf 91' lang='grc' dir='ltr'>γίαν</span> <span class='ocrx_word' id='word_1_671' title='bbox 2317 3615 2498 3682; x_wconf 68' lang='grc' dir='ltr'>αὐτοῦ,</span> <span class='ocrx_word' id='word_1_672' title='bbox 2529 3620 2585 3669; x_wconf 86' lang='grc' dir='ltr'>τὸ</span> <span class='ocrx_word' id='word_1_673' title='bbox 2616 3619 2705 3688; x_wconf 75' lang='grc' dir='ltr'>μὲν</span> <span class='ocrx_word' id='word_1_674' title='bbox 2751 3616 3060 3679; x_wconf 79' lang='grc' dir='ltr'>ἐπιζητηθεν</span> <span class='ocrx_word' id='word_1_675' title='bbox 3104 3629 3317 3693; x_wconf 84' lang='grc' dir='ltr'>σημεῖον</span> <span class='ocrx_word' id='word_1_676' title='bbox 3360 3622 3452 3675; x_wconf 83' lang='grc' dir='ltr'>ούκ</span> <span class='ocrx_word' id='word_1_677' title='bbox 3502 3623 3729 3682; x_wconf 75' lang='grc' dir='ltr'>ἐποίησε</span> <span class='ocrx_word' id='word_1_678' title='bbox 3774 3649 3790 3662; x_wconf 87' lang='grc'><strong>·</strong></span> 
     </span>
    </p>
   </div>
   <div class='ocr_carea' id='block_1_93' title="bbox 2170 3700 3792 3786">
    <p class='ocr_par' dir='ltr' id='par_1_93' title="bbox 2170 3700 3792 3786">
     <span class='ocr_line' id='line_1_93' title="bbox 2170 3700 3792 3786; baseline 0.009 -32"><span class='ocrx_word' id='word_1_679' title='bbox 2170 3700 2311 3755; x_wconf 81' lang='grc' dir='ltr'>διότι</span> <span class='ocrx_word' id='word_1_680' title='bbox 2366 3706 2430 3756; x_wconf 82' lang='grc' dir='ltr'>τὰ</span> <span class='ocrx_word' id='word_1_681' title='bbox 2490 3714 2682 3777; x_wconf 89' lang='grc' dir='ltr'>σημεῖα</span> <span class='ocrx_word' id='word_1_682' title='bbox 2751 3702 2823 3758; x_wconf 79' lang='grc' dir='ltr'>δι’</span> <span class='ocrx_word' id='word_1_683' title='bbox 2890 3708 3127 3778; x_wconf 75' lang='grc' dir='ltr'>ὠφέλειαν</span> <span class='ocrx_word' id='word_1_684' title='bbox 3177 3719 3275 3762; x_wconf 86' lang='grc' dir='ltr'>τῶν</span> <span class='ocrx_word' id='word_1_685' title='bbox 3333 3713 3562 3786; x_wconf 82' lang='grc' dir='ltr'>ὁρώντων</span> <span class='ocrx_word' id='word_1_686' title='bbox 3623 3716 3792 3768; x_wconf 84' lang='grc' dir='ltr'>εἰωθε</span> 
     </span>
    </p>
   </div>
   <div class='ocr_carea' id='block_1_94' title="bbox 2163 3790 3794 3875">
    <p class='ocr_par' dir='ltr' id='par_1_94' title="bbox 2163 3790 3794 3875">
     <span class='ocr_line' id='line_1_94' title="bbox 2163 3790 3794 3875; baseline 0.009 -32"><span class='ocrx_word' id='word_1_687' title='bbox 2163 3794 2420 3863; x_wconf 79' lang='grc' dir='ltr'>γίνεσθαι,</span> <span class='ocrx_word' id='word_1_688' title='bbox 2469 3796 2493 3845; x_wconf 87' lang='grc' dir='ltr'><strong>ὁ</strong></span> <span class='ocrx_word' id='word_1_689' title='bbox 2545 3790 2602 3846; x_wconf 75' lang='grc' dir='ltr'>δὲ</span> <span class='ocrx_word' id='word_1_690' title='bbox 2635 3791 2871 3856; x_wconf 77' lang='grc' dir='ltr'>διάϐολος</span> <span class='ocrx_word' id='word_1_691' title='bbox 2915 3793 3065 3849; x_wconf 75' lang='grc' dir='ltr'>οῦδὲν</span> <span class='ocrx_word' id='word_1_692' title='bbox 3119 3798 3313 3871; x_wconf 80' lang='grc' dir='ltr'>ἔμελλεν</span> <span class='ocrx_word' id='word_1_693' title='bbox 3367 3799 3591 3854; x_wconf 77' lang='grc' dir='ltr'>ἐντεῦθεν</span> <span class='ocrx_word' id='word_1_694' title='bbox 3641 3809 3794 3875; x_wconf 58' lang='grc' dir='ltr'>ωερε-</span> 
     </span>
    </p>
   </div>
   <div class='ocr_carea' id='block_1_95' title="bbox 2164 3880 3791 3959">
    <p class='ocr_par' dir='ltr' id='par_1_95' title="bbox 2164 3880 3791 3959">
     <span class='ocr_line' id='line_1_95' title="bbox 2164 3880 3791 3959; baseline 0.007 -27"><span class='ocrx_word' id='word_1_695' title='bbox 2164 3880 2385 3940; x_wconf 83' lang='grc' dir='ltr'>ληθῆναι</span> <span class='ocrx_word' id='word_1_696' title='bbox 2419 3898 2432 3912; x_wconf 91' lang='grc'><strong>·</strong></span> <span class='ocrx_word' id='word_1_697' title='bbox 2463 3888 2551 3935; x_wconf 87' lang='lat' dir='ltr'>xui</span> <span class='ocrx_word' id='word_1_698' title='bbox 2599 3886 2697 3957; x_wconf 79' lang='grc' dir='ltr'>γὰρ</span> <span class='ocrx_word' id='word_1_699' title='bbox 2746 3884 2977 3959; x_wconf 77' lang='grc' dir='ltr'>ὕστερον,</span> <span class='ocrx_word' id='word_1_700' title='bbox 3038 3883 3161 3938; x_wconf 70' lang='grc' dir='ltr'>ἰδὼν</span> <span class='ocrx_word' id='word_1_701' title='bbox 3206 3891 3394 3955; x_wconf 78' lang='grc' dir='ltr'>πάντα,</span> <span class='ocrx_word' id='word_1_702' title='bbox 3449 3892 3549 3942; x_wconf 82' lang='grc' dir='ltr'>ὅσα</span> <span class='ocrx_word' id='word_1_703' title='bbox 3585 3890 3791 3950; x_wconf 80' lang='grc' dir='ltr'>ἐποὶη-</span> 
     </span>
    </p>
   </div>
   <div class='ocr_carea' id='block_1_96' title="bbox 2167 3970 3793 4051">
    <p class='ocr_par' dir='ltr' id='par_1_96' title="bbox 2167 3970 3793 4051">
     <span class='ocr_line' id='line_1_96' title="bbox 2167 3970 3793 4051; baseline 0.009 -30"><span class='ocrx_word' id='word_1_704' title='bbox 2167 3988 2249 4023; x_wconf 90' lang='grc' dir='ltr'>σεν</span> <span class='ocrx_word' id='word_1_705' title='bbox 2307 3972 2333 4022; x_wconf 88' lang='grc' dir='ltr'>ό</span> <span class='ocrx_word' id='word_1_706' title='bbox 2399 3975 2628 4044; x_wconf 83' lang='grc' dir='ltr'>Χριστὸς</span> <span class='ocrx_word' id='word_1_707' title='bbox 2680 4015 2693 4038; x_wconf 94' lang='grc'>,</span> <span class='ocrx_word' id='word_1_708' title='bbox 2754 3970 2902 4025; x_wconf 70' lang='grc' dir='ltr'>οῦδὲν</span> <span class='ocrx_word' id='word_1_709' title='bbox 2961 3974 3246 4046; x_wconf 68' lang='grc' dir='ltr'>μετεϐλήθη</span> <span class='ocrx_word' id='word_1_710' title='bbox 3303 3995 3314 4008; x_wconf 71' lang='grc'><strong><em>⁸</em></strong></span> <span class='ocrx_word' id='word_1_711' title='bbox 3373 3982 3498 4051; x_wconf 82' lang='grc' dir='ltr'>πρὸς</span> <span class='ocrx_word' id='word_1_712' title='bbox 3560 3976 3619 4032; x_wconf 69' lang='grc' dir='ltr'>δὲ</span> <span class='ocrx_word' id='word_1_713' title='bbox 3684 3986 3793 4035; x_wconf 68' lang='grc' dir='ltr'>τὸν</span> 
     </span>
    </p>
   </div>
   <div class='ocr_carea' id='block_1_97' title="bbox 2162 4061 3794 4137">
    <p class='ocr_par' dir='ltr' id='par_1_97' title="bbox 2162 4061 3794 4137">
     <span class='ocr_line' id='line_1_97' title="bbox 2162 4061 3794 4137; baseline 0.009 -28"><span class='ocrx_word' id='word_1_714' title='bbox 2162 4064 2509 4132; x_wconf 80' lang='grc' dir='ltr'>κεκρυμμένον</span> <span class='ocrx_word' id='word_1_715' title='bbox 2578 4061 2736 4113; x_wconf 67' lang='grc' dir='ltr'>αὐτοῦ</span> <span class='ocrx_word' id='word_1_716' title='bbox 2817 4067 3008 4115; x_wconf 89' lang='grc' dir='ltr'>σκοπὸν</span> <span class='ocrx_word' id='word_1_717' title='bbox 3084 4064 3434 4137; x_wconf 75' lang='grc' dir='ltr'>ἀπολογεῖται,</span> <span class='ocrx_word' id='word_1_718' title='bbox 3494 4071 3584 4120; x_wconf 82' lang='grc' dir='ltr'>καὶ</span> <span class='ocrx_word' id='word_1_719' title='bbox 3664 4068 3794 4124; x_wconf 76' lang='grc' dir='ltr'>ἀπὸ</span> 
     </span>
    </p>
   </div>
   <div class='ocr_carea' id='block_1_98' title="bbox 2162 4147 3799 4229">
    <p class='ocr_par' dir='ltr' id='par_1_98' title="bbox 2162 4147 3799 4229">
     <span class='ocr_line' id='line_1_98' title="bbox 2162 4147 3799 4229; baseline 0.008 -30"><span class='ocrx_word' id='word_1_720' title='bbox 2162 4155 2253 4209; x_wconf 79' lang='grc' dir='ltr'>τῆς</span> <span class='ocrx_word' id='word_1_721' title='bbox 2302 4147 2349 4200; x_wconf 85' lang='grc' dir='ltr'>ἐν</span> <span class='ocrx_word' id='word_1_722' title='bbox 2398 4157 2458 4221; x_wconf 77' lang='grc' dir='ltr'>τῇ</span> <span class='ocrx_word' id='word_1_723' title='bbox 2508 4148 2674 4221; x_wconf 77' lang='grc' dir='ltr'>βίϐλῳ</span> <span class='ocrx_word' id='word_1_724' title='bbox 2714 4158 2805 4202; x_wconf 87' lang='grc' dir='ltr'>τοῦ</span> <span class='ocrx_word' id='word_1_725' title='bbox 2855 4157 3247 4225; x_wconf 84' lang='grc' dir='ltr'>Δευτερονομίου</span> <span class='ocrx_word' id='word_1_726' title='bbox 3303 4161 3511 4229; x_wconf 69' lang='grc' dir='ltr'>Γραφῆς</span> <span class='ocrx_word' id='word_1_727' title='bbox 3558 4156 3799 4213; x_wconf 73' lang='grc' dir='ltr'>ἕπεο-το-</span> 
     </span>
    </p>
   </div>
   <div class='ocr_carea' id='block_1_99' title="bbox 2162 4237 3799 4319">
    <p class='ocr_par' dir='ltr' id='par_1_99' title="bbox 2162 4237 3799 4319">
     <span class='ocr_line' id='line_1_99' title="bbox 2162 4237 3799 4319; baseline 0.008 -31"><span class='ocrx_word' id='word_1_728' title='bbox 2162 4238 2301 4308; x_wconf 77' lang='grc' dir='ltr'>μίζει</span> <span class='ocrx_word' id='word_1_729' title='bbox 2358 4237 2534 4307; x_wconf 72' lang='grc' dir='ltr'>αὐτὸν,</span> <span class='ocrx_word' id='word_1_730' title='bbox 2581 4240 2768 4291; x_wconf 84' lang='grc' dir='ltr'>ὡσανεὶ</span> <span class='ocrx_word' id='word_1_731' title='bbox 2827 4240 2984 4311; x_wconf 84' lang='grc' dir='ltr'>λέγων</span> <span class='ocrx_word' id='word_1_732' title='bbox 3019 4263 3030 4275; x_wconf 89' lang='grc'><strong>·</strong></span> <span class='ocrx_word' id='word_1_733' title='bbox 3090 4248 3152 4294; x_wconf 88' lang='grc' dir='ltr'>Τί</span> <span class='ocrx_word' id='word_1_734' title='bbox 3205 4263 3293 4315; x_wconf 87' lang='grc' dir='ltr'>μοι</span> <span class='ocrx_word' id='word_1_735' title='bbox 3355 4253 3517 4297; x_wconf 82' lang='grc' dir='ltr'>ποιεῖν</span> <span class='ocrx_word' id='word_1_736' title='bbox 3572 4249 3799 4319; x_wconf 77' lang='grc' dir='ltr'>ἄρτους</span> 
     </span>
    </p>
   </div>
   <div class='ocr_carea' id='block_1_100' title="bbox 2162 4323 3798 4406">
    <p class='ocr_par' dir='ltr' id='par_1_100' title="bbox 2162 4323 3798 4406">
     <span class='ocr_line' id='line_1_100' title="bbox 2162 4323 3798 4406; baseline 0.009 -30"><span class='ocrx_word' id='word_1_737' title='bbox 2162 4323 2216 4376; x_wconf 81' lang='grc' dir='ltr'>ἐκ</span> <span class='ocrx_word' id='word_1_738' title='bbox 2279 4325 2432 4378; x_wconf 88' lang='grc' dir='ltr'>λίθων</span> <span class='ocrx_word' id='word_1_739' title='bbox 2495 4325 2831 4397; x_wconf 57' lang='lat' dir='ltr'>immittam;</span> <span class='ocrx_word' id='word_1_740' title='bbox 2879 4332 3087 4392; x_wconf 78' lang='grc' dir='ltr'>Πάντως</span> <span class='ocrx_word' id='word_1_741' title='bbox 3142 4328 3233 4384; x_wconf 73' lang='grc' dir='ltr'>διὰ</span> <span class='ocrx_word' id='word_1_742' title='bbox 3284 4337 3375 4391; x_wconf 75' lang='grc' dir='ltr'>τὴν</span> <span class='ocrx_word' id='word_1_743' title='bbox 3432 4339 3798 4406; x_wconf 62' lang='grc' dir='ltr'>συνέχουσά»</span> 
     </span>
    </p>
   </div>
   <div class='ocr_carea' id='block_1_101' title="bbox 3342 4421 3799 4480">
    <p class='ocr_par' dir='ltr' id='par_1_101' title="bbox 3342 4421 3799 4480">
     <span class='ocr_line' id='line_1_101' title="bbox 3342 4421 3799 4480; baseline 0.013 -6"><span class='ocrx_word' id='word_1_744' title='bbox 3342 4421 3473 4475; x_wconf 86' lang='grc' dir='ltr'>Ἀλλ’</span> <span class='ocrx_word' id='word_1_745' title='bbox 3537 4424 3634 4476; x_wconf 71' lang='grc' dir='ltr'>οὐκ</span> <span class='ocrx_word' id='word_1_746' title='bbox 3693 4426 3799 4480; x_wconf 79' lang='grc' dir='ltr'>ἐπ’</span> 
     </span>
    </p>
   </div>
   <div class='ocr_carea' id='block_1_102' title="bbox 2160 4504 3807 4586">
    <p class='ocr_par' dir='ltr' id='par_1_102' title="bbox 2160 4504 3807 4586">
     <span class='ocr_line' id='line_1_102' title="bbox 2160 4504 3807 4586; baseline 0.009 -31"><span class='ocrx_word' id='word_1_747' title='bbox 2160 4504 2300 4579; x_wconf 73' lang='grc' dir='ltr'>ἄρτῳ</span> <span class='ocrx_word' id='word_1_748' title='bbox 2353 4509 2489 4576; x_wconf 82' lang='grc' dir='ltr'>μόνῳ</span> <span class='ocrx_word' id='word_1_749' title='bbox 2543 4508 2761 4568; x_wconf 80' lang='grc' dir='ltr'>ζήσεται</span> <span class='ocrx_word' id='word_1_750' title='bbox 2819 4509 3101 4581; x_wconf 79' lang='grc' dir='ltr'>ἄνθρωπος,</span> <span class='ocrx_word' id='word_1_751' title='bbox 3146 4508 3253 4561; x_wconf 79' lang='grc' dir='ltr'>ἀλλ’</span> <span class='ocrx_word' id='word_1_752' title='bbox 3301 4514 3415 4563; x_wconf 85' lang='grc' dir='ltr'>ἔστι</span> <span class='ocrx_word' id='word_1_753' title='bbox 3453 4516 3542 4563; x_wconf 80' lang='grc' dir='ltr'>καὶ</span> <span class='ocrx_word' id='word_1_754' title='bbox 3593 4516 3807 4586; x_wconf 83' lang='grc' dir='ltr'>ἔτερος</span> 
     </span>
    </p>
   </div>
   <div class='ocr_carea' id='block_1_103' title="bbox 2157 4598 3811 4675">
    <p class='ocr_par' dir='ltr' id='par_1_103' title="bbox 2157 4598 3811 4675">
     <span class='ocr_line' id='line_1_103' title="bbox 2157 4598 3811 4675; baseline 0.008 -30"><span class='ocrx_word' id='word_1_755' title='bbox 2157 4598 2343 4665; x_wconf 89' lang='grc' dir='ltr'>τρόπος</span> <span class='ocrx_word' id='word_1_756' title='bbox 2399 4601 2609 4668; x_wconf 75' lang='grc' dir='ltr'>τροφῆς.</span> <span class='ocrx_word' id='word_1_757' title='bbox 2671 4601 2770 4649; x_wconf 82' lang='grc' dir='ltr'>Καὶ</span> <span class='ocrx_word' id='word_1_758' title='bbox 2834 4598 2934 4672; x_wconf 78' lang='grc' dir='ltr'><em>γὰρ</em></span> <span class='ocrx_word' id='word_1_759' title='bbox 2989 4605 3088 4649; x_wconf 87' lang='grc' dir='ltr'>πᾶν</span> <span class='ocrx_word' id='word_1_760' title='bbox 3139 4598 3304 4672; x_wconf 85' lang='grc' dir='ltr'>ῥῆμα,</span> <span class='ocrx_word' id='word_1_761' title='bbox 3364 4599 3811 4675; x_wconf 76' lang='grc' dir='ltr'>ἐκπορευόμενον</span> 
     </span>
    </p>
   </div>
   <div class='ocr_carea' id='block_1_104' title="bbox 2159 4678 3819 4765">
    <p class='ocr_par' dir='ltr' id='par_1_104' title="bbox 2159 4678 3819 4765">
     <span class='ocr_line' id='line_1_104' title="bbox 2159 4678 3819 4765; baseline 0.007 -32"><span class='ocrx_word' id='word_1_762' title='bbox 2159 4678 2252 4734; x_wconf 74' lang='grc' dir='ltr'>διὰ</span> <span class='ocrx_word' id='word_1_763' title='bbox 2307 4687 2567 4755; x_wconf 88' lang='grc' dir='ltr'>στόματος</span> <span class='ocrx_word' id='word_1_764' title='bbox 2620 4691 2754 4738; x_wconf 87' lang='grc' dir='ltr'>Θεοῦ</span> <span class='ocrx_word' id='word_1_765' title='bbox 2800 4684 2883 4738; x_wconf 71' lang='grc' dir='ltr'>ἐπὶ</span> <span class='ocrx_word' id='word_1_766' title='bbox 2935 4690 3019 4738; x_wconf 84' lang='grc' dir='ltr'>τόν</span> <span class='ocrx_word' id='word_1_767' title='bbox 3072 4696 3338 4756; x_wconf 85' lang='grc' dir='ltr'>πεινῶντα,</span> <span class='ocrx_word' id='word_1_768' title='bbox 3378 4686 3533 4748; x_wconf 86' lang='grc' dir='ltr'>δίκην</span> <span class='ocrx_word' id='word_1_769' title='bbox 3566 4703 3819 4765; x_wconf 76' lang='grc' dir='ltr'>τροφῆς</span> 
     </span>
    </p>
   </div>
   <div class='ocr_carea' id='block_1_105' title="bbox 2159 4774 3814 4852">
    <p class='ocr_par' dir='ltr' id='par_1_105' title="bbox 2159 4774 3814 4852">
     <span class='ocr_line' id='line_1_105' title="bbox 2159 4774 3814 4852; baseline 0.012 -30"><span class='ocrx_word' id='word_1_770' title='bbox 2159 4775 2368 4844; x_wconf 81' lang='grc' dir='ltr'>συνέχει</span> <span class='ocrx_word' id='word_1_771' title='bbox 2417 4776 2509 4831; x_wconf 77' lang='grc' dir='ltr'>τὴν</span> <span class='ocrx_word' id='word_1_772' title='bbox 2578 4777 2712 4836; x_wconf 83' lang='grc' dir='ltr'>ζωὴν</span> <span class='ocrx_word' id='word_1_773' title='bbox 2786 4774 2967 4847; x_wconf 68' lang='grc' dir='ltr'>αὐτοῦ,</span> <span class='ocrx_word' id='word_1_774' title='bbox 3020 4781 3109 4829; x_wconf 87' lang='lat' dir='ltr'>xui</span> <span class='ocrx_word' id='word_1_775' title='bbox 3168 4776 3316 4852; x_wconf 80' lang='grc' dir='ltr'>ἀρκεῖ</span> <span class='ocrx_word' id='word_1_776' title='bbox 3382 4778 3544 4851; x_wconf 73' lang='grc' dir='ltr'>αὐτῷ.</span> <span class='ocrx_word' id='word_1_777' title='bbox 3603 4782 3814 4841; x_wconf 71' lang='grc' dir='ltr'>Οὕτω</span> 
     </span>
    </p>
   </div>
   <div class='ocr_carea' id='block_1_106' title="bbox 2153 4860 3828 4950">
    <p class='ocr_par' dir='ltr' id='par_1_106' title="bbox 2153 4860 3828 4950">
     <span class='ocr_line' id='line_1_106' title="bbox 2153 4860 3828 4950; baseline 0.009 -38"><span class='ocrx_word' id='word_1_778' title='bbox 2153 4863 2498 4935; x_wconf 82' lang='grc' dir='ltr'>μακροθύμως</span> <span class='ocrx_word' id='word_1_779' title='bbox 2552 4860 2907 4937; x_wconf 81' lang='grc' dir='ltr'>ἀπεκρούσατο</span> <span class='ocrx_word' id='word_1_780' title='bbox 2967 4869 3060 4925; x_wconf 72' lang='grc' dir='ltr'>τὴν</span> <span class='ocrx_word' id='word_1_781' title='bbox 3107 4872 3355 4941; x_wconf 79' lang='grc' dir='ltr'>μηχανὴν</span> <span class='ocrx_word' id='word_1_782' title='bbox 3401 4876 3494 4933; x_wconf 84' lang='grc' dir='ltr'>τῆς</span> <span class='ocrx_word' id='word_1_783' title='bbox 3541 4889 3828 4950; x_wconf 75' lang='grc' dir='ltr'>γαστρι-</span> 
     </span>
    </p>
   </div>
   <div class='ocr_carea' id='block_1_107' title="bbox 1411 4953 2829 5035">
    <p class='ocr_par' dir='ltr' id='par_1_107' title="bbox 1411 4953 2829 5035">
     <span class='ocr_line' id='line_1_107' title="bbox 1411 4953 2829 5035; baseline 0.009 -27"><span class='ocrx_word' id='word_1_784' title='bbox 1411 4954 1457 4990; x_wconf 79' lang='grc'>⁶³</span> <span class='ocrx_word' id='word_1_785' title='bbox 1486 4953 1617 5012; x_wconf 88' lang='lat' dir='ltr'>Job.</span> <span class='ocrx_word' id='word_1_786' title='bbox 1644 4970 1701 5025; x_wconf 91' lang='lat' dir='ltr'>v,</span> <span class='ocrx_word' id='word_1_787' title='bbox 1729 4956 1796 5010; x_wconf 79' lang='grc'>13</span> <span class='ocrx_word' id='word_1_788' title='bbox 1833 4958 1893 5027; x_wconf 88' lang='lat' dir='ltr'>;I</span> <span class='ocrx_word' id='word_1_789' title='bbox 1922 4958 2053 5017; x_wconf 92' lang='lat' dir='ltr'>Cor.</span> <span class='ocrx_word' id='word_1_790' title='bbox 2079 4976 2159 5033; x_wconf 89' lang='grc' dir='ltr'>ιιι,</span> <span class='ocrx_word' id='word_1_791' title='bbox 2192 4960 2284 5019; x_wconf 84' lang='grc'>19.</span> <span class='ocrx_word' id='word_1_792' title='bbox 2361 4961 2408 4996; x_wconf 70' lang='grc'>⁵⁵</span> <span class='ocrx_word' id='word_1_793' title='bbox 2432 4961 2597 5020; x_wconf 89' lang='lat' dir='ltr'>Deut.</span> <span class='ocrx_word' id='word_1_794' title='bbox 2626 4978 2743 5035; x_wconf 76' lang='lat' dir='ltr'>vni,</span> <span class='ocrx_word' id='word_1_795' title='bbox 2777 4967 2829 5021; x_wconf 87' lang='lat'>3.</span> 
     </span>
    </p>
   </div>
   <div class='ocr_carea' id='block_1_108' title="bbox 1639 5081 2550 5156">
    <p class='ocr_par' dir='ltr' id='par_1_108' title="bbox 1639 5081 2550 5156">
     <span class='ocr_line' id='line_1_108' title="bbox 1639 5081 2550 5156; baseline 0.005 -5"><span class='ocrx_word' id='word_1_796' title='bbox 1639 5081 1859 5152; x_wconf 73' lang='lat' dir='ltr'>Variae</span> <span class='ocrx_word' id='word_1_797' title='bbox 1898 5083 2228 5156; x_wconf 89' lang='lat' dir='ltr'>lectiones</span> <span class='ocrx_word' id='word_1_798' title='bbox 2252 5095 2316 5156; x_wconf 91' lang='lat' dir='ltr'>et</span> <span class='ocrx_word' id='word_1_799' title='bbox 2346 5095 2550 5156; x_wconf 68' lang='lat' dir='ltr'>notae.</span> 
     </span>
    </p>
   </div>
   <div class='ocr_carea' id='block_1_109' title="bbox 464 5216 877 5293">
    <p class='ocr_par' dir='ltr' id='par_1_109' title="bbox 464 5216 877 5293">
     <span class='ocr_line' id='line_1_109' title="bbox 464 5216 877 5293; baseline 0.012 -22"><span class='ocrx_word' id='word_1_800' title='bbox 464 5216 575 5291; x_wconf 86' lang='lat'>(96)</span> <span class='ocrx_word' id='word_1_801' title='bbox 603 5221 782 5293; x_wconf 80' lang='grc' dir='ltr'>Τούτῳ</span> <span class='ocrx_word' id='word_1_802' title='bbox 810 5220 877 5276; x_wconf 86' lang='grc' dir='ltr'>Α.</span> 
     </span>
    </p>
   </div>
   <div class='ocr_carea' id='block_1_110' title="bbox 436 5340 2040 5428">
    <p class='ocr_par' dir='ltr' id='par_1_110' title="bbox 436 5340 2040 5428">
     <span class='ocr_line' id='line_1_110' title="bbox 436 5340 2040 5428; baseline 0.009 -27"><span class='ocrx_word' id='word_1_803' title='bbox 436 5340 538 5428; x_wconf 36' lang='lat' dir='ltr'>tu)</span> <span class='ocrx_word' id='word_1_804' title='bbox 590 5347 669 5428; x_wconf 58' lang='lat' dir='ltr'>Ut</span> <span class='ocrx_word' id='word_1_805' title='bbox 696 5346 987 5428; x_wconf 73' lang='lat' dir='ltr'>videatur,</span> <span class='ocrx_word' id='word_1_806' title='bbox 1021 5349 1096 5405; x_wconf 90' lang='lat' dir='ltr'>ad</span> <span class='ocrx_word' id='word_1_807' title='bbox 1142 5348 1680 5411; x_wconf 83' lang='lat' dir='ltr'>demonstrandum</span> <span class='ocrx_word' id='word_1_808' title='bbox 1734 5369 1872 5414; x_wconf 89' lang='lat' dir='ltr'>eum</span> <span class='ocrx_word' id='word_1_809' title='bbox 1906 5372 2040 5417; x_wconf 90' lang='lat' dir='ltr'>esse</span> 
     </span>
    </p>
   </div>
   <div class='ocr_carea' id='block_1_111' title="bbox 386 5412 1001 5491">
    <p class='ocr_par' dir='ltr' id='par_1_111' title="bbox 386 5412 1001 5491">
     <span class='ocr_line' id='line_1_111' title="bbox 386 5412 1001 5491; baseline 0.005 -19"><span class='ocrx_word' id='word_1_810' title='bbox 386 5412 749 5491; x_wconf 17' lang='lat' dir='ltr'>FiliumiDei,</span> <span class='ocrx_word' id='word_1_811' title='bbox 783 5412 1001 5491; x_wconf 78' lang='lat' dir='ltr'>petere.</span> 
     </span>
    </p>
   </div>
   <div class='ocr_carea' id='block_1_112' title="bbox 459 5489 2041 5575">
    <p class='ocr_par' dir='ltr' id='par_1_112' title="bbox 459 5489 2041 5575">
     <span class='ocr_line' id='line_1_112' title="bbox 459 5489 2041 5575; baseline 0.013 -33"><span class='ocrx_word' id='word_1_812' title='bbox 459 5490 540 5563; x_wconf 69' lang='grc' dir='ltr'>(ας)</span> <span class='ocrx_word' id='word_1_813' title='bbox 582 5489 798 5549; x_wconf 59' lang='lat' dir='ltr'>Certe.&#39;</span> <span class='ocrx_word' id='word_1_814' title='bbox 828 5489 999 5550; x_wconf 89' lang='lat' dir='ltr'>Forte</span> <span class='ocrx_word' id='word_1_815' title='bbox 1040 5497 1174 5565; x_wconf 85' lang='lat' dir='ltr'>post</span> <span class='ocrx_word' id='word_1_816' title='bbox 1207 5496 1343 5568; x_wconf 79' lang='grc' dir='ltr'>ἔχων</span> <span class='ocrx_word' id='word_1_817' title='bbox 1387 5498 1606 5571; x_wconf 89' lang='lat' dir='ltr'>reperit</span> <span class='ocrx_word' id='word_1_818' title='bbox 1645 5495 1820 5575; x_wconf 74' lang='grc' dir='ltr'>δῆθεν,</span> <span class='ocrx_word' id='word_1_819' title='bbox 1856 5502 2041 5575; x_wconf 88' lang='lat' dir='ltr'>idque</span> 
     </span>
    </p>
   </div>
   <div class='ocr_carea' id='block_1_113' title="bbox 2148 5359 2599 5418">
    <p class='ocr_par' dir='ltr' id='par_1_113' title="bbox 2148 5359 2599 5418">
     <span class='ocr_line' id='line_1_113' title="bbox 2148 5359 2599 5418; baseline -0.004 -1"><span class='ocrx_word' id='word_1_820' title='bbox 2148 5359 2403 5417; x_wconf 86' lang='lat' dir='ltr'>reddidit</span> <span class='ocrx_word' id='word_1_821' title='bbox 2430 5368 2599 5418; x_wconf 81' lang='lat' dir='ltr'>certe.</span> 
     </span>
    </p>
   </div>
   <div class='ocr_carea' id='block_1_114' title="bbox 2222 5432 3838 5515">
    <p class='ocr_par' dir='ltr' id='par_1_114' title="bbox 2222 5432 3838 5515">
     <span class='ocr_line' id='line_1_114' title="bbox 2222 5432 3838 5515; baseline 0.002 -27"><span class='ocrx_word' id='word_1_822' title='bbox 2222 5434 2296 5515; x_wconf 66' lang='grc' dir='ltr'>ςε)</span> <span class='ocrx_word' id='word_1_823' title='bbox 2336 5432 2794 5515; x_wconf 61' lang='lat' dir='ltr'>Observandum.</span> <span class='ocrx_word' id='word_1_824' title='bbox 2820 5432 3061 5489; x_wconf 87' lang='lat' dir='ltr'>Videtur</span> <span class='ocrx_word' id='word_1_825' title='bbox 3090 5433 3302 5515; x_wconf 75' lang='lat' dir='ltr'>legisse</span> <span class='ocrx_word' id='word_1_826' title='bbox 3322 5446 3789 5515; x_wconf 71' lang='grc' dir='ltr'>παρατηρητέον</span> <span class='ocrx_word' id='word_1_827' title='bbox 3808 5492 3838 5513; x_wconf 65' lang='grc'><em>,</em></span> 
     </span>
    </p>
   </div>
   <div class='ocr_carea' id='block_1_115' title="bbox 2147 5499 3319 5581">
    <p class='ocr_par' dir='ltr' id='par_1_115' title="bbox 2147 5499 3319 5581">
     <span class='ocr_line' id='line_1_115' title="bbox 2147 5499 3319 5581; baseline 0.002 -20"><span class='ocrx_word' id='word_1_828' title='bbox 2147 5499 2307 5565; x_wconf 81' lang='lat' dir='ltr'>Infra</span> <span class='ocrx_word' id='word_1_829' title='bbox 2331 5504 2740 5581; x_wconf 75' lang='grc' dir='ltr'>ἀπαρατηρήτως</span> <span class='ocrx_word' id='word_1_830' title='bbox 2770 5520 3013 5578; x_wconf 83' lang='lat' dir='ltr'>prorsus</span> <span class='ocrx_word' id='word_1_831' title='bbox 3039 5499 3319 5580; x_wconf 73' lang='lat' dir='ltr'>neglexit.</span> 
     </span>
    </p>
   </div>
  </div>
