3990 6206
268 295 348 352 177
1159 286 1530 345 COMMFNT.
1571 288 1643 345 IN
1681 288 2134 352 MATTH/EUM.
2163 321 2233 336 -ο
2258 293 2411 351 CAP.
2442 293 2532 352 IV.

3417 294 3521 355 178

260 439 454 495 μαργιας.
478 418 870 491 ’Δπαρατήρητον
901 413 1016 487 (97)
1049 411 1109 468 δέ
1137 417 1216 485 τὸ,
1255 417 1338 467 τὸν
1373 417 1640 469 Ματθαῖον
1670 438 1734 490 με

1875 419 2172 492 pluraliter
2203 421 2431 491 lapides
2443 420 2677 491 dicere;
2709 421 2930 480 Lucam
2947 435 3090 479 vero
3121 417 3372 492 lapidem
3397 421 3518 480 sin-

256 511 398 570 λίθονς
417 509 534 561 εἰπεῖν
561 505 928 576 πληθυντικῶς,
951 509 1038 557 τὸν
1075 501 1133 557 δὲ
1159 510 1364 559 Λουκᾶν
1392 505 1532 558 λίθον
1561 506 1754 570 ἑνικῶς.

256 599 467 668 "omni
505 599 589 670 γάρ
646 604 743 648 τῶν
799 593 1176 666 ε’ὖαγγελιστῶν
1235 594 1474 656 τοίαῦτας
1526 598 1760 671 “Nam

252 686 434 747 ἀϐλαϐεῖς
453 683 736 756 ἀδιαφορίας
747 726 760 738 .

301 779 334 845 -ἶ-
360 778 453 828 Ἀπὸ
474 773 573 847 (98)
599 782 692 836 τῆς
713 773 954 834 Παλαιᾶς
973 772 1113 825 ἐστιν
1136 775 1165 832 ἡ
1183 778 1464 847 μαρτυρία·
1487 775 1757 837 Μωυσέως

242 866 316 936 γὰρ
342 864 501 935 ὁλόγος.
519 867 724 937 Καὶγάρ
737 867 830 914 καὶ
852 861 1222 936 οἱἙϐραῖοιτῳ
1241 864 1407 936 μάννα
1436 863 1753 939 ἐτράφησαν,

235 953 304 1004 οὐκ
333 955 446 1024 aiore»
471 957 586 1023 ἄντι,
632 951 763 1004 ἀλλὰ
795 948 889 1004 διὰ
915 953 1145 1026 ῥήματος
1191 959 1324 1005 Θεοῦ
1364 958 1538 1006 πᾶσαν
1568 959 1755 1029 χρείαν

225 1040 530 1114 τῶνἙϐραίων
568 1038 877 1115 π).ηροῦντι,
918 1047 1008 1094 καὶ
1053 1045 1221 1094 πάντα
1257 1045 1528 1115 γινομένῳ,
1565 1047 1664 1095 ὅσα
1693 1046 1752 1094 ἀ]

223 1139 360 1202 φαγεῖν
392 1152 462 1194 τις
497 1131 756 1204 ἐπεθύμει.
791 1133 910 1184 Εἴτε
951 1135 1050 1206 γὰρ
1104 1131 1306 1203 ἰχθύος,
1358 1135 1457 1184 εἴτε
1495 1133 1617 1199 ὠοῦ,
1657 1136 1753 1186 εἶτε

218 1228 339 1293 πυροῦ
379 1220 601 1292 ἐπεθύμει
626 1223 654 1273 6
681 1217 958 1290 Ἰουδαῖος,
1004 1223 1248 1279 τοιαύτην
1287 1221 1467 1293 γεῦσιν
1501 1229 1750 1295 παρεῖχεν

215 1310 321 1379 αὐτῷ
344 1314 394 1362 τὸ
427 1313 605 1382 μάννα.

263 1404 366 1452 Τότε
411 1429 475 1441 -
541 1400 716 1455 Πόλιν.
777 1397 1198 1474 Παραλαμϐάνιι,
1264 1398 1374 1452 ἀντὶ
1437 1407 1527 1452 τοῦ
1581 1420 1748 1476 παρα-

208 1488 338 1540 λαϐὼν
371 1491 497 1560 ἄγει.
541 1495 645 1542 Καὶ
686 1492 790 1562 γὰρ
835 1487 1001 1561 ἀφῆκε
1042 1492 1128 1541 τὸν
1166 1487 1357 1562 ἐχθρὸν
1387 1489 1530 1561 ἄγειν
1571 1489 1744 1556 αὐτὸν,

207 1583 305 1629 ὅπου
344 1578 477 1643 θῦει,
526 1583 620 1632 καὶ
675 1578 935 1651 πολεμεῖν,
987 1581 1054 1640 ὡς
1101 1577 1364 1651 βούλεται,
1423 1578 1506 1630 ἵνα
1552 1597 1748 1632 παντα-

200 1669 324 1737 χόὸεν
351 1670 603 1736 ἡττηθεὶς,
660 1672 819 1740 μόνος
864 1665 1213 1740 δραπετεύση.
1267 1667 1444 1739 Ἀγίαν
1499 1665 1559 1720 6‘s
1598 1668 1746 1721 πόλιν

1872 509 2150 579 gulariter
2224 512 2292 564 ⁵⁵.
2322 512 2680 584 Frequenter
2717 511 2874 566 enim
2916 511 3073 583 apud
3127 510 3518 581 evangelistas

1868 598 1972 670 huj
1983 599 2236 665 usmodi,
2251 615 2386 672 quae
2401 599 2548 656 nihil
2560 599 3220 671 ofﬁciant,diversitates
3232 601 3513 673 reperies.

1937 777 1984 832 A
2015 777 2202 834 Veteri
2221 781 2593 835 Testamento
2621 778 3048 851 depromptum
3063 782 3152 836 est
3185 795 3200 846 ;
3236 782 3324 835 est
3353 779 3516 838 enim

1864 865 2117 922 verbum
2139 868 2328 924 Mosis.
2358 871 2507 923 Nam
2531 871 2585 923 et
2605 867 2834 923 Hebraei
2855 883 3080 925 manna
3103 867 3509 936 comederunt,

1865 955 2027 1027 quod
2053 971 2190 1012 cum
2227 971 2350 1010 non
2377 959 2530 1011 esset
2554 956 2744 1026 panis,
2779 971 3014 1012 omnem
3067 961 3260 1013 tamen
3299 972 3512 1014 eorum

1865 1044 2176 1116 supplebat
2211 1044 2633 1115 indigentiam:
2668 1049 2967 1102 mutatum
3023 1045 3082 1100 in
3140 1045 3347 1102 omnia
3375 1061 3510 1118 qua)

1862 1134 2107 1205 optabat
2133 1134 2373 1205 quisque
2404 1133 2596 1201 edere,
2633 1133 2756 1189 sive
2806 1134 3050 1206 piscem,
3119 1134 3241 1190 sive
3307 1150 3506 1205 ovum,

1863 1223 1983 1278 sive
2009 1237 2247 1278 caseum
2304 1223 2748 1295 concupisceret
2793 1222 3058 1288 Judaeus,
3087 1221 3242 1280 illius
3271 1228 3508 1295 gustum

1859 1327 2085 1367 manna
2114 1313 2164 1368 ei
2194 1312 2524 1384 praebebat.

1929 1403 2086 1456 Vers.
2129 1405 2180 1456 5.
2230 1402 2393 1458 Tunc
2423 1431 2491 1442 —
2517 1401 2831 1458 civitatem.
2866 1400 3138 1466 Assumit,
3209 1401 3325 1458 hoc
3391 1403 3499 1471 est,

1859 1490 2223 1546 assumendo
2253 1490 2434 1547 ducit.
2477 1490 2747 1548 Permisit
2777 1490 2936 1546 enim
2987 1490 3230 1547 inimico
3286 1489 3504 1547 ducere

1858 1596 1920 1636 se
1937 1596 2058 1653 quo
2095 1580 2319 1649 liberet,
2346 1587 2687 1653 etpugnare
2715 1583 2862 1636 sicut
2885 1580 3074 1646 vellet,
3104 1583 3169 1636 ut
3198 1581 3504 1652 undequa-

1856 1685 1974 1741 que
2003 1670 2196 1725 victus
2227 1669 2391 1725 solus
2417 1670 2744 1740 aufugeret.
2779 1672 3058 1728 Sanctam
3079 1673 3284 1728 autem
3300 1669 3501 1726 civita-

201 1756 321 1828 λέγει,
379 1762 466 1815 τὴν
519 1756 886 1830 Ἰερουσαλὴμ,
948 1759 1016 1818 ὡς
1069 1765 1138 1828 τῷ
1183 1764 1295 1826 Θεῷ
1359 1755 1734 1831 ἀφωρισμένην,

1857 1762 1965 1814 tem
1990 1761 2163 1814 vocat
2212 1758 2561 1827 Jerusalem,
2623 1762 2884 1831 utpotea
2936 1762 3054 1816 Deo
3105 1759 3418 1825 delectam,
3447 1762 3502 1816 et

198 1850 267 1896 mi
314 1841 396 1898 διὰ
456 1854 610 1900 τοῦτο
676 1846 970 1919 σεϐασμὶαν
1024 1847 1052 1906 ἦ
1120 1849 1189 1907 ὡς
1249 1849 1335 1898 τὸν
1404 1846 1552 1918 ἅγιον
1624 1849 1743 1901 ναὸν

199 1935 402 2003 ἔχουσαν.

250 2029 330 2076 Καὶ
364 2055 424 2066 —
460 2026 615 2093 ἱεροῦ.
656 2028 728 2078 Τὸ
780 2025 1077 2100 πτερύγιον,
1136 2019 1472 2097 οἰκοδόμημα
1517 2021 1577 2083 ἧν
1607 2025 1742 2096 ὑψη-

193 2110 256 2162 λέν
275 2115 406 2183 ἆγαν,
436 2110 960 2186 παρῳκοδομημένον
992 2120 1051 2171 τῆ
1082 2112 1279 2188 πλευρᾷ
1305 2120 1398 2166 τοῦ
1431 2115 1590 2187 ἱεροῦ,
1623 2115 1742 2174 ἤτοι

193 2199 262 2252 τοῦ
282 2209 408 2254 ναοῦ.

243 2289 584 2345 Καὶ-πόδα
628 2311 750 2345 σου.
808 2291 1074 2352 Ἣττηθεὶς
1129 2295 1223 2349 την
1283 2296 1494 2364 πρώτην
1535 2292 1737 2366 πεῖραν,

188 2375 249 2430 ἐπὶ
276 2375 492 2453 δεύτερον
538 2379 718 2452 ἀγῶνα
764 2388 950 2454 χωρεῖ,
1011 2385 1098 2432 καὶ
1144 2376 1237 2432 διὰ
1274 2377 1569 2443 κενοδοξίας
1617 2381 1739 2434 ἑλεῖν

186 2471 302 2519 αᾶτόν
353 2468 625 2545 ἐπιχειρεῖ.
693 2473 780 2522 Διὸ
833 2474 923 2522 καὶ
981 2467 1259 2534 ἐπιτάττει,
1313 2473 1739 2544 κατακρημνίσαι

183 2555 326 2607 iure}?
368 2563 453 2611 καὶ
519 2556 879 2617 διασωθῆναι.
929 2557 1038 2611 Ἵνα
1106 2555 1163 2610 δε
1219 2562 1515 2632 παρακνίσῃ
1585 2557 1737 2610 πάλιν

179 2646 320 2712 rites,
359 2647 503 2700 πάλιν
557 2650 841 2724 προτάττει
885 2651 942 2699 τὸ
991 2647 1051 2699 Εἰ
1103 2649 1222 2709 Υἱὸς
1275 2643 1438 2700 εἰτοῦ
1478 2653 1632 2713 Θεοῦ,
1674 2650 1738 2708 ὡς

179 2732 226 2783 ἄν
276 2732 384 2808 δοξη
445 2737 600 2789 πάλιν
665 2739 842 2798 ζητεῖν
896 2740 982 2788 καὶ
1051 2743 1202 2788 τοῦτο
1267 2739 1326 2788 τὸ
1389 2744 1621 2808 σημεῖον,
1665 2741 1736 2798 εὶς

176 2821 400 2887 ἀπόδειξιν
448 2834 541 2879 τοῦ
587 2826 722 2878 εἰναι
779 2826 930 2878 αὐτὸν
990 2827 1107 2878 Υἱὸν
1156 2833 1247 2877 τοῦ
1297 2832 1452 2892 Θεοῦ,
1505 2824 1592 2878 οἵτε
1644 2831 1736 2877 τοῦ

175 2918 385 2984 προτέρου
417 2920 488 2985 μὴ
550 2920 853 2987 γεγονότος.
899 2920 1050 2967 ’Ὠετο
1094 2917 1195 2988 γὰρ
1227 2915 1306 2966 ὅτι
1351 2914 1474 2989 ῥᾷον
1522 2916 1734 2973 πεισθή-

173 3019 306 3068 πται,
343 3003 382 3055 εἰ
427 3008 517 3056 καὶ
567 3009 640 3076 μὴ
691 3001 764 3056 δι’
804 3004 996 3078 ἕτερον,
1045 3003 1172 3056 αλλά
1217 3022 1276 3075 γε
1316 3000 1410 3055 διὰ
1451 3007 1570 3065 τοὺς
1617 3003 1734 3076 μέλ·

169 3087 310 3151 lana;
352 3092 502 3144 αὑτὸν
544 3094 671 3164 ὁρᾷν
704 3092 842 3144 οὕτω
889 3099 1348 3168 τερατουργοῦντα·
1404 3091 1582 3144 πολλοί
1632 3094 1730 3166 γὰρ

173 3172 279 3234 ἦσαν
325 3185 428 3233 τότε
477 3182 627 3232 κάτω
684 3185 928 3255 παρόντες
993 3186 1082 3234 καὶ
1136 3181 1314 3233 λοιπὸν
1375 3188 1731 3257 περιπεσεῖται

169 3276 225 3335 τῷ
277 3270 624 3340 gemmeam
679 3266 882 3340 δικτύῳ
944 3278 1039 3332 τῆς
1093 3267 1414 3340 κενοδοξίας,
1491 3273 1559 3332 ὡς
1640 3277 1731 3322 τοῦ

166 3351 448 3415 ἐπαινεθῆναι
498 3360 626 3432 παρ’
678 3358 849 3411 αὐτῶν
880 3359 1037 3410 ἕνεκεν
1087 3360 1225 3410 κάτω
1286 3357 1457 3430 βαλὼν
1515 3358 1720 3416 ἑαυτὸν,

163 3443 416 3514 Ἐθίλκεται
505 3444 568 3500 δὲ
653 3455 837 3499 τοῦτον
917 3451 1005 3500 καὶ
1085 3445 1185 3499 ἀπὸ
1265 3456 1360 3508 τῆς
1449 3453 1728 3510 Δαυῑτικης

163 3536 352 3606 Γραγῆς,
427 3537 512 3587 ἱνα
592 3533 725 3608 δόξῃ
795 3540 884 3588 καὶ
949 3536 1100 3597 αὐτὸς
1165 3535 1265 3588 ἀπο
1341 3542 1547 3609 Γραφῆς
1620 3539 1730 3588 πεί-

161 3623 242 3672 θειν
300 3624 630 3687 ἀξιοπίστως·
687 3623 796 3676 ἀλλ’
861 3624 976 3677 οὐδ’
1061 3625 1284 3678 ἐνταῦθα
1353 3624 1531 3683 iam
1604 3643 1729 3677 κακ-

160 3717 346 3782 οὗργῶν.

212 3798 324 3872 Ἐγη
352 3834 414 3843 -
447 3807 587 3856 Θεόυ
631 3821 746 3858 σον.
799 3807 1093 3875 Γέγραπται
1131 3801 1178 3855 ἐν
1221 3809 1293 3873 τῷ
1350 3807 1726 3877 Δευτιρονομίῳ

154 3895 224 3939 καὶ
249 3900 406 3942 τοῦτο·
438 3892 777 3964 Ἐκπειροίζει
807 3889 867 3945 δε
900 3897 986 3944 τὸν
1031 3896 1181 3960 Θεὸν,
1213 3893 1238 3944 6
1267 3889 1534 3965 μηδεμιᾶς
1572 3891 1726 3964 ἀνάγ-

154 3995 232 4037 ιιες
265 3977 580 4052 ἐπικειμένης
608 3980 921 4055 ἐπιῤῥίπτων
962 3981 1141 4034 ἑαυτὸν
1173 3983 1240 4042 εἰς
1269 3989 1502 4056 προφανῆ
1548 3977 1726 4034 κίνδυ-

153 4085 236 4130 νον,
270 4067 311 4118 ἐν
335 4077 404 4140 τῷ
439 4070 651 4144 θαρῥείν
681 4078 754 4140 τῷ
787 4077 926 4140 Θεῷ.

211 4156 350 4208 Πάλιν
403 4189 472 4198 -
537 4163 921 4232 προσκυνήσῃς
985 4177 1066 4231 με.
1139 4162 1386 4234 Περιττόν
1455 4156 1537 4224 ἧν,
1606 4157 1725 4211 tim"

149 4253 377 4315 γραςυῆναι
420 4253 514 4299 καὶ
559 4252 619 4298 τὸ
656 4251 820 4318 ὄνομα
845 4255 939 4299 τοῦ
987 4251 1156 4323 ὄρους.
1201 4252 1335 4301 Ποία
1378 4250 1481 4322 γὰρ
1535 4246 1721 4301 ἐκεῖθεν

153 4331 531 4404 ὠγελειαγτέως
594 4331 646 4388 δ’
703 4336 810 4402 οὖν,
864 4334 1146 4409 ἀποτυχὼν
1201 4341 1291 4389 καὶ
1332 4345 1427 4398 τῆς
1476 4333 1721 4409 δευτέρας

149 4422 405 4492 spat-661:3;
435 4426 462 4475 6
493 4425 714 4497 ἐχθρὸς,
755 4429 844 4477 καὶ
898 4425 970 4486 εἰς
1015 4430 1196 4499 τρίτην
1237 4428 1716 4499 παρασκευάζεται,

1852 1847 1989 1903 ideo
2018 1848 2078 1903 in
2107 1848 2438 1904 reverentia
2464 1848 2735 1905 habitam
2770 1864 2782 1902 :
2817 1851 2921 1905 aut
2948 1863 3019 1906 eo
3035 1847 3198 1921 quod
3220 1851 3499 1906 sanctum

1851 1936 2094 1994 haberet
2125 1938 2432 2010 templum.

1922 2028 2080 2082 Vers.
2109 2028 2160 2082 5.
2201 2028 2281 2083 Et
2305 2057 2374 2067 —
2406 2026 2631 2098 templi.
2672 2024 3067 2083 Pinnaculum
3126 2025 3498 2085 domuncula

1851 2119 1977 2172 erat
1993 2115 2226 2173 excelsa
2254 2115 2446 2182 valde,
2479 2115 2559 2173 ad
2583 2115 2741 2173 latus
2763 2115 2971 2188 templi
2996 2119 3425 2189 superstructa.

1919 2296 2147 2351 Vers.6.
2167 2295 2245 2350 Et
2264 2293 2538 2364 -pedem
2575 2296 2761 2350 tuum.
2795 2292 2985 2352 Prima
3011 2293 3200 2350 victus
3228 2294 3498 2352 tentatio-

1849 2397 1936 2450 ne,
1972 2383 2045 2438 ad
2076 2383 2400 2439 secundum
2419 2382 2690 2455 procedit
2710 2386 3034 2450 certamen,
3063 2386 3122 2440 et
3148 2399 3255 2456 per
3273 2399 3497 2442 vanam

1848 2472 2086 2544 gloriam
2119 2471 2318 2544 ipsum
2344 2473 2546 2528 nititur
2574 2473 2888 2541 attrahere,
2923 2473 3180 2546 ideoque
3236 2472 3411 2545 jubet
3433 2475 3498 2530 ut

1847 2561 2111 2633 seipsum
2136 2561 2466 2633 prazcipitet
2489 2576 2559 2617 ac
2591 2565 2796 2618 servet.
2831 2564 3019 2634 thue
3062 2560 3257 2633 ipsum
3285 2576 3494 2618 rursus

1846 2652 2093 2722 pungat,
2153 2649 2457 2722 praemittit
2534 2649 2792 2706 iterum:
2848 2649 2911 2706 Si
2990 2650 3175 2706 Filius
3253 2651 3360 2706 Dei
3413 2665 3490 2717 es,

1845 2738 2017 2809 quasi
2033 2737 2232 2794 denuo
2259 2738 2644 2794 videaturhoc
2666 2739 2907 2809 signum
2928 2739 3007 2795 ad
3029 2739 3146 2794 hoc
3172 2738 3495 2812 procedere

1845 2827 1988 2898 (aa),
2019 2832 2082 2884 ut
2111 2843 2172 2884 se
2197 2827 2415 2884 Filium
2449 2828 2547 2884 Dei
2578 2843 2709 2884 esse
2738 2828 3115 2894 demonstret,
3143 2843 3494 2900 quanquam

1843 2913 1902 2970 id
1931 2916 2098 2988 prius
2125 2931 2242 2972 non
2268 2916 2468 2973 fecerit
2493 2916 2639 2990 (bb);
2665 2917 2913 2989 putabat
2926 2933 3144 2991 nempe
3162 2917 3394 2974 facilius
3410 2917 3491 2974 illi

1843 3019 2021 3074 posse
2065 3006 2430 3077 persuaderi,
2481 3010 2538 3062 et
2577 3007 2774 3063 sinon
2832 3007 2912 3063 ob
2963 3007 3153 3074 aliud,
3184 3011 3243 3065 at
3275 3007 3491 3065 saltem

1841 3097 2084 3165 propter
2113 3093 2245 3149 illos
2274 3095 2373 3165 qui
2404 3110 2541 3150 eum
2573 3094 2874 3152 mirabilia
2909 3099 3261 3168 operantem
3305 3096 3492 3153 visuri

1842 3185 2028 3252 erant,
2063 3187 2205 3238 tunc
2230 3183 2393 3237 enim
2423 3181 2588 3238 multi
2621 3183 2864 3240 inferius
2895 3184 3148 3240 aderant
3185 3189 3240 3241 et
3301 3184 3382 3242 ita
3427 3185 3490 3241 in

1841 3286 2151 3343 expassam
2166 3286 2338 3327 vanae
2349 3270 2551 3343 gloriae
2565 3286 2799 3327 nassam
2816 3271 3324 3344 incideret,utpote
3339 3270 3492 3345 seip-

1841 3359 2206 3416 sumidcirco
2222 3359 2667 3432 praecipitando,
2690 3365 2755 3415 ut
2782 3360 2860 3415 ab
2878 3359 2962 3414 eis
2986 3359 3355 3416 laudaretur.
3394 3361 3486 3433 Ip-

1765 3449 1772 3455 ’
1841 3465 1976 3505 sum
1989 3465 2231 3522 quoque
2245 3449 2524 3505 Davidica
2537 3449 2778 3505 attrahit
2791 3448 3183 3522 Scriptura,ut
3199 3448 3488 3506 videretur

1837 3539 2011 3595 etiam
2041 3555 2078 3596 a
2107 3537 2414 3612 Scriptura
2443 3538 2646 3595 divina
2674 3537 3072 3594 verisimihter
3101 3538 3483 3610 persuadere.

1836 3627 2054 3684 Verum
2076 3627 2140 3684 hi
2156 3627 2281 3699 ejus
2300 3627 2420 3684 doli
2444 3625 2742 3684 Christum
2762 3642 3148 3701 nequaquam
3162 3626 3482 3685 latuerunt.

1906 3805 2075 3862 Vers.
2089 3805 2144 3860 7.
2169 3805 2334 3862 Dixi!
2351 3837 2421 3846 —
2441 3806 2627 3862 Deum
2649 3811 2809 3862 tuum
2824 3845 2838 3860 .
2867 3803 2937 3862 Et
2957 3805 3072 3861 hoc
3093 3804 3378 3877 scriptum
3397 3805 3486 3861 est

1834 3894 1896 3951 in
1916 3895 2374 3952 Deuteronomio
2397 3897 2467 3950 ⁸⁸.
2494 3897 2701 3952 Tentat
2721 3898 2922 3952 autem
2947 3895 3136 3950 Deum
3157 3893 3282 3966 qui,
3318 3893 3486 3950 nulla.

1834 3984 2092 4040 instante
2122 3985 2488 4051 necessitate,
2517 3985 2778 4057 seipsum
2816 3984 2878 4039 in
2919 3983 3304 4041 manifestum
3332 3997 3482 4055 pras-

1834 4073 2040 4145 cipitat
2065 4073 2419 4146 periculum,
2441 4073 2520 4130 ob
2549 4073 2814 4130 habitam
2844 4072 2906 4128 in
2947 4075 3133 4128 Deum
3170 4071 3478 4128 ﬁduciam.

1905 4162 2064 4217 Vers.
2099 4166 2150 4217 8.
2180 4162 2399 4218 Iterum
2432 4193 2500 4204 —
2535 4163 2601 4218 V.
2643 4165 2702 4218 9.
2734 4162 3092 4219 Adoraveris
3119 4177 3226 4217 me.
3268 4162 3482 4232 Super-

1836 4265 2088 4307 vacuum
2118 4249 2322 4306 fuisset
2351 4265 2575 4307 nomen
2606 4250 2825 4307 ascribi
2857 4250 3076 4306 montis
3105 4265 3118 4305 :
3157 4265 3289 4321 quae
3314 4248 3480 4306 enim

1829 4337 2034 4394 fuisset
2056 4337 2197 4394 inde
2226 4344 2548 4394 consecuta
2586 4338 2805 4395 utilitas
2826 4338 2855 4394 ?
2896 4337 3133 4394 Interim
3158 4337 3476 4393 frustratus

1829 4427 2093 4483 secundo
2115 4441 2350 4500 quoque
2373 4427 2599 4498 impetu
2622 4425 2912 4491 inimicus,
2939 4426 3018 4482 ad
3047 4424 3283 4482 tertium
3313 4425 3494 4480 insu--

151 4515 224 4565 τήν
271 4508 356 4562 διὰ
409 4512 783 4588 ριλσργυρίας,
840 4514 899 4572 ἢν
950 4519 1041 4566 καὶ
1088 4514 1380 4567 τελευταίαν
1446 4513 1715 4587 ἐτήρησεν,

1857 4531 1930 4572 ιθιδ
1945 4519 2394 4588 praeparatur,et
2405 4531 2508 4588 per
2529 4514 2841 4572 avaritiam
2862 4531 3051 4588 quam
3073 4513 3473 4574 novissimam

149 4601 200 4658 ὡς
254 4607 647 4674 χαλεπωτέραν.
710 4607 810 4655 Καὶ
865 4601 1042 4674 ἀνοίγει
1095 4602 1248 4655 αὐτὸν
1307 4603 1374 4663 εἰς
1405 4607 1520 4676 ὅρος
1578 4602 1717 4674 ὑψη-

147 4683 346 4754 λετατον,
377 4697 468 4742 καὶ
499 4698 576 4760 τῷ
609 4687 851 4762 δακτύλῳ
899 4687 1162 4744 δείκνυσιν
1209 4691 1369 4761 αύτῶ,
1420 4690 1468 4743 ἓν
1501 4682 1710 4765 ’στιγμῇ

146 4785 332 4848 χρόην,
379 4783 560 4842 καθὼς
618 4783 940 4852 προσέθηκεν
970 4782 996 4834 6
1037 4787 1262 4850 Λουκᾶς,
1319 4784 1608 4848 τουτέστιν,
1662 4782 1711 4835 ἐν

203 4953 240 4991 ⁵³
267 4955 398 5015 an.
429 4973 516 5030 ιν,
537 4959 595 5015 3.
675 4959 725 4996 ⁸⁸
755 4959 930 5020 Deut.
965 4975 1042 5029 vi,
1075 4960 1166 5019 46.

1826 4605 2118 4674 servabat,
2140 4609 2396 4678 utpoque
2417 4604 2914 4678 periculosiorem,
2944 4604 3196 4676 dejicere
3219 4608 3474 4663 conatur

1825 4698 1882 4750 et
1912 4694 1973 4750 in
2002 4698 2261 4752 montem
2291 4694 2453 4751 ducit
2490 4693 2793 4750 excelsum
2831 4693 3020 4761 valde,
3073 4709 3144 4751 ac
3201 4693 3389 4767 digito
3417 4696 3472 4752 ei

1824 4783 2206 4849 demonstrat,
2243 4786 2307 4842 in
2353 4789 2647 4842 momento
2708 4783 3004 4856 temporis,
3055 4782 3222 4857 quod
3285 4783 3470 4842 etiam

1333 5136 1560 5208 Variae
1584 5137 1910 5209 lectiones
1941 5145 2010 5209 et
2047 5147 2252 5209 notae.

201 5328 299 5472 (97;
317 5331 356 5387 Ι.
385 5349 436 5390 e.
476 5339 555 5407 μὴ
581 5331 697 5388 δέον
727 5337 1139 5409 παρατηρήσεως
1175 5331 1562 5410 ἀκριϐεστέρας.

200 5401 278 5468 (98
335 5406 468 5462 Haec
509 5406 573 5462 in
600 5411 811 5464 neutro
842 5421 1116 5463 meorum
1145 5413 1515 5472 comparent.
1551 5409 1562 5462 ε

331 5529 670 5614 frocedere.
703 5532 851 5614 lmo,
882 5544 1183 5614 quaerere,
1208 5536 1427 5605 petere.

335 5406 484 5462 Ηεεδ
509 5406 573 5462 in
600 5406 811 5464 neutro
842 5406 1116 5463 meorum
1145 5406 1515 5480 comparent.
1551 5408 1788 5482 Sumpta
1815 5409 1955 5466 sunt
1978 5423 2052 5465 ex
2079 5409 2406 5484 Theophyl.
2433 5425 2501 5484 p.
2539 5413 2629 5470 22.

226 5599 309 5664 οδ)
347 5602 730 5676 Quanquam,
753 5609 864 5661 etc.
893 5599 920 5670 ξ
937 5618 1065 5659 cum
1093 5599 1262 5676 prius
1290 5619 1413 5662 non
1442 5603 1660 5674 fecerit,
1693 5620 1817 5665 non
1854 5604 2068 5664 factum
2093 5604 2187 5663 sit.
