3990 6206
359 312 469 388 {79'

1656 326 2009 385 EUTYHMII
2048 324 2374 383 ZIGABENI

3606 324 3715 380 180

362 454 590 513 addidit
620 442 807 512 Lucas
822 455 1025 522 ",hoc
1053 458 1157 519 est,
1186 453 1246 510 in
1267 469 1458 527 parvo
1487 459 1780 527 tempore,
1814 459 2009 526 partes

2127 453 2323 526 βραχεῖ
2361 459 2548 527 καιρῷ,
2596 454 2662 503 τὰ
2690 455 2817 523 μέρη
2850 458 2943 513 τῆς
2969 451 3293 525 οἰκουμένης,
3333 454 3382 504 ἓν
3408 449 3485 513 οἷς
3519 452 3716 504 ἔκειντο

365 545 548 611 orbis,
568 546 628 601 in
655 545 876 617 quibus
907 544 1120 601 mundi
1144 559 1330 613 regna
1348 545 1457 600 sita
1488 548 1673 612 erant,
1704 544 1926 607 dicens,
1951 544 2011 598 in

363 635 479 691 hac
505 635 747 707 quidem
771 638 939 706 parte
966 634 1229 706 positum
1279 638 1366 688 est
1402 648 1656 703 regnum
1722 637 2012 689 Romano-

363 740 496 779 rum
524 739 536 777 :
574 723 633 779 in
656 724 767 778 ista
790 738 929 778 vero
949 725 1283 787 Persarum,
1312 726 1366 777 et
1396 722 1454 776 in
1491 722 1589 777 illa
1611 723 2008 793 Assyriorum,

364 828 435 869 ac
465 811 593 884 pari
628 810 807 868 modo
837 811 910 866 de
941 811 1185 866 caeteris.
1221 813 1286 865 Et
1323 811 1462 867 item
1502 811 1614 866 hoc
1645 811 2010 882 praecipuam

364 902 545 958 habet
566 900 839 970 gloriam,
873 901 920 954 si
951 898 1173 955 formas
1205 904 1437 971 spectas
1463 915 1533 955 ac
1562 899 1820 969 species;
1850 898 2013 954 aliud

367 1005 508 1046 vero
550 990 610 1044 in
639 988 787 1053 aliis,
818 993 871 1043 et
903 993 968 1043 ut
1006 988 1188 1043 semel
1217 987 1434 1051 dicam,
1474 987 1678 1043 omnia
1725 992 2011 1045 recenset.

367 1078 590 1134 Deinde
631 1078 746 1133 ait:
780 1080 922 1134 Haec
952 1078 1152 1132 omnia
1181 1075 1289 1131 tibi
1335 1075 1521 1142 dabo;
1572 1080 1715 1147 puta
1764 1092 1899 1147 quae
1950 1075 2012 1131 in

366 1167 567 1236 regnis
582 1166 793 1221 mundi
815 1166 1210 1228 continentur,
1238 1166 1289 1219 si
1323 1171 1648 1234 prostratus
1676 1165 2012 1220 adoraveris

364 1272 477 1312 me.
498 1254 833 1322 Quomodo,
855 1270 890 1310 o
904 1254 1221 1319 dolose,tot
1236 1269 1306 1309 ac
1323 1254 1463 1309 talia
1480 1258 1815 1309 commutas
1838 1255 2013 1308 unica

368 1344 770 1401 adoratione?
819 1343 1060 1415 Utique;
1120 1347 1184 1398 ut
1256 1341 1360 1397 ubi
1408 1342 1687 1413 praecepti
1736 1342 2013 1397 facilitate

366 1433 671 1505 deceperis
701 1432 962 1488 avaritiae
986 1432 1169 1487 hamo
1195 1445 1333 1485 eum
1360 1431 1697 1500 transﬁgas,
1728 1430 2010 1497 videlicet,

366 1539 503 1579 cum
534 1536 738 1577 amore
756 1520 1097 1592 possidendi
1130 1533 1452 1589 regnorum
1483 1519 1722 1575 divitias
1747 1524 1802 1575 te
1829 1519 2016 1577 adora

364 1611 534 1668 verit.
588 1610 951 1665 Manifestius
1002 1614 1205 1664 autem
1263 1608 1341 1664 ait
1406 1610 1616 1675 Lucas,
1688 1608 1906 1664 dixisse
1963 1602 2014 1663 ei

366 1699 681 1756 diabolum
712 1714 723 1753 :
767 1698 890 1753 Tibi
909 1698 1055 1753 dabo
1077 1704 1420 1768 potestatem
1444 1699 1592 1754 hanc
1607 1699 1943 1754 universam
1962 1706 2013 1754 et

367 1790 625 1859 gloriam
652 1802 869 1857 eorum,
895 1788 1036 1858 quia
1053 1788 1204 1844 mihi
1225 1788 1447 1843 tradita
1473 1794 1576 1853 est,
1605 1793 1659 1843 et
1690 1788 2014 1858 cuicunque
2044 1816 2086 1869 Β

370 1880 497 1936 volo
514 1879 591 1933 do
620 1892 748 1934 eam
780 1876 1082 1947 ;tuigi(ur
1102 1877 1158 1931 si
1183 1878 1515 1945 provolutus
1538 1891 1737 1932 coram
1764 1892 1855 1933 me
1875 1877 2011 1932 ado-

371 1968 623 2031 raveris,
652 1971 819 2021 erant
838 1972 941 2021 tua
958 1966 1154 2022 omnia
1180 1966 1245 2019 ⁸⁸.
1273 1965 1583 2021 Matthaeus
1610 1964 1854 2036 quidem
1891 1967 2011 2020 haec

364 2054 648 2127 praeteriit
675 2060 967 2126 tanquam
1017 2070 1133 2108 non
1189 2054 1570 2110 necessaria:
1630 2054 1817 2110 Lucas
1869 2070 2009 2111 vero

367 2144 618 2210 addidit,
653 2142 797 2215 quia
825 2142 939 2198 hoc
964 2142 1093 2199 loco
1121 2142 1297 2198 dicta.

2121 544 2174 595 αἱ
2214 542 2480 615 βασιλεῖαι
2536 548 2627 593 τοῦ
2675 546 2897 613 κόσμου,
2954 541 3131 612 λέγων·
3180 541 3261 595 Ἐν
3288 544 3454 612 τούτῳ
3498 544 3587 612 μὲν
3637 549 3717 611 τῷ

2119 636 2259 703 μέρει
2307 629 2471 683 κεῖται
2536 632 2565 687 ἠ
2625 628 2870 700 βασιλεία
2920 638 3019 680 τῶν
3083 630 3365 701 Ῥωμαίων,
3434 629 3480 681 ἐν
3542 630 3715 701 τοῦτῳ

2122 715 2197 784 δε,
2237 721 2262 776 ὁ
2324 727 2422 770 τῶν
2482 726 2715 793 Περσῶν,
2766 718 2812 769 ἐν
2854 718 3025 790 ἐκείνῳ
3073 715 3152 781 δὲ,
3199 721 3230 776 ἠ
3272 727 3371 771 τῶν
3418 719 3717 793 Ἀσσυρίων

2120 812 2208 858 καὶ
2265 810 2330 858 τὰ
2388 807 2507 869 ἑξῆς
2554 810 2762 879 ὁμοίως·
2796 812 2886 858 καὶ
2926 811 3004 858 ὅτι
3048 809 3077 864 ἡ
3122 809 3211 878 μὲν
3264 810 3373 878 ἔχει
3428 804 3585 869 δόξαν
3626 806 3715 860 ἐπὶ

2120 892 2298 948 τοῖσδε
2336 893 2440 956 τοῖς
2476 893 2689 963 εἴδεσιν,
2735 897 2845 968 (99)
2879 898 2908 955 ἠ
2966 894 3025 948 δι
3056 895 3137 949 ἐπὶ
3186 894 3389 966 τοῖσδε,
3427 902 3516 949 καὶ
3556 897 3713 965 ἄλλη,

2120 983 2196 1036 ἐπ’
2239 984 2427 1054 ἄλλοις,
2471 990 2559 1037 καὶ
2599 985 2768 1045 ἁπλῶς
2819 987 2987 1037 πάντα
3042 985 3332 1058 καταλέγει.
3384 984 3508 1039 Εἶτά
3556 1003 3710 1059 φησιο

2120 1081 2297 1126 Ταῦτα
2330 1077 2500 1127 πάντα
2550 1094 2633 1127 σοι
2666 1072 2841 1141 δώσω,
2896 1072 3105 1133 δηλαδὴ
3160 1079 3225 1128 τὰ
3284 1084 3383 1127 τῶν
3432 1075 3713 1149 βασιλειῶν

2120 1171 2211 1215 τοῦ
2260 1165 2485 1236 κόσμου,
2546 1164 2629 1216 ἐὰν
2680 1169 2851 1217 πεσὼν
2904 1170 3271 1238 πγοσκυνήσῃς
3329 1186 3409 1239 με.
3476 1173 3602 1233 Πῶς,
3673 1163 3716 1217 ὦ

2123 1250 2281 1317 δόλιε,
2329 1256 2394 1304 τὰ
2437 1261 2669 1306 τοσαῦτα
2728 1259 2816 1306 καὶ
2868 1255 3087 1306 τοιαῦτα
3126 1261 3555 1328 προπυνὴματος
3602 1256 3718 1316 ἐνὸς

2123 1342 2427 1414 ἁπεμπολεῐς
2471 1362 2485 1406 ς
2538 1345 2766 1409 Πάντως,
2830 1345 2928 1411 ἵνα,
2994 1353 3056 1416 τῇ
3127 1344 3333 1417 εὐκολίᾳ
3392 1353 3483 1398 τοῦ
3538 1348 3717 1398 ἐπιτοξ-

2122 1449 2317 1502 γματος
2372 1430 2669 1498 ἀπατήσας,
2732 1437 3031 1505 περιπείρης
3101 1434 3253 1486 αὐτὸν
3312 1443 3382 1504 τῷ
3444 1434 3717 1508 ἀγκίστρῳ

2122 1528 2213 1580 τῆς
2294 1520 2652 1595 φιλαργυρίας,

2123 1607 2341 1660 πλοῦτον
2398 1617 2497 1660 τῶν
2552 1609 2832 1681 βασιλειῶν
2887 1615 3319 1683 προσκυνήσαντα
3375 1632 3449 1667 σε.
3509 1612 3717 1665 Πλατύ-

2121 1716 2261 1769 τερον
2295 1694 2355 1750 δέ
2391 1718 2547 1769 φησιν
2578 1700 2603 1751 ό
2638 1706 2858 1765 Λουκᾶς,
2901 1702 2981 1752 ὅτι
3019 1702 3149 1753 εἶπεν
3182 1701 3320 1771 αὐτῷ
3374 1703 3399 1753 ό
3453 1699 3714 1763 διάϐολος

2123 1790 2208 1837 Σοὶ
2273 1787 2353 1857 (ί)
2413 1784 2569 1839 δώσω
2624 1793 2717 1847 τὴν
2780 1788 3015 1850 ἐξουσίαν
3082 1793 3273 1847 ταύτην
3328 1791 3554 1853 ἅπασαν,
3624 1797 3719 1844 καὶ

2121 1880 2215 1933 τὴν
2264 1872 2420 1938 δόξαν
2491 1875 2678 1941 αὐτῶν,
2740 1880 2817 1929 ὅτι
2885 1877 2997 1951 ἐμοὶ
3068 1876 3444 1952 παραδέδοται,
3514 1884 3602 1932 καὶ

2122 1962 2204 2015 ἐὰν
2268 1964 2413 2031 θέλω,
2479 1962 2678 2039 δίδωμι
2728 1967 2915 2024 αὐτὴν,
2978 1973 3043 2020 Σὺ
3106 1966 3212 2033 οὖν,
3264 1968 3347 2019 ἐὰν
3415 1975 3717 2043 προσκυνή-

2124 2073 2218 2125 σης
2273 2053 2484 2106 ἐνώπιόν
2550 2074 2670 2125 μου,
2744 2060 2891 2107 ἔσται
2951 2076 3043 2109 σου
3103 2065 3267 2112 πᾶσα.
3332 2058 3389 2109 Ὀ
3459 2062 3546 2130 μὲν
3622 2055 3715 2110 οὖν

2120 2145 2385 2204 Ματθαιος
2435 2150 2602 2195 ταῦτα
2653 2146 2974 2218 παρέλειψεν,
3005 2149 3074 2207 ως
3102 2147 3193 2199 οὐκ
3249 2146 3523 2218 ἀναγκαῖα·
3576 2150 3602 2199 ό
3656 2144 3719 2199 δε

2734 1524 2803 1583 ὡς
2876 1525 3026 1595 ἔρωτι
3090 1531 3178 1575 τοὺ
3259 1526 3560 1582 κτήσασθαι
3626 1527 3718 1576 τόν

367 2239 575 2295 Λουκᾶς
615 2233 936 2306 προσέθηκεν
976 2231 1127 2299 αὐτὰ,
1183 2235 1251 2293 ὡς
1302 2238 1589 2289 τηνικαῦτα
1624 2231 1869 2306 ῥηθέντα.
1920 2229 2117 2292 Πολλὰς
2157 2228 2216 2285 δε
2254 2234 2497 2295 τοιαύτας
2526 2233 2862 2307 παραλείψεις
2900 2240 2988 2287 καὶ
3014 2239 3316 2309 προσθήκας
3346 2236 3394 2288 ἐν
3425 2244 3528 2297 τοῖς
3562 2236 3721 2308 εὐαγο

365 2322 632 2395 γελισταίς
668 2322 923 2395 εὑρήσεις,
960 2324 1048 2372 καὶ
1080 2318 1161 2372 ἐπὶ
1186 2329 1365 2373 πασῶν
1397 2322 1487 2391 ἔχε
1512 2320 1661 2372 λύσιν
1701 2322 1789 2381 τὰς
1816 2317 2137 2380 δηλωθείσας
2160 2321 2349 2382 αἰτίας.

442 2410 758 2482 Plerasque
788 2414 989 2466 autem
1008 2408 1351 2478 hujusmodi
1373 2408 1728 2465 omissiones
1759 2425 1824 2464 ac
1852 2409 2010 2465 addi-

370 2499 559 2557 tiones
590 2499 754 2571 apud
785 2498 1180 2569 evangelistas
1210 2498 1487 2570 reperies,
1516 2504 1573 2554 et
1611 2499 1671 2554 in
1728 2498 2010 2555 omnibus

368 2603 478 2664 pro
504 2588 798 2647 solutione
826 2587 1140 2661 praedictas
1171 2586 1382 2644 adhibe
1420 2602 1654 2644 causas.

442 2854 719 2915 Vers.10.
754 2856 916 2910 Tunc
944 2852 1221 2910 —solum
1270 2853 1443 2909 coles.
1496 2856 1613 2909 Hoc
1661 2868 1902 2925 quoque
1951 2854 2013 2909 in

371 2944 821 3001 Deuteronomio
874 2943 1161 3015 scriptum
1204 2945 1292 2999 est
1349 2944 1421 2999 ‘9.
1491 2943 1813 2998 Considera
1875 2958 2012 2999 vero

2198 2412 2314 2478 ['H
2368 2410 2447 2481 (2)
2513 2415 2736 2482 χρονικὴ
2828 2418 3020 2485 στιγμὴ
3078 2422 3171 2473 τῆς
3229 2412 3592 2487 ἀστρονομίας,
3655 2414 3720 2465 οὗ

2119 2502 2254 2551 πάνυ
2286 2519 2336 2551 τι
2369 2498 2553 2572 βραχὺ
2587 2497 2863 2573 διάστημα
2923 2505 3189 2559 κέκτηται.
3248 2501 3432 2575 Ἤρκει
3495 2500 3578 2555 οὖν
3642 2504 3721 2565 εἰς

2121 2591 2272 2659 μόνον
2347 2592 2405 2640 τό
2467 2585 2636 2652 δεῖξαι
2689 2592 2752 2642 τὰ
2808 2594 2937 2665 μέρη
2997 2600 3085 2651 τῆς
3152 2591 3472 2663 οἰκουμένης,
3533 2592 3581 2644 ἐν
3636 2594 3721 2655 οἷς

2122 2679 2311 2729 ἔκειντο
2364 2679 2417 2729 αἱ
2446 2677 2730 2750 βασιλεῖαι,
2781 2684 2869 2732 καὶ
2909 2680 2979 2740 εἰς
3008 2684 3066 2732 τὸ
3116 2680 3271 2734 εἰπεῖν
3302 2681 3454 2753 ὀλίγα
3478 2686 3593 2755 περὶ
3618 2690 3721 2743 τῆς

2122 2762 2251 2828 δόξη
2263 2787 2283 2827 ς
2304 2766 2514 2837 miram]

2192 2859 2319 2907 Τότε
2375 2886 2441 2895 -
2512 2858 2650 2928 μόνῳ
2727 2856 3047 2930 λατρεύσεις,
3132 2863 3231 2912 Καὶ
3311 2867 3462 2912 τοῦτο
3522 2860 3569 2911 ἄν
3643 2870 3721 2931 τῷ

2124 2950 2496 3017 Δευτερονομίω
2562 2951 2873 3019 γέγραπται.
2934 2952 3115 3001 Σκόπει
3183 2946 3264 3016 δε,
3331 2950 3409 3000 ὅτι
3475 2948 3555 3001 ἐπὶ
3622 2954 3721 3020 μὲν

368 3032 535 3106 quod
564 3033 625 3089 in
652 3032 949 3105 prioribus
978 3032 1223 3104 quidem
1251 3031 1677 3087 tentationibus
1729 3032 2012 3103 patienter

2127 3040 2222 3092 τοῖς
2296 3034 2618 3106 προλαϐοῦσι
2692 3044 3003 3109 πειρασμοῖς
3081 3039 3423 3111 μακροθύμως
3499 3036 3724 3111 ἁπεκρί-

368 3121 761 3194 responderit.
793 3120 901 3177 Ubi
941 3126 1140 3176 autem
1185 3120 1331 3176 vidit
1376 3120 1579 3192 ipsum
1636 3121 2015 3193 impudenter

371 3211 470 3267 Dei
515 3209 591 3268 ad
673 3227 735 3267 se
791 3210 1201 3267 adorationem
1249 3210 1557 3276 attrahere,
1626 3210 2012 3284 divinumque

370 3304 640 3373 expetere
660 3298 974 3367 honorem,
1006 3304 1148 3356 tunc
1174 3299 1372 3372 ipsum
1399 3297 1744 3371 increpavit,
1772 3300 2009 3356 dicens:

370 3390 502 3457 Abi,
534 3391 781 3459 Satana,
814 3390 929 3445 hoc
959 3394 1069 3455 est,
1105 3389 1355 3453 Recede,
1412 3388 1767 3445 adversarie.
1824 3390 2011 3445 Lucas

373 3495 510 3536 vero
538 3479 779 3552 scripsit
805 3496 818 3535 :
852 3480 980 3537 Abi
1006 3484 1137 3547 post
1163 3494 1264 3543 me,
1292 3478 1514 3534 Satana
1544 3479 1613 3542 7°,
1660 3478 1773 3533 hoc
1840 3482 1947 3546 est,
1980 3493 2011 3533 e

370 3571 696 3639 conspectu
727 3582 862 3621 meo
882 3572 935 3620 te
966 3566 1131 3620 aufer
1160 3581 1173 3630 ;
1197 3564 1361 3635 quod
1405 3566 1560 3619 enim
1585 3569 1721 3635 post
1750 3564 2011 3637 aliquem

370 3656 628 3727 ponitur,
654 3654 758 3725 ipsi
790 3668 911 3708 non
939 3657 1204 3723 apparet.
1233 3655 1434 3723 Neque
1465 3652 1744 3707 sustinuit
1767 3658 1827 3708 ut
1852 3670 2015 3709 men-

369 3740 527 3798 dacii
564 3744 837 3811 argueret
864 3738 1159 3794 dicentem
1196 3738 1400 3795 omnia
1454 3739 1565 3793 sibi
1619 3740 1834 3796 tradita
1862 3757 2009 3813 esse,

370 3830 477 3885 sed
507 3828 707 3885 denuo
754 3828 957 3900 ipsum
987 3842 1024 3883 a
1064 3825 1363 3899 Scriptura
1404 3824 1637 3898 repulit,
1672 3833 1727 3883 et
1774 3834 2015 3886 versuto

369 3916 676 3987 ﬂagellum
702 3916 858 3974 facta
872 3920 959 3972 est
978 3916 1325 3989 increpatio,
1342 3931 1537 3988 neque
1569 3915 1729 3971 enim
1753 3918 2013 3990 amplius

370 4005 655 4064 toleravit.

442 4098 510 4152 Et
537 4094 670 4151 ideo
693 4093 797 4167 (cc)
820 4092 1127 4151 Matthaaus
1144 4093 1387 4167 quidem
1402 4098 1768 4166 postremam
1790 4097 2017 4169 scripsit

371 4185 636 4243 avaritia;
665 4184 1053 4240 tentationem
1084 4200 1095 4238 :
1132 4185 1318 4239 Lucas
1350 4189 1546 4240 autem
1607 4187 1803 4257 potius
1843 4203 2015 4243 vanae

370 4274 590 4345 glorias,
622 4272 1099 4347 quia‘Matthaeus
1146 4287 1290 4329 sane
1321 4274 1497 4329 etiam
1555 4275 1777 4329 ordinis
1832 4280 2014 4333 tenta-

370 4364 592 4421 tionem
615 4378 820 4420 curam
843 4360 1070 4429 habuit,
1096 4362 1281 4418 Lucas
1302 4378 1443 4419 vero
1466 4363 1645 4419 solius
1662 4364 2014 4421 narrationis
2047 4389 2092 4444 Ι)

370 4468 599 4510 earum.
634 4454 698 4509 In
727 4468 850 4526 quo
906 4467 1048 4522 ergo
1104 4468 1139 4509 a
1189 4452 1614 4509 tentationibus
1692 4453 2013 4509 Salvatoris

370 4541 805 4600 instituemur?
858 4544 927 4598 Ut
956 4546 1109 4597 certe
1164 4541 1408 4598 inimico
1461 4558 1770 4614 nunquam
1828 4542 2011 4600 ﬁdem

371 4627 746 4687 habeamus:
781 4646 856 4686 ne
914 4630 961 4685 si
993 4630 1159 4686 utilia
1222 4630 1468 4702 quidem
1526 4646 1595 4686 ac
1678 4630 2013 4687 necessaria

443 4807 487 4845 ⁸⁷
523 4805 661 4864 Luc.
694 4822 776 4871 1v,
805 4810 857 4862 5.
893 4804 943 4843 ⁸⁸
968 4805 1113 4863 lbid.
1149 4809 1200 4873 6,
1224 4812 1277 4863 7.

2121 3141 2249 3191 νετο,
2299 3124 2380 3175 ὅτε
2433 3119 2492 3175 δι
2523 3120 2655 3175 εἶδεν
2710 3125 2864 3177 αὑτὸν
2907 3130 3000 3183 τὴν
3043 3134 3131 3178 τοῦ
3186 3134 3317 3179 Θεοῦ
3357 3130 3724 3199 προσκύνησιν

2123 3211 2189 3271 εἰς
2238 3211 2417 3263 ἑαυτόν
2468 3210 2831 3283 ἀναισχύντως
2896 3214 3125 3284 ἕλκοντα,
3186 3220 3273 3266 καὶ
3350 3223 3480 3268 Θεοῦ
3556 3220 3726 3287 τιμὴν

2121 3301 2459 3366 ἀπαιτοῦντα,
2542 3306 2657 3352 τότε
2740 3301 3045 3374 ἐπετίμησεν
3130 3302 3269 3374 αὐτῷ
3351 3304 3520 3356 εἰπών·
3589 3304 3729 3357 ’Υπ-

2120 3390 2213 3459 άγε
2277 3390 2377 3460 (3),
2427 3396 2644 3459 Σατανᾶ,
2707 3395 2989 3455 τουτέστιν,
3047 3390 3327 3466 ἁναχώρει,
3378 3392 3722 3465 ἀντικείμενα.

2113 3466 2178 3531 ’Θ
2210 3474 2269 3530 δε
2321 3484 2522 3539 Λουκᾶς
2547 3478 2744 3550 Ὕπαγε
2808 3479 2977 3532 ὀπίσω
3028 3501 3150 3552 μου,
3214 3481 3451 3555 ἔγραψεν,
3504 3484 3529 3533 ὁ
3572 3482 3726 3535 ἐστιν

2124 3567 2493 3637 ’Δφανίσθητι.
2580 3567 2637 3619 Ὀ
2702 3571 2800 3640 γὰρ
2879 3568 3042 3620 ὀπίσω
3094 3572 3230 3631 τινός
3300 3576 3583 3641 γενόμενος,
3658 3572 3727 3624 οὐ

2123 3660 2352 3727 φαίνεται
2404 3654 2563 3725 αὐτῷ.
2623 3656 2733 3707 Οὐκ
2782 3658 2996 3728 ἠνέχετο
3055 3654 3113 3710 δὲ
3143 3658 3343 3729 ἐλέγξαι
3383 3660 3536 3710 αὐτὸν
3584 3659 3730 3730 30w-

2125 3745 2361 3814 σάμενον,
2396 3744 2475 3794 ὅτι
2514 3745 2539 3794 ό
2575 3749 2771 3816 κόσμος
2824 3744 2964 3816 αὐτῷ
3017 3744 3395 3819 παραδέδοται,
3445 3748 3575 3799 ἀλλὰ
3618 3750 3730 3800 ποε-

2121 3831 2199 3883 λιν
2231 3830 2331 3884 ἀπὸ
2375 3840 2469 3894 τῆς
2510 3838 2715 3905 Γραφῆς
2770 3834 2925 3886 αὑτὸν
2981 3838 3341 3906 καταισχύνει.
3395 3842 3493 3889 Καὶ
3534 3836 3727 3890 λοιπὸν

2123 3920 2320 3993 μάστιξ
2348 3929 2419 3991 τῷ
2449 3931 2656 3995 πονηρώ
2681 3926 2883 3994 ’γέγονεν
2933 3925 2961 3981 ἠ
3014 3924 3333 3996 ἐπιτίμησις.
3386 3926 3573 3977 Οὐκέτι
3612 3930 3729 4003 γὰρ

2125 4008 2370 4084 ἐκαρτίρη
2381 4029 2455 4064 σε.

2200 4104 2297 4151 Καὶ
2366 4096 2511 4152 διοιτὶ
2560 4102 2823 4160 Ματθαῑος
2876 4102 2966 4172 μεν
3032 4099 3316 4153 τελευταῖον
3382 4101 3575 4173 ἔγραψε
3628 4107 3733 4156 τὸν

2127 4188 2415 4260 πείρασμὸν
2488 4196 2582 4247 τῆς
2641 4188 3000 4261 φιλαργυρίας,
3060 4191 3085 4240 ό
3138 4186 3196 4241 δε
3266 4196 3467 4251 Λουκᾶς
3524 4191 3730 4262 μᾶλλον

2123 4280 2210 4328 τὸν
2272 4284 2365 4338 τῆς
2413 4273 2709 4339 κενοδοξίας
2761 4294 2774 4340 ;
2830 4282 2968 4329 Διότι
3018 4280 3274 4339 Ματθαίος
3329 4283 3418 4351 μὲν
3480 4286 3569 4332 καὶ
3626 4291 3732 4343 τῆς

2122 4365 2314 4427 τάξεως
2364 4373 2461 4417 τῶν
2520 4374 2817 4437 πειρασμῶν
2854 4366 3136 4439 ἐφρόντισε⁸
3192 4374 3394 4429 Λουκᾶς
3450 4366 3509 4421 δὲ
3556 4375 3734 4442 μόνης

2123 4462 2217 4514 τῆς
2266 4451 2565 4525 διηγήσεως
2618 4454 2810 4510 αὐτῶν.
2875 4460 2938 4507 Τί
2998 4452 3085 4507 οὖν
3114 4454 3214 4509 ἀπὸ
3262 4464 3362 4527 τῷν
3414 4469 3736 4532 πειρασμῶν

2122 4550 2213 4594 τοῦ
2271 4550 2504 4615 Σωτῆρος
2581 4541 2937 4615 παιδευόμεθα
2992 4560 3004 4610 ;
3052 4549 3121 4596 Τό
3186 4551 3256 4617 μὴ
3328 4548 3599 4598 πείθεσθαι
3646 4559 3740 4619 τῷ

2124 4630 2297 4706 ἐχθρῷ
2352 4629 2635 4704 μηδέποτε,
2695 4629 2834 4705 μηδὲ
2905 4632 2947 4685 εὶ
3012 4639 3261 4706 χρήσιμα
3315 4638 3402 4685 καὶ
3458 4633 3743 4707 ἀναγκαία

1354 4808 1401 4843 ⁸ο
1428 4807 1595 4864 Deut.
1624 4823 1699 4871 vn,
1730 4811 1780 4864 3.
1811 4809 1858 4844 ⁷ο
1890 4809 2029 4864 Luc.
2055 4824 2134 4873 iv,
2175 4807 2228 4864 8.

1582 4960 1800 5027 Variae
1831 4960 2157 5029 lectiones
2190 4969 2254 5028 et
2278 4961 2491 5040 fnotaa.

466 5133 557 5206 99)
588 5131 775 5189 lntell.
805 5136 905 5184 τῶν
925 5128 1215 5258 χὲημοξτων
1238 5130 1327 5183 καὶ
1349 5131 1687 5219 πραγμάτων.

472 5206 518 5258 ll
551 5200 923 5258 Παοαδίδοται
1008 5246 1021 5258 .

472 5200 1050 5280 ί)’Παραδίδοται’Β,’
1179 5271 1217 5280 Π
1318 5271 1327 5280 _
1391 5200 1398 5202 7

464 5271 518 5346 2)
547 5271 681 5333 Ηώο
708 5276 771 5331 in
801 5279 1053 5346 utroque
1076 5271 1290 5346 codice
1316 5271 1590 5341 leguntur
1634 5272 1695 5327 in
1732 5271 2018 5346 margine

371 5343 799 5406 ac'referuntur
828 5346 905 5402 ad
922 5343 1281 5402 vocabulum
1316 5352 1561 5415 στιγμῆς,
1585 5343 1750 5416 quod
1800 5360 1830 5399 ε
1860 5343 2019 5400 Luca

368 5419 651 5478 laudatur
677 5419 739 5474 in
770 5416 993 5474 scholio
1019 5416 1315 5481 proximo.
1390 5472 1395 5481 λ

440 5491 518 5566 (3)
552 5490 849 5563 Chrysost.
877 5492 920 5546 t.
955 5483 1066 5556 VII,
1093 5502 1160 5561 p.
1204 5485 1328 5543 172.
1367 5488 1432 5541 Α.
1486 5483 1550 5541 B.
1610 5486 1772 5544 hunc
1818 5485 2019 5544 locum

438 5642 549 5723 (cc)
579 5641 737 5702 Ideo.
767 5639 902 5701 Cur.

2125 5130 2535 5205 interpretans,
2569 5131 2675 5205 bis_
2697 5130 2878 5188 habet
2903 5132 3071 5185 οπὶσω
3110 5152 3230 5205 μου.
3262 5133 3379 5205 Sed,
3408 5132 3522 5189 ista
3541 5148 3749 5192 voca-

2128 5201 2444 5276 bula’non
2469 5206 2587 5257 tam
2621 5202 3036 5273 Chrysostomi,
3071 5201 3251 5276 quam
3275 5204 3550 5276 codicum
3583 5220 3757 5263 auc-

2128 5274 2358 5347 toritate
2390 5274 2673 5347 nituntur.
2709 5276 2855 5347 Nam
2885 5274 3328 5347 Chryso'stomus
3380 5275 3606 5347 smpius
3633 5276 3756 5333 di-

2127 5358 2296 5398 versa
2334 5343 2467 5398 loca
2493 5344 2745 5400 invicem
2775 5343 3228 5415 jungit."01rim
3256 5366 3356 5415 μου
3380 5386 3394 5409 ,
3432 5343 3495 5401 ut
3534 5345 3615 5401 ad
3662 5348 3749 5407 h.

2128 5432 2179 5495 Ι..
2200 5414 2735 5495 ciconia-expulsum
2760 5414 2847 5473 est
2865 5414 3214 5474 auctoritate
3238 5414 3758 5492 Origenis,quem

2130 5485 2261 5541 vide
2298 5490 2337 5541 t.
2374 5485 2466 5551 ιιι,
2496 5501 2559 5557 ρ.
2598 5486 2723 5543 540.
