3990 6206
255 331 330 385 181
1132 323 1500 383 COMMENT.
1542 324 1614 383 IN
1649 324 1708 383 Μ.

1830 323 2083 384 'ILEUM.
2122 357 2192 370 --
2230 327 2384 386 CAP.
2429 327 2524 385 III.

3409 331 3513 420 1⁸9

248 453 468 508 ίπιτιέττει.
515 455 657 506 Σαίνει
845 454 948 526 ’γὰρ
1001 459 1076 524 τῷ
1127 459 1374 528 χρηστῷ,
1428 450 1640 524 τελευτᾷ
1691 449 1708 506 ἑ

1830 507 1831 510 η
1855 453 2080 525 jubeat.
2153 454 2459 527 Siquidem
2506 469 2611 528 per
2657 469 2730 512 ea
2784 470 2917 528 quae
2973 454 3297 513 commoda
3351 461 3512 529 sunt,

245 564 304 604 εις
326 546 510 617 πονηρὸν·
547 542 619 611 (4)
655 545 714 593 τὸ
741 546 815 614 μὴ
875 538 970 595 διὰ
1015 541 1162 615 λιμὸν
1214 546 1244 600 ἤ
1291 542 1536 599 τοιαύτην
1592 540 1748 599 ἄλλην

240 631 420 702 ἀνάγκην
456 637 592 683 ποιεῖν
645 629 846 702 θέλημα
902 638 994 682 τοῦ
1066 627 1328 703 δαίμονος,
1403 628 1530 682 ἀλλά
1589 650 1748 684 κατα-

235 725 390 794 φεύγειν
411 719 475 772 ἐπὶ
498 722 575 772 τόν
603 723 752 772 Θεὸν·
784 722 845 772 τὸ
876 724 948 792 μὴ
985 720 1306 794 ἐκπειράζειν
1345 722 1432 772 τὸν
1476 723 1626 789 Θεὸν,
1657 725 1747 773 καὶ

231 813 278 860 τό
297 815 353 880 μη
383 812 624 882 προσέχειν
668 817 740 879 τῷ
787 805 823 862 δ
828 808 1017 881 ιαϐόλῳ
1063 816 1256 881 σημεῖα
1293 809 1556 869 ζητοῦντι.
1590 808 1743 862 Δόλον

223 902 302 971 γάρ
337 901 497 959 τούτοις
537 897 901 972 ἐναποκρύψας
943 898 1094 954 αἰτεῖ.
1142 901 1283 959 Τινὲς
1336 894 1395 951 δε
1447 917 1596 970 φασι,
1653 900 1742 950 τὸν

217 983 408 1040 διάϐολον
441 985 701 1051 ὑποδεὶξαι
741 995 816 1058 τῷ
856 995 1073 1063 Χριστῷ
1113 988 1291 1050 πάσας
1335 988 1424 1048 τὰς
1464 985 1742 1060 βασιλείας

210 1083 281 1128 τοῦ
313 1081 482 1148 κόσμου
523 1081 610 1129 καί
645 1081 739 1136 τὴν
788 1073 948 1140 δόξαν
988 1077 1174 1143 αὐτῶν,
1226 1076 1285 1129 ού
1318 1075 1434 1129 κατ’
1485 1078 1738 1135 αἴσθησιν

206 1174 398 1235 τοπικῶς,
449 1164 568 1218 ἀλλὰ
629 1168 767 1218 κατὰ
827 1163 1064 1220 διάνοιαν
1125 1167 1513 1239 ὑπογραφῖκῶς.
1571 1172 1736 1218 Τοῦτο

205 1251 251 1307 δε
288 1251 419 1322 εἷπον,
463 1252 554 1309 διὰ
596 1259 656 1308 τό
703 1255 752 1308 ἓν
804 1263 1000 1329 στιγμῇ
1055 1259 1250 1330 χρόνου
1294 1257 1486 1318 ταύτας
1524 1251 1735 1310 ὑποδεῖ-

199 1341 278 1404 ξιι.

243 1523 347 1573 Τότε
387 1550 453 1562 -
497 1517 760 1584 διάϐολος.
818 1519 876 1574 Ὀ
949 1517 1009 1574 δε
1071 1525 1281 1584 Λουκᾶς
1339 1519 1582 1594 ἔγραψεν,
1650 1521 1731 1572 ὁτι

189 1610 255 1662 καὶ
305 1609 580 1671 συντελέσας
640 1613 812 1664 πάντα
867 1613 1158 1684 πειρασμὸν
1224 1612 1250 1662 ὁ
1309 1606 1344 1661 δ
1350 1608 1572 1676 ιάϐολος,
1633 1608 1730 1662 ἀπ-

188 1703 281 1756 έστη
325 1700 406 1751 ἀπ’
452 1700 610 1752 αὐτοῦ
664 1701 803 1773 οῖχρι
840 1707 1046 1774 καιροῦ.
1089 1703 1188 1753 Καὶ
1242 1703 1493 1771 φαίνεται,
1545 1699 1626 1751 ὃτι
1678 1700 1728 1752 οῖ

1859 543 2136 600 adulatur
2165 559 2176 598 :
2211 544 2339 600 ﬁnit
2366 560 2508 600 vero
2539 545 2597 599 in
2632 544 2878 600 malum.
2909 545 3100 617 thue
3122 560 3232 602 nec
3266 551 3510 620 propter

1856 631 2103 699 famem,
2131 632 2387 689 aliamve
2417 637 2727 704 urgentem
2761 633 3193 700 necessitatem,
3214 634 3507 693 faciamus

1855 720 2147 776 daemonis
2171 721 2559 788 voluntatem,
2591 723 2693 777 sed
2720 721 2796 777 ad
2826 724 3014 778 Deum
3042 723 3461 793 confugiamus
3489 741 3502 782 :

1851 824 1928 865 ne
1951 809 2138 866 Deum
2170 814 2486 876 tentemus,
2542 827 2733 883 neque
2789 811 3029 867 diabolo
3061 814 3236 883 signa
3279 815 3505 886 petenti

1829 897 2256 975 .intendamus.
2313 901 2448 956 Haec
2497 900 2656 955 enim
2719 898 3016 956 occultato
3073 901 3189 958 sub
3232 902 3316 958 eis
3367 903 3502 962 dolo

1849 989 2131 1060 postulat.
2183 990 2440 1055 Quidam
2466 993 2667 1046 autem
2694 989 2902 1046 dicunt
2929 990 3240 1047 diabolum
3271 991 3500 1050 Christo

1847 1077 2290 1135 demonstrasse
2351 1078 2554 1135 omnia
2627 1092 2814 1148 regna
2875 1079 3088 1134 mundi
3139 1083 3196 1135 et
3247 1080 3496 1150 gloriam

1846 1185 2075 1235 eorum,
2103 1184 2222 1224 non
2237 1167 2315 1224 ad
2341 1183 2584 1224 sensum
2605 1167 2888 1234 localiter,
2915 1167 3021 1225 sed
3039 1167 3116 1224 ad
3134 1169 3499 1228 intellectum

1843 1257 2233 1327 designanda.
2272 1257 2390 1313 Hoc
2415 1261 2616 1314 autem
2658 1256 2934 1313 dixerunt
2962 1261 3204 1329 propter
3229 1258 3290 1313 id
3331 1261 3496 1332 quod

1842 1347 2132 1420 scriptum
2159 1351 2266 1413 est,
2311 1347 2441 1404 haec
2467 1348 2522 1402 in
2554 1351 2864 1404 momento
2917 1347 3202 1421 temporis
3253 1348 3496 1408 demon-

1841 1440 2056 1494 strasse
2068 1478 2081 1492 .

1909 1525 2071 1582 Vers.
2088 1527 2114 1580 1
2130 1529 2146 1580 l
2165 1567 2179 1581 .
2197 1526 2352 1582 Tunc
2363 1555 2431 1566 —
2444 1525 2716 1583 diabolus
2729 1570 2742 1583 .
2764 1527 2953 1581 Lucas
2969 1529 3171 1582 autem
3184 1528 3485 1602 scripsit",

1837 1615 2004 1686 quod
2062 1615 2363 1688 completa
2415 1615 2583 1670 omni
2629 1615 2972 1682 tentatione,
3017 1614 3297 1672 diabolus
3349 1617 3491 1674 abs-

1836 1704 2011 1759 cessit
2049 1703 2122 1761 ab
2152 1721 2218 1760 eo
2247 1719 2434 1776 usque
2463 1703 2542 1760 ad
2573 1707 2818 1776 tempus.
2859 1704 3116 1776 Apparet
3145 1709 3343 1762 autem
3369 1710 3488 1764 tres

186 1785 569 1859 ἆπαριθμηθέντες
631 1795 771 1864 τρεῖς
835 1793 1141 1862 πειρασμοὶ,
1208 1788 1458 1860 κεφάλαια
1521 1790 1708 1841 πάντωπ

1835 1798 2216 1850 enumeratas
2239 1793 2614 1856 tentationes,
2644 1793 2844 1865 capita
2887 1793 3160 1849 omnium
3187 1810 3324 1852 esse
3363 1799 3489 1854 ten-

184 1875 262 1927 εἰσὶ
300 1886 385 1927 τῶν
432 1887 753 1952 πειρασμῶν.
798 1878 885 1932 Ἐκ
943 1880 1138 1930 τούτων
1189 1879 1290 1951 ⁴γὰρ
1347 1881 1436 1929 καὶ
1475 1879 1524 1930 οἱ
1580 1876 1725 1930 ἄλλοι

183 1965 320 2025 πάντες
367 1964 756 2038 ἀπογεννῶνται,
812 1971 905 2020 καὶ
961 1968 988 2019 ὁ
1043 1968 1108 2018 τὰ
1157 1967 1299 2024 πάθη
1351 1973 1519 2020 ταῦτα
1581 1972 1724 2026 νική-

181 2070 269 2117 σας,
316 2058 416 2126 ἔχει
457 2058 591 2108 κατὰ
637 2059 842 2109 πάντων
891 2057 958 2108 τὰ
998 2059 1295 2128 νικητήρια.
1336 2059 1406 2108 Τὸ
1455 2052 1515 2108 δὲ
1552 2054 1721 2131 ’Ἀχρι

179 2150 338 2213 καιροῦ,
382 2149 644 2217 σημαίνει,
690 2145 772 2197 ὃτι
815 2147 980 2218 μέχρι
1036 2151 1126 2204 τῆς
1170 2146 1313 2216 παρὰ
1356 2150 1456 2196 τῶν
1492 2139 1718 2196 Ἰουδαί-

178 2250 228 2280 ων
261 2230 526 2296 ἐπιϐουλῆς.
587 2238 716 2287 Τότε
775 2236 878 2307 γὰρ
937 2232 1090 2286 πάλιν
1145 2229 1478 2306 προσέϐαλεν,
1530 2233 1588 2286 ού
1641 2229 1715 2285 δι’

176 2317 333 2389 ἑαυτοῦ,
383 2321 505 2375 ἀλλά
576 2319 671 2376 διὰ
729 2330 827 2375 τῶν
881 2318 1172 2392 Ἰουδαίων,
1231 2323 1301 2383 ὡς
1359 2317 1431 2373 δι’
1485 2319 1714 2397 ὀργάνων

221 2500 397 2567 ῒΤους
442 2509 580 2574 τρεῖς
627 2501 707 2571 (ὅ)
755 2502 1071 2575 πειρασμοὺς
1113 2500 1193 2573 (6)
1243 2498 1476 2558 ἐνίκησεν
1525 2497 1550 2552 ὁ
1611 2500 1713 2552 Κύ-

168 2603 262 2656 ριος,
339 2592 418 2641 τὸν
486 2599 580 2652 τῆς
654 2594 1100 2664 γαστριμαργίας,
1179 2591 1265 2642 τὸν
1343 2596 1433 2649 τῆς
1505 2584 1712 2641 κενοδο-

167 2675 265 2744 ξίας,
306 2684 385 2732 καὶ
434 2683 518 2732 τὸν
569 2687 666 2742 τῆς
723 2679 1168 2752 φιλοχρηματίας,
1224 2677 1384 2750 ἤγουν
1439 2676 1710 2750 φιλοπλου-

168 2767 264 2826 τίας.
303 2764 447 2821 Οὗτοι
483 2772 584 2842 γὰρ
641 2769 773 2822 εἰσιν
821 2771 870 2820 οἱ
915 2766 1163 2840 ἄρχοντες
1215 2775 1314 2819 τῶν
1345 2768 1541 2820 παθῶν.
1581 2768 1709 2818 Τού-

166 2871 252 2916 τους
293 2853 367 2908 οὖν
424 2862 669 2925 νικήσας,
727 2863 816 2910 καὶ
876 2860 992 2918 τοὺς
1041 2856 1224 2918 ἄλλους
1275 2855 1444 2927 πολλῷ
1492 2854 1701 2928 μᾶλλον.

164 2940 275 2994 Ὀθεν
323 2948 347 2997 ὁ
398 2953 597 3009 Λουκᾶς
655 2965 835 3020 φησιν,
894 2948 974 2999 ὅτι
1032 2948 1200 3000 πάντα
1250 2947 1540 3018 πειρασμὸν
1595 2943 1703 2998 ἐτέ-

163 3029 261 3087 λεσε.
301 3033 406 3088 Ὀτι
444 3033 504 3089 δε
549 3036 766 3108 ἄγγελοι
809 3032 1145 3088 διακονοῦσιν
1198 3035 1360 3106 αύτῷ,
1412 3032 1698 3101 δείκνυσιν,

1835 1882 2145 1938 tationum.
2180 1882 2266 1938 Ab
2298 1883 2388 1938 his
2417 1897 2680 1955 namque
2697 1886 2926 1938 caeteras
2951 1898 3163 1939 omnes
3187 1884 3480 1954 oriuntur,

1832 1975 1897 2028 ut
1921 1971 2025 2044 qui
2049 1973 2160 2028 bos
2207 1971 2484 2028 devicerit
2534 1972 2796 2038 effectus,
2835 1976 3042 2028 contra
3072 1987 3273 2028 omnes
3301 1973 3483 2031 victo-

1828 2059 1982 2116 riam
2008 2061 2295 2117 obtineat.
2321 2060 2493 2126 Quod
2515 2063 2716 2117 autem
2739 2059 2981 2116 additur
3009 2077 3022 2116 ε
3046 2062 3235 2135 Usque
3255 2061 3326 2117 ad
3343 2068 3481 2121 tem-

1823 2165 1952 2221 pus,
1983 2149 2297 2220 signiﬁcat,
2327 2165 2515 2222 usque
2544 2149 2622 2206 ad
2650 2148 2989 2206 Judmorum
3018 2150 3284 2209 insidias.
3317 2153 3478 2211 Tunc

1825 2238 1984 2296 enim
2010 2254 2250 2295 rursum
2302 2239 2694 2311 oppugnavit,
2727 2254 2850 2296 non
2892 2254 2995 2311 per
3053 2240 3337 2312 seipsum,
3371 2243 3478 2300 sed

1822 2342 1930 2400 per
1956 2327 2211 2394 Judaaos,
2245 2330 2538 2400 tanquam
2567 2342 2671 2400 per
2695 2342 2926 2399 organa
2955 2329 3264 2402 quaedam.

1890 2509 2029 2564 Tres
2049 2505 2404 2564 tentationes
2426 2507 2705 2564 sustinuit
2721 2508 3028 2576 Dominus,
3051 2524 3270 2583 nempe
3292 2511 3472 2584 gulae,

1817 2612 1981 2653 vanae
2006 2596 2207 2667 glorias
2237 2603 2293 2652 et
2321 2595 2605 2654 avarities.
2640 2597 2788 2654 Sunt
2807 2597 3023 2655 etenim
3055 2599 3178 2655 ὴωο
3197 2601 3472 2658 omnium

1815 2686 2117 2743 malorum
2139 2685 2463 2742 affectuum
2489 2686 2682 2758 capita
2709 2702 2721 2741 :
2750 2687 2851 2759 qui
2903 2687 3018 2744 has
3085 2687 3374 2756 devicerit,
3407 2690 3470 2747 in

1816 2775 2015 2832 multis
2045 2791 2288 2848 quoque
2319 2774 2450 2832 aliis
2480 2775 2674 2846 magis
2690 2774 2878 2832 victor
2898 2776 3125 2833 evadet.
3160 2777 3350 2835 Lucas
3365 2778 3471 2838 ita-

1812 2879 1930 2936 que
1949 2865 2092 2922 dicit
2106 2867 2176 2934 ⁷³,
2195 2865 2360 2937 quod
2377 2880 2620 2922 omnem
2647 2865 3032 2938 compleverit
3052 2867 3435 2925 tentationem
3448 2914 3464 2940 ,

1812 2968 1882 3009 eo
1907 2953 2074 3025 quod
2124 2953 2514 3010 tentationum
2554 2954 2746 3028 capita
2797 2957 3258 3014 consummavit.
3298 2958 3468 3024 Quod

1810 3046 2012 3099 autem
2028 3042 2212 3098 etiam
2250 3043 2448 3114 angeli
2478 3043 2531 3100 ei
2560 3045 2915 3112 ministrant,
2963 3046 3262 3118 signiﬁcat
3290 3048 3466 3107 nobis

162 3122 222 3172 ὃτι
250 3129 321 3175 καὶ
374 3127 490 3197 ἡμῖν
551 3128 689 3198 μετὰ
741 3129 834 3183 τὴν
884 3129 1030 3184 νίκην
1091 3124 1302 3197 ἄγγελοι
1358 3125 1696 3198 ὑπηρετοῦσι.

1830 3146 2053 3204 [noque
2120 3131 2367 3201 angelos
2436 3137 2574 3205 post
2635 3132 2942 3193 victoriam
2999 3136 3460 3196 ministraturos.

163 3212 297 3264 Πάντα
325 3217 415 3286 γὰρ
449 3211 523 3267 δι’
570 3217 716 3287 ἡμᾶς
763 3218 852 3266 καὶ
890 3221 1026 3267 ποιεῖ
1060 3219 1150 3266 καὶ
1183 3210 1448 3266 δείκνυσιν
1493 3213 1519 3266 ὃ
1572 3221 1700 3288 Χρι-

163 3303 269 3364 πὸς,
316 3302 413 3355 ἐπεὶ
463 3303 627 3374 αύτῷ,
690 3305 782 3375 ζὼς
827 3307 956 3374 Θεῷ,
1017 3301 1095 3356 ἀεὶ
1145 3305 1195 3355 οἱ
1249 3302 1457 3376 ἄγγελοι
1508 3303 1698 3378 ὑπουρ-

160 3406 204 3457 70
210 3407 317 3444 νσιν.

211 3485 288 3532 Καὶ
332 3511 393 3522 -
442 3480 725 3541 διηκόνουν
798 3480 956 3551 αύτῷ.
1031 3480 1152 3534 "Ore
1395 3483 1444 3533 οἱ
1503 3481 1697 3554 ἀγῶνες

160 3560 274 3634 Em,
322 3571 405 3622 οὐκ
454 3575 626 3625 εἴασεν
681 3569 874 3633 αὐτοὺς
946 3573 1241 3643 φαίνεσθαι,
1305 3569 1391 3623 ἶνα
1467 3575 1540 3643 μὴ
1615 3571 1692 3644 (7)

158 3652 331 3732 ἀπολέσῃ
380 3665 471 3719 τήν
529 3663 722 3736 eis/par
772 3661 854 3712 ὅτε
909 3656 969 3713 δὲ
1019 3663 1106 3712 τὸν
1161 3659 1550 3732 ἀνταγωνιστὴν
1595 3659 1693 3712 ἐνί⁸

155 3762 253 3800 ιξσε
295 3752 416 3801 κατὰ
475 3752 686 3825 κράτος,
751 3754 839 3802 καὶ
892 3746 1068 3822 φυγεῖν
1127 3752 1506 3824 παρεσκεύασε,
1578 3754 1693 3803 τότε

155 3841 365 3903 φαίνονται
434 3838 635 3911 λοιπὸν,
716 3840 796 3891 ἶνα
874 3840 1043 3913 μάθῃς
1115 3841 1196 3892 ὅτι
1273 3843 1362 3892 καὶ
1423 3842 1482 3891 σε
1561 3841 1692 3912 μετὰ

155 3927 217 3983 τὰς
261 3925 325 3996 (8)
372 3929 482 3980 κατ’
537 3931 736 3982 ἐκείνου
789 3932 956 3993 νίκας,
1025 3928 1236 4001 ἄγγελοι
1299 3925 1537 3991 δέξονται
1599 3932 1690 3982 καὶ

154 4006 564 4090 Mammosam».

205 4101 429 4168 Ἀκούσας
503 4137 575 4150 -
660 4105 956 4161 Γαλιλαίαν.
1029 4107 1304 4173 Ἀκούσας,

155 4185 270 4249 ιδοθη
307 4194 370 4256 εὶς
418 4201 476 4249 τὸ
532 4192 896 4270 δεσμωτήριον
948 4197 1048 4249 ύπό
1095 4192 1332 4270 Ἡρώδου
1381 4203 1474 4248 τοῦ
1529 4215 1686 4270 τετρ-

155 4281 300 4347 έρχον,
324 4287 476 4346 καθώς
506 4283 614 4359 ἐρεῖ
632 4290 847 4358 προῖὼν.

202 4373 483 4447 ’Δνεχώρησε
552 4371 634 4446 δέ,
719 4370 982 4426 παιδεύων
1062 4375 1214 4446 ἡμᾶς,
1287 4376 1485 4446 φεύγειν
1563 4377 1684 4436 τοὺς

152 4465 425 4532 πειρασμούς.
472 4464 584 4517 Οὐκ
636 4466 750 4516 ἔστι
797 4465 896 4536 γὰρ
941 4461 1196 4536 ἔγκλημα,
1245 4466 1304 4516 τὸ
1362 4467 1434 4536 μὴ
1485 4463 1680 4539 έπιρῥί-

153 4558 254 4596 πτειν
295 4549 455 4604 ἑαυτὸν
509 4554 577 4615 εἰς
635 4549 899 4624 κίνδυνον,
1131 4556 1213 4622 τὸ,
1262 4550 1550 4625 ἐμπεσόντα
1603 4558 1676 4627 μὴ

1393 4105 1474 4159 ὃτι
1556 4126 1687 4182 παρ-

197 4722 230 4758 τ¹
257 4723 374 4784 Luc.
403 4745 479 4800 iv,
515 4731 603 4788 l3.
684 4731 731 4766 ⁴²
759 4728 908 4787 Ibid.

1808 3220 2018 3278 Omnia
2048 3219 2346 3293 siquidem
2387 3225 2627 3293 propter
2667 3237 2778 3278 nos
2818 3228 2874 3279 et
2922 3223 3062 3280 facit
3107 3228 3163 3281 et
3203 3227 3463 3283 ostendit

1805 3308 2113 3376 Dominus,
2173 3309 2267 3365 cui
2323 3309 2505 3366 veluti
2557 3311 2677 3367 Deo
2735 3324 2973 3383 semper
3027 3313 3224 3383 angeli
3286 3313 3458 3370 mini-

1804 3400 2018 3456 strant.

1872 3487 2035 3544 Vers.
2060 3487 2147 3542 11.
2170 3488 2237 3543 Et
2259 3517 2326 3528 —
2345 3486 2772 3546 ministrabant
2801 3489 2871 3545 ei.
2900 3487 3188 3562 Tempore
3211 3490 3457 3564 quidem

1801 3577 2197 3634 tentationum
2221 3591 2344 3633 non
2365 3577 2629 3648 permisit
2645 3593 2749 3634 eos
2765 3593 3074 3651 apparere,
3098 3594 3172 3635 ne
3187 3580 3454 3653 praedam

1801 3665 2211 3737 (dd)perderet
2241 3680 2254 3720 :
2280 3669 2603 3738 postquam
2627 3671 2828 3723 autem
2859 3667 3272 3725 adversarium
3317 3685 3452 3742 pro-

1799 3753 1929 3825 pria
1959 3752 2176 3810 devicit
2195 3753 2560 3825 auctoritate,
2585 3769 2654 3811 ac
2685 3753 2889 3825 fugere
2918 3756 3127 3828 coegit,
3160 3760 3303 3814 tunc
3320 3759 3452 3832 jam

1797 3844 2108 3914 apparent,
2141 3845 2207 3898 ut
2235 3843 2476 3898 noveris
2527 3843 2693 3916 quod
2749 3847 3073 3917 postquam
3103 3844 3166 3901 in
3195 3846 3452 3904 modum

1797 3930 1925 4003 ejus
1953 3930 2183 3998 viceris,
2227 3935 2282 3987 et
2309 3936 2364 3988 te
2390 3931 2716 4006 suscipient
2737 3948 2808 3991 ac
2832 3933 3140 4007 stipabunt
3155 3935 3375 4007 angeli.

1869 4111 2030 4165 Vers.
2072 4109 2158 4164 12.
2187 4108 2338 4168 Cum
2368 4109 2622 4168 audisset
2645 4141 2716 4154 —
2749 4112 3076 4171 Galilaeam.
3117 4113 3446 4188 Postquam

1794 4197 2057 4255 audisset
2081 4197 2246 4271 quod
2273 4198 2334 4253 in
2351 4214 2649 4256 carcerem
2661 4201 2909 4258 traditus
2934 4205 3088 4259 esset
3113 4203 3192 4260 ab
3217 4204 3444 4262 Herode

1792 4286 2106 4354 tetrarcha,
2138 4287 2291 4345 sicut
2311 4287 2373 4344 in
2405 4289 2787 4360 sequentibus
2809 4291 3079 4348 dicturus
3098 4297 3206 4348 est.

1863 4377 2112 4434 Secessit
2162 4381 2362 4434 autem
2418 4377 2711 4433 instruens
2781 4395 2912 4446 nos,
2962 4384 3027 4436 ut
3085 4381 3441 4441 tentationes

1789 4464 2104 4538 fugiamus.
2130 4468 2329 4538 Neque
2352 4466 2510 4522 enim
2525 4465 2732 4522 vitium
2751 4471 2860 4532 est.
2891 4468 3153 4542 seipsum
3171 4471 3440 4544 periculo

1788 4569 1907 4611 non
1935 4553 2192 4627 objicere
2223 4573 2236 4612 :
2267 4555 2373 4612 sed
2400 4554 2502 4612 ubi
2516 4554 2812 4626 inciderit,
2844 4572 2968 4616 non
2993 4561 3150 4618 stare
3174 4560 3433 4622 viriliter.

1290 4853 1514 4924 Variae
1539 4855 1866 4926 lectiones
1908 4865 1974 4926 et
1995 4864 2197 4926 notae.

194 4991 251 5059 ti)
279 4993 442 5054 Etiam
471 4997 596 5055 haec
639 4996 906 5072 pendent
935 5011 1008 5054 ex
1052 4996 1482 5070 superioribus,
1524 5003 1576 5052 τί
1603 5029 1672 5042 -

146 5057 458 5119 furiosa-area:

193 5111 464 5214 (il—[igniti
490 5140 654 5214 nullo
686 5155 956 5214 meorum
981 5139 1379 5214 reperiuntur.
1403 5141 1670 5214 Repetite.

145 5208 240 5256 Iunt
262 5221 317 5261 ex
341 5209 756 5294 'l'beophylact.
895 5211 966 5292 23
999 5208 1065 5265 ΒΣ
1282 5281 1294 5293 ο

193 5273 251 5338 (ὃ)
275 5277 530 5338 “Inuum
554 5283 782 5338 Videtur
826 5297 1021 5338 emsse
1047 5281 1294 5338 Hentem

193 5273 251 5342 (ὃ)
275 5273 530 5353 “hiemis
554 5273 1021 5353 v'ideturlegisse
1047 5281 1394 5339 Hentenius.

1777 5142 2067 5224 intelligit,
2099 5149 2193 5224 τὴν
2223 5142 2622 5224 προσαγομένην
2655 5150 2796 5224 παρὰ
2821 5156 2912 5203 τοῦ
2943 5146 3037 5206 δια

1849 4999 1932 5124 ἕξ)
1962 5001 2264 5088 Chrysost.
2297 5004 2441 5058 tom.
2476 5003 2588 5068 VII,
2623 5019 2676 5076 p.
2712 5005 2833 5061 172.
2863 5005 2930 5062 E.
2971 5005 3134 5061 Ὠστε
3162 5012 3232 5083 μὴ
3267 5013 3430 5084 ταύτῃ

1881 5092 2013 5124 ησαι
2068 5077 2160 5124 τήν
2208 5093 2394 5124 αινοαν.
2443 5076 2651 5124 eodem
2709 5091 2910 5124 sensu-
2981 5077 3179 5124 ‘Ammm
3231 5086 3428 5124 nntnm

1783 5074 2013 5131 σοϐῆσαι
2068 5077 2160 5132 τὴν
2208 5074 2394 5146 ἄγραν,
2443 5074 2652 5131 eodem
2709 5091 2911 5134 sensu.
2981 5077 3044 5134 Ἀ
3084 5074 3179 5154 ραν
3231 5074 3431 5142 autem

1783 5142 2067 5210 intelligit,
2099 5149 2193 5203 τὴν
2223 5150 2622 5210 προσαγομένην
2655 5150 2796 5210 παρὰ
2821 5156 2912 5203 τοῦ
2943 5146 2979 5204 δ
2984 5100 3214 5210 ιαέόλου.

1845 5216 1928 5286 (8)
1970 5218 2136 5282 Kurd,
2169 5216 2414 5274 omittit.
2432 5216 2499 5276 Α.
2582 5245 2589 5254 ο

189 5415 719 5524 Ε.ῗέ
739 5422 1660 5524 ἷξε)ῗὲἓέξῇ³ίλἿΡΞῖξῩΞθΡΞνίὲ

1830 5446 1906 5498 το,
1937 5427 1967 5513 L
1999 5434 2062 5500 τῇ
2086 5501 2096 5516 1
2123 5428 2462 5524 Σαμαρείτιδι
2523 5431 2542 5520 ]
2586 5451 2729 5524 τους.
2759 5435 3002 5524 μαθητὰς
3065 5433 3308 5524 ἐπίτηδες
3355 5439 3427 5505 εἰς

142 5478 406 5580 gingiua
442 5478 833 5580 assignas?
854 5478 1128 5580 «nam
1172 5478 1656 5580 amassis};

142 5548 366 5639 una...
380 5548 1654 5639 assae—isissergsiaaqcﬁiaaagaais

143 5631 203 5680 εἴ
221 5633 360 5694 etiam
378 5631 676 5712 Chrysost.
704 5642 830 5696 tom
854 5636 966 5705 XII,
991 5653 1050 5710 p.
1085 5637 1187 5695 356
1215 5638 1256 5694 C
1280 5654 1293 5694 :
1325 5643 1464 5716 Μόνη
1496 5636 1531 5694 δ
1537 5639 1652 5694 ιελέ·

1764 5502 1858 5558 τὴν

1760 5569 1907 5627 Item
1925 5569 2070 5628 ibid.
2110 5587 2170 5646 p.
2202 5575 2269 5630 3e

1945 5501 2136 5582 ἀγορὰν
2217 5501 2444 5628 «£54m;-
2523 5501 2606 5558 ἳνα
2666 5509 2736 5578 μὴ
2759 5501 2770 5508 ’
2808 5511 3017 5582 πτοήση
3074 5513 3170 5569 τὴν
3233 5501 3420 5588 657pr

1945 5569 2070 5628 bid.
2110 5587 2170 5628 ι).
2202 5575 2269 5628 3e
2334 5575 2418 5628 ΑΞ
2451 5575 2556 5628 Καὶ
2585 5579 2656 5628 μὴ
2691 5576 2893 5628 σοϐήση
2916 5584 3011 5628 τὴν
3039 5580 3225 5628 ἆσνοιιν-

2334 5575 2381 5630 Α
2404 5589 2418 5632 :
2451 5575 2556 5631 Καὶ
2583 5575 2893 5654 μὴοοϐήσῃ
2916 5575 3011 5640 τὴν
3039 5580 3226 5656 ἄγραν.
