3990 6206
429 348 535 415 183

1747 337 2103 399 EUTHYMII
2144 334 2473 393 ZIGABENI

3704 330 3811 388 184

424 480 499 533 Ἰῑὶ
529 473 832 532 Galilaeam
851 489 987 530 vero
1010 473 1154 539 abit,
1176 472 1352 529 simul
1369 471 1609 545 quidem
1628 472 1689 526 ut
1705 468 2103 539 compleretur

2221 466 2397 523 ττῆναί
2471 463 2734 534 γενναίως.
2792 459 2880 522 Εἰς
2947 463 3039 518 τὴν
3115 457 3389 512 Γαλιλαίαν
3456 455 3516 511 δὲ
3574 459 3811 512 ἄπεισιν⁹

436 583 573 640 quae
587 566 659 621 de
676 581 744 621 ea
764 564 1038 621 scribitur
1053 564 1390 637 prophetia,
1421 562 1571 617 sicut
1586 560 1831 615 inferius
1844 558 2096 621 dicetur;

436 661 621 726 utque
655 654 795 709 inde
833 654 1155 725 piscatores
1205 652 1552 724 piscaretur,
1604 646 1908 721 apostolos
1950 647 2099 713 dico,

434 740 540 817 qui
573 742 653 799 ibi
703 743 1108 799 morabantur.
1166 742 1332 797 Unde
1376 746 1432 796 et
1463 738 1656 810 angeli
1711 737 2014 792 sublevato
2042 736 2103 791 in

439 832 656 889 coelum
690 831 939 896 Christo,
973 830 1249 886 Galilazos
1284 828 1729 901 appellaverunt
1758 842 1881 893 eos,
1905 825 2105 905 dicen-

437 922 527 976 tes
565 964 576 975 .
612 920 740 977 Viri
770 920 1011 985 Galilaei,
1039 919 1192 993 quid
1216 919 1382 975 statis
1402 918 1729 988 aspicientes
1745 917 1806 972 in
1824 914 2105 978 malum”.

518 1191 682 1245 vers,
736 1190 822 1244 13.
877 1188 957 1243 Et
1013 1218 1080 1228 —
1136 1186 1489 1258 Nephtalim.
1534 1185 1772 1253 Relicta,
1836 1185 1944 1241 hoc
1995 1186 2102 1253 est,

445 1278 763 1353 praeterita.
792 1280 953 1333 Tunc
980 1276 1139 1333 enim
1170 1292 1293 1332 non
1333 1279 1421 1331 est
1450 1275 1753 1345 ingressus
1793 1273 2100 1329 Nazareth.

518 1368 685 1423 Vers.
729 1368 815 1421 14.
851 1368 924 1423 Ut
956 1367 1345 1435 compleretur
1373 1396 1441 1405 ——
1482 1363 1546 1420 V.
1609 1364 1687 1419 t6.
1734 1363 1833 1419 eis.
1866 1360 2107 1418 Galilaea

450 1456 694 1531 quidem
727 1454 889 1525 regio
916 1457 1042 1510 erat
1072 1453 1396 1509 Palestinae.
1431 1453 1582 1511 Olim
1616 1455 1816 1507 autem
1846 1450 1987 1506 data
2017 1453 2108 1505 est

448 1546 509 1601 in
532 1547 749 1601 sortem
772 1542 1011 1599 duabus
1037 1542 1306 1598 tribubus
1327 1541 1589 1599 Zabulon
1616 1545 1671 1596 et
1696 1538 2101 1611 Nephthalim:

448 1638 682 1707 partem
704 1637 904 1689 tamen
926 1630 1487 1703 ejusinhabitabant
1508 1635 1713 1701 gentes
1734 1628 2102 1699 alienigenae.

450 1726 519 1780 Et
547 1723 781 1779 videtur
807 1721 1024 1776 horum
1062 1721 1551 1792 propheticorum
1593 1720 1909 1776 verborum
1960 1719 2106 1774 ordo

2209 552 2319 626 ἃμα
2383 555 2490 625 μὲν,
2566 552 2647 602 ἱνα
2693 548 2938 622 πληρωθῇ
3012 550 3038 607 ὁ
3107 553 3223 623 περὶ
3278 548 3441 609 αὐτῆς
3496 554 3812 621 προφητεία,

2209 645 2279 705 ὡς
2341 644 2648 717 ῥηθήσεται·
2712 640 2825 713 ἃμα
2880 636 2959 707 δε,
3029 637 3113 690 ἳνα
3168 637 3353 690 ἐκεῖθεν
3411 638 3626 711 amca»;
3683 641 3813 700 τοὺς

2211 732 2391 800 ἁλιεῖς,
2439 731 2566 802 λέγω
2634 726 2702 787 δή
2758 731 2875 789 τοὺς
2940 727 3274 788 ἀποστόλους.
3339 727 3474 781 Ἐκεῖ
3534 730 3635 802 γὰρ
3716 725 3809 780 δι-

2210 820 2429 896 έτριϐον.
2490 824 2591 873 Καὶ
2627 821 2728 892 γὰρ
2776 822 2866 871 καὶ
2920 817 2969 870 οἱ
3006 816 3216 890 ἄγγελοι
3263 815 3497 890 ὕστερον,
3544 821 3613 879 είς
3648 817 3810 892 ούρα-

2211 913 2293 963 νόν
2392 907 2873 981 ἀναλαμϐανομένου
2968 913 3061 959 τοῦ
3157 913 3413 983 Χριστοῦ,
3504 906 3810 969 Γαλιλαίους

2212 998 2401 1061 αὐτοὺς
2440 998 2704 1067 ἐκάλεσαν,
2759 997 2997 1064 εἰπόντες,
3043 998 3125 1049 ὅτι
3162 991 3383 1072 ’Δνδρες
3435 995 3718 1064 Γαλιλαῖοι,
3760 1000 3812 1049 τὶ

2215 1088 2471 1147 ἑστήκατε
2500 1087 2828 1162 ἐμϐλέποντες
2858 1088 2929 1148 εἰς
2963 1090 3049 1140 τὸν
3077 1086 3309 1163 οὐρανόν.

2286 1182 2385 1231 Καὶ
2429 1209 2497 1218 -
2534 1177 2843 1251 Νεφθαλειμ.
2884 1177 3209 1241 Καταλιπὼν,
3242 1174 3356 1228 ἀντὶ
3385 1182 3495 1248 τοῦ,
3527 1171 3814 1252 παραδρα-

2213 1272 2340 1339 μών.
2374 1269 2499 1322 Τότε
2523 1270 2625 1339 γὰρ
2654 1266 2748 1319 οῦκ
2779 1266 3012 1325 εἰσῆλθεν
3040 1266 3112 1329 εἰς
3140 1270 3232 1326 τὴν
3262 1269 3523 1340 Ναζαρέτ.

2282 1355 2391 1409 Ἰνα
2460 1356 2706 1430 πληρωθῇ
2774 1387 2843 1397 -
2908 1356 3105 1417 αὐτοῖς,
3192 1355 3250 1409 Ἠ
3332 1356 3578 1408 Γαλιλαία
3659 1362 3821 1433 χώρα

2214 1447 2303 1518 μεν
2364 1443 2423 1504 ἧν
2495 1455 2588 1509 τῆς
2640 1449 3009 1513 Παλαιστίνης,
3080 1448 3149 1507 ὡς
3207 1451 3603 1520 προειρήκαμεν·
3668 1444 3821 1503 ἐκλη-

2214 1532 2481 1608 ροδοτήθη
2531 1532 2590 1588 δὲ
2628 1535 2790 1589 πάλαι
2820 1542 2929 1596 ταῖς
2962 1532 3089 1588 δυσὶ
3117 1534 3319 1607 φυλαῖς,
3360 1543 3421 1607 τῇ
3474 1542 3564 1588 τοῦ
3606 1535 3820 1589 Ζαϐου-

2213 1624 2334 1693 λὼν,
2399 1628 2486 1677 καὶ
2530 1633 2591 1697 τῇ
2649 1633 2742 1677 τοῦ
2795 1623 3109 1696 Νεφθαλείμ·
3167 1629 3320 1698 μέρος
3371 1622 3429 1677 δὲ
3480 1625 3641 1684 αὐτῆς
3695 1627 3818 1683 ἔθνη

2215 1720 2480 1785 κατῴκουν
2530 1714 2813 1787 ἀλλόφυλα.
2879 1718 2979 1767 Καὶ
3028 1710 3176 1767 δοκεῖ
3229 1717 3319 1787 μὲν
3372 1715 3402 1771 ἠ
3462 1722 3561 1765 τῶν
3603 1732 3821 1789 προφη-

452 1811 726 1877 ditﬁcilis,
773 1815 896 1866 tum
931 1813 1167 1881 propter
1197 1809 1495 1865 defectum
1526 1809 1945 1880 quorumdam,
1980 1812 2103 1863 tum

2221 1812 2369 1855 τικῶν
2414 1806 2607 1856 τούτων
2645 1804 2815 1878 ῥητῶν
2864 1804 3108 1868 σύνταξις
3164 1800 3460 1877 δυσχερής,
3510 1800 3603 1856 διά
3648 1823 3703 1855 τε
3758 1807 3823 1855 τό

452 1900 1050 1972 pr0pterignoratum
1066 1914 1267 1953 eorum
1290 1897 1670 1953 intellectum.
1700 1900 1820 1968 Ego
1848 1901 2047 1951 tamen
2072 1910 2108 1951 a

454 1986 805 2060 prophetico
820 1986 969 2042 libro
992 1986 1157 2041 illum
1176 1985 1501 2057 requirens,
1521 1985 1779 2041 intellexi
1799 1985 2107 2057 quomodo

454 2093 526 2133 ea
555 2076 826 2131 ordinare
856 2079 1126 2147 oporteat
1154 2096 1165 2130 :
1200 2090 1412 2145 nempe
1441 2075 1521 2131 ita
1542 2075 1837 2131 convenit.
1879 2077 1921 2131 Ο
1955 2081 2107 2130 terra

454 2166 742 2231 Zabulon,
776 2169 831 2221 et
861 2180 896 2221 o
950 2169 1103 2220 terra
1160 2164 1532 2237 Nephthalim
1570 2164 1872 2236 (lntelligit
1911 2171 2105 2219 autem

454 2255 763 2319 Galilaeam,
810 2255 963 2309 sicut
1004 2253 1230 2309 dictum
1280 2255 1415 2324 est),
1458 2258 1534 2319 et,
1568 2269 1603 2309 ο
1662 2269 1763 2308 vos
1816 2253 1919 2325 qui
1951 2253 2106 2310 circa

454 2345 615 2401 viam
647 2343 849 2409 maris,
884 2343 946 2399 id
973 2348 1075 2408 est,
1119 2343 1275 2398 circa
1304 2358 1469 2399 mare
1500 2342 1756 2399 Galilaeae
1784 2342 2059 2398 habitatis
2089 2359 2103 2409 ;

455 2437 512 2489 et
539 2448 575 2488 ο
600 2448 703 2488 vos
727 2432 832 2505 qui
853 2436 1018 2487 trans
1045 2432 1399 2488 Jordanem:
1432 2436 1488 2488 et
1520 2448 1555 2488 ο
1582 2432 1820 2488 ϐᾶιίιωδ.
1840 2431 2103 2503 gentium

456 2525 663 2594 (Vocat
732 2525 932 2577 autem
983 2521 1287 2577 Galilaeam
1336 2521 1615 2592 gentium,
1672 2538 1802 2579 eam
1859 2521 2106 2579 Galilaeae

454 2615 688 2685 partem
713 2625 898 2683 quam
930 2615 1134 2682 gentes
1166 2609 1558 2682 incolebant.)
1588 2611 1809 2667 Deinde
1840 2627 2107 2683 compre-

453 2700 725 2757 hendens
777 2715 984 2756 omnes
1036 2699 1139 2772 qui
1205 2700 1265 2755 in
1317 2700 1614 2772 praedictis
1668 2701 1814 2756 locis
1868 2701 2106 2757 habita-

453 2789 615 2857 bant,
674 2805 768 2845 res
840 2789 953 2845 illis
1026 2790 1310 2846 salutares
1384 2790 1773 2858 denuntiavit,
1860 2790 2103 2847 dicens:

454 2879 705 2949 Populus
720 2879 818 2951 qui
836 2878 1065 2935 sedebat
1085 2880 1143 2934 in
1166 2879 1413 2935 tenebris
1430 2880 1580 2935 vidit
1610 2881 1796 2935 lucem
1820 2896 2106 2950 magnam,

457 2972 566 3022 etc.
619 2970 685 3022 Et
732 2967 1010 3023 tenebras
1061 2967 1298 3023 vocavit
1320 2982 1600 3023 errorem.
1649 2967 1934 3023 Errabant
1958 2967 2109 3023 enim

456 3054 649 3110 Judaei
678 3055 923 3127 quidem
954 3055 1112 3112 circa
1161 3056 1510 3128 Scripturas,
1540 3063 1743 3127 gentes
1772 3072 1913 3113 vero
1953 3057 2111 3112 circa

459 3143 685 3201 cultum
725 3144 1019 3202 divinum.

528 3324 745 3379 Lucem
772 3326 971 3380 autem
1011 3338 1299 3395 magnam
1332 3324 1631 3379 Christum
1680 3324 2016 3381 nominavit
2038 3326 2104 3390 π,

459 3413 562 3486 qui
608 3412 1068 3484 frequenterlux
1120 3428 1259 3469 vera
1309 3412 1639 3485 appellatur
1669 3432 1680 3469 :
1711 3413 1837 3485 ipse
1889 3414 2109 3469 etenim

458 3503 569 3560 hos
617 3502 696 3558 ab
745 3518 941 3558 errore
981 3502 1204 3568 eduxit,
1254 3502 1556 3558 illustrans
1612 3518 1714 3558 eos
1742 3503 1801 3557 in
1857 3504 2109 3559 modum

458 3591 627 3648 lucis.
662 3591 885 3647 Deinde
915 3592 1123 3647 iterum
1155 3591 1494 3663 hujusmodi
1520 3592 1787 3647 tenebras
1828 3592 2109 3664 interpre-

461 3684 617 3736 tatur
638 3680 916 3751 regionem
938 3680 1159 3746 mortis,
1183 3685 1241 3736 et
1260 3681 1525 3737 umbram
1546 3681 1751 3737 mortis
1776 3680 1870 3736 his
1883 3697 2108 3737 vocans

460 3768 826 3835 nominibus,
875 3769 1018 3842 quia
1039 3769 1190 3826 sicut
1211 3770 1416 3825 mortis
1449 3770 1615 3841 regio
1646 3786 1714 3825 ac
1752 3769 1988 3839 umbra,
2019 3776 2109 3828 est

461 3858 840 3931 sepulcrum:
896 3860 1059 3928 regio
1123 3859 1370 3931 quidem
1418 3858 1595 3931 quasi
1646 3859 1835 3926 locus,
1893 3860 2112 3918 umbra

460 3964 603 4005 vero
625 3949 794 4021 quasi
821 3949 1091 4005 tenebraa.
1126 3951 1274 4005 Nam
1324 3948 1569 4005 tenebrm
1610 3948 1829 4005 umbra
1863 3953 1971 4005 est.
2026 3952 2111 4007 Ita

464 4042 521 4095 et
545 4037 751 4094 mortis
769 4037 1086 4110 spiritualis
1114 4037 1277 4108 regio
1298 4053 1367 4093 ac
1395 4038 1630 4107 umbra,
1646 4043 1771 4095 erat
1788 4037 1882 4094 ille
1916 4055 2107 4108 error;

462 4128 626 4198 regio
679 4142 845 4192 sane,
892 4126 1077 4183 veluti
1128 4142 1294 4183 more
1335 4127 1592 4199 sepulcri
1649 4144 1749 4184 eos
1778 4129 2107 4195 continens,

461 4216 565 4289 qui
595 4215 655 4271 in
688 4215 884 4287 ipsum
912 4215 1275 4280 incidissent,
1319 4216 1559 4285 mortui,
1615 4218 1820 4290 quoad
1865 4234 2109 4275 sensum

462 4304 722 4363 veritatis
765 4320 779 4373 ;
810 4304 1029 4361 umbra
1053 4320 1212 4371 vero,
1264 4309 1468 4377 utpote
1501 4306 1753 4363 tenebris
1784 4323 1888 4363 eos
1920 4306 2110 4364 offun-

463 4395 635 4452 dens.
682 4397 761 4450 Ne
804 4393 1034 4449 mireris
1081 4397 1303 4463 autem,
1370 4396 1414 4449 si
1482 4395 1831 4467 prophetica
1874 4395 2110 4469 eloquia

461 4485 686 4555 integre
749 4498 871 4540 non
918 4483 1200 4556 posuerit.
1257 4482 1677 4540 Universaliter
1749 4485 1908 4541 enim
1960 4485 2109 4541 scire

464 4576 713 4645 oportet,
768 4572 1159 4645 evangelistas
1222 4572 1521 4629 interdum
1595 4573 1841 4647 quidem
1894 4575 2110 4645 integre

463 4660 753 4717 dictorum
784 4662 1140 4717 mentionem
1166 4660 1377 4728 facere,
1402 4662 1769 4736 quandoque
1795 4668 1994 4719 autem
2012 4663 2111 4719 illa

465 4747 833 4819 abbreviare,
856 4754 910 4805 et
928 4748 1253 4822 aliquando
1269 4752 1587 4809 verborum
1610 4753 1851 4826 quidem
1872 4768 2109 4809 sensum

465 4838 767 4909 integrum
788 4854 1048 4905 servare,
1072 4840 1365 4912 quasdam
1387 4857 1528 4898 vero
1545 4842 1838 4898 dictiones
1856 4846 2107 4907 mutare,

464 4927 796 5002 quandoid
831 4929 893 4986 in
920 4928 1087 4990 nullo
1134 4944 1473 4989 sermonem
1522 4935 1704 5004 potest
1730 4947 2111 5005 corrumpere

535 5198 584 5237 ⁷³
606 5198 733 5255 Act.
763 5214 801 5266 ι,
838 5199 924 5255 11.
956 5198 1004 5236 ’τι
1029 5200 1199 5258 Joan.
1222 5196 1262 5267 ι,
1286 5201 1340 5257 9.

3740 1895 3766 1907 υ

2216 1891 2455 1945 ἐλλείπειν
2528 1894 2644 1944 τινὰ
2717 1898 2806 1945 καὶ
2897 1890 2990 1945 διὰ
3071 1896 3129 1945 τό
3211 1892 3510 1964 ἀγνοεῖσθαι
3588 1896 3683 1949 τήν
3737 1895 3822 1944 ἔν-

2214 2001 2355 2034 νοιαν
2432 1980 2620 2039 αὐτῶν,
2694 1981 2824 2053 Ἐγὼ
2910 1980 2968 2034 δε
3023 1986 3217 2040 ταύτην
3286 1981 3387 2035 ἀπὸ
3459 1991 3547 2042 τῆς
3614 2001 3824 2055 προφηο

2214 2078 2361 2131 τικῆς
2439 2069 2623 2143 βίϐλου
2696 2069 2963 2144 διαγνοὺς,
3043 2075 3217 2143 ἔγνων,
3292 2080 3402 2134 πῶς
3470 2076 3578 2143 χρὴ
3651 2079 3826 2123 ταῦτα

2218 2162 2527 2213 συντάττειν.
2598 2167 2858 2236 Προσήκει
2909 2164 3008 2235 γὰρ
3070 2162 3247 2222 οὕτως.
3306 2161 3377 2213 Ὠ
3424 2169 3495 2231 γῆ
3550 2168 3645 2212 τοῦ
3705 2167 3824 2213 Ζα-

2215 2249 2408 2301 ϐουλὼν
2456 2249 2468 2304 l
2525 2254 2610 2301 καὶ
2670 2250 2707 2300 ὧ
2764 2259 2830 2322 γῆ
2887 2258 2978 2303 τοῦ
3036 2250 3331 2323 Νεφθαλείμ
3374 2251 3384 2304 1
3429 2250 3563 2321 λέγει
3608 2246 3669 2302 δὲ
3716 2254 3823 2307 τὴν

2215 2337 2509 2409 Γαλιλαίαν,
2570 2341 2634 2398 ὡς
2684 2342 2905 2412 εἴρηται·
2976 2345 3084 2404 καὶ,
3151 2338 3190 2391 ὦ
3249 2342 3297 2392 οἱ
3348 2342 3484 2391 κατὰ
3537 2343 3632 2397 τήν
3689 2335 3823 2391 όδόν

2212 2436 2308 2489 τῆς
2359 2426 2645 2494 θαλάσσης,
2687 2433 2969 2495 τουτέστιν,
3013 2432 3062 2481 οἱ
3091 2432 3235 2502 παρὰ
3280 2434 3372 2488 τήν
3406 2427 3673 2482 θάλασσαν
3716 2436 3825 2490 τῆς

2216 2518 2492 2580 Γαλιλαίας
2567 2518 2824 2580 οἰκοῦντες
2877 2523 2967 2571 καὶ
3024 2520 3062 2570 ὦ
3122 2521 3170 2571 οἱ
3230 2523 3388 2594 πέραν
3445 2526 3536 2570 τοῦ
3609 2514 3827 2591 Ἰορδά-

2213 2611 2342 2665 vovi
2397 2611 2486 2659 καὶ
2529 2608 2567 2658 ὦ
2622 2607 2867 2661 Γαλιλαία
2913 2616 3011 2660 τῶν
3058 2608 3212 2661 ἐθνῶν
3266 2609 3279 2663 1
3340 2606 3546 2661 ἐκάλεσε
3593 2604 3654 2660 δὲ
3711 2614 3825 2661 Γα-

2213 2697 2413 2749 λιλαίαν
2470 2704 2569 2748 τῶν
2618 2696 2792 2764 ἐθνῶν,
2844 2701 2903 2749 τό
2961 2702 3110 2772 μέρος
3155 2707 3250 2759 τῆς
3306 2697 3593 2763 Γαλιλαίας,
3666 2700 3691 2750 ὃ
3755 2700 3829 2749 τὰ

2218 2788 2334 2843 ἔθνη
2395 2793 2683 2856 κατῴκουν·
2742 2787 2872 2855 εἶτα,
2939 2786 3263 2858 ἐπισυνάῲας
3324 2789 3518 2849 πάντας
3572 2791 3695 2848 τούς
3776 2790 3830 2840 ἓν

2220 2884 2328 2938 τοῖς
2402 2872 2688 2934 δηλωθεῖσι
2756 2879 2952 2947 τόποις,
3032 2876 3368 2949 εύηγελίσατο
3425 2878 3489 2927 τὰ
3558 2883 3836 2949 σωτήρια,

2220 2965 2389 3017 εἰπών’
2446 2964 2503 3017 Ὀ
2567 2964 2683 3026 λαός
2749 2967 2774 3017 ό
2835 2968 3122 3038 καθήμενος
3192 2964 3238 3016 ἓν
3314 2969 3507 3033 σκότει,
3581 2966 3661 3037 (9)
3744 2963 3841 3019 ἴδε

2220 3064 2323 3127 φῶς
2379 3058 2533 3127 μέγα,
2597 3059 2688 3107 καὶ
2763 3057 2828 3107 τὰ
2897 3055 3032 3119 έξῆς.
3104 3060 3203 3109 Καὶ
3277 3060 3457 3116 σκότος
3524 3058 3614 3127 μὲν
3695 3054 3842 3109 ὦνόο

2098 3204 2101 3205 ν
2141 3174 2181 3231 C
2219 3162 2373 3215 μασε,
2421 3147 2513 3201 τὴν
2551 3142 2768 3201 πλάνην.
2802 3143 3122 3197 Ἐπλανῶντο
3164 3148 3262 3217 γὰρ
3293 3140 3543 3198 Ἰουδαῖοι
3581 3146 3673 3216 μὶν
3706 3149 3843 3221 περὶ

2218 3234 2313 3295 τὰς
2343 3234 2563 3308 Γραφὰς,
2593 3234 2658 3285 τὰ
2687 3234 2805 3291 ἔθνη
2840 3229 2899 3286 δε
2929 3238 3049 3305 περὶ
3077 3236 3134 3286 τό
3167 3233 3342 3295 σέϐας.

2292 3328 2403 3383 Φῶς
2453 3318 2512 3374 δὲ
2548 3326 2701 3394 μέγα,
2758 3326 2844 3374 τόν
2898 3326 3145 3395 Χριστόν,
3194 3325 3251 3385 ὃς
3292 3321 3527 3394 ἀλλαχοῦ
3556 3328 3665 3394 φῶς
3697 3322 3841 3383 ἅλη-

2222 3413 2357 3464 θινόν
2423 3416 2841 3487 προσηγόρευται
2942 3417 3041 3465 Καὶ
3095 3415 3196 3487 γὰρ
3269 3412 3424 3473 αὐτὸς
3478 3415 3700 3475 τούτους
3758 3412 3845 3477 ἐξ·

2220 3505 2409 3572 ήγαγεν
2454 3502 2510 3552 ἔκ
2560 3509 2654 3561 τῆς
2701 3500 2922 3573 πλάνης,
2973 3498 3128 3559 δίκην
3178 3504 3341 3574 φωτὸς
3381 3501 3561 3564 αὐτοῖς
3604 3501 3847 3576 ἐπιλάμ-

2218 3587 2344 3659 ψας.
2400 3590 2529 3643 Εἶτα
2579 3589 2731 3642 πάλιν
2785 3590 3139 3664 ἔφηρμήνευσε
3203 3595 3261 3643 τό
3318 3597 3549 3643 τοιοῦτον
3614 3596 3847 3659 σκότος,

2218 3685 2406 3751 Χώραν
2480 3681 2700 3733 θανάτου
2782 3685 2869 3732 καὶ
2942 3683 3092 3733 σκιὰν
3171 3683 3390 3734 θανάτου
3458 3688 3609 3733 τοῦτο
3677 3682 3853 3736 καλέ-

2222 3788 2338 3829 σας.
2383 3767 2584 3844 Ὠσπερ
2625 3772 2727 3843 γὰρ
2779 3778 2868 3823 τοῦ
2917 3778 3216 3843 σωματικοῦ
3259 3773 3480 3824 θανάτου
3529 3778 3692 3847 χώρα
3743 3780 3855 3829 καὶ

2222 3860 2404 3911 σκιὰό
2458 3860 2615 3931 τάφος
2664 3858 2797 3911 ἔστί·
2850 3865 3004 3931 χώρα
3055 3863 3163 3933 μεν,
3222 3862 3290 3923 ὡς
3336 3864 3510 3923 τόπος·
3564 3864 3699 3914 σκιὰ
3754 3861 3850 3932 δὴ,

2221 3951 2289 4009 ὡς
2339 3952 2539 4008 σκότος’
2580 3952 2764 4011 σκότος
2800 3950 2901 4024 γὰρ
2943 3951 2971 4007 ἡ
3009 3951 3153 4001 σκιά·
3200 3950 3331 4002 οὕτω
3377 3955 3466 4002 καὶ
3500 3958 3590 4002 τοῦ
3636 3951 3855 4025 ψυχι-

2220 4044 2313 4089 κοῦ
2369 4038 2586 4089 θανάτου
2644 4042 2799 4112 χώρα
2853 4043 2942 4090 καὶ
3003 4039 3145 4109 σκὶὰ,
3204 4041 3233 4097 ἠ
3289 4039 3453 4097 πλάνη
3508 4038 3672 4097 ἐκείνη
3756 4041 3854 4102 ἦν*

2220 4132 2375 4199 χώρα
2422 4128 2531 4198 μὲν,
2577 4128 2645 4186 ὡς
2688 4131 2874 4201 τρόπον
2927 4129 3087 4196 τάφου
3140 4132 3443 4201 συνέχουσα
3495 4132 3615 4189 τοὺς
3672 4131 3867 4203 ἐμπε-

2220 4220 2486 4276 πτωκότας
2555 4215 2683 4287 αὐτῇ
2764 4220 3157 4291 νενεκρωμένους
3228 4217 3299 4279 εἰς
3374 4219 3625 4275 αἴσθησιν
3701 4219 3865 4281 ἀλη-

2223 4307 2376 4365 θείας
2438 4307 2562 4357 σκιὰ
2615 4301 2695 4369 δὲ,
2732 4308 2798 4367 ὡς
2846 4306 3169 4367 σκοτίζουσα
3215 4306 3423 4367 αύτούς.
3474 4307 3533 4360 Εἰ
3588 4306 3721 4379 (10)
3790 4309 3867 4366 δὲ

2220 4398 2291 4466 μὴ
2353 4392 2570 4467 ἀκέραια
2626 4397 2689 4446 τὰ
2746 4398 3045 4467 προφητικὰ
3097 4398 3289 4448 τέθεικε
3342 4397 3499 4470 ῥητὰ,
3562 4402 3637 4468 μή
3711 4402 3869 4455 eam-

2220 4487 2415 4558 μάσης.
2470 4489 2584 4557 Χρὴ
2632 4487 2732 4557 γὰρ
2787 4484 3073 4547 καθολικῶς
3118 4492 3413 4558 γινώσκειν,
3465 4486 3577 4557 (11)
3637 4489 3739 4542 ὅτι
3805 4496 3871 4547 οἱ

2219 4573 2583 4647 εύαγγελὶσταὶ
2650 4578 2773 4628 ποτε
2843 4578 2931 4648 μεν
2995 4574 3243 4650 ἀκεραίων
3295 4584 3395 4628 τῶν
3457 4576 3631 4648 ῥητῶν
3706 4578 3873 4635 ἀπο-

2218 4667 2617 4737 μνημονεύουσι,
2698 4664 2813 4736 (12)
2884 4668 3006 4717 ποτε
3077 4661 3156 4735 δὲ,
3226 4663 3584 4737 ἐπιτέμνουσιν
3662 4669 3872 4744 αὐτὰ,

2218 4756 2338 4806 ποτε
2398 4750 2456 4805 δὲ
2513 4757 2605 4812 τὴν
2677 4756 2764 4826 μὲν
2831 4762 2930 4805 τῶν
2993 4755 3162 4828 ῥητῶν
3238 4751 3471 4806 διάνοιαν
3537 4754 3876 4833 όλόκ)ηρον

2223 4842 2583 4909 ἀποσώζουσι,
2640 4842 2799 4906 λέξεις
2869 4839 2928 4895 δέ
2983 4862 3127 4905 τινας
3186 4841 3604 4918 ἀπαρατηρήτως
3666 4848 3888 4903 ὑπαλ-

2220 4931 2521 4998 λάττουσιν,
2573 4932 2693 4985 ὅταν
2724 4928 2873 4985 οὐδέν
2920 4951 2972 4985 τι
3019 4931 3193 5005 μελλοι
3237 4938 3310 5001 τῷ
3353 4930 3485 5004 λόγῳ
3534 4939 3705 4987 τοῦτο
3764 4938 3887 4993 λυ-

2223 5023 2519 5095 μαίνεσθαι.

1676 5323 1904 5395 Variae
1942 5324 2267 5396 lectiones
2294 5332 2362 5394 et
2392 5333 2593 5395 notae.

533 5495 802 5622 gignant
824 5496 1074 5569 uterque
1100 5494 1287 5556 codex
1319 5496 1497 5555 etiam
1536 5497 1590 5554 in
1631 5500 1811 5563 textu,
1846 5512 1954 5570 pro
1984 5496 2109 5554 vul-

460 5582 591 5643 gari
612 5582 741 5632 εισε.

531 5640 649 5716 (10)
680 5644 741 5695 Δί
754 5639 971 5699 omittit
993 5643 1063 5700 Α.

2289 5497 2402 5641 EH;
2444 5492 2722 5550 Διδάσκειν
2752 5512 2860 5570 pro
2889 5502 3161 5569 γινώσκειν
3192 5499 3259 5552 Α.

2317 5569 2379 5625 12
2442 5572 2838 5641 Μνημονεύουσι
2866 5573 2932 5625 Α.

2317 5569 2401 5640 12)
2442 5572 2774 5642 Μνημονεύου
2783 5587 2838 5622 σι
2866 5573 2932 5625 Α.
