  <div class='ocr_page' id='page_1' title='image "/cluster/home/n/w/nwhite01/storage/ocr_20150623/129/hvd.32044073502395/098.png"; bbox 0 0 3990 6206; ppageno 0'>
   <div class='ocr_carea' id='block_1_1' title="bbox 246 318 326 374">
    <p class='ocr_par' dir='ltr' id='par_1_1' title="bbox 246 318 326 374">
     <span class='ocr_line' id='line_1_1' title="bbox 246 318 326 374; baseline 0.013 -1"><span class='ocrx_word' id='word_1_1' title='bbox 246 318 326 374; x_wconf 79' lang='grc'>185</span> 
     </span>
    </p>
   </div>
   <div class='ocr_carea' id='block_1_2' title="bbox 1122 311 2532 374">
    <p class='ocr_par' dir='ltr' id='par_1_2' title="bbox 1122 311 2532 374">
     <span class='ocr_line' id='line_1_2' title="bbox 1122 311 2532 374; baseline 0.002 -5"><span class='ocrx_word' id='word_1_2' title='bbox 1122 311 1495 373; x_wconf 88' lang='lat' dir='ltr'>COMMENT.</span> <span class='ocrx_word' id='word_1_3' title='bbox 1536 311 1608 370; x_wconf 89' lang='lat' dir='ltr'>IN</span> <span class='ocrx_word' id='word_1_4' title='bbox 1647 311 2096 374; x_wconf 75' lang='lat' dir='ltr'>MATTH/EUM.</span> <span class='ocrx_word' id='word_1_5' title='bbox 2134 345 2203 356; x_wconf 93' lang='lat'><strong><em>—</em></strong></span> <span class='ocrx_word' id='word_1_6' title='bbox 2235 314 2397 372; x_wconf 85' lang='lat' dir='ltr'>CAP.</span> <span class='ocrx_word' id='word_1_7' title='bbox 2438 312 2532 372; x_wconf 93' lang='lat' dir='ltr'>IV.</span> 
     </span>
    </p>
   </div>
   <div class='ocr_carea' id='block_1_3' title="bbox 293 435 1807 516">
    <p class='ocr_par' dir='ltr' id='par_1_3' title="bbox 293 435 1807 516">
     <span class='ocr_line' id='line_1_3' title="bbox 293 435 1807 516; baseline -0.002 -20"><span class='ocrx_word' id='word_1_8' title='bbox 293 441 412 513; x_wconf 62' lang='grc' dir='ltr'>(Κεφ</span> <span class='ocrx_word' id='word_1_9' title='bbox 453 439 525 510; x_wconf 84' lang='grc' dir='ltr'>Δ’)</span> <span class='ocrx_word' id='word_1_10' title='bbox 568 442 688 511; x_wconf 82' lang='grc' dir='ltr'>Περὶ</span> <span class='ocrx_word' id='word_1_11' title='bbox 757 445 856 500; x_wconf 86' lang='grc' dir='ltr'>τῆς</span> <span class='ocrx_word' id='word_1_12' title='bbox 913 435 1262 500; x_wconf 76' lang='grc' dir='ltr'>διδασκαλίας</span> <span class='ocrx_word' id='word_1_13' title='bbox 1311 447 1404 493; x_wconf 90' lang='grc' dir='ltr'>τοῦ</span> <span class='ocrx_word' id='word_1_14' title='bbox 1469 447 1726 516; x_wconf 85' lang='grc' dir='ltr'>Σωτῆρος,</span> <span class='ocrx_word' id='word_1_15' title='bbox 1765 451 1807 504; x_wconf 84' lang='grc' dir='ltr'>Α</span> 
     </span>
    </p>
   </div>
   <div class='ocr_carea' id='block_1_4' title="bbox 287 528 1737 604">
    <p class='ocr_par' dir='ltr' id='par_1_4' title="bbox 287 528 1737 604">
     <span class='ocr_line' id='line_1_4' title="bbox 287 528 1737 604; baseline 0 -22"><span class='ocrx_word' id='word_1_16' title='bbox 287 530 382 582; x_wconf 75' lang='grc' dir='ltr'>Ἀπὸ</span> <span class='ocrx_word' id='word_1_17' title='bbox 420 535 505 581; x_wconf 78' lang='grc' dir='ltr'>τότε</span> <span class='ocrx_word' id='word_1_18' title='bbox 551 559 613 568; x_wconf 91' lang='lat'><strong><em>—</em></strong></span> <span class='ocrx_word' id='word_1_19' title='bbox 661 528 915 602; x_wconf 71' lang='grc' dir='ltr'>οὐρανῶν.</span> <span class='ocrx_word' id='word_1_20' title='bbox 972 535 1136 581; x_wconf 82' lang='grc' dir='ltr'>Τοῦτο</span> <span class='ocrx_word' id='word_1_21' title='bbox 1192 532 1292 602; x_wconf 88' lang='grc' dir='ltr'>πρὸ</span> <span class='ocrx_word' id='word_1_22' title='bbox 1356 536 1448 580; x_wconf 90' lang='grc' dir='ltr'>τοῦ</span> <span class='ocrx_word' id='word_1_23' title='bbox 1505 537 1737 604; x_wconf 80' lang='grc' dir='ltr'>Σωτῆρος</span> 
     </span>
    </p>
   </div>
   <div class='ocr_carea' id='block_1_5' title="bbox 229 613 1737 692">
    <p class='ocr_par' dir='ltr' id='par_1_5' title="bbox 229 613 1737 692">
     <span class='ocr_line' id='line_1_5' title="bbox 229 613 1737 692; baseline -0.001 -22"><span class='ocrx_word' id='word_1_24' title='bbox 229 621 249 670; x_wconf 82' lang='lat'>6</span> <span class='ocrx_word' id='word_1_25' title='bbox 286 620 468 678; x_wconf 66' lang='grc' dir='ltr'>Ἰωάννης</span> <span class='ocrx_word' id='word_1_26' title='bbox 508 616 761 691; x_wconf 74' lang='grc' dir='ltr'>ἐκήρυξεν.</span> <span class='ocrx_word' id='word_1_27' title='bbox 813 617 1071 691; x_wconf 72' lang='grc' dir='ltr'>’Ἂρχεται</span> <span class='ocrx_word' id='word_1_28' title='bbox 1117 613 1176 670; x_wconf 67' lang='grc' dir='ltr'>δὲ</span> <span class='ocrx_word' id='word_1_29' title='bbox 1219 622 1310 670; x_wconf 79' lang='grc' dir='ltr'>καὶ</span> <span class='ocrx_word' id='word_1_30' title='bbox 1340 619 1365 669; x_wconf 92' lang='lat'>6</span> <span class='ocrx_word' id='word_1_31' title='bbox 1408 621 1634 692; x_wconf 85' lang='grc' dir='ltr'>Χριστὸς</span> <span class='ocrx_word' id='word_1_32' title='bbox 1665 617 1737 670; x_wconf 75' lang='grc' dir='ltr'>έν-</span> 
     </span>
    </p>
   </div>
   <div class='ocr_carea' id='block_1_6' title="bbox 225 703 1736 781">
    <p class='ocr_par' dir='ltr' id='par_1_6' title="bbox 225 703 1736 781">
     <span class='ocr_line' id='line_1_6' title="bbox 225 703 1736 781; baseline -0.001 -21"><span class='ocrx_word' id='word_1_33' title='bbox 225 710 370 774; x_wconf 80' lang='grc' dir='ltr'>τεῠθεν,</span> <span class='ocrx_word' id='word_1_34' title='bbox 409 707 476 758; x_wconf 78' lang='grc' dir='ltr'>ἵνα</span> <span class='ocrx_word' id='word_1_35' title='bbox 525 703 686 779; x_wconf 74' lang='grc' dir='ltr'>δείξῃ,</span> <span class='ocrx_word' id='word_1_36' title='bbox 746 707 825 759; x_wconf 85' lang='grc' dir='ltr'>ὅτι</span> <span class='ocrx_word' id='word_1_37' title='bbox 879 712 1154 781; x_wconf 84' lang='grc' dir='ltr'>προοίμιον</span> <span class='ocrx_word' id='word_1_38' title='bbox 1204 706 1363 760; x_wconf 76' lang='grc' dir='ltr'>αὐτοῦ</span> <span class='ocrx_word' id='word_1_39' title='bbox 1415 707 1476 765; x_wconf 79' lang='grc' dir='ltr'>ἧν</span> <span class='ocrx_word' id='word_1_40' title='bbox 1508 709 1533 760; x_wconf 91' lang='lat'>6</span> <span class='ocrx_word' id='word_1_41' title='bbox 1564 707 1736 761; x_wconf 87' lang='grc' dir='ltr'>Ἰωάν-</span> 
     </span>
    </p>
   </div>
   <div class='ocr_carea' id='block_1_7' title="bbox 223 794 1736 868">
    <p class='ocr_par' dir='ltr' id='par_1_7' title="bbox 223 794 1736 868">
     <span class='ocr_line' id='line_1_7' title="bbox 223 794 1736 868; baseline 0.001 -20"><span class='ocrx_word' id='word_1_42' title='bbox 223 816 307 860; x_wconf 82' lang='grc' dir='ltr'>νης,</span> <span class='ocrx_word' id='word_1_43' title='bbox 344 800 412 848; x_wconf 75' lang='grc' dir='ltr'>καὶ</span> <span class='ocrx_word' id='word_1_44' title='bbox 446 797 514 848; x_wconf 84' lang='grc' dir='ltr'>ότι</span> <span class='ocrx_word' id='word_1_45' title='bbox 561 795 653 847; x_wconf 74' lang='grc' dir='ltr'>οὐκ</span> <span class='ocrx_word' id='word_1_46' title='bbox 707 798 851 848; x_wconf 80' lang='grc' dir='ltr'>ἔστιν</span> <span class='ocrx_word' id='word_1_47' title='bbox 903 797 1054 856; x_wconf 82' lang='grc' dir='ltr'>οὗτος</span> <span class='ocrx_word' id='word_1_48' title='bbox 1105 794 1334 858; x_wconf 74' lang='grc' dir='ltr'>ἐναντίος</span> <span class='ocrx_word' id='word_1_49' title='bbox 1387 795 1578 868; x_wconf 79' lang='grc' dir='ltr'>ἐκείνῳ.</span> <span class='ocrx_word' id='word_1_50' title='bbox 1632 799 1736 852; x_wconf 85' lang='grc' dir='ltr'>Καὶ</span> 
     </span>
    </p>
   </div>
   <div class='ocr_carea' id='block_1_8' title="bbox 219 881 1734 959">
    <p class='ocr_par' dir='ltr' id='par_1_8' title="bbox 219 881 1734 959">
     <span class='ocr_line' id='line_1_8' title="bbox 219 881 1734 959; baseline 0 -23"><span class='ocrx_word' id='word_1_51' title='bbox 219 888 296 959; x_wconf 71' lang='grc' dir='ltr'>γὰρ</span> <span class='ocrx_word' id='word_1_52' title='bbox 344 881 428 937; x_wconf 74' lang='grc' dir='ltr'>ἔδει</span> <span class='ocrx_word' id='word_1_53' title='bbox 490 891 682 956; x_wconf 85' lang='grc' dir='ltr'>πρῶτον</span> <span class='ocrx_word' id='word_1_54' title='bbox 761 884 914 937; x_wconf 79' lang='grc' dir='ltr'>ἄλλον</span> <span class='ocrx_word' id='word_1_55' title='bbox 971 892 1309 958; x_wconf 86' lang='grc' dir='ltr'>μαρτυρῆσαι</span> <span class='ocrx_word' id='word_1_56' title='bbox 1364 889 1481 958; x_wconf 82' lang='grc' dir='ltr'>περὶ</span> <span class='ocrx_word' id='word_1_57' title='bbox 1553 884 1734 955; x_wconf 80' lang='grc' dir='ltr'>αὐτοῦ,</span> 
     </span>
    </p>
   </div>
   <div class='ocr_carea' id='block_1_9' title="bbox 217 970 1739 1044">
    <p class='ocr_par' dir='ltr' id='par_1_9' title="bbox 217 970 1739 1044">
     <span class='ocr_line' id='line_1_9' title="bbox 217 970 1739 1044; baseline 0.001 -20"><span class='ocrx_word' id='word_1_58' title='bbox 217 978 282 1024; x_wconf 77' lang='grc' dir='ltr'>καὶ</span> <span class='ocrx_word' id='word_1_59' title='bbox 319 977 410 1025; x_wconf 85' lang='grc' dir='ltr'>τότε</span> <span class='ocrx_word' id='word_1_60' title='bbox 444 973 586 1024; x_wconf 79' lang='grc' dir='ltr'>αὐτόν</span> <span class='ocrx_word' id='word_1_61' title='bbox 644 972 836 1031; x_wconf 74' lang='grc' dir='ltr'>ἐλθεῖν.</span> <span class='ocrx_word' id='word_1_62' title='bbox 891 975 1032 1034; x_wconf 74' lang='grc' dir='ltr'>Τινες</span> <span class='ocrx_word' id='word_1_63' title='bbox 1072 970 1130 1026; x_wconf 64' lang='grc' dir='ltr'>δὲ</span> <span class='ocrx_word' id='word_1_64' title='bbox 1158 973 1418 1044; x_wconf 75' lang='grc' dir='ltr'>λέγουσιν,</span> <span class='ocrx_word' id='word_1_65' title='bbox 1468 975 1548 1026; x_wconf 85' lang='grc' dir='ltr'>ὅτι</span> <span class='ocrx_word' id='word_1_66' title='bbox 1591 970 1739 1026; x_wconf 79' lang='grc' dir='ltr'>δοκεῖ</span> 
     </span>
    </p>
   </div>
   <div class='ocr_carea' id='block_1_10' title="bbox 209 1063 1735 1137">
    <p class='ocr_par' dir='ltr' id='par_1_10' title="bbox 209 1063 1735 1137">
     <span class='ocr_line' id='line_1_10' title="bbox 209 1063 1735 1137; baseline 0 -24"><span class='ocrx_word' id='word_1_67' title='bbox 209 1065 277 1134; x_wconf 68' lang='grc' dir='ltr'>μὲν</span> <span class='ocrx_word' id='word_1_68' title='bbox 311 1064 333 1113; x_wconf 84' lang='grc' dir='ltr'><strong><em>ὁ</em></strong></span> <span class='ocrx_word' id='word_1_69' title='bbox 370 1065 576 1133; x_wconf 77' lang='grc' dir='ltr'>Χριστὸς</span> <span class='ocrx_word' id='word_1_70' title='bbox 620 1066 689 1115; x_wconf 72' lang='lat' dir='ltr'><strong><em>ra</em></strong></span> <span class='ocrx_word' id='word_1_71' title='bbox 743 1063 878 1115; x_wconf 85' lang='grc' dir='ltr'>αύτά</span> <span class='ocrx_word' id='word_1_72' title='bbox 914 1071 987 1133; x_wconf 83' lang='grc' dir='ltr'>τῷ</span> <span class='ocrx_word' id='word_1_73' title='bbox 1019 1063 1224 1136; x_wconf 76' lang='grc' dir='ltr'>Ἰωάννῃ</span> <span class='ocrx_word' id='word_1_74' title='bbox 1275 1065 1580 1137; x_wconf 89' lang='grc' dir='ltr'>κηρύσσειν,</span> <span class='ocrx_word' id='word_1_75' title='bbox 1631 1064 1735 1115; x_wconf 76' lang='grc' dir='ltr'>οἷον</span> 
     </span>
    </p>
   </div>
   <div class='ocr_carea' id='block_1_11' title="bbox 210 1151 1736 1225">
    <p class='ocr_par' dir='ltr' id='par_1_11' title="bbox 210 1151 1736 1225">
     <span class='ocr_line' id='line_1_11' title="bbox 210 1151 1736 1225; baseline 0 -23"><span class='ocrx_word' id='word_1_76' title='bbox 210 1155 252 1202; x_wconf 81' lang='grc' dir='ltr'>τὸ</span> <span class='ocrx_word' id='word_1_77' title='bbox 292 1151 570 1218; x_wconf 68' lang='grc' dir='ltr'>Μετανοεῖτε,</span> <span class='ocrx_word' id='word_1_78' title='bbox 639 1156 732 1204; x_wconf 80' lang='grc' dir='ltr'>καὶ</span> <span class='ocrx_word' id='word_1_79' title='bbox 797 1155 858 1204; x_wconf 85' lang='grc' dir='ltr'>τὸ</span> <span class='ocrx_word' id='word_1_80' title='bbox 916 1152 1164 1224; x_wconf 71' lang='grc' dir='ltr'>Ἤγγικεν</span> <span class='ocrx_word' id='word_1_81' title='bbox 1231 1154 1261 1210; x_wconf 83' lang='grc' dir='ltr'><strong>ἠ</strong></span> <span class='ocrx_word' id='word_1_82' title='bbox 1330 1151 1575 1225; x_wconf 85' lang='grc' dir='ltr'>βασιλεία</span> <span class='ocrx_word' id='word_1_83' title='bbox 1636 1160 1736 1204; x_wconf 86' lang='grc' dir='ltr'>τῶν</span> 
     </span>
    </p>
   </div>
   <div class='ocr_carea' id='block_1_12' title="bbox 208 1236 1738 1316">
    <p class='ocr_par' dir='ltr' id='par_1_12' title="bbox 208 1236 1738 1316">
     <span class='ocr_line' id='line_1_12' title="bbox 208 1236 1738 1316; baseline 0.003 -26"><span class='ocrx_word' id='word_1_84' title='bbox 208 1239 400 1313; x_wconf 67' lang='grc' dir='ltr'>σᾶρανῶν,</span> <span class='ocrx_word' id='word_1_85' title='bbox 447 1239 535 1291; x_wconf 85' lang='grc' dir='ltr'>ούκ</span> <span class='ocrx_word' id='word_1_86' title='bbox 591 1242 706 1292; x_wconf 77' lang='grc' dir='ltr'>ἔστι</span> <span class='ocrx_word' id='word_1_87' title='bbox 763 1236 842 1295; x_wconf 82' lang='grc' dir='ltr'>δέ.</span> <span class='ocrx_word' id='word_1_88' title='bbox 902 1240 960 1293; x_wconf 85' lang='grc' dir='ltr'><strong>Ὀ</strong></span> <span class='ocrx_word' id='word_1_89' title='bbox 1011 1243 1100 1313; x_wconf 70' lang='grc' dir='ltr'>μὲν</span> <span class='ocrx_word' id='word_1_90' title='bbox 1159 1243 1259 1316; x_wconf 73' lang='grc' dir='ltr'>γὰρ</span> <span class='ocrx_word' id='word_1_91' title='bbox 1313 1241 1563 1312; x_wconf 79' lang='grc' dir='ltr'>Ἰωάννης,</span> <span class='ocrx_word' id='word_1_92' title='bbox 1636 1248 1738 1308; x_wconf 83' lang='grc' dir='ltr'>Με-</span> 
     </span>
    </p>
   </div>
   <div class='ocr_carea' id='block_1_13' title="bbox 204 1326 1736 1403">
    <p class='ocr_par' dir='ltr' id='par_1_13' title="bbox 204 1326 1736 1403">
     <span class='ocr_line' id='line_1_13' title="bbox 204 1326 1736 1403; baseline 0.001 -24"><span class='ocrx_word' id='word_1_93' title='bbox 204 1335 390 1392; x_wconf 78' lang='grc' dir='ltr'>τανοεῖτε,</span> <span class='ocrx_word' id='word_1_94' title='bbox 443 1327 617 1399; x_wconf 70' lang='grc' dir='ltr'>ἔλεγεν,</span> <span class='ocrx_word' id='word_1_95' title='bbox 673 1328 750 1401; x_wconf 74' lang='grc' dir='ltr'>ἐφ’</span> <span class='ocrx_word' id='word_1_96' title='bbox 820 1330 893 1390; x_wconf 84' lang='grc' dir='ltr'>οἷς</span> <span class='ocrx_word' id='word_1_97' title='bbox 959 1331 1295 1403; x_wconf 77' lang='grc' dir='ltr'>ἡμαρτήκατε</span> <span class='ocrx_word' id='word_1_98' title='bbox 1327 1349 1339 1362; x_wconf 90' lang='grc'><strong>·</strong></span> <span class='ocrx_word' id='word_1_99' title='bbox 1397 1331 1422 1381; x_wconf 98' lang='lat'>6</span> <span class='ocrx_word' id='word_1_100' title='bbox 1486 1326 1545 1382; x_wconf 71' lang='grc' dir='ltr'>δὲ</span> <span class='ocrx_word' id='word_1_101' title='bbox 1610 1336 1736 1403; x_wconf 78' lang='grc' dir='ltr'>Χρι-</span> 
     </span>
    </p>
   </div>
   <div class='ocr_carea' id='block_1_14' title="bbox 206 1416 1737 1490">
    <p class='ocr_par' dir='ltr' id='par_1_14' title="bbox 206 1416 1737 1490">
     <span class='ocr_line' id='line_1_14' title="bbox 206 1416 1737 1490; baseline 0.001 -22"><span class='ocrx_word' id='word_1_102' title='bbox 206 1419 312 1483; x_wconf 83' lang='grc' dir='ltr'>στὸς,</span> <span class='ocrx_word' id='word_1_103' title='bbox 357 1422 665 1484; x_wconf 77' lang='grc' dir='ltr'>Μετανοεῖτε,</span> <span class='ocrx_word' id='word_1_104' title='bbox 719 1416 834 1470; x_wconf 83' lang='grc' dir='ltr'>ἀντὶ</span> <span class='ocrx_word' id='word_1_105' title='bbox 877 1425 991 1484; x_wconf 90' lang='grc' dir='ltr'>τοῦ,</span> <span class='ocrx_word' id='word_1_106' title='bbox 1048 1417 1441 1473; x_wconf 81' lang='grc' dir='ltr'>Μεταϐάλλεσθε</span> <span class='ocrx_word' id='word_1_107' title='bbox 1489 1417 1589 1470; x_wconf 85' lang='grc' dir='ltr'>ἀπό</span> <span class='ocrx_word' id='word_1_108' title='bbox 1641 1426 1737 1490; x_wconf 75' lang='grc' dir='ltr'>τῆς</span> 
     </span>
    </p>
   </div>
   <div class='ocr_carea' id='block_1_15' title="bbox 200 1505 1740 1583">
    <p class='ocr_par' dir='ltr' id='par_1_15' title="bbox 200 1505 1740 1583">
     <span class='ocr_line' id='line_1_15' title="bbox 200 1505 1740 1583; baseline 0.001 -26"><span class='ocrx_word' id='word_1_109' title='bbox 200 1506 369 1566; x_wconf 68' lang='grc' dir='ltr'>παλαιᾶς</span> <span class='ocrx_word' id='word_1_110' title='bbox 418 1505 500 1558; x_wconf 76' lang='grc' dir='ltr'>ἰπὶ</span> <span class='ocrx_word' id='word_1_111' title='bbox 567 1511 662 1564; x_wconf 80' lang='grc' dir='ltr'>τήν</span> <span class='ocrx_word' id='word_1_112' title='bbox 721 1512 930 1566; x_wconf 79' lang='grc' dir='ltr'>καινήν,</span> <span class='ocrx_word' id='word_1_113' title='bbox 996 1512 1096 1561; x_wconf 77' lang='lat' dir='ltr'><strong><em>Kal</em></strong></span> <span class='ocrx_word' id='word_1_114' title='bbox 1147 1510 1448 1583; x_wconf 71' lang='grc' dir='ltr'>παράγουσι</span> <span class='ocrx_word' id='word_1_115' title='bbox 1499 1507 1740 1580; x_wconf 75' lang='grc' dir='ltr'>μάρτυρα</span> 
     </span>
    </p>
   </div>
   <div class='ocr_carea' id='block_1_16' title="bbox 199 1594 1736 1669">
    <p class='ocr_par' dir='ltr' id='par_1_16' title="bbox 199 1594 1736 1669">
     <span class='ocr_line' id='line_1_16' title="bbox 199 1594 1736 1669; baseline 0.001 -23"><span class='ocrx_word' id='word_1_116' title='bbox 199 1598 262 1646; x_wconf 75' lang='grc' dir='ltr'>τόν</span> <span class='ocrx_word' id='word_1_117' title='bbox 312 1596 520 1667; x_wconf 75' lang='grc' dir='ltr'>Μάρκον,</span> <span class='ocrx_word' id='word_1_118' title='bbox 578 1598 872 1669; x_wconf 79' lang='grc' dir='ltr'>προσθέντα</span> <span class='ocrx_word' id='word_1_119' title='bbox 944 1601 1023 1649; x_wconf 86' lang='grc' dir='ltr'>τό·</span> <span class='ocrx_word' id='word_1_120' title='bbox 1095 1599 1200 1652; x_wconf 84' lang='grc' dir='ltr'>Καὶ</span> <span class='ocrx_word' id='word_1_121' title='bbox 1252 1600 1519 1650; x_wconf 75' lang='grc' dir='ltr'>πιστεύετε</span> <span class='ocrx_word' id='word_1_122' title='bbox 1565 1594 1612 1648; x_wconf 81' lang='grc' dir='ltr'>ἐν</span> <span class='ocrx_word' id='word_1_123' title='bbox 1664 1603 1736 1665; x_wconf 84' lang='grc' dir='ltr'>τῷ</span> 
     </span>
    </p>
   </div>
   <div class='ocr_carea' id='block_1_17' title="bbox 197 1683 1738 1758">
    <p class='ocr_par' dir='ltr' id='par_1_17' title="bbox 197 1683 1738 1758">
     <span class='ocr_line' id='line_1_17' title="bbox 197 1683 1738 1758; baseline 0 -22"><span class='ocrx_word' id='word_1_124' title='bbox 197 1683 458 1755; x_wconf 69' lang='grc' dir='ltr'>ἱῦιτγελίῳ.</span> <span class='ocrx_word' id='word_1_125' title='bbox 514 1689 614 1738; x_wconf 77' lang='lat' dir='ltr'><strong><em>Kal</em></strong></span> <span class='ocrx_word' id='word_1_126' title='bbox 684 1686 711 1737; x_wconf 89' lang='lat'>6</span> <span class='ocrx_word' id='word_1_127' title='bbox 763 1689 854 1757; x_wconf 63' lang='grc' dir='ltr'>μὲν</span> <span class='ocrx_word' id='word_1_128' title='bbox 931 1686 1189 1755; x_wconf 85' lang='grc' dir='ltr'>Ἰωάννης,</span> <span class='ocrx_word' id='word_1_129' title='bbox 1263 1691 1412 1758; x_wconf 77' lang='grc' dir='ltr'>φασὶ,</span> <span class='ocrx_word' id='word_1_130' title='bbox 1466 1684 1738 1758; x_wconf 83' lang='grc' dir='ltr'>βασιλείαν</span> 
     </span>
    </p>
   </div>
   <div class='ocr_carea' id='block_1_18' title="bbox 197 1770 1739 1849">
    <p class='ocr_par' dir='ltr' id='par_1_18' title="bbox 197 1770 1739 1849">
     <span class='ocr_line' id='line_1_18' title="bbox 197 1770 1739 1849; baseline 0.003 -27"><span class='ocrx_word' id='word_1_131' title='bbox 197 1770 393 1843; x_wconf 64' lang='grc' dir='ltr'>οὐρανῶν,</span> <span class='ocrx_word' id='word_1_132' title='bbox 465 1776 548 1824; x_wconf 91' lang='grc' dir='ltr'>τὸν</span> <span class='ocrx_word' id='word_1_133' title='bbox 613 1777 850 1849; x_wconf 81' lang='grc' dir='ltr'>Χριστὸν</span> <span class='ocrx_word' id='word_1_134' title='bbox 927 1775 1206 1844; x_wconf 73' lang='grc' dir='ltr'>ὠνόμασενο</span> <span class='ocrx_word' id='word_1_135' title='bbox 1275 1777 1302 1827; x_wconf 92' lang='lat'>6</span> <span class='ocrx_word' id='word_1_136' title='bbox 1374 1771 1434 1827; x_wconf 78' lang='grc' dir='ltr'>δε</span> <span class='ocrx_word' id='word_1_137' title='bbox 1510 1777 1739 1849; x_wconf 82' lang='grc' dir='ltr'>Χριστὸς</span> 
     </span>
    </p>
   </div>
   <div class='ocr_carea' id='block_1_19' title="bbox 194 1861 1741 1936">
    <p class='ocr_par' dir='ltr' id='par_1_19' title="bbox 194 1861 1741 1936">
     <span class='ocr_line' id='line_1_19' title="bbox 194 1861 1741 1936; baseline 0.002 -25"><span class='ocrx_word' id='word_1_138' title='bbox 194 1865 266 1918; x_wconf 70' lang='grc' dir='ltr'>την</span> <span class='ocrx_word' id='word_1_139' title='bbox 313 1861 532 1936; x_wconf 72' lang='grc' dir='ltr'>οὐράνιον</span> <span class='ocrx_word' id='word_1_140' title='bbox 610 1868 700 1915; x_wconf 76' lang='grc' dir='ltr'>καὶ</span> <span class='ocrx_word' id='word_1_141' title='bbox 772 1861 1054 1936; x_wconf 68' lang='grc' dir='ltr'>ἀγγελικὴν</span> <span class='ocrx_word' id='word_1_142' title='bbox 1117 1867 1397 1931; x_wconf 82' lang='grc' dir='ltr'>πολιτείαν,</span> <span class='ocrx_word' id='word_1_143' title='bbox 1467 1863 1527 1921; x_wconf 76' lang='grc' dir='ltr'>ἣν</span> <span class='ocrx_word' id='word_1_144' title='bbox 1583 1863 1741 1924; x_wconf 84' lang='grc' dir='ltr'>αύτὸς</span> 
     </span>
    </p>
   </div>
   <div class='ocr_carea' id='block_1_20' title="bbox 198 1949 1741 2028">
    <p class='ocr_par' dir='ltr' id='par_1_20' title="bbox 198 1949 1741 2028">
     <span class='ocr_line' id='line_1_20' title="bbox 198 1949 1741 2028; baseline 0.003 -29"><span class='ocrx_word' id='word_1_145' title='bbox 198 1949 328 2020; x_wconf 66' lang='grc' dir='ltr'>ἔμελλε</span> <span class='ocrx_word' id='word_1_146' title='bbox 408 1953 710 2022; x_wconf 78' lang='grc' dir='ltr'>νομοθετεῖν,</span> <span class='ocrx_word' id='word_1_147' title='bbox 807 1955 878 2014; x_wconf 85' lang='grc' dir='ltr'>ὡς</span> <span class='ocrx_word' id='word_1_148' title='bbox 957 1958 1356 2028; x_wconf 81' lang='grc' dir='ltr'>προειρήκαμεν.</span> <span class='ocrx_word' id='word_1_149' title='bbox 1434 1951 1493 2005; x_wconf 67' lang='lat' dir='ltr'>c0</span> <span class='ocrx_word' id='word_1_150' title='bbox 1567 1955 1741 2024; x_wconf 86' lang='grc' dir='ltr'>μέντοι</span> 
     </span>
    </p>
   </div>
   <div class='ocr_carea' id='block_1_21' title="bbox 195 2039 1742 2113">
    <p class='ocr_par' dir='ltr' id='par_1_21' title="bbox 195 2039 1742 2113">
     <span class='ocr_line' id='line_1_21' title="bbox 195 2039 1742 2113; baseline 0.001 -23"><span class='ocrx_word' id='word_1_151' title='bbox 195 2040 378 2112; x_wconf 74' lang='grc' dir='ltr'>Μάρκος,</span> <span class='ocrx_word' id='word_1_152' title='bbox 435 2041 545 2092; x_wconf 81' lang='grc' dir='ltr'>ἀντὶ</span> <span class='ocrx_word' id='word_1_153' title='bbox 618 2049 714 2093; x_wconf 88' lang='grc' dir='ltr'>τοῦ</span> <span class='ocrx_word' id='word_1_154' title='bbox 791 2041 1038 2094; x_wconf 84' lang='grc' dir='ltr'>Βασιλεία</span> <span class='ocrx_word' id='word_1_155' title='bbox 1093 2049 1191 2094; x_wconf 87' lang='grc' dir='ltr'>τῶν</span> <span class='ocrx_word' id='word_1_156' title='bbox 1247 2042 1496 2113; x_wconf 73' lang='grc' dir='ltr'>οὐρανῶν,</span> <span class='ocrx_word' id='word_1_157' title='bbox 1536 2041 1592 2092; x_wconf 76' lang='grc' dir='ltr'><strong>Ἠ</strong></span> <span class='ocrx_word' id='word_1_158' title='bbox 1645 2039 1742 2113; x_wconf 84' lang='grc' dir='ltr'>βα-</span> 
     </span>
    </p>
   </div>
   <div class='ocr_carea' id='block_1_22' title="bbox 197 2126 1740 2200">
    <p class='ocr_par' dir='ltr' id='par_1_22' title="bbox 197 2126 1740 2200">
     <span class='ocr_line' id='line_1_22' title="bbox 197 2126 1740 2200; baseline 0.01 -23"><span class='ocrx_word' id='word_1_159' title='bbox 197 2126 327 2178; x_wconf 76' lang='grc' dir='ltr'>σιλεία</span> <span class='ocrx_word' id='word_1_160' title='bbox 371 2136 457 2179; x_wconf 84' lang='grc' dir='ltr'>τοῦ</span> <span class='ocrx_word' id='word_1_161' title='bbox 505 2133 633 2182; x_wconf 85' lang='grc' dir='ltr'>Θεοῦ</span> <span class='ocrx_word' id='word_1_162' title='bbox 685 2127 814 2182; x_wconf 80' lang='grc' dir='ltr'>εἶπε.</span> <span class='ocrx_word' id='word_1_163' title='bbox 871 2135 971 2183; x_wconf 76' lang='grc' dir='ltr'>Καὶ</span> <span class='ocrx_word' id='word_1_164' title='bbox 1019 2137 1207 2182; x_wconf 85' lang='grc' dir='ltr'>νοεῖται</span> <span class='ocrx_word' id='word_1_165' title='bbox 1255 2132 1349 2199; x_wconf 73' lang='grc' dir='ltr'>ἔτι,</span> <span class='ocrx_word' id='word_1_166' title='bbox 1401 2131 1478 2182; x_wconf 84' lang='grc' dir='ltr'>ὅτι</span> <span class='ocrx_word' id='word_1_167' title='bbox 1526 2133 1740 2200; x_wconf 71' lang='grc' dir='ltr'>ἤγγικεν</span> 
     </span>
    </p>
   </div>
   <div class='ocr_carea' id='block_1_23' title="bbox 196 2212 1740 2291">
    <p class='ocr_par' dir='ltr' id='par_1_23' title="bbox 196 2212 1740 2291">
     <span class='ocr_line' id='line_1_23' title="bbox 196 2212 1740 2291; baseline -0.001 -21"><span class='ocrx_word' id='word_1_168' title='bbox 196 2212 463 2285; x_wconf 69' lang='grc' dir='ltr'>ἑβασιλεία</span> <span class='ocrx_word' id='word_1_169' title='bbox 510 2225 604 2270; x_wconf 89' lang='grc' dir='ltr'>τοῦ</span> <span class='ocrx_word' id='word_1_170' title='bbox 654 2226 809 2289; x_wconf 83' lang='grc' dir='ltr'>Θεοῦ,</span> <span class='ocrx_word' id='word_1_171' title='bbox 869 2219 951 2270; x_wconf 84' lang='grc' dir='ltr'>ἱνα</span> <span class='ocrx_word' id='word_1_172' title='bbox 993 2217 1283 2291; x_wconf 74' lang='grc' dir='ltr'>βασιλεύσῃ</span> <span class='ocrx_word' id='word_1_173' title='bbox 1333 2227 1430 2271; x_wconf 87' lang='grc' dir='ltr'>τῶν</span> <span class='ocrx_word' id='word_1_174' title='bbox 1473 2221 1740 2270; x_wconf 78' lang='grc' dir='ltr'>πιστευόνο</span> 
     </span>
    </p>
   </div>
   <div class='ocr_carea' id='block_1_24' title="bbox 195 2305 1743 2380">
    <p class='ocr_par' dir='ltr' id='par_1_24' title="bbox 195 2305 1743 2380">
     <span class='ocr_line' id='line_1_24' title="bbox 195 2305 1743 2380; baseline 0.004 -28"><span class='ocrx_word' id='word_1_175' title='bbox 195 2321 282 2353; x_wconf 70' lang='lat' dir='ltr'>rm.</span> <span class='ocrx_word' id='word_1_176' title='bbox 324 2312 424 2357; x_wconf 81' lang='grc' dir='ltr'>Τῶν</span> <span class='ocrx_word' id='word_1_177' title='bbox 625 2309 731 2378; x_wconf 68' lang='grc' dir='ltr'>’γὰρ</span> <span class='ocrx_word' id='word_1_178' title='bbox 806 2305 1035 2360; x_wconf 85' lang='grc' dir='ltr'>ἀπίστων</span> <span class='ocrx_word' id='word_1_179' title='bbox 1093 2309 1246 2379; x_wconf 72' lang='grc' dir='ltr'>φύσει</span> <span class='ocrx_word' id='word_1_180' title='bbox 1305 2307 1421 2359; x_wconf 78' lang='grc' dir='ltr'>ἐστὶ</span> <span class='ocrx_word' id='word_1_181' title='bbox 1493 2305 1743 2380; x_wconf 83' lang='grc' dir='ltr'>βασιλεὺς</span> 
     </span>
    </p>
   </div>
   <div class='ocr_carea' id='block_1_25' title="bbox 195 2392 1744 2467">
    <p class='ocr_par' dir='ltr' id='par_1_25' title="bbox 195 2392 1744 2467">
     <span class='ocr_line' id='line_1_25' title="bbox 195 2392 1744 2467; baseline 0.003 -23"><span class='ocrx_word' id='word_1_182' title='bbox 195 2393 345 2454; x_wconf 75' lang='grc' dir='ltr'>ὸΥὶός</span> <span class='ocrx_word' id='word_1_183' title='bbox 386 2395 494 2465; x_wconf 81' lang='grc'>(13)</span> <span class='ocrx_word' id='word_1_184' title='bbox 551 2399 641 2448; x_wconf 83' lang='grc' dir='ltr'>καὶ</span> <span class='ocrx_word' id='word_1_185' title='bbox 689 2401 860 2467; x_wconf 72' lang='grc' dir='ltr'>Λόγος</span> <span class='ocrx_word' id='word_1_186' title='bbox 901 2414 914 2426; x_wconf 88' lang='grc'><strong>·</strong></span> <span class='ocrx_word' id='word_1_187' title='bbox 956 2404 1054 2448; x_wconf 87' lang='grc' dir='ltr'>τῶν</span> <span class='ocrx_word' id='word_1_188' title='bbox 1114 2392 1174 2449; x_wconf 72' lang='grc' dir='ltr'>δε</span> <span class='ocrx_word' id='word_1_189' title='bbox 1223 2400 1590 2462; x_wconf 79' lang='grc' dir='ltr'>πιστευόντων,</span> <span class='ocrx_word' id='word_1_190' title='bbox 1654 2401 1744 2448; x_wconf 83' lang='grc' dir='ltr'>καὶ</span> 
     </span>
    </p>
   </div>
   <div class='ocr_carea' id='block_1_26' title="bbox 193 2481 1740 2557">
    <p class='ocr_par' dir='ltr' id='par_1_26' title="bbox 193 2481 1740 2557">
     <span class='ocr_line' id='line_1_26' title="bbox 193 2481 1740 2557; baseline 0.005 -26"><span class='ocrx_word' id='word_1_191' title='bbox 193 2483 308 2549; x_wconf 60' lang='grc' dir='ltr'>φύσει</span> <span class='ocrx_word' id='word_1_192' title='bbox 364 2488 448 2535; x_wconf 81' lang='grc' dir='ltr'>καὶ</span> <span class='ocrx_word' id='word_1_193' title='bbox 502 2488 831 2557; x_wconf 76' lang='grc' dir='ltr'>προαιρέσει,</span> <span class='ocrx_word' id='word_1_194' title='bbox 887 2485 1136 2546; x_wconf 77' lang='grc' dir='ltr'>ἑκουσίως</span> <span class='ocrx_word' id='word_1_195' title='bbox 1205 2481 1502 2556; x_wconf 83' lang='grc' dir='ltr'>δεχομένων</span> <span class='ocrx_word' id='word_1_196' title='bbox 1549 2488 1608 2538; x_wconf 87' lang='grc' dir='ltr'>τό</span> <span class='ocrx_word' id='word_1_197' title='bbox 1655 2486 1740 2538; x_wconf 79' lang='grc' dir='ltr'>ὑπ’</span> 
     </span>
    </p>
   </div>
   <div class='ocr_carea' id='block_1_27' title="bbox 191 2569 741 2643">
    <p class='ocr_par' dir='ltr' id='par_1_27' title="bbox 191 2569 741 2643">
     <span class='ocr_line' id='line_1_27' title="bbox 191 2569 741 2643; baseline 0.016 -24"><span class='ocrx_word' id='word_1_198' title='bbox 191 2569 313 2622; x_wconf 71' lang='grc' dir='ltr'>αὐτοῦ</span> <span class='ocrx_word' id='word_1_199' title='bbox 345 2569 715 2643; x_wconf 82' lang='grc' dir='ltr'>βασιλεύεσθαι</span> <span class='ocrx_word' id='word_1_200' title='bbox 728 2618 741 2631; x_wconf 95' lang='grc'><strong>.</strong></span> 
     </span>
    </p>
   </div>
   <div class='ocr_carea' id='block_1_28' title="bbox 243 2662 1743 2736">
    <p class='ocr_par' dir='ltr' id='par_1_28' title="bbox 243 2662 1743 2736">
     <span class='ocr_line' id='line_1_28' title="bbox 243 2662 1743 2736; baseline 0.003 -24"><span class='ocrx_word' id='word_1_201' title='bbox 243 2665 516 2732; x_wconf 74' lang='grc' dir='ltr'>Περιπατῶν</span> <span class='ocrx_word' id='word_1_202' title='bbox 573 2693 646 2703; x_wconf 95' lang='lat'><strong>—</strong></span> <span class='ocrx_word' id='word_1_203' title='bbox 700 2662 857 2733; x_wconf 73' lang='grc' dir='ltr'>αὐτῷ.</span> <span class='ocrx_word' id='word_1_204' title='bbox 916 2663 1176 2723; x_wconf 81' lang='grc' dir='ltr'>Ματθαῖος</span> <span class='ocrx_word' id='word_1_205' title='bbox 1232 2663 1321 2734; x_wconf 68' lang='grc' dir='ltr'>μὶν</span> <span class='ocrx_word' id='word_1_206' title='bbox 1377 2662 1598 2716; x_wconf 80' lang='grc' dir='ltr'>ἐνταῦθά</span> <span class='ocrx_word' id='word_1_207' title='bbox 1651 2684 1743 2736; x_wconf 60' lang='lat' dir='ltr'>qm-</span> 
     </span>
    </p>
   </div>
   <div class='ocr_carea' id='block_1_29' title="bbox 193 2747 1743 2824">
    <p class='ocr_par' dir='ltr' id='par_1_29' title="bbox 193 2747 1743 2824">
     <span class='ocr_line' id='line_1_29' title="bbox 193 2747 1743 2824; baseline 0.003 -24"><span class='ocrx_word' id='word_1_208' title='bbox 193 2765 271 2813; x_wconf 72' lang='grc' dir='ltr'>σιν,</span> <span class='ocrx_word' id='word_1_209' title='bbox 314 2750 383 2801; x_wconf 76' lang='grc' dir='ltr'>ὅτι</span> <span class='ocrx_word' id='word_1_210' title='bbox 419 2753 549 2822; x_wconf 86' lang='grc' dir='ltr'>μετά</span> <span class='ocrx_word' id='word_1_211' title='bbox 592 2755 653 2803; x_wconf 85' lang='grc' dir='ltr'>τό</span> <span class='ocrx_word' id='word_1_212' title='bbox 701 2747 1071 2824; x_wconf 81' lang='grc' dir='ltr'>παραδοθῆναι</span> <span class='ocrx_word' id='word_1_213' title='bbox 1125 2754 1213 2804; x_wconf 87' lang='grc' dir='ltr'>τὸν</span> <span class='ocrx_word' id='word_1_214' title='bbox 1261 2753 1498 2811; x_wconf 82' lang='grc' dir='ltr'>Ἰωάννην</span> <span class='ocrx_word' id='word_1_215' title='bbox 1532 2752 1743 2812; x_wconf 82' lang='grc' dir='ltr'>ἠκολού-</span> 
     </span>
    </p>
   </div>
   <div class='ocr_carea' id='block_1_30' title="bbox 189 2837 1746 2912">
    <p class='ocr_par' dir='ltr' id='par_1_30' title="bbox 189 2837 1746 2912">
     <span class='ocr_line' id='line_1_30' title="bbox 189 2837 1746 2912; baseline 0.004 -26"><span class='ocrx_word' id='word_1_216' title='bbox 189 2837 321 2891; x_wconf 70' lang='grc' dir='ltr'>6ησαν</span> <span class='ocrx_word' id='word_1_217' title='bbox 354 2839 489 2892; x_wconf 76' lang='grc' dir='ltr'>οὗτοι</span> <span class='ocrx_word' id='word_1_218' title='bbox 541 2849 618 2891; x_wconf 86' lang='grc' dir='ltr'>τῶ</span> <span class='ocrx_word' id='word_1_219' title='bbox 656 2840 835 2897; x_wconf 81' lang='grc' dir='ltr'>Ἰησοῦ</span> <span class='ocrx_word' id='word_1_220' title='bbox 873 2857 886 2870; x_wconf 91' lang='grc'><strong>·</strong></span> <span class='ocrx_word' id='word_1_221' title='bbox 939 2841 964 2891; x_wconf 91' lang='grc' dir='ltr'>ό</span> <span class='ocrx_word' id='word_1_222' title='bbox 1015 2837 1063 2892; x_wconf 81' lang='grc' dir='ltr'>δ’</span> <span class='ocrx_word' id='word_1_223' title='bbox 1105 2839 1475 2912; x_wconf 76' lang='grc' dir='ltr'>εὐαγγελιστῆς</span> <span class='ocrx_word' id='word_1_224' title='bbox 1506 2841 1746 2903; x_wconf 85' lang='grc' dir='ltr'>Ἰωάννης</span> 
     </span>
    </p>
   </div>
   <div class='ocr_carea' id='block_1_31' title="bbox 190 2924 1744 3004">
    <p class='ocr_par' dir='ltr' id='par_1_31' title="bbox 190 2924 1744 3004">
     <span class='ocr_line' id='line_1_31' title="bbox 190 2924 1744 3004; baseline 0.004 -27"><span class='ocrx_word' id='word_1_225' title='bbox 190 2924 358 2992; x_wconf 71' lang='grc' dir='ltr'>μᾶλλον,</span> <span class='ocrx_word' id='word_1_226' title='bbox 387 2929 462 2979; x_wconf 83' lang='grc' dir='ltr'>ὅτι</span> <span class='ocrx_word' id='word_1_227' title='bbox 504 2932 608 3001; x_wconf 86' lang='grc' dir='ltr'>πρὸ</span> <span class='ocrx_word' id='word_1_228' title='bbox 650 2937 745 2981; x_wconf 87' lang='grc' dir='ltr'>τοῦ</span> <span class='ocrx_word' id='word_1_229' title='bbox 774 2924 1161 3002; x_wconf 78' lang='grc' dir='ltr'>παραδοθῆναι.</span> <span class='ocrx_word' id='word_1_230' title='bbox 1206 2933 1308 2982; x_wconf 80' lang='grc' dir='ltr'>Καὶ</span> <span class='ocrx_word' id='word_1_231' title='bbox 1337 2931 1603 2992; x_wconf 87' lang='grc' dir='ltr'>Ματθαῖος</span> <span class='ocrx_word' id='word_1_232' title='bbox 1655 2934 1744 3004; x_wconf 67' lang='grc' dir='ltr'>μὲν</span> 
     </span>
    </p>
   </div>
   <div class='ocr_carea' id='block_1_32' title="bbox 189 3010 1745 3093">
    <p class='ocr_par' dir='ltr' id='par_1_32' title="bbox 189 3010 1745 3093">
     <span class='ocr_line' id='line_1_32' title="bbox 189 3010 1745 3093; baseline 0.006 -29"><span class='ocrx_word' id='word_1_233' title='bbox 189 3010 310 3080; x_wconf 70' lang='grc' dir='ltr'>εἶπεν,</span> <span class='ocrx_word' id='word_1_234' title='bbox 339 3018 413 3070; x_wconf 85' lang='grc' dir='ltr'>ὃτι</span> <span class='ocrx_word' id='word_1_235' title='bbox 459 3022 548 3071; x_wconf 83' lang='grc' dir='ltr'>καὶ</span> <span class='ocrx_word' id='word_1_236' title='bbox 602 3017 922 3093; x_wconf 80' lang='grc' dir='ltr'>ἀμφοτέρους</span> <span class='ocrx_word' id='word_1_237' title='bbox 971 3020 997 3070; x_wconf 89' lang='lat'>6</span> <span class='ocrx_word' id='word_1_238' title='bbox 1050 3017 1252 3080; x_wconf 86' lang='grc' dir='ltr'>Ἰησοῦς</span> <span class='ocrx_word' id='word_1_239' title='bbox 1300 3017 1535 3072; x_wconf 73' lang='grc' dir='ltr'>ἐκάλεσεν</span> <span class='ocrx_word' id='word_1_240' title='bbox 1569 3037 1580 3049; x_wconf 84' lang='lat'>&#39;</span> <span class='ocrx_word' id='word_1_241' title='bbox 1628 3021 1654 3072; x_wconf 90' lang='lat'>6</span> <span class='ocrx_word' id='word_1_242' title='bbox 1686 3018 1745 3074; x_wconf 65' lang='grc' dir='ltr'>δὲ</span> 
     </span>
    </p>
   </div>
   <div class='ocr_carea' id='block_1_33' title="bbox 188 3102 1745 3182">
    <p class='ocr_par' dir='ltr' id='par_1_33' title="bbox 188 3102 1745 3182">
     <span class='ocr_line' id='line_1_33' title="bbox 188 3102 1745 3182; baseline 0.006 -28"><span class='ocrx_word' id='word_1_243' title='bbox 188 3102 400 3173; x_wconf 76' lang='grc' dir='ltr'>Ἰωάννης,</span> <span class='ocrx_word' id='word_1_244' title='bbox 457 3109 540 3160; x_wconf 86' lang='grc' dir='ltr'>ὃτι</span> <span class='ocrx_word' id='word_1_245' title='bbox 598 3111 687 3160; x_wconf 89' lang='grc' dir='ltr'>τόν</span> <span class='ocrx_word' id='word_1_246' title='bbox 740 3109 830 3180; x_wconf 71' lang='grc' dir='ltr'>μὲν</span> <span class='ocrx_word' id='word_1_247' title='bbox 892 3103 1158 3182; x_wconf 80' lang='grc' dir='ltr'>Ἀνδρίαν,</span> <span class='ocrx_word' id='word_1_248' title='bbox 1205 3109 1231 3160; x_wconf 91' lang='lat'>6</span> <span class='ocrx_word' id='word_1_249' title='bbox 1287 3109 1514 3178; x_wconf 86' lang='grc' dir='ltr'>Ἰησοῦς,</span> <span class='ocrx_word' id='word_1_250' title='bbox 1545 3113 1630 3162; x_wconf 88' lang='grc' dir='ltr'>τὸν</span> <span class='ocrx_word' id='word_1_251' title='bbox 1685 3107 1745 3163; x_wconf 71' lang='grc' dir='ltr'>δε</span> 
     </span>
    </p>
   </div>
   <div class='ocr_carea' id='block_1_34' title="bbox 189 3193 1746 3275">
    <p class='ocr_par' dir='ltr' id='par_1_34' title="bbox 189 3193 1746 3275">
     <span class='ocr_line' id='line_1_34' title="bbox 189 3193 1746 3275; baseline 0.005 -31"><span class='ocrx_word' id='word_1_252' title='bbox 189 3196 358 3265; x_wconf 76' lang='grc' dir='ltr'>Πέτρον,</span> <span class='ocrx_word' id='word_1_253' title='bbox 409 3198 435 3248; x_wconf 91' lang='lat'>6</span> <span class='ocrx_word' id='word_1_254' title='bbox 512 3193 783 3270; x_wconf 82' lang='grc' dir='ltr'>Ἀνδρέας.</span> <span class='ocrx_word' id='word_1_255' title='bbox 849 3195 1002 3250; x_wconf 89' lang='grc' dir='ltr'>Ὀθεν</span> <span class='ocrx_word' id='word_1_256' title='bbox 1068 3200 1299 3272; x_wconf 77' lang='grc' dir='ltr'>φανερὸν,</span> <span class='ocrx_word' id='word_1_257' title='bbox 1377 3199 1457 3250; x_wconf 87' lang='grc' dir='ltr'>ὃτι</span> <span class='ocrx_word' id='word_1_258' title='bbox 1531 3195 1746 3275; x_wconf 84' lang='grc' dir='ltr'>δευτέρα</span> 
     </span>
    </p>
   </div>
   <div class='ocr_carea' id='block_1_35' title="bbox 189 3281 1740 3358">
    <p class='ocr_par' dir='ltr' id='par_1_35' title="bbox 189 3281 1740 3358">
     <span class='ocr_line' id='line_1_35' title="bbox 189 3281 1740 3358; baseline 0.006 -27"><span class='ocrx_word' id='word_1_259' title='bbox 189 3281 288 3340; x_wconf 70' lang='grc' dir='ltr'>αὕτη</span> <span class='ocrx_word' id='word_1_260' title='bbox 333 3287 359 3342; x_wconf 74' lang='grc' dir='ltr'>ἡ</span> <span class='ocrx_word' id='word_1_261' title='bbox 417 3285 608 3348; x_wconf 77' lang='grc' dir='ltr'>κλῆσις</span> <span class='ocrx_word' id='word_1_262' title='bbox 657 3287 743 3344; x_wconf 76' lang='grc' dir='ltr'>ἦν.</span> <span class='ocrx_word' id='word_1_263' title='bbox 792 3290 892 3339; x_wconf 79' lang='grc' dir='ltr'>Καὶ</span> <span class='ocrx_word' id='word_1_264' title='bbox 942 3288 1044 3358; x_wconf 75' lang='grc' dir='ltr'>γὰρ</span> <span class='ocrx_word' id='word_1_265' title='bbox 1099 3284 1537 3347; x_wconf 85' lang='grc' dir='ltr'>ἀκολουθήσαντες</span> <span class='ocrx_word' id='word_1_266' title='bbox 1581 3288 1740 3358; x_wconf 86' lang='grc' dir='ltr'>αύτῷ,</span> 
     </span>
    </p>
   </div>
   <div class='ocr_carea' id='block_1_36' title="bbox 188 3371 1743 3448">
    <p class='ocr_par' dir='ltr' id='par_1_36' title="bbox 188 3371 1743 3448">
     <span class='ocr_line' id='line_1_36' title="bbox 188 3371 1743 3448; baseline 0.008 -30"><span class='ocrx_word' id='word_1_267' title='bbox 188 3375 262 3442; x_wconf 69' lang='grc' dir='ltr'>πρὸ</span> <span class='ocrx_word' id='word_1_268' title='bbox 292 3381 374 3424; x_wconf 83' lang='grc' dir='ltr'>τοῦ</span> <span class='ocrx_word' id='word_1_269' title='bbox 414 3371 788 3448; x_wconf 83' lang='grc' dir='ltr'>παραδοθῆναι</span> <span class='ocrx_word' id='word_1_270' title='bbox 834 3378 920 3427; x_wconf 89' lang='grc' dir='ltr'>τὸν</span> <span class='ocrx_word' id='word_1_271' title='bbox 967 3374 1228 3440; x_wconf 83' lang='grc' dir='ltr'>Ἰωάννην,</span> <span class='ocrx_word' id='word_1_272' title='bbox 1262 3374 1542 3435; x_wconf 80' lang='grc' dir='ltr'>έπανῆλθον</span> <span class='ocrx_word' id='word_1_273' title='bbox 1589 3376 1743 3430; x_wconf 82' lang='grc' dir='ltr'>πάλιν</span> 
     </span>
    </p>
   </div>
   <div class='ocr_carea' id='block_1_37' title="bbox 185 3459 1744 3539">
    <p class='ocr_par' dir='ltr' id='par_1_37' title="bbox 185 3459 1744 3539">
     <span class='ocr_line' id='line_1_37' title="bbox 185 3459 1744 3539; baseline 0.001 -22"><span class='ocrx_word' id='word_1_274' title='bbox 185 3459 234 3518; x_wconf 78' lang='grc' dir='ltr'>εὶς</span> <span class='ocrx_word' id='word_1_275' title='bbox 257 3465 331 3517; x_wconf 67' lang='grc' dir='ltr'>τήν</span> <span class='ocrx_word' id='word_1_276' title='bbox 361 3460 497 3515; x_wconf 67' lang='grc' dir='ltr'>ἰδίαν</span> <span class='ocrx_word' id='word_1_277' title='bbox 536 3460 799 3537; x_wconf 80' lang='grc' dir='ltr'>πατρίδα,</span> <span class='ocrx_word' id='word_1_278' title='bbox 832 3468 922 3516; x_wconf 86' lang='grc' dir='ltr'>καὶ</span> <span class='ocrx_word' id='word_1_279' title='bbox 967 3467 1061 3521; x_wconf 79' lang='grc' dir='ltr'>τήν</span> <span class='ocrx_word' id='word_1_280' title='bbox 1109 3468 1360 3539; x_wconf 87' lang='grc' dir='ltr'>προτέραν</span> <span class='ocrx_word' id='word_1_281' title='bbox 1407 3468 1597 3536; x_wconf 85' lang='grc' dir='ltr'>τέχνην</span> <span class='ocrx_word' id='word_1_282' title='bbox 1626 3486 1744 3538; x_wconf 85' lang='grc' dir='ltr'>μετ-</span> 
     </span>
    </p>
   </div>
   <div class='ocr_carea' id='block_1_38' title="bbox 186 3549 1744 3628">
    <p class='ocr_par' dir='ltr' id='par_1_38' title="bbox 186 3549 1744 3628">
     <span class='ocr_line' id='line_1_38' title="bbox 186 3549 1744 3628; baseline 0.006 -29"><span class='ocrx_word' id='word_1_283' title='bbox 186 3550 482 3622; x_wconf 74' lang='grc' dir='ltr'>ιχειρίζοντο,</span> <span class='ocrx_word' id='word_1_284' title='bbox 537 3553 631 3605; x_wconf 84' lang='grc' dir='ltr'>οἱτε</span> <span class='ocrx_word' id='word_1_285' title='bbox 680 3556 770 3603; x_wconf 89' lang='grc' dir='ltr'>τόν</span> <span class='ocrx_word' id='word_1_286' title='bbox 826 3555 914 3624; x_wconf 73' lang='grc' dir='ltr'>μὲν</span> <span class='ocrx_word' id='word_1_287' title='bbox 973 3552 1212 3610; x_wconf 82' lang='grc' dir='ltr'>Ἰωάννην</span> <span class='ocrx_word' id='word_1_288' title='bbox 1263 3549 1458 3614; x_wconf 80' lang='grc' dir='ltr'>ἰδόντες</span> <span class='ocrx_word' id='word_1_289' title='bbox 1509 3553 1744 3628; x_wconf 80' lang='grc' dir='ltr'>παραδο-</span> 
     </span>
    </p>
   </div>
   <div class='ocr_carea' id='block_1_39' title="bbox 185 3637 1742 3714">
    <p class='ocr_par' dir='ltr' id='par_1_39' title="bbox 185 3637 1742 3714">
     <span class='ocr_line' id='line_1_39' title="bbox 185 3637 1742 3714; baseline 0.004 -25"><span class='ocrx_word' id='word_1_290' title='bbox 185 3638 317 3701; x_wconf 68' lang='grc' dir='ltr'>θέντα,</span> <span class='ocrx_word' id='word_1_291' title='bbox 369 3643 452 3692; x_wconf 81' lang='grc' dir='ltr'>τόν</span> <span class='ocrx_word' id='word_1_292' title='bbox 520 3637 584 3693; x_wconf 65' lang='grc' dir='ltr'>δι</span> <span class='ocrx_word' id='word_1_293' title='bbox 638 3641 846 3699; x_wconf 88' lang='grc' dir='ltr'>Ἰησοῦν</span> <span class='ocrx_word' id='word_1_294' title='bbox 903 3639 1346 3714; x_wconf 85' lang='grc' dir='ltr'>ἀναχωρήσαντα.</span> <span class='ocrx_word' id='word_1_295' title='bbox 1406 3647 1602 3696; x_wconf 88' lang='grc' dir='ltr'>Λοιπὸν</span> <span class='ocrx_word' id='word_1_296' title='bbox 1655 3641 1742 3697; x_wconf 79' lang='grc' dir='ltr'>οὖν</span> 
     </span>
    </p>
   </div>
   <div class='ocr_carea' id='block_1_40' title="bbox 183 3726 1742 3806">
    <p class='ocr_par' dir='ltr' id='par_1_40' title="bbox 183 3726 1742 3806">
     <span class='ocr_line' id='line_1_40' title="bbox 183 3726 1742 3806; baseline 0.004 -26"><span class='ocrx_word' id='word_1_297' title='bbox 183 3726 204 3773; x_wconf 77' lang='grc' dir='ltr'>ὁ</span> <span class='ocrx_word' id='word_1_298' title='bbox 242 3732 463 3799; x_wconf 71' lang='grc' dir='ltr'>Χριστός,</span> <span class='ocrx_word' id='word_1_299' title='bbox 499 3726 686 3792; x_wconf 75' lang='grc' dir='ltr'>ἐνδούς</span> <span class='ocrx_word' id='word_1_300' title='bbox 736 3729 913 3791; x_wconf 78' lang='grc' dir='ltr'>αὐτοῖς</span> <span class='ocrx_word' id='word_1_301' title='bbox 962 3733 1020 3782; x_wconf 91' lang='grc' dir='ltr'>τό</span> <span class='ocrx_word' id='word_1_302' title='bbox 1070 3739 1289 3806; x_wconf 86' lang='grc' dir='ltr'>πρῶτον,</span> <span class='ocrx_word' id='word_1_303' title='bbox 1325 3733 1538 3804; x_wconf 77' lang='grc' dir='ltr'>ἔρχεται</span> <span class='ocrx_word' id='word_1_304' title='bbox 1590 3733 1742 3786; x_wconf 84' lang='grc' dir='ltr'>πάλιν</span> 
     </span>
    </p>
   </div>
   <div class='ocr_carea' id='block_1_41' title="bbox 181 3811 1743 3890">
    <p class='ocr_par' dir='ltr' id='par_1_41' title="bbox 181 3811 1743 3890">
     <span class='ocr_line' id='line_1_41' title="bbox 181 3811 1743 3890; baseline 0.004 -24"><span class='ocrx_word' id='word_1_305' title='bbox 181 3811 558 3890; x_wconf 66' lang='grc' dir='ltr'>ἀνακτησάμενος</span> <span class='ocrx_word' id='word_1_306' title='bbox 606 3823 698 3871; x_wconf 81' lang='grc' dir='ltr'>καὶ</span> <span class='ocrx_word' id='word_1_307' title='bbox 743 3817 930 3872; x_wconf 78' lang='grc' dir='ltr'>κελεύει</span> <span class='ocrx_word' id='word_1_308' title='bbox 983 3817 1300 3885; x_wconf 89' lang='grc' dir='ltr'>ἀκολουθεῖν,</span> <span class='ocrx_word' id='word_1_309' title='bbox 1355 3821 1456 3883; x_wconf 81' lang='grc' dir='ltr'>ἵνα,</span> <span class='ocrx_word' id='word_1_310' title='bbox 1508 3820 1617 3874; x_wconf 88' lang='grc' dir='ltr'>ἀνθ’</span> <span class='ocrx_word' id='word_1_311' title='bbox 1675 3822 1743 3873; x_wconf 86' lang='grc' dir='ltr'>ὧν</span> 
     </span>
    </p>
   </div>
   <div class='ocr_carea' id='block_1_42' title="bbox 183 3900 1742 3983">
    <p class='ocr_par' dir='ltr' id='par_1_42' title="bbox 183 3900 1742 3983">
     <span class='ocr_line' id='line_1_42' title="bbox 183 3900 1742 3983; baseline 0.006 -31"><span class='ocrx_word' id='word_1_312' title='bbox 183 3900 298 3972; x_wconf 80' lang='grc' dir='ltr'>εἶχον</span> <span class='ocrx_word' id='word_1_313' title='bbox 344 3903 591 3972; x_wconf 76' lang='grc' dir='ltr'>δικτύων,</span> <span class='ocrx_word' id='word_1_314' title='bbox 651 3906 894 3969; x_wconf 77' lang='grc' dir='ltr'>λαϐόντες</span> <span class='ocrx_word' id='word_1_315' title='bbox 959 3908 1077 3983; x_wconf 86' lang='grc' dir='ltr'>παρ’</span> <span class='ocrx_word' id='word_1_316' title='bbox 1138 3908 1300 3960; x_wconf 76' lang='grc' dir='ltr'>αὐτοῦ</span> <span class='ocrx_word' id='word_1_317' title='bbox 1366 3914 1460 3967; x_wconf 91' lang='grc' dir='ltr'>τήν</span> <span class='ocrx_word' id='word_1_318' title='bbox 1527 3908 1742 3982; x_wconf 76' lang='grc' dir='ltr'>λογικὴν</span> 
     </span>
    </p>
   </div>
   <div class='ocr_carea' id='block_1_43' title="bbox 181 3995 1740 4072">
    <p class='ocr_par' dir='ltr' id='par_1_43' title="bbox 181 3995 1740 4072">
     <span class='ocr_line' id='line_1_43' title="bbox 181 3995 1740 4072; baseline 0.005 -29"><span class='ocrx_word' id='word_1_319' title='bbox 181 3999 397 4064; x_wconf 69' lang='grc' dir='ltr'>σαγήνην,</span> <span class='ocrx_word' id='word_1_320' title='bbox 444 4001 536 4049; x_wconf 78' lang='grc' dir='ltr'>καὶ</span> <span class='ocrx_word' id='word_1_321' title='bbox 588 3995 860 4069; x_wconf 84' lang='grc' dir='ltr'>βάλλοντες</span> <span class='ocrx_word' id='word_1_322' title='bbox 905 3996 975 4059; x_wconf 82' lang='grc' dir='ltr'>εἰς</span> <span class='ocrx_word' id='word_1_323' title='bbox 1013 4001 1101 4056; x_wconf 82' lang='grc' dir='ltr'>τήν</span> <span class='ocrx_word' id='word_1_324' title='bbox 1153 3997 1420 4050; x_wconf 90' lang='grc' dir='ltr'>θάλασσαν</span> <span class='ocrx_word' id='word_1_325' title='bbox 1457 4006 1547 4051; x_wconf 90' lang='grc' dir='ltr'>τοῦ</span> <span class='ocrx_word' id='word_1_326' title='bbox 1596 3997 1740 4072; x_wconf 82' lang='grc' dir='ltr'>βίου,</span> 
     </span>
    </p>
   </div>
   <div class='ocr_carea' id='block_1_44' title="bbox 181 4084 1740 4160">
    <p class='ocr_par' dir='ltr' id='par_1_44' title="bbox 181 4084 1740 4160">
     <span class='ocr_line' id='line_1_44' title="bbox 181 4084 1740 4160; baseline 0.008 -29"><span class='ocrx_word' id='word_1_327' title='bbox 181 4086 276 4144; x_wconf 69' lang='grc' dir='ltr'>τοὺς</span> <span class='ocrx_word' id='word_1_328' title='bbox 314 4084 617 4159; x_wconf 72' lang='grc' dir='ltr'>ἀνθρώπους</span> <span class='ocrx_word' id='word_1_329' title='bbox 664 4087 779 4158; x_wconf 80' lang='grc'>(14)</span> <span class='ocrx_word' id='word_1_330' title='bbox 820 4088 1164 4159; x_wconf 83' lang='grc' dir='ltr'>θηρεύσωσιν,</span> <span class='ocrx_word' id='word_1_331' title='bbox 1211 4085 1327 4139; x_wconf 85' lang='grc' dir='ltr'>ἀντὶ</span> <span class='ocrx_word' id='word_1_332' title='bbox 1374 4095 1472 4139; x_wconf 86' lang='grc' dir='ltr'>τῶν</span> <span class='ocrx_word' id='word_1_333' title='bbox 1519 4088 1740 4160; x_wconf 84' lang='grc' dir='ltr'>ἰχθύων.</span> 
     </span>
    </p>
   </div>
   <div class='ocr_carea' id='block_1_45' title="bbox 181 4172 1742 4250">
    <p class='ocr_par' dir='ltr' id='par_1_45' title="bbox 181 4172 1742 4250">
     <span class='ocr_line' id='line_1_45' title="bbox 181 4172 1742 4250; baseline 0.004 -27"><span class='ocrx_word' id='word_1_334' title='bbox 181 4177 329 4227; x_wconf 71' lang='grc' dir='ltr'>Σκόπει</span> <span class='ocrx_word' id='word_1_335' title='bbox 404 4172 482 4244; x_wconf 70' lang='grc' dir='ltr'>δι,</span> <span class='ocrx_word' id='word_1_336' title='bbox 563 4183 672 4236; x_wconf 83' lang='grc' dir='ltr'>πῶς</span> <span class='ocrx_word' id='word_1_337' title='bbox 739 4175 921 4236; x_wconf 83' lang='grc' dir='ltr'>εύθέως</span> <span class='ocrx_word' id='word_1_338' title='bbox 983 4177 1308 4243; x_wconf 81' lang='grc' dir='ltr'>ὑπήκουσαν,</span> <span class='ocrx_word' id='word_1_339' title='bbox 1377 4181 1467 4230; x_wconf 83' lang='grc' dir='ltr'>καὶ</span> <span class='ocrx_word' id='word_1_340' title='bbox 1541 4175 1742 4250; x_wconf 78' lang='grc' dir='ltr'>ἀφῆκαν</span> 
     </span>
    </p>
   </div>
   <div class='ocr_carea' id='block_1_46' title="bbox 183 4260 1742 4341">
    <p class='ocr_par' dir='ltr' id='par_1_46' title="bbox 183 4260 1742 4341">
     <span class='ocr_line' id='line_1_46' title="bbox 183 4260 1742 4341; baseline 0.004 -28"><span class='ocrx_word' id='word_1_341' title='bbox 183 4260 369 4333; x_wconf 81' lang='grc' dir='ltr'>ἆιῖχον,</span> <span class='ocrx_word' id='word_1_342' title='bbox 399 4261 570 4337; x_wconf 84' lang='grc' dir='ltr'>μηδέν</span> <span class='ocrx_word' id='word_1_343' title='bbox 615 4283 666 4318; x_wconf 92' lang='grc' dir='ltr'>τι</span> <span class='ocrx_word' id='word_1_344' title='bbox 712 4267 1184 4339; x_wconf 81' lang='grc' dir='ltr'>προφασισάμενοι.</span> <span class='ocrx_word' id='word_1_345' title='bbox 1235 4271 1337 4318; x_wconf 83' lang='lat' dir='ltr'><strong><em>Kal</em></strong></span> <span class='ocrx_word' id='word_1_346' title='bbox 1373 4268 1476 4341; x_wconf 75' lang='grc' dir='ltr'>γὰρ</span> <span class='ocrx_word' id='word_1_347' title='bbox 1525 4266 1688 4329; x_wconf 78' lang='grc' dir='ltr'>οὕτως</span> <span class='ocrx_word' id='word_1_348' title='bbox 1717 4269 1742 4320; x_wconf 89' lang='lat'>6</span> 
     </span>
    </p>
   </div>
   <div class='ocr_carea' id='block_1_47' title="bbox 183 4352 1742 4428">
    <p class='ocr_par' dir='ltr' id='par_1_47' title="bbox 183 4352 1742 4428">
     <span class='ocr_line' id='line_1_47' title="bbox 183 4352 1742 4428; baseline 0.003 -26"><span class='ocrx_word' id='word_1_349' title='bbox 183 4355 369 4422; x_wconf 73' lang='grc' dir='ltr'>Χριττός</span> <span class='ocrx_word' id='word_1_350' title='bbox 423 4353 699 4426; x_wconf 75' lang='grc' dir='ltr'>βούλεται,</span> <span class='ocrx_word' id='word_1_351' title='bbox 751 4357 944 4414; x_wconf 88' lang='grc' dir='ltr'>παντὸς</span> <span class='ocrx_word' id='word_1_352' title='bbox 1011 4352 1296 4426; x_wconf 73' lang='grc' dir='ltr'>ἀναγκαίου</span> <span class='ocrx_word' id='word_1_353' title='bbox 1372 4360 1627 4428; x_wconf 82' lang='grc' dir='ltr'>προτιμᾷν</span> <span class='ocrx_word' id='word_1_354' title='bbox 1683 4357 1742 4406; x_wconf 88' lang='grc' dir='ltr'>τὸ</span> 
     </span>
    </p>
   </div>
   <div class='ocr_carea' id='block_1_48' title="bbox 179 4438 1742 4517">
    <p class='ocr_par' dir='ltr' id='par_1_48' title="bbox 179 4438 1742 4517">
     <span class='ocr_line' id='line_1_48' title="bbox 179 4438 1742 4517; baseline 0.002 -24"><span class='ocrx_word' id='word_1_355' title='bbox 179 4438 432 4495; x_wconf 68' lang='grc' dir='ltr'>ἀκολουθεῖν</span> <span class='ocrx_word' id='word_1_356' title='bbox 484 4443 652 4514; x_wconf 69' lang='grc' dir='ltr'>αὐτῷ.</span> <span class='ocrx_word' id='word_1_357' title='bbox 696 4449 846 4496; x_wconf 85' lang='grc' dir='ltr'>Δεῦτε</span> <span class='ocrx_word' id='word_1_358' title='bbox 899 4439 978 4508; x_wconf 74' lang='grc' dir='ltr'>δὲ,</span> <span class='ocrx_word' id='word_1_359' title='bbox 1036 4442 1202 4496; x_wconf 84' lang='grc' dir='ltr'>ὀπίσω</span> <span class='ocrx_word' id='word_1_360' title='bbox 1253 4462 1376 4517; x_wconf 90' lang='grc' dir='ltr'>μου,</span> <span class='ocrx_word' id='word_1_361' title='bbox 1437 4440 1592 4509; x_wconf 83' lang='grc' dir='ltr'>εἶπεν,</span> <span class='ocrx_word' id='word_1_362' title='bbox 1631 4442 1742 4496; x_wconf 85' lang='grc' dir='ltr'>ἀντὶ</span> 
     </span>
    </p>
   </div>
   <div class='ocr_carea' id='block_1_49' title="bbox 180 4531 850 4603">
    <p class='ocr_par' dir='ltr' id='par_1_49' title="bbox 180 4531 850 4603">
     <span class='ocr_line' id='line_1_49' title="bbox 180 4531 850 4603; baseline 0.009 -25"><span class='ocrx_word' id='word_1_363' title='bbox 180 4535 267 4593; x_wconf 73' lang='grc' dir='ltr'>τοῦ,</span> <span class='ocrx_word' id='word_1_364' title='bbox 297 4531 574 4590; x_wconf 78' lang='grc' dir='ltr'>Ἀκολουθή</span> <span class='ocrx_word' id='word_1_365' title='bbox 587 4533 714 4584; x_wconf 61' lang='lat' dir='ltr'>eam</span> <span class='ocrx_word' id='word_1_366' title='bbox 741 4551 850 4603; x_wconf 90' lang='grc' dir='ltr'>μοι.</span> 
     </span>
    </p>
   </div>
   <div class='ocr_carea' id='block_1_50' title="bbox 231 4617 1742 4696">
    <p class='ocr_par' dir='ltr' id='par_1_50' title="bbox 231 4617 1742 4696">
     <span class='ocr_line' id='line_1_50' title="bbox 231 4617 1742 4696; baseline 0.001 -24"><span class='ocrx_word' id='word_1_367' title='bbox 231 4617 474 4693; x_wconf 63' lang='grc' dir='ltr'>[Δδελφοὶ</span> <span class='ocrx_word' id='word_1_368' title='bbox 531 4622 650 4692; x_wconf 77' lang='grc'>(15)</span> <span class='ocrx_word' id='word_1_369' title='bbox 702 4617 820 4686; x_wconf 84' lang='grc' dir='ltr'>δύο,</span> <span class='ocrx_word' id='word_1_370' title='bbox 875 4625 1124 4692; x_wconf 75' lang='grc' dir='ltr'>γεγόνασι</span> <span class='ocrx_word' id='word_1_371' title='bbox 1185 4626 1364 4696; x_wconf 84' lang='grc' dir='ltr'>πρώτη</span> <span class='ocrx_word' id='word_1_372' title='bbox 1427 4621 1615 4684; x_wconf 87' lang='grc' dir='ltr'>κλῆσις</span> <span class='ocrx_word' id='word_1_373' title='bbox 1671 4629 1742 4694; x_wconf 86' lang='grc' dir='ltr'>τῷ</span> 
     </span>
    </p>
   </div>
   <div class='ocr_carea' id='block_1_51' title="bbox 183 4706 1743 4785">
    <p class='ocr_par' dir='ltr' id='par_1_51' title="bbox 183 4706 1743 4785">
     <span class='ocr_line' id='line_1_51' title="bbox 183 4706 1743 4785; baseline 0.004 -29"><span class='ocrx_word' id='word_1_374' title='bbox 183 4711 377 4778; x_wconf 66' lang='grc' dir='ltr'>Χριστῷ,</span> <span class='ocrx_word' id='word_1_375' title='bbox 428 4706 750 4762; x_wconf 81' lang='grc' dir='ltr'>διδάσκοντι</span> <span class='ocrx_word' id='word_1_376' title='bbox 801 4713 892 4762; x_wconf 81' lang='grc' dir='ltr'>καὶ</span> <span class='ocrx_word' id='word_1_377' title='bbox 952 4706 1046 4762; x_wconf 78' lang='grc' dir='ltr'>διὰ</span> <span class='ocrx_word' id='word_1_378' title='bbox 1109 4713 1295 4762; x_wconf 89' lang='grc' dir='ltr'>τούτου</span> <span class='ocrx_word' id='word_1_379' title='bbox 1345 4713 1404 4763; x_wconf 87' lang='grc' dir='ltr'>τὸ</span> <span class='ocrx_word' id='word_1_380' title='bbox 1459 4716 1743 4785; x_wconf 83' lang='grc' dir='ltr'>προσήκειν</span> 
     </span>
    </p>
   </div>
   <div class='ocr_carea' id='block_1_52' title="bbox 181 4791 1743 4874">
    <p class='ocr_par' dir='ltr' id='par_1_52' title="bbox 181 4791 1743 4874">
     <span class='ocr_line' id='line_1_52' title="bbox 181 4791 1743 4874; baseline 0.005 -29"><span class='ocrx_word' id='word_1_381' title='bbox 181 4791 422 4867; x_wconf 54' lang='lat' dir='ltr'>insidenda;</span> <span class='ocrx_word' id='word_1_382' title='bbox 482 4798 874 4868; x_wconf 84' lang='grc' dir='ltr'>πολιτεύεσθαι,</span> <span class='ocrx_word' id='word_1_383' title='bbox 931 4802 1021 4851; x_wconf 85' lang='grc' dir='ltr'>καὶ</span> <span class='ocrx_word' id='word_1_384' title='bbox 1080 4795 1280 4872; x_wconf 75' lang='grc' dir='ltr'>ἀδελφά</span> <span class='ocrx_word' id='word_1_385' title='bbox 1350 4807 1569 4874; x_wconf 78' lang='grc' dir='ltr'>φρονεῖν,</span> <span class='ocrx_word' id='word_1_386' title='bbox 1623 4803 1743 4862; x_wconf 87' lang='grc' dir='ltr'>τούς</span> 
     </span>
    </p>
   </div>
   <div class='ocr_carea' id='block_1_53' title="bbox 183 4886 822 4960">
    <p class='ocr_par' dir='ltr' id='par_1_53' title="bbox 183 4886 822 4960">
     <span class='ocr_line' id='line_1_53' title="bbox 183 4886 822 4960; baseline -0.003 -16"><span class='ocrx_word' id='word_1_387' title='bbox 183 4886 587 4960; x_wconf 56' lang='grc' dir='ltr'>μιθπτενομίνους</span> <span class='ocrx_word' id='word_1_388' title='bbox 611 4888 773 4960; x_wconf 76' lang='grc' dir='ltr'>αὐτῷ.</span> <span class='ocrx_word' id='word_1_389' title='bbox 804 4888 822 4959; x_wconf 93' lang='grc'>]</span> 
     </span>
    </p>
   </div>
   <div class='ocr_carea' id='block_1_54' title="bbox 234 5061 1648 5140">
    <p class='ocr_par' dir='ltr' id='par_1_54' title="bbox 234 5061 1648 5140">
     <span class='ocr_line' id='line_1_54' title="bbox 234 5061 1648 5140; baseline 0 -16"><span class='ocrx_word' id='word_1_390' title='bbox 234 5061 270 5098; x_wconf 66' lang='grc'>⁷³</span> <span class='ocrx_word' id='word_1_391' title='bbox 295 5066 454 5124; x_wconf 76' lang='lat' dir='ltr'>lare.</span> <span class='ocrx_word' id='word_1_392' title='bbox 485 5082 529 5136; x_wconf 84' lang='grc' dir='ltr'>ι,</span> <span class='ocrx_word' id='word_1_393' title='bbox 572 5069 654 5124; x_wconf 79' lang='lat' dir='ltr'>t5.</span> <span class='ocrx_word' id='word_1_394' title='bbox 730 5066 779 5104; x_wconf 82' lang='grc'>⁷⁸</span> <span class='ocrx_word' id='word_1_395' title='bbox 808 5064 957 5126; x_wconf 89' lang='lat' dir='ltr'>lbid.</span> <span class='ocrx_word' id='word_1_396' title='bbox 1033 5067 1282 5128; x_wconf 77' lang='lat' dir='ltr'>&quot;Joan.</span> <span class='ocrx_word' id='word_1_397' title='bbox 1317 5083 1358 5136; x_wconf 88' lang='grc' dir='ltr'>ι,</span> <span class='ocrx_word' id='word_1_398' title='bbox 1391 5069 1460 5125; x_wconf 79' lang='lat'>35</span> <span class='ocrx_word' id='word_1_399' title='bbox 1487 5080 1648 5140; x_wconf 84' lang='lat' dir='ltr'>seqq.</span> 
     </span>
    </p>
   </div>
   <div class='ocr_carea' id='block_1_55' title="bbox 1774 1808 1818 1863">
    <p class='ocr_par' dir='ltr' id='par_1_55' title="bbox 1774 1808 1818 1863">
     <span class='ocr_line' id='line_1_55' title="bbox 1774 1808 1818 1863; baseline 0 0"><span class='ocrx_word' id='word_1_400' title='bbox 1774 1808 1818 1863; x_wconf 91' lang='grc' dir='ltr'>Β</span> 
     </span>
    </p>
   </div>
   <div class='ocr_carea' id='block_1_56' title="bbox 1775 3161 1816 3218">
    <p class='ocr_par' dir='ltr' id='par_1_56' title="bbox 1775 3161 1816 3218">
     <span class='ocr_line' id='line_1_56' title="bbox 1775 3161 1816 3218; baseline 0 0"><span class='ocrx_word' id='word_1_401' title='bbox 1775 3161 1816 3218; x_wconf 93' lang='lat' dir='ltr'>C</span> 
     </span>
    </p>
   </div>
   <div class='ocr_carea' id='block_1_57' title="bbox 3388 311 3494 369">
    <p class='ocr_par' dir='ltr' id='par_1_57' title="bbox 3388 311 3494 369">
     <span class='ocr_line' id='line_1_57' title="bbox 3388 311 3494 369; baseline -0.009 0"><span class='ocrx_word' id='word_1_402' title='bbox 3388 311 3494 369; x_wconf 80' lang='grc'>186</span> 
     </span>
    </p>
   </div>
   <div class='ocr_carea' id='block_1_58' title="bbox 2190 437 3190 513">
    <p class='ocr_par' dir='ltr' id='par_1_58' title="bbox 2190 437 3190 513">
     <span class='ocr_line' id='line_1_58' title="bbox 2190 437 3190 513; baseline -0.003 -17"><span class='ocrx_word' id='word_1_403' title='bbox 2190 440 2365 513; x_wconf 83' lang='lat' dir='ltr'>(CAP.</span> <span class='ocrx_word' id='word_1_404' title='bbox 2398 439 2513 511; x_wconf 87' lang='lat' dir='ltr'>IV.)</span> <span class='ocrx_word' id='word_1_405' title='bbox 2538 441 2624 497; x_wconf 89' lang='lat' dir='ltr'>De</span> <span class='ocrx_word' id='word_1_406' title='bbox 2647 440 2913 496; x_wconf 78' lang='lat' dir='ltr'>doctrina</span> <span class='ocrx_word' id='word_1_407' title='bbox 2948 437 3190 496; x_wconf 80' lang='lat' dir='ltr'>Christi.</span> 
     </span>
    </p>
   </div>
   <div class='ocr_carea' id='block_1_59' title="bbox 1917 529 3496 598">
    <p class='ocr_par' dir='ltr' id='par_1_59' title="bbox 1917 529 3496 598">
     <span class='ocr_line' id='line_1_59' title="bbox 1917 529 3496 598; baseline 0.002 -17"><span class='ocrx_word' id='word_1_408' title='bbox 1917 532 2079 586; x_wconf 89' lang='lat' dir='ltr'>Vers.</span> <span class='ocrx_word' id='word_1_409' title='bbox 2118 535 2199 584; x_wconf 81' lang='lat' dir='ltr'>l7.</span> <span class='ocrx_word' id='word_1_410' title='bbox 2229 530 2321 585; x_wconf 77' lang='lat' dir='ltr'>Ea:</span> <span class='ocrx_word' id='word_1_411' title='bbox 2346 545 2405 585; x_wconf 92' lang='lat' dir='ltr'>eo</span> <span class='ocrx_word' id='word_1_412' title='bbox 2450 535 2710 598; x_wconf 83' lang='lat' dir='ltr'>tempore</span> <span class='ocrx_word' id='word_1_413' title='bbox 2734 560 2802 569; x_wconf 96' lang='lat'><strong>—</strong></span> <span class='ocrx_word' id='word_1_414' title='bbox 2842 531 3146 586; x_wconf 68' lang='lat' dir='ltr'>caelorum.</span> <span class='ocrx_word' id='word_1_415' title='bbox 3184 529 3314 584; x_wconf 83' lang='lat' dir='ltr'>Haec</span> <span class='ocrx_word' id='word_1_416' title='bbox 3359 536 3496 584; x_wconf 88' lang='lat' dir='ltr'>ante</span> 
     </span>
    </p>
   </div>
   <div class='ocr_carea' id='block_1_60' title="bbox 1845 617 3495 690">
    <p class='ocr_par' dir='ltr' id='par_1_60' title="bbox 1845 617 3495 690">
     <span class='ocr_line' id='line_1_60' title="bbox 1845 617 3495 690; baseline -0.001 -17"><span class='ocrx_word' id='word_1_417' title='bbox 1845 618 2200 675; x_wconf 80' lang='lat' dir='ltr'>Salvatorem</span> <span class='ocrx_word' id='word_1_418' title='bbox 2214 621 2477 674; x_wconf 89' lang='lat' dir='ltr'>Joannes</span> <span class='ocrx_word' id='word_1_419' title='bbox 2493 618 2854 690; x_wconf 74' lang='lat' dir='ltr'>praedicavit.</span> <span class='ocrx_word' id='word_1_420' title='bbox 2874 618 3291 689; x_wconf 87' lang='lat' dir='ltr'>Incipitautem</span> <span class='ocrx_word' id='word_1_421' title='bbox 3314 617 3495 672; x_wconf 87' lang='lat' dir='ltr'>etiam</span> 
     </span>
    </p>
   </div>
   <div class='ocr_carea' id='block_1_61' title="bbox 1845 706 3500 779">
    <p class='ocr_par' dir='ltr' id='par_1_61' title="bbox 1845 706 3500 779">
     <span class='ocr_line' id='line_1_61' title="bbox 1845 706 3500 779; baseline 0 -17"><span class='ocrx_word' id='word_1_422' title='bbox 1845 706 1983 762; x_wconf 89' lang='lat' dir='ltr'>inde</span> <span class='ocrx_word' id='word_1_423' title='bbox 2007 707 2291 772; x_wconf 84' lang='lat' dir='ltr'>Christus,</span> <span class='ocrx_word' id='word_1_424' title='bbox 2330 712 2393 763; x_wconf 90' lang='lat' dir='ltr'>ut</span> <span class='ocrx_word' id='word_1_425' title='bbox 2421 707 2693 763; x_wconf 85' lang='lat' dir='ltr'>ostendat</span> <span class='ocrx_word' id='word_1_426' title='bbox 2721 706 3080 779; x_wconf 84' lang='lat' dir='ltr'>principium</span> <span class='ocrx_word' id='word_1_427' title='bbox 3114 723 3289 761; x_wconf 91' lang='lat' dir='ltr'>suum</span> <span class='ocrx_word' id='word_1_428' title='bbox 3318 706 3500 762; x_wconf 77' lang='lat' dir='ltr'>fuisse</span> 
     </span>
    </p>
   </div>
   <div class='ocr_carea' id='block_1_62' title="bbox 1845 795 3496 868">
    <p class='ocr_par' dir='ltr' id='par_1_62' title="bbox 1845 795 3496 868">
     <span class='ocr_line' id='line_1_62' title="bbox 1845 795 3496 868; baseline -0.001 -17"><span class='ocrx_word' id='word_1_429' title='bbox 1845 797 2158 861; x_wconf 87' lang='lat' dir='ltr'>Joannem,</span> <span class='ocrx_word' id='word_1_430' title='bbox 2210 801 2267 852; x_wconf 88' lang='lat' dir='ltr'>et</span> <span class='ocrx_word' id='word_1_431' title='bbox 2322 811 2711 868; x_wconf 84' lang='lat' dir='ltr'>nequaquam</span> <span class='ocrx_word' id='word_1_432' title='bbox 2793 795 2872 850; x_wconf 88' lang='lat' dir='ltr'><strong><em>illi</em></strong></span> <span class='ocrx_word' id='word_1_433' title='bbox 2935 795 3288 851; x_wconf 86' lang='lat' dir='ltr'>contrarium</span> <span class='ocrx_word' id='word_1_434' title='bbox 3344 811 3496 850; x_wconf 85' lang='lat' dir='ltr'>esse.</span> 
     </span>
    </p>
   </div>
   <div class='ocr_carea' id='block_1_63' title="bbox 1846 883 3497 957">
    <p class='ocr_par' dir='ltr' id='par_1_63' title="bbox 1846 883 3497 957">
     <span class='ocr_line' id='line_1_63' title="bbox 1846 883 3497 957; baseline 0 -16"><span class='ocrx_word' id='word_1_435' title='bbox 1846 887 2052 957; x_wconf 75' lang='lat' dir='ltr'>Operte</span> <span class='ocrx_word' id='word_1_436' title='bbox 2079 884 2334 957; x_wconf 78' lang='lat' dir='ltr'>pretium</span> <span class='ocrx_word' id='word_1_437' title='bbox 2359 888 2519 940; x_wconf 89' lang='lat' dir='ltr'>enim</span> <span class='ocrx_word' id='word_1_438' title='bbox 2550 889 2694 949; x_wconf 87' lang='lat' dir='ltr'>erat,</span> <span class='ocrx_word' id='word_1_439' title='bbox 2745 889 2806 940; x_wconf 90' lang='lat' dir='ltr'>ut</span> <span class='ocrx_word' id='word_1_440' title='bbox 2833 883 3084 955; x_wconf 86' lang='lat' dir='ltr'>primum</span> <span class='ocrx_word' id='word_1_441' title='bbox 3120 883 3268 939; x_wconf 88' lang='lat' dir='ltr'>alius</span> <span class='ocrx_word' id='word_1_442' title='bbox 3295 884 3368 940; x_wconf 89' lang='lat' dir='ltr'>de</span> <span class='ocrx_word' id='word_1_443' title='bbox 3426 900 3497 941; x_wconf 90' lang='lat' dir='ltr'>eo</span> 
     </span>
    </p>
   </div>
   <div class='ocr_carea' id='block_1_64' title="bbox 1844 973 3498 1044">
    <p class='ocr_par' dir='ltr' id='par_1_64' title="bbox 1844 973 3498 1044">
     <span class='ocr_line' id='line_1_64' title="bbox 1844 973 3498 1044; baseline -0.001 -15"><span class='ocrx_word' id='word_1_444' title='bbox 1844 974 2020 1031; x_wconf 85' lang='lat' dir='ltr'>ferret</span> <span class='ocrx_word' id='word_1_445' title='bbox 2057 973 2482 1037; x_wconf 90' lang='lat' dir='ltr'>testimonium,</span> <span class='ocrx_word' id='word_1_446' title='bbox 2516 977 2568 1028; x_wconf 90' lang='lat' dir='ltr'>et</span> <span class='ocrx_word' id='word_1_447' title='bbox 2614 977 2748 1028; x_wconf 90' lang='lat' dir='ltr'>tunc</span> <span class='ocrx_word' id='word_1_448' title='bbox 2779 973 2998 1028; x_wconf 79' lang='lat' dir='ltr'>veniret</span> <span class='ocrx_word' id='word_1_449' title='bbox 3048 973 3190 1044; x_wconf 86' lang='lat' dir='ltr'>ipse.</span> <span class='ocrx_word' id='word_1_450' title='bbox 3247 973 3498 1038; x_wconf 86' lang='lat' dir='ltr'>Quidam</span> 
     </span>
    </p>
   </div>
   <div class='ocr_carea' id='block_1_65' title="bbox 1845 1060 3498 1133">
    <p class='ocr_par' dir='ltr' id='par_1_65' title="bbox 1845 1060 3498 1133">
     <span class='ocr_line' id='line_1_65' title="bbox 1845 1060 3498 1133; baseline -0.001 -15"><span class='ocrx_word' id='word_1_451' title='bbox 1845 1066 2039 1118; x_wconf 89' lang='lat' dir='ltr'>autem</span> <span class='ocrx_word' id='word_1_452' title='bbox 2103 1061 2324 1126; x_wconf 90' lang='lat' dir='ltr'>dicunt,</span> <span class='ocrx_word' id='word_1_453' title='bbox 2377 1061 2563 1116; x_wconf 88' lang='lat' dir='ltr'>videri</span> <span class='ocrx_word' id='word_1_454' title='bbox 2619 1061 2860 1132; x_wconf 86' lang='lat' dir='ltr'>quidem</span> <span class='ocrx_word' id='word_1_455' title='bbox 2921 1061 3133 1117; x_wconf 87' lang='lat' dir='ltr'>eadem</span> <span class='ocrx_word' id='word_1_456' title='bbox 3175 1060 3498 1133; x_wconf 65' lang='lat' dir='ltr'>prmdicare</span> 
     </span>
    </p>
   </div>
   <div class='ocr_carea' id='block_1_66' title="bbox 1846 1149 3499 1222">
    <p class='ocr_par' dir='ltr' id='par_1_66' title="bbox 1846 1149 3499 1222">
     <span class='ocr_line' id='line_1_66' title="bbox 1846 1149 3499 1222; baseline -0.001 -16"><span class='ocrx_word' id='word_1_457' title='bbox 1846 1151 2158 1214; x_wconf 87' lang='lat' dir='ltr'>Christum,</span> <span class='ocrx_word' id='word_1_458' title='bbox 2181 1165 2311 1221; x_wconf 66' lang='lat' dir='ltr'>quae</span> <span class='ocrx_word' id='word_1_459' title='bbox 2345 1152 2616 1214; x_wconf 81' lang='lat' dir='ltr'>Joannes,</span> <span class='ocrx_word' id='word_1_460' title='bbox 2638 1154 2782 1222; x_wconf 90' lang='lat' dir='ltr'>puta</span> <span class='ocrx_word' id='word_1_461' title='bbox 2815 1167 2827 1204; x_wconf 93' lang='lat'>:</span> <span class='ocrx_word' id='word_1_462' title='bbox 2857 1150 3205 1220; x_wconf 71' lang='lat' dir='ltr'>Reu&#39;piscite,</span> <span class='ocrx_word' id='word_1_463' title='bbox 3239 1157 3295 1206; x_wconf 88' lang='lat' dir='ltr'>et</span> <span class='ocrx_word' id='word_1_464' title='bbox 3326 1149 3499 1205; x_wconf 79' lang='lat' dir='ltr'>instat</span> 
     </span>
    </p>
   </div>
   <div class='ocr_carea' id='block_1_67' title="bbox 1844 1239 3497 1311">
    <p class='ocr_par' dir='ltr' id='par_1_67' title="bbox 1844 1239 3497 1311">
     <span class='ocr_line' id='line_1_67' title="bbox 1844 1239 3497 1311; baseline -0.002 -15"><span class='ocrx_word' id='word_1_465' title='bbox 1844 1255 2083 1311; x_wconf 83' lang='lat' dir='ltr'>regnum</span> <span class='ocrx_word' id='word_1_466' title='bbox 2135 1241 2425 1304; x_wconf 71' lang='lat' dir='ltr'>caelorum,</span> <span class='ocrx_word' id='word_1_467' title='bbox 2485 1254 2606 1294; x_wconf 92' lang='lat' dir='ltr'>non</span> <span class='ocrx_word' id='word_1_468' title='bbox 2662 1244 2862 1294; x_wconf 89' lang='lat' dir='ltr'>tamen</span> <span class='ocrx_word' id='word_1_469' title='bbox 2927 1239 3007 1295; x_wconf 88' lang='lat' dir='ltr'>ita</span> <span class='ocrx_word' id='word_1_470' title='bbox 3043 1254 3188 1294; x_wconf 90' lang='lat' dir='ltr'>esse.</span> <span class='ocrx_word' id='word_1_471' title='bbox 3234 1239 3497 1294; x_wconf 84' lang='lat' dir='ltr'>Joannes</span> 
     </span>
    </p>
   </div>
   <div class='ocr_carea' id='block_1_68' title="bbox 1845 1327 3500 1399">
    <p class='ocr_par' dir='ltr' id='par_1_68' title="bbox 1845 1327 3500 1399">
     <span class='ocr_line' id='line_1_68' title="bbox 1845 1327 3500 1399; baseline -0.001 -16"><span class='ocrx_word' id='word_1_472' title='bbox 1845 1327 2142 1399; x_wconf 80' lang='lat' dir='ltr'>siquidem</span> <span class='ocrx_word' id='word_1_473' title='bbox 2191 1328 2336 1383; x_wconf 84' lang='lat' dir='ltr'>dixit</span> <span class='ocrx_word' id='word_1_474' title='bbox 2377 1346 2388 1383; x_wconf 87' lang='lat'><strong>:</strong></span> <span class='ocrx_word' id='word_1_475' title='bbox 2447 1327 2811 1398; x_wconf 85' lang='lat' dir='ltr'>Resipiscite,</span> <span class='ocrx_word' id='word_1_476' title='bbox 2859 1332 3096 1399; x_wconf 74' lang='lat' dir='ltr'>prop‘cr</span> <span class='ocrx_word' id='word_1_477' title='bbox 3145 1333 3389 1399; x_wconf 87' lang='lat' dir='ltr'>peccata</span> <span class='ocrx_word' id='word_1_478' title='bbox 3439 1328 3500 1382; x_wconf 90' lang='lat' dir='ltr'>in</span> 
     </span>
    </p>
   </div>
   <div class='ocr_carea' id='block_1_69' title="bbox 1843 1416 3504 1489">
    <p class='ocr_par' dir='ltr' id='par_1_69' title="bbox 1843 1416 3504 1489">
     <span class='ocr_line' id='line_1_69' title="bbox 1843 1416 3504 1489; baseline 0 -17"><span class='ocrx_word' id='word_1_479' title='bbox 1843 1417 2065 1489; x_wconf 88' lang='lat' dir='ltr'>quibus</span> <span class='ocrx_word' id='word_1_480' title='bbox 2095 1416 2438 1472; x_wconf 80' lang='lat' dir='ltr'>offendistis.</span> <span class='ocrx_word' id='word_1_481' title='bbox 2497 1417 2759 1473; x_wconf 86' lang='lat' dir='ltr'>Christus</span> <span class='ocrx_word' id='word_1_482' title='bbox 2803 1432 2939 1474; x_wconf 86' lang='lat' dir='ltr'>vero</span> <span class='ocrx_word' id='word_1_483' title='bbox 2971 1434 2982 1471; x_wconf 90' lang='lat'>:</span> <span class='ocrx_word' id='word_1_484' title='bbox 3014 1417 3374 1489; x_wconf 84' lang='lat' dir='ltr'>Resipiscite,</span> <span class='ocrx_word' id='word_1_485' title='bbox 3439 1420 3504 1472; x_wconf 87' lang='lat' dir='ltr'>ut</span> 
     </span>
    </p>
   </div>
   <div class='ocr_carea' id='block_1_70' title="bbox 1846 1504 3500 1577">
    <p class='ocr_par' dir='ltr' id='par_1_70' title="bbox 1846 1504 3500 1577">
     <span class='ocr_line' id='line_1_70' title="bbox 1846 1504 3500 1577; baseline 0 -18"><span class='ocrx_word' id='word_1_486' title='bbox 1846 1506 2142 1562; x_wconf 73' lang='lat' dir='ltr'>transferri</span> <span class='ocrx_word' id='word_1_487' title='bbox 2173 1505 2519 1561; x_wconf 87' lang='lat' dir='ltr'>mereamini</span> <span class='ocrx_word' id='word_1_488' title='bbox 2558 1522 2593 1561; x_wconf 90' lang='lat' dir='ltr'>a</span> <span class='ocrx_word' id='word_1_489' title='bbox 2632 1505 2809 1561; x_wconf 81' lang='lat' dir='ltr'>veteri</span> <span class='ocrx_word' id='word_1_490' title='bbox 2863 1507 3236 1562; x_wconf 86' lang='lat' dir='ltr'>Testamento</span> <span class='ocrx_word' id='word_1_491' title='bbox 3286 1506 3392 1577; x_wconf 89' lang='lat' dir='ltr'>(ee)</span> <span class='ocrx_word' id='word_1_492' title='bbox 3442 1504 3500 1559; x_wconf 91' lang='lat' dir='ltr'>in</span> 
     </span>
    </p>
   </div>
   <div class='ocr_carea' id='block_1_71' title="bbox 1845 1593 3499 1668">
    <p class='ocr_par' dir='ltr' id='par_1_71' title="bbox 1845 1593 3499 1668">
     <span class='ocr_line' id='line_1_71' title="bbox 1845 1593 3499 1668; baseline -0.002 -17"><span class='ocrx_word' id='word_1_493' title='bbox 1845 1611 2086 1651; x_wconf 89' lang='lat' dir='ltr'>novum.</span> <span class='ocrx_word' id='word_1_494' title='bbox 2122 1597 2184 1651; x_wconf 91' lang='lat' dir='ltr'>Et</span> <span class='ocrx_word' id='word_1_495' title='bbox 2210 1597 2469 1650; x_wconf 80' lang='lat' dir='ltr'>Marcum</span> <span class='ocrx_word' id='word_1_496' title='bbox 2501 1611 2608 1667; x_wconf 90' lang='lat' dir='ltr'>pro</span> <span class='ocrx_word' id='word_1_497' title='bbox 2637 1599 2779 1650; x_wconf 87' lang='lat' dir='ltr'>teste</span> <span class='ocrx_word' id='word_1_498' title='bbox 2811 1594 3137 1658; x_wconf 88' lang='lat' dir='ltr'>adducunt,</span> <span class='ocrx_word' id='word_1_499' title='bbox 3165 1595 3266 1668; x_wconf 87' lang='lat' dir='ltr'>qui</span> <span class='ocrx_word' id='word_1_500' title='bbox 3305 1593 3499 1649; x_wconf 85' lang='lat' dir='ltr'>addit:</span> 
     </span>
    </p>
   </div>
   <div class='ocr_carea' id='block_1_72' title="bbox 1848 1683 3498 1756">
    <p class='ocr_par' dir='ltr' id='par_1_72' title="bbox 1848 1683 3498 1756">
     <span class='ocr_line' id='line_1_72' title="bbox 1848 1683 3498 1756; baseline -0.001 -18"><span class='ocrx_word' id='word_1_501' title='bbox 1848 1684 1921 1738; x_wconf 77' lang='lat' dir='ltr'>Et</span> <span class='ocrx_word' id='word_1_502' title='bbox 1973 1685 2190 1740; x_wconf 80' lang='lat' dir='ltr'>credite</span> <span class='ocrx_word' id='word_1_503' title='bbox 2241 1684 2570 1754; x_wconf 77' lang='lat' dir='ltr'>Evangelia</span> <span class='ocrx_word' id='word_1_504' title='bbox 2616 1685 2686 1739; x_wconf 75' lang='grc'>⁷⁵.</span> <span class='ocrx_word' id='word_1_505' title='bbox 2741 1687 2804 1739; x_wconf 88' lang='lat' dir='ltr'>Et</span> <span class='ocrx_word' id='word_1_506' title='bbox 2870 1685 3149 1748; x_wconf 85' lang='lat' dir='ltr'>Joannes,</span> <span class='ocrx_word' id='word_1_507' title='bbox 3202 1683 3498 1756; x_wconf 89' lang='lat' dir='ltr'>inquiunt,</span> 
     </span>
    </p>
   </div>
   <div class='ocr_carea' id='block_1_73' title="bbox 1849 1771 3503 1842">
    <p class='ocr_par' dir='ltr' id='par_1_73' title="bbox 1849 1771 3503 1842">
     <span class='ocr_line' id='line_1_73' title="bbox 1849 1771 3503 1842; baseline 0.001 -17"><span class='ocrx_word' id='word_1_508' title='bbox 1849 1771 2143 1828; x_wconf 87' lang='lat' dir='ltr'>Christum</span> <span class='ocrx_word' id='word_1_509' title='bbox 2159 1772 2393 1828; x_wconf 90' lang='lat' dir='ltr'>vocavit</span> <span class='ocrx_word' id='word_1_510' title='bbox 2423 1787 2664 1842; x_wconf 87' lang='lat' dir='ltr'>regnum</span> <span class='ocrx_word' id='word_1_511' title='bbox 2689 1773 2979 1829; x_wconf 73' lang='lat' dir='ltr'>caelorum.</span> <span class='ocrx_word' id='word_1_512' title='bbox 3008 1771 3277 1828; x_wconf 87' lang='lat' dir='ltr'>Christus</span> <span class='ocrx_word' id='word_1_513' title='bbox 3301 1776 3503 1827; x_wconf 89' lang='lat' dir='ltr'>autem</span> 
     </span>
    </p>
   </div>
   <div class='ocr_carea' id='block_1_74' title="bbox 1849 1860 3503 1936">
    <p class='ocr_par' dir='ltr' id='par_1_74' title="bbox 1849 1860 3503 1936">
     <span class='ocr_line' id='line_1_74' title="bbox 1849 1860 3503 1936; baseline -0.002 -19"><span class='ocrx_word' id='word_1_514' title='bbox 1849 1861 2602 1936; x_wconf 71' lang='lat' dir='ltr'>omlestemangelicamque</span> <span class='ocrx_word' id='word_1_515' title='bbox 2619 1860 2908 1932; x_wconf 88' lang='lat' dir='ltr'>politiam,</span> <span class='ocrx_word' id='word_1_516' title='bbox 2942 1877 3122 1932; x_wconf 88' lang='lat' dir='ltr'>quam</span> <span class='ocrx_word' id='word_1_517' title='bbox 3155 1860 3279 1932; x_wconf 91' lang='lat' dir='ltr'>ipse</span> <span class='ocrx_word' id='word_1_518' title='bbox 3307 1860 3503 1916; x_wconf 91' lang='lat' dir='ltr'>condi-</span> 
     </span>
    </p>
   </div>
   <div class='ocr_carea' id='block_1_75' title="bbox 1853 1951 3503 2022">
    <p class='ocr_par' dir='ltr' id='par_1_75' title="bbox 1853 1951 3503 2022">
     <span class='ocr_line' id='line_1_75' title="bbox 1853 1951 3503 2022; baseline -0.002 -15"><span class='ocrx_word' id='word_1_519' title='bbox 1853 1954 2018 2007; x_wconf 85' lang='lat' dir='ltr'>turus</span> <span class='ocrx_word' id='word_1_520' title='bbox 2049 1956 2191 2016; x_wconf 89' lang='lat' dir='ltr'>erat,</span> <span class='ocrx_word' id='word_1_521' title='bbox 2227 1955 2286 2005; x_wconf 90' lang='lat' dir='ltr'>ut</span> <span class='ocrx_word' id='word_1_522' title='bbox 2318 1951 2966 2021; x_wconf 67' lang='lat' dir='ltr'>praediximushlarcus</span> <span class='ocrx_word' id='word_1_523' title='bbox 2995 1964 3138 2005; x_wconf 86' lang='lat' dir='ltr'>sane</span> <span class='ocrx_word' id='word_1_524' title='bbox 3165 1965 3272 2022; x_wconf 88' lang='lat' dir='ltr'>pro</span> <span class='ocrx_word' id='word_1_525' title='bbox 3315 1951 3503 2020; x_wconf 85' lang='lat' dir='ltr'>Regna</span> 
     </span>
    </p>
   </div>
   <div class='ocr_carea' id='block_1_76' title="bbox 1851 2038 3505 2116">
    <p class='ocr_par' dir='ltr' id='par_1_76' title="bbox 1851 2038 3505 2116">
     <span class='ocr_line' id='line_1_76' title="bbox 1851 2038 3505 2116; baseline -0.001 -21"><span class='ocrx_word' id='word_1_526' title='bbox 1851 2041 2123 2095; x_wconf 75' lang='lat' dir='ltr'>caelorum</span> <span class='ocrx_word' id='word_1_527' title='bbox 2151 2039 2309 2103; x_wconf 81' lang='lat' dir='ltr'>dixit,</span> <span class='ocrx_word' id='word_1_528' title='bbox 2337 2041 2594 2116; x_wconf 77' lang='lat' dir='ltr'>Regnum</span> <span class='ocrx_word' id='word_1_529' title='bbox 2626 2039 2728 2093; x_wconf 76' lang='lat' dir='ltr'>Dei</span> <span class='ocrx_word' id='word_1_530' title='bbox 2751 2039 2819 2073; x_wconf 72' lang='grc'>⁷⁵·</span> <span class='ocrx_word' id='word_1_531' title='bbox 2852 2038 3196 2108; x_wconf 87' lang='lat' dir='ltr'>lntelligitur</span> <span class='ocrx_word' id='word_1_532' title='bbox 3220 2043 3505 2109; x_wconf 70' lang='lat' dir='ltr'>praeterea</span> 
     </span>
    </p>
   </div>
   <div class='ocr_carea' id='block_1_77' title="bbox 1849 2128 3498 2199">
    <p class='ocr_par' dir='ltr' id='par_1_77' title="bbox 1849 2128 3498 2199">
     <span class='ocr_line' id='line_1_77' title="bbox 1849 2128 3498 2199; baseline 0 -16"><span class='ocrx_word' id='word_1_533' title='bbox 1849 2143 2100 2198; x_wconf 80' lang='lat' dir='ltr'>regnum</span> <span class='ocrx_word' id='word_1_534' title='bbox 2129 2128 2229 2183; x_wconf 89' lang='lat' dir='ltr'>Dei</span> <span class='ocrx_word' id='word_1_535' title='bbox 2272 2128 2508 2192; x_wconf 88' lang='lat' dir='ltr'>instare,</span> <span class='ocrx_word' id='word_1_536' title='bbox 2561 2132 2624 2184; x_wconf 92' lang='lat' dir='ltr'>ut</span> <span class='ocrx_word' id='word_1_537' title='bbox 2685 2142 2864 2199; x_wconf 89' lang='lat' dir='ltr'>super</span> <span class='ocrx_word' id='word_1_538' title='bbox 2922 2128 3230 2182; x_wconf 90' lang='lat' dir='ltr'>credentes</span> <span class='ocrx_word' id='word_1_539' title='bbox 3277 2131 3498 2196; x_wconf 83' lang='lat' dir='ltr'>regnet.</span> 
     </span>
    </p>
   </div>
   <div class='ocr_carea' id='block_1_78' title="bbox 1853 2215 3502 2290">
    <p class='ocr_par' dir='ltr' id='par_1_78' title="bbox 1853 2215 3502 2290">
     <span class='ocr_line' id='line_1_78' title="bbox 1853 2215 3502 2290; baseline -0.002 -15"><span class='ocrx_word' id='word_1_540' title='bbox 1853 2217 2155 2290; x_wconf 89' lang='lat' dir='ltr'>Siquidem</span> <span class='ocrx_word' id='word_1_541' title='bbox 2188 2217 2629 2272; x_wconf 88' lang='lat' dir='ltr'>incredulorum</span> <span class='ocrx_word' id='word_1_542' title='bbox 2668 2221 2880 2272; x_wconf 86' lang='lat' dir='ltr'>natura</span> <span class='ocrx_word' id='word_1_543' title='bbox 2912 2215 3032 2271; x_wconf 80' lang='lat' dir='ltr'>Rex</span> <span class='ocrx_word' id='word_1_544' title='bbox 3065 2223 3150 2272; x_wconf 84' lang='lat' dir='ltr'>est</span> <span class='ocrx_word' id='word_1_545' title='bbox 3182 2215 3352 2271; x_wconf 87' lang='lat' dir='ltr'>Filius</span> <span class='ocrx_word' id='word_1_546' title='bbox 3404 2215 3502 2272; x_wconf 87' lang='lat' dir='ltr'>Dei</span> 
     </span>
    </p>
   </div>
   <div class='ocr_carea' id='block_1_79' title="bbox 1851 2304 3502 2374">
    <p class='ocr_par' dir='ltr' id='par_1_79' title="bbox 1851 2304 3502 2374">
     <span class='ocr_line' id='line_1_79' title="bbox 1851 2304 3502 2374; baseline -0.002 -12"><span class='ocrx_word' id='word_1_547' title='bbox 1851 2309 1909 2362; x_wconf 90' lang='lat' dir='ltr'>et</span> <span class='ocrx_word' id='word_1_548' title='bbox 1936 2305 2218 2369; x_wconf 86' lang='lat' dir='ltr'>Verbum,</span> <span class='ocrx_word' id='word_1_549' title='bbox 2247 2304 2610 2360; x_wconf 89' lang='lat' dir='ltr'>credentium</span> <span class='ocrx_word' id='word_1_550' title='bbox 2640 2319 2782 2360; x_wconf 87' lang='lat' dir='ltr'>vero</span> <span class='ocrx_word' id='word_1_551' title='bbox 2809 2307 3060 2374; x_wconf 91' lang='lat' dir='ltr'>utroque</span> <span class='ocrx_word' id='word_1_552' title='bbox 3076 2307 3270 2367; x_wconf 85' lang='lat' dir='ltr'>modo,</span> <span class='ocrx_word' id='word_1_553' title='bbox 3299 2307 3502 2358; x_wconf 87' lang='lat' dir='ltr'>natura</span> 
     </span>
    </p>
   </div>
   <div class='ocr_carea' id='block_1_80' title="bbox 1852 2392 3500 2466">
    <p class='ocr_par' dir='ltr' id='par_1_80' title="bbox 1852 2392 3500 2466">
     <span class='ocr_line' id='line_1_80' title="bbox 1852 2392 3500 2466; baseline -0.002 -15"><span class='ocrx_word' id='word_1_554' title='bbox 1852 2394 2123 2452; x_wconf 85' lang='lat' dir='ltr'>videlicet</span> <span class='ocrx_word' id='word_1_555' title='bbox 2149 2398 2206 2450; x_wconf 89' lang='lat' dir='ltr'>et</span> <span class='ocrx_word' id='word_1_556' title='bbox 2233 2393 2557 2458; x_wconf 86' lang='lat' dir='ltr'>voluntate,</span> <span class='ocrx_word' id='word_1_557' title='bbox 2584 2409 2718 2449; x_wconf 90' lang='lat' dir='ltr'>cum</span> <span class='ocrx_word' id='word_1_558' title='bbox 2747 2398 2950 2466; x_wconf 90' lang='lat' dir='ltr'>sponte</span> <span class='ocrx_word' id='word_1_559' title='bbox 3006 2392 3500 2462; x_wconf 82' lang='lat' dir='ltr'>gubernationem</span> 
     </span>
    </p>
   </div>
   <div class='ocr_carea' id='block_1_81' title="bbox 1853 2483 2375 2556">
    <p class='ocr_par' dir='ltr' id='par_1_81' title="bbox 1853 2483 2375 2556">
     <span class='ocr_line' id='line_1_81' title="bbox 1853 2483 2375 2556; baseline -0.004 -16"><span class='ocrx_word' id='word_1_560' title='bbox 1853 2486 1982 2556; x_wconf 88' lang='lat' dir='ltr'>ejus</span> <span class='ocrx_word' id='word_1_561' title='bbox 2023 2483 2375 2555; x_wconf 89' lang='lat' dir='ltr'>suscipiant.</span> 
     </span>
    </p>
   </div>
   <div class='ocr_carea' id='block_1_82' title="bbox 1928 2665 3504 2723">
    <p class='ocr_par' dir='ltr' id='par_1_82' title="bbox 1928 2665 3504 2723">
     <span class='ocr_line' id='line_1_82' title="bbox 1928 2665 3504 2723; baseline -0.001 -3"><span class='ocrx_word' id='word_1_562' title='bbox 1928 2665 2090 2723; x_wconf 88' lang='lat' dir='ltr'>Vers.</span> <span class='ocrx_word' id='word_1_563' title='bbox 2128 2669 2209 2721; x_wconf 82' lang='lat' dir='ltr'>t8.</span> <span class='ocrx_word' id='word_1_564' title='bbox 2241 2665 2560 2722; x_wconf 82' lang='lat' dir='ltr'>Ambulans</span> <span class='ocrx_word' id='word_1_565' title='bbox 2590 2697 2658 2705; x_wconf 92' lang='lat'><strong>—</strong></span> <span class='ocrx_word' id='word_1_566' title='bbox 2700 2665 2768 2721; x_wconf 92' lang='lat' dir='ltr'>V.</span> <span class='ocrx_word' id='word_1_567' title='bbox 2808 2669 2895 2721; x_wconf 86' lang='lat'>20.</span> <span class='ocrx_word' id='word_1_568' title='bbox 2953 2665 3116 2720; x_wconf 84' lang='lat' dir='ltr'>Eum.</span> <span class='ocrx_word' id='word_1_569' title='bbox 3165 2665 3504 2722; x_wconf 74' lang='lat' dir='ltr'>Matthaeeus</span> 
     </span>
    </p>
   </div>
   <div class='ocr_carea' id='block_1_83' title="bbox 1853 2753 3505 2826">
    <p class='ocr_par' dir='ltr' id='par_1_83' title="bbox 1853 2753 3505 2826">
     <span class='ocr_line' id='line_1_83' title="bbox 1853 2753 3505 2826; baseline 0 -18"><span class='ocrx_word' id='word_1_570' title='bbox 1853 2754 2098 2825; x_wconf 91' lang='lat' dir='ltr'>quidem</span> <span class='ocrx_word' id='word_1_571' title='bbox 2127 2755 2184 2810; x_wconf 90' lang='lat' dir='ltr'>in</span> <span class='ocrx_word' id='word_1_572' title='bbox 2213 2755 2324 2810; x_wconf 90' lang='lat' dir='ltr'>hoc</span> <span class='ocrx_word' id='word_1_573' title='bbox 2353 2753 2483 2810; x_wconf 91' lang='lat' dir='ltr'>loco</span> <span class='ocrx_word' id='word_1_574' title='bbox 2531 2753 2695 2820; x_wconf 92' lang='lat' dir='ltr'>dicit,</span> <span class='ocrx_word' id='word_1_575' title='bbox 2746 2758 3060 2826; x_wconf 86' lang='lat' dir='ltr'>postquam</span> <span class='ocrx_word' id='word_1_576' title='bbox 3115 2753 3362 2810; x_wconf 89' lang='lat' dir='ltr'>traditus</span> <span class='ocrx_word' id='word_1_577' title='bbox 3418 2758 3505 2808; x_wconf 90' lang='lat' dir='ltr'>est</span> 
     </span>
    </p>
   </div>
   <div class='ocr_carea' id='block_1_84' title="bbox 1852 2843 3507 2912">
    <p class='ocr_par' dir='ltr' id='par_1_84' title="bbox 1852 2843 3507 2912">
     <span class='ocr_line' id='line_1_84' title="bbox 1852 2843 3507 2912; baseline 0.001 -15"><span class='ocrx_word' id='word_1_578' title='bbox 1852 2844 2112 2899; x_wconf 86' lang='lat' dir='ltr'>Joannes</span> <span class='ocrx_word' id='word_1_579' title='bbox 2169 2844 2280 2899; x_wconf 88' lang='lat' dir='ltr'>hos</span> <span class='ocrx_word' id='word_1_580' title='bbox 2323 2860 2450 2899; x_wconf 89' lang='lat' dir='ltr'>esse</span> <span class='ocrx_word' id='word_1_581' title='bbox 2485 2843 2780 2899; x_wconf 88' lang='lat' dir='ltr'>Christum</span> <span class='ocrx_word' id='word_1_582' title='bbox 2833 2849 3082 2898; x_wconf 89' lang='lat' dir='ltr'>secutos.</span> <span class='ocrx_word' id='word_1_583' title='bbox 3137 2843 3507 2912; x_wconf 83' lang='lat' dir='ltr'>Evangelista</span> 
     </span>
    </p>
   </div>
   <div class='ocr_carea' id='block_1_85' title="bbox 1852 2931 3502 3005">
    <p class='ocr_par' dir='ltr' id='par_1_85' title="bbox 1852 2931 3502 3005">
     <span class='ocr_line' id='line_1_85' title="bbox 1852 2931 3502 3005; baseline -0.001 -20"><span class='ocrx_word' id='word_1_584' title='bbox 1852 2947 1994 2988; x_wconf 91' lang='lat' dir='ltr'>vero</span> <span class='ocrx_word' id='word_1_585' title='bbox 2019 2931 2303 2999; x_wconf 86' lang='lat' dir='ltr'>Joannes,</span> <span class='ocrx_word' id='word_1_586' title='bbox 2331 2932 2494 3005; x_wconf 88' lang='lat' dir='ltr'>quod</span> <span class='ocrx_word' id='word_1_587' title='bbox 2516 2932 2703 3002; x_wconf 89' lang='lat' dir='ltr'>potius</span> <span class='ocrx_word' id='word_1_588' title='bbox 2731 2938 3045 3004; x_wconf 87' lang='lat' dir='ltr'>antequam</span> <span class='ocrx_word' id='word_1_589' title='bbox 3073 2931 3405 2986; x_wconf 85' lang='lat' dir='ltr'>traderetur</span> <span class='ocrx_word' id='word_1_590' title='bbox 3433 2931 3502 2983; x_wconf 79' lang='grc'>⁷⁷.</span> 
     </span>
    </p>
   </div>
   <div class='ocr_carea' id='block_1_86' title="bbox 1854 3020 3506 3093">
    <p class='ocr_par' dir='ltr' id='par_1_86' title="bbox 1854 3020 3506 3093">
     <span class='ocr_line' id='line_1_86' title="bbox 1854 3020 3506 3093; baseline 0 -19"><span class='ocrx_word' id='word_1_591' title='bbox 1854 3020 2141 3076; x_wconf 65' lang='lat' dir='ltr'>Praeterea</span> <span class='ocrx_word' id='word_1_592' title='bbox 2171 3020 2693 3076; x_wconf 80' lang='lat' dir='ltr'>Matthaeusasserit</span> <span class='ocrx_word' id='word_1_593' title='bbox 2722 3020 3233 3093; x_wconf 86' lang='lat' dir='ltr'>simulutrumque</span> <span class='ocrx_word' id='word_1_594' title='bbox 3258 3033 3506 3075; x_wconf 90' lang='lat' dir='ltr'>vocasse</span> 
     </span>
    </p>
   </div>
   <div class='ocr_carea' id='block_1_87' title="bbox 1853 3108 3502 3180">
    <p class='ocr_par' dir='ltr' id='par_1_87' title="bbox 1853 3108 3502 3180">
     <span class='ocr_line' id='line_1_87' title="bbox 1853 3108 3502 3180; baseline -0.001 -17"><span class='ocrx_word' id='word_1_595' title='bbox 1853 3109 2054 3163; x_wconf 89' lang='lat' dir='ltr'>Jesum</span> <span class='ocrx_word' id='word_1_596' title='bbox 2089 3125 2102 3174; x_wconf 93' lang='lat'>;</span> <span class='ocrx_word' id='word_1_597' title='bbox 2134 3109 2394 3164; x_wconf 90' lang='lat' dir='ltr'>Joannes</span> <span class='ocrx_word' id='word_1_598' title='bbox 2425 3113 2644 3173; x_wconf 89' lang='lat' dir='ltr'>autem,</span> <span class='ocrx_word' id='word_1_599' title='bbox 2703 3108 2867 3180; x_wconf 91' lang='lat' dir='ltr'>quod</span> <span class='ocrx_word' id='word_1_600' title='bbox 2917 3109 3216 3164; x_wconf 84' lang='lat' dir='ltr'>Andream</span> <span class='ocrx_word' id='word_1_601' title='bbox 3266 3108 3502 3179; x_wconf 91' lang='lat' dir='ltr'>quidem</span> 
     </span>
    </p>
   </div>
   <div class='ocr_carea' id='block_1_88' title="bbox 1851 3195 3501 3264">
    <p class='ocr_par' dir='ltr' id='par_1_88' title="bbox 1851 3195 3501 3264">
     <span class='ocr_line' id='line_1_88' title="bbox 1851 3195 3501 3264; baseline -0.003 -10"><span class='ocrx_word' id='word_1_602' title='bbox 1851 3200 2038 3264; x_wconf 89' lang='lat' dir='ltr'>Jesus,</span> <span class='ocrx_word' id='word_1_603' title='bbox 2059 3197 2284 3252; x_wconf 89' lang='lat' dir='ltr'>Petrum</span> <span class='ocrx_word' id='word_1_604' title='bbox 2308 3211 2447 3252; x_wconf 89' lang='lat' dir='ltr'>vero</span> <span class='ocrx_word' id='word_1_605' title='bbox 2471 3196 2736 3252; x_wconf 84' lang='lat' dir='ltr'>Andreas</span> <span class='ocrx_word' id='word_1_606' title='bbox 2761 3198 3078 3253; x_wconf 90' lang='lat' dir='ltr'>vocaverit.</span> <span class='ocrx_word' id='word_1_607' title='bbox 3121 3197 3284 3252; x_wconf 89' lang='lat' dir='ltr'>Unde</span> <span class='ocrx_word' id='word_1_608' title='bbox 3315 3195 3501 3250; x_wconf 85' lang='lat' dir='ltr'>mani-</span> 
     </span>
    </p>
   </div>
   <div class='ocr_carea' id='block_1_89' title="bbox 1854 3284 3498 3342">
    <p class='ocr_par' dir='ltr' id='par_1_89' title="bbox 1854 3284 3498 3342">
     <span class='ocr_line' id='line_1_89' title="bbox 1854 3284 3498 3342; baseline -0.001 -1"><span class='ocrx_word' id='word_1_609' title='bbox 1854 3286 2068 3342; x_wconf 80' lang='lat' dir='ltr'>festum</span> <span class='ocrx_word' id='word_1_610' title='bbox 2099 3284 2362 3341; x_wconf 90' lang='lat' dir='ltr'>esthanc</span> <span class='ocrx_word' id='word_1_611' title='bbox 2383 3284 2710 3340; x_wconf 89' lang='lat' dir='ltr'>secundam</span> <span class='ocrx_word' id='word_1_612' title='bbox 2752 3284 2931 3339; x_wconf 81' lang='lat' dir='ltr'>fuisse</span> <span class='ocrx_word' id='word_1_613' title='bbox 2965 3284 3358 3339; x_wconf 87' lang='lat' dir='ltr'>vocationem.</span> <span class='ocrx_word' id='word_1_614' title='bbox 3409 3287 3498 3338; x_wconf 86' lang='lat' dir='ltr'>Et-</span> 
     </span>
    </p>
   </div>
   <div class='ocr_carea' id='block_1_90' title="bbox 1853 3371 3500 3432">
    <p class='ocr_par' dir='ltr' id='par_1_90' title="bbox 1853 3371 3500 3432">
     <span class='ocr_line' id='line_1_90' title="bbox 1853 3371 3500 3432; baseline -0.004 -1"><span class='ocrx_word' id='word_1_615' title='bbox 1853 3375 2012 3432; x_wconf 88' lang='lat' dir='ltr'>enim</span> <span class='ocrx_word' id='word_1_616' title='bbox 2037 3390 2174 3430; x_wconf 93' lang='lat' dir='ltr'>cum</span> <span class='ocrx_word' id='word_1_617' title='bbox 2203 3390 2338 3430; x_wconf 89' lang='lat' dir='ltr'>eum</span> <span class='ocrx_word' id='word_1_618' title='bbox 2361 3373 2544 3429; x_wconf 91' lang='lat' dir='ltr'>secuti</span> <span class='ocrx_word' id='word_1_619' title='bbox 2573 3372 2823 3428; x_wconf 82' lang='lat' dir='ltr'>fuissent</span> <span class='ocrx_word' id='word_1_620' title='bbox 2847 3377 2983 3428; x_wconf 90' lang='lat' dir='ltr'>ante</span> <span class='ocrx_word' id='word_1_621' title='bbox 3026 3373 3272 3428; x_wconf 88' lang='lat' dir='ltr'>Joannis</span> <span class='ocrx_word' id='word_1_622' title='bbox 3319 3371 3500 3427; x_wconf 88' lang='lat' dir='ltr'>tradi-</span> 
     </span>
    </p>
   </div>
   <div class='ocr_carea' id='block_1_91' title="bbox 1853 3461 3501 3533">
    <p class='ocr_par' dir='ltr' id='par_1_91' title="bbox 1853 3461 3501 3533">
     <span class='ocr_line' id='line_1_91' title="bbox 1853 3461 3501 3533; baseline -0.002 -14"><span class='ocrx_word' id='word_1_623' title='bbox 1853 3464 2096 3527; x_wconf 89' lang='lat' dir='ltr'>tionem,</span> <span class='ocrx_word' id='word_1_624' title='bbox 2129 3479 2364 3518; x_wconf 89' lang='lat' dir='ltr'>rursum</span> <span class='ocrx_word' id='word_1_625' title='bbox 2385 3461 2453 3516; x_wconf 84' lang='lat' dir='ltr'>ad</span> <span class='ocrx_word' id='word_1_626' title='bbox 2469 3461 2724 3533; x_wconf 89' lang='lat' dir='ltr'>patriam</span> <span class='ocrx_word' id='word_1_627' title='bbox 2746 3461 2964 3517; x_wconf 85' lang='lat' dir='ltr'>reversi</span> <span class='ocrx_word' id='word_1_628' title='bbox 2995 3465 3153 3528; x_wconf 85' lang='lat' dir='ltr'>sunt,</span> <span class='ocrx_word' id='word_1_629' title='bbox 3192 3465 3501 3532; x_wconf 89' lang='lat' dir='ltr'>artemque</span> 
     </span>
    </p>
   </div>
   <div class='ocr_carea' id='block_1_92' title="bbox 1851 3550 3501 3624">
    <p class='ocr_par' dir='ltr' id='par_1_92' title="bbox 1851 3550 3501 3624">
     <span class='ocr_line' id='line_1_92' title="bbox 1851 3550 3501 3624; baseline -0.002 -17"><span class='ocrx_word' id='word_1_630' title='bbox 1851 3552 2112 3624; x_wconf 89' lang='lat' dir='ltr'>priorem</span> <span class='ocrx_word' id='word_1_631' title='bbox 2165 3557 2552 3608; x_wconf 85' lang='lat' dir='ltr'>exercuerunt</span> <span class='ocrx_word' id='word_1_632' title='bbox 2587 3567 2598 3606; x_wconf 93' lang='lat'><strong>:</strong></span> <span class='ocrx_word' id='word_1_633' title='bbox 2628 3555 2834 3623; x_wconf 88' lang='lat' dir='ltr'>utpote</span> <span class='ocrx_word' id='word_1_634' title='bbox 2884 3550 3152 3604; x_wconf 90' lang='lat' dir='ltr'>videntes</span> <span class='ocrx_word' id='word_1_635' title='bbox 3211 3552 3501 3605; x_wconf 88' lang='lat' dir='ltr'>Joannem</span> 
     </span>
    </p>
   </div>
   <div class='ocr_carea' id='block_1_93' title="bbox 1852 3639 3494 3712">
    <p class='ocr_par' dir='ltr' id='par_1_93' title="bbox 1852 3639 3494 3712">
     <span class='ocr_line' id='line_1_93' title="bbox 1852 3639 3494 3712; baseline -0.001 -16"><span class='ocrx_word' id='word_1_636' title='bbox 1852 3641 2093 3712; x_wconf 90' lang='lat' dir='ltr'>quidem</span> <span class='ocrx_word' id='word_1_637' title='bbox 2157 3640 2438 3697; x_wconf 90' lang='lat' dir='ltr'>traditum</span> <span class='ocrx_word' id='word_1_638' title='bbox 2483 3655 2635 3706; x_wconf 91' lang='lat' dir='ltr'>esse,</span> <span class='ocrx_word' id='word_1_639' title='bbox 2713 3639 2916 3695; x_wconf 88' lang='lat' dir='ltr'>Jesum</span> <span class='ocrx_word' id='word_1_640' title='bbox 2967 3654 3108 3694; x_wconf 89' lang='lat' dir='ltr'>vero</span> <span class='ocrx_word' id='word_1_641' title='bbox 3153 3639 3494 3694; x_wconf 88' lang='lat' dir='ltr'>secessisse.</span> 
     </span>
    </p>
   </div>
   <div class='ocr_carea' id='block_1_94' title="bbox 1852 3726 3503 3800">
    <p class='ocr_par' dir='ltr' id='par_1_94' title="bbox 1852 3726 3503 3800">
     <span class='ocr_line' id='line_1_94' title="bbox 1852 3726 3503 3800; baseline -0.001 -16"><span class='ocrx_word' id='word_1_642' title='bbox 1852 3729 2237 3786; x_wconf 89' lang='lat' dir='ltr'>Postmodum</span> <span class='ocrx_word' id='word_1_643' title='bbox 2291 3729 2470 3799; x_wconf 88' lang='lat' dir='ltr'>igitur</span> <span class='ocrx_word' id='word_1_644' title='bbox 2521 3728 2808 3794; x_wconf 91' lang='lat' dir='ltr'>Christus,</span> <span class='ocrx_word' id='word_1_645' title='bbox 2855 3727 3116 3800; x_wconf 90' lang='lat' dir='ltr'>primum</span> <span class='ocrx_word' id='word_1_646' title='bbox 3147 3726 3230 3782; x_wconf 89' lang='lat' dir='ltr'>eis</span> <span class='ocrx_word' id='word_1_647' title='bbox 3282 3726 3503 3783; x_wconf 89' lang='lat' dir='ltr'>factum</span> 
     </span>
    </p>
   </div>
   <div class='ocr_carea' id='block_1_95' title="bbox 1852 3816 3503 3891">
    <p class='ocr_par' dir='ltr' id='par_1_95' title="bbox 1852 3816 3503 3891">
     <span class='ocr_line' id='line_1_95' title="bbox 1852 3816 3503 3891; baseline -0.002 -15"><span class='ocrx_word' id='word_1_648' title='bbox 1852 3821 2186 3891; x_wconf 86' lang='lat' dir='ltr'>ignoscens,</span> <span class='ocrx_word' id='word_1_649' title='bbox 2219 3820 2375 3875; x_wconf 90' lang='lat' dir='ltr'>venit</span> <span class='ocrx_word' id='word_1_650' title='bbox 2406 3825 2471 3875; x_wconf 89' lang='lat' dir='ltr'>ut</span> <span class='ocrx_word' id='word_1_651' title='bbox 2508 3834 2750 3874; x_wconf 88' lang='lat' dir='ltr'>rursum</span> <span class='ocrx_word' id='word_1_652' title='bbox 2781 3833 2883 3873; x_wconf 90' lang='lat' dir='ltr'>eos</span> <span class='ocrx_word' id='word_1_653' title='bbox 2907 3823 3218 3889; x_wconf 88' lang='lat' dir='ltr'>recuperet</span> <span class='ocrx_word' id='word_1_654' title='bbox 3247 3833 3260 3873; x_wconf 93' lang='lat'><strong>:</strong></span> <span class='ocrx_word' id='word_1_655' title='bbox 3302 3816 3503 3888; x_wconf 90' lang='lat' dir='ltr'>jubet-</span> 
     </span>
    </p>
   </div>
   <div class='ocr_carea' id='block_1_96' title="bbox 1853 3905 3500 3982">
    <p class='ocr_par' dir='ltr' id='par_1_96' title="bbox 1853 3905 3500 3982">
     <span class='ocr_line' id='line_1_96' title="bbox 1853 3905 3500 3982; baseline -0.003 -17"><span class='ocrx_word' id='word_1_656' title='bbox 1853 3925 1968 3982; x_wconf 89' lang='lat' dir='ltr'>que</span> <span class='ocrx_word' id='word_1_657' title='bbox 2003 3914 2065 3966; x_wconf 91' lang='lat' dir='ltr'>ut</span> <span class='ocrx_word' id='word_1_658' title='bbox 2089 3915 2432 3982; x_wconf 85' lang='lat' dir='ltr'>sequantur,</span> <span class='ocrx_word' id='word_1_659' title='bbox 2459 3914 2515 3964; x_wconf 91' lang='lat' dir='ltr'>et</span> <span class='ocrx_word' id='word_1_660' title='bbox 2540 3924 2647 3980; x_wconf 89' lang='lat' dir='ltr'>pro</span> <span class='ocrx_word' id='word_1_661' title='bbox 2679 3907 2902 3963; x_wconf 88' lang='lat' dir='ltr'>retibus</span> <span class='ocrx_word' id='word_1_662' title='bbox 2933 3923 3062 3979; x_wconf 72' lang='lat' dir='ltr'>quae</span> <span class='ocrx_word' id='word_1_663' title='bbox 3089 3905 3500 3978; x_wconf 89' lang='lat' dir='ltr'>possidebant,</span> 
     </span>
    </p>
   </div>
   <div class='ocr_carea' id='block_1_97' title="bbox 1853 3996 3504 4068">
    <p class='ocr_par' dir='ltr' id='par_1_97' title="bbox 1853 3996 3504 4068">
     <span class='ocr_line' id='line_1_97' title="bbox 1853 3996 3504 4068; baseline -0.002 -16"><span class='ocrx_word' id='word_1_664' title='bbox 1853 4004 2092 4054; x_wconf 88' lang='lat' dir='ltr'>sumant</span> <span class='ocrx_word' id='word_1_665' title='bbox 2120 3999 2198 4054; x_wconf 87' lang='lat' dir='ltr'>ab</span> <span class='ocrx_word' id='word_1_666' title='bbox 2250 4015 2320 4054; x_wconf 90' lang='lat' dir='ltr'>eo</span> <span class='ocrx_word' id='word_1_667' title='bbox 2373 3997 2727 4054; x_wconf 84' lang='lat' dir='ltr'>rationalem</span> <span class='ocrx_word' id='word_1_668' title='bbox 2781 4011 3065 4068; x_wconf 89' lang='lat' dir='ltr'>sagenam</span> <span class='ocrx_word' id='word_1_669' title='bbox 3102 4000 3201 4051; x_wconf 91' lang='lat' dir='ltr'>:et</span> <span class='ocrx_word' id='word_1_670' title='bbox 3226 3996 3282 4050; x_wconf 90' lang='lat' dir='ltr'>in</span> <span class='ocrx_word' id='word_1_671' title='bbox 3340 4011 3504 4050; x_wconf 88' lang='lat' dir='ltr'>mare</span> 
     </span>
    </p>
   </div>
   <div class='ocr_carea' id='block_1_98' title="bbox 1854 4084 3506 4159">
    <p class='ocr_par' dir='ltr' id='par_1_98' title="bbox 1854 4084 3506 4159">
     <span class='ocr_line' id='line_1_98' title="bbox 1854 4084 3506 4159; baseline 0 -20"><span class='ocrx_word' id='word_1_672' title='bbox 1854 4087 2052 4142; x_wconf 81' lang='lat' dir='ltr'>saeculi</span> <span class='ocrx_word' id='word_1_673' title='bbox 2082 4087 2403 4151; x_wconf 88' lang='lat' dir='ltr'>mittentes,</span> <span class='ocrx_word' id='word_1_674' title='bbox 2433 4103 2542 4159; x_wconf 89' lang='lat' dir='ltr'>pro</span> <span class='ocrx_word' id='word_1_675' title='bbox 2564 4085 2830 4158; x_wconf 90' lang='lat' dir='ltr'>piscibus</span> <span class='ocrx_word' id='word_1_676' title='bbox 2858 4085 3132 4140; x_wconf 89' lang='lat' dir='ltr'>homines</span> <span class='ocrx_word' id='word_1_677' title='bbox 3152 4084 3409 4156; x_wconf 88' lang='lat' dir='ltr'>capiant.</span> <span class='ocrx_word' id='word_1_678' title='bbox 3441 4086 3506 4139; x_wconf 88' lang='lat' dir='ltr'>Et</span> 
     </span>
    </p>
   </div>
   <div class='ocr_carea' id='block_1_99' title="bbox 1852 4173 3502 4247">
    <p class='ocr_par' dir='ltr' id='par_1_99' title="bbox 1852 4173 3502 4247">
     <span class='ocr_line' id='line_1_99' title="bbox 1852 4173 3502 4247; baseline -0.001 -19"><span class='ocrx_word' id='word_1_679' title='bbox 1852 4174 1983 4230; x_wconf 89' lang='lat' dir='ltr'>vide</span> <span class='ocrx_word' id='word_1_680' title='bbox 2013 4177 2322 4247; x_wconf 85' lang='lat' dir='ltr'>quomodo</span> <span class='ocrx_word' id='word_1_681' title='bbox 2347 4175 2568 4244; x_wconf 89' lang='lat' dir='ltr'>statim,</span> <span class='ocrx_word' id='word_1_682' title='bbox 2597 4175 2687 4230; x_wconf 89' lang='lat' dir='ltr'>his</span> <span class='ocrx_word' id='word_1_683' title='bbox 2717 4190 2851 4246; x_wconf 83' lang='lat' dir='ltr'>quae</span> <span class='ocrx_word' id='word_1_684' title='bbox 2882 4173 3264 4246; x_wconf 90' lang='lat' dir='ltr'>possidebant</span> <span class='ocrx_word' id='word_1_685' title='bbox 3287 4173 3502 4228; x_wconf 89' lang='lat' dir='ltr'>relictis</span> 
     </span>
    </p>
   </div>
   <div class='ocr_carea' id='block_1_100' title="bbox 1853 4261 3504 4335">
    <p class='ocr_par' dir='ltr' id='par_1_100' title="bbox 1853 4261 3504 4335">
     <span class='ocr_line' id='line_1_100' title="bbox 1853 4261 3504 4335; baseline -0.001 -17"><span class='ocrx_word' id='word_1_686' title='bbox 1853 4263 2226 4331; x_wconf 91' lang='lat' dir='ltr'>obedierunt,</span> <span class='ocrx_word' id='word_1_687' title='bbox 2259 4265 2402 4320; x_wconf 89' lang='lat' dir='ltr'>nihil</span> <span class='ocrx_word' id='word_1_688' title='bbox 2443 4265 2916 4335; x_wconf 87' lang='lat' dir='ltr'>tergiversantes.</span> <span class='ocrx_word' id='word_1_689' title='bbox 2972 4264 3056 4318; x_wconf 88' lang='lat' dir='ltr'>Ita</span> <span class='ocrx_word' id='word_1_690' title='bbox 3103 4276 3320 4332; x_wconf 90' lang='lat' dir='ltr'>nempe</span> <span class='ocrx_word' id='word_1_691' title='bbox 3375 4261 3504 4317; x_wconf 88' lang='lat' dir='ltr'>vult</span> 
     </span>
    </p>
   </div>
   <div class='ocr_carea' id='block_1_101' title="bbox 1853 4351 3504 4420">
    <p class='ocr_par' dir='ltr' id='par_1_101' title="bbox 1853 4351 3504 4420">
     <span class='ocr_line' id='line_1_101' title="bbox 1853 4351 3504 4420; baseline -0.005 -7"><span class='ocrx_word' id='word_1_692' title='bbox 1853 4354 2145 4419; x_wconf 90' lang='lat' dir='ltr'>Christus,</span> <span class='ocrx_word' id='word_1_693' title='bbox 2180 4359 2242 4408; x_wconf 93' lang='lat' dir='ltr'>ut</span> <span class='ocrx_word' id='word_1_694' title='bbox 2289 4353 2478 4409; x_wconf 90' lang='lat' dir='ltr'>cuivis</span> <span class='ocrx_word' id='word_1_695' title='bbox 2535 4351 2866 4408; x_wconf 85' lang='lat' dir='ltr'>necessitati</span> <span class='ocrx_word' id='word_1_696' title='bbox 2929 4367 3073 4404; x_wconf 92' lang='lat' dir='ltr'>suus</span> <span class='ocrx_word' id='word_1_697' title='bbox 3117 4354 3504 4420; x_wconf 84' lang='lat' dir='ltr'>praeponatur</span> 
     </span>
    </p>
   </div>
   <div class='ocr_carea' id='block_1_102' title="bbox 1852 4436 3497 4515">
    <p class='ocr_par' dir='ltr' id='par_1_102' title="bbox 1852 4436 3497 4515">
     <span class='ocr_line' id='line_1_102' title="bbox 1852 4436 3497 4515; baseline -0.004 -17"><span class='ocrx_word' id='word_1_698' title='bbox 1852 4442 2258 4515; x_wconf 89' lang='lat' dir='ltr'>discipulatus.</span> <span class='ocrx_word' id='word_1_699' title='bbox 2281 4441 2431 4496; x_wconf 85' lang='lat' dir='ltr'>Dixit</span> <span class='ocrx_word' id='word_1_700' title='bbox 2457 4446 2647 4496; x_wconf 89' lang='lat' dir='ltr'>autem</span> <span class='ocrx_word' id='word_1_701' title='bbox 2677 4455 2690 4494; x_wconf 90' lang='lat'>:</span> <span class='ocrx_word' id='word_1_702' title='bbox 2732 4439 2932 4494; x_wconf 82' lang='lat' dir='ltr'>Venite</span> <span class='ocrx_word' id='word_1_703' title='bbox 2952 4443 3082 4506; x_wconf 83' lang='lat' dir='ltr'>post</span> <span class='ocrx_word' id='word_1_704' title='bbox 3119 4452 3230 4501; x_wconf 86' lang='lat' dir='ltr'>me,</span> <span class='ocrx_word' id='word_1_705' title='bbox 3261 4436 3375 4492; x_wconf 91' lang='lat' dir='ltr'>hoc</span> <span class='ocrx_word' id='word_1_706' title='bbox 3397 4443 3497 4504; x_wconf 91' lang='lat' dir='ltr'>est,</span> 
     </span>
    </p>
   </div>
   <div class='ocr_carea' id='block_1_103' title="bbox 1775 4515 2319 4604">
    <p class='ocr_par' dir='ltr' id='par_1_103' title="bbox 1775 4515 2319 4604">
     <span class='ocr_line' id='line_1_103' title="bbox 1775 4515 2319 4604; baseline -0.007 -15"><span class='ocrx_word' id='word_1_707' title='bbox 1775 4515 1821 4570; x_wconf 81' lang='lat' dir='ltr'>D</span> <span class='ocrx_word' id='word_1_708' title='bbox 1853 4531 2177 4604; x_wconf 89' lang='lat' dir='ltr'>Sequimini</span> <span class='ocrx_word' id='word_1_709' title='bbox 2205 4545 2319 4586; x_wconf 92' lang='lat' dir='ltr'>me.</span> 
     </span>
    </p>
   </div>
   <div class='ocr_carea' id='block_1_104' title="bbox 1926 4613 3502 4691">
    <p class='ocr_par' dir='ltr' id='par_1_104' title="bbox 1926 4613 3502 4691">
     <span class='ocr_line' id='line_1_104' title="bbox 1926 4613 3502 4691; baseline -0.003 -15"><span class='ocrx_word' id='word_1_710' title='bbox 1926 4623 2153 4677; x_wconf 87' lang='lat' dir='ltr'>Fratres</span> <span class='ocrx_word' id='word_1_711' title='bbox 2179 4619 2434 4684; x_wconf 87' lang='lat' dir='ltr'>fuerunt,</span> <span class='ocrx_word' id='word_1_712' title='bbox 2471 4619 2570 4691; x_wconf 87' lang='lat' dir='ltr'>qui</span> <span class='ocrx_word' id='word_1_713' title='bbox 2621 4617 2884 4690; x_wconf 88' lang='lat' dir='ltr'>primum</span> <span class='ocrx_word' id='word_1_714' title='bbox 2912 4631 2948 4671; x_wconf 89' lang='lat' dir='ltr'>a</span> <span class='ocrx_word' id='word_1_715' title='bbox 2977 4613 3208 4670; x_wconf 89' lang='lat' dir='ltr'>Christo</span> <span class='ocrx_word' id='word_1_716' title='bbox 3251 4614 3502 4672; x_wconf 85' lang='lat' dir='ltr'>docente</span> 
     </span>
    </p>
   </div>
   <div class='ocr_carea' id='block_1_105' title="bbox 1854 4703 3502 4779">
    <p class='ocr_par' dir='ltr' id='par_1_105' title="bbox 1854 4703 3502 4779">
     <span class='ocr_line' id='line_1_105' title="bbox 1854 4703 3502 4779; baseline -0.003 -12"><span class='ocrx_word' id='word_1_717' title='bbox 1854 4711 2048 4767; x_wconf 88' lang='lat' dir='ltr'>vocati</span> <span class='ocrx_word' id='word_1_718' title='bbox 2064 4715 2229 4766; x_wconf 89' lang='lat' dir='ltr'>sunt:</span> <span class='ocrx_word' id='word_1_719' title='bbox 2255 4714 2379 4765; x_wconf 90' lang='lat' dir='ltr'>tum</span> <span class='ocrx_word' id='word_1_720' title='bbox 2406 4708 2550 4779; x_wconf 91' lang='lat' dir='ltr'>quia</span> <span class='ocrx_word' id='word_1_721' title='bbox 2574 4708 2715 4763; x_wconf 79' lang='lat' dir='ltr'>huic</span> <span class='ocrx_word' id='word_1_722' title='bbox 2740 4705 3016 4762; x_wconf 90' lang='lat' dir='ltr'>convenit</span> <span class='ocrx_word' id='word_1_723' title='bbox 3033 4703 3288 4761; x_wconf 85' lang='lat' dir='ltr'>fraterno</span> <span class='ocrx_word' id='word_1_724' title='bbox 3320 4706 3502 4762; x_wconf 92' lang='lat' dir='ltr'>modo</span> 
     </span>
    </p>
   </div>
   <div class='ocr_carea' id='block_1_106' title="bbox 1855 4794 3501 4870">
    <p class='ocr_par' dir='ltr' id='par_1_106' title="bbox 1855 4794 3501 4870">
     <span class='ocr_line' id='line_1_106' title="bbox 1855 4794 3501 4870; baseline -0.004 -13"><span class='ocrx_word' id='word_1_725' title='bbox 1855 4799 2213 4870; x_wconf 87' lang='lat' dir='ltr'>gubernare:</span> <span class='ocrx_word' id='word_1_726' title='bbox 2233 4803 2356 4855; x_wconf 91' lang='lat' dir='ltr'>tum</span> <span class='ocrx_word' id='word_1_727' title='bbox 2379 4797 2524 4870; x_wconf 91' lang='lat' dir='ltr'>quia</span> <span class='ocrx_word' id='word_1_728' title='bbox 2536 4796 2796 4854; x_wconf 86' lang='lat' dir='ltr'>fraterno</span> <span class='ocrx_word' id='word_1_729' title='bbox 2809 4794 2986 4852; x_wconf 89' lang='lat' dir='ltr'>modo</span> <span class='ocrx_word' id='word_1_730' title='bbox 3009 4809 3214 4866; x_wconf 89' lang='lat' dir='ltr'>sapere</span> <span class='ocrx_word' id='word_1_731' title='bbox 3227 4799 3501 4867; x_wconf 90' lang='lat' dir='ltr'>oporteat</span> 
     </span>
    </p>
   </div>
   <div class='ocr_carea' id='block_1_107' title="bbox 1854 4887 2700 4965">
    <p class='ocr_par' dir='ltr' id='par_1_107' title="bbox 1854 4887 2700 4965">
     <span class='ocr_line' id='line_1_107' title="bbox 1854 4887 2700 4965; baseline -0.004 -20"><span class='ocrx_word' id='word_1_732' title='bbox 1854 4905 1957 4965; x_wconf 75' lang='lat' dir='ltr'>eos</span> <span class='ocrx_word' id='word_1_733' title='bbox 1987 4888 2091 4961; x_wconf 88' lang='lat' dir='ltr'>qui</span> <span class='ocrx_word' id='word_1_734' title='bbox 2116 4887 2194 4944; x_wconf 91' lang='lat' dir='ltr'>ab</span> <span class='ocrx_word' id='word_1_735' title='bbox 2219 4887 2352 4961; x_wconf 72' lang='lat' dir='ltr'>ipso</span> <span class='ocrx_word' id='word_1_736' title='bbox 2391 4887 2700 4944; x_wconf 89' lang='lat' dir='ltr'>docentur.</span> 
     </span>
    </p>
   </div>
   <div class='ocr_carea' id='block_1_108' title="bbox 1362 5192 2297 5265">
    <p class='ocr_par' dir='ltr' id='par_1_108' title="bbox 1362 5192 2297 5265">
     <span class='ocr_line' id='line_1_108' title="bbox 1362 5192 2297 5265; baseline -0.001 -3"><span class='ocrx_word' id='word_1_737' title='bbox 1362 5193 1591 5265; x_wconf 79' lang='lat' dir='ltr'>Variae</span> <span class='ocrx_word' id='word_1_738' title='bbox 1621 5192 1950 5264; x_wconf 84' lang='lat' dir='ltr'>lectiones</span> <span class='ocrx_word' id='word_1_739' title='bbox 1998 5201 2064 5261; x_wconf 89' lang='lat' dir='ltr'>et</span> <span class='ocrx_word' id='word_1_740' title='bbox 2093 5201 2297 5262; x_wconf 72' lang='lat' dir='ltr'>notae.</span> 
     </span>
    </p>
   </div>
   <div class='ocr_carea' id='block_1_109' title="bbox 234 5359 1002 5494">
    <p class='ocr_par' dir='ltr' id='par_1_109' title="bbox 234 5359 1002 5494">
     <span class='ocr_line' id='line_1_109' title="bbox 234 5359 1002 5494; baseline 0.004 -78"><span class='ocrx_word' id='word_1_741' title='bbox 234 5359 330 5494; x_wconf 51' lang='grc' dir='ltr'><strong>ξιδζ</strong></span> <span class='ocrx_word' id='word_1_742' title='bbox 365 5368 463 5418; x_wconf 75' lang='grc' dir='ltr'>Καὶ</span> <span class='ocrx_word' id='word_1_743' title='bbox 494 5367 675 5436; x_wconf 66' lang='grc' dir='ltr'>Λόγος</span> <span class='ocrx_word' id='word_1_744' title='bbox 699 5363 725 5416; x_wconf 90' lang='lat'>6</span> <span class='ocrx_word' id='word_1_745' title='bbox 750 5363 891 5425; x_wconf 85' lang='grc' dir='ltr'>Υἱός.</span> <span class='ocrx_word' id='word_1_746' title='bbox 939 5369 1002 5419; x_wconf 79' lang='grc' dir='ltr'><strong>Δ.</strong></span> 
     </span>
     <span class='ocr_line' id='line_1_110' title="bbox 258 5436 785 5494; baseline 0.009 -7"><span class='ocrx_word' id='word_1_747' title='bbox 258 5436 308 5488; x_wconf 61' lang='lat' dir='ltr'>li</span> <span class='ocrx_word' id='word_1_748' title='bbox 364 5438 688 5494; x_wconf 78' lang='grc' dir='ltr'>Θηρεύωσιν.</span> <span class='ocrx_word' id='word_1_749' title='bbox 728 5442 785 5492; x_wconf 85' lang='grc' dir='ltr'>Β.</span> 
     </span>
    </p>
   </div>
   <div class='ocr_carea' id='block_1_110' title="bbox 258 5436 785 5508">
    <p class='ocr_par' dir='ltr' id='par_1_110' title="bbox 258 5436 785 5508">
     <span class='ocr_line' id='line_1_111' title="bbox 258 5436 785 5508; baseline 0.009 -21"><span class='ocrx_word' id='word_1_750' title='bbox 258 5436 330 5504; x_wconf 69' lang='grc'>14)</span> <span class='ocrx_word' id='word_1_751' title='bbox 364 5438 688 5508; x_wconf 79' lang='grc' dir='ltr'>Θηρεύωσιν.</span> <span class='ocrx_word' id='word_1_752' title='bbox 728 5442 785 5492; x_wconf 85' lang='grc' dir='ltr'>Β.</span> 
     </span>
    </p>
   </div>
   <div class='ocr_carea' id='block_1_111' title="bbox 1919 5358 3006 5433">
    <p class='ocr_par' dir='ltr' id='par_1_111' title="bbox 1919 5358 3006 5433">
     <span class='ocr_line' id='line_1_112' title="bbox 1919 5358 3006 5433; baseline -0.001 -16"><span class='ocrx_word' id='word_1_753' title='bbox 1919 5361 2032 5433; x_wconf 79' lang='grc'>(15)</span> <span class='ocrx_word' id='word_1_754' title='bbox 2075 5361 2311 5420; x_wconf 87' lang='lat' dir='ltr'>Inclusa</span> <span class='ocrx_word' id='word_1_755' title='bbox 2339 5361 2401 5418; x_wconf 89' lang='lat' dir='ltr'>in</span> <span class='ocrx_word' id='word_1_756' title='bbox 2429 5359 2701 5433; x_wconf 88' lang='lat' dir='ltr'>margine</span> <span class='ocrx_word' id='word_1_757' title='bbox 2723 5358 2907 5418; x_wconf 87' lang='lat' dir='ltr'>habet</span> <span class='ocrx_word' id='word_1_758' title='bbox 2933 5358 3006 5416; x_wconf 83' lang='lat' dir='ltr'>A.</span> 
     </span>
    </p>
   </div>
   <div class='ocr_carea' id='block_1_112' title="bbox 233 5547 3491 5634">
    <p class='ocr_par' dir='ltr' id='par_1_112' title="bbox 233 5547 3491 5634">
     <span class='ocr_line' id='line_1_113' title="bbox 233 5547 3491 5634; baseline -0.004 -18"><span class='ocrx_word' id='word_1_759' title='bbox 233 5563 322 5630; x_wconf 78' lang='lat' dir='ltr'>(ee)</span> <span class='ocrx_word' id='word_1_760' title='bbox 355 5563 746 5620; x_wconf 82' lang='lat' dir='ltr'>Testamento.</span> <span class='ocrx_word' id='word_1_761' title='bbox 785 5561 891 5618; x_wconf 80' lang='lat' dir='ltr'>Vix</span> <span class='ocrx_word' id='word_1_762' title='bbox 915 5564 1151 5634; x_wconf 70' lang='lat' dir='ltr'>putem;</span> <span class='ocrx_word' id='word_1_763' title='bbox 1173 5563 1445 5634; x_wconf 75' lang='grc' dir='ltr'>Λιαθήκης</span> <span class='ocrx_word' id='word_1_764' title='bbox 1467 5565 1770 5634; x_wconf 86' lang='lat' dir='ltr'>repertum</span> <span class='ocrx_word' id='word_1_765' title='bbox 1795 5573 1930 5618; x_wconf 83' lang='lat' dir='ltr'>esse</span> <span class='ocrx_word' id='word_1_766' title='bbox 1960 5558 2038 5616; x_wconf 90' lang='lat' dir='ltr'>ab</span> <span class='ocrx_word' id='word_1_767' title='bbox 2079 5557 2364 5617; x_wconf 82' lang='lat' dir='ltr'>Hentenio</span> <span class='ocrx_word' id='word_1_768' title='bbox 2387 5557 2450 5615; x_wconf 91' lang='lat' dir='ltr'>in</span> <span class='ocrx_word' id='word_1_769' title='bbox 2479 5558 2698 5616; x_wconf 89' lang='lat' dir='ltr'>codice.</span> <span class='ocrx_word' id='word_1_770' title='bbox 2734 5555 2928 5613; x_wconf 81' lang='lat' dir='ltr'>Malim</span> <span class='ocrx_word' id='word_1_771' title='bbox 2969 5552 3250 5627; x_wconf 87' lang='lat' dir='ltr'>equidem</span> <span class='ocrx_word' id='word_1_772' title='bbox 3280 5547 3491 5605; x_wconf 88' lang='lat' dir='ltr'>intelli-</span> 
     </span>
    </p>
   </div>
   <div class='ocr_carea' id='block_1_113' title="bbox 184 5633 1539 5708">
    <p class='ocr_par' dir='ltr' id='par_1_113' title="bbox 184 5633 1539 5708">
     <span class='ocr_line' id='line_1_114' title="bbox 184 5633 1539 5708; baseline -0.005 -13"><span class='ocrx_word' id='word_1_773' title='bbox 184 5639 289 5695; x_wconf 70' lang='grc' dir='ltr'>ειη</span> <span class='ocrx_word' id='word_1_774' title='bbox 313 5634 583 5706; x_wconf 68' lang='grc' dir='ltr'>πολιτείας,</span> <span class='ocrx_word' id='word_1_775' title='bbox 612 5633 780 5708; x_wconf 86' lang='lat' dir='ltr'>quod</span> <span class='ocrx_word' id='word_1_776' title='bbox 803 5633 987 5708; x_wconf 86' lang='lat' dir='ltr'>paulo</span> <span class='ocrx_word' id='word_1_777' title='bbox 1028 5633 1270 5692; x_wconf 75' lang='lat' dir='ltr'>inferius</span> <span class='ocrx_word' id='word_1_778' title='bbox 1305 5633 1539 5707; x_wconf 87' lang='lat' dir='ltr'>legitur.</span> 
     </span>
    </p>
   </div>
  </div>
