  <div class='ocr_page' id='page_1' title='image "/cluster/home/n/w/nwhite01/storage/ocr_20150623/129/hvd.32044073502395/099.png"; bbox 0 0 3990 6206; ppageno 0'>
   <div class='ocr_carea' id='block_1_1' title="bbox 378 317 481 372">
    <p class='ocr_par' dir='ltr' id='par_1_1' title="bbox 378 317 481 372">
     <span class='ocr_line' id='line_1_1' title="bbox 378 317 481 372; baseline 0.01 -1"><span class='ocrx_word' id='word_1_1' title='bbox 378 317 481 372; x_wconf 84' lang='grc'>187</span> 
     </span>
    </p>
   </div>
   <div class='ocr_carea' id='block_1_2' title="bbox 453 438 2106 510">
    <p class='ocr_par' dir='ltr' id='par_1_2' title="bbox 453 438 2106 510">
     <span class='ocr_line' id='line_1_2' title="bbox 453 438 2106 510; baseline -0.002 -14"><span class='ocrx_word' id='word_1_2' title='bbox 453 441 618 498; x_wconf 89' lang='lat' dir='ltr'>Vers.</span> <span class='ocrx_word' id='word_1_3' title='bbox 649 443 736 496; x_wconf 84' lang='lat' dir='ltr'>2t.</span> <span class='ocrx_word' id='word_1_4' title='bbox 772 441 851 495; x_wconf 86' lang='lat' dir='ltr'>Et</span> <span class='ocrx_word' id='word_1_5' title='bbox 879 456 1228 510; x_wconf 80' lang='lat' dir='ltr'>progressus</span> <span class='ocrx_word' id='word_1_6' title='bbox 1257 470 1325 481; x_wconf 89' lang='lat'>-—</span> <span class='ocrx_word' id='word_1_7' title='bbox 1355 440 1420 495; x_wconf 86' lang='lat' dir='ltr'>V.</span> <span class='ocrx_word' id='word_1_8' title='bbox 1466 443 1553 495; x_wconf 87' lang='lat'>22.</span> <span class='ocrx_word' id='word_1_9' title='bbox 1598 441 1774 496; x_wconf 85' lang='lat' dir='ltr'>Eum.</span> <span class='ocrx_word' id='word_1_10' title='bbox 1807 439 2029 494; x_wconf 86' lang='lat' dir='ltr'>Horum</span> <span class='ocrx_word' id='word_1_11' title='bbox 2061 438 2106 492; x_wconf 82' lang='lat' dir='ltr'><strong>A</strong></span> 
     </span>
    </p>
   </div>
   <div class='ocr_carea' id='block_1_3' title="bbox 378 529 2028 603">
    <p class='ocr_par' dir='ltr' id='par_1_3' title="bbox 378 529 2028 603">
     <span class='ocr_line' id='line_1_3' title="bbox 378 529 2028 603; baseline -0.001 -18"><span class='ocrx_word' id='word_1_12' title='bbox 378 546 616 603; x_wconf 91' lang='lat' dir='ltr'>quoque</span> <span class='ocrx_word' id='word_1_13' title='bbox 645 530 825 585; x_wconf 89' lang='lat' dir='ltr'>ﬁdem</span> <span class='ocrx_word' id='word_1_14' title='bbox 854 529 1099 594; x_wconf 81' lang='lat' dir='ltr'>intuere,</span> <span class='ocrx_word' id='word_1_15' title='bbox 1128 545 1250 601; x_wconf 93' lang='lat' dir='ltr'>qua</span> <span class='ocrx_word' id='word_1_16' title='bbox 1279 533 1512 600; x_wconf 85' lang='lat' dir='ltr'>patrem</span> <span class='ocrx_word' id='word_1_17' title='bbox 1544 529 1722 585; x_wconf 87' lang='lat' dir='ltr'>etiam</span> <span class='ocrx_word' id='word_1_18' title='bbox 1749 529 2028 600; x_wconf 87' lang='lat' dir='ltr'>despexe-</span> 
     </span>
    </p>
   </div>
   <div class='ocr_carea' id='block_1_4' title="bbox 377 619 2029 690">
    <p class='ocr_par' dir='ltr' id='par_1_4' title="bbox 377 619 2029 690">
     <span class='ocr_line' id='line_1_4' title="bbox 377 619 2029 690; baseline -0.001 -16"><span class='ocrx_word' id='word_1_19' title='bbox 377 624 533 675; x_wconf 87' lang='lat' dir='ltr'>runt.</span> <span class='ocrx_word' id='word_1_20' title='bbox 559 623 806 674; x_wconf 85' lang='lat' dir='ltr'>Necesse</span> <span class='ocrx_word' id='word_1_21' title='bbox 838 619 996 674; x_wconf 91' lang='lat' dir='ltr'>enim</span> <span class='ocrx_word' id='word_1_22' title='bbox 1042 623 1128 674; x_wconf 91' lang='lat' dir='ltr'>est</span> <span class='ocrx_word' id='word_1_23' title='bbox 1156 619 1502 690; x_wconf 90' lang='lat' dir='ltr'>parentibus</span> <span class='ocrx_word' id='word_1_24' title='bbox 1533 634 1776 690; x_wconf 89' lang='lat' dir='ltr'>quoque</span> <span class='ocrx_word' id='word_1_25' title='bbox 1807 633 2029 690; x_wconf 66' lang='lat' dir='ltr'>praepo-</span> 
     </span>
    </p>
   </div>
   <div class='ocr_carea' id='block_1_5' title="bbox 377 707 2029 780">
    <p class='ocr_par' dir='ltr' id='par_1_5' title="bbox 377 707 2029 780">
     <span class='ocr_line' id='line_1_5' title="bbox 377 707 2029 780; baseline -0.001 -16"><span class='ocrx_word' id='word_1_26' title='bbox 377 723 517 764; x_wconf 89' lang='lat' dir='ltr'>nere</span> <span class='ocrx_word' id='word_1_27' title='bbox 554 709 869 763; x_wconf 87' lang='lat' dir='ltr'>Christum.</span> <span class='ocrx_word' id='word_1_28' title='bbox 906 711 1100 780; x_wconf 87' lang='lat' dir='ltr'>Neque</span> <span class='ocrx_word' id='word_1_29' title='bbox 1153 724 1340 779; x_wconf 89' lang='lat' dir='ltr'>parva</span> <span class='ocrx_word' id='word_1_30' title='bbox 1367 707 1596 763; x_wconf 85' lang='lat' dir='ltr'>virtutis</span> <span class='ocrx_word' id='word_1_31' title='bbox 1629 707 1901 779; x_wconf 91' lang='lat' dir='ltr'>ipsorum</span> <span class='ocrx_word' id='word_1_32' title='bbox 1931 707 2029 762; x_wconf 93' lang='lat' dir='ltr'>de-</span> 
     </span>
    </p>
   </div>
   <div class='ocr_carea' id='block_1_6' title="bbox 376 796 2030 870">
    <p class='ocr_par' dir='ltr' id='par_1_6' title="bbox 376 796 2030 870">
     <span class='ocr_line' id='line_1_6' title="bbox 376 796 2030 870; baseline 0 -18"><span class='ocrx_word' id='word_1_33' title='bbox 376 797 726 854; x_wconf 90' lang='lat' dir='ltr'>monstratio</span> <span class='ocrx_word' id='word_1_34' title='bbox 765 803 870 866; x_wconf 91' lang='lat' dir='ltr'>est,</span> <span class='ocrx_word' id='word_1_35' title='bbox 903 798 1068 869; x_wconf 92' lang='lat' dir='ltr'>quod</span> <span class='ocrx_word' id='word_1_36' title='bbox 1108 802 1520 870; x_wconf 75' lang='lat' dir='ltr'>paupertatem</span> <span class='ocrx_word' id='word_1_37' title='bbox 1552 796 1703 853; x_wconf 92' lang='lat' dir='ltr'>adeo</span> <span class='ocrx_word' id='word_1_38' title='bbox 1733 797 1900 853; x_wconf 85' lang='lat' dir='ltr'>facile</span> <span class='ocrx_word' id='word_1_39' title='bbox 1944 801 2030 852; x_wconf 90' lang='lat' dir='ltr'>tu-</span> 
     </span>
    </p>
   </div>
   <div class='ocr_carea' id='block_1_7' title="bbox 375 886 2032 960">
    <p class='ocr_par' dir='ltr' id='par_1_7' title="bbox 375 886 2032 960">
     <span class='ocr_line' id='line_1_7' title="bbox 375 886 2032 960; baseline 0.001 -19"><span class='ocrx_word' id='word_1_40' title='bbox 375 886 568 954; x_wconf 88' lang='lat' dir='ltr'>lerint,</span> <span class='ocrx_word' id='word_1_41' title='bbox 601 902 671 942; x_wconf 90' lang='lat' dir='ltr'>ac</span> <span class='ocrx_word' id='word_1_42' title='bbox 697 886 953 958; x_wconf 82' lang='lat' dir='ltr'>propriis</span> <span class='ocrx_word' id='word_1_43' title='bbox 982 887 1262 942; x_wconf 89' lang='lat' dir='ltr'>manibus</span> <span class='ocrx_word' id='word_1_44' title='bbox 1294 887 1515 942; x_wconf 90' lang='lat' dir='ltr'>victum</span> <span class='ocrx_word' id='word_1_45' title='bbox 1558 886 1920 960; x_wconf 75' lang='lat' dir='ltr'>quaesierint,</span> <span class='ocrx_word' id='word_1_46' title='bbox 1975 889 2032 942; x_wconf 85' lang='lat' dir='ltr'>et</span> 
     </span>
    </p>
   </div>
   <div class='ocr_carea' id='block_1_8' title="bbox 376 975 2028 1047">
    <p class='ocr_par' dir='ltr' id='par_1_8' title="bbox 376 975 2028 1047">
     <span class='ocr_line' id='line_1_8' title="bbox 376 975 2028 1047; baseline -0.001 -16"><span class='ocrx_word' id='word_1_47' title='bbox 376 979 576 1031; x_wconf 87' lang='lat' dir='ltr'>mutuo</span> <span class='ocrx_word' id='word_1_48' title='bbox 600 975 744 1030; x_wconf 86' lang='lat' dir='ltr'>inter</span> <span class='ocrx_word' id='word_1_49' title='bbox 766 991 826 1030; x_wconf 92' lang='lat' dir='ltr'>se</span> <span class='ocrx_word' id='word_1_50' title='bbox 853 991 1056 1031; x_wconf 91' lang='lat' dir='ltr'>amore</span> <span class='ocrx_word' id='word_1_51' title='bbox 1082 976 1340 1044; x_wconf 80' lang='lat' dir='ltr'>colligati</span> <span class='ocrx_word' id='word_1_52' title='bbox 1363 975 1600 1043; x_wconf 84' lang='lat' dir='ltr'>fuerint,</span> <span class='ocrx_word' id='word_1_53' title='bbox 1633 979 1862 1047; x_wconf 82' lang='lat' dir='ltr'>patrem</span> <span class='ocrx_word' id='word_1_54' title='bbox 1887 990 2028 1047; x_wconf 88' lang='lat' dir='ltr'>quo-</span> 
     </span>
    </p>
   </div>
   <div class='ocr_carea' id='block_1_9' title="bbox 376 1063 2030 1136">
    <p class='ocr_par' dir='ltr' id='par_1_9' title="bbox 376 1063 2030 1136">
     <span class='ocr_line' id='line_1_9' title="bbox 376 1063 2030 1136; baseline 0.001 -18"><span class='ocrx_word' id='word_1_55' title='bbox 376 1080 494 1135; x_wconf 92' lang='lat' dir='ltr'>que</span> <span class='ocrx_word' id='word_1_56' title='bbox 521 1079 641 1120; x_wconf 91' lang='lat' dir='ltr'>una</span> <span class='ocrx_word' id='word_1_57' title='bbox 671 1079 874 1118; x_wconf 87' lang='lat' dir='ltr'>secum</span> <span class='ocrx_word' id='word_1_58' title='bbox 900 1063 1234 1128; x_wconf 84' lang='lat' dir='ltr'>habuerint,</span> <span class='ocrx_word' id='word_1_59' title='bbox 1266 1064 1468 1136; x_wconf 88' lang='lat' dir='ltr'>illique</span> <span class='ocrx_word' id='word_1_60' title='bbox 1497 1064 1882 1120; x_wconf 89' lang='lat' dir='ltr'>inservierint.</span> <span class='ocrx_word' id='word_1_61' title='bbox 1924 1064 2030 1119; x_wconf 88' lang='lat' dir='ltr'>Ve-</span> 
     </span>
    </p>
   </div>
   <div class='ocr_carea' id='block_1_10' title="bbox 377 1152 2025 1219">
    <p class='ocr_par' dir='ltr' id='par_1_10' title="bbox 377 1152 2025 1219">
     <span class='ocr_line' id='line_1_10' title="bbox 377 1152 2025 1219; baseline -0.001 -9"><span class='ocrx_word' id='word_1_62' title='bbox 377 1152 611 1210; x_wconf 83' lang='lat' dir='ltr'>risimile</span> <span class='ocrx_word' id='word_1_63' title='bbox 647 1156 736 1208; x_wconf 90' lang='lat' dir='ltr'>est</span> <span class='ocrx_word' id='word_1_64' title='bbox 763 1158 980 1219; x_wconf 89' lang='lat' dir='ltr'>autem,</span> <span class='ocrx_word' id='word_1_65' title='bbox 1022 1153 1260 1209; x_wconf 86' lang='lat' dir='ltr'>audisse</span> <span class='ocrx_word' id='word_1_66' title='bbox 1304 1169 1406 1209; x_wconf 86' lang='lat' dir='ltr'>eos</span> <span class='ocrx_word' id='word_1_67' title='bbox 1447 1169 1481 1209; x_wconf 90' lang='lat' dir='ltr'>a</span> <span class='ocrx_word' id='word_1_68' title='bbox 1513 1154 1676 1208; x_wconf 90' lang='lat' dir='ltr'>Petro</span> <span class='ocrx_word' id='word_1_69' title='bbox 1699 1157 1756 1208; x_wconf 88' lang='lat' dir='ltr'>et</span> <span class='ocrx_word' id='word_1_70' title='bbox 1772 1152 2025 1217; x_wconf 77' lang='lat' dir='ltr'>Andrea,</span> 
     </span>
    </p>
   </div>
   <div class='ocr_carea' id='block_1_11' title="bbox 379 1241 2031 1315">
    <p class='ocr_par' dir='ltr' id='par_1_11' title="bbox 379 1241 2031 1315">
     <span class='ocr_line' id='line_1_11' title="bbox 379 1241 2031 1315; baseline 0.001 -17"><span class='ocrx_word' id='word_1_71' title='bbox 379 1242 727 1315; x_wconf 86' lang='lat' dir='ltr'>promisisse</span> <span class='ocrx_word' id='word_1_72' title='bbox 751 1243 1070 1308; x_wconf 87' lang='lat' dir='ltr'>Christum,</span> <span class='ocrx_word' id='word_1_73' title='bbox 1109 1243 1269 1315; x_wconf 93' lang='lat' dir='ltr'>quod</span> <span class='ocrx_word' id='word_1_74' title='bbox 1301 1247 1610 1315; x_wconf 86' lang='lat' dir='ltr'>sequentes</span> <span class='ocrx_word' id='word_1_75' title='bbox 1644 1257 1726 1308; x_wconf 91' lang='lat' dir='ltr'>se,</span> <span class='ocrx_word' id='word_1_76' title='bbox 1759 1241 2031 1299; x_wconf 84' lang='lat' dir='ltr'>redderet</span> 
     </span>
    </p>
   </div>
   <div class='ocr_carea' id='block_1_12' title="bbox 378 1332 1069 1403">
    <p class='ocr_par' dir='ltr' id='par_1_12' title="bbox 378 1332 1069 1403">
     <span class='ocr_line' id='line_1_12' title="bbox 378 1332 1069 1403; baseline 0 -15"><span class='ocrx_word' id='word_1_77' title='bbox 378 1332 695 1388; x_wconf 91' lang='lat' dir='ltr'>hominum</span> <span class='ocrx_word' id='word_1_78' title='bbox 727 1332 1069 1403; x_wconf 89' lang='lat' dir='ltr'>piscatores.</span> 
     </span>
    </p>
   </div>
   <div class='ocr_carea' id='block_1_13' title="bbox 450 1419 2029 1492">
    <p class='ocr_par' dir='ltr' id='par_1_13' title="bbox 450 1419 2029 1492">
     <span class='ocr_line' id='line_1_13' title="bbox 450 1419 2029 1492; baseline 0 -18"><span class='ocrx_word' id='word_1_79' title='bbox 450 1422 609 1476; x_wconf 88' lang='lat' dir='ltr'>Vers.</span> <span class='ocrx_word' id='word_1_80' title='bbox 668 1424 755 1475; x_wconf 75' lang='lat'>23.</span> <span class='ocrx_word' id='word_1_81' title='bbox 785 1421 861 1474; x_wconf 81' lang='lat' dir='ltr'>Et</span> <span class='ocrx_word' id='word_1_82' title='bbox 886 1451 954 1462; x_wconf 90' lang='lat'>--</span> <span class='ocrx_word' id='word_1_83' title='bbox 983 1421 1284 1492; x_wconf 79' lang='lat' dir='ltr'>synagogis</span> <span class='ocrx_word' id='word_1_84' title='bbox 1317 1435 1538 1476; x_wconf 78' lang='lat' dir='ltr'>eorum.</span> <span class='ocrx_word' id='word_1_85' title='bbox 1592 1420 1656 1476; x_wconf 91' lang='lat' dir='ltr'>In</span> <span class='ocrx_word' id='word_1_86' title='bbox 1713 1419 2029 1492; x_wconf 82' lang='lat' dir='ltr'>synagogis</span> 
     </span>
    </p>
   </div>
   <div class='ocr_carea' id='block_1_14' title="bbox 377 1509 2025 1582">
    <p class='ocr_par' dir='ltr' id='par_1_14' title="bbox 377 1509 2025 1582">
     <span class='ocr_line' id='line_1_14' title="bbox 377 1509 2025 1582; baseline -0.001 -17"><span class='ocrx_word' id='word_1_87' title='bbox 377 1526 586 1566; x_wconf 92' lang='lat' dir='ltr'>eorum</span> <span class='ocrx_word' id='word_1_88' title='bbox 613 1509 868 1565; x_wconf 88' lang='lat' dir='ltr'>docebat</span> <span class='ocrx_word' id='word_1_89' title='bbox 901 1527 912 1564; x_wconf 90' lang='lat'>:</span> <span class='ocrx_word' id='word_1_90' title='bbox 940 1511 1154 1581; x_wconf 88' lang='lat' dir='ltr'>partim</span> <span class='ocrx_word' id='word_1_91' title='bbox 1184 1510 1426 1582; x_wconf 91' lang='lat' dir='ltr'>quidem</span> <span class='ocrx_word' id='word_1_92' title='bbox 1457 1515 1516 1564; x_wconf 89' lang='lat' dir='ltr'>ut</span> <span class='ocrx_word' id='word_1_93' title='bbox 1545 1509 1744 1581; x_wconf 88' lang='lat' dir='ltr'>plures</span> <span class='ocrx_word' id='word_1_94' title='bbox 1777 1509 2025 1564; x_wconf 87' lang='lat' dir='ltr'>attrahe-</span> 
     </span>
    </p>
   </div>
   <div class='ocr_carea' id='block_1_15' title="bbox 376 1597 2027 1670">
    <p class='ocr_par' dir='ltr' id='par_1_15' title="bbox 376 1597 2027 1670">
     <span class='ocr_line' id='line_1_15' title="bbox 376 1597 2027 1670; baseline -0.001 -16"><span class='ocrx_word' id='word_1_95' title='bbox 376 1602 478 1663; x_wconf 88' lang='lat' dir='ltr'>ret,</span> <span class='ocrx_word' id='word_1_96' title='bbox 503 1601 718 1669; x_wconf 88' lang='lat' dir='ltr'>partim</span> <span class='ocrx_word' id='word_1_97' title='bbox 746 1614 882 1653; x_wconf 89' lang='lat' dir='ltr'>vero</span> <span class='ocrx_word' id='word_1_98' title='bbox 903 1613 978 1653; x_wconf 91' lang='lat' dir='ltr'>ne</span> <span class='ocrx_word' id='word_1_99' title='bbox 999 1599 1139 1670; x_wconf 92' lang='lat' dir='ltr'>quis</span> <span class='ocrx_word' id='word_1_100' title='bbox 1184 1598 1378 1654; x_wconf 90' lang='lat' dir='ltr'>dicere</span> <span class='ocrx_word' id='word_1_101' title='bbox 1409 1602 1624 1670; x_wconf 89' lang='lat' dir='ltr'>posset,</span> <span class='ocrx_word' id='word_1_102' title='bbox 1659 1599 1819 1670; x_wconf 92' lang='lat' dir='ltr'>quod</span> <span class='ocrx_word' id='word_1_103' title='bbox 1849 1597 2027 1653; x_wconf 89' lang='lat' dir='ltr'>rudes</span> 
     </span>
    </p>
   </div>
   <div class='ocr_carea' id='block_1_16' title="bbox 377 1686 2022 1759">
    <p class='ocr_par' dir='ltr' id='par_1_16' title="bbox 377 1686 2022 1759">
     <span class='ocr_line' id='line_1_16' title="bbox 377 1686 2022 1759; baseline -0.001 -15"><span class='ocrx_word' id='word_1_104' title='bbox 377 1688 649 1744; x_wconf 88' lang='lat' dir='ltr'>clanculo</span> <span class='ocrx_word' id='word_1_105' title='bbox 676 1687 895 1743; x_wconf 90' lang='lat' dir='ltr'>docens</span> <span class='ocrx_word' id='word_1_106' title='bbox 915 1687 1219 1758; x_wconf 87' lang='lat' dir='ltr'>deciperet,</span> <span class='ocrx_word' id='word_1_107' title='bbox 1241 1687 1436 1759; x_wconf 88' lang='lat' dir='ltr'>palam</span> <span class='ocrx_word' id='word_1_108' title='bbox 1457 1702 1574 1742; x_wconf 91' lang='lat' dir='ltr'>non</span> <span class='ocrx_word' id='word_1_109' title='bbox 1591 1703 1774 1743; x_wconf 90' lang='lat' dir='ltr'>ausus</span> <span class='ocrx_word' id='word_1_110' title='bbox 1788 1686 2022 1743; x_wconf 89' lang='lat' dir='ltr'>docere.</span> 
     </span>
    </p>
   </div>
   <div class='ocr_carea' id='block_1_17' title="bbox 447 1777 2104 1863">
    <p class='ocr_par' dir='ltr' id='par_1_17' title="bbox 447 1777 2104 1863">
     <span class='ocr_line' id='line_1_17' title="bbox 447 1777 2104 1863; baseline -0.001 -30"><span class='ocrx_word' id='word_1_111' title='bbox 447 1777 608 1833; x_wconf 89' lang='lat' dir='ltr'>Vers.</span> <span class='ocrx_word' id='word_1_112' title='bbox 655 1781 740 1846; x_wconf 80' lang='lat'>23.</span> <span class='ocrx_word' id='word_1_113' title='bbox 780 1778 851 1831; x_wconf 82' lang='lat' dir='ltr'>Et</span> <span class='ocrx_word' id='word_1_114' title='bbox 900 1777 1214 1846; x_wconf 72' lang='lat' dir='ltr'>prmdicans</span> <span class='ocrx_word' id='word_1_115' title='bbox 1263 1807 1324 1815; x_wconf 92' lang='lat'>—</span> <span class='ocrx_word' id='word_1_116' title='bbox 1370 1778 1554 1847; x_wconf 84' lang='lat' dir='ltr'>regni.</span> <span class='ocrx_word' id='word_1_117' title='bbox 1608 1779 1835 1832; x_wconf 84' lang='lat' dir='ltr'>Marcus</span> <span class='ocrx_word' id='word_1_118' title='bbox 1890 1792 2025 1832; x_wconf 89' lang='lat' dir='ltr'>vero</span> <span class='ocrx_word' id='word_1_119' title='bbox 2060 1807 2104 1863; x_wconf 77' lang='grc' dir='ltr'>Β</span> 
     </span>
    </p>
   </div>
   <div class='ocr_carea' id='block_1_18' title="bbox 377 1864 2025 1938">
    <p class='ocr_par' dir='ltr' id='par_1_18' title="bbox 377 1864 2025 1938">
     <span class='ocr_line' id='line_1_18' title="bbox 377 1864 2025 1938; baseline -0.001 -16"><span class='ocrx_word' id='word_1_120' title='bbox 377 1867 611 1938; x_wconf 89' lang='lat' dir='ltr'>scripsit</span> <span class='ocrx_word' id='word_1_121' title='bbox 644 1865 859 1936; x_wconf 87' lang='lat' dir='ltr'>:Regni</span> <span class='ocrx_word' id='word_1_122' title='bbox 881 1865 1070 1920; x_wconf 71' lang='lat' dir='ltr'>Dei&quot;.</span> <span class='ocrx_word' id='word_1_123' title='bbox 1101 1865 1196 1920; x_wconf 87' lang='lat' dir='ltr'>Est</span> <span class='ocrx_word' id='word_1_124' title='bbox 1221 1869 1420 1920; x_wconf 88' lang='lat' dir='ltr'>autem</span> <span class='ocrx_word' id='word_1_125' title='bbox 1451 1864 1829 1934; x_wconf 85' lang='lat' dir='ltr'>Evangelium</span> <span class='ocrx_word' id='word_1_126' title='bbox 1857 1866 2025 1934; x_wconf 80' lang='lat' dir='ltr'>regni</span> 
     </span>
    </p>
   </div>
   <div class='ocr_carea' id='block_1_19' title="bbox 375 1954 2026 2024">
    <p class='ocr_par' dir='ltr' id='par_1_19' title="bbox 375 1954 2026 2024">
     <span class='ocr_line' id='line_1_19' title="bbox 375 1954 2026 2024; baseline 0.001 -15"><span class='ocrx_word' id='word_1_127' title='bbox 375 1956 497 2021; x_wconf 89' lang='lat' dir='ltr'>Dei,</span> <span class='ocrx_word' id='word_1_128' title='bbox 532 1958 758 2009; x_wconf 88' lang='lat' dir='ltr'>Novum</span> <span class='ocrx_word' id='word_1_129' title='bbox 812 1957 1274 2019; x_wconf 87' lang='lat' dir='ltr'>Testamentum,</span> <span class='ocrx_word' id='word_1_130' title='bbox 1329 1958 1526 2024; x_wconf 89' lang='lat' dir='ltr'>utpote</span> <span class='ocrx_word' id='word_1_131' title='bbox 1575 1954 1648 2009; x_wconf 92' lang='lat' dir='ltr'>de</span> <span class='ocrx_word' id='word_1_132' title='bbox 1696 1970 1880 2024; x_wconf 91' lang='lat' dir='ltr'>regno</span> <span class='ocrx_word' id='word_1_133' title='bbox 1925 1955 2026 2011; x_wconf 91' lang='lat' dir='ltr'>Dei</span> 
     </span>
    </p>
   </div>
   <div class='ocr_carea' id='block_1_20' title="bbox 375 2041 2025 2115">
    <p class='ocr_par' dir='ltr' id='par_1_20' title="bbox 375 2041 2025 2115">
     <span class='ocr_line' id='line_1_20' title="bbox 375 2041 2025 2115; baseline 0 -16"><span class='ocrx_word' id='word_1_134' title='bbox 375 2044 714 2114; x_wconf 89' lang='lat' dir='ltr'>disputans,</span> <span class='ocrx_word' id='word_1_135' title='bbox 747 2047 849 2098; x_wconf 91' lang='lat' dir='ltr'>aut</span> <span class='ocrx_word' id='word_1_136' title='bbox 869 2041 947 2098; x_wconf 90' lang='lat' dir='ltr'>ad</span> <span class='ocrx_word' id='word_1_137' title='bbox 977 2057 1226 2113; x_wconf 84' lang='lat' dir='ltr'>regnum</span> <span class='ocrx_word' id='word_1_138' title='bbox 1268 2042 1388 2107; x_wconf 90' lang='lat' dir='ltr'>Dei,</span> <span class='ocrx_word' id='word_1_139' title='bbox 1420 2043 1534 2115; x_wconf 92' lang='lat' dir='ltr'>ipsi</span> <span class='ocrx_word' id='word_1_140' title='bbox 1563 2042 1909 2099; x_wconf 87' lang='lat' dir='ltr'>obedientes</span> <span class='ocrx_word' id='word_1_141' title='bbox 1940 2045 2025 2099; x_wconf 88' lang='lat' dir='ltr'>in-</span> 
     </span>
    </p>
   </div>
   <div class='ocr_carea' id='block_1_21' title="bbox 373 2131 617 2187">
    <p class='ocr_par' dir='ltr' id='par_1_21' title="bbox 373 2131 617 2187">
     <span class='ocr_line' id='line_1_21' title="bbox 373 2131 617 2187; baseline -0.008 0"><span class='ocrx_word' id='word_1_142' title='bbox 373 2131 617 2187; x_wconf 85' lang='lat' dir='ltr'>ducens.</span> 
     </span>
    </p>
   </div>
   <div class='ocr_carea' id='block_1_22' title="bbox 445 2307 2022 2382">
    <p class='ocr_par' dir='ltr' id='par_1_22' title="bbox 445 2307 2022 2382">
     <span class='ocr_line' id='line_1_22' title="bbox 445 2307 2022 2382; baseline 0.002 -20"><span class='ocrx_word' id='word_1_143' title='bbox 445 2310 609 2364; x_wconf 87' lang='lat' dir='ltr'>Vers.</span> <span class='ocrx_word' id='word_1_144' title='bbox 644 2307 731 2363; x_wconf 87' lang='lat'>23.</span> <span class='ocrx_word' id='word_1_145' title='bbox 764 2307 840 2361; x_wconf 83' lang='lat' dir='ltr'>Et</span> <span class='ocrx_word' id='word_1_146' title='bbox 871 2338 936 2347; x_wconf 95' lang='lat'>—</span> <span class='ocrx_word' id='word_1_147' title='bbox 967 2309 1203 2377; x_wconf 80' lang='lat' dir='ltr'>populo.</span> <span class='ocrx_word' id='word_1_148' title='bbox 1260 2311 1432 2370; x_wconf 86' lang='grc' dir='ltr'>Νόσος</span> <span class='ocrx_word' id='word_1_149' title='bbox 1459 2309 1703 2381; x_wconf 91' lang='lat' dir='ltr'>quidem</span> <span class='ocrx_word' id='word_1_150' title='bbox 1739 2309 1870 2381; x_wconf 88' lang='lat' dir='ltr'>(pro</span> <span class='ocrx_word' id='word_1_151' title='bbox 1900 2323 2022 2382; x_wconf 89' lang='lat' dir='ltr'>quo</span> 
     </span>
    </p>
   </div>
   <div class='ocr_carea' id='block_1_23' title="bbox 373 2396 2021 2470">
    <p class='ocr_par' dir='ltr' id='par_1_23' title="bbox 373 2396 2021 2470">
     <span class='ocr_line' id='line_1_23' title="bbox 373 2396 2021 2470; baseline 0 -16"><span class='ocrx_word' id='word_1_152' title='bbox 373 2413 483 2454; x_wconf 91' lang='lat' dir='ltr'>nos</span> <span class='ocrx_word' id='word_1_153' title='bbox 508 2397 775 2454; x_wconf 84' lang='lat' dir='ltr'>morbum</span> <span class='ocrx_word' id='word_1_154' title='bbox 813 2396 1120 2468; x_wconf 88' lang='lat' dir='ltr'>vertimus)</span> <span class='ocrx_word' id='word_1_155' title='bbox 1151 2401 1240 2452; x_wconf 91' lang='lat' dir='ltr'>est</span> <span class='ocrx_word' id='word_1_156' title='bbox 1268 2397 1498 2454; x_wconf 89' lang='lat' dir='ltr'>diutina</span> <span class='ocrx_word' id='word_1_157' title='bbox 1522 2399 1823 2470; x_wconf 89' lang='lat' dir='ltr'>perversio</span> <span class='ocrx_word' id='word_1_158' title='bbox 1853 2399 2021 2454; x_wconf 88' lang='lat' dir='ltr'>habi-</span> 
     </span>
    </p>
   </div>
   <div class='ocr_carea' id='block_1_24' title="bbox 372 2485 2022 2559">
    <p class='ocr_par' dir='ltr' id='par_1_24' title="bbox 372 2485 2022 2559">
     <span class='ocr_line' id='line_1_24' title="bbox 372 2485 2022 2559; baseline 0.001 -16"><span class='ocrx_word' id='word_1_159' title='bbox 372 2487 594 2544; x_wconf 90' lang='lat' dir='ltr'>tudinis</span> <span class='ocrx_word' id='word_1_160' title='bbox 647 2485 964 2557; x_wconf 89' lang='lat' dir='ltr'>corporis:</span> <span class='ocrx_word' id='word_1_161' title='bbox 1013 2487 1261 2539; x_wconf 85' lang='grc' dir='ltr'>Μαλακία</span> <span class='ocrx_word' id='word_1_162' title='bbox 1317 2503 1457 2543; x_wconf 90' lang='lat' dir='ltr'>vero</span> <span class='ocrx_word' id='word_1_163' title='bbox 1509 2489 1717 2559; x_wconf 90' lang='lat' dir='ltr'>(quam</span> <span class='ocrx_word' id='word_1_164' title='bbox 1760 2488 2022 2544; x_wconf 85' lang='lat' dir='ltr'>diximus</span> 
     </span>
    </p>
   </div>
   <div class='ocr_carea' id='block_1_25' title="bbox 369 2574 2014 2649">
    <p class='ocr_par' dir='ltr' id='par_1_25' title="bbox 369 2574 2014 2649">
     <span class='ocr_line' id='line_1_25' title="bbox 369 2574 2014 2649; baseline 0 -17"><span class='ocrx_word' id='word_1_165' title='bbox 369 2576 747 2647; x_wconf 85' lang='lat' dir='ltr'>languorem)</span> <span class='ocrx_word' id='word_1_166' title='bbox 800 2574 1164 2646; x_wconf 90' lang='lat' dir='ltr'>principium</span> <span class='ocrx_word' id='word_1_167' title='bbox 1223 2581 1314 2633; x_wconf 92' lang='lat' dir='ltr'>est</span> <span class='ocrx_word' id='word_1_168' title='bbox 1362 2577 1676 2632; x_wconf 83' lang='lat' dir='ltr'>laxationis</span> <span class='ocrx_word' id='word_1_169' title='bbox 1729 2577 2014 2649; x_wconf 88' lang='lat' dir='ltr'>corporis,</span> 
     </span>
    </p>
   </div>
   <div class='ocr_carea' id='block_1_26' title="bbox 371 2664 2021 2738">
    <p class='ocr_par' dir='ltr' id='par_1_26' title="bbox 371 2664 2021 2738">
     <span class='ocr_line' id='line_1_26' title="bbox 371 2664 2021 2738; baseline 0.002 -17"><span class='ocrx_word' id='word_1_170' title='bbox 371 2664 566 2721; x_wconf 90' lang='lat' dir='ltr'>morbi</span> <span class='ocrx_word' id='word_1_171' title='bbox 597 2665 954 2735; x_wconf 66' lang='lat' dir='ltr'>praenuntia.</span> <span class='ocrx_word' id='word_1_172' title='bbox 988 2667 1054 2720; x_wconf 88' lang='lat' dir='ltr'>Et</span> <span class='ocrx_word' id='word_1_173' title='bbox 1104 2665 1165 2720; x_wconf 91' lang='lat' dir='ltr'>in</span> <span class='ocrx_word' id='word_1_174' title='bbox 1217 2682 1464 2738; x_wconf 92' lang='lat' dir='ltr'>corpore</span> <span class='ocrx_word' id='word_1_175' title='bbox 1511 2681 1654 2722; x_wconf 86' lang='lat' dir='ltr'>sane</span> <span class='ocrx_word' id='word_1_176' title='bbox 1707 2665 1787 2722; x_wconf 88' lang='lat' dir='ltr'>ita</span> <span class='ocrx_word' id='word_1_177' title='bbox 1818 2670 1928 2724; x_wconf 90' lang='lat' dir='ltr'>est.</span> <span class='ocrx_word' id='word_1_178' title='bbox 1955 2668 2021 2724; x_wconf 91' lang='lat' dir='ltr'>In</span> 
     </span>
    </p>
   </div>
   <div class='ocr_carea' id='block_1_27' title="bbox 372 2753 2015 2826">
    <p class='ocr_par' dir='ltr' id='par_1_27' title="bbox 372 2753 2015 2826">
     <span class='ocr_line' id='line_1_27' title="bbox 372 2753 2015 2826; baseline -0.001 -16"><span class='ocrx_word' id='word_1_179' title='bbox 372 2756 576 2811; x_wconf 90' lang='lat' dir='ltr'>anima</span> <span class='ocrx_word' id='word_1_180' title='bbox 598 2759 797 2809; x_wconf 90' lang='lat' dir='ltr'>autem</span> <span class='ocrx_word' id='word_1_181' title='bbox 825 2753 1074 2809; x_wconf 90' lang='lat' dir='ltr'>morbus</span> <span class='ocrx_word' id='word_1_182' title='bbox 1100 2755 1340 2825; x_wconf 89' lang='lat' dir='ltr'>quidem</span> <span class='ocrx_word' id='word_1_183' title='bbox 1391 2759 1477 2811; x_wconf 90' lang='lat' dir='ltr'>est</span> <span class='ocrx_word' id='word_1_184' title='bbox 1529 2756 1755 2826; x_wconf 89' lang='lat' dir='ltr'>peccati</span> <span class='ocrx_word' id='word_1_185' title='bbox 1807 2760 1972 2812; x_wconf 87' lang='lat' dir='ltr'>actus</span> <span class='ocrx_word' id='word_1_186' title='bbox 2001 2774 2015 2808; x_wconf 87' lang='lat'><strong>:</strong></span> 
     </span>
    </p>
   </div>
   <div class='ocr_carea' id='block_1_28' title="bbox 366 2843 2020 2914">
    <p class='ocr_par' dir='ltr' id='par_1_28' title="bbox 366 2843 2020 2914">
     <span class='ocr_line' id='line_1_28' title="bbox 366 2843 2020 2914; baseline 0.001 -14"><span class='ocrx_word' id='word_1_187' title='bbox 366 2843 623 2914; x_wconf 86' lang='lat' dir='ltr'>languor</span> <span class='ocrx_word' id='word_1_188' title='bbox 649 2858 785 2898; x_wconf 89' lang='lat' dir='ltr'>vero</span> <span class='ocrx_word' id='word_1_189' title='bbox 816 2843 1084 2898; x_wconf 88' lang='lat' dir='ltr'>inductio</span> <span class='ocrx_word' id='word_1_190' title='bbox 1133 2844 1502 2914; x_wconf 84' lang='lat' dir='ltr'>cogitationis</span> <span class='ocrx_word' id='word_1_191' title='bbox 1534 2844 1612 2902; x_wconf 88' lang='lat' dir='ltr'>ad</span> <span class='ocrx_word' id='word_1_192' title='bbox 1669 2848 1836 2900; x_wconf 87' lang='lat' dir='ltr'>actus</span> <span class='ocrx_word' id='word_1_193' title='bbox 1883 2860 2020 2902; x_wconf 91' lang='lat' dir='ltr'>con-</span> 
     </span>
    </p>
   </div>
   <div class='ocr_carea' id='block_1_29' title="bbox 367 2949 623 2989">
    <p class='ocr_par' dir='ltr' id='par_1_29' title="bbox 367 2949 623 2989">
     <span class='ocr_line' id='line_1_29' title="bbox 367 2949 623 2989; baseline -0.012 0"><span class='ocrx_word' id='word_1_194' title='bbox 367 2949 623 2989; x_wconf 85' lang='lat' dir='ltr'>sensum.</span> 
     </span>
    </p>
   </div>
   <div class='ocr_carea' id='block_1_30' title="bbox 439 3021 2014 3094">
    <p class='ocr_par' dir='ltr' id='par_1_30' title="bbox 439 3021 2014 3094">
     <span class='ocr_line' id='line_1_30' title="bbox 439 3021 2014 3094; baseline 0.001 -17"><span class='ocrx_word' id='word_1_195' title='bbox 439 3025 597 3078; x_wconf 91' lang='lat' dir='ltr'>Vers.</span> <span class='ocrx_word' id='word_1_196' title='bbox 621 3024 710 3076; x_wconf 84' lang='grc'>24.</span> <span class='ocrx_word' id='word_1_197' title='bbox 732 3021 1050 3091; x_wconf 85' lang='lat' dir='ltr'>Divulgata</span> <span class='ocrx_word' id='word_1_198' title='bbox 1073 3054 1140 3062; x_wconf 93' lang='lat'><strong>—</strong></span> <span class='ocrx_word' id='word_1_199' title='bbox 1153 3024 1409 3094; x_wconf 81' lang='lat' dir='ltr'>Syriam.</span> <span class='ocrx_word' id='word_1_200' title='bbox 1431 3026 1658 3079; x_wconf 82' lang='lat' dir='ltr'>Marcus</span> <span class='ocrx_word' id='word_1_201' title='bbox 1668 3038 1810 3079; x_wconf 92' lang='lat' dir='ltr'>vero</span> <span class='ocrx_word' id='word_1_202' title='bbox 1825 3022 1974 3078; x_wconf 84' lang='lat' dir='ltr'>dixit</span> <span class='ocrx_word' id='word_1_203' title='bbox 2001 3040 2014 3078; x_wconf 91' lang='lat'><strong>:</strong></span> 
     </span>
    </p>
   </div>
   <div class='ocr_carea' id='block_1_31' title="bbox 366 3111 2018 3184">
    <p class='ocr_par' dir='ltr' id='par_1_31' title="bbox 366 3111 2018 3184">
     <span class='ocr_line' id='line_1_31' title="bbox 366 3111 2018 3184; baseline 0.001 -17"><span class='ocrx_word' id='word_1_204' title='bbox 366 3111 574 3167; x_wconf 74' lang='lat' dir='ltr'>Exivit</span> <span class='ocrx_word' id='word_1_205' title='bbox 592 3117 782 3167; x_wconf 79' lang='lat' dir='ltr'>autem</span> <span class='ocrx_word' id='word_1_206' title='bbox 797 3126 1002 3166; x_wconf 85' lang='lat' dir='ltr'>rumor</span> <span class='ocrx_word' id='word_1_207' title='bbox 1015 3112 1088 3167; x_wconf 87' lang='lat' dir='ltr'>de</span> <span class='ocrx_word' id='word_1_208' title='bbox 1107 3126 1170 3168; x_wconf 89' lang='lat' dir='ltr'>eo</span> <span class='ocrx_word' id='word_1_209' title='bbox 1185 3114 1242 3167; x_wconf 88' lang='lat' dir='ltr'>in</span> <span class='ocrx_word' id='word_1_210' title='bbox 1263 3119 1443 3170; x_wconf 75' lang='lat' dir='ltr'>totam</span> <span class='ocrx_word' id='word_1_211' title='bbox 1467 3112 2018 3184; x_wconf 83' lang='lat' dir='ltr'>undiqueregionem</span> 
     </span>
    </p>
   </div>
   <div class='ocr_carea' id='block_1_32' title="bbox 369 3200 2018 3272">
    <p class='ocr_par' dir='ltr' id='par_1_32' title="bbox 369 3200 2018 3272">
     <span class='ocr_line' id='line_1_32' title="bbox 369 3200 2018 3272; baseline 0.001 -17"><span class='ocrx_word' id='word_1_212' title='bbox 369 3201 637 3258; x_wconf 64' lang='lat' dir='ltr'>Galilaea?</span> <span class='ocrx_word' id='word_1_213' title='bbox 655 3200 971 3268; x_wconf 80' lang='lat' dir='ltr'>ﬁnitimam</span> <span class='ocrx_word' id='word_1_214' title='bbox 995 3203 1062 3254; x_wconf 69' lang='grc' dir='ltr'>τε.</span> <span class='ocrx_word' id='word_1_215' title='bbox 1083 3201 1271 3257; x_wconf 91' lang='lat' dir='ltr'>Lucas</span> <span class='ocrx_word' id='word_1_216' title='bbox 1296 3217 1438 3258; x_wconf 91' lang='lat' dir='ltr'>vero</span> <span class='ocrx_word' id='word_1_217' title='bbox 1468 3218 1479 3256; x_wconf 89' lang='lat'>:</span> <span class='ocrx_word' id='word_1_218' title='bbox 1512 3203 1589 3256; x_wconf 85' lang='lat' dir='ltr'>Et</span> <span class='ocrx_word' id='word_1_219' title='bbox 1611 3201 2018 3272; x_wconf 73' lang='lat' dir='ltr'>egrediebatur</span> 
     </span>
    </p>
   </div>
   <div class='ocr_carea' id='block_1_33' title="bbox 363 3290 2014 3362">
    <p class='ocr_par' dir='ltr' id='par_1_33' title="bbox 363 3290 2014 3362">
     <span class='ocr_line' id='line_1_33' title="bbox 363 3290 2014 3362; baseline 0.002 -18"><span class='ocrx_word' id='word_1_220' title='bbox 363 3305 540 3346; x_wconf 78' lang='lat' dir='ltr'>sonus</span> <span class='ocrx_word' id='word_1_221' title='bbox 568 3290 640 3346; x_wconf 86' lang='lat' dir='ltr'>de</span> <span class='ocrx_word' id='word_1_222' title='bbox 663 3305 726 3346; x_wconf 91' lang='lat' dir='ltr'>eo</span> <span class='ocrx_word' id='word_1_223' title='bbox 773 3291 837 3345; x_wconf 71' lang='lat' dir='ltr'>in</span> <span class='ocrx_word' id='word_1_224' title='bbox 868 3305 1094 3346; x_wconf 83' lang='lat' dir='ltr'>omnem</span> <span class='ocrx_word' id='word_1_225' title='bbox 1124 3291 1306 3346; x_wconf 86' lang='lat' dir='ltr'>locum</span> <span class='ocrx_word' id='word_1_226' title='bbox 1347 3291 1609 3360; x_wconf 77' lang='lat' dir='ltr'>ﬁnitimw</span> <span class='ocrx_word' id='word_1_227' title='bbox 1653 3291 1900 3362; x_wconf 76' lang='lat' dir='ltr'>regionis</span> <span class='ocrx_word' id='word_1_228' title='bbox 1947 3292 2014 3348; x_wconf 83' lang='grc' dir='ltr'>⁸ο.</span> 
     </span>
    </p>
   </div>
   <div class='ocr_carea' id='block_1_34' title="bbox 364 3380 2015 3452">
    <p class='ocr_par' dir='ltr' id='par_1_34' title="bbox 364 3380 2015 3452">
     <span class='ocr_line' id='line_1_34' title="bbox 364 3380 2015 3452; baseline 0.001 -18"><span class='ocrx_word' id='word_1_229' title='bbox 364 3382 586 3435; x_wconf 85' lang='lat' dir='ltr'>Rumor</span> <span class='ocrx_word' id='word_1_230' title='bbox 616 3384 816 3435; x_wconf 88' lang='lat' dir='ltr'>autem</span> <span class='ocrx_word' id='word_1_231' title='bbox 865 3383 920 3435; x_wconf 92' lang='lat' dir='ltr'>et</span> <span class='ocrx_word' id='word_1_232' title='bbox 969 3396 1153 3436; x_wconf 86' lang='lat' dir='ltr'>sonus</span> <span class='ocrx_word' id='word_1_233' title='bbox 1202 3381 1540 3452; x_wconf 88' lang='lat' dir='ltr'>signiﬁcant</span> <span class='ocrx_word' id='word_1_234' title='bbox 1585 3380 1810 3437; x_wconf 86' lang='lat' dir='ltr'>famam</span> <span class='ocrx_word' id='word_1_235' title='bbox 1866 3381 2015 3450; x_wconf 90' lang='lat' dir='ltr'>ejus.</span> 
     </span>
    </p>
   </div>
   <div class='ocr_carea' id='block_1_35' title="bbox 365 3468 2019 3541">
    <p class='ocr_par' dir='ltr' id='par_1_35' title="bbox 365 3468 2019 3541">
     <span class='ocr_line' id='line_1_35' title="bbox 365 3468 2019 3541; baseline 0.001 -19"><span class='ocrx_word' id='word_1_236' title='bbox 365 3469 649 3523; x_wconf 66' lang='lat' dir='ltr'>Praeterea</span> <span class='ocrx_word' id='word_1_237' title='bbox 679 3483 852 3540; x_wconf 90' lang='lat' dir='ltr'>quam</span> <span class='ocrx_word' id='word_1_238' title='bbox 893 3468 1039 3523; x_wconf 83' lang='lat' dir='ltr'>dixit</span> <span class='ocrx_word' id='word_1_239' title='bbox 1076 3469 1379 3525; x_wconf 71' lang='lat' dir='ltr'>Matthaeus</span> <span class='ocrx_word' id='word_1_240' title='bbox 1420 3468 1675 3541; x_wconf 89' lang='lat' dir='ltr'>Syriam,</span> <span class='ocrx_word' id='word_1_241' title='bbox 1703 3468 1859 3524; x_wconf 90' lang='lat' dir='ltr'>hanc</span> <span class='ocrx_word' id='word_1_242' title='bbox 1912 3484 2019 3524; x_wconf 65' lang='lat' dir='ltr'>cre—</span> 
     </span>
    </p>
   </div>
   <div class='ocr_carea' id='block_1_36' title="bbox 362 3554 2014 3627">
    <p class='ocr_par' dir='ltr' id='par_1_36' title="bbox 362 3554 2014 3627">
     <span class='ocr_line' id='line_1_36' title="bbox 362 3554 2014 3627; baseline -0.001 -15"><span class='ocrx_word' id='word_1_243' title='bbox 362 3557 467 3613; x_wconf 87' lang='lat' dir='ltr'>teri</span> <span class='ocrx_word' id='word_1_244' title='bbox 519 3556 765 3612; x_wconf 64' lang='lat' dir='ltr'>Galilmas</span> <span class='ocrx_word' id='word_1_245' title='bbox 811 3554 1128 3612; x_wconf 90' lang='lat' dir='ltr'>ﬁnitimam</span> <span class='ocrx_word' id='word_1_246' title='bbox 1183 3557 1488 3626; x_wconf 90' lang='lat' dir='ltr'>regionem</span> <span class='ocrx_word' id='word_1_247' title='bbox 1551 3556 2014 3627; x_wconf 90' lang='lat' dir='ltr'>appellaverunt.</span> 
     </span>
    </p>
   </div>
   <div class='ocr_carea' id='block_1_37' title="bbox 359 3645 2020 3718">
    <p class='ocr_par' dir='ltr' id='par_1_37' title="bbox 359 3645 2020 3718">
     <span class='ocr_line' id='line_1_37' title="bbox 359 3645 2020 3718; baseline 0.003 -22"><span class='ocrx_word' id='word_1_248' title='bbox 359 3645 692 3701; x_wconf 89' lang='lat' dir='ltr'>Dimanavit</span> <span class='ocrx_word' id='word_1_249' title='bbox 722 3648 922 3700; x_wconf 88' lang='lat' dir='ltr'>autem</span> <span class='ocrx_word' id='word_1_250' title='bbox 953 3646 1028 3700; x_wconf 91' lang='lat' dir='ltr'>de</span> <span class='ocrx_word' id='word_1_251' title='bbox 1055 3660 1124 3700; x_wconf 94' lang='lat' dir='ltr'>eo</span> <span class='ocrx_word' id='word_1_252' title='bbox 1156 3645 1336 3708; x_wconf 87' lang='lat' dir='ltr'>fama,</span> <span class='ocrx_word' id='word_1_253' title='bbox 1370 3646 1530 3718; x_wconf 92' lang='lat' dir='ltr'>quod</span> <span class='ocrx_word' id='word_1_254' title='bbox 1596 3645 1735 3702; x_wconf 89' lang='lat' dir='ltr'>talia</span> <span class='ocrx_word' id='word_1_255' title='bbox 1782 3645 2020 3704; x_wconf 81' lang='lat' dir='ltr'>doceret</span> 
     </span>
    </p>
   </div>
   <div class='ocr_carea' id='block_1_38' title="bbox 361 3732 2016 3806">
    <p class='ocr_par' dir='ltr' id='par_1_38' title="bbox 361 3732 2016 3806">
     <span class='ocr_line' id='line_1_38' title="bbox 361 3732 2016 3806; baseline 0.003 -19"><span class='ocrx_word' id='word_1_256' title='bbox 361 3732 562 3806; x_wconf 87' lang='lat' dir='ltr'>qualia</span> <span class='ocrx_word' id='word_1_257' title='bbox 610 3747 922 3803; x_wconf 88' lang='lat' dir='ltr'>nunquam</span> <span class='ocrx_word' id='word_1_258' title='bbox 955 3732 1343 3798; x_wconf 84' lang='lat' dir='ltr'>audivissent,</span> <span class='ocrx_word' id='word_1_259' title='bbox 1396 3739 1451 3789; x_wconf 91' lang='lat' dir='ltr'>et</span> <span class='ocrx_word' id='word_1_260' title='bbox 1498 3734 1662 3805; x_wconf 90' lang='lat' dir='ltr'>quod</span> <span class='ocrx_word' id='word_1_261' title='bbox 1711 3750 2016 3792; x_wconf 89' lang='lat' dir='ltr'>sermones</span> 
     </span>
    </p>
   </div>
   <div class='ocr_carea' id='block_1_39' title="bbox 359 3819 2014 3895">
    <p class='ocr_par' dir='ltr' id='par_1_39' title="bbox 359 3819 2014 3895">
     <span class='ocr_line' id='line_1_39' title="bbox 359 3819 2014 3895; baseline 0.002 -18"><span class='ocrx_word' id='word_1_262' title='bbox 359 3819 663 3877; x_wconf 89' lang='lat' dir='ltr'>miraculis</span> <span class='ocrx_word' id='word_1_263' title='bbox 715 3819 1117 3886; x_wconf 88' lang='lat' dir='ltr'>conﬁrmaret,</span> <span class='ocrx_word' id='word_1_264' title='bbox 1169 3823 1453 3895; x_wconf 90' lang='lat' dir='ltr'>quodque</span> <span class='ocrx_word' id='word_1_265' title='bbox 1487 3839 1621 3879; x_wconf 91' lang='lat' dir='ltr'>cum</span> <span class='ocrx_word' id='word_1_266' title='bbox 1667 3825 2014 3882; x_wconf 88' lang='lat' dir='ltr'>auctoritate</span> 
     </span>
    </p>
   </div>
   <div class='ocr_carea' id='block_1_40' title="bbox 361 3909 2014 3980">
    <p class='ocr_par' dir='ltr' id='par_1_40' title="bbox 361 3909 2014 3980">
     <span class='ocr_line' id='line_1_40' title="bbox 361 3909 2014 3980; baseline 0.004 -15"><span class='ocrx_word' id='word_1_267' title='bbox 361 3909 601 3966; x_wconf 91' lang='lat' dir='ltr'>doceret</span> <span class='ocrx_word' id='word_1_268' title='bbox 639 3924 708 3966; x_wconf 89' lang='lat' dir='ltr'>ac</span> <span class='ocrx_word' id='word_1_269' title='bbox 752 3913 1114 3980; x_wconf 89' lang='lat' dir='ltr'>operaretur,</span> <span class='ocrx_word' id='word_1_270' title='bbox 1141 3911 1291 3968; x_wconf 88' lang='lat' dir='ltr'>sicut</span> <span class='ocrx_word' id='word_1_271' title='bbox 1320 3912 1381 3967; x_wconf 90' lang='lat' dir='ltr'>in</span> <span class='ocrx_word' id='word_1_272' title='bbox 1417 3914 1614 3969; x_wconf 87' lang='lat' dir='ltr'>Marco</span> <span class='ocrx_word' id='word_1_273' title='bbox 1643 3912 2014 3972; x_wconf 86' lang='lat' dir='ltr'>manifestius</span> 
     </span>
    </p>
   </div>
   <div class='ocr_carea' id='block_1_41' title="bbox 359 3998 643 4055">
    <p class='ocr_par' dir='ltr' id='par_1_41' title="bbox 359 3998 643 4055">
     <span class='ocr_line' id='line_1_41' title="bbox 359 3998 643 4055; baseline -0.007 -1"><span class='ocrx_word' id='word_1_274' title='bbox 359 3998 643 4055; x_wconf 80' lang='lat' dir='ltr'>invenies.</span> 
     </span>
    </p>
   </div>
   <div class='ocr_carea' id='block_1_42' title="bbox 432 4087 2010 4159">
    <p class='ocr_par' dir='ltr' id='par_1_42' title="bbox 432 4087 2010 4159">
     <span class='ocr_line' id='line_1_42' title="bbox 432 4087 2010 4159; baseline 0.005 -16"><span class='ocrx_word' id='word_1_275' title='bbox 432 4087 595 4144; x_wconf 89' lang='lat' dir='ltr'>Vers.</span> <span class='ocrx_word' id='word_1_276' title='bbox 632 4090 725 4144; x_wconf 79' lang='grc'>24.</span> <span class='ocrx_word' id='word_1_277' title='bbox 764 4087 841 4143; x_wconf 80' lang='lat' dir='ltr'>Et</span> <span class='ocrx_word' id='word_1_278' title='bbox 870 4117 938 4129; x_wconf 94' lang='lat'><strong><em>—</em></strong></span> <span class='ocrx_word' id='word_1_279' title='bbox 967 4088 1201 4145; x_wconf 81' lang='lat' dir='ltr'>sanavit</span> <span class='ocrx_word' id='word_1_280' title='bbox 1228 4104 1337 4146; x_wconf 76' lang='lat' dir='ltr'>eos.</span> <span class='ocrx_word' id='word_1_281' title='bbox 1372 4093 1507 4146; x_wconf 89' lang='lat' dir='ltr'>Post</span> <span class='ocrx_word' id='word_1_282' title='bbox 1533 4091 1718 4148; x_wconf 91' lang='lat' dir='ltr'>verba</span> <span class='ocrx_word' id='word_1_283' title='bbox 1758 4091 1877 4159; x_wconf 89' lang='lat' dir='ltr'>illa,</span> <span class='ocrx_word' id='word_1_284' title='bbox 1907 4108 2010 4151; x_wconf 86' lang='lat' dir='ltr'>va-</span> 
     </span>
    </p>
   </div>
   <div class='ocr_carea' id='block_1_43' title="bbox 360 4176 2009 4250">
    <p class='ocr_par' dir='ltr' id='par_1_43' title="bbox 360 4176 2009 4250">
     <span class='ocr_line' id='line_1_43' title="bbox 360 4176 2009 4250; baseline 0.003 -16"><span class='ocrx_word' id='word_1_285' title='bbox 360 4178 466 4234; x_wconf 85' lang='lat' dir='ltr'>riis</span> <span class='ocrx_word' id='word_1_286' title='bbox 485 4177 722 4240; x_wconf 83' lang='lat' dir='ltr'>morbis,</span> <span class='ocrx_word' id='word_1_287' title='bbox 746 4176 1042 4233; x_wconf 91' lang='lat' dir='ltr'>distinctio</span> <span class='ocrx_word' id='word_1_288' title='bbox 1068 4179 1348 4250; x_wconf 87' lang='lat' dir='ltr'>ponenda</span> <span class='ocrx_word' id='word_1_289' title='bbox 1371 4184 1478 4236; x_wconf 89' lang='lat' dir='ltr'>est.</span> <span class='ocrx_word' id='word_1_290' title='bbox 1512 4182 1788 4238; x_wconf 90' lang='lat' dir='ltr'>Tormina</span> <span class='ocrx_word' id='word_1_291' title='bbox 1813 4187 2009 4239; x_wconf 88' lang='lat' dir='ltr'>autem</span> 
     </span>
    </p>
   </div>
   <div class='ocr_carea' id='block_1_44' title="bbox 360 4266 2011 4328">
    <p class='ocr_par' dir='ltr' id='par_1_44' title="bbox 360 4266 2011 4328">
     <span class='ocr_line' id='line_1_44' title="bbox 360 4266 2011 4328; baseline 0.003 -5"><span class='ocrx_word' id='word_1_292' title='bbox 360 4270 533 4323; x_wconf 89' lang='lat' dir='ltr'>vocat</span> <span class='ocrx_word' id='word_1_293' title='bbox 560 4266 909 4323; x_wconf 91' lang='lat' dir='ltr'>morborum</span> <span class='ocrx_word' id='word_1_294' title='bbox 938 4266 1194 4322; x_wconf 89' lang='lat' dir='ltr'>dolores.</span> <span class='ocrx_word' id='word_1_295' title='bbox 1229 4268 1496 4325; x_wconf 91' lang='lat' dir='ltr'>Lunatici</span> <span class='ocrx_word' id='word_1_296' title='bbox 1544 4286 1686 4326; x_wconf 92' lang='lat' dir='ltr'>vero</span> <span class='ocrx_word' id='word_1_297' title='bbox 1740 4275 2011 4328; x_wconf 84' lang='lat' dir='ltr'>tenentur</span> 
     </span>
    </p>
   </div>
   <div class='ocr_carea' id='block_1_45' title="bbox 359 4356 2011 4427">
    <p class='ocr_par' dir='ltr' id='par_1_45' title="bbox 359 4356 2011 4427">
     <span class='ocr_line' id='line_1_45' title="bbox 359 4356 2011 4427; baseline 0.002 -14"><span class='ocrx_word' id='word_1_298' title='bbox 359 4356 667 4413; x_wconf 72' lang='lat' dir='ltr'>affectione</span> <span class='ocrx_word' id='word_1_299' title='bbox 688 4361 1100 4427; x_wconf 86' lang='lat' dir='ltr'>corruptorum</span> <span class='ocrx_word' id='word_1_300' title='bbox 1123 4357 1466 4414; x_wconf 91' lang='lat' dir='ltr'>humorum.</span> <span class='ocrx_word' id='word_1_301' title='bbox 1499 4359 1648 4424; x_wconf 89' lang='lat' dir='ltr'>Quia</span> <span class='ocrx_word' id='word_1_302' title='bbox 1677 4361 1835 4415; x_wconf 92' lang='lat' dir='ltr'>enim</span> <span class='ocrx_word' id='word_1_303' title='bbox 1868 4361 2011 4418; x_wconf 92' lang='lat' dir='ltr'>luna</span> 
     </span>
    </p>
   </div>
   <div class='ocr_carea' id='block_1_46' title="bbox 359 4445 2009 4519">
    <p class='ocr_par' dir='ltr' id='par_1_46' title="bbox 359 4445 2009 4519">
     <span class='ocr_line' id='line_1_46' title="bbox 359 4445 2009 4519; baseline 0.003 -17"><span class='ocrx_word' id='word_1_304' title='bbox 359 4463 493 4502; x_wconf 91' lang='lat' dir='ltr'>cum</span> <span class='ocrx_word' id='word_1_305' title='bbox 529 4447 606 4502; x_wconf 94' lang='lat' dir='ltr'>ad</span> <span class='ocrx_word' id='word_1_306' title='bbox 637 4447 882 4519; x_wconf 92' lang='lat' dir='ltr'>plenum</span> <span class='ocrx_word' id='word_1_307' title='bbox 910 4445 1110 4503; x_wconf 92' lang='lat' dir='ltr'>lumen</span> <span class='ocrx_word' id='word_1_308' title='bbox 1167 4447 1486 4516; x_wconf 88' lang='lat' dir='ltr'>devenerit,</span> <span class='ocrx_word' id='word_1_309' title='bbox 1522 4453 1797 4505; x_wconf 90' lang='lat' dir='ltr'>naturam</span> <span class='ocrx_word' id='word_1_310' title='bbox 1827 4450 2009 4508; x_wconf 87' lang='lat' dir='ltr'>habet</span> 
     </span>
    </p>
   </div>
   <div class='ocr_carea' id='block_1_47' title="bbox 1711 310 2414 369">
    <p class='ocr_par' dir='ltr' id='par_1_47' title="bbox 1711 310 2414 369">
     <span class='ocr_line' id='line_1_47' title="bbox 1711 310 2414 369; baseline -0.001 -2"><span class='ocrx_word' id='word_1_311' title='bbox 1711 311 2052 369; x_wconf 84' lang='lat' dir='ltr'>EUTHYMII</span> <span class='ocrx_word' id='word_1_312' title='bbox 2090 310 2414 368; x_wconf 80' lang='lat' dir='ltr'>ZIGABENI</span> 
     </span>
    </p>
   </div>
   <div class='ocr_carea' id='block_1_48' title="bbox 3629 309 3736 365">
    <p class='ocr_par' dir='ltr' id='par_1_48' title="bbox 3629 309 3736 365">
     <span class='ocr_line' id='line_1_48' title="bbox 3629 309 3736 365; baseline 0.009 -1"><span class='ocrx_word' id='word_1_313' title='bbox 3629 309 3736 365; x_wconf 78' lang='grc'>188</span> 
     </span>
    </p>
   </div>
   <div class='ocr_carea' id='block_1_49' title="bbox 2213 435 3731 511">
    <p class='ocr_par' dir='ltr' id='par_1_49' title="bbox 2213 435 3731 511">
     <span class='ocr_line' id='line_1_49' title="bbox 2213 435 3731 511; baseline -0.003 -20"><span class='ocrx_word' id='word_1_314' title='bbox 2213 442 2312 491; x_wconf 80' lang='grc' dir='ltr'>Καὶ</span> <span class='ocrx_word' id='word_1_315' title='bbox 2341 437 2535 511; x_wconf 78' lang='grc' dir='ltr'>προϐὰς</span> <span class='ocrx_word' id='word_1_316' title='bbox 2564 468 2630 477; x_wconf 92' lang='grc'><strong><em>-</em></strong></span> <span class='ocrx_word' id='word_1_317' title='bbox 2661 435 2818 507; x_wconf 72' lang='grc' dir='ltr'>αὐτῷ.</span> <span class='ocrx_word' id='word_1_318' title='bbox 2852 435 2988 509; x_wconf 89' lang='grc' dir='ltr'>Ὀρα</span> <span class='ocrx_word' id='word_1_319' title='bbox 3033 439 3120 488; x_wconf 82' lang='grc' dir='ltr'>καὶ</span> <span class='ocrx_word' id='word_1_320' title='bbox 3163 437 3256 493; x_wconf 81' lang='grc' dir='ltr'>τὴν</span> <span class='ocrx_word' id='word_1_321' title='bbox 3295 453 3489 487; x_wconf 84' lang='grc' dir='ltr'>τουτων</span> <span class='ocrx_word' id='word_1_322' title='bbox 3527 438 3731 503; x_wconf 80' lang='grc' dir='ltr'>πίστιν,</span> 
     </span>
    </p>
   </div>
   <div class='ocr_carea' id='block_1_50' title="bbox 2140 523 3734 599">
    <p class='ocr_par' dir='ltr' id='par_1_50' title="bbox 2140 523 3734 599">
     <span class='ocr_line' id='line_1_50' title="bbox 2140 523 3734 599; baseline -0.004 -20"><span class='ocrx_word' id='word_1_323' title='bbox 2140 523 2209 579; x_wconf 86' lang='grc' dir='ltr'>δι’</span> <span class='ocrx_word' id='word_1_324' title='bbox 2261 527 2319 585; x_wconf 77' lang='grc' dir='ltr'>ἢν</span> <span class='ocrx_word' id='word_1_325' title='bbox 2363 533 2451 580; x_wconf 82' lang='grc' dir='ltr'>καὶ</span> <span class='ocrx_word' id='word_1_326' title='bbox 2481 535 2570 578; x_wconf 88' lang='grc' dir='ltr'>τοῦ</span> <span class='ocrx_word' id='word_1_327' title='bbox 2626 529 2827 599; x_wconf 80' lang='grc' dir='ltr'>Πατρός</span> <span class='ocrx_word' id='word_1_328' title='bbox 2875 528 3278 599; x_wconf 77' lang='grc' dir='ltr'>κατεφρόνησαν.</span> <span class='ocrx_word' id='word_1_329' title='bbox 3328 528 3442 597; x_wconf 79' lang='grc' dir='ltr'>Χρὴ</span> <span class='ocrx_word' id='word_1_330' title='bbox 3491 527 3587 597; x_wconf 79' lang='grc' dir='ltr'>γὰρ</span> <span class='ocrx_word' id='word_1_331' title='bbox 3640 531 3734 578; x_wconf 82' lang='grc' dir='ltr'>καὶ</span> 
     </span>
    </p>
   </div>
   <div class='ocr_carea' id='block_1_51' title="bbox 2137 611 3735 690">
    <p class='ocr_par' dir='ltr' id='par_1_51' title="bbox 2137 611 3735 690">
     <span class='ocr_line' id='line_1_51' title="bbox 2137 611 3735 690; baseline -0.001 -22"><span class='ocrx_word' id='word_1_332' title='bbox 2137 624 2236 668; x_wconf 83' lang='grc' dir='ltr'>τῶν</span> <span class='ocrx_word' id='word_1_333' title='bbox 2293 621 2475 688; x_wconf 80' lang='grc' dir='ltr'>γονέων</span> <span class='ocrx_word' id='word_1_334' title='bbox 2545 622 2804 690; x_wconf 83' lang='grc' dir='ltr'>προτιμᾴν</span> <span class='ocrx_word' id='word_1_335' title='bbox 2873 618 2959 667; x_wconf 86' lang='grc' dir='ltr'>τὸν</span> <span class='ocrx_word' id='word_1_336' title='bbox 3018 617 3265 687; x_wconf 83' lang='grc' dir='ltr'>Χριστόν.</span> <span class='ocrx_word' id='word_1_337' title='bbox 3323 613 3397 665; x_wconf 81' lang='grc' dir='ltr'>Ού</span> <span class='ocrx_word' id='word_1_338' title='bbox 3460 617 3624 685; x_wconf 83' lang='grc' dir='ltr'>μικρά</span> <span class='ocrx_word' id='word_1_339' title='bbox 3671 611 3735 667; x_wconf 70' lang='grc' dir='ltr'>δε</span> 
     </span>
    </p>
   </div>
   <div class='ocr_carea' id='block_1_52' title="bbox 2139 703 3736 778">
    <p class='ocr_par' dir='ltr' id='par_1_52' title="bbox 2139 703 3736 778">
     <span class='ocr_line' id='line_1_52' title="bbox 2139 703 3736 778; baseline -0.001 -21"><span class='ocrx_word' id='word_1_340' title='bbox 2139 703 2406 768; x_wconf 81' lang='grc' dir='ltr'>ἀπόδειξις</span> <span class='ocrx_word' id='word_1_341' title='bbox 2444 714 2538 767; x_wconf 84' lang='grc' dir='ltr'>τῆς</span> <span class='ocrx_word' id='word_1_342' title='bbox 2586 705 2762 778; x_wconf 79' lang='grc' dir='ltr'>ἀρετῆς</span> <span class='ocrx_word' id='word_1_343' title='bbox 2811 705 2997 769; x_wconf 76' lang='grc' dir='ltr'>αὐτῶν,</span> <span class='ocrx_word' id='word_1_344' title='bbox 3047 707 3104 756; x_wconf 89' lang='grc' dir='ltr'>τὸ</span> <span class='ocrx_word' id='word_1_345' title='bbox 3159 707 3335 755; x_wconf 87' lang='grc' dir='ltr'>πενίαν</span> <span class='ocrx_word' id='word_1_346' title='bbox 3383 707 3546 776; x_wconf 75' lang='grc' dir='ltr'>φέρειν</span> <span class='ocrx_word' id='word_1_347' title='bbox 3587 703 3736 756; x_wconf 72' lang='grc' dir='ltr'>εὐκόο</span> 
     </span>
    </p>
   </div>
   <div class='ocr_carea' id='block_1_53' title="bbox 2137 794 3735 866">
    <p class='ocr_par' dir='ltr' id='par_1_53' title="bbox 2137 794 3735 866">
     <span class='ocr_line' id='line_1_53' title="bbox 2137 794 3735 866; baseline -0.002 -18"><span class='ocrx_word' id='word_1_348' title='bbox 2137 795 2254 860; x_wconf 90' lang='grc' dir='ltr'>λως,</span> <span class='ocrx_word' id='word_1_349' title='bbox 2305 800 2393 848; x_wconf 82' lang='grc' dir='ltr'>καὶ</span> <span class='ocrx_word' id='word_1_350' title='bbox 2440 799 2496 848; x_wconf 87' lang='grc' dir='ltr'>τὸ</span> <span class='ocrx_word' id='word_1_351' title='bbox 2551 795 2650 847; x_wconf 78' lang='grc' dir='ltr'>ἀπὸ</span> <span class='ocrx_word' id='word_1_352' title='bbox 2703 802 2800 847; x_wconf 86' lang='grc' dir='ltr'>τῶν</span> <span class='ocrx_word' id='word_1_353' title='bbox 2839 794 3036 846; x_wconf 81' lang='grc' dir='ltr'>οἰκείων</span> <span class='ocrx_word' id='word_1_354' title='bbox 3083 794 3360 866; x_wconf 78' lang='grc' dir='ltr'>τρέφεσθαι</span> <span class='ocrx_word' id='word_1_355' title='bbox 3395 801 3603 864; x_wconf 85' lang='grc' dir='ltr'>χειρῶν,</span> <span class='ocrx_word' id='word_1_356' title='bbox 3641 798 3735 845; x_wconf 84' lang='grc' dir='ltr'>καὶ</span> 
     </span>
    </p>
   </div>
   <div class='ocr_carea' id='block_1_54' title="bbox 2137 881 3733 954">
    <p class='ocr_par' dir='ltr' id='par_1_54' title="bbox 2137 881 3733 954">
     <span class='ocr_line' id='line_1_54' title="bbox 2137 881 3733 954; baseline -0.003 -17"><span class='ocrx_word' id='word_1_357' title='bbox 2137 888 2195 936; x_wconf 87' lang='grc' dir='ltr'>τὸ</span> <span class='ocrx_word' id='word_1_358' title='bbox 2247 881 2596 937; x_wconf 72' lang='grc' dir='ltr'>συνδεδέσθαι</span> <span class='ocrx_word' id='word_1_359' title='bbox 2661 882 2915 948; x_wconf 78' lang='grc' dir='ltr'>ἀλλήλοις,</span> <span class='ocrx_word' id='word_1_360' title='bbox 2972 887 3061 934; x_wconf 78' lang='grc' dir='ltr'>καὶ</span> <span class='ocrx_word' id='word_1_361' title='bbox 3113 885 3172 933; x_wconf 88' lang='grc' dir='ltr'>τό</span> <span class='ocrx_word' id='word_1_362' title='bbox 3231 885 3316 933; x_wconf 88' lang='grc' dir='ltr'>τὸν</span> <span class='ocrx_word' id='word_1_363' title='bbox 3365 884 3569 954; x_wconf 81' lang='grc' dir='ltr'>Πατέρα</span> <span class='ocrx_word' id='word_1_364' title='bbox 3613 881 3733 953; x_wconf 86' lang='grc' dir='ltr'>μεθ’</span> 
     </span>
    </p>
   </div>
   <div class='ocr_carea' id='block_1_55' title="bbox 2139 969 3733 1047">
    <p class='ocr_par' dir='ltr' id='par_1_55' title="bbox 2139 969 3733 1047">
     <span class='ocr_line' id='line_1_55' title="bbox 2139 969 3733 1047; baseline -0.003 -21"><span class='ocrx_word' id='word_1_365' title='bbox 2139 973 2329 1026; x_wconf 81' lang='grc' dir='ltr'>ἑαυτῶν</span> <span class='ocrx_word' id='word_1_366' title='bbox 2383 977 2523 1046; x_wconf 79' lang='grc' dir='ltr'>ἔχειν</span> <span class='ocrx_word' id='word_1_367' title='bbox 2564 978 2654 1026; x_wconf 85' lang='grc' dir='ltr'>καὶ</span> <span class='ocrx_word' id='word_1_368' title='bbox 2701 976 3015 1047; x_wconf 77' lang='grc' dir='ltr'>θεραπεύειν.</span> <span class='ocrx_word' id='word_1_369' title='bbox 3050 971 3200 1033; x_wconf 85' lang='grc' dir='ltr'>Εἰκὸς</span> <span class='ocrx_word' id='word_1_370' title='bbox 3250 969 3327 1036; x_wconf 68' lang='grc' dir='ltr'>δὲ,</span> <span class='ocrx_word' id='word_1_371' title='bbox 3379 974 3466 1022; x_wconf 86' lang='grc' dir='ltr'>καὶ</span> <span class='ocrx_word' id='word_1_372' title='bbox 3512 973 3733 1034; x_wconf 77' lang='grc' dir='ltr'>τούτους</span> 
     </span>
    </p>
   </div>
   <div class='ocr_carea' id='block_1_56' title="bbox 2139 1057 3733 1138">
    <p class='ocr_par' dir='ltr' id='par_1_56' title="bbox 2139 1057 3733 1138">
     <span class='ocr_line' id='line_1_56' title="bbox 2139 1057 3733 1138; baseline -0.003 -22"><span class='ocrx_word' id='word_1_373' title='bbox 2139 1063 2364 1116; x_wconf 76' lang='grc' dir='ltr'>ἀκοῦσαι</span> <span class='ocrx_word' id='word_1_374' title='bbox 2417 1066 2561 1138; x_wconf 82' lang='grc' dir='ltr'>παρὰ</span> <span class='ocrx_word' id='word_1_375' title='bbox 2609 1068 2804 1136; x_wconf 79' lang='grc' dir='ltr'>Πέτρου</span> <span class='ocrx_word' id='word_1_376' title='bbox 2853 1066 2944 1114; x_wconf 83' lang='grc' dir='ltr'>καὶ</span> <span class='ocrx_word' id='word_1_377' title='bbox 2995 1057 3260 1133; x_wconf 80' lang='grc' dir='ltr'>Ἀνδρέου,</span> <span class='ocrx_word' id='word_1_378' title='bbox 3325 1061 3405 1113; x_wconf 85' lang='grc' dir='ltr'>ὅτι</span> <span class='ocrx_word' id='word_1_379' title='bbox 3465 1060 3733 1131; x_wconf 81' lang='grc' dir='ltr'>ὑπέσχετο</span> 
     </span>
    </p>
   </div>
   <div class='ocr_carea' id='block_1_57' title="bbox 2137 1146 3729 1222">
    <p class='ocr_par' dir='ltr' id='par_1_57' title="bbox 2137 1146 3729 1222">
     <span class='ocr_line' id='line_1_57' title="bbox 2137 1146 3729 1222; baseline -0.004 -16"><span class='ocrx_word' id='word_1_380' title='bbox 2137 1162 2357 1213; x_wconf 84' lang='grc' dir='ltr'>ποιῆσαι</span> <span class='ocrx_word' id='word_1_381' title='bbox 2433 1157 2554 1216; x_wconf 81' lang='grc' dir='ltr'>τούς</span> <span class='ocrx_word' id='word_1_382' title='bbox 2638 1151 3044 1213; x_wconf 78' lang='grc' dir='ltr'>ἀκολουθοῦντας</span> <span class='ocrx_word' id='word_1_383' title='bbox 3139 1149 3301 1222; x_wconf 78' lang='grc' dir='ltr'>αὐτῷ,</span> <span class='ocrx_word' id='word_1_384' title='bbox 3398 1148 3556 1210; x_wconf 82' lang='grc' dir='ltr'>ἁλιεῖς</span> <span class='ocrx_word' id='word_1_385' title='bbox 3641 1146 3729 1201; x_wconf 79' lang='grc' dir='ltr'>ἁν-</span> 
     </span>
    </p>
   </div>
   <div class='ocr_carea' id='block_1_58' title="bbox 2141 1245 2376 1317">
    <p class='ocr_par' dir='ltr' id='par_1_58' title="bbox 2141 1245 2376 1317">
     <span class='ocr_line' id='line_1_58' title="bbox 2141 1245 2376 1317; baseline 0.017 -22"><span class='ocrx_word' id='word_1_386' title='bbox 2141 1245 2376 1317; x_wconf 84' lang='grc' dir='ltr'>θρώπων.</span> 
     </span>
    </p>
   </div>
   <div class='ocr_carea' id='block_1_59' title="bbox 2211 1417 3734 1494">
    <p class='ocr_par' dir='ltr' id='par_1_59' title="bbox 2211 1417 3734 1494">
     <span class='ocr_line' id='line_1_59' title="bbox 2211 1417 3734 1494; baseline -0.001 -21"><span class='ocrx_word' id='word_1_387' title='bbox 2211 1425 2310 1473; x_wconf 82' lang='grc' dir='ltr'>Καὶ</span> <span class='ocrx_word' id='word_1_388' title='bbox 2357 1452 2423 1461; x_wconf 90' lang='grc'><strong>-</strong></span> <span class='ocrx_word' id='word_1_389' title='bbox 2469 1428 2797 1493; x_wconf 76' lang='grc' dir='ltr'>συναγωγαῖς</span> <span class='ocrx_word' id='word_1_390' title='bbox 2853 1420 3040 1474; x_wconf 78' lang='grc' dir='ltr'>αὐτῶν.</span> <span class='ocrx_word' id='word_1_391' title='bbox 3105 1426 3376 1494; x_wconf 83' lang='grc' dir='ltr'>Περιῆγεν,</span> <span class='ocrx_word' id='word_1_392' title='bbox 3437 1419 3551 1490; x_wconf 79' lang='grc'>(16)</span> <span class='ocrx_word' id='word_1_393' title='bbox 3612 1417 3734 1472; x_wconf 76' lang='grc' dir='ltr'>ἀντὶ</span> 
     </span>
    </p>
   </div>
   <div class='ocr_carea' id='block_1_60' title="bbox 2136 1504 3734 1585">
    <p class='ocr_par' dir='ltr' id='par_1_60' title="bbox 2136 1504 3734 1585">
     <span class='ocr_line' id='line_1_60' title="bbox 2136 1504 3734 1585; baseline -0.001 -24"><span class='ocrx_word' id='word_1_394' title='bbox 2136 1518 2248 1577; x_wconf 87' lang='grc' dir='ltr'>τοῦ,</span> <span class='ocrx_word' id='word_1_395' title='bbox 2281 1515 2622 1585; x_wconf 86' lang='grc' dir='ltr'>Περιήρχετο.</span> <span class='ocrx_word' id='word_1_396' title='bbox 2651 1510 2730 1562; x_wconf 85' lang='grc' dir='ltr'>Ἐν</span> <span class='ocrx_word' id='word_1_397' title='bbox 2778 1516 2888 1570; x_wconf 84' lang='grc' dir='ltr'>ταῖς</span> <span class='ocrx_word' id='word_1_398' title='bbox 2937 1516 3261 1580; x_wconf 70' lang='grc' dir='ltr'>συναγωγαῖς</span> <span class='ocrx_word' id='word_1_399' title='bbox 3313 1506 3372 1560; x_wconf 73' lang='grc' dir='ltr'>δὲ</span> <span class='ocrx_word' id='word_1_400' title='bbox 3427 1504 3680 1560; x_wconf 75' lang='grc' dir='ltr'>ἐδίδασκε</span> <span class='ocrx_word' id='word_1_401' title='bbox 3718 1528 3734 1542; x_wconf 78' lang='grc' dir='ltr'><strong>ο</strong></span> 
     </span>
    </p>
   </div>
   <div class='ocr_carea' id='block_1_61' title="bbox 2133 1594 3735 1671">
    <p class='ocr_par' dir='ltr' id='par_1_61' title="bbox 2133 1594 3735 1671">
     <span class='ocr_line' id='line_1_61' title="bbox 2133 1594 3735 1671; baseline -0.001 -21"><span class='ocrx_word' id='word_1_402' title='bbox 2133 1607 2284 1651; x_wconf 88' lang='grc' dir='ltr'>τοῦτο</span> <span class='ocrx_word' id='word_1_403' title='bbox 2337 1605 2445 1671; x_wconf 71' lang='grc' dir='ltr'>μὲν,</span> <span class='ocrx_word' id='word_1_404' title='bbox 2490 1601 2572 1651; x_wconf 85' lang='grc' dir='ltr'>ἱνα</span> <span class='ocrx_word' id='word_1_405' title='bbox 2615 1599 2854 1660; x_wconf 84' lang='grc' dir='ltr'>πλείονας</span> <span class='ocrx_word' id='word_1_406' title='bbox 2894 1598 3236 1671; x_wconf 82' lang='grc' dir='ltr'>ἐφελκύσηται</span> <span class='ocrx_word' id='word_1_407' title='bbox 3268 1613 3280 1627; x_wconf 86' lang='grc'><strong><em>⁸</em></strong></span> <span class='ocrx_word' id='word_1_408' title='bbox 3329 1604 3480 1650; x_wconf 82' lang='grc' dir='ltr'>τοῦτο</span> <span class='ocrx_word' id='word_1_409' title='bbox 3513 1594 3589 1664; x_wconf 72' lang='grc' dir='ltr'>δὲ,</span> <span class='ocrx_word' id='word_1_410' title='bbox 3647 1598 3735 1649; x_wconf 78' lang='grc' dir='ltr'>ἶνα</span> 
     </span>
    </p>
   </div>
   <div class='ocr_carea' id='block_1_62' title="bbox 2135 1684 3730 1761">
    <p class='ocr_par' dir='ltr' id='par_1_62' title="bbox 2135 1684 3730 1761">
     <span class='ocr_line' id='line_1_62' title="bbox 2135 1684 3730 1761; baseline -0.002 -21"><span class='ocrx_word' id='word_1_411' title='bbox 2135 1685 2322 1760; x_wconf 80' lang='grc' dir='ltr'>μηδεὶς</span> <span class='ocrx_word' id='word_1_412' title='bbox 2353 1692 2470 1760; x_wconf 84' lang='grc' dir='ltr'>ἔχοι</span> <span class='ocrx_word' id='word_1_413' title='bbox 2507 1689 2689 1760; x_wconf 81' lang='grc' dir='ltr'>λέγειν,</span> <span class='ocrx_word' id='word_1_414' title='bbox 2721 1691 2801 1740; x_wconf 85' lang='grc' dir='ltr'>ὅτι</span> <span class='ocrx_word' id='word_1_415' title='bbox 2828 1688 2995 1761; x_wconf 77' lang='grc' dir='ltr'>λάθρα</span> <span class='ocrx_word' id='word_1_416' title='bbox 3023 1684 3297 1739; x_wconf 77' lang='grc' dir='ltr'>διδάσκων</span> <span class='ocrx_word' id='word_1_417' title='bbox 3326 1689 3441 1747; x_wconf 79' lang='grc' dir='ltr'>τοὺς</span> <span class='ocrx_word' id='word_1_418' title='bbox 3486 1685 3730 1758; x_wconf 77' lang='grc' dir='ltr'>ἀμαθεῖς,</span> 
     </span>
    </p>
   </div>
   <div class='ocr_carea' id='block_1_63' title="bbox 2135 1772 3578 1851">
    <p class='ocr_par' dir='ltr' id='par_1_63' title="bbox 2135 1772 3578 1851">
     <span class='ocr_line' id='line_1_63' title="bbox 2135 1772 3578 1851; baseline 0 -22"><span class='ocrx_word' id='word_1_419' title='bbox 2135 1776 2366 1848; x_wconf 78' lang='grc' dir='ltr'>ἐξαπατᾷ</span> <span class='ocrx_word' id='word_1_420' title='bbox 2393 1781 2620 1842; x_wconf 83' lang='grc' dir='ltr'>τούτους,</span> <span class='ocrx_word' id='word_1_421' title='bbox 2649 1783 2720 1849; x_wconf 81' lang='grc' dir='ltr'>μὴ</span> <span class='ocrx_word' id='word_1_422' title='bbox 2751 1777 2949 1851; x_wconf 78' lang='grc' dir='ltr'>θαρρῶν</span> <span class='ocrx_word' id='word_1_423' title='bbox 2975 1776 3022 1828; x_wconf 88' lang='grc' dir='ltr'>ἐν</span> <span class='ocrx_word' id='word_1_424' title='bbox 3061 1776 3246 1834; x_wconf 86' lang='grc' dir='ltr'>πλήθει</span> <span class='ocrx_word' id='word_1_425' title='bbox 3285 1772 3578 1829; x_wconf 79' lang='grc' dir='ltr'>διδάσκειν.</span> 
     </span>
    </p>
   </div>
   <div class='ocr_carea' id='block_1_64' title="bbox 2209 1861 3734 1939">
    <p class='ocr_par' dir='ltr' id='par_1_64' title="bbox 2209 1861 3734 1939">
     <span class='ocr_line' id='line_1_64' title="bbox 2209 1861 3734 1939; baseline -0.003 -20"><span class='ocrx_word' id='word_1_426' title='bbox 2209 1873 2307 1919; x_wconf 85' lang='grc' dir='ltr'>Καὶ</span> <span class='ocrx_word' id='word_1_427' title='bbox 2351 1871 2630 1939; x_wconf 80' lang='grc' dir='ltr'>κηρύσσων</span> <span class='ocrx_word' id='word_1_428' title='bbox 2673 1898 2741 1906; x_wconf 91' lang='grc'><strong>-</strong></span> <span class='ocrx_word' id='word_1_429' title='bbox 2791 1866 3081 1938; x_wconf 84' lang='grc' dir='ltr'>βασιλείας.</span> <span class='ocrx_word' id='word_1_430' title='bbox 3123 1865 3182 1915; x_wconf 70' lang='grc'>’0</span> <span class='ocrx_word' id='word_1_431' title='bbox 3240 1861 3299 1917; x_wconf 74' lang='grc' dir='ltr'>δὲ</span> <span class='ocrx_word' id='word_1_432' title='bbox 3345 1866 3574 1937; x_wconf 79' lang='grc' dir='ltr'>Μάρκος,</span> <span class='ocrx_word' id='word_1_433' title='bbox 3631 1871 3734 1927; x_wconf 77' lang='grc' dir='ltr'>τῆς</span> 
     </span>
    </p>
   </div>
   <div class='ocr_carea' id='block_1_65' title="bbox 2135 1950 3731 2028">
    <p class='ocr_par' dir='ltr' id='par_1_65' title="bbox 2135 1950 3731 2028">
     <span class='ocr_line' id='line_1_65' title="bbox 2135 1950 3731 2028; baseline -0.002 -20"><span class='ocrx_word' id='word_1_434' title='bbox 2135 1955 2408 2028; x_wconf 84' lang='grc' dir='ltr'>βασιλείας</span> <span class='ocrx_word' id='word_1_435' title='bbox 2454 1964 2544 2008; x_wconf 84' lang='grc' dir='ltr'>τοῦ</span> <span class='ocrx_word' id='word_1_436' title='bbox 2585 1963 2718 2009; x_wconf 92' lang='grc' dir='ltr'>Θεοῦ</span> <span class='ocrx_word' id='word_1_437' title='bbox 2757 1955 2993 2028; x_wconf 70' lang='grc' dir='ltr'>ἔγραψεν.</span> <span class='ocrx_word' id='word_1_438' title='bbox 3041 1953 3347 2025; x_wconf 77' lang='grc' dir='ltr'>Εύαγγέλιον</span> <span class='ocrx_word' id='word_1_439' title='bbox 3392 1950 3450 2005; x_wconf 73' lang='grc' dir='ltr'>δε</span> <span class='ocrx_word' id='word_1_440' title='bbox 3488 1962 3582 2015; x_wconf 77' lang='grc' dir='ltr'>τῆς</span> <span class='ocrx_word' id='word_1_441' title='bbox 3627 1951 3731 2024; x_wconf 67' lang='grc' dir='ltr'>βαι</span> 
     </span>
    </p>
   </div>
   <div class='ocr_carea' id='block_1_66' title="bbox 2137 2040 3733 2114">
    <p class='ocr_par' dir='ltr' id='par_1_66' title="bbox 2137 2040 3733 2114">
     <span class='ocr_line' id='line_1_66' title="bbox 2137 2040 3733 2114; baseline -0.003 -18"><span class='ocrx_word' id='word_1_442' title='bbox 2137 2045 2327 2106; x_wconf 85' lang='grc' dir='ltr'>σιλείας</span> <span class='ocrx_word' id='word_1_443' title='bbox 2356 2053 2447 2096; x_wconf 87' lang='grc' dir='ltr'>τοῦ</span> <span class='ocrx_word' id='word_1_444' title='bbox 2475 2052 2628 2109; x_wconf 86' lang='grc' dir='ltr'>Θεοῦ,</span> <span class='ocrx_word' id='word_1_445' title='bbox 2674 2047 2703 2103; x_wconf 85' lang='grc' dir='ltr'>ἡ</span> <span class='ocrx_word' id='word_1_446' title='bbox 2741 2048 2901 2101; x_wconf 81' lang='grc' dir='ltr'>Καινή</span> <span class='ocrx_word' id='word_1_447' title='bbox 2951 2045 3205 2112; x_wconf 85' lang='grc' dir='ltr'>Διαθήκη,</span> <span class='ocrx_word' id='word_1_448' title='bbox 3249 2045 3318 2104; x_wconf 84' lang='grc' dir='ltr'>ὡς</span> <span class='ocrx_word' id='word_1_449' title='bbox 3346 2047 3462 2114; x_wconf 84' lang='grc' dir='ltr'>περὶ</span> <span class='ocrx_word' id='word_1_450' title='bbox 3504 2050 3594 2101; x_wconf 81' lang='grc' dir='ltr'>τῆς</span> <span class='ocrx_word' id='word_1_451' title='bbox 3629 2040 3733 2113; x_wconf 83' lang='grc' dir='ltr'>βα-</span> 
     </span>
    </p>
   </div>
   <div class='ocr_carea' id='block_1_67' title="bbox 2137 2130 3733 2204">
    <p class='ocr_par' dir='ltr' id='par_1_67' title="bbox 2137 2130 3733 2204">
     <span class='ocr_line' id='line_1_67' title="bbox 2137 2130 3733 2204; baseline -0.003 -19"><span class='ocrx_word' id='word_1_452' title='bbox 2137 2133 2331 2195; x_wconf 89' lang='grc' dir='ltr'>σιλείας</span> <span class='ocrx_word' id='word_1_453' title='bbox 2359 2142 2450 2185; x_wconf 88' lang='grc' dir='ltr'>τοῦ</span> <span class='ocrx_word' id='word_1_454' title='bbox 2480 2140 2612 2186; x_wconf 88' lang='grc' dir='ltr'>Θεοῦ</span> <span class='ocrx_word' id='word_1_455' title='bbox 2646 2130 3094 2204; x_wconf 78' lang='grc' dir='ltr'>διαλαμϐάνουσα,</span> <span class='ocrx_word' id='word_1_456' title='bbox 3128 2132 3157 2190; x_wconf 74' lang='grc' dir='ltr'><em>ἢ</em></span> <span class='ocrx_word' id='word_1_457' title='bbox 3206 2133 3275 2192; x_wconf 79' lang='grc' dir='ltr'>ὡς</span> <span class='ocrx_word' id='word_1_458' title='bbox 3318 2131 3606 2201; x_wconf 84' lang='grc' dir='ltr'>εἰσάγουσα</span> <span class='ocrx_word' id='word_1_459' title='bbox 3655 2130 3733 2192; x_wconf 86' lang='grc' dir='ltr'>εἰς</span> 
     </span>
    </p>
   </div>
   <div class='ocr_carea' id='block_1_68' title="bbox 2130 2220 3490 2295">
    <p class='ocr_par' dir='ltr' id='par_1_68' title="bbox 2130 2220 3490 2295">
     <span class='ocr_line' id='line_1_68' title="bbox 2130 2220 3490 2295; baseline -0.002 -21"><span class='ocrx_word' id='word_1_460' title='bbox 2130 2227 2221 2281; x_wconf 83' lang='grc' dir='ltr'>τὴν</span> <span class='ocrx_word' id='word_1_461' title='bbox 2251 2221 2521 2295; x_wconf 83' lang='grc' dir='ltr'>βασιλείαν</span> <span class='ocrx_word' id='word_1_462' title='bbox 2551 2229 2642 2275; x_wconf 85' lang='grc' dir='ltr'>τοῦ</span> <span class='ocrx_word' id='word_1_463' title='bbox 2674 2230 2806 2274; x_wconf 85' lang='grc' dir='ltr'>Θεοῦ</span> <span class='ocrx_word' id='word_1_464' title='bbox 2831 2226 2950 2283; x_wconf 81' lang='grc' dir='ltr'>τοὺς</span> <span class='ocrx_word' id='word_1_465' title='bbox 2975 2223 3308 2293; x_wconf 77' lang='grc' dir='ltr'>πειθομένους</span> <span class='ocrx_word' id='word_1_466' title='bbox 3338 2220 3490 2291; x_wconf 69' lang='grc' dir='ltr'>αὐτῇ.</span> 
     </span>
    </p>
   </div>
   <div class='ocr_carea' id='block_1_69' title="bbox 2204 2311 3727 2382">
    <p class='ocr_par' dir='ltr' id='par_1_69' title="bbox 2204 2311 3727 2382">
     <span class='ocr_line' id='line_1_69' title="bbox 2204 2311 3727 2382; baseline -0.005 -17"><span class='ocrx_word' id='word_1_467' title='bbox 2204 2317 2303 2365; x_wconf 79' lang='grc' dir='ltr'>Καὶ</span> <span class='ocrx_word' id='word_1_468' title='bbox 2331 2343 2397 2351; x_wconf 90' lang='grc'><strong><em>-</em></strong></span> <span class='ocrx_word' id='word_1_469' title='bbox 2427 2311 2553 2382; x_wconf 83' lang='grc' dir='ltr'>λαῷ.</span> <span class='ocrx_word' id='word_1_470' title='bbox 2606 2314 2775 2372; x_wconf 84' lang='grc' dir='ltr'>Νὸσος</span> <span class='ocrx_word' id='word_1_471' title='bbox 2804 2314 2893 2382; x_wconf 86' lang='grc' dir='ltr'>μέν</span> <span class='ocrx_word' id='word_1_472' title='bbox 2939 2313 3071 2373; x_wconf 75' lang='grc' dir='ltr'>ἐστι,</span> <span class='ocrx_word' id='word_1_473' title='bbox 3103 2312 3132 2367; x_wconf 85' lang='grc' dir='ltr'>ἡ</span> <span class='ocrx_word' id='word_1_474' title='bbox 3167 2314 3359 2381; x_wconf 89' lang='grc' dir='ltr'>χρονία</span> <span class='ocrx_word' id='word_1_475' title='bbox 3410 2312 3727 2382; x_wconf 76' lang='grc' dir='ltr'>παρατροπή</span> 
     </span>
    </p>
   </div>
   <div class='ocr_carea' id='block_1_70' title="bbox 2131 2395 3734 2471">
    <p class='ocr_par' dir='ltr' id='par_1_70' title="bbox 2131 2395 3734 2471">
     <span class='ocr_line' id='line_1_70' title="bbox 2131 2395 3734 2471; baseline -0.004 -18"><span class='ocrx_word' id='word_1_476' title='bbox 2131 2408 2221 2460; x_wconf 81' lang='grc' dir='ltr'>τῆς</span> <span class='ocrx_word' id='word_1_477' title='bbox 2271 2408 2363 2452; x_wconf 89' lang='grc' dir='ltr'>τοῦ</span> <span class='ocrx_word' id='word_1_478' title='bbox 2415 2406 2652 2471; x_wconf 85' lang='grc' dir='ltr'>σώματος</span> <span class='ocrx_word' id='word_1_479' title='bbox 2701 2399 2847 2461; x_wconf 76' lang='grc' dir='ltr'>ἕξεως</span> <span class='ocrx_word' id='word_1_480' title='bbox 2880 2417 2892 2428; x_wconf 72' lang='grc' dir='ltr'>ο</span> <span class='ocrx_word' id='word_1_481' title='bbox 2927 2398 3158 2470; x_wconf 83' lang='grc' dir='ltr'>μαλακία</span> <span class='ocrx_word' id='word_1_482' title='bbox 3198 2395 3276 2466; x_wconf 82' lang='grc' dir='ltr'>δὲ,</span> <span class='ocrx_word' id='word_1_483' title='bbox 3319 2397 3463 2471; x_wconf 81' lang='grc' dir='ltr'>ἀρχή</span> <span class='ocrx_word' id='word_1_484' title='bbox 3515 2403 3734 2467; x_wconf 80' lang='grc' dir='ltr'>χαυνω-</span> 
     </span>
    </p>
   </div>
   <div class='ocr_carea' id='block_1_71' title="bbox 2133 2485 3734 2561">
    <p class='ocr_par' dir='ltr' id='par_1_71' title="bbox 2133 2485 3734 2561">
     <span class='ocr_line' id='line_1_71' title="bbox 2133 2485 3734 2561; baseline -0.004 -19"><span class='ocrx_word' id='word_1_485' title='bbox 2133 2509 2255 2550; x_wconf 90' lang='grc' dir='ltr'>σεως</span> <span class='ocrx_word' id='word_1_486' title='bbox 2315 2495 2568 2561; x_wconf 84' lang='grc' dir='ltr'>σώματος,</span> <span class='ocrx_word' id='word_1_487' title='bbox 2638 2487 2952 2560; x_wconf 81' lang='grc' dir='ltr'>προάγγελος</span> <span class='ocrx_word' id='word_1_488' title='bbox 3015 2491 3192 2544; x_wconf 87' lang='grc' dir='ltr'>νόσου.</span> <span class='ocrx_word' id='word_1_489' title='bbox 3254 2485 3389 2537; x_wconf 82' lang='grc' dir='ltr'>Ἀλλ’</span> <span class='ocrx_word' id='word_1_490' title='bbox 3443 2485 3576 2537; x_wconf 76' lang='grc' dir='ltr'>οὕτω</span> <span class='ocrx_word' id='word_1_491' title='bbox 3634 2487 3734 2556; x_wconf 70' lang='grc' dir='ltr'>μὲν</span> 
     </span>
    </p>
   </div>
   <div class='ocr_carea' id='block_1_72' title="bbox 2131 2573 3733 2650">
    <p class='ocr_par' dir='ltr' id='par_1_72' title="bbox 2131 2573 3733 2650">
     <span class='ocr_line' id='line_1_72' title="bbox 2131 2573 3733 2650; baseline -0.004 -20"><span class='ocrx_word' id='word_1_492' title='bbox 2131 2577 2213 2630; x_wconf 82' lang='grc' dir='ltr'>ἐπὶ</span> <span class='ocrx_word' id='word_1_493' title='bbox 2268 2585 2525 2650; x_wconf 81' lang='grc' dir='ltr'>σώματος.</span> <span class='ocrx_word' id='word_1_494' title='bbox 2577 2579 2688 2630; x_wconf 84' lang='grc' dir='ltr'>Ἐπὶ</span> <span class='ocrx_word' id='word_1_495' title='bbox 2747 2573 2805 2628; x_wconf 75' lang='grc' dir='ltr'>δὲ</span> <span class='ocrx_word' id='word_1_496' title='bbox 2855 2576 3060 2647; x_wconf 73' lang='grc' dir='ltr'>ψυχῆς,</span> <span class='ocrx_word' id='word_1_497' title='bbox 3113 2580 3258 2635; x_wconf 83' lang='grc' dir='ltr'>νόσος</span> <span class='ocrx_word' id='word_1_498' title='bbox 3304 2578 3413 2647; x_wconf 68' lang='grc' dir='ltr'>μὲν,</span> <span class='ocrx_word' id='word_1_499' title='bbox 3463 2575 3733 2648; x_wconf 83' lang='grc' dir='ltr'>ἁμαρτίας</span> 
     </span>
    </p>
   </div>
   <div class='ocr_carea' id='block_1_73' title="bbox 2480 2662 3732 2738">
    <p class='ocr_par' dir='ltr' id='par_1_73' title="bbox 2480 2662 3732 2738">
     <span class='ocr_line' id='line_1_73' title="bbox 2480 2662 3732 2738; baseline -0.004 -20"><span class='ocrx_word' id='word_1_500' title='bbox 2480 2666 2713 2738; x_wconf 85' lang='grc' dir='ltr'>μαλακία</span> <span class='ocrx_word' id='word_1_501' title='bbox 2778 2662 2855 2729; x_wconf 71' lang='grc' dir='ltr'>δὲ,</span> <span class='ocrx_word' id='word_1_502' title='bbox 2925 2667 3197 2736; x_wconf 89' lang='grc' dir='ltr'>χαύνωσις</span> <span class='ocrx_word' id='word_1_503' title='bbox 3259 2663 3535 2735; x_wconf 81' lang='grc' dir='ltr'>λογισμοῦ,</span> <span class='ocrx_word' id='word_1_504' title='bbox 3593 2665 3732 2736; x_wconf 87' lang='grc' dir='ltr'>πρὸς</span> 
     </span>
    </p>
   </div>
   <div class='ocr_carea' id='block_1_74' title="bbox 2132 2754 2800 2827">
    <p class='ocr_par' dir='ltr' id='par_1_74' title="bbox 2132 2754 2800 2827">
     <span class='ocr_line' id='line_1_74' title="bbox 2132 2754 2800 2827; baseline 0 -20"><span class='ocrx_word' id='word_1_505' title='bbox 2132 2757 2512 2827; x_wconf 77' lang='grc' dir='ltr'>συγκατάθεσιν</span> <span class='ocrx_word' id='word_1_506' title='bbox 2535 2754 2800 2827; x_wconf 83' lang='grc' dir='ltr'>ἐνεργείας.</span> 
     </span>
    </p>
   </div>
   <div class='ocr_carea' id='block_1_75' title="bbox 2129 2666 2420 2740">
    <p class='ocr_par' dir='ltr' id='par_1_75' title="bbox 2129 2666 2420 2740">
     <span class='ocr_line' id='line_1_75' title="bbox 2129 2666 2420 2740; baseline 0 -22"><span class='ocrx_word' id='word_1_507' title='bbox 2129 2666 2355 2740; x_wconf 80' lang='grc' dir='ltr'>ἐνέργεια</span> <span class='ocrx_word' id='word_1_508' title='bbox 2407 2683 2420 2696; x_wconf 82' lang='grc'><strong><em>⁸</em></strong></span> 
     </span>
    </p>
   </div>
   <div class='ocr_carea' id='block_1_76' title="bbox 2201 2926 3726 3004">
    <p class='ocr_par' dir='ltr' id='par_1_76' title="bbox 2201 2926 3726 3004">
     <span class='ocr_line' id='line_1_76' title="bbox 2201 2926 3726 3004; baseline -0.004 -18"><span class='ocrx_word' id='word_1_509' title='bbox 2201 2940 2300 2986; x_wconf 78' lang='grc' dir='ltr'>Καὶ</span> <span class='ocrx_word' id='word_1_510' title='bbox 2357 2932 2579 2992; x_wconf 77' lang='grc' dir='ltr'>ἀπῆλθεν</span> <span class='ocrx_word' id='word_1_511' title='bbox 2628 2964 2695 2971; x_wconf 85' lang='grc'><strong>-</strong></span> <span class='ocrx_word' id='word_1_512' title='bbox 2754 2935 2938 3004; x_wconf 82' lang='grc' dir='ltr'>Συρίαν</span> <span class='ocrx_word' id='word_1_513' title='bbox 2989 2949 3000 2960; x_wconf 86' lang='grc'><strong>·</strong></span> <span class='ocrx_word' id='word_1_514' title='bbox 3051 2931 3108 2982; x_wconf 87' lang='grc' dir='ltr'><em>Ὀ</em></span> <span class='ocrx_word' id='word_1_515' title='bbox 3160 2926 3218 2982; x_wconf 70' lang='grc' dir='ltr'>δὲ</span> <span class='ocrx_word' id='word_1_516' title='bbox 3275 2931 3483 3002; x_wconf 72' lang='grc' dir='ltr'>Μάρκος</span> <span class='ocrx_word' id='word_1_517' title='bbox 3537 2928 3673 2981; x_wconf 85' lang='grc' dir='ltr'>εἶπεν</span> <span class='ocrx_word' id='word_1_518' title='bbox 3710 2946 3726 2958; x_wconf 85' lang='lat'><strong><em>°</em></strong></span> 
     </span>
    </p>
   </div>
   <div class='ocr_carea' id='block_1_77' title="bbox 2132 3019 3732 3086">
    <p class='ocr_par' dir='ltr' id='par_1_77' title="bbox 2132 3019 3732 3086">
     <span class='ocr_line' id='line_1_77' title="bbox 2132 3019 3732 3086; baseline -0.003 -10"><span class='ocrx_word' id='word_1_519' title='bbox 2132 3023 2336 3086; x_wconf 83' lang='grc' dir='ltr'>Ἐξῆλθε</span> <span class='ocrx_word' id='word_1_520' title='bbox 2386 3020 2444 3075; x_wconf 76' lang='grc' dir='ltr'>δε</span> <span class='ocrx_word' id='word_1_521' title='bbox 2500 3024 2528 3079; x_wconf 84' lang='grc' dir='ltr'>ἡ</span> <span class='ocrx_word' id='word_1_522' title='bbox 2591 3021 2718 3079; x_wconf 79' lang='grc' dir='ltr'>ἀκοή</span> <span class='ocrx_word' id='word_1_523' title='bbox 2772 3021 2930 3073; x_wconf 72' lang='grc' dir='ltr'>αὐτοῦ</span> <span class='ocrx_word' id='word_1_524' title='bbox 2993 3020 3142 3079; x_wconf 71' lang='grc' dir='ltr'>εὐθὺς</span> <span class='ocrx_word' id='word_1_525' title='bbox 3195 3019 3265 3080; x_wconf 88' lang='grc' dir='ltr'>εἰς</span> <span class='ocrx_word' id='word_1_526' title='bbox 3319 3019 3436 3076; x_wconf 83' lang='grc' dir='ltr'>ὅλην</span> <span class='ocrx_word' id='word_1_527' title='bbox 3488 3023 3578 3076; x_wconf 80' lang='grc' dir='ltr'>τήν</span> <span class='ocrx_word' id='word_1_528' title='bbox 3630 3037 3732 3071; x_wconf 89' lang='grc' dir='ltr'>πε-</span> 
     </span>
    </p>
   </div>
   <div class='ocr_carea' id='block_1_78' title="bbox 2127 3105 3733 3187">
    <p class='ocr_par' dir='ltr' id='par_1_78' title="bbox 2127 3105 3733 3187">
     <span class='ocr_line' id='line_1_78' title="bbox 2127 3105 3733 3187; baseline -0.002 -24"><span class='ocrx_word' id='word_1_529' title='bbox 2127 3117 2358 3187; x_wconf 88' lang='grc' dir='ltr'>ρίχωρον</span> <span class='ocrx_word' id='word_1_530' title='bbox 2408 3121 2501 3172; x_wconf 85' lang='grc' dir='ltr'>τῆς</span> <span class='ocrx_word' id='word_1_531' title='bbox 2555 3111 2848 3172; x_wconf 83' lang='grc' dir='ltr'>Γαλιλαίας.</span> <span class='ocrx_word' id='word_1_532' title='bbox 2898 3109 2956 3161; x_wconf 57' lang='grc'>⁸0</span> <span class='ocrx_word' id='word_1_533' title='bbox 3013 3105 3070 3161; x_wconf 77' lang='grc' dir='ltr'>δε</span> <span class='ocrx_word' id='word_1_534' title='bbox 3119 3114 3342 3168; x_wconf 58' lang='grc' dir='ltr'>Λουκᾶς</span> <span class='ocrx_word' id='word_1_535' title='bbox 3397 3113 3496 3160; x_wconf 76' lang='grc' dir='ltr'>Καί</span> <span class='ocrx_word' id='word_1_536' title='bbox 3548 3106 3733 3170; x_wconf 81' lang='grc' dir='ltr'>ἐξεπο-</span> 
     </span>
    </p>
   </div>
   <div class='ocr_carea' id='block_1_79' title="bbox 2127 3199 3732 3276">
    <p class='ocr_par' dir='ltr' id='par_1_79' title="bbox 2127 3199 3732 3276">
     <span class='ocr_line' id='line_1_79' title="bbox 2127 3199 3732 3276; baseline -0.003 -22"><span class='ocrx_word' id='word_1_537' title='bbox 2127 3206 2297 3276; x_wconf 88' lang='grc' dir='ltr'>ρεύετο</span> <span class='ocrx_word' id='word_1_538' title='bbox 2342 3199 2478 3272; x_wconf 78' lang='grc' dir='ltr'>ήχος</span> <span class='ocrx_word' id='word_1_539' title='bbox 2515 3206 2632 3275; x_wconf 82' lang='grc' dir='ltr'>περὶ</span> <span class='ocrx_word' id='word_1_540' title='bbox 2685 3200 2844 3252; x_wconf 77' lang='grc' dir='ltr'>αὑτοῦ</span> <span class='ocrx_word' id='word_1_541' title='bbox 2901 3199 2967 3259; x_wconf 82' lang='grc' dir='ltr'>εἰς</span> <span class='ocrx_word' id='word_1_542' title='bbox 3018 3201 3188 3250; x_wconf 81' lang='grc' dir='ltr'>πάντα</span> <span class='ocrx_word' id='word_1_543' title='bbox 3241 3201 3394 3249; x_wconf 81' lang='grc' dir='ltr'>τόπον</span> <span class='ocrx_word' id='word_1_544' title='bbox 3449 3205 3539 3256; x_wconf 78' lang='grc' dir='ltr'>τῆς</span> <span class='ocrx_word' id='word_1_545' title='bbox 3578 3216 3732 3268; x_wconf 75' lang='grc' dir='ltr'>περιο</span> 
     </span>
    </p>
   </div>
   <div class='ocr_carea' id='block_1_80' title="bbox 2126 3285 3731 3366">
    <p class='ocr_par' dir='ltr' id='par_1_80' title="bbox 2126 3285 3731 3366">
     <span class='ocr_line' id='line_1_80' title="bbox 2126 3285 3731 3366; baseline -0.003 -24"><span class='ocrx_word' id='word_1_546' title='bbox 2126 3298 2327 3366; x_wconf 81' lang='grc' dir='ltr'>χωρου-</span> <span class='ocrx_word' id='word_1_547' title='bbox 2357 3290 2543 3348; x_wconf 78' lang='grc' dir='ltr'>Ἀκοήν</span> <span class='ocrx_word' id='word_1_548' title='bbox 2593 3286 2651 3341; x_wconf 78' lang='grc' dir='ltr'>δε</span> <span class='ocrx_word' id='word_1_549' title='bbox 2695 3293 2783 3341; x_wconf 81' lang='grc' dir='ltr'>καὶ</span> <span class='ocrx_word' id='word_1_550' title='bbox 2833 3285 2986 3360; x_wconf 73' lang='grc' dir='ltr'>ἦχον,</span> <span class='ocrx_word' id='word_1_551' title='bbox 3034 3292 3126 3345; x_wconf 84' lang='grc' dir='ltr'>τήν</span> <span class='ocrx_word' id='word_1_552' title='bbox 3170 3291 3285 3359; x_wconf 85' lang='grc' dir='ltr'>περὶ</span> <span class='ocrx_word' id='word_1_553' title='bbox 3339 3285 3495 3338; x_wconf 75' lang='grc' dir='ltr'>αὐτοῦ</span> <span class='ocrx_word' id='word_1_554' title='bbox 3542 3291 3731 3358; x_wconf 77' lang='grc' dir='ltr'>φήμην</span> 
     </span>
    </p>
   </div>
   <div class='ocr_carea' id='block_1_81' title="bbox 2125 3374 3732 3452">
    <p class='ocr_par' dir='ltr' id='par_1_81' title="bbox 2125 3374 3732 3452">
     <span class='ocr_line' id='line_1_81' title="bbox 2125 3374 3732 3452; baseline -0.004 -20"><span class='ocrx_word' id='word_1_555' title='bbox 2125 3381 2380 3452; x_wconf 82' lang='grc' dir='ltr'>λέγουσιν.</span> <span class='ocrx_word' id='word_1_556' title='bbox 2437 3379 2536 3431; x_wconf 74' lang='grc' dir='ltr'>⁴Ὴν</span> <span class='ocrx_word' id='word_1_557' title='bbox 2592 3374 2650 3430; x_wconf 79' lang='grc' dir='ltr'>δε</span> <span class='ocrx_word' id='word_1_558' title='bbox 2708 3376 2815 3430; x_wconf 82' lang='grc' dir='ltr'>εἶπε</span> <span class='ocrx_word' id='word_1_559' title='bbox 2861 3382 3048 3449; x_wconf 84' lang='grc' dir='ltr'>Συρίαν</span> <span class='ocrx_word' id='word_1_560' title='bbox 3100 3377 3125 3427; x_wconf 92' lang='grc' dir='ltr'>ό</span> <span class='ocrx_word' id='word_1_561' title='bbox 3182 3377 3465 3442; x_wconf 63' lang='grc' dir='ltr'>ὺῘατθαίος,</span> <span class='ocrx_word' id='word_1_562' title='bbox 3523 3377 3732 3432; x_wconf 83' lang='grc' dir='ltr'>ταύτην</span> 
     </span>
    </p>
   </div>
   <div class='ocr_carea' id='block_1_82' title="bbox 2128 3463 3733 3541">
    <p class='ocr_par' dir='ltr' id='par_1_82' title="bbox 2128 3463 3733 3541">
     <span class='ocr_line' id='line_1_82' title="bbox 2128 3463 3733 3541; baseline -0.003 -19"><span class='ocrx_word' id='word_1_563' title='bbox 2128 3467 2265 3522; x_wconf 85' lang='grc' dir='ltr'>εἶπον</span> <span class='ocrx_word' id='word_1_564' title='bbox 2327 3473 2375 3522; x_wconf 86' lang='grc' dir='ltr'>οί</span> <span class='ocrx_word' id='word_1_565' title='bbox 2443 3468 2587 3520; x_wconf 74' lang='grc' dir='ltr'>ἄλλοι</span> <span class='ocrx_word' id='word_1_566' title='bbox 2637 3471 2932 3541; x_wconf 86' lang='grc' dir='ltr'>περίχωρον</span> <span class='ocrx_word' id='word_1_567' title='bbox 2995 3473 3090 3525; x_wconf 81' lang='grc' dir='ltr'>τῆς</span> <span class='ocrx_word' id='word_1_568' title='bbox 3143 3464 3431 3524; x_wconf 85' lang='grc' dir='ltr'>Γαλιλαίας·</span> <span class='ocrx_word' id='word_1_569' title='bbox 3495 3463 3733 3521; x_wconf 81' lang='grc' dir='ltr'>Ἀπῆλθε</span> 
     </span>
    </p>
   </div>
   <div class='ocr_carea' id='block_1_83' title="bbox 2129 3549 3728 3630">
    <p class='ocr_par' dir='ltr' id='par_1_83' title="bbox 2129 3549 3728 3630">
     <span class='ocr_line' id='line_1_83' title="bbox 2129 3549 3728 3630; baseline -0.004 -19"><span class='ocrx_word' id='word_1_570' title='bbox 2129 3557 2186 3611; x_wconf 75' lang='grc' dir='ltr'>δὲ</span> <span class='ocrx_word' id='word_1_571' title='bbox 2236 3561 2264 3617; x_wconf 77' lang='grc' dir='ltr'>ἡ</span> <span class='ocrx_word' id='word_1_572' title='bbox 2327 3562 2444 3630; x_wconf 83' lang='grc' dir='ltr'>περὶ</span> <span class='ocrx_word' id='word_1_573' title='bbox 2502 3557 2659 3608; x_wconf 77' lang='grc' dir='ltr'>αὐτοῦ</span> <span class='ocrx_word' id='word_1_574' title='bbox 2716 3555 2866 3621; x_wconf 79' lang='grc' dir='ltr'>ακοὴ,</span> <span class='ocrx_word' id='word_1_575' title='bbox 2928 3551 3065 3608; x_wconf 86' lang='grc' dir='ltr'>διότι</span> <span class='ocrx_word' id='word_1_576' title='bbox 3127 3561 3344 3606; x_wconf 84' lang='grc' dir='ltr'>τοιαῦτα</span> <span class='ocrx_word' id='word_1_577' title='bbox 3413 3549 3728 3618; x_wconf 79' lang='grc' dir='ltr'>ἐδίδασκεν,</span> 
     </span>
    </p>
   </div>
   <div class='ocr_carea' id='block_1_84' title="bbox 2127 3641 3731 3713">
    <p class='ocr_par' dir='ltr' id='par_1_84' title="bbox 2127 3641 3731 3713">
     <span class='ocr_line' id='line_1_84' title="bbox 2127 3641 3731 3713; baseline -0.002 -15"><span class='ocrx_word' id='word_1_578' title='bbox 2127 3647 2212 3698; x_wconf 83' lang='grc' dir='ltr'>οἷα</span> <span class='ocrx_word' id='word_1_579' title='bbox 2256 3643 2502 3698; x_wconf 86' lang='grc' dir='ltr'>ούδέποτε</span> <span class='ocrx_word' id='word_1_580' title='bbox 2539 3649 2790 3711; x_wconf 80' lang='grc' dir='ltr'>ἤκουσαν,</span> <span class='ocrx_word' id='word_1_581' title='bbox 2829 3649 2918 3696; x_wconf 85' lang='grc' dir='ltr'>καὶ</span> <span class='ocrx_word' id='word_1_582' title='bbox 2966 3646 3044 3696; x_wconf 90' lang='grc' dir='ltr'>ὃτι</span> <span class='ocrx_word' id='word_1_583' title='bbox 3093 3647 3212 3705; x_wconf 77' lang='grc' dir='ltr'>τοὺς</span> <span class='ocrx_word' id='word_1_584' title='bbox 3254 3642 3437 3713; x_wconf 88' lang='grc' dir='ltr'>λόγους</span> <span class='ocrx_word' id='word_1_585' title='bbox 3485 3641 3731 3694; x_wconf 71' lang='grc' dir='ltr'>ἐϐεϐαίου</span> 
     </span>
    </p>
   </div>
   <div class='ocr_carea' id='block_1_85' title="bbox 2124 3727 3726 3807">
    <p class='ocr_par' dir='ltr' id='par_1_85' title="bbox 2124 3727 3726 3807">
     <span class='ocr_line' id='line_1_85' title="bbox 2124 3727 3726 3807; baseline -0.003 -21"><span class='ocrx_word' id='word_1_586' title='bbox 2124 3743 2228 3796; x_wconf 87' lang='grc' dir='ltr'>τοῖς</span> <span class='ocrx_word' id='word_1_587' title='bbox 2287 3737 2538 3807; x_wconf 85' lang='grc' dir='ltr'>θαύμασι,</span> <span class='ocrx_word' id='word_1_588' title='bbox 2595 3739 2684 3786; x_wconf 82' lang='grc' dir='ltr'>καὶ</span> <span class='ocrx_word' id='word_1_589' title='bbox 2735 3736 2811 3786; x_wconf 81' lang='grc' dir='ltr'>ὅτι</span> <span class='ocrx_word' id='word_1_590' title='bbox 2862 3732 3263 3796; x_wconf 75' lang='grc' dir='ltr'>ἔξουσιαστικώς</span> <span class='ocrx_word' id='word_1_591' title='bbox 3310 3736 3395 3782; x_wconf 87' lang='grc' dir='ltr'>καί</span> <span class='ocrx_word' id='word_1_592' title='bbox 3439 3727 3726 3797; x_wconf 79' lang='grc' dir='ltr'>ἐδίδασκε,</span> 
     </span>
    </p>
   </div>
   <div class='ocr_carea' id='block_1_86' title="bbox 2123 3818 3730 3897">
    <p class='ocr_par' dir='ltr' id='par_1_86' title="bbox 2123 3818 3730 3897">
     <span class='ocr_line' id='line_1_86' title="bbox 2123 3818 3730 3897; baseline -0.004 -22"><span class='ocrx_word' id='word_1_593' title='bbox 2123 3828 2212 3876; x_wconf 86' lang='grc' dir='ltr'>καὶ</span> <span class='ocrx_word' id='word_1_594' title='bbox 2265 3823 2691 3896; x_wconf 82' lang='grc' dir='ltr'>ἐθαυματούργει,</span> <span class='ocrx_word' id='word_1_595' title='bbox 2748 3825 2817 3885; x_wconf 84' lang='grc' dir='ltr'>ὡς</span> <span class='ocrx_word' id='word_1_596' title='bbox 2872 3823 3112 3897; x_wconf 76' lang='grc' dir='ltr'>εὑρήσεις</span> <span class='ocrx_word' id='word_1_597' title='bbox 3160 3825 3499 3894; x_wconf 75' lang='grc' dir='ltr'>φανερώτερον</span> <span class='ocrx_word' id='word_1_598' title='bbox 3547 3818 3596 3870; x_wconf 79' lang='grc' dir='ltr'>ἐν</span> <span class='ocrx_word' id='word_1_599' title='bbox 3645 3828 3730 3889; x_wconf 84' lang='grc' dir='ltr'>τῷ</span> 
     </span>
    </p>
   </div>
   <div class='ocr_carea' id='block_1_87' title="bbox 2123 3914 2339 3986">
    <p class='ocr_par' dir='ltr' id='par_1_87' title="bbox 2123 3914 2339 3986">
     <span class='ocr_line' id='line_1_87' title="bbox 2123 3914 2339 3986; baseline 0.009 -21"><span class='ocrx_word' id='word_1_600' title='bbox 2123 3914 2339 3986; x_wconf 76' lang='grc' dir='ltr'>Μάρκῳ.</span> 
     </span>
    </p>
   </div>
   <div class='ocr_carea' id='block_1_88' title="bbox 2193 4093 3730 4172">
    <p class='ocr_par' dir='ltr' id='par_1_88' title="bbox 2193 4093 3730 4172">
     <span class='ocr_line' id='line_1_88' title="bbox 2193 4093 3730 4172; baseline -0.005 -21"><span class='ocrx_word' id='word_1_601' title='bbox 2193 4102 2293 4151; x_wconf 82' lang='grc' dir='ltr'>Καὶ</span> <span class='ocrx_word' id='word_1_602' title='bbox 2344 4129 2410 4138; x_wconf 88' lang='grc'><strong><em>-</em></strong></span> <span class='ocrx_word' id='word_1_603' title='bbox 2465 4096 2798 4172; x_wconf 78' lang='grc' dir='ltr'>ἐθεράπευσεν</span> <span class='ocrx_word' id='word_1_604' title='bbox 2857 4095 3066 4156; x_wconf 78' lang='grc' dir='ltr'>αύτούς.</span> <span class='ocrx_word' id='word_1_605' title='bbox 3112 4097 3257 4147; x_wconf 81' lang='grc' dir='ltr'>Μετὰ</span> <span class='ocrx_word' id='word_1_606' title='bbox 3316 4096 3394 4157; x_wconf 85' lang='grc' dir='ltr'>τὸ,</span> <span class='ocrx_word' id='word_1_607' title='bbox 3453 4093 3730 4155; x_wconf 84' lang='grc' dir='ltr'>ποικίλαις</span> 
     </span>
    </p>
   </div>
   <div class='ocr_carea' id='block_1_89' title="bbox 2119 4178 3730 4252">
    <p class='ocr_par' dir='ltr' id='par_1_89' title="bbox 2119 4178 3730 4252">
     <span class='ocr_line' id='line_1_89' title="bbox 2119 4178 3730 4252; baseline -0.004 -14"><span class='ocrx_word' id='word_1_608' title='bbox 2119 4190 2312 4251; x_wconf 89' lang='grc' dir='ltr'>νόσοις,</span> <span class='ocrx_word' id='word_1_609' title='bbox 2374 4189 2602 4238; x_wconf 89' lang='grc' dir='ltr'>στικτέον</span> <span class='ocrx_word' id='word_1_610' title='bbox 2666 4183 2880 4236; x_wconf 86' lang='grc' dir='ltr'>τελείαν.</span> <span class='ocrx_word' id='word_1_611' title='bbox 2959 4184 3220 4242; x_wconf 77' lang='grc' dir='ltr'>Βασάνους</span> <span class='ocrx_word' id='word_1_612' title='bbox 3289 4178 3346 4234; x_wconf 80' lang='grc' dir='ltr'>δὲ</span> <span class='ocrx_word' id='word_1_613' title='bbox 3407 4180 3559 4252; x_wconf 84' lang='grc' dir='ltr'>λέγει,</span> <span class='ocrx_word' id='word_1_614' title='bbox 3625 4183 3730 4244; x_wconf 83' lang='grc' dir='ltr'>τὰς</span> 
     </span>
    </p>
   </div>
   <div class='ocr_carea' id='block_1_90' title="bbox 2121 4268 3730 4342">
    <p class='ocr_par' dir='ltr' id='par_1_90' title="bbox 2121 4268 3730 4342">
     <span class='ocr_line' id='line_1_90' title="bbox 2121 4268 3730 4342; baseline -0.002 -16"><span class='ocrx_word' id='word_1_615' title='bbox 2121 4274 2220 4326; x_wconf 79' lang='grc' dir='ltr'>ἀπὸ</span> <span class='ocrx_word' id='word_1_616' title='bbox 2277 4282 2376 4326; x_wconf 86' lang='grc' dir='ltr'>τῶν</span> <span class='ocrx_word' id='word_1_617' title='bbox 2429 4279 2590 4327; x_wconf 90' lang='grc' dir='ltr'>νόσων</span> <span class='ocrx_word' id='word_1_618' title='bbox 2651 4269 2856 4333; x_wconf 84' lang='grc' dir='ltr'>ὀδύνας.</span> <span class='ocrx_word' id='word_1_619' title='bbox 2912 4271 2970 4324; x_wconf 78' lang='grc' dir='ltr'><strong>Ὀ</strong></span> <span class='ocrx_word' id='word_1_620' title='bbox 3025 4268 3084 4324; x_wconf 73' lang='grc' dir='ltr'>δὲ</span> <span class='ocrx_word' id='word_1_621' title='bbox 3153 4271 3500 4342; x_wconf 80' lang='grc' dir='ltr'>σεληνιασμὸς</span> <span class='ocrx_word' id='word_1_622' title='bbox 3548 4272 3730 4333; x_wconf 75' lang='grc' dir='ltr'>πάθος</span> 
     </span>
    </p>
   </div>
   <div class='ocr_carea' id='block_1_91' title="bbox 2121 4360 3728 4434">
    <p class='ocr_par' dir='ltr' id='par_1_91' title="bbox 2121 4360 3728 4434">
     <span class='ocr_line' id='line_1_91' title="bbox 2121 4360 3728 4434; baseline -0.001 -20"><span class='ocrx_word' id='word_1_623' title='bbox 2121 4362 2262 4415; x_wconf 81' lang='grc' dir='ltr'>ἐστὶν</span> <span class='ocrx_word' id='word_1_624' title='bbox 2335 4362 2434 4415; x_wconf 82' lang='grc' dir='ltr'>ἀπὸ</span> <span class='ocrx_word' id='word_1_625' title='bbox 2495 4367 2796 4420; x_wconf 88' lang='grc' dir='ltr'>σεσηπότων</span> <span class='ocrx_word' id='word_1_626' title='bbox 2871 4369 3056 4434; x_wconf 85' lang='grc' dir='ltr'>χυμῶν</span> <span class='ocrx_word' id='word_1_627' title='bbox 3117 4361 3507 4431; x_wconf 81' lang='grc' dir='ltr'>συνιστάμενος.</span> <span class='ocrx_word' id='word_1_628' title='bbox 3570 4360 3728 4412; x_wconf 76' lang='grc' dir='ltr'>Ἐπεὶ</span> 
     </span>
    </p>
   </div>
   <div class='ocr_carea' id='block_1_92' title="bbox 2117 4450 3724 4527">
    <p class='ocr_par' dir='ltr' id='par_1_92' title="bbox 2117 4450 3724 4527">
     <span class='ocr_line' id='line_1_92' title="bbox 2117 4450 3724 4527; baseline -0.002 -23"><span class='ocrx_word' id='word_1_629' title='bbox 2117 4455 2217 4527; x_wconf 80' lang='grc' dir='ltr'>γὰρ</span> <span class='ocrx_word' id='word_1_630' title='bbox 2247 4453 2364 4522; x_wconf 83' lang='grc'>(17)</span> <span class='ocrx_word' id='word_1_631' title='bbox 2408 4454 2436 4510; x_wconf 85' lang='grc' dir='ltr'>ή</span> <span class='ocrx_word' id='word_1_632' title='bbox 2487 4451 2694 4518; x_wconf 82' lang='grc' dir='ltr'>σελήνη,</span> <span class='ocrx_word' id='word_1_633' title='bbox 2727 4451 3023 4522; x_wconf 72' lang='grc' dir='ltr'>πλησιεραής</span> <span class='ocrx_word' id='word_1_634' title='bbox 3070 4453 3334 4522; x_wconf 81' lang='grc' dir='ltr'>γινομένη,</span> <span class='ocrx_word' id='word_1_635' title='bbox 3370 4451 3524 4520; x_wconf 78' lang='grc' dir='ltr'>φύσιν</span> <span class='ocrx_word' id='word_1_636' title='bbox 3578 4450 3724 4518; x_wconf 82' lang='grc' dir='ltr'>ἔχει,</span> 
     </span>
    </p>
   </div>
   <div class='ocr_carea' id='block_1_93' title="bbox 361 4535 2020 4612">
    <p class='ocr_par' dir='ltr' id='par_1_93' title="bbox 361 4535 2009 4611">
     <span class='ocr_line' id='line_1_93' title="bbox 361 4535 2009 4611; baseline 0.003 -21"><span class='ocrx_word' id='word_1_637' title='bbox 361 4549 465 4606; x_wconf 90' lang='lat' dir='ltr'>per</span> <span class='ocrx_word' id='word_1_638' title='bbox 494 4535 864 4606; x_wconf 89' lang='lat' dir='ltr'>splendorem</span> <span class='ocrx_word' id='word_1_639' title='bbox 904 4552 1080 4592; x_wconf 93' lang='lat' dir='ltr'>suum</span> <span class='ocrx_word' id='word_1_640' title='bbox 1113 4537 1483 4593; x_wconf 89' lang='lat' dir='ltr'>attractivam</span> <span class='ocrx_word' id='word_1_641' title='bbox 1515 4537 1860 4605; x_wconf 91' lang='lat' dir='ltr'>humorum,</span> <span class='ocrx_word' id='word_1_642' title='bbox 1906 4540 2009 4611; x_wconf 90' lang='lat' dir='ltr'>qui</span> 
     </span>
    </p>
   </div>
   <div class='ocr_carea' id='block_1_94' title="bbox 2139 4535 3728 4612">
    <p class='ocr_par' dir='ltr' id='par_1_94' title="bbox 2139 4536 3728 4612">
     <span class='ocr_line' id='line_1_94' title="bbox 2139 4536 3728 4612; baseline -0.003 -19"><span class='ocrx_word' id='word_1_643' title='bbox 2139 4539 2213 4593; x_wconf 65' lang='lat' dir='ltr'>ha</span> <span class='ocrx_word' id='word_1_644' title='bbox 2240 4550 2333 4602; x_wconf 78' lang='grc' dir='ltr'>τῆς</span> <span class='ocrx_word' id='word_1_645' title='bbox 2379 4539 2564 4592; x_wconf 85' lang='grc' dir='ltr'>ἐκεῖθεν</span> <span class='ocrx_word' id='word_1_646' title='bbox 2617 4544 2946 4612; x_wconf 86' lang='grc' dir='ltr'>πεμπομένης</span> <span class='ocrx_word' id='word_1_647' title='bbox 2994 4539 3160 4611; x_wconf 73' lang='grc' dir='ltr'>αὐγῇς</span> <span class='ocrx_word' id='word_1_648' title='bbox 3219 4537 3469 4609; x_wconf 79' lang='grc' dir='ltr'>ἀνασχεῖν</span> <span class='ocrx_word' id='word_1_649' title='bbox 3519 4539 3614 4598; x_wconf 84' lang='grc' dir='ltr'>τὰς</span> <span class='ocrx_word' id='word_1_650' title='bbox 3669 4536 3728 4589; x_wconf 79' lang='grc' dir='ltr'>ἐν</span> 
     </span>
    </p>
   </div>
   <div class='ocr_carea' id='block_1_95' title="bbox 361 4623 2006 4694">
    <p class='ocr_par' dir='ltr' id='par_1_95' title="bbox 361 4623 2006 4694">
     <span class='ocr_line' id='line_1_95' title="bbox 361 4623 2006 4694; baseline 0.004 -17"><span class='ocrx_word' id='word_1_651' title='bbox 361 4623 421 4678; x_wconf 89' lang='lat' dir='ltr'>in</span> <span class='ocrx_word' id='word_1_652' title='bbox 451 4623 803 4694; x_wconf 87' lang='lat' dir='ltr'>corporibus</span> <span class='ocrx_word' id='word_1_653' title='bbox 837 4629 993 4690; x_wconf 89' lang='lat' dir='ltr'>sunt,</span> <span class='ocrx_word' id='word_1_654' title='bbox 1021 4625 1084 4680; x_wconf 86' lang='lat' dir='ltr'>ﬁt</span> <span class='ocrx_word' id='word_1_655' title='bbox 1126 4630 1189 4680; x_wconf 92' lang='lat' dir='ltr'>ut</span> <span class='ocrx_word' id='word_1_656' title='bbox 1216 4625 1278 4680; x_wconf 91' lang='lat' dir='ltr'>hi</span> <span class='ocrx_word' id='word_1_657' title='bbox 1318 4629 1457 4681; x_wconf 91' lang='lat' dir='ltr'>tunc</span> <span class='ocrx_word' id='word_1_658' title='bbox 1503 4627 1828 4683; x_wconf 88' lang='lat' dir='ltr'>turbentur.</span> <span class='ocrx_word' id='word_1_659' title='bbox 1879 4628 2006 4683; x_wconf 91' lang='lat' dir='ltr'>Fre-</span> 
     </span>
    </p>
   </div>
   <div class='ocr_carea' id='block_1_96' title="bbox 361 4713 2006 4788">
    <p class='ocr_par' dir='ltr' id='par_1_96' title="bbox 361 4713 2006 4788">
     <span class='ocr_line' id='line_1_96' title="bbox 361 4713 2006 4788; baseline 0.004 -23"><span class='ocrx_word' id='word_1_660' title='bbox 361 4726 553 4782; x_wconf 91' lang='lat' dir='ltr'>quens</span> <span class='ocrx_word' id='word_1_661' title='bbox 583 4713 798 4767; x_wconf 91' lang='lat' dir='ltr'>etenim</span> <span class='ocrx_word' id='word_1_662' title='bbox 829 4727 899 4767; x_wconf 89' lang='lat' dir='ltr'>ac</span> <span class='ocrx_word' id='word_1_663' title='bbox 923 4728 1142 4783; x_wconf 87' lang='lat' dir='ltr'>pravus</span> <span class='ocrx_word' id='word_1_664' title='bbox 1189 4729 1380 4786; x_wconf 86' lang='lat' dir='ltr'>vapor</span> <span class='ocrx_word' id='word_1_665' title='bbox 1409 4714 1486 4770; x_wconf 87' lang='lat' dir='ltr'>ab</span> <span class='ocrx_word' id='word_1_666' title='bbox 1533 4715 1674 4787; x_wconf 90' lang='lat' dir='ltr'>ipsis</span> <span class='ocrx_word' id='word_1_667' title='bbox 1728 4715 2006 4788; x_wconf 89' lang='lat' dir='ltr'>elevatus,</span> 
     </span>
    </p>
   </div>
   <div class='ocr_carea' id='block_1_97' title="bbox 363 4799 2008 4877">
    <p class='ocr_par' dir='ltr' id='par_1_97' title="bbox 363 4799 2008 4877">
     <span class='ocr_line' id='line_1_97' title="bbox 363 4799 2008 4877; baseline 0.004 -21"><span class='ocrx_word' id='word_1_668' title='bbox 363 4799 673 4856; x_wconf 90' lang='lat' dir='ltr'>cerebrum</span> <span class='ocrx_word' id='word_1_669' title='bbox 687 4799 952 4866; x_wconf 88' lang='lat' dir='ltr'>dilaniat,</span> <span class='ocrx_word' id='word_1_670' title='bbox 980 4799 1406 4875; x_wconf 90' lang='lat' dir='ltr'>hominemque</span> <span class='ocrx_word' id='word_1_671' title='bbox 1432 4808 1778 4877; x_wconf 87' lang='lat' dir='ltr'>contorquet</span> <span class='ocrx_word' id='word_1_672' title='bbox 1813 4821 2008 4872; x_wconf 90' lang='lat' dir='ltr'>;cum-</span> 
     </span>
    </p>
   </div>
   <div class='ocr_carea' id='block_1_98' title="bbox 361 4889 2010 4974">
    <p class='ocr_par' dir='ltr' id='par_1_98' title="bbox 361 4889 2010 4974">
     <span class='ocr_line' id='line_1_98' title="bbox 361 4889 2010 4974; baseline 0.005 -29"><span class='ocrx_word' id='word_1_673' title='bbox 361 4905 479 4964; x_wconf 89' lang='lat' dir='ltr'>que</span> <span class='ocrx_word' id='word_1_674' title='bbox 506 4890 637 4946; x_wconf 58' lang='lat' dir='ltr'>hac</span> <span class='ocrx_word' id='word_1_675' title='bbox 668 4906 702 4948; x_wconf 88' lang='lat' dir='ltr'>a</span> <span class='ocrx_word' id='word_1_676' title='bbox 753 4889 898 4947; x_wconf 91' lang='lat' dir='ltr'>luna</span> <span class='ocrx_word' id='word_1_677' title='bbox 945 4891 1262 4962; x_wconf 88' lang='lat' dir='ltr'>patiantur,</span> <span class='ocrx_word' id='word_1_678' title='bbox 1315 4892 1562 4950; x_wconf 88' lang='lat' dir='ltr'>lunatici</span> <span class='ocrx_word' id='word_1_679' title='bbox 1614 4895 2010 4974; x_wconf 57' lang='lat' dir='ltr'>appellantur.</span> 
     </span>
    </p>
   </div>
   <div class='ocr_carea' id='block_1_99' title="bbox 361 4977 2010 5055">
    <p class='ocr_par' dir='ltr' id='par_1_99' title="bbox 361 4977 2010 5055">
     <span class='ocr_line' id='line_1_99' title="bbox 361 4977 2010 5055; baseline 0.004 -20"><span class='ocrx_word' id='word_1_680' title='bbox 361 4980 580 5036; x_wconf 91' lang='lat' dir='ltr'>Verum</span> <span class='ocrx_word' id='word_1_681' title='bbox 607 4995 711 5036; x_wconf 90' lang='lat' dir='ltr'>cur</span> <span class='ocrx_word' id='word_1_682' title='bbox 743 4996 774 5035; x_wconf 89' lang='lat' dir='ltr'>a</span> <span class='ocrx_word' id='word_1_683' title='bbox 807 4977 964 5036; x_wconf 92' lang='lat' dir='ltr'>nullo</span> <span class='ocrx_word' id='word_1_684' title='bbox 1011 4981 1228 5037; x_wconf 91' lang='lat' dir='ltr'>horum</span> <span class='ocrx_word' id='word_1_685' title='bbox 1259 4983 1611 5055; x_wconf 88' lang='lat' dir='ltr'>priusquam</span> <span class='ocrx_word' id='word_1_686' title='bbox 1657 4990 1906 5053; x_wconf 91' lang='lat' dir='ltr'>curaret,</span> <span class='ocrx_word' id='word_1_687' title='bbox 1935 4986 2010 5044; x_wconf 90' lang='lat' dir='ltr'>de</span> 
     </span>
    </p>
   </div>
   <div class='ocr_carea' id='block_1_100' title="bbox 362 5068 2010 5147">
    <p class='ocr_par' dir='ltr' id='par_1_100' title="bbox 362 5068 2010 5147">
     <span class='ocr_line' id='line_1_100' title="bbox 362 5068 2010 5147; baseline 0.005 -24"><span class='ocrx_word' id='word_1_688' title='bbox 362 5068 477 5125; x_wconf 78' lang='lat' dir='ltr'>ﬁde</span> <span class='ocrx_word' id='word_1_689' title='bbox 500 5069 829 5143; x_wconf 89' lang='lat' dir='ltr'>requisivit,</span> <span class='ocrx_word' id='word_1_690' title='bbox 874 5070 1388 5143; x_wconf 91' lang='lat' dir='ltr'>quemadmodum</span> <span class='ocrx_word' id='word_1_691' title='bbox 1419 5077 1626 5144; x_wconf 92' lang='lat' dir='ltr'>postea</span> <span class='ocrx_word' id='word_1_692' title='bbox 1651 5073 1785 5130; x_wconf 88' lang='lat' dir='ltr'>fecit</span> <span class='ocrx_word' id='word_1_693' title='bbox 1821 5089 1857 5131; x_wconf 92' lang='lat' dir='ltr'>a</span> <span class='ocrx_word' id='word_1_694' title='bbox 1882 5074 2010 5147; x_wconf 88' lang='lat' dir='ltr'>plu-</span> 
     </span>
    </p>
   </div>
   <div class='ocr_carea' id='block_1_101' title="bbox 434 5247 1785 5316">
    <p class='ocr_par' dir='ltr' id='par_1_101' title="bbox 434 5247 1785 5316">
     <span class='ocr_line' id='line_1_101' title="bbox 434 5247 1785 5316; baseline 0.001 -13"><span class='ocrx_word' id='word_1_695' title='bbox 434 5247 480 5282; x_wconf 79' lang='grc'>⁷⁸</span> <span class='ocrx_word' id='word_1_696' title='bbox 506 5247 676 5304; x_wconf 81' lang='lat' dir='ltr'>Marc.</span> <span class='ocrx_word' id='word_1_697' title='bbox 702 5263 740 5313; x_wconf 86' lang='grc' dir='ltr'>ι,</span> <span class='ocrx_word' id='word_1_698' title='bbox 771 5250 858 5306; x_wconf 80' lang='grc'>14.</span> <span class='ocrx_word' id='word_1_699' title='bbox 936 5250 983 5284; x_wconf 74' lang='grc' dir='ltr'>⁷ο</span> <span class='ocrx_word' id='word_1_700' title='bbox 1018 5248 1168 5305; x_wconf 81' lang='lat' dir='ltr'>Ibid.</span> <span class='ocrx_word' id='word_1_701' title='bbox 1199 5252 1269 5304; x_wconf 84' lang='lat'>28</span> <span class='ocrx_word' id='word_1_702' title='bbox 1344 5251 1390 5286; x_wconf 78' lang='grc' dir='ltr'>⁸ο</span> <span class='ocrx_word' id='word_1_703' title='bbox 1419 5250 1558 5306; x_wconf 92' lang='lat' dir='ltr'>Luc.</span> <span class='ocrx_word' id='word_1_704' title='bbox 1591 5267 1664 5316; x_wconf 76' lang='grc' dir='ltr'>ιν,</span> <span class='ocrx_word' id='word_1_705' title='bbox 1699 5254 1785 5307; x_wconf 89' lang='lat'>37.</span> 
     </span>
    </p>
   </div>
   <div class='ocr_carea' id='block_1_102' title="bbox 2119 4629 3732 4702">
    <p class='ocr_par' dir='ltr' id='par_1_102' title="bbox 2119 4629 3732 4702">
     <span class='ocr_line' id='line_1_102' title="bbox 2119 4629 3732 4702; baseline -0.001 -20"><span class='ocrx_word' id='word_1_706' title='bbox 2119 4638 2227 4692; x_wconf 89' lang='grc' dir='ltr'>τοῖς</span> <span class='ocrx_word' id='word_1_707' title='bbox 2305 4635 2537 4702; x_wconf 80' lang='grc' dir='ltr'>σώμασιν</span> <span class='ocrx_word' id='word_1_708' title='bbox 2624 4632 2934 4702; x_wconf 72' lang='grc' dir='ltr'>ὑγρότητας,</span> <span class='ocrx_word' id='word_1_709' title='bbox 2997 4629 3351 4700; x_wconf 78' lang='grc' dir='ltr'>ταράσσονται</span> <span class='ocrx_word' id='word_1_710' title='bbox 3424 4635 3732 4684; x_wconf 82' lang='grc' dir='ltr'>τηνικαῦτα</span> 
     </span>
    </p>
   </div>
   <div class='ocr_carea' id='block_1_103' title="bbox 2118 4711 3731 4787">
    <p class='ocr_par' dir='ltr' id='par_1_103' title="bbox 2118 4711 3731 4787">
     <span class='ocr_line' id='line_1_103' title="bbox 2118 4711 3731 4787; baseline 0 -17"><span class='ocrx_word' id='word_1_711' title='bbox 2118 4723 2207 4770; x_wconf 82' lang='grc' dir='ltr'>καὶ</span> <span class='ocrx_word' id='word_1_712' title='bbox 2263 4718 2423 4786; x_wconf 79' lang='grc' dir='ltr'>οὗτοι,</span> <span class='ocrx_word' id='word_1_713' title='bbox 2465 4723 2553 4770; x_wconf 87' lang='grc' dir='ltr'>καὶ</span> <span class='ocrx_word' id='word_1_714' title='bbox 2614 4717 2788 4770; x_wconf 87' lang='grc' dir='ltr'>λοιπὸν</span> <span class='ocrx_word' id='word_1_715' title='bbox 2844 4715 2894 4780; x_wconf 80' lang='grc' dir='ltr'>ἐξ</span> <span class='ocrx_word' id='word_1_716' title='bbox 2951 4716 3118 4768; x_wconf 74' lang='grc' dir='ltr'>αὐτῶν</span> <span class='ocrx_word' id='word_1_717' title='bbox 3173 4716 3331 4787; x_wconf 80' lang='grc' dir='ltr'>ἀτμὸς</span> <span class='ocrx_word' id='word_1_718' title='bbox 3379 4711 3572 4787; x_wconf 82' lang='grc' dir='ltr'>δριμύς</span> <span class='ocrx_word' id='word_1_719' title='bbox 3625 4722 3731 4770; x_wconf 78' lang='grc' dir='ltr'>καὶ</span> 
     </span>
    </p>
   </div>
   <div class='ocr_carea' id='block_1_104' title="bbox 2117 4804 3724 4881">
    <p class='ocr_par' dir='ltr' id='par_1_104' title="bbox 2117 4804 3724 4881">
     <span class='ocr_line' id='line_1_104' title="bbox 2117 4804 3724 4881; baseline -0.002 -21"><span class='ocrx_word' id='word_1_720' title='bbox 2117 4812 2336 4880; x_wconf 87' lang='grc' dir='ltr'>πονηρὸς</span> <span class='ocrx_word' id='word_1_721' title='bbox 2411 4807 2796 4881; x_wconf 72' lang='grc' dir='ltr'>ἀναφερόμενος,</span> <span class='ocrx_word' id='word_1_722' title='bbox 2871 4807 3179 4876; x_wconf 83' lang='grc' dir='ltr'>σπαράσσει</span> <span class='ocrx_word' id='word_1_723' title='bbox 3248 4809 3334 4857; x_wconf 84' lang='grc' dir='ltr'>τόν</span> <span class='ocrx_word' id='word_1_724' title='bbox 3414 4804 3724 4876; x_wconf 70' lang='grc' dir='ltr'>ἐγκέφαλον,</span> 
     </span>
    </p>
   </div>
   <div class='ocr_carea' id='block_1_105' title="bbox 2117 4891 3732 4970">
    <p class='ocr_par' dir='ltr' id='par_1_105' title="bbox 2117 4891 3732 4970">
     <span class='ocr_line' id='line_1_105' title="bbox 2117 4891 3732 4970; baseline -0.002 -21"><span class='ocrx_word' id='word_1_725' title='bbox 2117 4903 2205 4949; x_wconf 82' lang='grc' dir='ltr'>καὶ</span> <span class='ocrx_word' id='word_1_726' title='bbox 2237 4895 2540 4970; x_wconf 77' lang='grc' dir='ltr'>διαστρέφει</span> <span class='ocrx_word' id='word_1_727' title='bbox 2568 4901 2653 4949; x_wconf 89' lang='grc' dir='ltr'>τόν</span> <span class='ocrx_word' id='word_1_728' title='bbox 2684 4898 2971 4969; x_wconf 77' lang='grc' dir='ltr'>ἄνθρωπον.</span> <span class='ocrx_word' id='word_1_729' title='bbox 3006 4899 3146 4948; x_wconf 88' lang='grc' dir='ltr'>Διότι</span> <span class='ocrx_word' id='word_1_730' title='bbox 3187 4891 3245 4946; x_wconf 73' lang='grc' dir='ltr'>δε</span> <span class='ocrx_word' id='word_1_731' title='bbox 3273 4901 3439 4946; x_wconf 70' lang='grc' dir='ltr'>ταῦτα</span> <span class='ocrx_word' id='word_1_732' title='bbox 3468 4912 3732 4965; x_wconf 84' lang='grc' dir='ltr'>πασχου-</span> 
     </span>
    </p>
   </div>
   <div class='ocr_carea' id='block_1_106' title="bbox 2121 4980 3725 5058">
    <p class='ocr_par' dir='ltr' id='par_1_106' title="bbox 2121 4980 3725 5058">
     <span class='ocr_line' id='line_1_106' title="bbox 2121 4980 3725 5058; baseline -0.003 -20"><span class='ocrx_word' id='word_1_733' title='bbox 2121 5006 2201 5038; x_wconf 92' lang='grc' dir='ltr'>σιν</span> <span class='ocrx_word' id='word_1_734' title='bbox 2233 4989 2330 5039; x_wconf 76' lang='grc' dir='ltr'>ὑπὸ</span> <span class='ocrx_word' id='word_1_735' title='bbox 2367 4987 2600 5053; x_wconf 76' lang='grc' dir='ltr'>σελήνης,</span> <span class='ocrx_word' id='word_1_736' title='bbox 2640 4986 2841 5058; x_wconf 86' lang='grc' dir='ltr'>λέγεται</span> <span class='ocrx_word' id='word_1_737' title='bbox 2873 4984 3238 5050; x_wconf 87' lang='grc' dir='ltr'>σεληνιασμός.</span> <span class='ocrx_word' id='word_1_738' title='bbox 3287 4988 3432 5036; x_wconf 87' lang='grc' dir='ltr'>Διατί</span> <span class='ocrx_word' id='word_1_739' title='bbox 3490 4980 3548 5034; x_wconf 77' lang='grc' dir='ltr'>δε</span> <span class='ocrx_word' id='word_1_740' title='bbox 3584 5001 3725 5057; x_wconf 78' lang='grc' dir='ltr'>παρ’</span> 
     </span>
    </p>
   </div>
   <div class='ocr_carea' id='block_1_107' title="bbox 2117 5070 3730 5149">
    <p class='ocr_par' dir='ltr' id='par_1_107' title="bbox 2117 5070 3730 5149">
     <span class='ocr_line' id='line_1_107' title="bbox 2117 5070 3730 5149; baseline -0.001 -21"><span class='ocrx_word' id='word_1_741' title='bbox 2117 5073 2323 5138; x_wconf 71' lang='grc' dir='ltr'>οὐδενός</span> <span class='ocrx_word' id='word_1_742' title='bbox 2368 5079 2559 5129; x_wconf 89' lang='grc' dir='ltr'>τούτων</span> <span class='ocrx_word' id='word_1_743' title='bbox 2616 5078 2715 5149; x_wconf 88' lang='grc' dir='ltr'>πρὸ</span> <span class='ocrx_word' id='word_1_744' title='bbox 2776 5083 2870 5137; x_wconf 78' lang='grc' dir='ltr'>τῆς</span> <span class='ocrx_word' id='word_1_745' title='bbox 2931 5076 3202 5146; x_wconf 85' lang='grc' dir='ltr'>θεραπείας</span> <span class='ocrx_word' id='word_1_746' title='bbox 3261 5071 3356 5126; x_wconf 84' lang='grc' dir='ltr'>ούκ</span> <span class='ocrx_word' id='word_1_747' title='bbox 3423 5070 3730 5132; x_wconf 75' lang='grc' dir='ltr'>ἐπεζήτησε</span> 
     </span>
    </p>
   </div>
   <div class='ocr_carea' id='block_1_108' title="bbox 1596 5377 2501 5448">
    <p class='ocr_par' dir='ltr' id='par_1_108' title="bbox 1596 5377 2501 5448">
     <span class='ocr_line' id='line_1_108' title="bbox 1596 5377 2501 5448; baseline -0.004 -1"><span class='ocrx_word' id='word_1_748' title='bbox 1596 5377 1813 5447; x_wconf 64' lang='lat' dir='ltr'>Varia)</span> <span class='ocrx_word' id='word_1_749' title='bbox 1851 5377 2181 5448; x_wconf 91' lang='lat' dir='ltr'>lectiones</span> <span class='ocrx_word' id='word_1_750' title='bbox 2209 5387 2273 5445; x_wconf 90' lang='lat' dir='ltr'>et</span> <span class='ocrx_word' id='word_1_751' title='bbox 2297 5383 2501 5444; x_wconf 77' lang='lat' dir='ltr'>notae.</span> 
     </span>
    </p>
   </div>
   <div class='ocr_carea' id='block_1_109' title="bbox 357 5540 2005 5670">
    <p class='ocr_par' dir='ltr' id='par_1_109' title="bbox 357 5540 2005 5670">
     <span class='ocr_line' id='line_1_109' title="bbox 357 5540 2005 5670; baseline -0.022 -31"><span class='ocrx_word' id='word_1_752' title='bbox 357 5540 831 5670; x_wconf 50' lang='grc' dir='ltr'>εεέξξζρυδίυοτ</span> <span class='ocrx_word' id='word_1_753' title='bbox 858 5541 1052 5617; x_wconf 69' lang='lat' dir='ltr'>Priora</span> <span class='ocrx_word' id='word_1_754' title='bbox 1079 5545 1368 5603; x_wconf 82' lang='lat' dir='ltr'>vocabula</span> <span class='ocrx_word' id='word_1_755' title='bbox 1408 5561 1530 5602; x_wconf 88' lang='lat' dir='ltr'>non</span> <span class='ocrx_word' id='word_1_756' title='bbox 1560 5547 1830 5620; x_wconf 87' lang='lat' dir='ltr'>agnoscit</span> <span class='ocrx_word' id='word_1_757' title='bbox 1856 5546 2005 5604; x_wconf 86' lang='lat' dir='ltr'>Hen-</span> 
     </span>
    </p>
   </div>
   <div class='ocr_carea' id='block_1_110' title="bbox 2184 5545 2754 5623">
    <p class='ocr_par' dir='ltr' id='par_1_110' title="bbox 2184 5545 2754 5623">
     <span class='ocr_line' id='line_1_110' title="bbox 2184 5545 2754 5623; baseline 0.002 -22"><span class='ocrx_word' id='word_1_758' title='bbox 2184 5545 2298 5623; x_wconf 86' lang='grc'>(17)</span> <span class='ocrx_word' id='word_1_759' title='bbox 2339 5549 2400 5600; x_wconf 84' lang='grc' dir='ltr'>Δέ</span> <span class='ocrx_word' id='word_1_760' title='bbox 2426 5560 2532 5622; x_wconf 90' lang='lat' dir='ltr'>pro</span> <span class='ocrx_word' id='word_1_761' title='bbox 2556 5546 2657 5620; x_wconf 79' lang='grc' dir='ltr'>γάρ</span> <span class='ocrx_word' id='word_1_762' title='bbox 2690 5551 2754 5602; x_wconf 81' lang='grc' dir='ltr'>Δ.</span> 
     </span>
    </p>
   </div>
  </div>
