  <div class='ocr_page' id='page_1' title='image "/cluster/home/n/w/nwhite01/storage/ocr_20150623/129/hvd.32044073502395/100.png"; bbox 0 0 3990 6206; ppageno 0'>
   <div class='ocr_carea' id='block_1_1' title="bbox 196 287 2459 352">
    <p class='ocr_par' dir='ltr' id='par_1_1' title="bbox 196 287 2459 352">
     <span class='ocr_line' id='line_1_1' title="bbox 196 287 2459 352; baseline 0 0"><span class='ocrx_word' id='word_1_1' title='bbox 196 297 279 352; x_wconf 61' lang='grc' dir='ltr'>ιω</span> <span class='ocrx_word' id='word_1_2' title='bbox 1095 289 1450 348; x_wconf 81' lang='lat' dir='ltr'><strong>COMMENT.</strong></span> <span class='ocrx_word' id='word_1_3' title='bbox 1492 288 1561 345; x_wconf 89' lang='lat' dir='ltr'><strong>IN</strong></span> <span class='ocrx_word' id='word_1_4' title='bbox 1599 287 2035 348; x_wconf 68' lang='lat' dir='ltr'><strong>MATTHAEUM.</strong></span> <span class='ocrx_word' id='word_1_5' title='bbox 2075 323 2144 334; x_wconf 90' lang='grc'><strong><em>--</em></strong></span> <span class='ocrx_word' id='word_1_6' title='bbox 2201 293 2358 352; x_wconf 89' lang='lat' dir='ltr'><strong>CAP.</strong></span> <span class='ocrx_word' id='word_1_7' title='bbox 2391 296 2459 352; x_wconf 83' lang='lat' dir='ltr'><strong>V.</strong></span> 
     </span>
    </p>
   </div>
   <div class='ocr_carea' id='block_1_2' title="bbox 3357 301 3462 357">
    <p class='ocr_par' dir='ltr' id='par_1_2' title="bbox 3357 301 3462 357">
     <span class='ocr_line' id='line_1_2' title="bbox 3357 301 3462 357; baseline 0.01 -1"><span class='ocrx_word' id='word_1_8' title='bbox 3357 301 3462 357; x_wconf 82' lang='grc'><strong>190</strong></span> 
     </span>
    </p>
   </div>
   <div class='ocr_carea' id='block_1_3' title="bbox 193 415 1688 496">
    <p class='ocr_par' dir='ltr' id='par_1_3' title="bbox 193 415 1688 491">
     <span class='ocr_line' id='line_1_3' title="bbox 193 415 1688 491; baseline -0.003 -19"><span class='ocrx_word' id='word_1_9' title='bbox 193 427 351 487; x_wconf 65' lang='grc' dir='ltr'><strong><em>πίστιν,</em></strong></span> <span class='ocrx_word' id='word_1_10' title='bbox 387 421 443 479; x_wconf 71' lang='grc' dir='ltr'><strong><em>ὡς</em></strong></span> <span class='ocrx_word' id='word_1_11' title='bbox 480 418 610 490; x_wconf 79' lang='grc' dir='ltr'><strong><em>παρὰ</em></strong></span> <span class='ocrx_word' id='word_1_12' title='bbox 646 415 846 469; x_wconf 83' lang='grc' dir='ltr'><strong>πολλῶν</strong></span> <span class='ocrx_word' id='word_1_13' title='bbox 877 416 1041 469; x_wconf 78' lang='grc' dir='ltr'><strong><em>ἄλλων</em></strong></span> <span class='ocrx_word' id='word_1_14' title='bbox 1070 416 1282 491; x_wconf 78' lang='grc' dir='ltr'><strong><em>ὕστερον</em></strong></span> <span class='ocrx_word' id='word_1_15' title='bbox 1312 435 1326 485; x_wconf 84' lang='lat'><strong>;</strong></span> <span class='ocrx_word' id='word_1_16' title='bbox 1369 419 1512 469; x_wconf 85' lang='grc' dir='ltr'><strong><em>Διότι</em></strong></span> <span class='ocrx_word' id='word_1_17' title='bbox 1558 419 1688 470; x_wconf 69' lang='grc' dir='ltr'><strong><em>οὔπα</em></strong></span> 
     </span>
    </p>
   </div>
   <div class='ocr_carea' id='block_1_4' title="bbox 1806 415 3456 496">
    <p class='ocr_par' dir='ltr' id='par_1_4' title="bbox 1812 417 3456 496">
     <span class='ocr_line' id='line_1_4' title="bbox 1812 417 3456 496; baseline 0.005 -24"><span class='ocrx_word' id='word_1_18' title='bbox 1812 417 1980 473; x_wconf 89' lang='lat' dir='ltr'><strong>ribus</strong></span> <span class='ocrx_word' id='word_1_19' title='bbox 2000 419 2028 474; x_wconf 86' lang='lat'><strong>?</strong></span> <span class='ocrx_word' id='word_1_20' title='bbox 2055 418 2206 484; x_wconf 84' lang='lat' dir='ltr'><strong>Quia</strong></span> <span class='ocrx_word' id='word_1_21' title='bbox 2225 421 2495 477; x_wconf 90' lang='lat' dir='ltr'><strong>nondum</strong></span> <span class='ocrx_word' id='word_1_22' title='bbox 2509 422 2890 480; x_wconf 78' lang='lat' dir='ltr'><strong>manifestam</strong></span> <span class='ocrx_word' id='word_1_23' title='bbox 2907 439 3032 480; x_wconf 72' lang='lat' dir='ltr'><strong>sum</strong></span> <span class='ocrx_word' id='word_1_24' title='bbox 3059 425 3336 496; x_wconf 69' lang='lat' dir='ltr'><strong>potentias</strong></span> <span class='ocrx_word' id='word_1_25' title='bbox 3356 424 3456 480; x_wconf 85' lang='lat' dir='ltr'><strong>de-</strong></span> 
     </span>
    </p>
   </div>
   <div class='ocr_carea' id='block_1_5' title="bbox 188 502 1701 578">
    <p class='ocr_par' dir='ltr' id='par_1_5' title="bbox 188 502 1701 578">
     <span class='ocr_line' id='line_1_5' title="bbox 188 502 1701 578; baseline -0.003 -17"><span class='ocrx_word' id='word_1_26' title='bbox 188 519 257 569; x_wconf 77' lang='grc' dir='ltr'><strong><em>τῆς</em></strong></span> <span class='ocrx_word' id='word_1_27' title='bbox 286 510 433 561; x_wconf 72' lang='grc' dir='ltr'><strong><em>ἑαυτοῦ</em></strong></span> <span class='ocrx_word' id='word_1_28' title='bbox 458 503 706 578; x_wconf 79' lang='grc' dir='ltr'><strong><em>δυνάμεως</em></strong></span> <span class='ocrx_word' id='word_1_29' title='bbox 735 503 1008 569; x_wconf 78' lang='grc' dir='ltr'><strong><em>ἀπόδειξιν</em></strong></span> <span class='ocrx_word' id='word_1_30' title='bbox 1050 515 1186 578; x_wconf 83' lang='grc' dir='ltr'><strong><em>σαφῆ</em></strong></span> <span class='ocrx_word' id='word_1_31' title='bbox 1224 502 1467 560; x_wconf 78' lang='grc' dir='ltr'><strong><em>δέδωκεν.</em></strong></span> <span class='ocrx_word' id='word_1_32' title='bbox 1505 505 1701 567; x_wconf 72' lang='grc' dir='ltr'><strong><em>’Ἄλλως</em></strong></span> 
     </span>
    </p>
   </div>
   <div class='ocr_carea' id='block_1_6' title="bbox 184 593 1699 670">
    <p class='ocr_par' dir='ltr' id='par_1_6' title="bbox 184 593 1699 670">
     <span class='ocr_line' id='line_1_6' title="bbox 184 593 1699 670; baseline -0.004 -19"><span class='ocrx_word' id='word_1_33' title='bbox 184 597 335 666; x_wconf 67' lang='lat'><strong>(18)::</strong></span> <span class='ocrx_word' id='word_1_34' title='bbox 356 593 418 662; x_wconf 71' lang='grc' dir='ltr'><strong><em>δὲ,</em></strong></span> <span class='ocrx_word' id='word_1_35' title='bbox 447 595 560 646; x_wconf 67' lang='grc' dir='ltr'><strong><em>αὐτὸ</em></strong></span> <span class='ocrx_word' id='word_1_36' title='bbox 585 603 761 663; x_wconf 78' lang='grc' dir='ltr'><strong><em>τοῦτο,</em></strong></span> <span class='ocrx_word' id='word_1_37' title='bbox 795 600 854 647; x_wconf 91' lang='grc' dir='ltr'><strong>τό</strong></span> <span class='ocrx_word' id='word_1_38' title='bbox 879 599 1150 670; x_wconf 81' lang='grc' dir='ltr'><strong>προσιέναι</strong></span> <span class='ocrx_word' id='word_1_39' title='bbox 1187 600 1276 648; x_wconf 85' lang='grc' dir='ltr'><strong><em>καὶ</em></strong></span> <span class='ocrx_word' id='word_1_40' title='bbox 1302 597 1608 668; x_wconf 75' lang='grc' dir='ltr'><strong>προσάγειν,</strong></span> <span class='ocrx_word' id='word_1_41' title='bbox 1639 593 1699 646; x_wconf 80' lang='grc' dir='ltr'><strong>οὐ</strong></span> 
     </span>
    </p>
   </div>
   <div class='ocr_carea' id='block_1_7' title="bbox 183 685 852 756">
    <p class='ocr_par' dir='ltr' id='par_1_7' title="bbox 183 685 852 756">
     <span class='ocr_line' id='line_1_7' title="bbox 183 685 852 756; baseline -0.003 -18"><span class='ocrx_word' id='word_1_42' title='bbox 183 695 254 746; x_wconf 68' lang='grc' dir='ltr'><strong><em>τῆς</em></strong></span> <span class='ocrx_word' id='word_1_43' title='bbox 275 689 495 756; x_wconf 75' lang='grc' dir='ltr'><strong><em>τυχούσης</em></strong></span> <span class='ocrx_word' id='word_1_44' title='bbox 522 689 742 745; x_wconf 86' lang='grc' dir='ltr'><strong><em>πίστεως</em></strong></span> <span class='ocrx_word' id='word_1_45' title='bbox 770 685 852 742; x_wconf 78' lang='grc' dir='ltr'><strong><em>ἦν.</em></strong></span> 
     </span>
    </p>
   </div>
   <div class='ocr_carea' id='block_1_8' title="bbox 241 771 1699 848">
    <p class='ocr_par' dir='ltr' id='par_1_8' title="bbox 241 771 1699 848">
     <span class='ocr_line' id='line_1_8' title="bbox 241 771 1699 848; baseline 0 -22"><span class='ocrx_word' id='word_1_46' title='bbox 241 780 317 826; x_wconf 70' lang='grc' dir='ltr'><strong>Καὶ</strong></span> <span class='ocrx_word' id='word_1_47' title='bbox 338 772 659 831; x_wconf 70' lang='grc' dir='ltr'><strong>ἠκολούθησαν</strong></span> <span class='ocrx_word' id='word_1_48' title='bbox 690 805 761 814; x_wconf 93' lang='grc'><strong><em>-</em></strong></span> <span class='ocrx_word' id='word_1_49' title='bbox 809 778 969 847; x_wconf 83' lang='grc' dir='ltr'><strong><em>πέραν</em></strong></span> <span class='ocrx_word' id='word_1_50' title='bbox 1006 781 1098 827; x_wconf 82' lang='grc' dir='ltr'><strong><em>τοῦ</em></strong></span> <span class='ocrx_word' id='word_1_51' title='bbox 1148 771 1429 848; x_wconf 74' lang='grc' dir='ltr'><strong><em>Ἰορδάνου.</em></strong></span> <span class='ocrx_word' id='word_1_52' title='bbox 1467 777 1566 827; x_wconf 81' lang='grc' dir='ltr'><strong>Καὶ</strong></span> <span class='ocrx_word' id='word_1_53' title='bbox 1598 771 1699 826; x_wconf 81' lang='grc' dir='ltr'><strong><em>ἀπο</em></strong></span> 
     </span>
    </p>
   </div>
   <div class='ocr_carea' id='block_1_9' title="bbox 181 858 1387 939">
    <p class='ocr_par' dir='ltr' id='par_1_9' title="bbox 181 858 1387 939">
     <span class='ocr_line' id='line_1_9' title="bbox 181 858 1387 939; baseline 0.003 -26"><span class='ocrx_word' id='word_1_54' title='bbox 181 869 254 914; x_wconf 76' lang='grc' dir='ltr'><strong>τοῦ</strong></span> <span class='ocrx_word' id='word_1_55' title='bbox 273 868 395 914; x_wconf 73' lang='grc' dir='ltr'><strong><em>τόπον</em></strong></span> <span class='ocrx_word' id='word_1_56' title='bbox 421 858 639 930; x_wconf 75' lang='grc' dir='ltr'><strong><em>δηλαδὴ,</em></strong></span> <span class='ocrx_word' id='word_1_57' title='bbox 673 871 766 916; x_wconf 85' lang='grc' dir='ltr'><strong><em>τοῦ</em></strong></span> <span class='ocrx_word' id='word_1_58' title='bbox 790 866 951 938; x_wconf 83' lang='grc' dir='ltr'><strong><em>πέραν</em></strong></span> <span class='ocrx_word' id='word_1_59' title='bbox 978 871 1069 916; x_wconf 81' lang='grc' dir='ltr'><strong><em>τοῦ</em></strong></span> <span class='ocrx_word' id='word_1_60' title='bbox 1100 859 1387 939; x_wconf 84' lang='grc' dir='ltr'><strong><em>Ἰορδάνου.</em></strong></span> 
     </span>
    </p>
   </div>
   <div class='ocr_carea' id='block_1_10' title="bbox 423 1065 1371 1135">
    <p class='ocr_par' dir='ltr' id='par_1_10' title="bbox 423 1065 1371 1135">
     <span class='ocr_line' id='line_1_10' title="bbox 423 1065 1371 1135; baseline 0 -21"><span class='ocrx_word' id='word_1_61' title='bbox 423 1066 559 1114; x_wconf 73' lang='grc' dir='ltr'><strong>ΚΕΦ.</strong></span> <span class='ocrx_word' id='word_1_62' title='bbox 595 1067 650 1115; x_wconf 85' lang='grc' dir='ltr'><strong><em>Ε.</em></strong></span> <span class='ocrx_word' id='word_1_63' title='bbox 705 1065 832 1134; x_wconf 86' lang='grc' dir='ltr'><strong>Περὶ</strong></span> <span class='ocrx_word' id='word_1_64' title='bbox 874 1068 975 1113; x_wconf 87' lang='grc' dir='ltr'><strong><em>τῶν</em></strong></span> <span class='ocrx_word' id='word_1_65' title='bbox 1003 1066 1371 1135; x_wconf 86' lang='grc' dir='ltr'><strong><em>μακαρισμῶν.</em></strong></span> 
     </span>
    </p>
   </div>
   <div class='ocr_carea' id='block_1_11' title="bbox 221 1143 1699 1224">
    <p class='ocr_par' dir='ltr' id='par_1_11' title="bbox 221 1143 1699 1224">
     <span class='ocr_line' id='line_1_11' title="bbox 221 1143 1699 1224; baseline 0.002 -24"><span class='ocrx_word' id='word_1_66' title='bbox 221 1143 338 1200; x_wconf 74' lang='grc' dir='ltr'><strong><em>Ἰδὼν</em></strong></span> <span class='ocrx_word' id='word_1_67' title='bbox 362 1179 421 1190; x_wconf 88' lang='grc'><strong>-</strong></span> <span class='ocrx_word' id='word_1_68' title='bbox 447 1154 575 1222; x_wconf 56' lang='grc' dir='ltr'><strong><em>ᾁοος·</em></strong></span> <span class='ocrx_word' id='word_1_69' title='bbox 617 1149 641 1223; x_wconf 91' lang='grc'>[</span> <span class='ocrx_word' id='word_1_70' title='bbox 673 1152 755 1210; x_wconf 83' lang='grc' dir='ltr'><strong>Εἰς</strong></span> <span class='ocrx_word' id='word_1_71' title='bbox 809 1153 919 1220; x_wconf 84' lang='grc'><strong>(19)</strong></span> <span class='ocrx_word' id='word_1_72' title='bbox 970 1154 1086 1224; x_wconf 80' lang='grc' dir='ltr'><strong><em>ὅρος</em></strong></span> <span class='ocrx_word' id='word_1_73' title='bbox 1133 1148 1327 1212; x_wconf 78' lang='grc' dir='ltr'><strong><em>ἀναϐὰς</em></strong></span> <span class='ocrx_word' id='word_1_74' title='bbox 1359 1149 1550 1213; x_wconf 75' lang='grc' dir='ltr'><strong>ἐξέθετο</strong></span> <span class='ocrx_word' id='word_1_75' title='bbox 1579 1153 1699 1212; x_wconf 85' lang='grc' dir='ltr'><strong><em>τοὺς</em></strong></span> 
     </span>
    </p>
   </div>
   <div class='ocr_carea' id='block_1_12' title="bbox 168 1235 1695 1314">
    <p class='ocr_par' dir='ltr' id='par_1_12' title="bbox 168 1235 1695 1314">
     <span class='ocr_line' id='line_1_12' title="bbox 168 1235 1695 1314; baseline 0.003 -26"><span class='ocrx_word' id='word_1_76' title='bbox 168 1243 466 1309; x_wconf 48' lang='lat' dir='ltr'><strong>unamque“);</strong></span> <span class='ocrx_word' id='word_1_77' title='bbox 530 1241 555 1289; x_wconf 87' lang='grc' dir='ltr'><strong>ό</strong></span> <span class='ocrx_word' id='word_1_78' title='bbox 624 1242 834 1314; x_wconf 76' lang='grc' dir='ltr'><strong><em>Κύριος,</em></strong></span> <span class='ocrx_word' id='word_1_79' title='bbox 909 1235 1180 1291; x_wconf 76' lang='grc' dir='ltr'><strong>διδάσκων</strong></span> <span class='ocrx_word' id='word_1_80' title='bbox 1250 1237 1539 1306; x_wconf 76' lang='grc' dir='ltr'><strong><em>κάντεῦθεν,</em></strong></span> <span class='ocrx_word' id='word_1_81' title='bbox 1619 1242 1695 1292; x_wconf 85' lang='grc' dir='ltr'><strong><em>ὅτι</em></strong></span> 
     </span>
    </p>
   </div>
   <div class='ocr_carea' id='block_1_13' title="bbox 167 1327 1698 1403">
    <p class='ocr_par' dir='ltr' id='par_1_13' title="bbox 167 1327 1698 1403">
     <span class='ocr_line' id='line_1_13' title="bbox 167 1327 1698 1403; baseline -0.001 -21"><span class='ocrx_word' id='word_1_82' title='bbox 167 1331 246 1399; x_wconf 70' lang='grc' dir='ltr'><strong><em>χρὴ</em></strong></span> <span class='ocrx_word' id='word_1_83' title='bbox 296 1331 368 1378; x_wconf 79' lang='grc' dir='ltr'><strong>τόν</strong></span> <span class='ocrx_word' id='word_1_84' title='bbox 430 1335 771 1403; x_wconf 71' lang='grc' dir='ltr'><strong>μακαρισμοῦ</strong></span> <span class='ocrx_word' id='word_1_85' title='bbox 830 1335 1014 1400; x_wconf 86' lang='grc' dir='ltr'><strong><em>τυχεῖν</em></strong></span> <span class='ocrx_word' id='word_1_86' title='bbox 1083 1327 1337 1401; x_wconf 76' lang='grc' dir='ltr'><strong><em>ἐφιέμενον</em></strong></span> <span class='ocrx_word' id='word_1_87' title='bbox 1407 1329 1698 1388; x_wconf 78' lang='grc' dir='ltr'><strong><em>ἀποστῆναι</em></strong></span> 
     </span>
    </p>
   </div>
   <div class='ocr_carea' id='block_1_14' title="bbox 165 1416 1697 1494">
    <p class='ocr_par' dir='ltr' id='par_1_14' title="bbox 165 1416 1697 1494">
     <span class='ocr_line' id='line_1_14' title="bbox 165 1416 1697 1494; baseline 0.004 -29"><span class='ocrx_word' id='word_1_88' title='bbox 165 1423 236 1466; x_wconf 76' lang='grc' dir='ltr'><strong><em>τῶν</em></strong></span> <span class='ocrx_word' id='word_1_89' title='bbox 265 1416 607 1488; x_wconf 72' lang='grc' dir='ltr'><strong>χαμαιζήλων,</strong></span> <span class='ocrx_word' id='word_1_90' title='bbox 638 1421 730 1469; x_wconf 80' lang='grc' dir='ltr'><strong><em>καὶ</em></strong></span> <span class='ocrx_word' id='word_1_91' title='bbox 783 1420 911 1490; x_wconf 83' lang='grc' dir='ltr'><strong><em>πρὸς</em></strong></span> <span class='ocrx_word' id='word_1_92' title='bbox 955 1419 1021 1469; x_wconf 80' lang='grc' dir='ltr'><strong><em>τὰ</em></strong></span> <span class='ocrx_word' id='word_1_93' title='bbox 1067 1418 1363 1494; x_wconf 70' lang='grc' dir='ltr'><strong><em>ὑψηλότερα</em></strong></span> <span class='ocrx_word' id='word_1_94' title='bbox 1408 1437 1697 1492; x_wconf 88' lang='grc' dir='ltr'><strong><em>μετεωρισ-</em></strong></span> 
     </span>
    </p>
   </div>
   <div class='ocr_carea' id='block_1_15' title="bbox 166 1505 336 1575">
    <p class='ocr_par' dir='ltr' id='par_1_15' title="bbox 166 1505 336 1575">
     <span class='ocr_line' id='line_1_15' title="bbox 166 1505 336 1575; baseline 0 0"><span class='ocrx_word' id='word_1_95' title='bbox 166 1506 293 1562; x_wconf 60' lang='lat' dir='ltr'><strong>sm.</strong></span> <span class='ocrx_word' id='word_1_96' title='bbox 321 1505 336 1575; x_wconf 88' lang='grc'>]</span> 
     </span>
    </p>
   </div>
   <div class='ocr_carea' id='block_1_16' title="bbox 215 1590 1696 1670">
    <p class='ocr_par' dir='ltr' id='par_1_16' title="bbox 215 1590 1696 1670">
     <span class='ocr_line' id='line_1_16' title="bbox 215 1590 1696 1670; baseline 0.003 -25"><span class='ocrx_word' id='word_1_97' title='bbox 215 1592 364 1651; x_wconf 69' lang='grc' dir='ltr'><strong><em>Ἀνέϐη</em></strong></span> <span class='ocrx_word' id='word_1_98' title='bbox 415 1590 471 1646; x_wconf 70' lang='grc' dir='ltr'><strong><em>δὲ</em></strong></span> <span class='ocrx_word' id='word_1_99' title='bbox 519 1594 634 1666; x_wconf 84' lang='lat'><strong>(&#39;20)</strong></span> <span class='ocrx_word' id='word_1_100' title='bbox 686 1595 757 1657; x_wconf 84' lang='grc' dir='ltr'><strong><em>εἰς</em></strong></span> <span class='ocrx_word' id='word_1_101' title='bbox 801 1599 858 1647; x_wconf 87' lang='grc' dir='ltr'><strong>τό</strong></span> <span class='ocrx_word' id='word_1_102' title='bbox 908 1599 1020 1668; x_wconf 80' lang='grc' dir='ltr'><strong><em>ὅρος</em></strong></span> <span class='ocrx_word' id='word_1_103' title='bbox 1065 1598 1123 1647; x_wconf 88' lang='grc' dir='ltr'><strong><em>τὸ</em></strong></span> <span class='ocrx_word' id='word_1_104' title='bbox 1169 1595 1410 1663; x_wconf 80' lang='grc' dir='ltr'><strong>πλησίον,</strong></span> <span class='ocrx_word' id='word_1_105' title='bbox 1444 1597 1554 1669; x_wconf 79' lang='grc' dir='ltr'><strong>ἅμα</strong></span> <span class='ocrx_word' id='word_1_106' title='bbox 1607 1599 1696 1670; x_wconf 65' lang='grc' dir='ltr'><strong><em>μὲν</em></strong></span> 
     </span>
    </p>
   </div>
   <div class='ocr_carea' id='block_1_17' title="bbox 161 1680 1696 1758">
    <p class='ocr_par' dir='ltr' id='par_1_17' title="bbox 161 1680 1696 1758">
     <span class='ocr_line' id='line_1_17' title="bbox 161 1680 1696 1758; baseline 0.005 -27"><span class='ocrx_word' id='word_1_107' title='bbox 161 1680 348 1733; x_wconf 75' lang='grc' dir='ltr'><strong><em>ἐκκλίνων</em></strong></span> <span class='ocrx_word' id='word_1_108' title='bbox 394 1687 506 1744; x_wconf 81' lang='grc' dir='ltr'><strong><em>τοὺς</em></strong></span> <span class='ocrx_word' id='word_1_109' title='bbox 553 1686 602 1735; x_wconf 83' lang='grc' dir='ltr'><strong><em>ἐν</em></strong></span> <span class='ocrx_word' id='word_1_110' title='bbox 658 1689 801 1756; x_wconf 79' lang='grc' dir='ltr'><strong><em>μέσῳ</em></strong></span> <span class='ocrx_word' id='word_1_111' title='bbox 851 1683 1116 1756; x_wconf 75' lang='grc' dir='ltr'><strong><em>θορύϐους,</em></strong></span> <span class='ocrx_word' id='word_1_112' title='bbox 1168 1686 1277 1758; x_wconf 77' lang='grc' dir='ltr'><strong>ἅμα</strong></span> <span class='ocrx_word' id='word_1_113' title='bbox 1330 1682 1388 1738; x_wconf 76' lang='grc' dir='ltr'><strong><em>δὲ</em></strong></span> <span class='ocrx_word' id='word_1_114' title='bbox 1443 1690 1532 1738; x_wconf 84' lang='grc' dir='ltr'><strong><em>καὶ</em></strong></span> <span class='ocrx_word' id='word_1_115' title='bbox 1577 1684 1696 1738; x_wconf 76' lang='grc' dir='ltr'><strong><em>ἀπε-</em></strong></span> 
     </span>
    </p>
   </div>
   <div class='ocr_carea' id='block_1_18' title="bbox 157 1770 1768 1870">
    <p class='ocr_par' dir='ltr' id='par_1_18' title="bbox 157 1770 1768 1870">
     <span class='ocr_line' id='line_1_18' title="bbox 157 1770 1768 1870; baseline 0.006 -50"><span class='ocrx_word' id='word_1_116' title='bbox 157 1776 395 1841; x_wconf 58' lang='grc' dir='ltr'><strong><em>ρίσπαστον</em></strong></span> <span class='ocrx_word' id='word_1_117' title='bbox 449 1778 539 1830; x_wconf 75' lang='grc' dir='ltr'><strong><em>τὴν</em></strong></span> <span class='ocrx_word' id='word_1_118' title='bbox 601 1770 958 1826; x_wconf 72' lang='grc' dir='ltr'><strong>διδασκαλίαν</strong></span> <span class='ocrx_word' id='word_1_119' title='bbox 991 1776 1319 1831; x_wconf 83' lang='grc' dir='ltr'><strong><em>ποιήσασθαι</em></strong></span> <span class='ocrx_word' id='word_1_120' title='bbox 1363 1773 1692 1847; x_wconf 85' lang='grc' dir='ltr'><strong><em>βουλόμενος.</em></strong></span> <span class='ocrx_word' id='word_1_121' title='bbox 1729 1816 1768 1870; x_wconf 78' lang='grc' dir='ltr'><strong>Β</strong></span> 
     </span>
    </p>
   </div>
   <div class='ocr_carea' id='block_1_19' title="bbox 158 1859 1696 1936">
    <p class='ocr_par' dir='ltr' id='par_1_19' title="bbox 158 1859 1696 1936">
     <span class='ocr_line' id='line_1_19' title="bbox 158 1859 1696 1936; baseline 0.004 -26"><span class='ocrx_word' id='word_1_122' title='bbox 158 1859 311 1916; x_wconf 45' lang='lat' dir='ltr'><strong>“mihi</strong></span> <span class='ocrx_word' id='word_1_123' title='bbox 351 1864 447 1934; x_wconf 68' lang='grc' dir='ltr'><strong>γὰρ</strong></span> <span class='ocrx_word' id='word_1_124' title='bbox 504 1861 610 1914; x_wconf 76' lang='grc' dir='ltr'><strong>ἀπὸ</strong></span> <span class='ocrx_word' id='word_1_125' title='bbox 664 1871 757 1924; x_wconf 76' lang='grc' dir='ltr'><strong><em>τῆς</em></strong></span> <span class='ocrx_word' id='word_1_126' title='bbox 824 1864 1096 1932; x_wconf 87' lang='grc' dir='ltr'><strong><em>θεραπείας</em></strong></span> <span class='ocrx_word' id='word_1_127' title='bbox 1162 1871 1260 1915; x_wconf 83' lang='grc' dir='ltr'><strong><em>τῶν</em></strong></span> <span class='ocrx_word' id='word_1_128' title='bbox 1315 1865 1564 1936; x_wconf 78' lang='grc' dir='ltr'><strong><em>σωμάτων</em></strong></span> <span class='ocrx_word' id='word_1_129' title='bbox 1614 1863 1696 1916; x_wconf 79' lang='grc' dir='ltr'><strong>ἐπὶ</strong></span> 
     </span>
    </p>
   </div>
   <div class='ocr_carea' id='block_1_20' title="bbox 156 1949 1695 2025">
    <p class='ocr_par' dir='ltr' id='par_1_20' title="bbox 156 1949 1695 2025">
     <span class='ocr_line' id='line_1_20' title="bbox 156 1949 1695 2025; baseline 0.006 -29"><span class='ocrx_word' id='word_1_130' title='bbox 156 1955 224 2004; x_wconf 70' lang='grc' dir='ltr'><strong>την</strong></span> <span class='ocrx_word' id='word_1_131' title='bbox 257 1949 455 2023; x_wconf 69' lang='grc' dir='ltr'><strong><em>ἰατρείαν</em></strong></span> <span class='ocrx_word' id='word_1_132' title='bbox 487 1959 587 2002; x_wconf 80' lang='grc' dir='ltr'><strong><em>τῶν</em></strong></span> <span class='ocrx_word' id='word_1_133' title='bbox 620 1951 833 2023; x_wconf 67' lang='grc' dir='ltr'><strong><em>ψυχῶν.</em></strong></span> <span class='ocrx_word' id='word_1_134' title='bbox 869 1951 1018 2004; x_wconf 78' lang='grc' dir='ltr'><strong>Οὕτω</strong></span> <span class='ocrx_word' id='word_1_135' title='bbox 1068 1955 1171 2025; x_wconf 70' lang='grc' dir='ltr'><strong>γὰρ</strong></span> <span class='ocrx_word' id='word_1_136' title='bbox 1218 1951 1296 2006; x_wconf 82' lang='grc' dir='ltr'><strong>ἀεὶ</strong></span> <span class='ocrx_word' id='word_1_137' title='bbox 1325 1961 1487 2005; x_wconf 85' lang='grc' dir='ltr'><strong><em>ποιῶν</em></strong></span> <span class='ocrx_word' id='word_1_138' title='bbox 1533 1949 1568 2005; x_wconf 84' lang='grc' dir='ltr'><strong>δ</strong></span> <span class='ocrx_word' id='word_1_139' title='bbox 1573 1956 1695 2005; x_wconf 80' lang='grc' dir='ltr'><strong><em>ιετέ-</em></strong></span> 
     </span>
    </p>
   </div>
   <div class='ocr_carea' id='block_1_21' title="bbox 154 2036 1696 2109">
    <p class='ocr_par' dir='ltr' id='par_1_21' title="bbox 154 2036 1696 2109">
     <span class='ocr_line' id='line_1_21' title="bbox 154 2036 1696 2109; baseline 0.003 -21"><span class='ocrx_word' id='word_1_140' title='bbox 154 2036 220 2098; x_wconf 63' lang='grc' dir='ltr'><strong><em>λιι,</em></strong></span> <span class='ocrx_word' id='word_1_141' title='bbox 265 2037 561 2109; x_wconf 73' lang='grc' dir='ltr'><strong><em>μεταϐαίνων</em></strong></span> <span class='ocrx_word' id='word_1_142' title='bbox 619 2039 705 2091; x_wconf 77' lang='grc' dir='ltr'><strong>ἀπ’</strong></span> <span class='ocrx_word' id='word_1_143' title='bbox 759 2038 950 2099; x_wconf 78' lang='grc' dir='ltr'><strong>ἐκείνης</strong></span> <span class='ocrx_word' id='word_1_144' title='bbox 1006 2039 1086 2092; x_wconf 79' lang='grc' dir='ltr'><strong>ἐπὶ</strong></span> <span class='ocrx_word' id='word_1_145' title='bbox 1139 2043 1354 2108; x_wconf 81' lang='grc' dir='ltr'><strong><em>ταύτην,</em></strong></span> <span class='ocrx_word' id='word_1_146' title='bbox 1399 2047 1489 2094; x_wconf 86' lang='grc' dir='ltr'><strong><em>καὶ</em></strong></span> <span class='ocrx_word' id='word_1_147' title='bbox 1544 2041 1696 2103; x_wconf 79' lang='grc' dir='ltr'><strong><em>αὖθις</em></strong></span> 
     </span>
    </p>
   </div>
   <div class='ocr_carea' id='block_1_22' title="bbox 155 2125 1693 2203">
    <p class='ocr_par' dir='ltr' id='par_1_22' title="bbox 155 2125 1693 2203">
     <span class='ocr_line' id='line_1_22' title="bbox 155 2125 1693 2203; baseline 0.005 -27"><span class='ocrx_word' id='word_1_148' title='bbox 155 2125 226 2176; x_wconf 60' lang='grc' dir='ltr'><strong>ἀπὸ</strong></span> <span class='ocrx_word' id='word_1_149' title='bbox 262 2130 433 2190; x_wconf 71' lang='grc' dir='ltr'><strong><em>ταύτης</em></strong></span> <span class='ocrx_word' id='word_1_150' title='bbox 489 2127 569 2180; x_wconf 77' lang='grc' dir='ltr'><strong>ἐπ’</strong></span> <span class='ocrx_word' id='word_1_151' title='bbox 633 2128 850 2194; x_wconf 81' lang='grc' dir='ltr'><strong><em>ἐκείνην,</em></strong></span> <span class='ocrx_word' id='word_1_152' title='bbox 909 2133 997 2181; x_wconf 83' lang='grc' dir='ltr'><strong><em>καὶ</em></strong></span> <span class='ocrx_word' id='word_1_153' title='bbox 1052 2129 1291 2188; x_wconf 80' lang='grc' dir='ltr'><strong><em>ποικίλην</em></strong></span> <span class='ocrx_word' id='word_1_154' title='bbox 1341 2134 1693 2203; x_wconf 82' lang='grc' dir='ltr'><strong><em>παρεχόμενος</em></strong></span> 
     </span>
    </p>
   </div>
   <div class='ocr_carea' id='block_1_23' title="bbox 151 2216 467 2287">
    <p class='ocr_par' dir='ltr' id='par_1_23' title="bbox 151 2216 467 2287">
     <span class='ocr_line' id='line_1_23' title="bbox 151 2216 467 2287; baseline 0 -16"><span class='ocrx_word' id='word_1_155' title='bbox 151 2220 216 2271; x_wconf 60' lang='grc' dir='ltr'><strong><em>τὴν</em></strong></span> <span class='ocrx_word' id='word_1_156' title='bbox 237 2216 467 2287; x_wconf 70' lang='grc' dir='ltr'><strong><em>ὠφέλειαν.</em></strong></span> 
     </span>
    </p>
   </div>
   <div class='ocr_carea' id='block_1_24' title="bbox 204 2306 1692 2379">
    <p class='ocr_par' dir='ltr' id='par_1_24' title="bbox 204 2306 1692 2379">
     <span class='ocr_line' id='line_1_24' title="bbox 204 2306 1692 2379; baseline 0.002 -23"><span class='ocrx_word' id='word_1_157' title='bbox 204 2310 281 2356; x_wconf 76' lang='grc' dir='ltr'><strong>Καὶ</strong></span> <span class='ocrx_word' id='word_1_158' title='bbox 327 2307 634 2367; x_wconf 68' lang='grc' dir='ltr'><strong><em>καθίσαντος</em></strong></span> <span class='ocrx_word' id='word_1_159' title='bbox 690 2336 754 2346; x_wconf 91' lang='grc'><strong><em>-</em></strong></span> <span class='ocrx_word' id='word_1_160' title='bbox 825 2306 1006 2361; x_wconf 70' lang='grc' dir='ltr'><strong><em>αὐτοῦ.</em></strong></span> <span class='ocrx_word' id='word_1_161' title='bbox 1067 2306 1382 2367; x_wconf 81' lang='grc' dir='ltr'><strong><em>Συνανῆλθον</em></strong></span> <span class='ocrx_word' id='word_1_162' title='bbox 1447 2311 1536 2379; x_wconf 68' lang='grc' dir='ltr'><strong><em>μὲν</em></strong></span> <span class='ocrx_word' id='word_1_163' title='bbox 1601 2311 1692 2359; x_wconf 82' lang='grc' dir='ltr'><strong><em>καὶ</em></strong></span> 
     </span>
    </p>
   </div>
   <div class='ocr_carea' id='block_1_25' title="bbox 151 2391 1690 2470">
    <p class='ocr_par' dir='ltr' id='par_1_25' title="bbox 151 2391 1690 2470">
     <span class='ocr_line' id='line_1_25' title="bbox 151 2391 1690 2470; baseline 0.005 -30"><span class='ocrx_word' id='word_1_164' title='bbox 151 2393 183 2440; x_wconf 75' lang='grc' dir='ltr'><strong><em>οἱ</em></strong></span> <span class='ocrx_word' id='word_1_165' title='bbox 215 2391 356 2462; x_wconf 74' lang='grc' dir='ltr'><strong><em>ὄχλοι,</em></strong></span> <span class='ocrx_word' id='word_1_166' title='bbox 397 2394 697 2465; x_wconf 84' lang='grc' dir='ltr'><strong><em>προσῆλθον</em></strong></span> <span class='ocrx_word' id='word_1_167' title='bbox 756 2391 816 2447; x_wconf 71' lang='grc' dir='ltr'><strong>δε</strong></span> <span class='ocrx_word' id='word_1_168' title='bbox 869 2397 915 2446; x_wconf 82' lang='grc' dir='ltr'><strong>οἱ</strong></span> <span class='ocrx_word' id='word_1_169' title='bbox 970 2397 1222 2466; x_wconf 81' lang='grc' dir='ltr'><strong><em>μαθηταὶ,</em></strong></span> <span class='ocrx_word' id='word_1_170' title='bbox 1279 2398 1343 2456; x_wconf 84' lang='grc' dir='ltr'><strong><em>ὡς</em></strong></span> <span class='ocrx_word' id='word_1_171' title='bbox 1386 2395 1690 2470; x_wconf 87' lang='grc' dir='ltr'><strong><em>οἰκειότερον</em></strong></span> 
     </span>
    </p>
   </div>
   <div class='ocr_carea' id='block_1_26' title="bbox 149 2478 1689 2558">
    <p class='ocr_par' dir='ltr' id='par_1_26' title="bbox 149 2478 1689 2558">
     <span class='ocr_line' id='line_1_26' title="bbox 149 2478 1689 2558; baseline 0.005 -30"><span class='ocrx_word' id='word_1_172' title='bbox 149 2480 250 2549; x_wconf 66' lang='grc' dir='ltr'><strong><em>αὐτῷ</em></strong></span> <span class='ocrx_word' id='word_1_173' title='bbox 303 2478 614 2555; x_wconf 73' lang='grc' dir='ltr'><strong><em>διακείμενοι</em></strong></span> <span class='ocrx_word' id='word_1_174' title='bbox 661 2523 680 2552; x_wconf 83' lang='grc'><strong>,</strong></span> <span class='ocrx_word' id='word_1_175' title='bbox 736 2482 962 2544; x_wconf 70' lang='grc' dir='ltr'><strong><em>θέλοντες</em></strong></span> <span class='ocrx_word' id='word_1_176' title='bbox 1037 2479 1372 2556; x_wconf 81' lang='grc' dir='ltr'><strong><em>διδαχθῆναί</em></strong></span> <span class='ocrx_word' id='word_1_177' title='bbox 1444 2504 1495 2536; x_wconf 89' lang='grc' dir='ltr'><strong>τι</strong></span> <span class='ocrx_word' id='word_1_178' title='bbox 1566 2484 1689 2558; x_wconf 91' lang='grc' dir='ltr'><strong><em>παρ’</em></strong></span> 
     </span>
    </p>
   </div>
   <div class='ocr_carea' id='block_1_27' title="bbox 150 2587 284 2624">
    <p class='ocr_par' dir='ltr' id='par_1_27' title="bbox 150 2587 284 2624">
     <span class='ocr_line' id='line_1_27' title="bbox 150 2587 284 2624; baseline 0.007 -7"><span class='ocrx_word' id='word_1_179' title='bbox 150 2587 284 2624; x_wconf 58' lang='grc' dir='ltr'><strong><em>πέτου,</em></strong></span> 
     </span>
    </p>
   </div>
   <div class='ocr_carea' id='block_1_28' title="bbox 199 2656 1686 2723">
    <p class='ocr_par' dir='ltr' id='par_1_28' title="bbox 199 2656 1686 2723">
     <span class='ocr_line' id='line_1_28' title="bbox 199 2656 1686 2723; baseline 0.003 -13"><span class='ocrx_word' id='word_1_180' title='bbox 199 2663 276 2710; x_wconf 69' lang='grc' dir='ltr'><strong>Καὶ</strong></span> <span class='ocrx_word' id='word_1_181' title='bbox 325 2657 523 2722; x_wconf 76' lang='grc' dir='ltr'><strong>ἀνοίξας</strong></span> <span class='ocrx_word' id='word_1_182' title='bbox 575 2690 647 2701; x_wconf 89' lang='grc'><strong><em>-</em></strong></span> <span class='ocrx_word' id='word_1_183' title='bbox 697 2656 977 2712; x_wconf 75' lang='grc' dir='ltr'><strong><em>ὶδίδασκεν</em></strong></span> <span class='ocrx_word' id='word_1_184' title='bbox 1047 2661 1256 2723; x_wconf 74' lang='grc' dir='ltr'><strong><em>αὐτούς.</em></strong></span> <span class='ocrx_word' id='word_1_185' title='bbox 1307 2665 1456 2722; x_wconf 81' lang='grc' dir='ltr'><strong><em>Τίνος</em></strong></span> <span class='ocrx_word' id='word_1_186' title='bbox 1526 2663 1686 2714; x_wconf 76' lang='grc' dir='ltr'><strong><em>ἕνεκεν</em></strong></span> 
     </span>
    </p>
   </div>
   <div class='ocr_carea' id='block_1_29' title="bbox 147 2742 1687 2821">
    <p class='ocr_par' dir='ltr' id='par_1_29' title="bbox 147 2742 1687 2821">
     <span class='ocr_line' id='line_1_29' title="bbox 147 2742 1687 2821; baseline 0.005 -27"><span class='ocrx_word' id='word_1_187' title='bbox 147 2742 264 2809; x_wconf 75' lang='grc' dir='ltr'><strong><em>εἷπεν,</em></strong></span> <span class='ocrx_word' id='word_1_188' title='bbox 302 2749 374 2799; x_wconf 83' lang='grc' dir='ltr'><strong><em>ὅτι</em></strong></span> <span class='ocrx_word' id='word_1_189' title='bbox 417 2755 505 2801; x_wconf 82' lang='grc' dir='ltr'><strong><em>καὶ</em></strong></span> <span class='ocrx_word' id='word_1_190' title='bbox 575 2747 782 2811; x_wconf 78' lang='grc' dir='ltr'><strong><em>ἀνοίξας</em></strong></span> <span class='ocrx_word' id='word_1_191' title='bbox 823 2753 878 2800; x_wconf 85' lang='grc' dir='ltr'><strong><em>τὸ</em></strong></span> <span class='ocrx_word' id='word_1_192' title='bbox 934 2754 1104 2821; x_wconf 83' lang='grc' dir='ltr'><strong><em>στόμα</em></strong></span> <span class='ocrx_word' id='word_1_193' title='bbox 1160 2749 1365 2817; x_wconf 73' lang='grc' dir='ltr'><strong><em>αὐτοῦς</em></strong></span> <span class='ocrx_word' id='word_1_194' title='bbox 1401 2753 1542 2802; x_wconf 89' lang='grc' dir='ltr'><strong><em>Διότι</em></strong></span> <span class='ocrx_word' id='word_1_195' title='bbox 1598 2753 1687 2802; x_wconf 81' lang='grc' dir='ltr'><strong><em>καὶ</em></strong></span> 
     </span>
    </p>
   </div>
   <div class='ocr_carea' id='block_1_30' title="bbox 145 2833 1682 2912">
    <p class='ocr_par' dir='ltr' id='par_1_30' title="bbox 145 2833 1682 2912">
     <span class='ocr_line' id='line_1_30' title="bbox 145 2833 1682 2912; baseline 0.002 -22"><span class='ocrx_word' id='word_1_196' title='bbox 145 2839 193 2903; x_wconf 64' lang='grc' dir='ltr'><strong>με</strong></span> <span class='ocrx_word' id='word_1_197' title='bbox 219 2833 404 2906; x_wconf 68' lang='grc' dir='ltr'><strong><em>ἀνοίγων</em></strong></span> <span class='ocrx_word' id='word_1_198' title='bbox 457 2837 588 2889; x_wconf 67' lang='grc' dir='ltr'><strong>αὐτό</strong></span> <span class='ocrx_word' id='word_1_199' title='bbox 647 2834 927 2890; x_wconf 80' lang='grc' dir='ltr'><strong><em>ἐδίδασκεν</em></strong></span> <span class='ocrx_word' id='word_1_200' title='bbox 979 2839 1187 2906; x_wconf 68' lang='grc' dir='ltr'><strong><em>αὐτοῦς,</em></strong></span> <span class='ocrx_word' id='word_1_201' title='bbox 1217 2838 1300 2911; x_wconf 83' lang='grc' dir='ltr'><strong>ἀφ’</strong></span> <span class='ocrx_word' id='word_1_202' title='bbox 1331 2839 1398 2889; x_wconf 87' lang='grc' dir='ltr'><strong><em>ὧν</em></strong></span> <span class='ocrx_word' id='word_1_203' title='bbox 1447 2841 1682 2912; x_wconf 83' lang='grc' dir='ltr'><strong><em>ἔπραττε.</em></strong></span> 
     </span>
    </p>
   </div>
   <div class='ocr_carea' id='block_1_31' title="bbox 147 2922 1680 2998">
    <p class='ocr_par' dir='ltr' id='par_1_31' title="bbox 147 2922 1680 2998">
     <span class='ocr_line' id='line_1_31' title="bbox 147 2922 1680 2998; baseline 0.006 -27"><span class='ocrx_word' id='word_1_204' title='bbox 147 2928 246 2993; x_wconf 70' lang='grc' dir='ltr'><strong><em>Πρός</em></strong></span> <span class='ocrx_word' id='word_1_205' title='bbox 282 2928 362 2996; x_wconf 71' lang='grc' dir='ltr'><strong><em>μὲν</em></strong></span> <span class='ocrx_word' id='word_1_206' title='bbox 406 2922 490 2977; x_wconf 75' lang='grc' dir='ltr'><strong>οὖν</strong></span> <span class='ocrx_word' id='word_1_207' title='bbox 543 2931 669 2987; x_wconf 75' lang='grc' dir='ltr'><strong><em>τοὺς</em></strong></span> <span class='ocrx_word' id='word_1_208' title='bbox 716 2929 956 2998; x_wconf 80' lang='grc' dir='ltr'><strong><em>μαθητὰς</em></strong></span> <span class='ocrx_word' id='word_1_209' title='bbox 1006 2927 1256 2980; x_wconf 78' lang='grc' dir='ltr'><strong><em>ἀποτείνει</em></strong></span> <span class='ocrx_word' id='word_1_210' title='bbox 1313 2931 1432 2988; x_wconf 82' lang='grc' dir='ltr'><strong><em>τοὺς</em></strong></span> <span class='ocrx_word' id='word_1_211' title='bbox 1479 2927 1680 2998; x_wconf 74' lang='grc' dir='ltr'><strong><em>λόγους,</em></strong></span> 
     </span>
    </p>
   </div>
   <div class='ocr_carea' id='block_1_32' title="bbox 145 3010 1684 3087">
    <p class='ocr_par' dir='ltr' id='par_1_32' title="bbox 145 3010 1684 3087">
     <span class='ocr_line' id='line_1_32' title="bbox 145 3010 1684 3087; baseline 0.006 -29"><span class='ocrx_word' id='word_1_212' title='bbox 145 3011 203 3060; x_wconf 73' lang='lat' dir='ltr'><strong>in</strong></span> <span class='ocrx_word' id='word_1_213' title='bbox 241 3010 518 3085; x_wconf 67' lang='grc' dir='ltr'><strong><em>ἀνεπαχθὴς</em></strong></span> <span class='ocrx_word' id='word_1_214' title='bbox 565 3011 695 3087; x_wconf 78' lang='grc' dir='ltr'><strong><em>δόξῃ</em></strong></span> <span class='ocrx_word' id='word_1_215' title='bbox 749 3022 853 3075; x_wconf 85' lang='grc' dir='ltr'><strong><em>τοῖς</em></strong></span> <span class='ocrx_word' id='word_1_216' title='bbox 900 3015 1099 3086; x_wconf 79' lang='grc' dir='ltr'><strong><em>ὄχλοις,</em></strong></span> <span class='ocrx_word' id='word_1_217' title='bbox 1145 3019 1341 3076; x_wconf 78' lang='grc' dir='ltr'><strong><em>κοινοὺς</em></strong></span> <span class='ocrx_word' id='word_1_218' title='bbox 1394 3012 1453 3068; x_wconf 74' lang='grc' dir='ltr'><strong><em>δὲ</em></strong></span> <span class='ocrx_word' id='word_1_219' title='bbox 1497 3017 1684 3077; x_wconf 71' lang='grc' dir='ltr'><strong><em>αὐτοὺς</em></strong></span> 
     </span>
    </p>
   </div>
   <div class='ocr_carea' id='block_1_33' title="bbox 145 3102 1679 3178">
    <p class='ocr_par' dir='ltr' id='par_1_33' title="bbox 145 3102 1679 3178">
     <span class='ocr_line' id='line_1_33' title="bbox 145 3102 1679 3178; baseline 0.005 -29"><span class='ocrx_word' id='word_1_220' title='bbox 145 3107 318 3152; x_wconf 71' lang='grc' dir='ltr'><strong><em>ποιεῖται</em></strong></span> <span class='ocrx_word' id='word_1_221' title='bbox 381 3107 508 3176; x_wconf 80' lang='grc' dir='ltr'><strong><em>πρὸς</em></strong></span> <span class='ocrx_word' id='word_1_222' title='bbox 567 3105 771 3165; x_wconf 88' lang='grc' dir='ltr'><strong><em>πάντας</em></strong></span> <span class='ocrx_word' id='word_1_223' title='bbox 826 3102 1124 3178; x_wconf 81' lang='grc' dir='ltr'><strong><em>ἀνθρώπους</em></strong></span> <span class='ocrx_word' id='word_1_224' title='bbox 1196 3109 1286 3157; x_wconf 82' lang='grc' dir='ltr'><strong><em>καὶ</em></strong></span> <span class='ocrx_word' id='word_1_225' title='bbox 1351 3104 1679 3167; x_wconf 85' lang='grc' dir='ltr'><strong><em>καθολικούς.</em></strong></span> 
     </span>
    </p>
   </div>
   <div class='ocr_carea' id='block_1_34' title="bbox 197 3192 1682 3266">
    <p class='ocr_par' dir='ltr' id='par_1_34' title="bbox 197 3192 1682 3266">
     <span class='ocr_line' id='line_1_34' title="bbox 197 3192 1682 3266; baseline 0.004 -27"><span class='ocrx_word' id='word_1_226' title='bbox 197 3193 339 3259; x_wconf 66' lang='grc' dir='ltr'><strong>Λέγων</strong></span> <span class='ocrx_word' id='word_1_227' title='bbox 386 3221 450 3231; x_wconf 85' lang='grc'><strong>-</strong></span> <span class='ocrx_word' id='word_1_228' title='bbox 507 3192 764 3266; x_wconf 71' lang='grc' dir='ltr'><strong><em>οὐρανῶν.</em></strong></span> <span class='ocrx_word' id='word_1_229' title='bbox 820 3192 930 3244; x_wconf 68' lang='grc' dir='ltr'><strong>Οὐκ</strong></span> <span class='ocrx_word' id='word_1_230' title='bbox 987 3194 1138 3259; x_wconf 80' lang='grc' dir='ltr'><strong><em>εἶπεν,</em></strong></span> <span class='ocrx_word' id='word_1_231' title='bbox 1192 3195 1241 3245; x_wconf 90' lang='grc' dir='ltr'><strong>οἱ</strong></span> <span class='ocrx_word' id='word_1_232' title='bbox 1299 3197 1503 3265; x_wconf 75' lang='grc' dir='ltr'><strong><em>πτωχοί</em></strong></span> <span class='ocrx_word' id='word_1_233' title='bbox 1577 3201 1682 3255; x_wconf 86' lang='grc' dir='ltr'><strong><em>τοῖς</em></strong></span> 
     </span>
    </p>
   </div>
   <div class='ocr_carea' id='block_1_35' title="bbox 145 3279 1682 3353">
    <p class='ocr_par' dir='ltr' id='par_1_35' title="bbox 145 3279 1682 3353">
     <span class='ocr_line' id='line_1_35' title="bbox 145 3279 1682 3353; baseline 0.003 -23"><span class='ocrx_word' id='word_1_234' title='bbox 145 3283 381 3346; x_wconf 61' lang='grc' dir='ltr'><strong><em>λήμασιν,</em></strong></span> <span class='ocrx_word' id='word_1_235' title='bbox 411 3279 518 3332; x_wconf 73' lang='grc' dir='ltr'><strong><em>ἀλλ’</em></strong></span> <span class='ocrx_word' id='word_1_236' title='bbox 549 3280 606 3332; x_wconf 79' lang='grc' dir='ltr'><strong>οἱ</strong></span> <span class='ocrx_word' id='word_1_237' title='bbox 653 3286 862 3352; x_wconf 81' lang='grc' dir='ltr'><strong><em>πτωχοὶ</em></strong></span> <span class='ocrx_word' id='word_1_238' title='bbox 910 3289 982 3352; x_wconf 85' lang='grc' dir='ltr'><strong>τῷ</strong></span> <span class='ocrx_word' id='word_1_239' title='bbox 1011 3284 1263 3353; x_wconf 77' lang='grc' dir='ltr'><strong><em>πνεύματι</em></strong></span> <span class='ocrx_word' id='word_1_240' title='bbox 1297 3298 1310 3310; x_wconf 71' lang='grc'><strong>⁸</strong></span> <span class='ocrx_word' id='word_1_241' title='bbox 1342 3286 1610 3334; x_wconf 83' lang='grc' dir='ltr'><strong><em>τουτέστιν</em></strong></span> <span class='ocrx_word' id='word_1_242' title='bbox 1633 3284 1682 3335; x_wconf 83' lang='grc' dir='ltr'><strong>οἱ</strong></span> 
     </span>
    </p>
   </div>
   <div class='ocr_carea' id='block_1_36' title="bbox 145 3369 1682 3442">
    <p class='ocr_par' dir='ltr' id='par_1_36' title="bbox 145 3369 1682 3442">
     <span class='ocr_line' id='line_1_36' title="bbox 145 3369 1682 3442; baseline 0.007 -30"><span class='ocrx_word' id='word_1_243' title='bbox 145 3373 322 3419; x_wconf 65' lang='grc' dir='ltr'><strong><em>ταπεινοὶ</em></strong></span> <span class='ocrx_word' id='word_1_244' title='bbox 352 3377 410 3440; x_wconf 69' lang='grc' dir='ltr'><strong><em>τῇ</em></strong></span> <span class='ocrx_word' id='word_1_245' title='bbox 453 3371 573 3440; x_wconf 74' lang='grc'><strong>(21)</strong></span> <span class='ocrx_word' id='word_1_246' title='bbox 605 3375 903 3442; x_wconf 82' lang='grc' dir='ltr'><strong><em>προαιρέσει</em></strong></span> <span class='ocrx_word' id='word_1_247' title='bbox 950 3374 1038 3422; x_wconf 82' lang='grc' dir='ltr'><strong><em>καὶ</em></strong></span> <span class='ocrx_word' id='word_1_248' title='bbox 1085 3377 1147 3441; x_wconf 74' lang='grc' dir='ltr'><strong><em>τῇ</em></strong></span> <span class='ocrx_word' id='word_1_249' title='bbox 1180 3369 1360 3442; x_wconf 76' lang='grc' dir='ltr'><strong><em>ψυχῇ,</em></strong></span> <span class='ocrx_word' id='word_1_250' title='bbox 1391 3377 1556 3422; x_wconf 82' lang='grc' dir='ltr'><strong><em>ταῦτα</em></strong></span> <span class='ocrx_word' id='word_1_251' title='bbox 1594 3378 1682 3423; x_wconf 80' lang='grc' dir='ltr'><strong><em>νῦν</em></strong></span> 
     </span>
    </p>
   </div>
   <div class='ocr_carea' id='block_1_37' title="bbox 143 3457 1683 3531">
    <p class='ocr_par' dir='ltr' id='par_1_37' title="bbox 143 3457 1683 3531">
     <span class='ocr_line' id='line_1_37' title="bbox 143 3457 1683 3531; baseline 0.005 -28"><span class='ocrx_word' id='word_1_252' title='bbox 143 3461 295 3520; x_wconf 63' lang='lat' dir='ltr'><strong>nspr</strong></span> <span class='ocrx_word' id='word_1_253' title='bbox 334 3459 616 3530; x_wconf 78' lang='grc' dir='ltr'><strong><em>ὀνομάσας.</em></strong></span> <span class='ocrx_word' id='word_1_254' title='bbox 674 3458 749 3509; x_wconf 67' lang='lat'><strong>0&#39;)</strong></span> <span class='ocrx_word' id='word_1_255' title='bbox 799 3461 900 3531; x_wconf 74' lang='grc' dir='ltr'><strong>γὰρ</strong></span> <span class='ocrx_word' id='word_1_256' title='bbox 954 3460 979 3509; x_wconf 86' lang='grc' dir='ltr'><strong>ό</strong></span> <span class='ocrx_word' id='word_1_257' title='bbox 1031 3457 1085 3510; x_wconf 84' lang='grc' dir='ltr'><strong><em>ἐκ</em></strong></span> <span class='ocrx_word' id='word_1_258' title='bbox 1140 3462 1498 3531; x_wconf 81' lang='grc' dir='ltr'><strong><em>περιστάσεὼς</em></strong></span> <span class='ocrx_word' id='word_1_259' title='bbox 1549 3479 1683 3520; x_wconf 90' lang='grc' dir='ltr'><strong><em>τινος</em></strong></span> 
     </span>
    </p>
   </div>
   <div class='ocr_carea' id='block_1_38' title="bbox 144 3543 1683 3622">
    <p class='ocr_par' dir='ltr' id='par_1_38' title="bbox 144 3543 1683 3622">
     <span class='ocr_line' id='line_1_38' title="bbox 144 3543 1683 3622; baseline 0.005 -29"><span class='ocrx_word' id='word_1_260' title='bbox 144 3548 346 3608; x_wconf 66' lang='grc' dir='ltr'><strong><em>ταπεινὸς,</em></strong></span> <span class='ocrx_word' id='word_1_261' title='bbox 395 3547 537 3606; x_wconf 76' lang='grc' dir='ltr'><strong><em>οὗτος</em></strong></span> <span class='ocrx_word' id='word_1_262' title='bbox 589 3549 931 3619; x_wconf 81' lang='grc' dir='ltr'><strong><em>μακαριστός,</em></strong></span> <span class='ocrx_word' id='word_1_263' title='bbox 979 3543 1118 3598; x_wconf 88' lang='grc' dir='ltr'><strong><em>διότι</em></strong></span> <span class='ocrx_word' id='word_1_264' title='bbox 1168 3543 1319 3599; x_wconf 62' lang='grc' dir='ltr'><strong><em>οὐδὲν</em></strong></span> <span class='ocrx_word' id='word_1_265' title='bbox 1372 3556 1470 3599; x_wconf 84' lang='grc' dir='ltr'><strong><em>τῶν</em></strong></span> <span class='ocrx_word' id='word_1_266' title='bbox 1525 3546 1683 3622; x_wconf 80' lang='grc' dir='ltr'><strong><em>ἀπρο-</em></strong></span> 
     </span>
    </p>
   </div>
   <div class='ocr_carea' id='block_1_39' title="bbox 142 3633 1682 3709">
    <p class='ocr_par' dir='ltr' id='par_1_39' title="bbox 142 3633 1682 3709">
     <span class='ocr_line' id='line_1_39' title="bbox 142 3633 1682 3709; baseline 0.006 -30"><span class='ocrx_word' id='word_1_267' title='bbox 142 3634 306 3698; x_wconf 65' lang='grc' dir='ltr'><strong><em>αιρέτων</em></strong></span> <span class='ocrx_word' id='word_1_268' title='bbox 357 3639 701 3706; x_wconf 80' lang='grc' dir='ltr'><strong><em>μακαριστόν.</em></strong></span> <span class='ocrx_word' id='word_1_269' title='bbox 759 3640 912 3686; x_wconf 83' lang='grc' dir='ltr'><strong><em>Πᾶσα</em></strong></span> <span class='ocrx_word' id='word_1_270' title='bbox 960 3637 1061 3708; x_wconf 73' lang='grc' dir='ltr'><strong><em>γὰρ</em></strong></span> <span class='ocrx_word' id='word_1_271' title='bbox 1118 3633 1270 3709; x_wconf 79' lang='grc' dir='ltr'><strong><em>ἀρετὴ</em></strong></span> <span class='ocrx_word' id='word_1_272' title='bbox 1326 3643 1397 3706; x_wconf 84' lang='grc' dir='ltr'><strong>τῷ</strong></span> <span class='ocrx_word' id='word_1_273' title='bbox 1460 3635 1682 3708; x_wconf 79' lang='grc' dir='ltr'><strong><em>ἑκουσίῳ</em></strong></span> 
     </span>
    </p>
   </div>
   <div class='ocr_carea' id='block_1_40' title="bbox 141 3721 1679 3794">
    <p class='ocr_par' dir='ltr' id='par_1_40' title="bbox 141 3721 1679 3794">
     <span class='ocr_line' id='line_1_40' title="bbox 141 3721 1679 3794; baseline 0.005 -26"><span class='ocrx_word' id='word_1_274' title='bbox 141 3724 560 3794; x_wconf 66' lang='grc' dir='ltr'><strong><em>χαρακτηρίζεται.</em></strong></span> <span class='ocrx_word' id='word_1_275' title='bbox 609 3724 831 3793; x_wconf 81' lang='grc' dir='ltr'><strong><em>Πτωχόν</em></strong></span> <span class='ocrx_word' id='word_1_276' title='bbox 887 3721 945 3774; x_wconf 71' lang='grc' dir='ltr'><strong>ὸὶ</strong></span> <span class='ocrx_word' id='word_1_277' title='bbox 995 3722 1236 3792; x_wconf 81' lang='grc' dir='ltr'><strong><em>ἐνταῦθα,</em></strong></span> <span class='ocrx_word' id='word_1_278' title='bbox 1279 3727 1365 3776; x_wconf 88' lang='grc' dir='ltr'><strong><em>τὸν</em></strong></span> <span class='ocrx_word' id='word_1_279' title='bbox 1421 3727 1679 3794; x_wconf 78' lang='grc' dir='ltr'><strong><em>ταπεινὸν,</em></strong></span> 
     </span>
    </p>
   </div>
   <div class='ocr_carea' id='block_1_41' title="bbox 141 3803 1681 3884">
    <p class='ocr_par' dir='ltr' id='par_1_41' title="bbox 141 3803 1681 3884">
     <span class='ocr_line' id='line_1_41' title="bbox 141 3803 1681 3884; baseline 0.006 -29"><span class='ocrx_word' id='word_1_280' title='bbox 141 3803 324 3861; x_wconf 73' lang='grc' dir='ltr'><strong><em>ἐιαλισεν</em></strong></span> <span class='ocrx_word' id='word_1_281' title='bbox 395 3809 492 3862; x_wconf 67' lang='grc' dir='ltr'><strong>ἀπὸ</strong></span> <span class='ocrx_word' id='word_1_282' title='bbox 569 3818 664 3861; x_wconf 77' lang='grc' dir='ltr'><strong>τοῦ</strong></span> <span class='ocrx_word' id='word_1_283' title='bbox 736 3815 1143 3882; x_wconf 72' lang='grc' dir='ltr'><strong><em>κατεπτηχέναι,</em></strong></span> <span class='ocrx_word' id='word_1_284' title='bbox 1209 3813 1234 3863; x_wconf 85' lang='grc' dir='ltr'><strong><em>ὃ</em></strong></span> <span class='ocrx_word' id='word_1_285' title='bbox 1285 3811 1398 3864; x_wconf 73' lang='grc' dir='ltr'><strong><em>ἔστι</em></strong></span> <span class='ocrx_word' id='word_1_286' title='bbox 1451 3812 1681 3884; x_wconf 80' lang='grc' dir='ltr'><strong><em>πεφοϐῆ-</em></strong></span> 
     </span>
    </p>
   </div>
   <div class='ocr_carea' id='block_1_42' title="bbox 143 3895 1679 3972">
    <p class='ocr_par' dir='ltr' id='par_1_42' title="bbox 143 3895 1679 3972">
     <span class='ocr_line' id='line_1_42' title="bbox 143 3895 1679 3972; baseline 0.007 -30"><span class='ocrx_word' id='word_1_287' title='bbox 143 3895 250 3948; x_wconf 73' lang='grc' dir='ltr'><strong><em>εθαι.</em></strong></span> <span class='ocrx_word' id='word_1_288' title='bbox 292 3897 344 3950; x_wconf 76' lang='lat'><strong>&#39;0</strong></span> <span class='ocrx_word' id='word_1_289' title='bbox 389 3902 489 3972; x_wconf 67' lang='grc' dir='ltr'><strong>γὰρ</strong></span> <span class='ocrx_word' id='word_1_290' title='bbox 544 3903 896 3972; x_wconf 86' lang='grc' dir='ltr'><strong><em>ταπεινόφρων</em></strong></span> <span class='ocrx_word' id='word_1_291' title='bbox 951 3897 1029 3952; x_wconf 80' lang='grc' dir='ltr'><strong>ἀεὶ</strong></span> <span class='ocrx_word' id='word_1_292' title='bbox 1089 3900 1321 3972; x_wconf 81' lang='grc' dir='ltr'><strong><em>φοϐεῖται</em></strong></span> <span class='ocrx_word' id='word_1_293' title='bbox 1374 3905 1460 3954; x_wconf 89' lang='grc' dir='ltr'><strong>τόν</strong></span> <span class='ocrx_word' id='word_1_294' title='bbox 1530 3905 1679 3968; x_wconf 85' lang='grc' dir='ltr'><strong><em>Θεὸν,</em></strong></span> 
     </span>
    </p>
   </div>
   <div class='ocr_carea' id='block_1_43' title="bbox 142 3983 1680 4061">
    <p class='ocr_par' dir='ltr' id='par_1_43' title="bbox 142 3983 1680 4061">
     <span class='ocr_line' id='line_1_43' title="bbox 142 3983 1680 4061; baseline 0 -19"><span class='ocrx_word' id='word_1_295' title='bbox 142 4002 189 4042; x_wconf 67' lang='grc' dir='ltr'><strong>ως</strong></span> <span class='ocrx_word' id='word_1_296' title='bbox 225 3983 460 4054; x_wconf 74' lang='grc' dir='ltr'><strong><em>μηδέποτε</em></strong></span> <span class='ocrx_word' id='word_1_297' title='bbox 509 3988 870 4061; x_wconf 68' lang='grc' dir='ltr'><strong><em>ε-ὗαρεστὴσας</em></strong></span> <span class='ocrx_word' id='word_1_298' title='bbox 919 3988 1079 4058; x_wconf 72' lang='grc' dir='ltr'><strong><em>αὐτῷ.</em></strong></span> <span class='ocrx_word' id='word_1_299' title='bbox 1131 3993 1314 4042; x_wconf 88' lang='grc' dir='ltr'><strong><em>Σκόπει</em></strong></span> <span class='ocrx_word' id='word_1_300' title='bbox 1371 3986 1450 4057; x_wconf 79' lang='grc' dir='ltr'><strong>δὲ,</strong></span> <span class='ocrx_word' id='word_1_301' title='bbox 1506 3991 1680 4044; x_wconf 87' lang='grc' dir='ltr'><strong><em>ὁποῖον</em></strong></span> 
     </span>
    </p>
   </div>
   <div class='ocr_carea' id='block_1_44' title="bbox 143 4073 1676 4153">
    <p class='ocr_par' dir='ltr' id='par_1_44' title="bbox 143 4073 1676 4153">
     <span class='ocr_line' id='line_1_44' title="bbox 143 4073 1676 4153; baseline 0.007 -30"><span class='ocrx_word' id='word_1_302' title='bbox 143 4073 321 4142; x_wconf 58' lang='lat' dir='ltr'><strong>imam-1</strong></span> <span class='ocrx_word' id='word_1_303' title='bbox 370 4087 461 4138; x_wconf 78' lang='grc' dir='ltr'><strong><em>τῆς</em></strong></span> <span class='ocrx_word' id='word_1_304' title='bbox 514 4073 874 4137; x_wconf 78' lang='grc' dir='ltr'><strong><em>διδασκαλίας</em></strong></span> <span class='ocrx_word' id='word_1_305' title='bbox 923 4076 1245 4132; x_wconf 78' lang='grc' dir='ltr'><strong><em>κατεϐάλετο.</em></strong></span> <span class='ocrx_word' id='word_1_306' title='bbox 1297 4079 1440 4131; x_wconf 81' lang='grc' dir='ltr'><strong><em>Ἐπεί</em></strong></span> <span class='ocrx_word' id='word_1_307' title='bbox 1489 4082 1590 4153; x_wconf 69' lang='grc' dir='ltr'><strong>γὰρ</strong></span> <span class='ocrx_word' id='word_1_308' title='bbox 1645 4081 1676 4137; x_wconf 79' lang='grc' dir='ltr'>ἡ</span> 
     </span>
    </p>
   </div>
   <div class='ocr_carea' id='block_1_45' title="bbox 144 4161 1680 4238">
    <p class='ocr_par' dir='ltr' id='par_1_45' title="bbox 144 4161 1680 4238">
     <span class='ocr_line' id='line_1_45' title="bbox 144 4161 1680 4238; baseline 0.005 -26"><span class='ocrx_word' id='word_1_309' title='bbox 144 4162 485 4238; x_wconf 61' lang='grc' dir='ltr'><strong><em>ὑορηλοφροσύνη</em></strong></span> <span class='ocrx_word' id='word_1_310' title='bbox 549 4171 636 4217; x_wconf 86' lang='grc' dir='ltr'><strong>τόν</strong></span> <span class='ocrx_word' id='word_1_311' title='bbox 705 4184 759 4217; x_wconf 86' lang='grc' dir='ltr'><strong>τε</strong></span> <span class='ocrx_word' id='word_1_312' title='bbox 817 4161 1058 4218; x_wconf 83' lang='grc' dir='ltr'><strong><em>διάϐολον</em></strong></span> <span class='ocrx_word' id='word_1_313' title='bbox 1125 4165 1390 4235; x_wconf 74' lang='grc' dir='ltr'><strong><em>κατέϐαλε,</em></strong></span> <span class='ocrx_word' id='word_1_314' title='bbox 1446 4173 1534 4220; x_wconf 79' lang='grc' dir='ltr'><strong><em>καὶ</em></strong></span> <span class='ocrx_word' id='word_1_315' title='bbox 1592 4171 1680 4220; x_wconf 89' lang='grc' dir='ltr'><strong><em>τὸν</em></strong></span> 
     </span>
    </p>
   </div>
   <div class='ocr_carea' id='block_1_46' title="bbox 143 4252 1680 4330">
    <p class='ocr_par' dir='ltr' id='par_1_46' title="bbox 143 4252 1680 4330">
     <span class='ocr_line' id='line_1_46' title="bbox 143 4252 1680 4330; baseline 0.008 -32"><span class='ocrx_word' id='word_1_316' title='bbox 143 4254 484 4320; x_wconf 64' lang='grc' dir='ltr'><strong><em>τρωτόςλαστον</em></strong></span> <span class='ocrx_word' id='word_1_317' title='bbox 521 4252 771 4320; x_wconf 75' lang='grc' dir='ltr'><strong><em>ἐξέϐαλεν,</em></strong></span> <span class='ocrx_word' id='word_1_318' title='bbox 818 4255 1057 4311; x_wconf 85' lang='grc' dir='ltr'><strong><em>οἰηθέντα</em></strong></span> <span class='ocrx_word' id='word_1_319' title='bbox 1109 4259 1238 4308; x_wconf 84' lang='grc' dir='ltr'><strong><em>Θεὸν</em></strong></span> <span class='ocrx_word' id='word_1_320' title='bbox 1285 4258 1498 4309; x_wconf 84' lang='grc' dir='ltr'><strong><em>ἔσεσθαι</em></strong></span> <span class='ocrx_word' id='word_1_321' title='bbox 1549 4261 1680 4330; x_wconf 86' lang='grc' dir='ltr'><strong><em>μετὰ</em></strong></span> 
     </span>
    </p>
   </div>
   <div class='ocr_carea' id='block_1_47' title="bbox 144 4341 1677 4417">
    <p class='ocr_par' dir='ltr' id='par_1_47' title="bbox 144 4341 1677 4417">
     <span class='ocr_line' id='line_1_47' title="bbox 144 4341 1677 4417; baseline 0.006 -27"><span class='ocrx_word' id='word_1_322' title='bbox 144 4345 209 4394; x_wconf 63' lang='grc' dir='ltr'><strong><em>τήν</em></strong></span> <span class='ocrx_word' id='word_1_323' title='bbox 242 4360 318 4392; x_wconf 73' lang='grc' dir='ltr'><strong>τον</strong></span> <span class='ocrx_word' id='word_1_324' title='bbox 365 4343 512 4405; x_wconf 67' lang='grc' dir='ltr'><strong><em>ξύλου</em></strong></span> <span class='ocrx_word' id='word_1_325' title='bbox 547 4341 771 4416; x_wconf 75' lang='grc' dir='ltr'><strong><em>βρῶσιν,</em></strong></span> <span class='ocrx_word' id='word_1_326' title='bbox 801 4348 890 4394; x_wconf 89' lang='grc' dir='ltr'><strong><em>καὶ</em></strong></span> <span class='ocrx_word' id='word_1_327' title='bbox 938 4344 1064 4417; x_wconf 84' lang='grc' dir='ltr'><strong><em>ῥίζα</em></strong></span> <span class='ocrx_word' id='word_1_328' title='bbox 1108 4349 1198 4396; x_wconf 80' lang='grc' dir='ltr'><strong><em>καὶ</em></strong></span> <span class='ocrx_word' id='word_1_329' title='bbox 1245 4349 1389 4416; x_wconf 69' lang='grc' dir='ltr'><strong><em>πηγὴ</em></strong></span> <span class='ocrx_word' id='word_1_330' title='bbox 1441 4355 1539 4398; x_wconf 86' lang='grc' dir='ltr'><strong><em>τῶν</em></strong></span> <span class='ocrx_word' id='word_1_331' title='bbox 1578 4367 1677 4399; x_wconf 90' lang='grc' dir='ltr'><strong><em>κα-</em></strong></span> 
     </span>
    </p>
   </div>
   <div class='ocr_carea' id='block_1_48' title="bbox 142 4429 1679 4506">
    <p class='ocr_par' dir='ltr' id='par_1_48' title="bbox 142 4429 1679 4506">
     <span class='ocr_line' id='line_1_48' title="bbox 142 4429 1679 4506; baseline 0.008 -31"><span class='ocrx_word' id='word_1_332' title='bbox 142 4437 212 4477; x_wconf 60' lang='lat' dir='ltr'><strong>xm</strong></span> <span class='ocrx_word' id='word_1_333' title='bbox 258 4429 476 4484; x_wconf 71' lang='grc' dir='ltr'><strong><em>ἁπάντων</em></strong></span> <span class='ocrx_word' id='word_1_334' title='bbox 530 4437 733 4503; x_wconf 71' lang='grc' dir='ltr'><strong><em>’γέγονεν</em></strong></span> <span class='ocrx_word' id='word_1_335' title='bbox 785 4432 944 4498; x_wconf 72' lang='grc' dir='ltr'><strong><em>αὕτη,</em></strong></span> <span class='ocrx_word' id='word_1_336' title='bbox 997 4431 1273 4485; x_wconf 82' lang='grc' dir='ltr'><strong><em>ἀντίπαλον</em></strong></span> <span class='ocrx_word' id='word_1_337' title='bbox 1331 4433 1460 4506; x_wconf 76' lang='grc' dir='ltr'><strong><em>αὐτῇ</em></strong></span> <span class='ocrx_word' id='word_1_338' title='bbox 1521 4455 1679 4488; x_wconf 90' lang='grc' dir='ltr'><strong><em>κατα-</em></strong></span> 
     </span>
    </p>
   </div>
   <div class='ocr_carea' id='block_1_49' title="bbox 1812 508 3455 587">
    <p class='ocr_par' dir='ltr' id='par_1_49' title="bbox 1812 508 3455 587">
     <span class='ocr_line' id='line_1_49' title="bbox 1812 508 3455 587; baseline 0.005 -26"><span class='ocrx_word' id='word_1_339' title='bbox 1812 508 2304 564; x_wconf 86' lang='lat' dir='ltr'><strong>monstrationem</strong></span> <span class='ocrx_word' id='word_1_340' title='bbox 2336 510 2577 567; x_wconf 85' lang='lat' dir='ltr'><strong>dederat</strong></span> <span class='ocrx_word' id='word_1_341' title='bbox 2603 533 2614 565; x_wconf 91' lang='lat'><strong>:</strong></span> <span class='ocrx_word' id='word_1_342' title='bbox 2666 512 2902 584; x_wconf 88' lang='lat' dir='ltr'><strong>alioque</strong></span> <span class='ocrx_word' id='word_1_343' title='bbox 2933 512 3118 569; x_wconf 91' lang='lat' dir='ltr'><strong>modo</strong></span> <span class='ocrx_word' id='word_1_344' title='bbox 3147 513 3304 570; x_wconf 90' lang='lat' dir='ltr'><strong>idem</strong></span> <span class='ocrx_word' id='word_1_345' title='bbox 3322 529 3455 587; x_wconf 90' lang='lat' dir='ltr'><strong>pro-</strong></span> 
     </span>
    </p>
   </div>
   <div class='ocr_carea' id='block_1_50' title="bbox 1809 595 3456 673">
    <p class='ocr_par' dir='ltr' id='par_1_50' title="bbox 1809 595 3456 673">
     <span class='ocr_line' id='line_1_50' title="bbox 1809 595 3456 673; baseline 0.006 -22"><span class='ocrx_word' id='word_1_346' title='bbox 1809 595 2028 652; x_wconf 80' lang='lat' dir='ltr'><strong>ducere</strong></span> <span class='ocrx_word' id='word_1_347' title='bbox 2057 598 2417 655; x_wconf 83' lang='lat' dir='ltr'><strong>etadhibere</strong></span> <span class='ocrx_word' id='word_1_348' title='bbox 2468 603 2718 673; x_wconf 81' lang='lat' dir='ltr'><strong>poterat,</strong></span> <span class='ocrx_word' id='word_1_349' title='bbox 2752 601 2866 658; x_wconf 87' lang='lat' dir='ltr'><strong>ﬁde</strong></span> <span class='ocrx_word' id='word_1_350' title='bbox 2909 603 3080 660; x_wconf 88' lang='lat' dir='ltr'><strong>etiam</strong></span> <span class='ocrx_word' id='word_1_351' title='bbox 3140 619 3263 660; x_wconf 89' lang='lat' dir='ltr'><strong>non</strong></span> <span class='ocrx_word' id='word_1_352' title='bbox 3293 619 3456 661; x_wconf 84' lang='lat' dir='ltr'><strong>acce-</strong></span> 
     </span>
    </p>
   </div>
   <div class='ocr_carea' id='block_1_51' title="bbox 1811 686 2006 742">
    <p class='ocr_par' dir='ltr' id='par_1_51' title="bbox 1811 686 2006 742">
     <span class='ocr_line' id='line_1_51' title="bbox 1811 686 2006 742; baseline 0.01 -2"><span class='ocrx_word' id='word_1_353' title='bbox 1811 686 2006 742; x_wconf 90' lang='lat' dir='ltr'><strong>dente.</strong></span> 
     </span>
    </p>
   </div>
   <div class='ocr_carea' id='block_1_52' title="bbox 1881 775 3455 840">
    <p class='ocr_par' dir='ltr' id='par_1_52' title="bbox 1881 775 3455 840">
     <span class='ocr_line' id='line_1_52' title="bbox 1881 775 3455 840; baseline 0.006 -13"><span class='ocrx_word' id='word_1_354' title='bbox 1881 775 2047 833; x_wconf 87' lang='lat' dir='ltr'><strong>Vers.</strong></span> <span class='ocrx_word' id='word_1_355' title='bbox 2083 779 2170 832; x_wconf 82' lang='lat'><strong>25.</strong></span> <span class='ocrx_word' id='word_1_356' title='bbox 2211 778 2281 832; x_wconf 87' lang='lat' dir='ltr'><strong>Et</strong></span> <span class='ocrx_word' id='word_1_357' title='bbox 2314 784 2527 834; x_wconf 74' lang='lat' dir='ltr'><strong>secuta:</strong></span> <span class='ocrx_word' id='word_1_358' title='bbox 2576 808 2644 818; x_wconf 90' lang='lat'><strong><em>—</em></strong></span> <span class='ocrx_word' id='word_1_359' title='bbox 2698 784 2858 834; x_wconf 87' lang='lat' dir='ltr'><strong>trans</strong></span> <span class='ocrx_word' id='word_1_360' title='bbox 2910 779 3230 837; x_wconf 85' lang='lat' dir='ltr'><strong>Jordanem</strong></span> <span class='ocrx_word' id='word_1_361' title='bbox 3299 781 3455 840; x_wconf 80' lang='lat' dir='ltr'><strong>sitis.</strong></span> 
     </span>
    </p>
   </div>
   <div class='ocr_carea' id='block_1_53' title="bbox 1812 864 3457 942">
    <p class='ocr_par' dir='ltr' id='par_1_53' title="bbox 1812 864 3457 942">
     <span class='ocr_line' id='line_1_53' title="bbox 1812 864 3457 942; baseline 0.007 -25"><span class='ocrx_word' id='word_1_362' title='bbox 1812 869 1976 938; x_wconf 78' lang='grc' dir='ltr'><strong><em>Πέραν</em></strong></span> <span class='ocrx_word' id='word_1_363' title='bbox 2001 872 2092 918; x_wconf 82' lang='grc' dir='ltr'><strong>τοῦ</strong></span> <span class='ocrx_word' id='word_1_364' title='bbox 2127 864 2412 940; x_wconf 78' lang='grc' dir='ltr'><strong><em>Ἰορδάνου,</em></strong></span> <span class='ocrx_word' id='word_1_365' title='bbox 2451 867 2630 924; x_wconf 89' lang='lat' dir='ltr'><strong>etiam</strong></span> <span class='ocrx_word' id='word_1_366' title='bbox 2661 868 2934 925; x_wconf 84' lang='lat' dir='ltr'><strong>videlicet</strong></span> <span class='ocrx_word' id='word_1_367' title='bbox 2971 886 3007 926; x_wconf 88' lang='lat' dir='ltr'><strong>a</strong></span> <span class='ocrx_word' id='word_1_368' title='bbox 3052 871 3294 942; x_wconf 83' lang='lat' dir='ltr'><strong>regione</strong></span> <span class='ocrx_word' id='word_1_369' title='bbox 3321 886 3457 942; x_wconf 75' lang='lat' dir='ltr'><strong>qum</strong></span> 
     </span>
    </p>
   </div>
   <div class='ocr_carea' id='block_1_54' title="bbox 1809 955 2644 1013">
    <p class='ocr_par' dir='ltr' id='par_1_54' title="bbox 1809 955 2644 1013">
     <span class='ocr_line' id='line_1_54' title="bbox 1809 955 2644 1013; baseline 0.002 -3"><span class='ocrx_word' id='word_1_370' title='bbox 1809 955 1920 1012; x_wconf 89' lang='lat' dir='ltr'><strong>sita</strong></span> <span class='ocrx_word' id='word_1_371' title='bbox 1950 959 2076 1012; x_wconf 89' lang='lat' dir='ltr'><strong>erat</strong></span> <span class='ocrx_word' id='word_1_372' title='bbox 2102 959 2264 1013; x_wconf 87' lang='lat' dir='ltr'><strong>trans</strong></span> <span class='ocrx_word' id='word_1_373' title='bbox 2302 957 2644 1013; x_wconf 80' lang='lat' dir='ltr'><strong>Jordanem.</strong></span> 
     </span>
    </p>
   </div>
   <div class='ocr_carea' id='block_1_55' title="bbox 2225 1046 3064 1104">
    <p class='ocr_par' dir='ltr' id='par_1_55' title="bbox 2225 1046 3064 1104">
     <span class='ocr_line' id='line_1_55' title="bbox 2225 1046 3064 1104; baseline 0.004 -3"><span class='ocrx_word' id='word_1_374' title='bbox 2225 1046 2372 1101; x_wconf 87' lang='lat' dir='ltr'><strong>CAP.</strong></span> <span class='ocrx_word' id='word_1_375' title='bbox 2408 1047 2476 1101; x_wconf 92' lang='lat' dir='ltr'><strong>V.</strong></span> <span class='ocrx_word' id='word_1_376' title='bbox 2509 1047 2596 1104; x_wconf 88' lang='lat' dir='ltr'><strong>De</strong></span> <span class='ocrx_word' id='word_1_377' title='bbox 2627 1047 3064 1104; x_wconf 81' lang='lat' dir='ltr'><strong>beatitudinibus</strong></span> 
     </span>
    </p>
   </div>
   <div class='ocr_carea' id='block_1_56' title="bbox 1879 1133 3457 1210">
    <p class='ocr_par' dir='ltr' id='par_1_56' title="bbox 1879 1133 3457 1210">
     <span class='ocr_line' id='line_1_56' title="bbox 1879 1133 3457 1210; baseline 0.004 -21"><span class='ocrx_word' id='word_1_378' title='bbox 1879 1133 2028 1206; x_wconf 87' lang='lat' dir='ltr'><strong>Cap.</strong></span> <span class='ocrx_word' id='word_1_379' title='bbox 2067 1135 2132 1200; x_wconf 88' lang='lat' dir='ltr'><strong>V,</strong></span> <span class='ocrx_word' id='word_1_380' title='bbox 2164 1149 2323 1192; x_wconf 85' lang='lat' dir='ltr'><strong>vers.</strong></span> <span class='ocrx_word' id='word_1_381' title='bbox 2368 1140 2414 1190; x_wconf 80' lang='grc'><strong><em>1.</em></strong></span> <span class='ocrx_word' id='word_1_382' title='bbox 2465 1137 2611 1192; x_wconf 85' lang='lat' dir='ltr'><strong>Cum</strong></span> <span class='ocrx_word' id='word_1_383' title='bbox 2657 1136 2885 1194; x_wconf 83' lang='lat' dir='ltr'><strong>vidisset</strong></span> <span class='ocrx_word' id='word_1_384' title='bbox 2914 1169 2984 1178; x_wconf 96' lang='lat'><strong><em>—</em></strong></span> <span class='ocrx_word' id='word_1_385' title='bbox 3015 1143 3293 1195; x_wconf 84' lang='lat' dir='ltr'><strong>montem.</strong></span> <span class='ocrx_word' id='word_1_386' title='bbox 3326 1139 3457 1210; x_wconf 73' lang='lat'><strong>1-111</strong></span> 
     </span>
    </p>
   </div>
   <div class='ocr_carea' id='block_1_57' title="bbox 1808 1222 3455 1297">
    <p class='ocr_par' dir='ltr' id='par_1_57' title="bbox 1808 1222 3455 1297">
     <span class='ocr_line' id='line_1_57' title="bbox 1808 1222 3455 1297; baseline 0.003 -19"><span class='ocrx_word' id='word_1_387' title='bbox 1808 1227 2012 1279; x_wconf 89' lang='lat' dir='ltr'><strong>monte</strong></span> <span class='ocrx_word' id='word_1_388' title='bbox 2043 1222 2442 1279; x_wconf 88' lang='lat' dir='ltr'><strong>beatitudines</strong></span> <span class='ocrx_word' id='word_1_389' title='bbox 2471 1227 2740 1296; x_wconf 84' lang='lat' dir='ltr'><strong>exposuit</strong></span> <span class='ocrx_word' id='word_1_390' title='bbox 2771 1227 3081 1297; x_wconf 87' lang='lat' dir='ltr'><strong>Dominus,</strong></span> <span class='ocrx_word' id='word_1_391' title='bbox 3135 1229 3358 1283; x_wconf 86' lang='lat' dir='ltr'><strong>docens</strong></span> <span class='ocrx_word' id='word_1_392' title='bbox 3383 1243 3455 1284; x_wconf 82' lang='lat' dir='ltr'><strong>ex</strong></span> 
     </span>
    </p>
   </div>
   <div class='ocr_carea' id='block_1_58' title="bbox 1805 1311 3457 1385">
    <p class='ocr_par' dir='ltr' id='par_1_58' title="bbox 1805 1311 3457 1385">
     <span class='ocr_line' id='line_1_58' title="bbox 1805 1311 3457 1385; baseline 0.004 -17"><span class='ocrx_word' id='word_1_393' title='bbox 1805 1311 1921 1368; x_wconf 90' lang='lat' dir='ltr'><strong>hoc</strong></span> <span class='ocrx_word' id='word_1_394' title='bbox 1950 1317 2224 1383; x_wconf 82' lang='lat' dir='ltr'><strong>oportere</strong></span> <span class='ocrx_word' id='word_1_395' title='bbox 2249 1312 2590 1384; x_wconf 89' lang='lat' dir='ltr'><strong>cupientem</strong></span> <span class='ocrx_word' id='word_1_396' title='bbox 2618 1314 2905 1385; x_wconf 82' lang='lat' dir='ltr'><strong>attingere</strong></span> <span class='ocrx_word' id='word_1_397' title='bbox 2936 1315 3387 1384; x_wconf 82' lang='lat' dir='ltr'><strong>beatitudinem,</strong></span> <span class='ocrx_word' id='word_1_398' title='bbox 3419 1333 3457 1374; x_wconf 89' lang='lat' dir='ltr'><strong>a</strong></span> 
     </span>
    </p>
   </div>
   <div class='ocr_carea' id='block_1_59' title="bbox 1806 1400 3456 1474">
    <p class='ocr_par' dir='ltr' id='par_1_59' title="bbox 1806 1400 3456 1474">
     <span class='ocr_line' id='line_1_59' title="bbox 1806 1400 3456 1474; baseline 0.005 -18"><span class='ocrx_word' id='word_1_399' title='bbox 1806 1401 2103 1473; x_wconf 89' lang='lat' dir='ltr'><strong>depressis</strong></span> <span class='ocrx_word' id='word_1_400' title='bbox 2145 1400 2315 1457; x_wconf 89' lang='lat' dir='ltr'><strong>humi</strong></span> <span class='ocrx_word' id='word_1_401' title='bbox 2367 1401 2548 1458; x_wconf 87' lang='lat' dir='ltr'><strong>rebus</strong></span> <span class='ocrx_word' id='word_1_402' title='bbox 2596 1403 2885 1474; x_wconf 79' lang='lat' dir='ltr'><strong>abstrahi,</strong></span> <span class='ocrx_word' id='word_1_403' title='bbox 2946 1409 3002 1460; x_wconf 90' lang='lat' dir='ltr'><strong>et</strong></span> <span class='ocrx_word' id='word_1_404' title='bbox 3039 1405 3117 1461; x_wconf 89' lang='lat' dir='ltr'><strong>ad</strong></span> <span class='ocrx_word' id='word_1_405' title='bbox 3175 1405 3456 1464; x_wconf 85' lang='lat' dir='ltr'><strong>sublimia</strong></span> 
     </span>
    </p>
   </div>
   <div class='ocr_carea' id='block_1_60' title="bbox 1807 1489 2044 1546">
    <p class='ocr_par' dir='ltr' id='par_1_60' title="bbox 1807 1489 2044 1546">
     <span class='ocr_line' id='line_1_60' title="bbox 1807 1489 2044 1546; baseline -0.013 -1"><span class='ocrx_word' id='word_1_406' title='bbox 1807 1489 2044 1546; x_wconf 86' lang='lat' dir='ltr'><strong>elevari.</strong></span> 
     </span>
    </p>
   </div>
   <div class='ocr_carea' id='block_1_61' title="bbox 1879 1580 3455 1654">
    <p class='ocr_par' dir='ltr' id='par_1_61' title="bbox 1879 1580 3455 1654">
     <span class='ocr_line' id='line_1_61' title="bbox 1879 1580 3455 1654; baseline 0.003 -21"><span class='ocrx_word' id='word_1_407' title='bbox 1879 1582 1939 1633; x_wconf 85' lang='lat' dir='ltr'><strong>In</strong></span> <span class='ocrx_word' id='word_1_408' title='bbox 1974 1583 2240 1636; x_wconf 90' lang='lat' dir='ltr'><strong>montem</strong></span> <span class='ocrx_word' id='word_1_409' title='bbox 2272 1580 2609 1651; x_wconf 83' lang='lat' dir='ltr'><strong>proximum</strong></span> <span class='ocrx_word' id='word_1_410' title='bbox 2642 1581 2929 1647; x_wconf 90' lang='lat' dir='ltr'><strong>ascendit,</strong></span> <span class='ocrx_word' id='word_1_411' title='bbox 2975 1581 3157 1638; x_wconf 89' lang='lat' dir='ltr'><strong>simul</strong></span> <span class='ocrx_word' id='word_1_412' title='bbox 3207 1582 3455 1654; x_wconf 88' lang='lat' dir='ltr'><strong>quidem</strong></span> 
     </span>
    </p>
   </div>
   <div class='ocr_carea' id='block_1_62' title="bbox 1807 1667 3452 1740">
    <p class='ocr_par' dir='ltr' id='par_1_62' title="bbox 1807 1667 3452 1740">
     <span class='ocr_line' id='line_1_62' title="bbox 1807 1667 3452 1740; baseline 0.002 -16"><span class='ocrx_word' id='word_1_413' title='bbox 1807 1667 2118 1735; x_wconf 89' lang='lat' dir='ltr'><strong>tumultus,</strong></span> <span class='ocrx_word' id='word_1_414' title='bbox 2149 1668 2335 1740; x_wconf 88' lang='lat' dir='ltr'><strong>quiin</strong></span> <span class='ocrx_word' id='word_1_415' title='bbox 2365 1668 2488 1725; x_wconf 90' lang='lat' dir='ltr'><strong>imo</strong></span> <span class='ocrx_word' id='word_1_416' title='bbox 2509 1673 2676 1725; x_wconf 90' lang='lat' dir='ltr'><strong>erant</strong></span> <span class='ocrx_word' id='word_1_417' title='bbox 2701 1669 3003 1726; x_wconf 89' lang='lat' dir='ltr'><strong>declinans</strong></span> <span class='ocrx_word' id='word_1_418' title='bbox 3027 1687 3040 1737; x_wconf 90' lang='lat'><strong>;</strong></span> <span class='ocrx_word' id='word_1_419' title='bbox 3066 1671 3244 1726; x_wconf 87' lang='lat' dir='ltr'><strong>simul</strong></span> <span class='ocrx_word' id='word_1_420' title='bbox 3273 1671 3452 1727; x_wconf 89' lang='lat' dir='ltr'><strong>etiam</strong></span> 
     </span>
    </p>
   </div>
   <div class='ocr_carea' id='block_1_63' title="bbox 1805 1756 3456 1831">
    <p class='ocr_par' dir='ltr' id='par_1_63' title="bbox 1805 1756 3456 1831">
     <span class='ocr_line' id='line_1_63' title="bbox 1805 1756 3456 1831; baseline 0.001 -17"><span class='ocrx_word' id='word_1_421' title='bbox 1805 1757 2034 1829; x_wconf 88' lang='lat' dir='ltr'><strong>absque</strong></span> <span class='ocrx_word' id='word_1_422' title='bbox 2066 1756 2188 1812; x_wconf 89' lang='lat' dir='ltr'><strong>ulla</strong></span> <span class='ocrx_word' id='word_1_423' title='bbox 2217 1756 2597 1814; x_wconf 86' lang='lat' dir='ltr'><strong>distractione</strong></span> <span class='ocrx_word' id='word_1_424' title='bbox 2641 1758 2851 1814; x_wconf 91' lang='lat' dir='ltr'><strong>docere</strong></span> <span class='ocrx_word' id='word_1_425' title='bbox 2903 1759 3172 1831; x_wconf 89' lang='lat' dir='ltr'><strong>cupiens.</strong></span> <span class='ocrx_word' id='word_1_426' title='bbox 3224 1759 3456 1816; x_wconf 89' lang='lat' dir='ltr'><strong>Transit</strong></span> 
     </span>
    </p>
   </div>
   <div class='ocr_carea' id='block_1_64' title="bbox 1805 1846 3454 1917">
    <p class='ocr_par' dir='ltr' id='par_1_64' title="bbox 1805 1846 3454 1917">
     <span class='ocr_line' id='line_1_64' title="bbox 1805 1846 3454 1917; baseline 0.001 -15"><span class='ocrx_word' id='word_1_427' title='bbox 1805 1847 1966 1902; x_wconf 89' lang='lat' dir='ltr'><strong>enim</strong></span> <span class='ocrx_word' id='word_1_428' title='bbox 1997 1862 2032 1902; x_wconf 92' lang='lat' dir='ltr'><strong>a</strong></span> <span class='ocrx_word' id='word_1_429' title='bbox 2062 1861 2206 1901; x_wconf 89' lang='lat' dir='ltr'><strong>cura</strong></span> <span class='ocrx_word' id='word_1_430' title='bbox 2229 1861 2546 1917; x_wconf 87' lang='lat' dir='ltr'><strong>corporum</strong></span> <span class='ocrx_word' id='word_1_431' title='bbox 2577 1846 2648 1903; x_wconf 92' lang='lat' dir='ltr'><strong>ad</strong></span> <span class='ocrx_word' id='word_1_432' title='bbox 2673 1863 2881 1903; x_wconf 89' lang='lat' dir='ltr'><strong>curam</strong></span> <span class='ocrx_word' id='word_1_433' title='bbox 2912 1847 3278 1904; x_wconf 90' lang='lat' dir='ltr'><strong>animarum.</strong></span> <span class='ocrx_word' id='word_1_434' title='bbox 3303 1851 3454 1904; x_wconf 88' lang='lat' dir='ltr'><strong>Nam</strong></span> 
     </span>
    </p>
   </div>
   <div class='ocr_carea' id='block_1_65' title="bbox 1804 1933 3454 2006">
    <p class='ocr_par' dir='ltr' id='par_1_65' title="bbox 1804 1933 3454 2006">
     <span class='ocr_line' id='line_1_65' title="bbox 1804 1933 3454 2006; baseline 0.001 -16"><span class='ocrx_word' id='word_1_435' title='bbox 1804 1934 1885 1990; x_wconf 90' lang='lat' dir='ltr'><strong>ita</strong></span> <span class='ocrx_word' id='word_1_436' title='bbox 1914 1948 2144 2006; x_wconf 88' lang='lat' dir='ltr'><strong>semper</strong></span> <span class='ocrx_word' id='word_1_437' title='bbox 2165 1933 2244 1989; x_wconf 91' lang='lat' dir='ltr'><strong>ab</strong></span> <span class='ocrx_word' id='word_1_438' title='bbox 2277 1933 2377 1989; x_wconf 89' lang='lat' dir='ltr'><strong>illa</strong></span> <span class='ocrx_word' id='word_1_439' title='bbox 2407 1935 2613 1990; x_wconf 87' lang='lat' dir='ltr'><strong>transit</strong></span> <span class='ocrx_word' id='word_1_440' title='bbox 2643 1934 2722 1990; x_wconf 93' lang='lat' dir='ltr'><strong>ad</strong></span> <span class='ocrx_word' id='word_1_441' title='bbox 2747 1935 2939 1999; x_wconf 89' lang='lat' dir='ltr'><strong>istam,</strong></span> <span class='ocrx_word' id='word_1_442' title='bbox 2989 1938 3046 1992; x_wconf 91' lang='lat' dir='ltr'><strong>et</strong></span> <span class='ocrx_word' id='word_1_443' title='bbox 3103 1951 3314 1991; x_wconf 90' lang='lat' dir='ltr'><strong>rursus</strong></span> <span class='ocrx_word' id='word_1_444' title='bbox 3374 1935 3454 1992; x_wconf 91' lang='lat' dir='ltr'><strong>ab</strong></span> 
     </span>
    </p>
   </div>
   <div class='ocr_carea' id='block_1_66' title="bbox 1802 2021 3218 2096">
    <p class='ocr_par' dir='ltr' id='par_1_66' title="bbox 1802 2021 3218 2096">
     <span class='ocr_line' id='line_1_66' title="bbox 1802 2021 3218 2096; baseline 0 -17"><span class='ocrx_word' id='word_1_445' title='bbox 1802 2023 1916 2081; x_wconf 90' lang='lat' dir='ltr'><strong>hac</strong></span> <span class='ocrx_word' id='word_1_446' title='bbox 1944 2023 2021 2080; x_wconf 89' lang='lat' dir='ltr'><strong>ad</strong></span> <span class='ocrx_word' id='word_1_447' title='bbox 2045 2021 2230 2092; x_wconf 89' lang='lat' dir='ltr'><strong>illam,</strong></span> <span class='ocrx_word' id='word_1_448' title='bbox 2258 2026 2324 2078; x_wconf 92' lang='lat' dir='ltr'><strong>ut</strong></span> <span class='ocrx_word' id='word_1_449' title='bbox 2369 2022 2596 2078; x_wconf 85' lang='lat' dir='ltr'><strong>variam</strong></span> <span class='ocrx_word' id='word_1_450' title='bbox 2626 2028 2864 2096; x_wconf 68' lang='lat' dir='ltr'><strong>praestet</strong></span> <span class='ocrx_word' id='word_1_451' title='bbox 2893 2024 3218 2081; x_wconf 87' lang='lat' dir='ltr'><strong>utilitatem.</strong></span> 
     </span>
    </p>
   </div>
   <div class='ocr_carea' id='block_1_67' title="bbox 1872 2201 3451 2274">
    <p class='ocr_par' dir='ltr' id='par_1_67' title="bbox 1872 2201 3451 2274">
     <span class='ocr_line' id='line_1_67' title="bbox 1872 2201 3451 2274; baseline 0.001 -16"><span class='ocrx_word' id='word_1_452' title='bbox 1872 2203 2036 2258; x_wconf 83' lang='lat' dir='ltr'><strong>Vers.</strong></span> <span class='ocrx_word' id='word_1_453' title='bbox 2062 2203 2112 2256; x_wconf 82' lang='grc'><strong>1.</strong></span> <span class='ocrx_word' id='word_1_454' title='bbox 2145 2203 2408 2274; x_wconf 84' lang='lat' dir='ltr'><strong>Cumque</strong></span> <span class='ocrx_word' id='word_1_455' title='bbox 2429 2201 2664 2259; x_wconf 74' lang='lat' dir='ltr'><strong>sedisset</strong></span> <span class='ocrx_word' id='word_1_456' title='bbox 2681 2233 2749 2242; x_wconf 94' lang='lat'>—</span> <span class='ocrx_word' id='word_1_457' title='bbox 2773 2201 2983 2272; x_wconf 86' lang='lat' dir='ltr'><strong>ipsius.</strong></span> <span class='ocrx_word' id='word_1_458' title='bbox 3001 2201 3186 2258; x_wconf 89' lang='lat' dir='ltr'><strong>Simul</strong></span> <span class='ocrx_word' id='word_1_459' title='bbox 3206 2201 3451 2274; x_wconf 89' lang='lat' dir='ltr'><strong>quidem</strong></span> 
     </span>
    </p>
   </div>
   <div class='ocr_carea' id='block_1_68' title="bbox 1800 2290 3450 2364">
    <p class='ocr_par' dir='ltr' id='par_1_68' title="bbox 1800 2290 3450 2364">
     <span class='ocr_line' id='line_1_68' title="bbox 1800 2290 3450 2364; baseline 0 -16"><span class='ocrx_word' id='word_1_460' title='bbox 1800 2291 1990 2348; x_wconf 63' lang='lat' dir='ltr'><strong>turbae</strong></span> <span class='ocrx_word' id='word_1_461' title='bbox 2022 2291 2440 2355; x_wconf 88' lang='lat' dir='ltr'><strong>ascenderunt,</strong></span> <span class='ocrx_word' id='word_1_462' title='bbox 2484 2290 2762 2364; x_wconf 79' lang='lat' dir='ltr'><strong>discipuli</strong></span> <span class='ocrx_word' id='word_1_463' title='bbox 2801 2296 2999 2347; x_wconf 89' lang='lat' dir='ltr'><strong>autem</strong></span> <span class='ocrx_word' id='word_1_464' title='bbox 3052 2296 3450 2357; x_wconf 87' lang='lat' dir='ltr'><strong>accesserunt,</strong></span> 
     </span>
    </p>
   </div>
   <div class='ocr_carea' id='block_1_69' title="bbox 1801 2379 3450 2454">
    <p class='ocr_par' dir='ltr' id='par_1_69' title="bbox 1801 2379 3450 2454">
     <span class='ocr_line' id='line_1_69' title="bbox 1801 2379 3450 2454; baseline -0.001 -18"><span class='ocrx_word' id='word_1_465' title='bbox 1801 2385 2090 2454; x_wconf 88' lang='lat' dir='ltr'><strong>tanquam</strong></span> <span class='ocrx_word' id='word_1_466' title='bbox 2107 2379 2460 2436; x_wconf 84' lang='lat' dir='ltr'><strong>familiarius</strong></span> <span class='ocrx_word' id='word_1_467' title='bbox 2477 2395 2622 2450; x_wconf 90' lang='lat' dir='ltr'><strong>erga</strong></span> <span class='ocrx_word' id='word_1_468' title='bbox 2658 2395 2792 2436; x_wconf 91' lang='lat' dir='ltr'><strong>eum</strong></span> <span class='ocrx_word' id='word_1_469' title='bbox 2825 2379 3116 2446; x_wconf 79' lang='lat' dir='ltr'><strong>aﬁ‘ecti,et</strong></span> <span class='ocrx_word' id='word_1_470' title='bbox 3142 2379 3450 2454; x_wconf 89' lang='lat' dir='ltr'><strong>quippiam</strong></span> 
     </span>
    </p>
   </div>
   <div class='ocr_carea' id='block_1_70' title="bbox 1798 2469 2591 2543">
    <p class='ocr_par' dir='ltr' id='par_1_70' title="bbox 1798 2469 2591 2543">
     <span class='ocr_line' id='line_1_70' title="bbox 1798 2469 2591 2543; baseline -0.003 -17"><span class='ocrx_word' id='word_1_471' title='bbox 1798 2470 1878 2526; x_wconf 89' lang='lat' dir='ltr'><strong>ad</strong></span> <span class='ocrx_word' id='word_1_472' title='bbox 1907 2485 1978 2526; x_wconf 91' lang='lat' dir='ltr'><strong>eo</strong></span> <span class='ocrx_word' id='word_1_473' title='bbox 2007 2469 2231 2526; x_wconf 89' lang='lat' dir='ltr'><strong>discere</strong></span> <span class='ocrx_word' id='word_1_474' title='bbox 2261 2469 2591 2543; x_wconf 91' lang='lat' dir='ltr'><strong>cupientes.</strong></span> 
     </span>
    </p>
   </div>
   <div class='ocr_carea' id='block_1_71' title="bbox 1869 2647 3446 2720">
    <p class='ocr_par' dir='ltr' id='par_1_71' title="bbox 1869 2647 3446 2720">
     <span class='ocr_line' id='line_1_71' title="bbox 1869 2647 3446 2720; baseline 0 -16"><span class='ocrx_word' id='word_1_475' title='bbox 1869 2647 2030 2704; x_wconf 91' lang='lat' dir='ltr'><strong>Vers.</strong></span> <span class='ocrx_word' id='word_1_476' title='bbox 2062 2651 2116 2704; x_wconf 81' lang='lat'><strong>2.</strong></span> <span class='ocrx_word' id='word_1_477' title='bbox 2152 2649 2227 2706; x_wconf 84' lang='lat' dir='ltr'><strong>Et</strong></span> <span class='ocrx_word' id='word_1_478' title='bbox 2256 2656 2461 2720; x_wconf 85' lang='lat' dir='ltr'><strong>aperto</strong></span> <span class='ocrx_word' id='word_1_479' title='bbox 2482 2679 2548 2690; x_wconf 95' lang='lat'><strong>—</strong></span> <span class='ocrx_word' id='word_1_480' title='bbox 2573 2648 2813 2705; x_wconf 79' lang='lat' dir='ltr'><strong>docebat</strong></span> <span class='ocrx_word' id='word_1_481' title='bbox 2835 2662 2949 2705; x_wconf 88' lang='lat' dir='ltr'><strong>eos.</strong></span> <span class='ocrx_word' id='word_1_482' title='bbox 2979 2648 3167 2713; x_wconf 85' lang='lat' dir='ltr'><strong>Quam</strong></span> <span class='ocrx_word' id='word_1_483' title='bbox 3191 2647 3272 2704; x_wconf 90' lang='lat' dir='ltr'><strong>ob</strong></span> <span class='ocrx_word' id='word_1_484' title='bbox 3301 2662 3446 2706; x_wconf 89' lang='lat' dir='ltr'><strong>cau-</strong></span> 
     </span>
    </p>
   </div>
   <div class='ocr_carea' id='block_1_72' title="bbox 1797 2736 3445 2811">
    <p class='ocr_par' dir='ltr' id='par_1_72' title="bbox 1797 2736 3445 2811">
     <span class='ocr_line' id='line_1_72' title="bbox 1797 2736 3445 2811; baseline -0.001 -17"><span class='ocrx_word' id='word_1_485' title='bbox 1797 2753 1928 2795; x_wconf 86' lang='lat' dir='ltr'><strong>sam</strong></span> <span class='ocrx_word' id='word_1_486' title='bbox 1952 2738 2112 2805; x_wconf 85' lang='lat' dir='ltr'><strong>dicit,</strong></span> <span class='ocrx_word' id='word_1_487' title='bbox 2145 2740 2298 2811; x_wconf 89' lang='lat' dir='ltr'><strong>quod</strong></span> <span class='ocrx_word' id='word_1_488' title='bbox 2332 2755 2397 2793; x_wconf 92' lang='lat' dir='ltr'><strong>os</strong></span> <span class='ocrx_word' id='word_1_489' title='bbox 2427 2753 2602 2794; x_wconf 91' lang='lat' dir='ltr'><strong>suum</strong></span> <span class='ocrx_word' id='word_1_490' title='bbox 2625 2737 2906 2811; x_wconf 80' lang='lat' dir='ltr'><strong>aperuit?</strong></span> <span class='ocrx_word' id='word_1_491' title='bbox 2937 2737 3085 2803; x_wconf 86' lang='lat' dir='ltr'><strong>Quia</strong></span> <span class='ocrx_word' id='word_1_492' title='bbox 3115 2736 3294 2792; x_wconf 92' lang='lat' dir='ltr'><strong>etiam</strong></span> <span class='ocrx_word' id='word_1_493' title='bbox 3319 2752 3445 2793; x_wconf 88' lang='lat' dir='ltr'><strong>non</strong></span> 
     </span>
    </p>
   </div>
   <div class='ocr_carea' id='block_1_73' title="bbox 1795 2825 3446 2900">
    <p class='ocr_par' dir='ltr' id='par_1_73' title="bbox 1795 2825 3446 2900">
     <span class='ocr_line' id='line_1_73' title="bbox 1795 2825 3446 2900; baseline -0.002 -15"><span class='ocrx_word' id='word_1_494' title='bbox 1795 2834 2002 2900; x_wconf 89' lang='lat' dir='ltr'><strong>aperto</strong></span> <span class='ocrx_word' id='word_1_495' title='bbox 2027 2844 2126 2884; x_wconf 88' lang='lat' dir='ltr'><strong>ore</strong></span> <span class='ocrx_word' id='word_1_496' title='bbox 2144 2828 2397 2885; x_wconf 85' lang='lat' dir='ltr'><strong>docebat</strong></span> <span class='ocrx_word' id='word_1_497' title='bbox 2415 2843 2517 2885; x_wconf 91' lang='lat' dir='ltr'><strong>eos</strong></span> <span class='ocrx_word' id='word_1_498' title='bbox 2529 2826 2841 2900; x_wconf 85' lang='lat' dir='ltr'><strong>operibus.</strong></span> <span class='ocrx_word' id='word_1_499' title='bbox 2873 2827 2961 2882; x_wconf 82' lang='lat' dir='ltr'><strong>Ad</strong></span> <span class='ocrx_word' id='word_1_500' title='bbox 2981 2825 3304 2900; x_wconf 86' lang='lat' dir='ltr'><strong>discipulos</strong></span> <span class='ocrx_word' id='word_1_501' title='bbox 3317 2826 3446 2898; x_wconf 91' lang='lat' dir='ltr'><strong>qui-</strong></span> 
     </span>
    </p>
   </div>
   <div class='ocr_carea' id='block_1_74' title="bbox 1794 2915 3445 2988">
    <p class='ocr_par' dir='ltr' id='par_1_74' title="bbox 1794 2915 3445 2988">
     <span class='ocr_line' id='line_1_74' title="bbox 1794 2915 3445 2988; baseline -0.001 -15"><span class='ocrx_word' id='word_1_502' title='bbox 1794 2917 1932 2974; x_wconf 90' lang='lat' dir='ltr'><strong>dem</strong></span> <span class='ocrx_word' id='word_1_503' title='bbox 1973 2917 2172 2988; x_wconf 80' lang='lat' dir='ltr'><strong>dirigit</strong></span> <span class='ocrx_word' id='word_1_504' title='bbox 2196 2933 2556 2982; x_wconf 91' lang='lat' dir='ltr'><strong>sermonem,</strong></span> <span class='ocrx_word' id='word_1_505' title='bbox 2592 2932 2666 2972; x_wconf 92' lang='lat' dir='ltr'><strong>ne</strong></span> <span class='ocrx_word' id='word_1_506' title='bbox 2693 2916 2880 2974; x_wconf 90' lang='lat' dir='ltr'><strong>turbis</strong></span> <span class='ocrx_word' id='word_1_507' title='bbox 2905 2915 3188 2972; x_wconf 89' lang='lat' dir='ltr'><strong>molestus</strong></span> <span class='ocrx_word' id='word_1_508' title='bbox 3205 2930 3340 2972; x_wconf 90' lang='lat' dir='ltr'><strong>esse</strong></span> <span class='ocrx_word' id='word_1_509' title='bbox 3361 2915 3445 2972; x_wconf 91' lang='lat' dir='ltr'><strong>vi-</strong></span> 
     </span>
    </p>
   </div>
   <div class='ocr_carea' id='block_1_75' title="bbox 1793 3003 3444 3079">
    <p class='ocr_par' dir='ltr' id='par_1_75' title="bbox 1793 3003 3444 3079">
     <span class='ocr_line' id='line_1_75' title="bbox 1793 3003 3444 3079; baseline 0 -17"><span class='ocrx_word' id='word_1_510' title='bbox 1793 3006 2024 3072; x_wconf 88' lang='lat' dir='ltr'><strong>deatur,</strong></span> <span class='ocrx_word' id='word_1_511' title='bbox 2057 3007 2458 3063; x_wconf 91' lang='lat' dir='ltr'><strong>communiter</strong></span> <span class='ocrx_word' id='word_1_512' title='bbox 2496 3011 2696 3062; x_wconf 90' lang='lat' dir='ltr'><strong>tamen</strong></span> <span class='ocrx_word' id='word_1_513' title='bbox 2721 3005 2882 3062; x_wconf 89' lang='lat' dir='ltr'><strong>illum</strong></span> <span class='ocrx_word' id='word_1_514' title='bbox 2913 3005 3189 3079; x_wconf 88' lang='lat' dir='ltr'><strong>proponit</strong></span> <span class='ocrx_word' id='word_1_515' title='bbox 3209 3005 3283 3063; x_wconf 91' lang='lat' dir='ltr'><strong>ad</strong></span> <span class='ocrx_word' id='word_1_516' title='bbox 3315 3003 3444 3062; x_wconf 89' lang='lat' dir='ltr'><strong>uni-</strong></span> 
     </span>
    </p>
   </div>
   <div class='ocr_carea' id='block_1_76' title="bbox 1794 3095 2702 3166">
    <p class='ocr_par' dir='ltr' id='par_1_76' title="bbox 1794 3095 2702 3166">
     <span class='ocr_line' id='line_1_76' title="bbox 1794 3095 2702 3166; baseline -0.002 -15"><span class='ocrx_word' id='word_1_517' title='bbox 1794 3111 1997 3153; x_wconf 90' lang='lat' dir='ltr'><strong>versos</strong></span> <span class='ocrx_word' id='word_1_518' title='bbox 2018 3111 2088 3151; x_wconf 89' lang='lat' dir='ltr'><strong>ac</strong></span> <span class='ocrx_word' id='word_1_519' title='bbox 2119 3095 2387 3166; x_wconf 88' lang='lat' dir='ltr'><strong>singulos</strong></span> <span class='ocrx_word' id='word_1_520' title='bbox 2407 3095 2702 3151; x_wconf 90' lang='lat' dir='ltr'><strong>homines.</strong></span> 
     </span>
    </p>
   </div>
   <div class='ocr_carea' id='block_1_77' title="bbox 1713 3167 3443 3257">
    <p class='ocr_par' dir='ltr' id='par_1_77' title="bbox 1713 3167 3443 3257">
     <span class='ocr_line' id='line_1_77' title="bbox 1713 3167 3443 3257; baseline -0.001 -16"><span class='ocrx_word' id='word_1_521' title='bbox 1713 3167 1753 3223; x_wconf 77' lang='lat' dir='ltr'><strong><em>C</em></strong></span> <span class='ocrx_word' id='word_1_522' title='bbox 1860 3185 2026 3241; x_wconf 89' lang='lat' dir='ltr'><strong>Vers.</strong></span> <span class='ocrx_word' id='word_1_523' title='bbox 2063 3189 2114 3241; x_wconf 91' lang='lat'><strong>3.</strong></span> <span class='ocrx_word' id='word_1_524' title='bbox 2151 3186 2446 3241; x_wconf 82' lang='lat' dir='ltr'><strong>Dicens—</strong></span> <span class='ocrx_word' id='word_1_525' title='bbox 2475 3185 2776 3242; x_wconf 70' lang='lat' dir='ltr'><strong>caelorum.</strong></span> <span class='ocrx_word' id='word_1_526' title='bbox 2803 3187 2928 3240; x_wconf 84' lang='lat' dir='ltr'><strong>Non</strong></span> <span class='ocrx_word' id='word_1_527' title='bbox 2957 3183 3121 3250; x_wconf 84' lang='lat' dir='ltr'><strong>dixit,</strong></span> <span class='ocrx_word' id='word_1_528' title='bbox 3145 3199 3443 3257; x_wconf 90' lang='lat' dir='ltr'><strong>pauperes</strong></span> 
     </span>
    </p>
   </div>
   <div class='ocr_carea' id='block_1_78' title="bbox 1793 3272 3444 3346">
    <p class='ocr_par' dir='ltr' id='par_1_78' title="bbox 1793 3272 3444 3346">
     <span class='ocr_line' id='line_1_78' title="bbox 1793 3272 3444 3346; baseline -0.002 -15"><span class='ocrx_word' id='word_1_529' title='bbox 1793 3273 2292 3346; x_wconf 83' lang='lat' dir='ltr'><strong>possessionibus,</strong></span> <span class='ocrx_word' id='word_1_530' title='bbox 2311 3273 2415 3329; x_wconf 90' lang='lat' dir='ltr'><strong>sed</strong></span> <span class='ocrx_word' id='word_1_531' title='bbox 2431 3275 2715 3344; x_wconf 87' lang='lat' dir='ltr'><strong>Pauperes</strong></span> <span class='ocrx_word' id='word_1_532' title='bbox 2725 3273 2962 3342; x_wconf 79' lang='lat' dir='ltr'><strong>spiritu,</strong></span> <span class='ocrx_word' id='word_1_533' title='bbox 2976 3273 3090 3328; x_wconf 94' lang='lat' dir='ltr'><strong>hoc</strong></span> <span class='ocrx_word' id='word_1_534' title='bbox 3104 3277 3211 3338; x_wconf 85' lang='lat' dir='ltr'><strong>est,</strong></span> <span class='ocrx_word' id='word_1_535' title='bbox 3251 3272 3444 3328; x_wconf 87' lang='lat' dir='ltr'><strong>humi-</strong></span> 
     </span>
    </p>
   </div>
   <div class='ocr_carea' id='block_1_79' title="bbox 1791 3361 3438 3433">
    <p class='ocr_par' dir='ltr' id='par_1_79' title="bbox 1791 3361 3438 3433">
     <span class='ocr_line' id='line_1_79' title="bbox 1791 3361 3438 3433; baseline -0.004 -14"><span class='ocrx_word' id='word_1_536' title='bbox 1791 3363 1876 3420; x_wconf 90' lang='lat' dir='ltr'><strong>les</strong></span> <span class='ocrx_word' id='word_1_537' title='bbox 1904 3363 2108 3420; x_wconf 87' lang='lat' dir='ltr'><strong>animo</strong></span> <span class='ocrx_word' id='word_1_538' title='bbox 2147 3378 2217 3418; x_wconf 90' lang='lat' dir='ltr'><strong>ac</strong></span> <span class='ocrx_word' id='word_1_539' title='bbox 2255 3361 2559 3419; x_wconf 84' lang='lat' dir='ltr'><strong>voluntate</strong></span> <span class='ocrx_word' id='word_1_540' title='bbox 2588 3378 2603 3428; x_wconf 90' lang='lat'><strong>;</strong></span> <span class='ocrx_word' id='word_1_541' title='bbox 2635 3361 2905 3418; x_wconf 88' lang='lat' dir='ltr'><strong>animum</strong></span> <span class='ocrx_word' id='word_1_542' title='bbox 2931 3376 3188 3433; x_wconf 85' lang='lat' dir='ltr'><strong>namque</strong></span> <span class='ocrx_word' id='word_1_543' title='bbox 3217 3368 3438 3433; x_wconf 84' lang='grc' dir='ltr'><strong><em>πνεῦμα,</em></strong></span> 
     </span>
    </p>
   </div>
   <div class='ocr_carea' id='block_1_80' title="bbox 1791 3448 3441 3522">
    <p class='ocr_par' dir='ltr' id='par_1_80' title="bbox 1791 3448 3441 3522">
     <span class='ocr_line' id='line_1_80' title="bbox 1791 3448 3441 3522; baseline -0.004 -13"><span class='ocrx_word' id='word_1_544' title='bbox 1791 3452 1851 3509; x_wconf 92' lang='lat' dir='ltr'><strong>id</strong></span> <span class='ocrx_word' id='word_1_545' title='bbox 1881 3462 1992 3518; x_wconf 88' lang='lat' dir='ltr'><strong>est,</strong></span> <span class='ocrx_word' id='word_1_546' title='bbox 2019 3451 2295 3520; x_wconf 81' lang='lat' dir='ltr'><strong>spiritum</strong></span> <span class='ocrx_word' id='word_1_547' title='bbox 2322 3450 2666 3507; x_wconf 88' lang='lat' dir='ltr'><strong>nominavit.</strong></span> <span class='ocrx_word' id='word_1_548' title='bbox 2697 3451 2900 3521; x_wconf 88' lang='lat' dir='ltr'><strong>Neque</strong></span> <span class='ocrx_word' id='word_1_549' title='bbox 2941 3448 3102 3504; x_wconf 89' lang='lat' dir='ltr'><strong>enim</strong></span> <span class='ocrx_word' id='word_1_550' title='bbox 3127 3448 3233 3522; x_wconf 93' lang='lat' dir='ltr'><strong>qui</strong></span> <span class='ocrx_word' id='word_1_551' title='bbox 3261 3448 3441 3504; x_wconf 88' lang='lat' dir='ltr'><strong>infor-</strong></span> 
     </span>
    </p>
   </div>
   <div class='ocr_carea' id='block_1_81' title="bbox 1792 3537 3442 3614">
    <p class='ocr_par' dir='ltr' id='par_1_81' title="bbox 1792 3537 3442 3614">
     <span class='ocr_line' id='line_1_81' title="bbox 1792 3537 3442 3614; baseline -0.002 -17"><span class='ocrx_word' id='word_1_552' title='bbox 1792 3541 1957 3598; x_wconf 90' lang='lat' dir='ltr'><strong>tunio</strong></span> <span class='ocrx_word' id='word_1_553' title='bbox 1983 3541 2198 3614; x_wconf 86' lang='lat' dir='ltr'><strong>quovis</strong></span> <span class='ocrx_word' id='word_1_554' title='bbox 2223 3539 2592 3604; x_wconf 88' lang='lat' dir='ltr'><strong>humiliatur,</strong></span> <span class='ocrx_word' id='word_1_555' title='bbox 2624 3538 2718 3594; x_wconf 91' lang='lat' dir='ltr'><strong>hic</strong></span> <span class='ocrx_word' id='word_1_556' title='bbox 2747 3538 2956 3594; x_wconf 88' lang='lat' dir='ltr'><strong>beatus</strong></span> <span class='ocrx_word' id='word_1_557' title='bbox 2995 3543 3101 3602; x_wconf 88' lang='lat' dir='ltr'><strong>est,</strong></span> <span class='ocrx_word' id='word_1_558' title='bbox 3126 3538 3271 3611; x_wconf 92' lang='lat' dir='ltr'><strong>quia</strong></span> <span class='ocrx_word' id='word_1_559' title='bbox 3296 3537 3442 3594; x_wconf 90' lang='lat' dir='ltr'><strong>nihil</strong></span> 
     </span>
    </p>
   </div>
   <div class='ocr_carea' id='block_1_82' title="bbox 1789 3626 3439 3701">
    <p class='ocr_par' dir='ltr' id='par_1_82' title="bbox 1789 3626 3439 3701">
     <span class='ocr_line' id='line_1_82' title="bbox 1789 3626 3439 3701; baseline -0.002 -16"><span class='ocrx_word' id='word_1_560' title='bbox 1789 3630 1955 3701; x_wconf 91' lang='lat' dir='ltr'><strong>quod</strong></span> <span class='ocrx_word' id='word_1_561' title='bbox 1985 3628 2455 3685; x_wconf 89' lang='lat' dir='ltr'><strong>involuntarium</strong></span> <span class='ocrx_word' id='word_1_562' title='bbox 2507 3631 2618 3693; x_wconf 91' lang='lat' dir='ltr'><strong>est,</strong></span> <span class='ocrx_word' id='word_1_563' title='bbox 2665 3626 2980 3684; x_wconf 85' lang='lat' dir='ltr'><strong>beatiﬁcat.</strong></span> <span class='ocrx_word' id='word_1_564' title='bbox 3043 3627 3247 3684; x_wconf 89' lang='lat' dir='ltr'><strong>Omnis</strong></span> <span class='ocrx_word' id='word_1_565' title='bbox 3278 3628 3439 3683; x_wconf 92' lang='lat' dir='ltr'><strong>enim</strong></span> 
     </span>
    </p>
   </div>
   <div class='ocr_carea' id='block_1_83' title="bbox 1787 3716 3438 3792">
    <p class='ocr_par' dir='ltr' id='par_1_83' title="bbox 1787 3716 3438 3792">
     <span class='ocr_line' id='line_1_83' title="bbox 1787 3716 3438 3792; baseline -0.001 -18"><span class='ocrx_word' id='word_1_566' title='bbox 1787 3719 1974 3775; x_wconf 82' lang='lat' dir='ltr'><strong>virtus</strong></span> <span class='ocrx_word' id='word_1_567' title='bbox 2004 3734 2110 3792; x_wconf 87' lang='lat' dir='ltr'><strong>per</strong></span> <span class='ocrx_word' id='word_1_568' title='bbox 2133 3719 2194 3776; x_wconf 92' lang='lat' dir='ltr'><strong>id</strong></span> <span class='ocrx_word' id='word_1_569' title='bbox 2223 3719 2390 3792; x_wconf 90' lang='lat' dir='ltr'><strong>quod</strong></span> <span class='ocrx_word' id='word_1_570' title='bbox 2414 3717 2811 3775; x_wconf 89' lang='lat' dir='ltr'><strong>voluntarium</strong></span> <span class='ocrx_word' id='word_1_571' title='bbox 2841 3722 2948 3781; x_wconf 88' lang='lat' dir='ltr'><strong>est,</strong></span> <span class='ocrx_word' id='word_1_572' title='bbox 2979 3716 3438 3788; x_wconf 69' lang='lat' dir='ltr'><strong>imprimiturm’)</strong></span> 
     </span>
    </p>
   </div>
   <div class='ocr_carea' id='block_1_84' title="bbox 1790 3805 3440 3884">
    <p class='ocr_par' dir='ltr' id='par_1_84' title="bbox 1790 3805 3440 3884">
     <span class='ocr_line' id='line_1_84' title="bbox 1790 3805 3440 3884; baseline -0.004 -16"><span class='ocrx_word' id='word_1_573' title='bbox 1790 3810 2126 3884; x_wconf 87' lang='lat' dir='ltr'><strong>Pauperem</strong></span> <span class='ocrx_word' id='word_1_574' title='bbox 2154 3813 2353 3866; x_wconf 87' lang='lat' dir='ltr'><strong>autem</strong></span> <span class='ocrx_word' id='word_1_575' title='bbox 2381 3808 2478 3864; x_wconf 92' lang='lat' dir='ltr'><strong>hic</strong></span> <span class='ocrx_word' id='word_1_576' title='bbox 2509 3808 2744 3864; x_wconf 88' lang='lat' dir='ltr'><strong>vocavit</strong></span> <span class='ocrx_word' id='word_1_577' title='bbox 2777 3807 2976 3864; x_wconf 89' lang='lat' dir='ltr'><strong>animo</strong></span> <span class='ocrx_word' id='word_1_578' title='bbox 3005 3805 3285 3862; x_wconf 89' lang='lat' dir='ltr'><strong>humilem</strong></span> <span class='ocrx_word' id='word_1_579' title='bbox 3311 3821 3324 3872; x_wconf 93' lang='lat'><strong>;</strong></span> <span class='ocrx_word' id='word_1_580' title='bbox 3372 3809 3440 3862; x_wconf 90' lang='lat' dir='ltr'><strong>ut</strong></span> 
     </span>
    </p>
   </div>
   <div class='ocr_carea' id='block_1_85' title="bbox 1795 3894 3440 3976">
    <p class='ocr_par' dir='ltr' id='par_1_85' title="bbox 1795 3894 3440 3976">
     <span class='ocr_line' id='line_1_85' title="bbox 1795 3894 3440 3976; baseline -0.007 -19"><span class='ocrx_word' id='word_1_581' title='bbox 1795 3905 2028 3976; x_wconf 87' lang='grc' dir='ltr'><strong><em>πτωχὸς,</em></strong></span> <span class='ocrx_word' id='word_1_582' title='bbox 2073 3899 2132 3956; x_wconf 82' lang='lat' dir='ltr'><strong>id</strong></span> <span class='ocrx_word' id='word_1_583' title='bbox 2158 3902 2267 3964; x_wconf 90' lang='lat' dir='ltr'><strong>est,</strong></span> <span class='ocrx_word' id='word_1_584' title='bbox 2305 3912 2556 3970; x_wconf 79' lang='lat' dir='ltr'><strong>pauper,</strong></span> <span class='ocrx_word' id='word_1_585' title='bbox 2589 3897 2825 3953; x_wconf 81' lang='lat' dir='ltr'><strong>dicatur</strong></span> <span class='ocrx_word' id='word_1_586' title='bbox 2875 3894 2974 3948; x_wconf 82' lang='grc' dir='ltr'><strong>ἀπὸ</strong></span> <span class='ocrx_word' id='word_1_587' title='bbox 3031 3902 3124 3948; x_wconf 81' lang='grc' dir='ltr'><strong><em>τοῦ</em></strong></span> <span class='ocrx_word' id='word_1_588' title='bbox 3176 3913 3440 3954; x_wconf 84' lang='grc' dir='ltr'><strong><em>πατεπτη-</em></strong></span> 
     </span>
    </p>
   </div>
   <div class='ocr_carea' id='block_1_86' title="bbox 1790 3982 3440 4066">
    <p class='ocr_par' dir='ltr' id='par_1_86' title="bbox 1790 3982 3440 4066">
     <span class='ocr_line' id='line_1_86' title="bbox 1790 3982 3440 4066; baseline -0.004 -21"><span class='ocrx_word' id='word_1_589' title='bbox 1790 3997 1964 4066; x_wconf 82' lang='grc' dir='ltr'><strong><em>χέναι,</em></strong></span> <span class='ocrx_word' id='word_1_590' title='bbox 1992 3988 2158 4062; x_wconf 92' lang='lat' dir='ltr'><strong>quod</strong></span> <span class='ocrx_word' id='word_1_591' title='bbox 2182 3991 2271 4044; x_wconf 87' lang='lat' dir='ltr'><strong>est</strong></span> <span class='ocrx_word' id='word_1_592' title='bbox 2323 3987 2580 4043; x_wconf 84' lang='lat' dir='ltr'><strong>timuisse</strong></span> <span class='ocrx_word' id='word_1_593' title='bbox 2609 3986 2735 4040; x_wconf 90' lang='lat' dir='ltr'><strong>sive</strong></span> <span class='ocrx_word' id='word_1_594' title='bbox 2773 3985 3046 4042; x_wconf 80' lang='lat' dir='ltr'><strong>territum</strong></span> <span class='ocrx_word' id='word_1_595' title='bbox 3079 3999 3216 4041; x_wconf 84' lang='lat' dir='ltr'><strong>esse.</strong></span> <span class='ocrx_word' id='word_1_596' title='bbox 3250 3982 3440 4056; x_wconf 88' lang='lat' dir='ltr'><strong>Siqui-</strong></span> 
     </span>
    </p>
   </div>
   <div class='ocr_carea' id='block_1_87' title="bbox 1789 4073 3439 4144">
    <p class='ocr_par' dir='ltr' id='par_1_87' title="bbox 1789 4073 3439 4144">
     <span class='ocr_line' id='line_1_87' title="bbox 1789 4073 3439 4144; baseline -0.007 -5"><span class='ocrx_word' id='word_1_597' title='bbox 1789 4081 1928 4138; x_wconf 88' lang='lat' dir='ltr'><strong>dem</strong></span> <span class='ocrx_word' id='word_1_598' title='bbox 1959 4076 2202 4135; x_wconf 89' lang='lat' dir='ltr'><strong>humilis</strong></span> <span class='ocrx_word' id='word_1_599' title='bbox 2232 4079 2336 4132; x_wconf 90' lang='lat' dir='ltr'><strong>aut</strong></span> <span class='ocrx_word' id='word_1_600' title='bbox 2359 4075 2658 4130; x_wconf 91' lang='lat' dir='ltr'><strong>modestus</strong></span> <span class='ocrx_word' id='word_1_601' title='bbox 2707 4073 2932 4140; x_wconf 89' lang='lat' dir='ltr'><strong>animo,</strong></span> <span class='ocrx_word' id='word_1_602' title='bbox 2962 4075 3148 4130; x_wconf 90' lang='lat' dir='ltr'><strong>Deum</strong></span> <span class='ocrx_word' id='word_1_603' title='bbox 3201 4087 3439 4144; x_wconf 88' lang='lat' dir='ltr'><strong>semper</strong></span> 
     </span>
    </p>
   </div>
   <div class='ocr_carea' id='block_1_88' title="bbox 1791 4161 3437 4238">
    <p class='ocr_par' dir='ltr' id='par_1_88' title="bbox 1791 4161 3437 4238">
     <span class='ocr_line' id='line_1_88' title="bbox 1791 4161 3437 4238; baseline -0.005 -11"><span class='ocrx_word' id='word_1_604' title='bbox 1791 4170 1973 4235; x_wconf 87' lang='lat' dir='ltr'><strong>timet,</strong></span> <span class='ocrx_word' id='word_1_605' title='bbox 2007 4171 2292 4238; x_wconf 88' lang='lat' dir='ltr'><strong>tanquam</strong></span> <span class='ocrx_word' id='word_1_606' title='bbox 2310 4163 2412 4236; x_wconf 91' lang='lat' dir='ltr'><strong>qui</strong></span> <span class='ocrx_word' id='word_1_607' title='bbox 2433 4163 2582 4220; x_wconf 90' lang='lat' dir='ltr'><strong>nihil</strong></span> <span class='ocrx_word' id='word_1_608' title='bbox 2601 4162 3053 4234; x_wconf 85' lang='lat' dir='ltr'><strong>unquamjuxta</strong></span> <span class='ocrx_word' id='word_1_609' title='bbox 3077 4161 3235 4218; x_wconf 92' lang='lat' dir='ltr'><strong>illius</strong></span> <span class='ocrx_word' id='word_1_610' title='bbox 3259 4161 3437 4218; x_wconf 88' lang='lat' dir='ltr'><strong>bene-</strong></span> 
     </span>
    </p>
   </div>
   <div class='ocr_carea' id='block_1_89' title="bbox 1789 4249 3437 4331">
    <p class='ocr_par' dir='ltr' id='par_1_89' title="bbox 1789 4249 3437 4331">
     <span class='ocr_line' id='line_1_89' title="bbox 1789 4249 3437 4331; baseline -0.007 -16"><span class='ocrx_word' id='word_1_611' title='bbox 1789 4257 2069 4331; x_wconf 89' lang='lat' dir='ltr'><strong>placitum</strong></span> <span class='ocrx_word' id='word_1_612' title='bbox 2092 4252 2400 4328; x_wconf 90' lang='lat' dir='ltr'><strong>peregerit.</strong></span> <span class='ocrx_word' id='word_1_613' title='bbox 2427 4250 2749 4308; x_wconf 88' lang='lat' dir='ltr'><strong>Considera</strong></span> <span class='ocrx_word' id='word_1_614' title='bbox 2776 4266 2934 4320; x_wconf 89' lang='lat' dir='ltr'><strong>vero,</strong></span> <span class='ocrx_word' id='word_1_615' title='bbox 2989 4249 3162 4321; x_wconf 89' lang='lat' dir='ltr'><strong>quale</strong></span> <span class='ocrx_word' id='word_1_616' title='bbox 3223 4249 3437 4305; x_wconf 87' lang='lat' dir='ltr'><strong>funda-</strong></span> 
     </span>
    </p>
   </div>
   <div class='ocr_carea' id='block_1_90' title="bbox 1788 4337 3434 4405">
    <p class='ocr_par' dir='ltr' id='par_1_90' title="bbox 1788 4337 3434 4405">
     <span class='ocr_line' id='line_1_90' title="bbox 1788 4337 3434 4405; baseline -0.009 -2"><span class='ocrx_word' id='word_1_617' title='bbox 1788 4351 2060 4403; x_wconf 88' lang='lat' dir='ltr'><strong>mentum</strong></span> <span class='ocrx_word' id='word_1_618' title='bbox 2073 4343 2357 4400; x_wconf 76' lang='lat' dir='ltr'><strong>doctrinae</strong></span> <span class='ocrx_word' id='word_1_619' title='bbox 2372 4357 2495 4397; x_wconf 68' lang='lat' dir='ltr'><strong>suae</strong></span> <span class='ocrx_word' id='word_1_620' title='bbox 2509 4341 2849 4396; x_wconf 87' lang='lat' dir='ltr'><strong>substernat</strong></span> <span class='ocrx_word' id='word_1_621' title='bbox 2861 4384 2874 4396; x_wconf 90' lang='lat'><strong>.</strong></span> <span class='ocrx_word' id='word_1_622' title='bbox 2896 4337 3044 4400; x_wconf 89' lang='lat' dir='ltr'><strong>Quia</strong></span> <span class='ocrx_word' id='word_1_623' title='bbox 3057 4338 3216 4392; x_wconf 90' lang='lat' dir='ltr'><strong>enim</strong></span> <span class='ocrx_word' id='word_1_624' title='bbox 3233 4349 3434 4405; x_wconf 86' lang='lat' dir='ltr'><strong>super-</strong></span> 
     </span>
    </p>
   </div>
   <div class='ocr_carea' id='block_1_91' title="bbox 1787 4425 3434 4501">
    <p class='ocr_par' dir='ltr' id='par_1_91' title="bbox 1787 4425 3434 4501">
     <span class='ocr_line' id='line_1_91' title="bbox 1787 4425 3434 4501; baseline -0.009 -9"><span class='ocrx_word' id='word_1_625' title='bbox 1787 4435 1890 4492; x_wconf 90' lang='lat' dir='ltr'><strong>bia</strong></span> <span class='ocrx_word' id='word_1_626' title='bbox 1915 4431 2230 4490; x_wconf 90' lang='lat' dir='ltr'><strong>daibolum</strong></span> <span class='ocrx_word' id='word_1_627' title='bbox 2251 4429 2506 4501; x_wconf 82' lang='lat' dir='ltr'><strong>dejecit;</strong></span> <span class='ocrx_word' id='word_1_628' title='bbox 2534 4444 2603 4485; x_wconf 90' lang='lat' dir='ltr'><strong>ac</strong></span> <span class='ocrx_word' id='word_1_629' title='bbox 2639 4425 3093 4500; x_wconf 90' lang='lat' dir='ltr'><strong>protoplastum,</strong></span> <span class='ocrx_word' id='word_1_630' title='bbox 3125 4427 3434 4495; x_wconf 88' lang='lat' dir='ltr'><strong>putantem</strong></span> 
     </span>
    </p>
   </div>
   <div class='ocr_carea' id='block_1_92' title="bbox 145 4509 1688 4598">
    <p class='ocr_par' dir='ltr' id='par_1_92' title="bbox 145 4520 1678 4598">
     <span class='ocr_line' id='line_1_92' title="bbox 145 4520 1678 4598; baseline 0.007 -32"><span class='ocrx_word' id='word_1_631' title='bbox 145 4520 335 4578; x_wconf 58' lang='grc' dir='ltr'><strong><em>πελάζει</em></strong></span> <span class='ocrx_word' id='word_1_632' title='bbox 378 4523 665 4595; x_wconf 81' lang='grc' dir='ltr'><strong><em>φάρμακον,</em></strong></span> <span class='ocrx_word' id='word_1_633' title='bbox 700 4523 795 4578; x_wconf 80' lang='grc' dir='ltr'><strong><em>τὴν</em></strong></span> <span class='ocrx_word' id='word_1_634' title='bbox 837 4523 1331 4595; x_wconf 74' lang='grc' dir='ltr'><strong><em>ταπεινοφροσύνην,</em></strong></span> <span class='ocrx_word' id='word_1_635' title='bbox 1383 4527 1472 4575; x_wconf 84' lang='grc' dir='ltr'><strong><em>καὶ</em></strong></span> <span class='ocrx_word' id='word_1_636' title='bbox 1525 4524 1678 4598; x_wconf 76' lang='grc' dir='ltr'><strong><em>ῥίζαν</em></strong></span> 
     </span>
    </p>
   </div>
   <div class='ocr_carea' id='block_1_93' title="bbox 1806 4509 3432 4598">
    <p class='ocr_par' dir='ltr' id='par_1_93' title="bbox 1806 4509 3432 4597">
     <span class='ocr_line' id='line_1_93' title="bbox 1806 4509 3432 4597; baseline -0.007 -17"><span class='ocrx_word' id='word_1_637' title='bbox 1806 4523 1951 4597; x_wconf 76' lang='grc' dir='ltr'><strong><em>ιιιοᾰ</em></strong></span> <span class='ocrx_word' id='word_1_638' title='bbox 1979 4526 2295 4595; x_wconf 88' lang='lat' dir='ltr'><strong>postquam</strong></span> <span class='ocrx_word' id='word_1_639' title='bbox 2333 4518 2408 4575; x_wconf 92' lang='lat' dir='ltr'><strong>de</strong></span> <span class='ocrx_word' id='word_1_640' title='bbox 2436 4518 2599 4591; x_wconf 89' lang='lat' dir='ltr'><strong>ligno</strong></span> <span class='ocrx_word' id='word_1_641' title='bbox 2639 4515 3013 4581; x_wconf 88' lang='lat' dir='ltr'><strong>comedisset,</strong></span> <span class='ocrx_word' id='word_1_642' title='bbox 3051 4515 3202 4569; x_wconf 89' lang='lat' dir='ltr'><strong>Deus</strong></span> <span class='ocrx_word' id='word_1_643' title='bbox 3247 4509 3432 4577; x_wconf 86' lang='lat' dir='ltr'><strong>ﬁeret,</strong></span> 
     </span>
    </p>
   </div>
   <div class='ocr_carea' id='block_1_94' title="bbox 141 4607 1680 4684">
    <p class='ocr_par' dir='ltr' id='par_1_94' title="bbox 141 4607 1680 4684">
     <span class='ocr_line' id='line_1_94' title="bbox 141 4607 1680 4684; baseline 0.005 -28"><span class='ocrx_word' id='word_1_644' title='bbox 141 4611 291 4664; x_wconf 75' lang='grc' dir='ltr'><strong><em>τιντην</em></strong></span> <span class='ocrx_word' id='word_1_645' title='bbox 351 4615 438 4662; x_wconf 81' lang='grc' dir='ltr'><strong>καί</strong></span> <span class='ocrx_word' id='word_1_646' title='bbox 508 4607 748 4683; x_wconf 80' lang='grc' dir='ltr'><strong><em>κρηπῖδα</em></strong></span> <span class='ocrx_word' id='word_1_647' title='bbox 802 4617 900 4660; x_wconf 85' lang='grc' dir='ltr'><strong><em>τῶν</em></strong></span> <span class='ocrx_word' id='word_1_648' title='bbox 973 4611 1164 4684; x_wconf 80' lang='grc' dir='ltr'><strong><em>ἀρετῶν</em></strong></span> <span class='ocrx_word' id='word_1_649' title='bbox 1230 4612 1561 4678; x_wconf 76' lang='grc' dir='ltr'><strong><em>ὑποτίθησιν,</em></strong></span> <span class='ocrx_word' id='word_1_650' title='bbox 1616 4614 1680 4676; x_wconf 81' lang='grc' dir='ltr'><strong><em>ἧς</em></strong></span> 
     </span>
    </p>
   </div>
   <div class='ocr_carea' id='block_1_95' title="bbox 147 4693 1679 4773">
    <p class='ocr_par' dir='ltr' id='par_1_95' title="bbox 147 4693 1679 4773">
     <span class='ocr_line' id='line_1_95' title="bbox 147 4693 1679 4773; baseline 0.008 -32"><span class='ocrx_word' id='word_1_651' title='bbox 147 4693 514 4760; x_wconf 65' lang='grc' dir='ltr'><strong><em>ὶποοπασθείσης</em></strong></span> <span class='ocrx_word' id='word_1_652' title='bbox 551 4699 756 4751; x_wconf 76' lang='grc' dir='ltr'><strong><em>ἅπαντα</em></strong></span> <span class='ocrx_word' id='word_1_653' title='bbox 785 4697 967 4762; x_wconf 86' lang='grc' dir='ltr'><strong><em>τοῖλλα,</em></strong></span> <span class='ocrx_word' id='word_1_654' title='bbox 1016 4702 1104 4750; x_wconf 86' lang='grc' dir='ltr'><strong><em>καὶ</em></strong></span> <span class='ocrx_word' id='word_1_655' title='bbox 1149 4699 1192 4750; x_wconf 88' lang='grc' dir='ltr'><strong><em>εἰ</em></strong></span> <span class='ocrx_word' id='word_1_656' title='bbox 1232 4703 1396 4773; x_wconf 76' lang='grc' dir='ltr'><strong><em>μέχρι</em></strong></span> <span class='ocrx_word' id='word_1_657' title='bbox 1449 4708 1538 4752; x_wconf 82' lang='grc' dir='ltr'><strong><em>τοῦ</em></strong></span> <span class='ocrx_word' id='word_1_658' title='bbox 1594 4701 1679 4753; x_wconf 63' lang='grc' dir='ltr'><strong>οὗ-</strong></span> 
     </span>
    </p>
   </div>
   <div class='ocr_carea' id='block_1_96' title="bbox 139 4788 1678 4861">
    <p class='ocr_par' dir='ltr' id='par_1_96' title="bbox 139 4788 1678 4861">
     <span class='ocr_line' id='line_1_96' title="bbox 139 4788 1678 4861; baseline 0.001 -23"><span class='ocrx_word' id='word_1_659' title='bbox 139 4790 257 4845; x_wconf 59' lang='grc' dir='ltr'><strong>91ητὲ</strong></span> <span class='ocrx_word' id='word_1_660' title='bbox 291 4788 578 4858; x_wconf 63' lang='grc' dir='ltr'><strong><em>φθάνουσιν,</em></strong></span> <span class='ocrx_word' id='word_1_661' title='bbox 612 4788 963 4861; x_wconf 79' lang='grc' dir='ltr'><strong><em>ὑποσύρονται</em></strong></span> <span class='ocrx_word' id='word_1_662' title='bbox 1008 4791 1097 4839; x_wconf 83' lang='grc' dir='ltr'><strong><em>καὶ</em></strong></span> <span class='ocrx_word' id='word_1_663' title='bbox 1135 4792 1574 4855; x_wconf 88' lang='grc' dir='ltr'><strong><em>καταπίπτουσιν,</em></strong></span> <span class='ocrx_word' id='word_1_664' title='bbox 1609 4791 1678 4852; x_wconf 88' lang='grc' dir='ltr'><strong><em>ὡς</em></strong></span> 
     </span>
    </p>
   </div>
   <div class='ocr_carea' id='block_1_97' title="bbox 141 4865 617 4948">
    <p class='ocr_par' dir='ltr' id='par_1_97' title="bbox 141 4865 617 4948">
     <span class='ocr_line' id='line_1_97' title="bbox 141 4865 617 4948; baseline 0.021 -30"><span class='ocrx_word' id='word_1_665' title='bbox 141 4865 198 4918; x_wconf 60' lang='grc' dir='ltr'><strong><em>ἔτι</em></strong></span> <span class='ocrx_word' id='word_1_666' title='bbox 217 4879 292 4922; x_wconf 74' lang='grc' dir='ltr'><strong>τοῦ</strong></span> <span class='ocrx_word' id='word_1_667' title='bbox 320 4880 617 4948; x_wconf 62' lang='grc' dir='ltr'><strong><em>Φαρισαίου.</em></strong></span> 
     </span>
    </p>
   </div>
   <div class='ocr_carea' id='block_1_98' title="bbox 1787 4599 3434 4684">
    <p class='ocr_par' dir='ltr' id='par_1_98' title="bbox 1787 4599 3434 4684">
     <span class='ocr_line' id='line_1_98' title="bbox 1787 4599 3434 4684; baseline -0.007 -14"><span class='ocrx_word' id='word_1_668' title='bbox 1787 4613 2070 4670; x_wconf 89' lang='lat' dir='ltr'><strong>continuo</strong></span> <span class='ocrx_word' id='word_1_669' title='bbox 2092 4607 2409 4684; x_wconf 82' lang='lat' dir='ltr'><strong>prastravit</strong></span> <span class='ocrx_word' id='word_1_670' title='bbox 2427 4624 2440 4674; x_wconf 93' lang='lat'>;</span> <span class='ocrx_word' id='word_1_671' title='bbox 2459 4605 2754 4679; x_wconf 84' lang='lat' dir='ltr'><strong>radixque</strong></span> <span class='ocrx_word' id='word_1_672' title='bbox 2772 4603 2972 4661; x_wconf 86' lang='lat' dir='ltr'><strong>etfons</strong></span> <span class='ocrx_word' id='word_1_673' title='bbox 2983 4601 3254 4660; x_wconf 88' lang='lat' dir='ltr'><strong>omnium</strong></span> <span class='ocrx_word' id='word_1_674' title='bbox 3278 4599 3434 4658; x_wconf 87' lang='lat' dir='ltr'><strong>facta</strong></span> 
     </span>
    </p>
   </div>
   <div class='ocr_carea' id='block_1_99' title="bbox 1787 4691 3435 4767">
    <p class='ocr_par' dir='ltr' id='par_1_99' title="bbox 1787 4691 3435 4767">
     <span class='ocr_line' id='line_1_99' title="bbox 1787 4691 3435 4767; baseline -0.006 -9"><span class='ocrx_word' id='word_1_675' title='bbox 1787 4705 1875 4758; x_wconf 88' lang='lat' dir='ltr'><strong>est</strong></span> <span class='ocrx_word' id='word_1_676' title='bbox 1899 4700 2194 4757; x_wconf 89' lang='lat' dir='ltr'><strong>malorum</strong></span> <span class='ocrx_word' id='word_1_677' title='bbox 2228 4715 2242 4766; x_wconf 92' lang='lat'><strong>;</strong></span> <span class='ocrx_word' id='word_1_678' title='bbox 2277 4695 2645 4754; x_wconf 88' lang='lat' dir='ltr'><strong>contrarium</strong></span> <span class='ocrx_word' id='word_1_679' title='bbox 2687 4693 2800 4767; x_wconf 92' lang='lat' dir='ltr'><strong>ipsi</strong></span> <span class='ocrx_word' id='word_1_680' title='bbox 2836 4696 3130 4766; x_wconf 68' lang='lat' dir='ltr'><strong>prmparat</strong></span> <span class='ocrx_word' id='word_1_681' title='bbox 3159 4691 3435 4765; x_wconf 88' lang='lat' dir='ltr'><strong>pharma-</strong></span> 
     </span>
    </p>
   </div>
   <div class='ocr_carea' id='block_1_100' title="bbox 1786 4780 3432 4857">
    <p class='ocr_par' dir='ltr' id='par_1_100' title="bbox 1786 4780 3432 4857">
     <span class='ocr_line' id='line_1_100' title="bbox 1786 4780 3432 4857; baseline -0.005 -10"><span class='ocrx_word' id='word_1_682' title='bbox 1786 4805 1944 4857; x_wconf 86' lang='lat' dir='ltr'><strong>cum,</strong></span> <span class='ocrx_word' id='word_1_683' title='bbox 1979 4788 2164 4846; x_wconf 87' lang='lat' dir='ltr'><strong>animi</strong></span> <span class='ocrx_word' id='word_1_684' title='bbox 2188 4786 2463 4844; x_wconf 90' lang='lat' dir='ltr'><strong>videlicet</strong></span> <span class='ocrx_word' id='word_1_685' title='bbox 2488 4783 2870 4851; x_wconf 87' lang='lat' dir='ltr'><strong>modestiam,</strong></span> <span class='ocrx_word' id='word_1_686' title='bbox 2901 4786 2959 4840; x_wconf 88' lang='lat' dir='ltr'><strong>et</strong></span> <span class='ocrx_word' id='word_1_687' title='bbox 2981 4781 3138 4840; x_wconf 90' lang='lat' dir='ltr'><strong>hanc</strong></span> <span class='ocrx_word' id='word_1_688' title='bbox 3167 4780 3432 4838; x_wconf 91' lang='lat' dir='ltr'><strong>radicem</strong></span> 
     </span>
    </p>
   </div>
   <div class='ocr_carea' id='block_1_101' title="bbox 1787 4870 3428 4946">
    <p class='ocr_par' dir='ltr' id='par_1_101' title="bbox 1787 4870 3428 4946">
     <span class='ocr_line' id='line_1_101' title="bbox 1787 4870 3428 4946; baseline -0.006 -10"><span class='ocrx_word' id='word_1_689' title='bbox 1787 4895 1857 4936; x_wconf 90' lang='lat' dir='ltr'><strong>ac</strong></span> <span class='ocrx_word' id='word_1_690' title='bbox 1887 4879 2349 4935; x_wconf 83' lang='lat' dir='ltr'><strong>fundamentum</strong></span> <span class='ocrx_word' id='word_1_691' title='bbox 2375 4874 2660 4932; x_wconf 89' lang='lat' dir='ltr'><strong>substruit</strong></span> <span class='ocrx_word' id='word_1_692' title='bbox 2678 4875 2964 4930; x_wconf 89' lang='lat' dir='ltr'><strong>virtutum</strong></span> <span class='ocrx_word' id='word_1_693' title='bbox 2988 4889 3003 4939; x_wconf 88' lang='lat'><strong>;</strong></span> <span class='ocrx_word' id='word_1_694' title='bbox 3026 4887 3150 4946; x_wconf 90' lang='lat' dir='ltr'><strong>quo</strong></span> <span class='ocrx_word' id='word_1_695' title='bbox 3178 4870 3428 4943; x_wconf 87' lang='lat' dir='ltr'><strong>dejecto,</strong></span> 
     </span>
    </p>
   </div>
   <div class='ocr_carea' id='block_1_102' title="bbox 137 4956 3434 5038">
    <p class='ocr_par' dir='ltr' id='par_1_102' title="bbox 137 4956 3434 5038">
     <span class='ocr_line' id='line_1_102' title="bbox 137 4956 3434 5038; baseline 0.002 -30"><span class='ocrx_word' id='word_1_696' title='bbox 137 4956 312 5030; x_wconf 77' lang='lat' dir='ltr'><strong>reliqua</strong></span> <span class='ocrx_word' id='word_1_697' title='bbox 336 4967 533 5021; x_wconf 86' lang='lat' dir='ltr'><strong>omnia</strong></span> <span class='ocrx_word' id='word_1_698' title='bbox 556 4964 738 5021; x_wconf 87' lang='lat' dir='ltr'><strong>etiam</strong></span> <span class='ocrx_word' id='word_1_699' title='bbox 774 4963 821 5020; x_wconf 93' lang='lat' dir='ltr'><strong>si</strong></span> <span class='ocrx_word' id='word_1_700' title='bbox 848 4962 927 5020; x_wconf 88' lang='lat' dir='ltr'><strong>ad</strong></span> <span class='ocrx_word' id='word_1_701' title='bbox 966 4963 1182 5020; x_wconf 85' lang='lat' dir='ltr'><strong>coelum</strong></span> <span class='ocrx_word' id='word_1_702' title='bbox 1215 4979 1411 5037; x_wconf 82' lang='lat' dir='ltr'><strong>usque</strong></span> <span class='ocrx_word' id='word_1_703' title='bbox 1440 4966 1803 5038; x_wconf 79' lang='lat' dir='ltr'><strong>pertingant,</strong></span> <span class='ocrx_word' id='word_1_704' title='bbox 1830 4965 2224 5026; x_wconf 84' lang='lat' dir='ltr'><strong>detrahuntur</strong></span> <span class='ocrx_word' id='word_1_705' title='bbox 2243 4981 2310 5024; x_wconf 88' lang='lat' dir='ltr'><strong>ac</strong></span> <span class='ocrx_word' id='word_1_706' title='bbox 2332 4963 2636 5029; x_wconf 89' lang='lat' dir='ltr'><strong>decidunt,</strong></span> <span class='ocrx_word' id='word_1_707' title='bbox 2655 4961 3170 5037; x_wconf 86' lang='lat' dir='ltr'><strong>quemadmodum</strong></span> <span class='ocrx_word' id='word_1_708' title='bbox 3196 4960 3258 5017; x_wconf 92' lang='lat' dir='ltr'><strong>in</strong></span> <span class='ocrx_word' id='word_1_709' title='bbox 3283 4959 3434 5016; x_wconf 85' lang='lat' dir='ltr'><strong>Pha-</strong></span> 
     </span>
    </p>
   </div>
   <div class='ocr_carea' id='block_1_103' title="bbox 139 5047 708 5111">
    <p class='ocr_par' dir='ltr' id='par_1_103' title="bbox 139 5047 708 5111">
     <span class='ocr_line' id='line_1_103' title="bbox 139 5047 708 5111; baseline 0.009 -6"><span class='ocrx_word' id='word_1_710' title='bbox 139 5047 268 5106; x_wconf 65' lang='grc' dir='ltr'><strong>ηδιο</strong></span> <span class='ocrx_word' id='word_1_711' title='bbox 291 5061 580 5110; x_wconf 79' lang='lat' dir='ltr'><strong>ostensum</strong></span> <span class='ocrx_word' id='word_1_712' title='bbox 601 5058 708 5111; x_wconf 88' lang='lat' dir='ltr'><strong>est.</strong></span> 
     </span>
    </p>
   </div>
   <div class='ocr_carea' id='block_1_104' title="bbox 1295 5178 2209 5252">
    <p class='ocr_par' dir='ltr' id='par_1_104' title="bbox 1295 5178 2209 5252">
     <span class='ocr_line' id='line_1_104' title="bbox 1295 5178 2209 5252; baseline 0 -4"><span class='ocrx_word' id='word_1_713' title='bbox 1295 5178 1518 5248; x_wconf 62' lang='lat' dir='ltr'><strong>Varias</strong></span> <span class='ocrx_word' id='word_1_714' title='bbox 1546 5181 1877 5252; x_wconf 85' lang='lat' dir='ltr'><strong>lectiones</strong></span> <span class='ocrx_word' id='word_1_715' title='bbox 1902 5191 1965 5250; x_wconf 90' lang='lat' dir='ltr'><strong>et</strong></span> <span class='ocrx_word' id='word_1_716' title='bbox 2006 5189 2209 5250; x_wconf 63' lang='lat' dir='ltr'><strong>notae.</strong></span> 
     </span>
    </p>
   </div>
   <div class='ocr_carea' id='block_1_105' title="bbox 194 5312 1596 5394">
    <p class='ocr_par' dir='ltr' id='par_1_105' title="bbox 194 5312 1596 5394">
     <span class='ocr_line' id='line_1_105' title="bbox 194 5312 1596 5394; baseline 0.004 -22"><span class='ocrx_word' id='word_1_717' title='bbox 194 5312 282 5394; x_wconf 49' lang='lat' dir='ltr'><strong>ﬁt};</strong></span> <span class='ocrx_word' id='word_1_718' title='bbox 315 5319 368 5394; x_wconf 88' lang='lat' dir='ltr'><strong>l_n</strong></span> <span class='ocrx_word' id='word_1_719' title='bbox 393 5317 482 5394; x_wconf 84' lang='lat' dir='ltr'><strong>his</strong></span> <span class='ocrx_word' id='word_1_720' title='bbox 507 5335 752 5394; x_wconf 82' lang='lat' dir='ltr'><strong>prorsus</strong></span> <span class='ocrx_word' id='word_1_721' title='bbox 781 5320 1062 5394; x_wconf 80' lang='lat' dir='ltr'><strong>abhorret</strong></span> <span class='ocrx_word' id='word_1_722' title='bbox 1091 5321 1281 5378; x_wconf 85' lang='lat' dir='ltr'><strong>versio</strong></span> <span class='ocrx_word' id='word_1_723' title='bbox 1310 5321 1596 5380; x_wconf 84' lang='lat' dir='ltr'><strong>Hentenii.</strong></span> 
     </span>
    </p>
   </div>
   <div class='ocr_carea' id='block_1_106' title="bbox 191 5384 1230 5466">
    <p class='ocr_par' dir='ltr' id='par_1_106' title="bbox 191 5384 1230 5466">
     <span class='ocr_line' id='line_1_106' title="bbox 191 5384 1230 5466; baseline 0.01 -27"><span class='ocrx_word' id='word_1_724' title='bbox 191 5384 288 5450; x_wconf 68' lang='lat'><strong>(£9)</strong></span> <span class='ocrx_word' id='word_1_725' title='bbox 323 5384 544 5448; x_wconf 71' lang='lat' dir='ltr'><strong>Inclusa</strong></span> <span class='ocrx_word' id='word_1_726' title='bbox 575 5394 633 5449; x_wconf 89' lang='lat' dir='ltr'><strong>in</strong></span> <span class='ocrx_word' id='word_1_727' title='bbox 663 5393 934 5466; x_wconf 89' lang='lat' dir='ltr'><strong>margine</strong></span> <span class='ocrx_word' id='word_1_728' title='bbox 959 5394 1138 5451; x_wconf 86' lang='lat' dir='ltr'><strong>habet</strong></span> <span class='ocrx_word' id='word_1_729' title='bbox 1162 5400 1230 5450; x_wconf 79' lang='grc' dir='ltr'><strong><em>Α.</em></strong></span> 
     </span>
    </p>
   </div>
   <div class='ocr_carea' id='block_1_107' title="bbox 1877 5322 2356 5380">
    <p class='ocr_par' dir='ltr' id='par_1_107' title="bbox 1877 5322 2356 5380">
     <span class='ocr_line' id='line_1_107' title="bbox 1877 5322 2356 5380; baseline 0 -1"><span class='ocrx_word' id='word_1_730' title='bbox 1877 5324 1968 5380; x_wconf 79' lang='grc' dir='ltr'>2οὶ</span> <span class='ocrx_word' id='word_1_731' title='bbox 1997 5328 2058 5377; x_wconf 76' lang='lat' dir='ltr'><strong>At</strong></span> <span class='ocrx_word' id='word_1_732' title='bbox 2087 5323 2257 5380; x_wconf 88' lang='lat' dir='ltr'><strong>abest</strong></span> <span class='ocrx_word' id='word_1_733' title='bbox 2284 5322 2330 5376; x_wconf 89' lang='lat' dir='ltr'><strong>A</strong></span> <span class='ocrx_word' id='word_1_734' title='bbox 2343 5365 2356 5379; x_wconf 97' lang='lat'><strong>.</strong></span> 
     </span>
    </p>
   </div>
   <div class='ocr_carea' id='block_1_108' title="bbox 1877 5324 2905 5470">
    <p class='ocr_par' dir='ltr' id='par_1_108' title="bbox 1877 5324 2905 5470">
     <span class='ocr_line' id='line_1_108' title="bbox 1877 5324 2356 5380; baseline 0 -1"><span class='ocrx_word' id='word_1_735' title='bbox 1877 5327 1946 5380; x_wconf 81' lang='lat'><strong>20</strong></span> <span class='ocrx_word' id='word_1_736' title='bbox 1997 5328 2058 5377; x_wconf 79' lang='grc' dir='ltr'><strong>Δέ</strong></span> <span class='ocrx_word' id='word_1_737' title='bbox 2087 5324 2257 5380; x_wconf 88' lang='lat' dir='ltr'><strong>abest</strong></span> <span class='ocrx_word' id='word_1_738' title='bbox 2284 5324 2356 5379; x_wconf 89' lang='lat' dir='ltr'><strong>A.</strong></span> 
     </span>
     <span class='ocr_line' id='line_1_109' title="bbox 1877 5324 2905 5470; baseline -0.005 -19"><span class='ocrx_word' id='word_1_739' title='bbox 1877 5324 1968 5469; x_wconf 51' lang='lat'><strong>&#39;21;</strong></span> <span class='ocrx_word' id='word_1_740' title='bbox 1991 5402 2065 5468; x_wconf 77' lang='grc' dir='ltr'><strong>Τῇ</strong></span> <span class='ocrx_word' id='word_1_741' title='bbox 2099 5393 2254 5467; x_wconf 73' lang='grc' dir='ltr'><strong><em>ψυχῇ</em></strong></span> <span class='ocrx_word' id='word_1_742' title='bbox 2285 5413 2374 5446; x_wconf 86' lang='grc' dir='ltr'><strong>και</strong></span> <span class='ocrx_word' id='word_1_743' title='bbox 2412 5392 2473 5466; x_wconf 69' lang='grc' dir='ltr'><strong><em>τῇ</em></strong></span> <span class='ocrx_word' id='word_1_744' title='bbox 2507 5395 2809 5470; x_wconf 79' lang='grc' dir='ltr'><strong><em>προαιρέσει</em></strong></span> <span class='ocrx_word' id='word_1_745' title='bbox 2837 5392 2905 5446; x_wconf 85' lang='grc' dir='ltr'><strong><em>Α.</em></strong></span> 
     </span>
    </p>
   </div>
   <div class='ocr_carea' id='block_1_109' title="bbox 191 5560 2774 5648">
    <p class='ocr_par' dir='ltr' id='par_1_109' title="bbox 191 5560 2774 5648">
     <span class='ocr_line' id='line_1_110' title="bbox 191 5560 2774 5648; baseline -0.002 -17"><span class='ocrx_word' id='word_1_746' title='bbox 191 5560 257 5631; x_wconf 74' lang='lat' dir='ltr'><strong>0n</strong></span> <span class='ocrx_word' id='word_1_747' title='bbox 283 5563 647 5637; x_wconf 75' lang='lat' dir='ltr'><strong>Imprimitur.</strong></span> <span class='ocrx_word' id='word_1_748' title='bbox 673 5571 968 5638; x_wconf 79' lang='lat' dir='ltr'><strong>Nascitur,</strong></span> <span class='ocrx_word' id='word_1_749' title='bbox 1004 5571 1294 5644; x_wconf 85' lang='lat' dir='ltr'><strong>signatur.</strong></span> <span class='ocrx_word' id='word_1_750' title='bbox 1323 5570 1768 5648; x_wconf 73' lang='grc' dir='ltr'><strong><em>Χαρακτηριζιιν,</em></strong></span> <span class='ocrx_word' id='word_1_751' title='bbox 1791 5577 1993 5632; x_wconf 81' lang='lat' dir='ltr'><strong>notum</strong></span> <span class='ocrx_word' id='word_1_752' title='bbox 2015 5572 2105 5630; x_wconf 84' lang='lat' dir='ltr'><strong>rei</strong></span> <span class='ocrx_word' id='word_1_753' title='bbox 2130 5569 2483 5644; x_wconf 79' lang='lat' dir='ltr'><strong>imprimere,</strong></span> <span class='ocrx_word' id='word_1_754' title='bbox 2515 5570 2774 5643; x_wconf 79' lang='lat' dir='ltr'><strong>signare.</strong></span> 
     </span>
    </p>
   </div>
  </div>
