3990 6206
420 300 516 355 191
1732 293 2053 351 EUTHYMI

2176 292 2453 351 [GABENI
3663 298 3763 353 192

489 424 709 495 Aptum
737 439 979 497 quoque
1008 423 1328 496 praemium
1349 423 1486 479 huic
1514 422 1852 495 rependitur
1879 440 1891 477 :
1951 436 2053 493 pro

2246 419 2574 478 Κατοῦηληλον
2608 416 2687 486 δὲ,
2744 426 2834 474 καὶ
2881 424 2939 473 τό
2988 423 3178 482 ταύτης
3217 421 3452 475 ἔπαθλον.
3487 422 3628 477 Ἀντὶ
3663 426 3764 499 γὰρ

416 518 682 569 extrema
740 514 1009 569 videlicet
1062 513 1396 583 abjectione
1441 528 1715 567 summus
1763 512 1976 579 honor,
2006 514 2062 566 et

414 619 533 673 quo
556 603 753 658 nullus
786 603 978 673 major
1007 601 1245 673 reperiri
1277 606 1489 673 potest.
1531 602 1638 655 Per
1672 601 1918 655 modum
1954 616 2061 655 au-

411 700 527 749 tem
560 692 999 747 beatitudinum
1031 696 1331 763 praecepta
1377 692 1505 746 haec
1531 690 1777 759 induxit,
1812 689 2057 745 invidio-

409 798 541 837 sum
572 781 842 836 devitans
870 796 1230 836 sermonem.
1287 780 1609 851 Oportebat
1653 780 1812 835 enim
1872 784 1933 835 ut
1998 779 2059 834 in

405 870 696 943 principio
722 875 1029 926 mansuete
1052 885 1178 925 cum
1215 869 1300 925 eis
1333 870 1693 941 loqueretur,
1725 873 1782 925 et
1807 868 1889 925 ita
1913 883 2056 940 pau-

412 958 577 1014 latim
610 959 687 1014 ad
718 958 1174 1031 praecipiendum
1208 958 1533 1013 deveniret.

481 1049 671 1112 Quam
699 1049 776 1106 ob
805 1063 1050 1103 causam
1107 1046 1257 1102 dixit
1314 1062 1622 1119 pauperes,
1679 1053 1733 1100 et
1784 1060 1906 1101 non
1953 1046 2060 1100 hu-

412 1137 583 1193 miles
610 1136 638 1189 ?
671 1136 818 1202 Quia
847 1152 1172 1208 pauperem
1200 1152 1331 1192 esse
1352 1136 1487 1208 plus
1514 1141 1621 1199 est,
1654 1151 1839 1207 quam
1865 1135 2061 1191 humi-

409 1226 528 1283 lem
557 1242 705 1281 esse.
742 1227 885 1281 Sunt
917 1226 1076 1281 enim
1109 1227 1257 1281 varii
1313 1225 1661 1281 humilitatis
1726 1224 1889 1280 modi
1920 1243 1930 1281 :
1964 1223 2059 1279 hic

411 1315 657 1387 quidem
699 1315 1067 1370 mediocriter
1098 1315 1301 1370 animo
1329 1315 1633 1371 modestus
1666 1318 1776 1377 est,
1802 1312 1896 1367 ille
1918 1327 2060 1368 vero

412 1420 548 1460 cum
582 1403 922 1459 excellentia
957 1422 970 1470 ;
1012 1419 1192 1476 quam
1237 1402 1626 1459 humilitatem
1658 1402 1835 1458 etiam
1881 1400 2060 1457 David

412 1493 816 1557 commendat,
851 1493 1090 1547 dicens:
1124 1494 1235 1549 Cor
1266 1493 1574 1549 contritum
1606 1498 1658 1548 et
1682 1491 2059 1549 humiliatum

409 1582 566 1638 Deus
590 1597 703 1637 non
730 1582 1008 1651 despicies
1039 1584 1106 1636 ει.

468 1671 632 1726 Vers.
659 1674 711 1725 4.
742 1673 915 1727 Beati
944 1702 1012 1714 —
1052 1672 1504 1729 consolationem
1562 1672 1870 1739 accipient.
1907 1670 2059 1735 Quia

2171 520 2261 571 τῆς
2296 512 2460 583 ἄκρας
2510 509 2737 583 ἀτιμίας,
2772 512 2909 584 ἄκρα
2960 516 3083 582 τιμὴ
3131 517 3215 564 καὶ
3272 512 3365 564 οὐκ
3418 515 3557 564 ἔστιν
3607 514 3765 588 εὑρεῖν

2172 600 2418 655 ἐπέκεινα.
2444 600 2527 652 Ἐν
2560 600 2703 662 τάξει
2732 596 2791 652 δὲ
2836 608 3174 673 μακαρισμοῦ
3230 604 3318 663 τὰς
3349 600 3552 664 ἐντολὰς
3576 606 3767 663 ταύτας

2172 689 2462 760 εἰσήγαγεν,
2528 687 2973 762 ἁνεπαχθέστερον
3031 694 3114 742 τὸν
3172 691 3317 762 λόγον
3372 700 3551 747 ποιῶν,
3620 688 3767 745 Ἔδει

2169 781 2269 853 γὰρ
2316 778 2365 829 ἐν
2417 777 2560 851 ἀρχῇ
2610 786 2887 853 πραότερον
2932 779 3106 840 αὐτοῖς
3154 780 3426 851 ὁμιλῆσαι,
3470 786 3561 834 καὶ
3604 782 3768 844 οὕτως

2171 868 2341 941 ἠρέμα
2361 867 2654 942 προϐαίνειν
2682 868 2747 929 εἰς
2780 871 2836 920 τό
2860 867 3161 921 ἐπιτάττειν.

2242 1047 2388 1106 Τίνος
2444 1064 2601 1097 ενεκεν
2642 1045 2753 1116 (22)
2810 1046 2903 1099 οὐκ
2951 1043 3105 1113 εἶπεν,
3144 1049 3208 1099 Ol
3256 1052 3505 1112 ταπεινοὶ,
3549 1044 3656 1099 ἀλλ’
3700 1048 3767 1101 Οἱ

2170 1138 2425 1205 πτωχοί;
2465 1133 2585 1185 Ὀτι
2620 1142 2771 1187 τοῦτο
2820 1134 3009 1187 ἐκείνου
3062 1136 3230 1191 πλέον.
3286 1141 3385 1189 Καὶ
3440 1141 3540 1210 γὰρ
3593 1137 3769 1191 πολλοὶ

2170 1229 2266 1284 τῆς
2308 1228 2771 1298 ταπεινοφροσύνης
2818 1228 2866 1277 οἱ
2913 1230 3116 1300 τρόποι,
3171 1231 3271 1279 Kal
3306 1228 3330 1277 ὁ
3374 1229 3463 1298 μὲν
3518 1229 3627 1278 ἐστι
3670 1247 3768 1279 τα-

2170 1315 2339 1373 πεινός
2392 1317 2694 1386 συμμέτρως
2731 1330 2743 1343 ⁸
2790 1316 2815 1365 ό
2869 1310 2927 1367 δὲ
2984 1315 3096 1385 μεθ’
3164 1314 3449 1387 ὑπερϐολῆς
3521 1315 3756 1378 ἁπάσης,

2170 1403 2375 1458 Ταύτην
2424 1408 2514 1454 καὶ
2558 1404 2583 1453 ό
2622 1405 2879 1475 μακάριος
2923 1399 3089 1456 Δαυίδ
3133 1403 3329 1456 ἐπαινεῖ
3380 1404 3537 1476 λέγων
3573 1423 3584 1433 ·
3632 1412 3769 1478 Καρο

2173 1486 2292 1541 δίαν
2339 1496 2771 1566 συντετριμμένην
2823 1496 2912 1544 καὶ
2958 1497 3388 1565 τεταπεινωμένην
3430 1496 3454 1545 ό
3495 1496 3618 1555 Θεός
3671 1494 3769 1546 οὐκ

2173 1575 2523 1640 ἐξουδενὼσει.

2242 1672 2505 1743 Μακάριοι
2547 1700 2614 1709 —
2665 1670 3181 1744 παρακληθήσονται.
3234 1673 3377 1724 Ἐπεὶ
3427 1673 3603 1732 πάντες
3646 1674 3767 1725 υπε-

405 1776 614 1816 omnes
642 1760 929 1831 putabant
955 1777 1056 1816 eos
1074 1777 1201 1817 esse
1233 1762 1464 1825 beatos,
1500 1760 1605 1832 qui
1632 1761 1693 1815 in
1720 1759 1941 1827 gaudio
1973 1774 2053 1812 es-

2176 1757 2424 1827 λάμϐανον
2473 1763 2759 1831 μακαρίους
2808 1762 2921 1831 μὲν,
2971 1763 3087 1821 τοὺς
3135 1758 3182 1811 ἐν
3232 1766 3397 1835 χαρᾷ,
3445 1759 3655 1822 ἀθλίους
3708 1758 3771 1814 δὲ

408 1854 557 1919 sent,
589 1850 833 1905 miseros
873 1866 1014 1905 vero
1077 1851 1179 1922 qui
1211 1851 1270 1904 in
1323 1848 1659 1913 afﬂictione,
1717 1847 2058 1919 hujusmodi

408 1938 749 2009 opinionem
764 1939 1050 1993 radicitus
1064 1938 1647 2009 evellit,contrariam
1669 1937 2055 1993 substituens.

407 2027 699 2098 Lugentes
731 2032 928 2081 autem
971 2028 1127 2093 dicit,
1158 2043 1278 2083 non
1319 2027 1422 2099 qui
1457 2026 1802 2099 simpliciter
1836 2025 2055 2095 lugent.

409 2115 513 2170 sed
546 2114 648 2187 qui
670 2119 1047 2187 propeccatis
1074 2116 1299 2187 lugent.
1328 2116 1601 2171 Miserum
1634 2115 1792 2169 enim
1827 2130 1896 2169 ac
1922 2129 2061 2185 pro-

404 2204 657 2259 hibitum
690 2210 777 2259 est
823 2204 1020 2275 lugere
1074 2205 1152 2261 ob
1180 2222 1251 2261 ea
1309 2222 1435 2277 quae
1466 2205 1599 2277 quis
1652 2204 1871 2275 patitur
1920 2202 2056 2275 (gg).

410 2293 665 2349 Tristitia
704 2296 856 2349 enim
885 2295 1110 2360 mundi,
1166 2295 1249 2351 ait
1274 2295 1508 2359 Paulus,
1554 2301 1794 2350 mortem
1860 2308 2058 2364 Opera-

414 2388 547 2451 tur;
567 2398 633 2437 ea
655 2398 810 2452 vero,
831 2400 963 2454 quae
982 2384 1293 2440 secundum
1316 2385 1503 2441 Deum
1524 2388 1624 2454 est,
1646 2386 2057 2453 paenitentiam

412 2470 476 2525 in
494 2472 746 2527 salutem
760 2472 1028 2528 stabilem
1042 2475 1087 2510 θ’
1106 2473 1133 2527 7
1155 2472 1469 2538 Quomodo
1483 2488 1623 2542 ergo
1638 2471 1753 2527 alio
1772 2471 1902 2527 loco
1917 2470 2060 2526 dicit

410 2559 624 2614 Paulus
652 2576 663 2614 :
700 2561 956 2617 Gaudete
982 2563 1044 2617 in
1068 2562 1300 2617 Domino
1329 2577 1548 2633 semper
1574 2562 1619 2595 ⁸³
1644 2558 1671 2613 ?
1702 2561 1848 2625 Quia
1878 2570 1932 2614 et
1962 2559 2059 2614 ille

409 2648 698 2719 gaudium
724 2649 884 2715 dicit,
919 2651 1078 2722 quod
1096 2668 1127 2707 e
1150 2652 1303 2707 luctu
1328 2652 1527 2705 oritur.
1563 2649 1770 2716 Habet,
1798 2664 2056 2719 namque

404 2736 596 2793 luctus
608 2754 915 2809 repensum
928 2740 1039 2796 sibi
1057 2740 1558 2809 gaudium.Quem
1569 2737 1887 2794 admodum
1906 2737 2054 2791 enim

405 2831 721 2899 postquam
746 2830 1067 2885 vehemens
1092 2829 1296 2900 pluvia
1316 2830 1649 2899 impetuose
1669 2826 2052 2891 descenderit,

409 2917 693 2971 serenitas
730 2916 997 2971 stabilior
1009 2933 1134 2971 esse
1155 2920 1327 2973 solet:
1350 2918 1427 2971 ita
1443 2931 1678 2988 quoque
1696 2915 1802 2971 ded
1814 2915 1960 2970 uctis
1974 2914 2055 2970 la-

406 3005 649 3073 crymis,
681 3005 1073 3076 tranquillitas
1102 3012 1156 3061 et
1188 3006 1475 3075 gaudium
1507 3006 1692 3059 animi
1724 3003 2005 3059 succedit.

474 3090 609 3147 Vult
639 3096 835 3148 autem
859 3093 953 3149 hic
969 3110 1183 3158 sermo,
1210 3109 1328 3150 non
1359 3093 1541 3149 modo
1567 3094 1637 3148 de
1665 3093 1919 3166 propriis
1941 3109 2053 3148 nos

408 3179 607 3249 lugere
629 3181 857 3236 delictis
890 3199 1095 3239 verum
1128 3184 1305 3239 etiam
1325 3183 1399 3238 de
1422 3182 1667 3239 alienis:
1690 3186 1748 3238 et
1767 3181 1901 3239 talis
1928 3186 2054 3236 erat

406 3269 578 3324 Mosis
601 3270 861 3338 animus,
884 3272 1144 3339 Davidis,
1168 3272 1419 3328 Danielis
1444 3273 1595 3345 (hh),
1624 3272 1789 3328 Pauli
1812 3274 2052 3326 caetero-

404 3374 655 3431 rumque
677 3360 1045 3431 huiusmodi.
1069 3361 1541 3418 Consolationem
1566 3377 1707 3417 vero
1732 3360 2046 3431 accipient,

405 3447 527 3502 sive
562 3448 935 3505 laetabuntur.
962 3450 1111 3507 Ubi?
1142 3452 1207 3507 Et
1232 3452 1290 3506 in
1318 3451 1615 3521 praesenti,
1646 3454 1703 3505 et
1731 3450 1789 3505 in
1825 3450 2045 3505 futuro.

403 3535 466 3589 In
492 3539 762 3607 praesenti
790 3539 1032 3610 quidem
1053 3556 1125 3595 ea
1144 3556 1270 3611 spe,
1298 3540 1457 3611 quod
1480 3544 1718 3610 peccata
1746 3554 1854 3593 sua
1884 3538 2049 3593 luctu

402 3624 730 3696 redimant;
768 3627 826 3683 in
862 3628 1059 3684 futuro
1090 3644 1229 3684 vero
1257 3644 1377 3683 non
1406 3628 1532 3684 sola
1560 3627 1781 3683 horum
1843 3626 2049 3682 remis-

406 3712 591 3780 sione,
626 3730 833 3774 verum
865 3718 1042 3774 etiam
1074 3717 1452 3774 beatitudine.

483 3804 524 3873 -ξ-
549 3806 696 3863 Nam
715 3807 817 3878 qui
842 3807 997 3862 ﬁlios
1021 3812 1122 3863 aut
1140 3822 1355 3862 uxores
1382 3809 1649 3862 mortuas
1672 3805 1894 3876 lugent,
1925 3820 2047 3861 non

404 3898 814 3970 possessiones
835 3901 936 3952 aut
955 3896 1195 3967 propria
1212 3900 1421 3952 amant
1453 3910 1707 3965 corpora
1722 3894 1830 3966 (ii),
1852 3910 1961 3949 nec
1980 3909 2047 3949 eo

404 3985 651 4042 turbinis
680 3991 946 4057 tempore
976 3984 1095 4041 ullo
1128 3984 1310 4040 modo
1331 3984 1780 4055 concupiscunt,
1814 3998 1934 4038 non
1965 3983 2051 4038 in-

398 4076 567 4147 juriis
592 4079 1040 4145 exasperantur,
1069 4090 1177 4129 nec
1199 4072 1315 4129 alia
1336 4073 1678 4129 obsidentur
1695 4072 2005 4129 affectione
2034 4090 2047 4128 :

402 4170 627 4237 quanto
663 4165 857 4236 magis
882 4164 979 4235 qui
1010 4179 1151 4218 suas
1178 4163 1377 4233 lugent
1400 4162 1774 4233 mgritudines
1807 4163 1852 4234 (j
1867 4162 1945 4234 α),
1979 4178 2049 4219 eo

404 4254 589 4311 modo
628 4268 743 4326 quo
782 4268 884 4309 eas
912 4252 1114 4323 lugere
1141 4251 1387 4323 dignum
1421 4256 1527 4308 est.

476 4433 643 4490 Vers.
677 4432 731 4488 5.
759 4431 927 4489 Beati
950 4462 1018 4472 -
1057 4436 1299 4487 terram.
1333 4430 1622 4495 Quoniam
1675 4428 1818 4485 olim
1850 4430 1922 4485 ab
1948 4429 2051 4485 ho-

2170 1850 2288 1908 τοῦς
2320 1845 2366 1897 ἐν
2403 1847 2591 1917 θλίψει,
2632 1847 2907 1923 πρόρριζον
2958 1847 3167 1919 ἀνασπᾷ
3216 1853 3309 1907 τὴν
3363 1852 3603 1907 τοιαύτην
3640 1852 3771 1903 ὑπό-

2169 1934 2343 2006 ληψιν,
2380 1936 2674 1988 τούναντίον
2704 1940 3080 2009 ὑποτιθέμενος.
3128 1940 3445 2000 Πενθούντας
3494 1935 3551 1991 δὲ
3606 1938 3769 2009 λέγει,

2171 2024 2227 2075 οῦ
2276 2028 2397 2086 τοὺς
2437 2023 2608 2086 ἁπλῶς
2654 2028 2984 2091 πενθοῦντας,
3026 2025 3152 2079 ἀλλὰ
3203 2032 3323 2089 τοὺς
3356 2028 3480 2100 ὑπὲρ
3530 2027 3772 2102 ἁμαρτη-

2170 2116 2363 2185 μάτων.
2412 2117 2480 2165 Τό
2529 2117 2629 2189 γὰρ
2682 2116 2806 2189 ὑπὲρ
2865 2113 3118 2187 βιωτικοῦ
3178 2118 3488 2190 πράγματος
3542 2119 3769 2183 πενθεῖν,

2169 2202 2344 2254 ἄθλιον
2400 2206 2489 2254 καὶ
2563 2203 2926 2276 κεκωλυμένον.
2986 2208 3123 2262 Φησὶ
3180 2207 3278 2278 γὰρ
3338 2207 3363 2256 ὁ
3421 2205 3635 2271 Παῦλος,
3690 2210 3774 2260 ότι

2167 2290 2224 2344 Ἡ
2278 2294 2367 2363 μὲν
2424 2300 2515 2344 τοῦ
2573 2296 2772 2364 κόσμου
2831 2293 2989 2358 λύπη,
3053 2296 3270 2346 θάνατον
3324 2295 3701 2367 κατεργάζεται
3756 2315 3768 2325 ·

2168 2382 2197 2437 ἠ
2261 2375 2319 2432 δὲ
2372 2384 2507 2433 κατὰ
2559 2384 2707 2447 Θεὸν,
2761 2384 3031 2453 μετάνοιαν
3103 2382 3173 2444 εἰς
3239 2388 3501 2456 σωτηρίαν
3572 2382 3773 2456 ἁμεταο

2167 2467 2405 2540 με’λητον.
2462 2474 2560 2523 Καὶ
2627 2478 2735 2531 πῶς
2784 2472 2809 2521 ὁ
2866 2470 3063 2531 Παῦλος
3114 2470 3265 2524 παλιν
3314 2470 3421 2524 εἶπε
3477 2493 3487 2504 ·
3544 2477 3773 2545 Χαίρετε

2168 2556 2215 2609 ἐν
2272 2564 2446 2631 Κυρίῳ
2489 2562 2705 2612 πάντοτε
2738 2576 2751 2627 ;
2788 2560 2900 2632 (23)
2943 2564 3079 2612 Διότι
3136 2559 3369 2623 κάκεῖνος
3416 2564 3507 2619 τὴν
3560 2560 3614 2613 ἐκ
3673 2570 3771 2614 τοῦ

2167 2649 2377 2708 πένθους
2427 2648 2562 2720 λέγει
2600 2649 2712 2720 (24)
2765 2652 2959 2722 χαράν.
3019 2648 3174 2721 Ἔχει
3223 2652 3320 2724 γὰρ
3374 2656 3524 2702 τοῦτο
3584 2654 3771 2726 χαρὰν

2168 2737 2684 2812 συγκεκληρωμένην.
2762 2741 3001 2814 Καθάπερ
3076 2742 3198 2811 γὰρ,
3283 2741 3427 2792 ὑετοῦ
3527 2736 3772 2813 σφοδροῦ

2164 2827 2611 2901 καταρραγέντος,
2656 2824 2809 2879 εὐδία
2875 2829 3114 2898 γίνεσθαι
3180 2830 3368 2890 εἴωθεν,
3444 2828 3576 2880 οὕτω
3650 2835 3769 2901 καὶ,

2166 2911 2405 2989 δακρύων
2455 2918 2882 2988 κατενεχθέντων,
2914 2916 3113 2988 γαλήνη
3167 2921 3253 2969 καὶ
3299 2920 3446 2992 χαρὰ
3491 2926 3552 2989 τῇ
3603 2918 3769 2991 ψυχῇ

2164 3023 2437 3074 εγγινεται.

2233 3093 2476 3145 Βούλεται
2534 3090 2592 3146 δε
2648 3102 2734 3146 νῦν
2783 3096 2807 3146 ό
2851 3094 3004 3166 λόγος
3049 3097 3245 3148 πενθειν
3296 3098 3432 3167 ἡμᾶς
3483 3100 3553 3167 μὴ
3606 3100 3772 3166 μόνον

2161 3184 2288 3255 ὑπὲρ
2339 3191 2437 3234 τῶν
2489 3182 2686 3235 οἰκείων
2746 3183 3153 3258 ἁμαρτημάτων,
3187 3183 3316 3237 ἀλλὰ
3366 3189 3455 3236 καὶ
3501 3186 3628 3255 ὑπὲρ
3663 3193 3772 3237 τῶν

2162 3270 2458 3344 ἀλλοτρίων,
2495 3268 2580 3323 οἷα
2628 3268 2687 3329 ἦν
2731 3274 2759 3329 ἡ
2803 3272 2957 3344 ψυχὴ
2992 3277 3255 3335 Μωυσέως
3306 3279 3394 3325 καὶ
3446 3270 3614 3335 Ααυὶδ
3670 3280 3773 3326 καὶ

2164 3360 2367 3412 Παύλου
2396 3366 2483 3412 καὶ
2512 3369 2608 3413 τῶν
2639 3365 2902 3415 τοιούτων.
2936 3362 3438 3437 Παρακληθὴσονται
3484 3360 3561 3432 δὲ,
3596 3367 3768 3434 ἤγουν

2162 3451 2619 3521 εὐφρανθήσονται.
2678 3457 2841 3521 Ποῦ,
2891 3456 2991 3504 Καὶ
3048 3454 3269 3504 ἐνταῦθα
3319 3458 3407 3504 καὶ
3459 3450 3586 3507 ἐκεῖ.
3648 3451 3767 3505 Ἐν-

2159 3541 2330 3590 ταῦθα
2384 3542 2493 3610 μὲν,
2553 3547 2614 3611 τῇ
2689 3536 2865 3592 ἐλπίδι
2937 3548 3032 3601 τῆς
3106 3540 3510 3614 ἀπολυτρώσεως
3565 3540 3765 3593 αὐτῶν·

2160 3627 2267 3679 ἐκεῖ
2294 3624 2374 3693 δὲ,
2406 3628 2463 3679 ού
2494 3633 2645 3701 μόνον
2690 3636 2752 3701 τῇ
2807 3628 2984 3703 ἀφέσει
3032 3633 3241 3699 τούτων,
3281 3628 3409 3682 ἀλλὰ
3438 3634 3527 3682 καὶ
3557 3638 3620 3702 τῇ
3655 3652 3772 3702 μα-

2160 3736 2256 3791 καρ
2266 3721 2378 3774 ιότη
2389 3737 2455 3770 τι.

2232 3808 2297 3858 Οἱ
2348 3808 2445 3878 γὰρ
2501 3807 2615 3877 (25)
2675 3803 2872 3869 παῖδας
2934 3812 3019 3860 καὶ
3097 3814 3349 3880 γυναῖκας
3408 3807 3775 3871 ἀποθανόντας

2162 3897 2485 3970 θρηνοῦντες,
2519 3894 2576 3947 οὐ
2625 3898 2936 3970 χρημάτων,
2972 3896 3029 3948 ού
3081 3900 3333 3969 σωμάτων
3382 3896 3587 3972 ἐρῶσιν,
3636 3895 3779 3951 οὐδὲ

2160 3983 2277 4036 κατ’
2346 3983 2531 4036 ἐκεῖνον
2606 3992 2703 4046 τῆς
2758 3982 2951 4046 ὀδύνης
3006 3988 3092 4037 τόν
3167 3989 3347 4061 καιρόν
3407 3984 3559 4037 ἄλλου
3622 3990 3780 4049 τινὸς

2161 4071 2403 4144 ἐφίενται,
2455 4072 2559 4144 ούχ
2616 4072 2798 4146 ὕϐρεσι
2845 4073 3239 4146 παροξύνονται,
3294 4074 3398 4146 οὐχ
3447 4076 3546 4126 ὑπὸ
3604 4074 3777 4128 ἄλλον

2160 4162 2557 4237 πολιορκοῦνται
2622 4182 2755 4223 τινος
2810 4166 3008 4225 πάθους
3063 4185 3074 4197 ·
3128 4168 3273 4235 πόσῳ
3340 4162 3525 4235 μᾶλλον
3591 4167 3641 4216 οἱ
3703 4168 3781 4219 τὰ

2162 4252 2515 4325 ἁμαρτήματα
2591 4255 2889 4315 πενθοῦντες
2971 4256 3038 4305 τὰ
3117 4252 3330 4320 ἑαυτῶν,
3409 4256 3478 4314 ὡς
3559 4256 3779 4308 πενθεῖν

2161 4340 2226 4403 οἶξ
2232 4360 2303 4393 ιον
2339 4360 2351 4409 ;

2230 4431 2495 4503 Μακάριοι
2538 4460 2607 4472 —
2662 4435 2755 4488 την
2805 4434 2929 4501 γὴν,
2987 4433 3128 4485 Ἐπεὶ
3176 4430 3336 4484 πάλαι
3392 4438 3503 4493 τοῖς
3558 4432 3785 4506 ἀνθρώ-

406 4522 667 4579 minibus
685 4537 907 4592 magno
922 4520 1117 4576 studio
1135 4518 1527 4575 affectabatur
1544 4524 1711 4574 terrm
1725 4518 2047 4590 possessio,

2176 4538 2273 4579 τοις
2301 4516 2763 4594 περισπούδαστος
2793 4517 2854 4578 ἦν
2903 4523 2932 4579 ἡ
2980 4520 3296 4595 κληρονομία
3326 4530 3420 4583 τῆς
3450 4530 3575 4593 γῆς,
3609 4526 3789 4581 τίθη-

406 4610 561 4665 hanc
574 4610 749 4665 etiam
773 4626 875 4681 pro
898 4609 1129 4665 virtutis
1148 4608 1397 4680 praemio
1420 4608 1605 4679 ponit.
1630 4606 1885 4672 Quidam
1907 4622 2049 4663 sane

478 4787 523 4824 ⁸1
557 4787 707 4844 Psal.
740 4805 789 4853 ι,
823 4788 892 4841 19
963 4787 1011 4823 ⁸³
1042 4786 1091 4842 II
1124 4788 1254 4843 Cor.
1284 4801 1383 4854 vu,
1416 4786 1505 4845 lO.

1599 4785 1646 4821 ⁸³
1680 4783 1937 4857 Philipp.
1987 4801 2063 4855 ιν,
2090 4788 2144 4844 4.

2165 4627 2218 4660 σι
2246 4612 2335 4661 καὶ
2368 4612 2561 4667 ταύτην
2592 4609 2807 4662 ἔπαθλον
2850 4609 3002 4685 ἀρετῆ
3016 4631 3056 4672 ς.
3092 4615 3191 4663 Καὶ
3222 4630 3353 4673 τινες
3382 4614 3471 4683 μὲν
3502 4620 3604 4682 γῆν
3640 4632 3784 4673 νοη-

1621 4963 1843 5032 Variaa
1875 4963 2203 5034 lectiones
2243 4973 2310 5033 et
2340 4972 2544 5036 notae.

476 5162 590 5234 (22)
631 5161 751 5218 Hoc
789 5160 1083 5219 scholium
1125 5161 1229 5234 in__
1240 5163 1453 5234 neutro
1506 5176 1781 5234 meorum
1810 5161 2046 5234 legitur.

406 5232 761 5306 Exserptum
774 5238 975 5291 autem
991 5236 1079 5290 est
1095 5248 1168 5291 ex
1191 5232 1398 5304 Chrys.
1430 5239 1577 5290 tom.
1596 5233 1711 5300 VII,
1737 5250 1800 5307 p.
1830 5232 1955 5291 185.
1985 5236 2046 5291 Ε.

480 5305 592 5379 (23)
625 5308 820 5369 Πάντες
842 5308 900 5362 Β.

482 5449 596 5523 (gg)
629 5448 707 5506 0b
732 5463 798 5505 ea
823 5462 976 5531 gate
1000 5447 1130 5531 σαῖς
1158 5447 1408 5531 patitur.
1443 5446 1530 5503 Ob
1556 5462 1682 5505 rem
1711 5452 2050 5505 terrestrem

413 5519 753 5586 obwcasum,
783 5519 862 5575 ob
887 5519 1278 5575 infortunium
1311 5519 1667 5576 humanum.

487 5593 615 5665 (hh)
647 5591 837 5651 Δανιήλ
865 5592 926 5648 in
954 5590 1119 5649 nullo
1148 5606 1416 5649 meorum
1455 5591 1690 5662 legitur.

2382 5170 2584 5309 irim:
2603 5168 2767 5291 gallo
2784 5248 3061 5309 nieorum
3080 5237 3403 5309 comparet.
3420 5236 3797 5309 Repetitnm

2162 5306 2253 5365 est
2274 5321 2346 5362 ex
2377 5306 2683 5380 Chrysost.
2717 5311 2859 5363 tom.
2884 5306 2998 5371 VII,
3026 5321 3086 5378 p.
3121 5306 3245 5363 187.
3275 5306 3337 5362 D.

2232 5446 2318 5587 (ἑξ)
2356 5447 2524 5503 Forte
2552 5446 2777 5503 invenit
2803 5467 3053 5519 σωματων
3089 5443 3254 5500 ἰδίων.

2272 5520 2330 5587 'j)
2363 5517 2514 5576 Suas
2542 5519 2939 5587 aegritudines.
2969 5522 3209 5577 Peccata
3234 5535 3254 5573 ε

2274 5448 2318 5515 Ϊὶ)
2356 5448 2524 5503 Forte
2552 5448 2777 5503 invenit
2803 5467 3053 5519 σωματων
3089 5448 3254 5500 ἰδίων.

2274 5520 2330 5590 ij)
2363 5517 2514 5576 Suas
2542 5519 2939 5591 aegritudines.
2969 5522 3209 5577 Peccata
3234 5532 3361 5574 sua.
