3990 6206
215 171 283 226 193

1108 165 1476 225 COMMENT.
1519 165 1589 224 IN
1623 162 2062 229 MATTHAEUM.
2105 202 2173 211 —
2213 171 2367 229 CAP.
2399 173 2466 229 V.

3369 177 3469 238 194

212 302 273 353 τὴν
295 295 330 347 ἐν
359 292 531 366 οὖρα-λῳ
561 291 817 364 λέγουσιν,
850 295 877 345 ό
909 290 967 346 δὲ
995 293 1106 365 (26)
1147 299 1526 368 Χρυσόστομός
1552 315 1701 367 φησι,

1871 311 2028 354 rram
2070 295 2546 364 intellectualem,
2600 299 2815 358 coelum
2860 317 2987 358 esse
3025 302 3246 359 dicunt.
3287 305 3467 378 Chry-

210 388 264 436 ὁτι
290 389 355 436 καὶ
391 383 613 439 αἰσθητὸν
663 385 881 436 τέθεικεν
939 383 1178 452 ἔπαθλον,
1223 379 1318 436 διὰ
1363 389 1483 446 τοὺς
1530 405 1707 456 παχυ-

207 476 464 547 τέρουςηοὼ,
489 475 549 524 τὰ
596 471 824 532 αἰσθητὰ
866 475 968 548 πρὸ
1020 481 1118 525 τῶν
1173 481 1368 531 νοητῶν
1399 476 1703 536 ζητοῦντας.

204 565 320 615 Είωθι
346 565 425 632 γὰρ
467 557 533 613 δι’
575 560 692 613 ὅλου
755 569 847 613 τοῦ
911 562 1227 634 Εὗαγγελίου
1282 567 1588 636 προτρέπειν
1637 563 1706 624 εἰς

204 650 354 722 ἀρετήν,
405 652 510 702 ποτε
571 655 681 722 μὲν,
753 649 855 704 ἀπὸ
902 659 1002 703 τῶν
1068 649 1368 722 μελλόντων,
1443 655 1566 704 ποτε
1625 648 1706 722 δὲ,

205 738 280 791 ἀπὸ
303 748 373 790 τῶν
411 743 680 807 παρόντων,
729 744 820 792 καὶ
871 743 988 792 οὔτε
1022 741 1141 793 ὅταν
1179 743 1340 798 νοητὰ
1378 741 1572 794 ἔπαθλα
1622 746 1706 793 τί·-

205 830 330 894 ἄησιν,
357 827 598 902 ἀποστερεῖ
637 837 736 881 τῶν
767 829 1053 896 αἰσθητῶν,
1110 833 1245 896 οὔτε,
1301 832 1417 882 ὅταν
1454 829 1705 894 αἰσθητὰ,

201 917 419 991 ἀφαιρεῖται
453 921 512 970 τὰ
557 920 748 976 νοητά.
810 925 1018 977 Ζητεῐτε
1072 921 1194 992 γὰρ,
1247 923 1396 992 φησὶ,
1447 923 1541 976 τὴν
1610 916 1708 990 βα-

199 1007 340 1059 εὐδίαν
392 1015 468 1058 τοῦ
523 1011 675 1077 Θεοῦ,
751 1012 840 1060 καὶ
907 1015 1072 1061 ταῦτα
1135 1011 1306 1061 πάντὰ
1358 1009 1706 1082 προστεθήσε-

192 1115 254 1148 ται
307 1098 421 1168 ὑμῖν.
487 1099 587 1152 Καὶ
671 1092 843 1159 αὖθιςο
933 1094 1122 1160 Οὐδείς
1194 1096 1334 1150 ἐστιν
1401 1097 1453 1158 ὃς
1515 1096 1706 1169 ἀφῆκεν

191 1183 327 1255 οἰκίαν,
353 1187 377 1243 ἡ
401 1194 573 1256 γονεῖς,
603 1191 695 1239 καὶ
716 1189 784 1239 τὰ
803 1186 943 1256 ἑξῆς,
973 1187 1027 1249 ὃς
1058 1187 1117 1239 οὗ
1147 1192 1219 1260 μὴ
1254 1185 1488 1259 ἀπολάϐῃ
1516 1185 1704 1239 πολλα-

189 1273 381 1326 πλασίονα
421 1273 464 1326 ἐν
507 1283 579 1346 τῷ
641 1284 806 1349 καιρῷ
863 1279 1048 1349 τούτῳ,
1094 1281 1184 1329 καὶ
1237 1275 1287 1328 ἐν
1317 1284 1390 1348 τῷ
1432 1275 1579 1328 αἰῶνι
1634 1283 1706 1346 τῷ

186 1362 358 1433 {ullam
383 1365 508 1424 ζωὴν
535 1365 773 1422 αἰώνιον.

232 1549 382 1618 Πραείς
421 1545 526 1617 (27)
569 1543 828 1616 λέγονται,
872 1543 977 1616 οὐχ
1017 1545 1064 1596 οἱ
1120 1540 1367 1616 μηδὸλὼς
1417 1540 1702 1616 ὀργίζόμε-

177 1653 233 1684 υοι
258 1651 269 1664 ο
293 1635 334 1686 οἱ
358 1642 572 1687 τοιοῦτοι
615 1636 721 1708 γὰρ
775 1633 1082 1691 ἀναίσθητοι
1115 1649 1126 1663 ·
1163 1631 1270 1684 ἀλλ’
1302 1633 1352 1684 οἱ
1401 1633 1561 1704 θυμόν
1615 1633 1704 1704 μὲν

178 1726 354 1792 ἔχοντες,
385 1732 688 1796 κρατοῦντες
731 1719 809 1789 δὲ,
860 1727 950 1774 καὶ
1001 1723 1083 1774 ὅτε
1139 1717 1222 1773 δεῖ
1263 1720 1611 1794 ὀργιζόμενοι,
1643 1722 1708 1781 ὡς

175 1817 240 1864 καὶ
265 1808 404 1865 Δαυίδ
431 1810 563 1866 εἶπεν
599 1830 612 1842 ⁶
663 1812 993 1885 Ὀρσγίζεσθε,
1024 1816 1114 1863 καὶ
1141 1814 1212 1881 μὴ
1261 1809 1596 1884 ἁμαρτάνετε.

229 1906 450 1974 Μακάριοι
493 1933 562 1943 -
619 1902 1104 1976 χορτασθήσονται.
1167 1900 1305 1952 Ἐπεὶ
1375 1898 1542 1971 μέλλει
1593 1901 1706 1970 περὶ

174 1989 459 2063 animum};
515 1992 697 2059 εἰπεῖν,
753 1997 1053 2065 προαναιρεί
1107 1993 1200 2046 τὴν
1256 1987 1564 2058 πλεονεξίαν,
1627 1988 1707 2038 ἶνα

173 2083 350 2155 καθαρὸς
388 2083 412 2132 ό
456 2080 588 2142 ἔλεος
634 2085 866 2151 γίνηται.
913 2077 972 2130 Ἡ
1029 2075 1339 2134 δικαιοσύνη
1392 2079 1514 2151 γὰρ,
1572 2075 1708 2128 ἀντί-

175 2170 294 2230 παλος
333 2169 434 2222 ἐστι
472 2179 531 2243 τῇ
594 2169 878 2240 πλεονεξίᾳ.
941 2170 1006 2220 Οἱ
1055 2176 1323 2229 πεινῶντες
1369 2163 1428 2218 δε
1475 2170 1564 2218 καὶ
1619 2162 1708 2217 δι-

171 2260 318 2327 ιξῶγῖες
367 2257 512 2326 εἶπεν,
573 2257 689 2310 ἀντὶ
749 2265 861 2325 τοῦ,
923 2259 987 2308 Οἱ
1053 2252 1262 2329 σφόδρα
1325 2254 1706 2328 ἐπιθυμοῦντες,

173 2345 508 2422 ἱναόσοοδρός
553 2351 684 2422 ἔρως
723 2357 819 2409 τῆς
869 2345 1172 2417 πλεονεξίας,
1223 2344 1308 2398 ἐπὶ
1360 2349 1454 2404 τὴν
1509 2341 1711 2396 δικαιο-

171 2441 291 2495 eius
339 2441 619 2510 μεταστὰς,
653 2436 802 2509 ἀνελη
858 2434 1070 2494 ἐκείνην.
1120 2435 1592 2509 Χορτασθήσονται
1630 2430 1708 2499 δὲ,

169 2531 312 2588 sub;
339 2528 550 2600 ἀγαθοῦ.

220 2614 399 2675 Ἐπειδὴ
449 2619 561 2690 (28)
620 2618 669 2668 οἰ
721 2615 1014 2668 πλεονέκται
1070 2610 1324 2666 δοκοῦσιν
1388 2616 1597 2686 εὔποροι
1648 2607 1715 2664 εἶ-

166 2725 228 2756 ναι
251 2713 324 2759 καὶ
349 2708 729 2782 χορτάζεσθαι,
769 2701 864 2757 διὰ
905 2708 1056 2756 τοῦτό
1099 2723 1276 2776 φησιν,
1311 2704 1392 2755 ὅτι
1432 2705 1481 2755 οἱ
1513 2699 1715 2755 δίκαιοι

164 2795 313 2865 μᾶλλον
331 2799 810 2869 χορτασθήσονται.

216 2889 450 2960 Μακάριοι
472 2919 541 2929 —
568 2885 958 2944 ἐλεηθήσονται.
984 2885 1134 2957 Παρὰ
1151 2889 1244 2935 τοῦ
1267 2888 1421 2950 Θεοῦ,
1449 2878 1714 2941 δηλονότι.

1735 1603 1784 1662 Β

1814 390 2112 441 sostomus
2143 402 2284 442 vero
2310 387 2406 453 ait,
2441 389 2603 460 quod
2635 394 2691 444 et
2717 391 3055 447 sensibilem
3083 409 3190 465 pro
3220 394 3468 465 prtemio

1813 476 2095 546 posuerit,
2139 482 2376 548 propter
2419 477 2756 544 crassiores,
2799 480 2900 552 qui
2941 482 3236 538 sensibilia
3271 483 3470 554 potius

1813 579 1992 636 quam
2035 565 2424 635 intelligibilia
2475 571 2770 638 quaerunt.
2804 571 2944 625 Toto
2984 586 3245 643 namque
3287 575 3474 629 Evan-

1815 653 1967 724 gelio
1998 654 2071 709 ad
2101 655 2372 711 virtutem
2430 655 2578 712 solet
2607 657 2930 728 adhortari,
2979 661 3343 734 quandoque
3369 678 3476 735 per

1814 741 2033 808 futura,
2070 743 2370 798 interdum
2405 760 2648 816 quoque
2689 753 2744 800 et
2775 762 2878 818 per
2907 750 3245 819 praesentia.
3277 752 3474 815 Quan-

1813 846 2000 903 quam
2032 846 2225 903 neque
2259 832 2358 887 ubi
2387 832 2774 902 iutelligibilia
2803 837 2967 907 ponit
2992 837 3258 908 praemia,
3287 839 3475 910 privat

1815 919 2198 975 sensibilibus
2227 937 2238 974 :
2267 936 2460 992 neque
2487 937 2516 976 θ
2547 923 2798 988 diverso,
2833 941 2970 980 cum
3009 927 3318 982 sensibilia
3352 928 3478 1000 pol-

1812 1007 2037 1074 licetur,
2085 1008 2473 1078 intelligibilia
2504 1011 2714 1066 aufert.
2779 1012 3036 1079 Quaerite
3073 1015 3253 1082 enim,
3290 1017 3482 1088 inquit

1809 1097 2070 1167 primum
2097 1113 2333 1168 regnum
2358 1099 2465 1154 Dei
2485 1105 2537 1155 et
2556 1101 2852 1169 iustitiam
2879 1103 3020 1171 ejus,
3045 1109 3097 1159 et
3135 1104 3254 1160 haec
3279 1109 3479 1162 omnia

1811 1187 2169 1257 adﬁcientur
2197 1188 2351 1244 vobis
2406 1189 2472 1241 3‘.
2513 1191 2578 1244 Et
2613 1205 2822 1245 rursus
2855 1208 2867 1247 :
2898 1193 3080 1248 Nemo
3111 1201 3186 1250 est
3218 1195 3321 1266 qui
3352 1195 3479 1251 reli-

1811 1279 2006 1350 querit
2043 1276 2266 1332 domum
2323 1282 2422 1333 aut
2451 1281 2664 1348 patrem
2691 1281 2760 1348 ⁸⁵,
2795 1284 2925 1348 etc.,
2953 1283 3052 1353 qui
3078 1299 3191 1338 non
3226 1283 3480 1352 fruatur

1812 1368 1998 1424 multo
2033 1366 2313 1437 pluribus
2333 1367 2396 1422 in
2425 1367 2525 1422 hoc
2549 1373 2888 1438 tempore,et
2915 1371 2977 1425 in
2995 1372 3210 1440 futuro
3235 1374 3474 1437 swcuto,

1813 1456 1930 1511 vita
1960 1461 2194 1510 aeterna.

1882 1546 1924 1614 -ξ-
1951 1544 2116 1600 Mites
2157 1542 2455 1609 dicuntur,
2488 1559 2609 1599 non
2641 1545 2743 1617 qui
2794 1546 3026 1617 penitus
3057 1563 3177 1603 non
3207 1548 3480 1604 irascun-

1815 1636 1911 1689 tur
1941 1649 1952 1686 :
1982 1631 2333 1704 hujusmodi
2358 1632 2517 1688 enim
2551 1633 2833 1690 insensati
2865 1639 3020 1704 sunt,
3057 1637 3160 1691 sed
3191 1637 3294 1708 qui
3324 1639 3477 1694 iram

1814 1723 2058 1796 quidem
2101 1722 2380 1786 sentiunt,
2429 1736 2555 1777 sese
2605 1725 2804 1779 tamen
2857 1724 3180 1789 continent,
3228 1727 3477 1797 quando

1816 1817 2014 1868 autem
2046 1815 2277 1883 oportet
2311 1809 2663 1875 irascuntur,
2721 1812 2872 1868 sicut
2911 1813 3047 1868 dicit
3082 1814 3270 1870 David
3305 1834 3316 1870 :
3351 1816 3481 1872 Ira-

1814 1901 2048 1958 scimini
2078 1907 2128 1956 et
2159 1901 2338 1955 notite
2363 1915 2606 1969 peccare
2629 1902 2676 1936 ⁸⁸

1887 1989 2350 2046 Vers.6.Beati—-
2365 1989 2967 2054 saturabuntur.Quia
2982 1993 3054 2046 de
3072 1991 3482 2065 eleemosynaj

1817 2080 2079 2135 dicturus
2108 2083 2216 2142 est,
2252 2077 2436 2133 aufert
2469 2078 2728 2149 primum
2758 2079 3069 2136 avaritiam
3104 2087 3166 2136 ut
3192 2062 3344 2152 pura
3375 2062 3484 2139 tiat

1820 2167 2237 2235 misericordia,
2264 2166 2493 2237 justitia
2531 2167 2688 2222 enim
2729 2168 2989 2224 avaritiae
3035 2172 3332 2226 contraria
3367 2175 3477 2228 est.

1820 2258 1971 2315 Dixit
2015 2261 2234 2326 autem,
2266 2257 2581 2312 esurientes
2605 2262 2657 2311 et
2673 2257 2954 2325 sitientes,
2990 2259 3103 2314 hoc
3148 2263 3255 2324 est,
3293 2261 3483 2331 pluri-

1819 2364 1988 2404 mum
2013 2345 2521 2417 concupiscentes,
2565 2351 2628 2400 ut
2673 2347 2992 2403 vehemens
3023 2349 3280 2405 avaritiae
3312 2366 3484 2407 aiuor

1819 2437 1880 2494 in
1907 2435 2196 2508 justitiam
2226 2434 2566 2499 translatus,
2595 2434 2759 2492 illam
2809 2437 3079 2507 perimat.
3119 2439 3483 2495 Saturabun-

1822 2530 1916 2584 tur
1937 2531 2157 2591 autem,
2187 2525 2348 2580 omni
2379 2523 2652 2580 videlicet
2676 2525 2858 2581 bono.

1891 2617 1934 2686 σι-
1965 2615 2113 2681 Quia
2143 2613 2305 2670 avari
2338 2613 2715 2670 abundantes
2745 2630 2875 2670 esse
2906 2614 3181 2670 videntur
3211 2621 3265 2672 et
3325 2622 3480 2674 satu-

1822 2706 1952 2771 rati.
1986 2705 2121 2761 ideo
2148 2705 2223 2759 ait
2240 2704 2436 2774 justos
2468 2704 2664 2776 potius
2691 2705 3041 2761 saturandos
3078 2721 3230 2762 esse.

1893 2886 2053 2940 Vers.
2111 2889 2163 2938 7.
2213 2881 2382 2939 Beati
2426 2913 2492 2922 —
2530 2883 3002 2940 misericordiam
3035 2891 3473 2957 consequentur.

167 2972 274 3032 Πλὴν
330 2977 382 3028 οὗ
436 2985 709 3043 τοσοῦτον,
765 2975 884 3026 ὅσον
945 2971 1186 3031 ἠλέησαν.
1243 2971 1382 3030 Ὀση
1443 2973 1544 3046 γάρ
1603 2969 1713 3023 ἐστι

1903 2976 2020 3029 Deo
2050 2977 2224 3036 certe,
2261 2971 2366 3027 sed
2397 2987 2515 3028 non
2565 2976 2789 3028 tantam
2833 2972 3144 3038 duntaxat,
3192 2980 3483 3046 quantam

166 3059 348 3137 διαφορὰ
408 3069 665 3139 πονηρίας
713 3067 802 3115 καὶ
859 3061 1202 3133 ἀγαθότητος,
1259 3062 1288 3120 ἦ
1350 3061 1560 3134 μᾶλλον,
1615 3061 1713 3119 ὅση

166 3149 388 3225 ἀνθρώπου
417 3161 504 3208 καί
535 3162 694 3225 Θεοῦ,
725 3154 950 3208 τοσαύτη
981 3157 1070 3205 καὶ
1108 3149 1433 3226 ἀνθρωπίνης
1462 3155 1547 3204 καὶ
1584 3151 1718 3211 θείας

165 3240 480 3315 δημώδης.

217 3423 472 3496 05χὶ(29)
521 3420 623 3476 διὰ
668 3423 960 3498 χρημάτων
1011 3423 1163 3493 μόνον
1199 3422 1339 3473 ἔστιν
1379 3419 1550 3483 ἐλεεῖν,
1592 3418 1717 3472 ἀλλὰ

160 3517 229 3562 ui
270 3513 431 3584 λόγον,
480 3513 581 3566 κᾶν
627 3509 792 3584 μηδὲν
850 3514 999 3584 ἔχῃς,
1032 3507 1124 3563 διὰ
1181 3506 1442 3584 δακρύων.
1477 3509 1718 3571 Ποικίλος

158 3604 282 3674 γάρὸ
322 3612 411 3665 τῆς
459 3603 812 3676 ἐλεημοσύνης
858 3605 1070 3675 τρόπος,
1126 3604 1214 3651 καὶ
1258 3599 1471 3650 πλατεῖα
1519 3599 1648 3655 αὕτη
1684 3600 1713 3656 ἡ

161 3689 318 3748 ivi-ali.
345 3693 753 3750 Ἐλεηθήσονται
800 3687 859 3743 δὲ
906 3689 1125 3741 ἐνταῦθα
1170 3691 1281 3760 μὲν,
1332 3690 1475 3762 παρὰ
1525 3686 1720 3761 ἀνθρὼ-

159 3796 243 3830 tu?
270 3799 283 3811 ο
307 3780 424 3852 ἐκεῖ,
457 3780 538 3850 δὲ,
569 3784 716 3854 παρὰ
738 3787 832 3832 τοῦ
863 3786 1016 3833 Θεοῦ.

213 3964 453 4036 Μακάριοι
498 3994 568 4003 —
623 3960 861 4030 ᾶᾷονται.
911 3960 1182 4031 Καθαροὺς
1228 3965 1289 4030 τῇ
1346 3953 1545 4031 καρδίᾳ
1594 3959 1718 4022 νόει,

158 4055 255 4110 ταὶς
291 4049 446 4123 μηδὲν
492 4071 547 4103 τι
605 4053 828 4123 πονηρὸν
886 4048 1086 4109 ἑαυτοῖς
1139 4043 1464 4112 συνειδότας,
1515 4046 1544 4104 ἢ
1602 4049 1723 4106 τοὺς

162 4137 474 4206 placantur;
523 4145 620 4198 τήν
668 4135 891 4213 καρδίαν
945 4136 1224 4209 ἀμόλυντον
1268 4135 1369 4188 ἀπὸ
1422 4144 1519 4187 τῶν
1580 4131 1722 4192 ἠδυ-

160 4230 372 4295 παθειῶν,
423 4232 548 4304 ὅπερ
604 4230 629 4280 ό
684 4227 889 4289 Παῦλος
938 4227 1198 4299 ἁγιασμόν
1244 4223 1499 4290 ἐκάλεσεν,
1546 4223 1720 4276 εἰπών’

163 4317 350 4388 Εἰρήνην
414 4316 630 4371 διώκετε
689 4319 821 4389 μετὰ
875 4319 1100 4381 πάντων,
1158 4319 1248 4366 καὶ
1297 4317 1382 4366 τὸν
1441 4313 1722 4385 ἁγιασμόν,

158 4406 204 4456 εὖ
250 4416 410 4480 χωρὶς
465 4405 646 4470 οὐδεὶς
701 4406 884 4478 ὄψεται
939 4409 1025 4457 τὸν
1085 4407 1293 4477 Κύριον.
1352 4401 1606 4473 Ὀψονται
1667 4398 1726 4453 δε

159 4499 225 4545 τόν
273 4501 412 4564 Θεὸν,
459 4500 533 4559 ὡς
582 4493 801 4548 δυνατὸν
854 4493 1146 4568 ἀνθρωπίνῃ
1203 4495 1373 4565 φύσει.
1424 4493 1628 4544 Τέθεικε
1667 4487 1726 4544 δὲ

156 4589 223 4636 τάν
270 4591 605 4660 μακαρισμὸν
658 4593 837 4639 τοῦτον
893 4587 1023 4658 μετὰ
1073 4587 1159 4636 τὸν
1210 4591 1305 4643 τῆς
1363 4580 1723 4654 ἓλεημοσῦνης,

217 4765 256 4800 ³⁸
277 4767 468 4826 Matth.
500 4783 583 4834 vr,
616 4769 705 4824 33.
783 4767 830 4801 ⁸⁵
852 4765 986 4822 Luc.
1015 4769 1169 4831 xvm,
1202 4763 1291 4829 29,
1316 4761 1402 4818 30.

1483 4762 1530 4798 ⁸⁸
1559 4760 1714 4818 Psal.
1747 4775 1826 4828 iv,
1855 4759 1910 4824 5,

1823 3063 1932 3136 ipsi
1981 3062 2398 3134 praestiterunt.
2457 3062 2757 3126 Quantum
2812 3062 2970 3117 enim
3025 3062 3270 3118 interest
3329 3063 3483 3120 inter

1825 3151 2053 3209 malum
2079 3156 2135 3206 et
2153 3151 2404 3217 bonum,
2438 3155 2540 3205 aut
2560 3151 2759 3221 potius
2789 3156 3081 3221 quantum
3111 3151 3259 3206 inter
3291 3153 3481 3208 homi-

1824 3257 1962 3298 nem
1988 3245 2045 3296 et
2072 3241 2280 3305 Deum,
2311 3243 2539 3295 tantum
2571 3238 2833 3295 humana
2867 3239 3273 3296 misericordia
3301 3241 3484 3297 distat

1825 3348 1862 3388 a
1892 3330 2115 3387 divina.

1894 3422 1936 3491 ἦ·
1983 3422 2109 3475 Non
2143 3417 2622 3492 possessionibus
2669 3419 2900 3473 tantum
2950 3420 3264 3488 praestatur
3311 3417 3484 3472 mise-

1823 3509 2100 3576 ricordia,
2129 3508 2231 3564 sed
2253 3511 2308 3564 et
2327 3506 2903 3573 sermonibus.Quod
2929 3507 2976 3562 si
3007 3505 3153 3562 nihil
3177 3505 3480 3573 habueris,

1825 3599 2004 3656 etiam
2032 3596 2312 3669 lacrymis
2331 3600 2644 3669 prtestatur
2669 3612 2679 3650 :
2711 3596 2911 3651 varius
2941 3599 3025 3651 est
3054 3596 3209 3650 enim
3236 3595 3486 3651 eleemo—

1827 3704 1988 3761 synae
2018 3687 2257 3753 modus,
2282 3686 2592 3757 latumque
2614 3689 2996 3756 przeceptum.
3032 3683 3490 3740 Misericordiam

1827 3793 1968 3833 vero
1999 3780 2459 3848 consequentur,
2493 3774 2587 3830 hic
2621 3773 2697 3830 ab
2744 3773 3098 3830 hominibus
3149 3776 3210 3830 et
3239 3774 3299 3829 in
3343 3773 3498 3830 futu-

1829 3883 1964 3922 rum
1997 3883 2032 3920 a
2067 3868 2205 3921 Deo.

1899 3955 2060 4011 Vers.
2093 3956 2145 4008 8.
2176 3955 2346 4011 Beati
2369 3983 2438 3993 -—
2464 3952 2769 4012 videbunt.
2807 3953 2989 4008 Puros
3017 3951 3195 4008 corde
3223 3949 3495 4021 intelligit

1830 4044 1933 4116 qui
1966 4042 2184 4098 nullius
2215 4044 2441 4114 peccati
2473 4042 2584 4098 sibi
2622 4041 2843 4097 conscii
2877 4047 3013 4096 sunt
3062 4057 3074 4095 :
3112 4046 3213 4097 aut
3250 4042 3354 4112 qui
3393 4055 3495 4096 cor

1832 4134 2071 4189 servant
2098 4147 2134 4187 a
2164 4131 2569 4203 voluptatibus
2613 4130 3017 4202 impollutum,
3049 4146 3235 4201 quam
3271 4129 3492 4185 sancti-

1832 4220 2102 4277 moniam
2129 4225 2306 4276 vocat
2335 4219 2573 4284 Paulus,
2608 4219 2812 4274 dicens
2843 4219 2887 4252 ⁸⁷
2912 4233 2924 4272 :
2951 4220 3156 4274 Pacem
3188 4217 3495 4274 sectamini

1832 4311 1906 4368 ad
1927 4325 2119 4366 omnes
2149 4314 2202 4364 et
2230 4308 2684 4364 sanctimoniam
2721 4324 2733 4373 ;
2761 4308 2888 4362 sine
2920 4321 3040 4378 qua
3068 4321 3235 4362 nemo
3274 4304 3492 4362 videbit

1833 4397 2274 4457 Deum.Videbit
2295 4402 2495 4453 autem
2524 4394 3200 4466 Deum,dixit,tanquam
3221 4393 3493 4450 humana

1833 4495 2046 4547 natura
2064 4491 2364 4560 potentem
2390 4485 2534 4559 (kk).
2560 4484 2723 4540 Hanc
2749 4499 2886 4539 vero
2908 4481 3337 4539 beatitudinem
3359 4486 3495 4555 post

1837 4579 2282 4648 eleemosynam
2304 4575 2520 4648 posuit,
2548 4589 2691 4631 nam
2729 4571 2901 4629 multi
2921 4571 3216 4645 justitiam
3246 4587 3317 4629 ac
3341 4571 3492 4630 elee-

1989 4757 2032 4792 3"
2075 4755 2249 4813 Hebr.
2277 4771 2377 4825 xu,
2409 4756 2496 4812 44.

1358 4938 1574 5010 Variae
1611 4937 1942 5010 lectiones
1971 4944 2037 5005 et
2067 4945 2248 5005 notae

219 5145 316 5216 (26)
352 5145 518 5205 Tom.
550 5143 663 5212 VII,
692 5159 750 5216 p.
783 5143 901 5200 188.
925 5137 994 5216 Δ(Ξ.

218 5209 315 5284 (27)
352 5220 473 5277 Hoc
503 5220 568 5275 in
597 5209 747 5274 meis
777 5229 901 5270 non
923 5212 1158 5284 legitur.
1186 5213 1270 5268 Ex
1299 5209 1625 5284 Theophyl.
1667 5224 1727 5282 p.

161 5287 276 5363 κϐ
295 5287 704 5363 desumptum.

217 5353 529 5431 (28)Etiam'
541 5361 656 5418 hoc
688 5375 761 5416 ex
791 5353 1286 5429 Theophylact.p.
1311 5357 1378 5411 26
1407 5353 1728 5411 D.Meinon

1840 5137 2476 5279 agaggcfi‘llilgophylact.
2505 5217 2570 5275 p.
2607 5203 2678 5258 26
2704 5197 2745 5257 E
2775 5203 2834 5258 et
2871 5199 3278 5274 Chrysostom.
3314 5199 3350 5256 t.
3379 5193 3489 5268 VII,

1839 5276 1980 5351 pag.
2006 5276 2112 5334 189
2145 5280 2212 5334 Ι).

219 5485 327 5560 (ιιι)
363 5489 672 5560 Tanquam
710 5516 782 5527 —
807 5487 1126 5553 potentem.
1161 5483 1228 5538 Ut
1251 5495 1608 5539 concessum
1637 5481 1918 5537 creaturae
1946 5475 2259 5566 humanas.
