3990 6206
435 194 538 255 195

1750 189 2105 255 EUTHYMII
2141 186 2479 257 ZIGABENI

3687 188 3797 255 196

435 338 752 398 mosynam
802 318 1072 393 assecuti,
1093 316 1250 381 circa
1290 320 1622 396 voluptates
1670 323 1880 379 devicti
1930 329 2087 380 sunt.

2220 320 2341 375 litin
2360 322 2537 375 πολλοὶ
2565 319 2906 381 δικαιοσύνην
2931 329 3014 379 καὶ
3040 325 3386 400 ἐλεημοσύνην
3402 328 3793 401 κατορθοῦντες,

436 414 701 470 Ostendit
719 414 921 487 itaque
948 414 1106 469 solas
1136 413 1261 470 illas
1285 428 1403 469 non
1429 411 1695 468 sufﬁcere
1716 412 1980 469 virtutes.

506 596 547 663 ει-
587 592 790 648 Mundi
842 592 1021 648 corde
1052 599 1213 659 sunt,
1244 591 1346 664 qui
1394 592 1763 647 continenter
1803 590 2029 659 degunt
2075 606 2089 656 ;

436 683 569 738 Sine
593 682 942 738 continentia
965 688 1153 737 autem
1176 696 1330 737 nemo
1347 680 1554 736 videbit
1578 680 1756 736 Deum
1781 679 1849 735 ⁸⁸.
1878 680 2093 745 Quem-

437 771 763 828 admodum
817 770 976 825 enim
1032 770 1344 842 speculum
1397 769 1447 824 si
1500 784 1721 841 purum
1782 768 1875 835 sit,
1944 767 2092 837 ﬁgu-

436 876 533 917 ras
563 859 767 932 recipit
800 876 813 915 :
848 860 929 915 ita
958 863 1015 915 et
1042 860 1247 915 anima
1284 874 1431 931 pura
1468 858 1568 915 Dei
1626 857 1868 928 suscipit
1917 856 2094 913 visio-

436 965 597 1006 nem.

478 1052 481 1055 ‘
512 1039 675 1094 Vers.
719 1038 805 1093 10.
838 1038 1006 1094 Beati
1042 1068 1110 1076 —
1144 1036 1538 1093 vocabuntur.
1587 1035 1695 1101 Qui
1731 1050 1852 1091 non
1898 1034 2092 1091 solum

438 1127 551 1201 ipsi
582 1127 900 1183 seditiones
930 1142 1051 1182 non
1082 1130 1339 1193 movent,
1375 1125 1479 1181 sed
1511 1129 1569 1181 et
1604 1125 1754 1181 alios
1788 1130 2095 1181 moventes

440 1217 517 1274 ad
556 1233 769 1290 pacem
814 1216 1124 1278 reducunt,
1168 1214 1273 1271 ﬁlii
1307 1214 1409 1270 Dei
1457 1215 1843 1278 vocabuntur,
1896 1218 2095 1285 utpote

440 1307 651 1363 Filium
700 1307 827 1377 ejus
870 1304 1241 1375 unigenitum
1294 1305 1596 1361 imitantes
1648 1322 1659 1354 :
1710 1304 1879 1374 cujus
1939 1318 2095 1374 opus

440 1397 549 1453 fuit
577 1394 926 1452 dissidentia
954 1395 1014 1450 in
1055 1410 1245 1449 unum
1274 1395 1576 1460 reducere,
1611 1409 1681 1449 ac
1710 1393 1982 1448 inimicos
2014 1407 2096 1447 re-

440 1486 770 1542 conciliare.
822 1484 938 1539 Erit
993 1483 1256 1554 profecto
1304 1483 1481 1539 etiam
1535 1483 1745 1538 beatus
1788 1482 2094 1554 paciﬁcus,

438 1576 553 1631 hoc
576 1582 684 1639 est,
712 1574 771 1628 in
798 1587 943 1645 pace
961 1588 1205 1627 servans
1227 1570 1594 1628 voluntatem
1621 1570 1879 1642 propriae
1905 1572 2098 1626 carnis

2202 416 2454 471 ἡττῶνται
2518 420 2612 473 τῆς
2663 409 3006 481 ἡδυπαθείας,
3061 422 3150 468 καὶ
3209 415 3496 481 δείκνυσιν,
3562 418 3643 469 ὅτι
3700 416 3799 468 οὐκ

2202 502 2450 577 ἀρκοῦσιν
2482 500 2662 554 ἐκεῖναι
2696 506 2850 570 μόναι
2876 505 2929 554 αὶ
2956 502 3153 575 ἀρεταί.

2275 594 2505 662 Καθαροὶ
2547 591 2658 664 (30)
2711 600 2770 663 τῇ
2828 588 3029 667 καρδία
3080 594 3208 647 εἰσὶν
3257 596 3305 647 οἱ
3361 602 3634 669 σώφρονες.
3690 601 3800 647 Τοῦ

2200 681 2466 753 ἁγιασμοῦ
2508 683 2629 754 γὰρ,
2683 684 2800 738 ἤτοι
2852 690 2947 743 τῆς
2997 687 3335 756 σωφροσύνης
3380 690 3571 759 χωρὶς,
3626 681 3804 743 οὐδεὶς

2201 770 2382 841 ὄψεται
2424 773 2511 821 τὸν
2554 773 2760 842 Κύριον.
2791 770 2991 842 Ὠσπερ
3022 775 3122 844 γὰρ
3173 778 3229 824 τὸ
3278 775 3587 847 κάτοπτρον,
3633 771 3719 824 ἐὰν

2202 861 2448 930 καθαρὸν,
2506 862 2619 910 τότε
2681 855 2899 929 δέχεται
2954 862 3049 921 τὰς
3106 863 3368 933 ἐκφάσεις,
3428 862 3562 913 οὕτω
3617 866 3707 913 καὶ
3764 863 3799 919 ἡ

2200 950 2407 1021 καθαρὰ
2435 946 2590 1018 ψυχή
2626 943 2842 1019 δέχεται
2865 947 2982 1017 ὄψιν
3015 957 3168 1003 Θεοῦ.

2272 1038 2535 1108 Μακάριοι
2566 1067 2634 1076 -
2684 1036 3056 1094 κληθήσονται.
3100 1040 3165 1091 Οἱ
3211 1042 3281 1111 μὴ
3337 1042 3488 1110 μόνον
3547 1038 3695 1090 αὐτοὶ
3724 1044 3801 1111 μή

2205 1128 2594 1188 στασιάζοντες,
2655 1123 2783 1177 ἀλλὰ
2837 1131 2928 1177 καὶ
2983 1126 3185 1198 ἐτέρους
3245 1128 3626 1188 στασιάζοντας
3680 1147 3806 1179 συνο

2204 1219 2412 1286 άγοντες
2470 1216 2538 1274 εἰς
2586 1214 2809 1288 εἰρήνην.
2866 1218 2979 1267 Υἱοὶ
3019 1212 3078 1267 δε
3130 1223 3263 1269 Θεοῦ
3315 1215 3687 1281 κληθήσονται,
3730 1218 3809 1277 ὡς

2204 1307 2561 1378 μιμησάμενοι
2626 1307 2712 1355 τὸν
2781 1312 3027 1375 μονογενῆ
3092 1308 3211 1357 Υὶόν
3272 1304 3451 1371 αὐτοῦ,
3593 1309 3807 1376 γέγονεν

2206 1397 2373 1466 ἔργον,
2426 1399 2733 1463 συναγαγεῖν
2780 1395 2847 1444 τὰ
2900 1390 3180 1460 διεστῶτα,
3224 1398 3313 1445 καὶ
3365 1393 3683 1455 καταλλάξαι
3738 1397 3812 1445 τὰ

2208 1481 2678 1554 ἕκπεπολεμωμένα.
2758 1485 2849 1539 Εἳη
2919 1478 2969 1533 δ’
3024 1481 3083 1532 ἂν
3146 1485 3593 1555 μεμακαρισμένος
3664 1482 3811 1553 εἰρη-

2206 1574 2433 1637 νοποιός,
2463 1575 2551 1621 καὶ
2609 1571 2634 1621 ὁ
2684 1569 2980 1642 εἰρηνεύσας
3008 1574 3062 1622 τὸ
3114 1571 3310 1642 θελκμα
3354 1577 3449 1630 τῆς
3502 1567 3640 1631 ἰδίας
3672 1589 3809 1643 σαρ-

441 1681 576 1721 cum
608 1663 911 1719 voluntate
937 1662 1154 1718 animm
1173 1678 1317 1733 suae,
1342 1667 1400 1717 et
1424 1660 1589 1733 quod
1616 1677 1869 1734 pravum
1903 1661 1990 1732 (ll)
2011 1664 2093 1716 est

2220 1665 2295 1722 ιὸς
2339 1663 2470 1733 μετὰ
2505 1666 2594 1712 τοῦ
2632 1658 2912 1731 θελήματος
2942 1669 3033 1719 τῆς
3068 1660 3255 1731 ψυχῆς
3293 1660 3473 1728 αὐτοῦ,
3524 1664 3613 1711 καὶ
3659 1660 3805 1711 ὑπο-

441 1754 660 1811 meliori
691 1753 1034 1823 subjiciens.

511 1845 552 1914 -ι-
579 1846 703 1900 Non
726 1842 919 1897 solum
947 1857 1156 1913 pacem
1184 1856 1323 1896 cum
1359 1841 1637 1896 omnibus
1666 1839 1977 1906 habentes,
2003 1856 2093 1896 ve-

439 1948 574 1988 rum
606 1932 779 1985 etiam
824 1930 1141 1985 seditiosos
1180 1934 1389 1984 mutuo
1419 1930 1569 1984 inter
1598 1944 1660 1983 se
1691 1929 2095 2001 paciﬁcantes.

440 2022 725 2076 Dicuntur
755 2025 955 2073 autem
995 2017 1237 2089 paciﬁci,
1271 2022 1325 2073 et
1353 2017 1456 2090 qui
1485 2032 1592 2088 per
1619 2016 1955 2074 doctrinam
1990 2018 2097 2073 ini-

443 2109 631 2165 micos
672 2107 751 2164 ad
797 2110 983 2162 Deum
1027 2105 1191 2177 (mm)
1242 2108 1595 2161 convertunt
1647 2122 1660 2160 :
1702 2105 1803 2177 qui
1845 2105 1946 2160 ﬁlii
2000 2105 2098 2161 Dei

444 2196 835 2270 appellantur.
882 2188 1029 2252 Nam
1067 2198 1126 2251 et
1150 2192 1496 2266 Unigenitus
1536 2196 1654 2249 Deo
1684 2208 1800 2251 nos
1836 2196 2103 2251 reconci-

443 2286 628 2343 liavit.

516 2378 674 2431 Vers.
724 2376 806 2430 tO.
859 2374 1031 2431 Beati
1060 2372 1443 2428 ——ccelorum.
1520 2374 1562 2441 -ι-
1616 2374 1886 2442 Regnum
1931 2373 2100 2432 caelo-

443 2480 600 2529 rum,
628 2463 723 2520 alii
755 2463 1000 2536 quidem
1030 2462 1252 2526 dicunt,
1285 2460 1470 2517 vitam
1496 2478 1677 2533 quam
1710 2462 1769 2517 in
1807 2462 1970 2519 cmlis
1997 2463 2098 2519 de-

445 2558 589 2624 gunt
618 2572 631 2621 ;
659 2552 759 2609 alii
785 2568 944 2617 vero,
978 2551 1273 2624 aequalem
1304 2550 1529 2621 angelis
1570 2551 1768 2607 statim
1796 2551 1857 2608 in
1893 2552 2095 2619 caelis;

444 2643 595 2701 tertii
618 2648 836 2708 autem,
866 2641 1123 2713 speciem
1152 2640 1366 2696 divinae
1389 2640 1636 2696 visionis
1656 2640 1802 2712 (nn),
1822 2657 1956 2713 quae
1980 2640 2101 2696 cui-

445 2748 563 2806 que
574 2731 920 2804 rependitur
930 2731 1102 2802 juxta
1117 2730 1463 2800 qualitatem
1482 2745 1552 2785 ac
1572 2730 1958 2801 quantitatem
1980 2747 2099 2786 suae

440 2821 675 2894 justitiae
697 2839 708 2889 ;
727 2820 921 2892 quarti
943 2835 1077 2873 vero
1102 2834 1352 2888 regnum
1378 2818 1659 2872 ccelorum
1678 2818 1883 2873 dicunt
1905 2835 2099 2875 remu-
2129 2798 2169 2853 Ο

444 2911 815 2976 perationem,
846 2924 975 2980 quae
999 2907 1330 2963 secundum
1349 2906 1617 2962 habitam
1647 2907 1899 2977 gratiam
1923 2907 2098 2964 datur

442 3000 539 3055 his
569 2999 671 3071 qui
692 3015 762 3054 ex
781 3014 845 3053 se
873 2998 950 3053 ad
981 3000 1162 3053 Deum
1189 2996 1410 3052 bonum
1438 2995 1727 3051 accedunt
1752 2997 1886 3069 (oo).
1907 2999 1992 3068 -Η-
2016 3001 2100 3055 Ex

444 3087 536 3143 his
580 3093 837 3159 quatuor
864 3085 1091 3142 tertium
1121 3092 1177 3141 et
1206 3091 1481 3157 quartum
1511 3101 1760 3156 regnum
1795 3086 1893 3142 Dei
1920 3087 2096 3144 etiam

445 3176 773 3248 appellant.

517 3268 632 3321 Hoc
656 3264 800 3320 dixit
825 3279 899 3320 ne
921 3268 1092 3336 putes
1120 3263 1342 3336 ubique
1374 3262 1683 3335 pulchram
1711 3279 1839 3321 esse
1867 3281 2093 3337 pacem.

442 3354 739 3414 Justitiam
770 3358 970 3410 autem
996 3352 1091 3408 hic
1125 3352 1525 3409 universaliter
1550 3368 1792 3408 omnem
1820 3353 2097 3411 virtutem

444 3443 795 3500 nominavit.
825 3442 1049 3507 Quodsi
1080 3442 1259 3512 hujus
1290 3457 1532 3513 quoque
1559 3440 1773 3511 egregii
1816 3442 2099 3499 facinoris

444 3532 760 3605 praemium
788 3530 991 3603 posuit
1014 3545 1265 3600 regnum
1295 3530 1579 3586 caelorum
1608 3546 1621 3585 :
1647 3545 1721 3585 ne
1751 3530 1800 3586 is
1829 3531 2100 3602 indigne-

445 3620 728 3691 ris,quasi
743 3620 1047 3691 praemium
1061 3618 1317 3673 alienum
1335 3618 2097 3690 sumentibus.0uanquam

447 3708 605 3763 enim
652 3708 825 3762 variae
869 3707 1140 3761 videntur
1183 3711 1439 3778 acceptas
1491 3707 1609 3777 (pp)
1660 3706 2096 3773 retributiones,

447 3800 691 3868 propter
704 3794 1013 3849 nominum
1030 3796 1389 3860 varietatem,
1407 3810 1619 3851 omnes
1634 3802 1833 3851 tamen
1849 3812 2097 3867 regnum

449 3883 727 3939 caelorum
756 3882 1091 3951 designant.
1125 3882 1428 3954 Siquidem
1455 3898 1664 3939 omnes
1689 3883 1793 3955 qui
1822 3884 1912 3939 his
1934 3886 2098 3957 digni

447 3971 739 4029 habentur
782 3971 1287 4041 retributionibus,
1328 3988 1513 4042 regno
1542 3988 1779 4046 quoque
1813 3974 2097 4033 caelorum

452 4061 751 4127 fruuntur,
780 4060 909 4116 ideo
939 4061 1117 4117 etiam
1147 4075 1354 4118 omnes
1376 4060 1536 4117 beati
1567 4061 1703 4117 dicti
1736 4068 1890 4129 sunt.

523 4242 566 4312 -ί-
610 4243 735 4297 Non
788 4239 895 4296 soli
937 4244 1222 4312 martyres
1260 4242 1730 4313 persecutionem
1783 4242 2094 4313 sustinent,

525 4421 571 4458 ⁸⁸
598 4421 766 4479 Hebr.
802 4426 900 4493 χιι,
934 4422 1016 4477 14.

2208 1749 2361 1811 τάξας
2387 1752 2443 1800 τὸ
2479 1755 2656 1821 χεῖρον
2685 1757 2756 1819 τῷ
2780 1753 3054 1821 κρείττονι.

2280 1838 2355 1889 Ού
2398 1843 2549 1909 μόνον
2580 1839 2628 1889 οἱ
2671 1837 3005 1910 εἰρηνεύοντες
3035 1837 3184 1890 αὐτοὶ
3230 1840 3359 1909 πρὸς
3405 1838 3616 1901 πάντας,
3674 1835 3811 1888 ἀλλὰ

2208 1933 2297 1980 καὶ
2351 1930 2399 1980 οἱ
2456 1927 2658 1999 ἐτέρους
2708 1927 3089 1987 στασιάζοντας
3138 1926 3598 1987 καταλλάσσοντες.
3646 1926 3807 1999 Εἰρη-

2207 2021 2409 2068 νοποιοὶ
2449 2013 2507 2068 δέ
2542 2016 2644 2068 εἰσι
2681 2022 2770 2068 καὶ
2822 2018 2869 2067 οἱ
2923 2013 3016 2068 διὰ
3044 2012 3391 2075 διδασκαλίας
3420 2019 3541 2075 τοὺς
3577 2013 3815 2085 ἐχθρούς

3053 2107 3157 2157 υἱοὶ
3219 2100 3277 2156 δὲ
3338 2111 3470 2157 Θεοῦ
3530 2106 3577 2154 οἱ
3634 2110 3813 2155 τοιοῦ-

2208 2213 2307 2247 τοι.
2363 2198 2461 2247 Καὶ
2507 2198 2609 2267 γὰρ
2652 2199 2742 2246 καὶ
2790 2196 2815 2246 ὁ
2868 2197 3143 2266 μονογενὴς
3197 2191 3507 2254 κατήλλαξεν
3554 2192 3687 2263 ἡμᾶς
3732 2198 3811 2261 τῷ

2210 2291 2341 2354 Θεῷ.

2279 2374 2541 2444 Μακάριοι
2588 2402 2657 2413 ——
2700 2371 2947 2444 ούρανῶν.
3004 2370 3271 2424 Βασιλείαν
3332 2371 3443 2441 (32)
3500 2377 3600 2420 τῶν
3653 2367 3815 2441 ούρα-

2208 2470 2325 2523 νῶν,
2377 2463 2425 2514 οἱ
2480 2464 2569 2533 μὲν
2625 2466 2835 2532 λέγουσι
2888 2466 2978 2519 τὴν
3026 2460 3073 2513 ἐν
3130 2460 3366 2533 οὐρανοῖς
3418 2456 3709 2530 διαγωγὴν,
3761 2460 3817 2509 οἱ

2210 2113 2299 2157 τοῦ
2358 2112 2489 2159 Θεοῦ
2545 2105 2932 2179 ἐπιστρέφοντες
2985 2126 2996 2137 ·

2211 2548 2289 2617 δὲ,
2322 2556 2415 2609 τὴν
2463 2550 2734 2621 ἱσάγγελον
2780 2549 2827 2601 ἐν
2879 2550 3112 2624 οὐρανοῖς
3161 2551 3503 2613 κατάστασιν,
3537 2549 3585 2598 οἱ
3634 2543 3715 2613 δε,
3745 2549 3813 2598 τὸ

2210 2637 2343 2700 εἶδος
2404 2649 2500 2699 τῆς
2564 2642 2733 2699 θεῐκῆς
2804 2644 3119 2713 ωραιὸτητος
3173 2646 3270 2690 τῶν
3328 2638 3652 2709 φορεσάντων
3714 2640 3814 2693 τὴν

2210 2730 2380 2783 εἰκόνα
2462 2737 2551 2781 τοῦ
2622 2728 2927 2803 ἐπουρανίου
2988 2771 3000 2794 ,
3058 2732 3173 2788 ἣτις
3256 2723 3467 2779 δίδοται
3529 2727 3667 2777 κατὰ
3752 2729 3815 2775 τὸ

2210 2824 2353 2870 ποιόν
2384 2838 2436 2870 τε
2466 2822 2555 2869 καὶ
2584 2822 2744 2869 ποσὸν
2777 2825 2865 2877 τῆς
2910 2816 2956 2868 ἐν
3001 2817 3203 2887 ἑκάστῳ
3240 2812 3598 2879 δικαιοσύνης,
3630 2816 3679 2865 οἱ
3719 2810 3812 2884 δὲ,

2208 2913 2300 2966 τὴν
2339 2910 2471 2959 κατά
2509 2909 2669 2981 χάριν
2714 2903 2998 2978 μετάδοσιν
3044 2914 3142 2957 τῶν
3195 2908 3425 2976 φυσίκῶς
3475 2903 3588 2973 (33)
3630 2921 3819 2975 προσ-

2208 3001 2364 3049 όντων
2414 3004 2484 3066 τῷ
2535 3003 2648 3066 Θεῷ
2703 2996 2908 3067 ἀγαθῶν
2954 2994 3096 3065 (34),
3140 3001 3251 3045 Τῶν
3299 2994 3563 3066 τεσσάρων
3615 2987 3693 3059 δε,
3750 2995 3818 3043 τὸ

2206 3091 2379 3158 τρίτον
2409 3088 2580 3137 καὶτὸ
2638 3089 2900 3160 τέταρτον,
2938 3088 3027 3135 καὶ
3082 3082 3352 3155 βασιλείαν
3397 3087 3489 3133 τοῦ
3539 3088 3676 3133 Θεοῦ
3728 3080 3819 3132 λέ-

2206 3195 2302 3247 γου
2312 3195 2414 3232 σιν.

2278 3271 2441 3317 Τοῦτο
2484 3261 2638 3329 εἶπεν,
2699 3264 2781 3314 ῖνα
2838 3264 2907 3334 μὴ
2966 3265 3206 3334 νομίσῃς,
3262 3262 3341 3312 ὅτι
3388 3264 3666 3330 πανταχοῦ
3718 3278 3824 3310 και

2207 3352 2292 3405 λὸν
2345 3354 2372 3410 ἡ
2432 3352 2626 3424 εἰρήνη.
2684 3354 3024 3408 Δικαιοσύνην
3094 3346 3152 3402 δὲ
3225 3356 3311 3400 νῦν
3396 3349 3512 3419 (35)
3581 3348 3822 3400 καθόλου

2207 3448 2381 3495 πᾶσαν
2436 3440 2620 3514 ἀρετὴν
2658 3440 2938 3513 ὠνόμασεν.
3002 3439 3143 3492 Ἐπεὶ
3204 3434 3261 3490 δὲ
3310 3442 3398 3489 καὶ
3468 3439 3656 3489 τούτου
3717 3444 3822 3488 τοῦ

2209 3532 2610 3604 κατορθώματος
2685 3529 2899 3582 ἔπαθλον
2966 3530 3158 3580 τέθεικε
3222 3531 3315 3585 τὴν
3371 3525 3644 3598 βασιλείαν
3711 3534 3824 3578 τῶν

2439 3664 2452 3689 ,
2506 3624 2575 3691 μὴ
2649 3616 2987 3691 δυσχεράνῃς
3032 3616 3115 3669 ἐπὶ
3180 3622 3283 3676 τοῖς
3338 3614 3536 3667 ἀλλοῖον
3586 3618 3824 3685 ἔχουσιν

2208 3708 2441 3762 ἔπαθλον.
2488 3708 2546 3761 Εἰ
2587 3710 2689 3782 γὰρ
2739 3713 2827 3759 καὶ
2877 3703 3119 3778 διάφοροι
3163 3701 3409 3757 δοκοῦσιν
3460 3704 3513 3755 αἰ
3559 3704 3826 3777 ῥηθεῖσαι

2209 3797 2448 3871 ἀμοιϐαὶ,
2516 3793 2610 3849 διὰ
2688 3801 2780 3854 τὴν
2847 3796 3121 3868 ἑτερότητα
3194 3803 3291 3845 τῶν
3360 3792 3646 3865 ὀνομάτων,
3701 3791 3827 3844 ἀλλ’

2208 3620 2432 3693 ούρανῶν

2208 3886 2295 3940 οὖν
2353 3894 2516 3940 πᾶσαι
2564 3891 2657 3944 τὴν
2717 3885 2987 3957 βασιλείαν
3040 3893 3138 3936 τῶν
3192 3884 3418 3958 οὐρανῶν
3470 3883 3826 3935 αἰνίττονται.

2210 3980 2397 4037 Πάντες
2425 3978 2526 4048 γὰρ
2577 3977 2624 4027 οὶ
2654 3977 2847 4027 τούτων
2896 3973 3210 4044 ἀξιωθέντες,
3267 3976 3479 4035 καὶτῆς
3531 3969 3829 4044 βασιλείας

2209 4074 2305 4119 τῶν
2354 4066 2579 4140 οὐρανῶν
2621 4063 2943 4117 ἀπολαύουσι
2977 4081 2989 4092 ’
3050 4059 3136 4115 διὸ
3192 4066 3278 4115 καὶ
3328 4064 3505 4122 πάντες
3553 4062 3832 4134 μακάριοι

2132 4167 2178 4221 1)
2210 4156 2613 4228 ὠνομάσθησαν.

2283 4244 2358 4298 Ού
2402 4248 2552 4317 μόνον
2606 4242 2719 4315 (36)
2776 4243 2825 4295 οἱ
2874 4242 3130 4316 μάρτυρες
3185 4236 3481 4307 διώκονται,
3537 4237 3669 4291 ἀλλά
3726 4244 3837 4294 καὶ

1684 4543 1907 4616 Variae
1934 4546 2264 4619 lectiones
2305 4560 2369 4618 et
2397 4555 2573 4617 notae

553 4684 639 4760 30)
666 4688 747 4745 Ex
774 4686 1035 4760 Theoph.
1068 4705 1127 4760 p.
1161 4689 1229 4744 26
1255 4686 1315 4744 E.

553 4762 645 4883 31)
673 4759 1086 4883 Theophyl.dp.
1116 4764 1181 4814 27
1213 4761 1279 4816 A.

553 4836 618 4883 3'2
674 4831 902 4883 Inclusa
928 4845 998 4883 co
1044 4847 1113 4883 ex
1144 4835 1279 4883 uteri

553 4830 642 4903 32)
674 4831 902 4903 Inclusa
928 4830 1120 4903 codex_
1135 4835 1391 4903 uterque
1407 4830 1591 4887 habet
1614 4830 1673 4885 in
1704 4833 1990 4903 margine.

554 4900 641 4977 33)
675 4902 1060 4977 Vehementer
1088 4900 1383 4977 discrepat
1409 4903 1755 4967 Hentenius,
1799 4900 1898 4977 qui
1938 4905 2102 4962 haud

458 4971 641 5031 dubie
663 4977 982 5047 προσιόντων
1008 4971 1167 5044 legit.

530 5117 616 5188 (lt)
646 5116 910 5173 Pravum.
938 5116 1219 5173 Deterius.

556 5190 686 5261 mm)
706 5190 818 5261 iAd
844 5190 1043 5244 Deum.
1078 5188 1197 5261 Dei.

556 5191 686 5261 mm)
720 5191 818 5244 Ad
844 5191 1043 5244 Deum.
1079 5191 1197 5243 Dei.

532 5191 662 5333 (ηη)
688 5260 936 5333 Speciem
955 5290 1025 5300 -—
1048 5258 1645 5333 visionisimaginem
1657 5258 1871 5333 divinae
1896 5261 2105 5319 formae

460 5331 668 5414 eorum
694 5331 1149 5413 quihabuerunt
1170 5331 1495 5401 imaginem
1523 5331 1795 5414 caelestis.
1824 5334 1957 5390 Sine
1990 5334 2109 5390 ullo

460 5404 647 5461 dubio
679 5403 744 5459 ﬁt
774 5403 983 5460 allusio
1011 5402 1088 5459 ad
1116 5403 1138 5456 Ι
1169 5404 1299 5458 Cor.
1336 5420 1433 5461 xv.
1463 5404 1551 5459 49.
1584 5408 1763 5461 Igitur
1791 5405 2005 5461 dubito
2036 5405 2110 5461 de

460 5420 647 5461 aumo
679 5420 744 5459 nt
774 5420 983 5460 auusio
1011 5420 1088 5459 aa
1116 5420 1138 5456 ι
1169 5420 1299 5458 eor.
1336 5420 1433 5469 xv,
1463 5420 1551 5459 Iw.
1584 5420 1763 5474 igitur
1791 5420 2005 5461 aumto
2036 5420 2107 5461 ne

460 5475 809 5549 integritate
838 5474 1124 5549 lectionis.
1174 5474 1289 5531 Aut
1341 5475 1501 5549 enim
1564 5480 1881 5549 φορεσόντων
1915 5478 2107 5549 Ιθεοητ

462 5545 631 5619 dum,
666 5550 769 5607 aut
794 5545 927 5610 loco
965 5545 1274 5625 ἐπουρανίου
1306 5545 1724 5621 corrigendum
1751 5545 2111 5623 xoixoﬁ.'Sed

2279 4694 2391 4764 (34)
2432 4692 2519 4749 Ab
2548 4700 2646 4745 τῶν
2678 4690 2755 4747 ad
2770 4691 3014 4764 λέγουσιν
3044 4689 3260 4747 omittit
3290 4684 3646 4746 Hentenius.

2303 4762 2396 4835 35)
2438 4772 2563 4831 Νῦν,
2593 4762 2925 4835 omittitgA.

2303 4778 2396 4835 35)
2441 4778 2563 4831 Νῦν,
2593 4778 2826 4820 omnm.
2859 4778 2925 4817 A.

2280 4778 2392 4918 (3β)
2434 4839 2565 4918 Haec
2591 4835 2656 4918 in
2685 4834 2954 4918 margine
2976 4832 3204 4918 gellicis
3230 4832 3452 4918 reperit
3465 4831 3858 4918 HAenrtenqu.

2210 4901 2313 4965 Mei
2341 4901 2455 4965 hoc
2480 4906 2699 4963 scholio
2731 4901 2955 4963 carent.
2985 4901 3401 4976 Theophylacti
3433 4906 3538 4966 est,
3567 4917 3631 4973 p.
3664 4907 3750 4960 27
3776 4909 3861 4963 Β.

2214 5122 2371 5206 istud
2410 5121 2637 5179 facilius
2662 5123 2768 5178 est.
2802 5118 3121 5176 Hentenius
3146 5117 3273 5175 haec
3306 5131 3553 5190 prorsus
3584 5119 3877 5189 prater-

2216 5199 2409 5337 mali.)
2431 5263 2974 5337 Remungratz’onem
2994 5290 3058 5303 -
3075 5260 3377 5337 accedunt.
3401 5260 3881 5323 Communica-

2217 5332 2461 5411 tionem,
2476 5352 2610 5409 qua:
2631 5335 2696 5391 ﬁt
2712 5351 2813 5407 per
2829 5335 3103 5411 gratiam,
3117 5348 3324 5391 eorum
3345 5332 3678 5402 bonorum,
3695 5351 3881 5411 qua

2221 5407 2375 5479 Deus
2401 5406 2511 5479 per
2526 5406 2803 5463 naturam
2842 5406 3048 5463 habet.

2291 5478 2417 5552 (pp)
2445 5480 2731 5551 Accepta.
2763 5480 3114 5563 memoratae.
