  <div class='ocr_page' id='page_1' title='image "/cluster/home/n/w/nwhite01/storage/ocr_20150623/129/hvd.32044073502395/104.png"; bbox 0 0 3990 6206; ppageno 0'>
   <div class='ocr_carea' id='block_1_1' title="bbox 199 162 2462 231">
    <p class='ocr_par' dir='ltr' id='par_1_1' title="bbox 199 162 2462 231">
     <span class='ocr_line' id='line_1_1' title="bbox 199 162 2462 231; baseline -0.001 0"><span class='ocrx_word' id='word_1_1' title='bbox 199 171 269 231; x_wconf 67' lang='grc' dir='ltr'>ίθῖ</span> <span class='ocrx_word' id='word_1_2' title='bbox 1099 162 1454 225; x_wconf 85' lang='lat' dir='ltr'>COMMENT.</span> <span class='ocrx_word' id='word_1_3' title='bbox 1497 165 1566 224; x_wconf 80' lang='lat' dir='ltr'><strong>IN</strong></span> <span class='ocrx_word' id='word_1_4' title='bbox 1605 162 2055 226; x_wconf 68' lang='lat' dir='ltr'>MATTHAEUM.</span> <span class='ocrx_word' id='word_1_5' title='bbox 2097 199 2165 209; x_wconf 92' lang='lat'><strong>—</strong></span> <span class='ocrx_word' id='word_1_6' title='bbox 2205 169 2361 227; x_wconf 83' lang='lat' dir='ltr'>CAP.</span> <span class='ocrx_word' id='word_1_7' title='bbox 2395 169 2462 229; x_wconf 85' lang='grc' dir='ltr'>ν.</span> 
     </span>
    </p>
   </div>
   <div class='ocr_carea' id='block_1_2' title="bbox 3353 173 3457 230">
    <p class='ocr_par' dir='ltr' id='par_1_2' title="bbox 3353 173 3457 230">
     <span class='ocr_line' id='line_1_2' title="bbox 3353 173 3457 230; baseline 0 -1"><span class='ocrx_word' id='word_1_8' title='bbox 3353 173 3457 230; x_wconf 81' lang='grc'>198</span> 
     </span>
    </p>
   </div>
   <div class='ocr_carea' id='block_1_3' title="bbox 201 289 1710 370">
    <p class='ocr_par' dir='ltr' id='par_1_3' title="bbox 201 289 1706 366">
     <span class='ocr_line' id='line_1_3' title="bbox 201 289 1706 366; baseline -0.001 -18"><span class='ocrx_word' id='word_1_9' title='bbox 201 297 320 352; x_wconf 67' lang='lat' dir='ltr'>nilei</span> <span class='ocrx_word' id='word_1_10' title='bbox 364 295 509 348; x_wconf 79' lang='grc' dir='ltr'>ἕνεκεν</span> <span class='ocrx_word' id='word_1_11' title='bbox 567 299 660 346; x_wconf 82' lang='grc' dir='ltr'>τοῦ</span> <span class='ocrx_word' id='word_1_12' title='bbox 730 291 940 365; x_wconf 75' lang='grc' dir='ltr'>βοηθεῖν</span> <span class='ocrx_word' id='word_1_13' title='bbox 1001 299 1110 354; x_wconf 87' lang='grc' dir='ltr'>τοῖς</span> <span class='ocrx_word' id='word_1_14' title='bbox 1179 289 1564 366; x_wconf 75' lang='grc' dir='ltr'>ἀδικουμένοις,</span> <span class='ocrx_word' id='word_1_15' title='bbox 1619 299 1706 347; x_wconf 83' lang='grc' dir='ltr'>καὶ</span> 
     </span>
    </p>
   </div>
   <div class='ocr_carea' id='block_1_4' title="bbox 1828 289 3464 370">
    <p class='ocr_par' dir='ltr' id='par_1_4' title="bbox 1828 293 3464 370">
     <span class='ocr_line' id='line_1_4' title="bbox 1828 293 3464 370; baseline 0.002 -20"><span class='ocrx_word' id='word_1_16' title='bbox 1828 294 1916 351; x_wconf 75' lang='lat' dir='ltr'>sed</span> <span class='ocrx_word' id='word_1_17' title='bbox 1938 294 2174 366; x_wconf 85' lang='lat' dir='ltr'>plurimi</span> <span class='ocrx_word' id='word_1_18' title='bbox 2202 311 2446 369; x_wconf 88' lang='lat' dir='ltr'>quoque</span> <span class='ocrx_word' id='word_1_19' title='bbox 2468 295 2588 365; x_wconf 89' lang='lat' dir='ltr'>alii,</span> <span class='ocrx_word' id='word_1_20' title='bbox 2616 295 2761 369; x_wconf 90' lang='lat' dir='ltr'>quia</span> <span class='ocrx_word' id='word_1_21' title='bbox 2801 293 2921 353; x_wconf 81' lang='lat' dir='ltr'>illis</span> <span class='ocrx_word' id='word_1_22' title='bbox 2944 300 3083 354; x_wconf 90' lang='lat' dir='ltr'>sunt</span> <span class='ocrx_word' id='word_1_23' title='bbox 3119 297 3337 354; x_wconf 87' lang='lat' dir='ltr'>auxilio</span> <span class='ocrx_word' id='word_1_24' title='bbox 3358 299 3464 370; x_wconf 87' lang='lat' dir='ltr'>qni</span> 
     </span>
    </p>
   </div>
   <div class='ocr_carea' id='block_1_5' title="bbox 199 381 1705 458">
    <p class='ocr_par' dir='ltr' id='par_1_5' title="bbox 199 381 1705 458">
     <span class='ocr_line' id='line_1_5' title="bbox 199 381 1705 458; baseline 0 -22"><span class='ocrx_word' id='word_1_25' title='bbox 199 389 318 446; x_wconf 71' lang='grc' dir='ltr'>πάσης</span> <span class='ocrx_word' id='word_1_26' title='bbox 358 383 512 443; x_wconf 76' lang='grc' dir='ltr'>ἁπλῶς</span> <span class='ocrx_word' id='word_1_27' title='bbox 559 381 771 454; x_wconf 80' lang='grc' dir='ltr'>ἀρετῆς.</span> <span class='ocrx_word' id='word_1_28' title='bbox 802 385 1116 440; x_wconf 77' lang='grc' dir='ltr'>Δικαιοσύνη</span> <span class='ocrx_word' id='word_1_29' title='bbox 1160 384 1283 455; x_wconf 70' lang='grc' dir='ltr'>⁹γιίιρ,</span> <span class='ocrx_word' id='word_1_30' title='bbox 1330 384 1360 440; x_wconf 83' lang='grc' dir='ltr'><strong>ἠ</strong></span> <span class='ocrx_word' id='word_1_31' title='bbox 1415 389 1563 436; x_wconf 78' lang='grc' dir='ltr'>πᾶσα</span> <span class='ocrx_word' id='word_1_32' title='bbox 1593 381 1705 458; x_wconf 84' lang='grc' dir='ltr'>ἀρε-</span> 
     </span>
    </p>
   </div>
   <div class='ocr_carea' id='block_1_6' title="bbox 195 467 1705 544">
    <p class='ocr_par' dir='ltr' id='par_1_6' title="bbox 195 467 1705 544">
     <span class='ocr_line' id='line_1_6' title="bbox 195 467 1705 544; baseline -0.003 -16"><span class='ocrx_word' id='word_1_33' title='bbox 195 481 252 534; x_wconf 68' lang='grc' dir='ltr'>τή.</span> <span class='ocrx_word' id='word_1_34' title='bbox 282 475 384 528; x_wconf 78' lang='grc' dir='ltr'>Ἐπιὶ</span> <span class='ocrx_word' id='word_1_35' title='bbox 422 476 509 524; x_wconf 78' lang='grc' dir='ltr'>καὶ</span> <span class='ocrx_word' id='word_1_36' title='bbox 555 470 772 524; x_wconf 88' lang='grc' dir='ltr'>κλέπται</span> <span class='ocrx_word' id='word_1_37' title='bbox 828 475 918 524; x_wconf 83' lang='grc' dir='ltr'>καὶ</span> <span class='ocrx_word' id='word_1_38' title='bbox 963 478 1123 544; x_wconf 69' lang='grc' dir='ltr'>γονεῖς</span> <span class='ocrx_word' id='word_1_39' title='bbox 1173 467 1451 524; x_wconf 80' lang='grc' dir='ltr'>διώκονται</span> <span class='ocrx_word' id='word_1_40' title='bbox 1509 471 1615 524; x_wconf 81' lang='grc' dir='ltr'>ἀλλ’</span> <span class='ocrx_word' id='word_1_41' title='bbox 1646 472 1705 524; x_wconf 75' lang='grc' dir='ltr'>οὐ</span> 
     </span>
    </p>
   </div>
   <div class='ocr_carea' id='block_1_7' title="bbox 192 565 386 636">
    <p class='ocr_par' dir='ltr' id='par_1_7' title="bbox 192 565 386 636">
     <span class='ocr_line' id='line_1_7' title="bbox 192 565 386 636; baseline 0.005 -21"><span class='ocrx_word' id='word_1_42' title='bbox 192 565 386 636; x_wconf 71' lang='grc' dir='ltr'>μακάριοι.</span> 
     </span>
    </p>
   </div>
   <div class='ocr_carea' id='block_1_8' title="bbox 245 735 1706 812">
    <p class='ocr_par' dir='ltr' id='par_1_8' title="bbox 245 735 1706 812">
     <span class='ocr_line' id='line_1_8' title="bbox 245 735 1706 812; baseline -0.001 -20"><span class='ocrx_word' id='word_1_43' title='bbox 245 742 440 812; x_wconf 65' lang='grc' dir='ltr'>Μακάριοι</span> <span class='ocrx_word' id='word_1_44' title='bbox 497 767 566 777; x_wconf 90' lang='lat'>—</span> <span class='ocrx_word' id='word_1_45' title='bbox 618 738 780 790; x_wconf 67' lang='grc' dir='ltr'>ἕνεκεν</span> <span class='ocrx_word' id='word_1_46' title='bbox 837 735 982 810; x_wconf 78' lang='grc' dir='ltr'>έμοῡ.</span> <span class='ocrx_word' id='word_1_47' title='bbox 1044 735 1154 791; x_wconf 84' lang='grc' dir='ltr'>Ἰνα</span> <span class='ocrx_word' id='word_1_48' title='bbox 1210 738 1323 809; x_wconf 86' lang='grc'>(37)</span> <span class='ocrx_word' id='word_1_49' title='bbox 1381 742 1452 810; x_wconf 80' lang='grc' dir='ltr'>μὴ</span> <span class='ocrx_word' id='word_1_50' title='bbox 1517 737 1706 792; x_wconf 78' lang='grc' dir='ltr'>ὑπολά-</span> 
     </span>
    </p>
   </div>
   <div class='ocr_carea' id='block_1_9' title="bbox 199 825 1707 902">
    <p class='ocr_par' dir='ltr' id='par_1_9' title="bbox 199 825 1707 902">
     <span class='ocr_line' id='line_1_9' title="bbox 199 825 1707 902; baseline -0.001 -21"><span class='ocrx_word' id='word_1_51' title='bbox 199 829 282 902; x_wconf 59' lang='grc' dir='ltr'>ϐῃς,</span> <span class='ocrx_word' id='word_1_52' title='bbox 323 831 379 880; x_wconf 75' lang='grc' dir='ltr'>ὅτι</span> <span class='ocrx_word' id='word_1_53' title='bbox 413 831 461 879; x_wconf 80' lang='grc' dir='ltr'>τὸ</span> <span class='ocrx_word' id='word_1_54' title='bbox 517 825 694 890; x_wconf 82' lang='grc' dir='ltr'>ἁπλῶς</span> <span class='ocrx_word' id='word_1_55' title='bbox 739 834 981 902; x_wconf 75' lang='grc' dir='ltr'>πονηροῖς</span> <span class='ocrx_word' id='word_1_56' title='bbox 1020 825 1226 901; x_wconf 85' lang='grc' dir='ltr'>ῥήμασι</span> <span class='ocrx_word' id='word_1_57' title='bbox 1273 825 1562 900; x_wconf 74' lang='grc' dir='ltr'>βάλλεσθαι</span> <span class='ocrx_word' id='word_1_58' title='bbox 1603 848 1707 900; x_wconf 86' lang='grc' dir='ltr'>μα-</span> 
     </span>
    </p>
   </div>
   <div class='ocr_carea' id='block_1_10' title="bbox 194 911 1708 990">
    <p class='ocr_par' dir='ltr' id='par_1_10' title="bbox 194 911 1708 990">
     <span class='ocr_line' id='line_1_10' title="bbox 194 911 1708 990; baseline -0.001 -20"><span class='ocrx_word' id='word_1_59' title='bbox 194 913 434 990; x_wconf 72' lang='grc' dir='ltr'>κέριον,δύο</span> <span class='ocrx_word' id='word_1_60' title='bbox 479 917 776 990; x_wconf 85' lang='grc' dir='ltr'>προσέθηκε</span> <span class='ocrx_word' id='word_1_61' title='bbox 822 913 1148 990; x_wconf 84' lang='grc' dir='ltr'>διορισμοὺς,</span> <span class='ocrx_word' id='word_1_62' title='bbox 1199 919 1278 987; x_wconf 82' lang='grc' dir='ltr'>τὸ,</span> <span class='ocrx_word' id='word_1_63' title='bbox 1332 911 1505 986; x_wconf 72' lang='grc' dir='ltr'>ψευδῆ</span> <span class='ocrx_word' id='word_1_64' title='bbox 1539 918 1604 968; x_wconf 85' lang='grc' dir='ltr'>τὰ</span> <span class='ocrx_word' id='word_1_65' title='bbox 1631 915 1708 968; x_wconf 87' lang='grc' dir='ltr'>λε-</span> 
     </span>
    </p>
   </div>
   <div class='ocr_carea' id='block_1_11' title="bbox 189 1002 1699 1079">
    <p class='ocr_par' dir='ltr' id='par_1_11' title="bbox 189 1002 1699 1079">
     <span class='ocr_line' id='line_1_11' title="bbox 189 1002 1699 1079; baseline -0.001 -21"><span class='ocrx_word' id='word_1_66' title='bbox 189 1012 324 1079; x_wconf 64' lang='grc' dir='ltr'>γόμενα</span> <span class='ocrx_word' id='word_1_67' title='bbox 353 1003 483 1072; x_wconf 81' lang='grc' dir='ltr'>εἶναι,</span> <span class='ocrx_word' id='word_1_68' title='bbox 547 1011 636 1058; x_wconf 82' lang='grc' dir='ltr'>καὶ</span> <span class='ocrx_word' id='word_1_69' title='bbox 687 1002 782 1058; x_wconf 81' lang='grc' dir='ltr'>διὰ</span> <span class='ocrx_word' id='word_1_70' title='bbox 814 1008 902 1056; x_wconf 88' lang='grc' dir='ltr'>τὸν</span> <span class='ocrx_word' id='word_1_71' title='bbox 948 1008 1176 1078; x_wconf 82' lang='grc' dir='ltr'>Χριστὸν</span> <span class='ocrx_word' id='word_1_72' title='bbox 1221 1011 1388 1058; x_wconf 83' lang='grc' dir='ltr'>ταῦτα</span> <span class='ocrx_word' id='word_1_73' title='bbox 1428 1004 1699 1076; x_wconf 69' lang='grc' dir='ltr'>λέγεσθαι.</span> 
     </span>
    </p>
   </div>
   <div class='ocr_carea' id='block_1_12' title="bbox 185 1093 1706 1167">
    <p class='ocr_par' dir='ltr' id='par_1_12' title="bbox 185 1093 1706 1167">
     <span class='ocr_line' id='line_1_12' title="bbox 185 1093 1706 1167; baseline -0.002 -19"><span class='ocrx_word' id='word_1_74' title='bbox 185 1095 322 1167; x_wconf 65' lang='lat' dir='ltr'>iii-[inp</span> <span class='ocrx_word' id='word_1_75' title='bbox 359 1099 420 1167; x_wconf 75' lang='grc' dir='ltr'>μὴ</span> <span class='ocrx_word' id='word_1_76' title='bbox 469 1101 642 1166; x_wconf 74' lang='grc' dir='ltr'>ταῦτα</span> <span class='ocrx_word' id='word_1_77' title='bbox 682 1095 847 1155; x_wconf 74' lang='grc' dir='ltr'>οὕτως</span> <span class='ocrx_word' id='word_1_78' title='bbox 890 1097 1020 1165; x_wconf 81' lang='grc' dir='ltr'>ἔχει,</span> <span class='ocrx_word' id='word_1_79' title='bbox 1053 1093 1244 1166; x_wconf 85' lang='grc' dir='ltr'>μᾶλλον</span> <span class='ocrx_word' id='word_1_80' title='bbox 1301 1093 1477 1156; x_wconf 79' lang='grc' dir='ltr'>ἄθλιος</span> <span class='ocrx_word' id='word_1_81' title='bbox 1529 1095 1555 1146; x_wconf 86' lang='grc' dir='ltr'><strong>ὁ</strong></span> <span class='ocrx_word' id='word_1_82' title='bbox 1611 1112 1706 1145; x_wconf 87' lang='grc' dir='ltr'>κα-</span> 
     </span>
    </p>
   </div>
   <div class='ocr_carea' id='block_1_13' title="bbox 181 1183 1706 1258">
    <p class='ocr_par' dir='ltr' id='par_1_13' title="bbox 181 1183 1706 1258">
     <span class='ocr_line' id='line_1_13' title="bbox 181 1183 1706 1258; baseline -0.002 -22"><span class='ocrx_word' id='word_1_83' title='bbox 181 1191 251 1244; x_wconf 71' lang='grc' dir='ltr'>κῶς</span> <span class='ocrx_word' id='word_1_84' title='bbox 286 1183 472 1238; x_wconf 77' lang='grc' dir='ltr'>ἀκούων.</span> <span class='ocrx_word' id='word_1_85' title='bbox 531 1187 594 1236; x_wconf 90' lang='grc' dir='ltr'>Τί</span> <span class='ocrx_word' id='word_1_86' title='bbox 650 1191 749 1235; x_wconf 83' lang='grc' dir='ltr'>τῶν</span> <span class='ocrx_word' id='word_1_87' title='bbox 802 1184 1058 1258; x_wconf 84' lang='grc' dir='ltr'>ῥηθεισῶν</span> <span class='ocrx_word' id='word_1_88' title='bbox 1113 1185 1310 1235; x_wconf 82' lang='grc' dir='ltr'>τούτων</span> <span class='ocrx_word' id='word_1_89' title='bbox 1359 1185 1706 1258; x_wconf 75' lang='grc' dir='ltr'>παραινέσεων</span> 
     </span>
    </p>
   </div>
   <div class='ocr_carea' id='block_1_14' title="bbox 177 1269 1704 1348">
    <p class='ocr_par' dir='ltr' id='par_1_14' title="bbox 177 1269 1704 1348">
     <span class='ocr_line' id='line_1_14' title="bbox 177 1269 1704 1348; baseline -0.001 -23"><span class='ocrx_word' id='word_1_90' title='bbox 177 1269 526 1348; x_wconf 72' lang='grc' dir='ltr'>παραδοξότερον</span> <span class='ocrx_word' id='word_1_91' title='bbox 576 1272 765 1343; x_wconf 72' lang='grc' dir='ltr'>γένοιτ’</span> <span class='ocrx_word' id='word_1_92' title='bbox 824 1271 905 1339; x_wconf 79' lang='grc' dir='ltr'>ἄν,</span> <span class='ocrx_word' id='word_1_93' title='bbox 965 1273 1087 1324; x_wconf 83' lang='grc' dir='ltr'>ὅταν</span> <span class='ocrx_word' id='word_1_94' title='bbox 1159 1274 1228 1324; x_wconf 86' lang='grc' dir='ltr'>τά</span> <span class='ocrx_word' id='word_1_95' title='bbox 1305 1277 1435 1324; x_wconf 85' lang='grc' dir='ltr'>πᾶσι</span> <span class='ocrx_word' id='word_1_96' title='bbox 1491 1273 1704 1344; x_wconf 74' lang='grc' dir='ltr'>φευκτὰ,</span> 
     </span>
    </p>
   </div>
   <div class='ocr_carea' id='block_1_15' title="bbox 176 1357 1707 1433">
    <p class='ocr_par' dir='ltr' id='par_1_15' title="bbox 176 1357 1707 1433">
     <span class='ocr_line' id='line_1_15' title="bbox 176 1357 1707 1433; baseline 0.001 -21"><span class='ocrx_word' id='word_1_97' title='bbox 176 1367 272 1414; x_wconf 73' lang='grc' dir='ltr'>πᾶσι</span> <span class='ocrx_word' id='word_1_98' title='bbox 309 1363 498 1414; x_wconf 75' lang='grc' dir='ltr'>ποθεινὰ</span> <span class='ocrx_word' id='word_1_99' title='bbox 552 1365 784 1432; x_wconf 72' lang='grc' dir='ltr'>γίνηται,</span> <span class='ocrx_word' id='word_1_100' title='bbox 833 1357 927 1413; x_wconf 82' lang='grc' dir='ltr'>διὰ</span> <span class='ocrx_word' id='word_1_101' title='bbox 971 1364 1064 1419; x_wconf 74' lang='grc' dir='ltr'>τὴν</span> <span class='ocrx_word' id='word_1_102' title='bbox 1111 1369 1213 1414; x_wconf 86' lang='grc' dir='ltr'>τῶν</span> <span class='ocrx_word' id='word_1_103' title='bbox 1269 1359 1502 1413; x_wconf 75' lang='grc' dir='ltr'>ἐπάθλων</span> <span class='ocrx_word' id='word_1_104' title='bbox 1549 1379 1707 1433; x_wconf 70' lang='grc' dir='ltr'>μεγα-</span> 
     </span>
    </p>
   </div>
   <div class='ocr_carea' id='block_1_16' title="bbox 173 1446 1708 1524">
    <p class='ocr_par' dir='ltr' id='par_1_16' title="bbox 173 1446 1708 1524">
     <span class='ocr_line' id='line_1_16' title="bbox 173 1446 1708 1524; baseline -0.001 -20"><span class='ocrx_word' id='word_1_105' title='bbox 173 1450 476 1518; x_wconf 67' lang='grc' dir='ltr'>λειότετα;’0</span> <span class='ocrx_word' id='word_1_106' title='bbox 529 1446 588 1503; x_wconf 75' lang='grc' dir='ltr'>δε</span> <span class='ocrx_word' id='word_1_107' title='bbox 634 1454 721 1502; x_wconf 73' lang='grc' dir='ltr'>καὶ</span> <span class='ocrx_word' id='word_1_108' title='bbox 749 1453 988 1524; x_wconf 72' lang='grc' dir='ltr'>φορτικὰ,</span> <span class='ocrx_word' id='word_1_109' title='bbox 1036 1455 1126 1502; x_wconf 82' lang='grc' dir='ltr'>καὶ</span> <span class='ocrx_word' id='word_1_110' title='bbox 1171 1449 1378 1502; x_wconf 72' lang='grc' dir='ltr'>ἐναντία</span> <span class='ocrx_word' id='word_1_111' title='bbox 1426 1457 1488 1524; x_wconf 68' lang='grc' dir='ltr'>τῇ</span> <span class='ocrx_word' id='word_1_112' title='bbox 1545 1453 1708 1524; x_wconf 75' lang='grc' dir='ltr'>μέχρι</span> 
     </span>
    </p>
   </div>
   <div class='ocr_carea' id='block_1_17' title="bbox 169 1535 1708 1614">
    <p class='ocr_par' dir='ltr' id='par_1_17' title="bbox 169 1535 1708 1614">
     <span class='ocr_line' id='line_1_17' title="bbox 169 1535 1708 1614; baseline -0.001 -23"><span class='ocrx_word' id='word_1_113' title='bbox 169 1545 252 1592; x_wconf 69' lang='grc' dir='ltr'>τοτε</span> <span class='ocrx_word' id='word_1_114' title='bbox 293 1542 528 1612; x_wconf 78' lang='grc' dir='ltr'>συνηθείᾳ</span> <span class='ocrx_word' id='word_1_115' title='bbox 581 1547 681 1591; x_wconf 86' lang='grc' dir='ltr'>τῶν</span> <span class='ocrx_word' id='word_1_116' title='bbox 729 1537 1008 1614; x_wconf 83' lang='grc' dir='ltr'>ἀνθρώπων</span> <span class='ocrx_word' id='word_1_117' title='bbox 1056 1535 1406 1612; x_wconf 76' lang='grc' dir='ltr'>δογματίσας,</span> <span class='ocrx_word' id='word_1_118' title='bbox 1443 1540 1580 1612; x_wconf 87' lang='grc' dir='ltr'>ὅμως</span> <span class='ocrx_word' id='word_1_119' title='bbox 1618 1542 1708 1590; x_wconf 78' lang='grc' dir='ltr'>καὶ</span> 
     </span>
    </p>
   </div>
   <div class='ocr_carea' id='block_1_18' title="bbox 168 1624 1526 1701">
    <p class='ocr_par' dir='ltr' id='par_1_18' title="bbox 168 1624 1526 1701">
     <span class='ocr_line' id='line_1_18' title="bbox 168 1624 1526 1701; baseline 0.001 -21"><span class='ocrx_word' id='word_1_120' title='bbox 168 1630 314 1698; x_wconf 72' lang='grc' dir='ltr'>ἔπεισε,</span> <span class='ocrx_word' id='word_1_121' title='bbox 338 1632 416 1681; x_wconf 78' lang='grc' dir='ltr'>καὶ</span> <span class='ocrx_word' id='word_1_122' title='bbox 442 1630 618 1682; x_wconf 80' lang='grc' dir='ltr'>πείθει</span> <span class='ocrx_word' id='word_1_123' title='bbox 647 1624 846 1700; x_wconf 84' lang='grc' dir='ltr'>σχεδὸν</span> <span class='ocrx_word' id='word_1_124' title='bbox 879 1634 1048 1681; x_wconf 81' lang='grc' dir='ltr'>πᾶσαν</span> <span class='ocrx_word' id='word_1_125' title='bbox 1082 1633 1176 1687; x_wconf 80' lang='grc' dir='ltr'>τὴν</span> <span class='ocrx_word' id='word_1_126' title='bbox 1202 1629 1526 1701; x_wconf 89' lang='grc' dir='ltr'>οἰκουμένην.</span> 
     </span>
    </p>
   </div>
   <div class='ocr_carea' id='block_1_19' title="bbox 1813 377 3466 452">
    <p class='ocr_par' dir='ltr' id='par_1_19' title="bbox 1813 377 3466 452">
     <span class='ocr_line' id='line_1_19' title="bbox 1813 377 3466 452; baseline 0.001 -18"><span class='ocrx_word' id='word_1_127' title='bbox 1813 377 2154 435; x_wconf 81' lang='lat' dir='ltr'>afﬁciuntur</span> <span class='ocrx_word' id='word_1_128' title='bbox 2181 379 2420 450; x_wconf 83' lang='lat' dir='ltr'>injuria,</span> <span class='ocrx_word' id='word_1_129' title='bbox 2461 383 2518 436; x_wconf 94' lang='lat' dir='ltr'>et</span> <span class='ocrx_word' id='word_1_130' title='bbox 2558 380 2963 438; x_wconf 86' lang='lat' dir='ltr'>universaliter</span> <span class='ocrx_word' id='word_1_131' title='bbox 2990 386 3227 452; x_wconf 78' lang='lat' dir='ltr'>propter</span> <span class='ocrx_word' id='word_1_132' title='bbox 3255 396 3466 452; x_wconf 88' lang='lat' dir='ltr'>quam-</span> 
     </span>
    </p>
   </div>
   <div class='ocr_carea' id='block_1_20' title="bbox 1815 465 3466 540">
    <p class='ocr_par' dir='ltr' id='par_1_20' title="bbox 1815 465 3466 540">
     <span class='ocr_line' id='line_1_20' title="bbox 1815 465 3466 540; baseline 0.002 -22"><span class='ocrx_word' id='word_1_133' title='bbox 1815 478 2047 536; x_wconf 85' lang='lat' dir='ltr'>cunque</span> <span class='ocrx_word' id='word_1_134' title='bbox 2085 465 2382 522; x_wconf 79' lang='lat' dir='ltr'>virtutem.</span> <span class='ocrx_word' id='word_1_135' title='bbox 2429 466 2660 524; x_wconf 89' lang='lat' dir='ltr'>Justitia</span> <span class='ocrx_word' id='word_1_136' title='bbox 2701 467 2998 540; x_wconf 87' lang='lat' dir='ltr'>siquidem</span> <span class='ocrx_word' id='word_1_137' title='bbox 3048 467 3244 524; x_wconf 88' lang='lat' dir='ltr'>omnis</span> <span class='ocrx_word' id='word_1_138' title='bbox 3278 467 3466 523; x_wconf 89' lang='lat' dir='ltr'>virtus</span> 
     </span>
    </p>
   </div>
   <div class='ocr_carea' id='block_1_21' title="bbox 1814 555 3468 630">
    <p class='ocr_par' dir='ltr' id='par_1_21' title="bbox 1814 555 3468 630">
     <span class='ocr_line' id='line_1_21' title="bbox 1814 555 3468 630; baseline 0.002 -21"><span class='ocrx_word' id='word_1_139' title='bbox 1814 557 1923 609; x_wconf 89' lang='lat' dir='ltr'>est.</span> <span class='ocrx_word' id='word_1_140' title='bbox 1967 555 2144 610; x_wconf 88' lang='lat' dir='ltr'>Fures</span> <span class='ocrx_word' id='word_1_141' title='bbox 2181 571 2322 612; x_wconf 86' lang='lat' dir='ltr'>vero</span> <span class='ocrx_word' id='word_1_142' title='bbox 2352 556 2528 612; x_wconf 88' lang='lat' dir='ltr'>etiam</span> <span class='ocrx_word' id='word_1_143' title='bbox 2561 556 2874 613; x_wconf 72' lang='lat' dir='ltr'>homicidae</span> <span class='ocrx_word' id='word_1_144' title='bbox 2915 557 3324 630; x_wconf 84' lang='lat' dir='ltr'>perfectionem</span> <span class='ocrx_word' id='word_1_145' title='bbox 3363 571 3468 630; x_wconf 92' lang='lat' dir='ltr'>pa-</span> 
     </span>
    </p>
   </div>
   <div class='ocr_carea' id='block_1_22' title="bbox 1816 641 2928 703">
    <p class='ocr_par' dir='ltr' id='par_1_22' title="bbox 1816 641 2928 703">
     <span class='ocr_line' id='line_1_22' title="bbox 1816 641 2928 703; baseline 0.005 -7"><span class='ocrx_word' id='word_1_146' title='bbox 1816 641 2028 698; x_wconf 91' lang='lat' dir='ltr'>tientur</span> <span class='ocrx_word' id='word_1_147' title='bbox 2057 659 2179 700; x_wconf 90' lang='lat' dir='ltr'>non</span> <span class='ocrx_word' id='word_1_148' title='bbox 2207 649 2410 701; x_wconf 87' lang='lat' dir='ltr'>tamen</span> <span class='ocrx_word' id='word_1_149' title='bbox 2437 645 2595 702; x_wconf 89' lang='lat' dir='ltr'>beati</span> <span class='ocrx_word' id='word_1_150' title='bbox 2633 646 2928 703; x_wconf 88' lang='lat' dir='ltr'>dicuntur.</span> 
     </span>
    </p>
   </div>
   <div class='ocr_carea' id='block_1_23' title="bbox 1887 731 3466 809">
    <p class='ocr_par' dir='ltr' id='par_1_23' title="bbox 1887 731 3466 809">
     <span class='ocr_line' id='line_1_23' title="bbox 1887 731 3466 809; baseline 0.004 -25"><span class='ocrx_word' id='word_1_151' title='bbox 1887 731 2050 787; x_wconf 86' lang='lat' dir='ltr'>Vers.</span> <span class='ocrx_word' id='word_1_152' title='bbox 2091 733 2179 788; x_wconf 86' lang='grc'><strong>11.</strong></span> <span class='ocrx_word' id='word_1_153' title='bbox 2212 733 2381 790; x_wconf 75' lang='lat' dir='ltr'>Beati</span> <span class='ocrx_word' id='word_1_154' title='bbox 2406 765 2466 776; x_wconf 94' lang='lat'><strong>—</strong></span> <span class='ocrx_word' id='word_1_155' title='bbox 2489 741 2728 806; x_wconf 82' lang='lat' dir='ltr'>propter</span> <span class='ocrx_word' id='word_1_156' title='bbox 2763 753 2868 791; x_wconf 81' lang='lat' dir='ltr'>me.</span> <span class='ocrx_word' id='word_1_157' title='bbox 2902 736 2990 792; x_wconf 83' lang='lat' dir='ltr'>Ad</span> <span class='ocrx_word' id='word_1_158' title='bbox 3021 735 3328 809; x_wconf 80' lang='lat' dir='ltr'>apostolos</span> <span class='ocrx_word' id='word_1_159' title='bbox 3359 734 3466 808; x_wconf 87' lang='lat' dir='ltr'>qui</span> 
     </span>
    </p>
   </div>
   <div class='ocr_carea' id='block_1_24' title="bbox 1814 819 3465 895">
    <p class='ocr_par' dir='ltr' id='par_1_24' title="bbox 1814 819 3465 895">
     <span class='ocr_line' id='line_1_24' title="bbox 1814 819 3465 895; baseline 0.002 -18"><span class='ocrx_word' id='word_1_160' title='bbox 1814 819 2084 889; x_wconf 88' lang='lat' dir='ltr'>aderant,</span> <span class='ocrx_word' id='word_1_161' title='bbox 2125 837 2463 880; x_wconf 88' lang='lat' dir='ltr'>sermonem</span> <span class='ocrx_word' id='word_1_162' title='bbox 2503 824 2716 895; x_wconf 82' lang='lat' dir='ltr'>dirigit,</span> <span class='ocrx_word' id='word_1_163' title='bbox 2761 825 3080 882; x_wconf 89' lang='lat' dir='ltr'>ostendens</span> <span class='ocrx_word' id='word_1_164' title='bbox 3118 825 3465 882; x_wconf 91' lang='lat' dir='ltr'>doctoribus</span> 
     </span>
    </p>
   </div>
   <div class='ocr_carea' id='block_1_25' title="bbox 1814 909 3464 986">
    <p class='ocr_par' dir='ltr' id='par_1_25' title="bbox 1814 909 3464 986">
     <span class='ocr_line' id='line_1_25' title="bbox 1814 909 3464 986; baseline 0.002 -22"><span class='ocrx_word' id='word_1_165' title='bbox 1814 909 2121 982; x_wconf 88' lang='lat' dir='ltr'>proprium</span> <span class='ocrx_word' id='word_1_166' title='bbox 2147 927 2276 967; x_wconf 86' lang='lat' dir='ltr'>esse</span> <span class='ocrx_word' id='word_1_167' title='bbox 2316 911 2549 984; x_wconf 86' lang='lat' dir='ltr'>probris</span> <span class='ocrx_word' id='word_1_168' title='bbox 2588 911 2762 969; x_wconf 76' lang='lat' dir='ltr'>afﬁci.</span> <span class='ocrx_word' id='word_1_169' title='bbox 2805 917 2884 970; x_wconf 89' lang='lat' dir='ltr'>Ne</span> <span class='ocrx_word' id='word_1_170' title='bbox 2913 919 3115 971; x_wconf 88' lang='lat' dir='ltr'>autem</span> <span class='ocrx_word' id='word_1_171' title='bbox 3153 915 3464 986; x_wconf 78' lang='lat' dir='ltr'>suSpiceris</span> 
     </span>
    </p>
   </div>
   <div class='ocr_carea' id='block_1_26' title="bbox 1814 998 3468 1076">
    <p class='ocr_par' dir='ltr' id='par_1_26' title="bbox 1814 998 3468 1076">
     <span class='ocr_line' id='line_1_26' title="bbox 1814 998 3468 1076; baseline 0.004 -24"><span class='ocrx_word' id='word_1_172' title='bbox 1814 998 1975 1070; x_wconf 91' lang='lat' dir='ltr'>quod</span> <span class='ocrx_word' id='word_1_173' title='bbox 1996 998 2335 1070; x_wconf 85' lang='lat' dir='ltr'>simpliciter</span> <span class='ocrx_word' id='word_1_174' title='bbox 2349 1000 2547 1057; x_wconf 82' lang='lat' dir='ltr'>verbis</span> <span class='ocrx_word' id='word_1_175' title='bbox 2570 1001 2744 1058; x_wconf 88' lang='lat' dir='ltr'>malis</span> <span class='ocrx_word' id='word_1_176' title='bbox 2769 1002 2975 1076; x_wconf 89' lang='lat' dir='ltr'>impeti</span> <span class='ocrx_word' id='word_1_177' title='bbox 3002 1003 3076 1060; x_wconf 91' lang='lat' dir='ltr'>sit</span> <span class='ocrx_word' id='word_1_178' title='bbox 3094 1002 3361 1069; x_wconf 88' lang='lat' dir='ltr'>beatum,</span> <span class='ocrx_word' id='word_1_179' title='bbox 3381 1003 3468 1058; x_wconf 90' lang='lat' dir='ltr'>id-</span> 
     </span>
    </p>
   </div>
   <div class='ocr_carea' id='block_1_27' title="bbox 1813 1087 3467 1162">
    <p class='ocr_par' dir='ltr' id='par_1_27' title="bbox 1813 1087 3467 1162">
     <span class='ocr_line' id='line_1_27' title="bbox 1813 1087 3467 1162; baseline 0.004 -21"><span class='ocrx_word' id='word_1_180' title='bbox 1813 1087 1969 1142; x_wconf 89' lang='lat' dir='ltr'>circo</span> <span class='ocrx_word' id='word_1_181' title='bbox 1999 1087 2246 1158; x_wconf 81' lang='lat' dir='ltr'>addidit,</span> <span class='ocrx_word' id='word_1_182' title='bbox 2277 1104 2411 1161; x_wconf 67' lang='lat' dir='ltr'>quas</span> <span class='ocrx_word' id='word_1_183' title='bbox 2437 1089 2614 1162; x_wconf 81' lang='lat' dir='ltr'>plane</span> <span class='ocrx_word' id='word_1_184' title='bbox 2644 1090 3087 1148; x_wconf 86' lang='lat' dir='ltr'>distinctionem</span> <span class='ocrx_word' id='word_1_185' title='bbox 3105 1092 3353 1158; x_wconf 83' lang='lat' dir='ltr'>faciunt,</span> <span class='ocrx_word' id='word_1_186' title='bbox 3386 1091 3467 1147; x_wconf 84' lang='lat' dir='ltr'>vi-</span> 
     </span>
    </p>
   </div>
   <div class='ocr_carea' id='block_1_28' title="bbox 1813 1174 3466 1254">
    <p class='ocr_par' dir='ltr' id='par_1_28' title="bbox 1813 1174 3466 1254">
     <span class='ocr_line' id='line_1_28' title="bbox 1813 1174 3466 1254; baseline 0.003 -23"><span class='ocrx_word' id='word_1_187' title='bbox 1813 1174 2024 1233; x_wconf 90' lang='lat' dir='ltr'>delicet</span> <span class='ocrx_word' id='word_1_188' title='bbox 2055 1180 2121 1233; x_wconf 91' lang='lat' dir='ltr'>ut</span> <span class='ocrx_word' id='word_1_189' title='bbox 2154 1192 2286 1250; x_wconf 59' lang='lat' dir='ltr'>quas</span> <span class='ocrx_word' id='word_1_190' title='bbox 2314 1178 2590 1235; x_wconf 90' lang='lat' dir='ltr'>dicuntur</span> <span class='ocrx_word' id='word_1_191' title='bbox 2627 1179 2938 1236; x_wconf 89' lang='lat' dir='ltr'>mendacia</span> <span class='ocrx_word' id='word_1_192' title='bbox 2968 1180 3103 1251; x_wconf 89' lang='lat' dir='ltr'>sint,</span> <span class='ocrx_word' id='word_1_193' title='bbox 3136 1187 3192 1237; x_wconf 89' lang='lat' dir='ltr'>et</span> <span class='ocrx_word' id='word_1_194' title='bbox 3225 1184 3466 1254; x_wconf 87' lang='lat' dir='ltr'>propter</span> 
     </span>
    </p>
   </div>
   <div class='ocr_carea' id='block_1_29' title="bbox 1815 1263 3468 1333">
    <p class='ocr_par' dir='ltr' id='par_1_29' title="bbox 1815 1263 3468 1333">
     <span class='ocr_line' id='line_1_29' title="bbox 1815 1263 3468 1333; baseline 0.002 -11"><span class='ocrx_word' id='word_1_195' title='bbox 1815 1263 2112 1322; x_wconf 87' lang='lat' dir='ltr'>Christum</span> <span class='ocrx_word' id='word_1_196' title='bbox 2137 1281 2209 1322; x_wconf 92' lang='lat' dir='ltr'>ea</span> <span class='ocrx_word' id='word_1_197' title='bbox 2229 1265 2524 1323; x_wconf 88' lang='lat' dir='ltr'>dicantur.</span> <span class='ocrx_word' id='word_1_198' title='bbox 2549 1268 2771 1333; x_wconf 85' lang='lat' dir='ltr'>Quodsi</span> <span class='ocrx_word' id='word_1_199' title='bbox 2787 1269 2915 1325; x_wconf 70' lang='lat' dir='ltr'>haec</span> <span class='ocrx_word' id='word_1_200' title='bbox 2933 1284 3053 1325; x_wconf 92' lang='lat' dir='ltr'>non</span> <span class='ocrx_word' id='word_1_201' title='bbox 3069 1271 3148 1326; x_wconf 89' lang='lat' dir='ltr'>ita</span> <span class='ocrx_word' id='word_1_202' title='bbox 3164 1285 3226 1325; x_wconf 90' lang='lat' dir='ltr'>se</span> <span class='ocrx_word' id='word_1_203' title='bbox 3241 1268 3468 1326; x_wconf 82' lang='lat' dir='ltr'>habent</span> 
     </span>
    </p>
   </div>
   <div class='ocr_carea' id='block_1_30' title="bbox 1816 1353 3465 1430">
    <p class='ocr_par' dir='ltr' id='par_1_30' title="bbox 1816 1353 3465 1430">
     <span class='ocr_line' id='line_1_30' title="bbox 1816 1353 3465 1430; baseline 0.002 -21"><span class='ocrx_word' id='word_1_204' title='bbox 1816 1353 1998 1410; x_wconf 88' lang='lat' dir='ltr'>miser</span> <span class='ocrx_word' id='word_1_205' title='bbox 2035 1355 2237 1427; x_wconf 85' lang='lat' dir='ltr'>potius</span> <span class='ocrx_word' id='word_1_206' title='bbox 2269 1360 2356 1411; x_wconf 90' lang='lat' dir='ltr'>est</span> <span class='ocrx_word' id='word_1_207' title='bbox 2385 1355 2490 1428; x_wconf 86' lang='lat' dir='ltr'>qui</span> <span class='ocrx_word' id='word_1_208' title='bbox 2521 1355 2674 1412; x_wconf 89' lang='lat' dir='ltr'>male</span> <span class='ocrx_word' id='word_1_209' title='bbox 2705 1357 2896 1427; x_wconf 80' lang='lat' dir='ltr'>audit,</span> <span class='ocrx_word' id='word_1_210' title='bbox 2930 1363 3132 1430; x_wconf 91' lang='lat' dir='ltr'>utpote</span> <span class='ocrx_word' id='word_1_211' title='bbox 3169 1358 3465 1430; x_wconf 90' lang='lat' dir='ltr'>plurimos</span> 
     </span>
    </p>
   </div>
   <div class='ocr_carea' id='block_1_31' title="bbox 1816 1443 3470 1517">
    <p class='ocr_par' dir='ltr' id='par_1_31' title="bbox 1816 1443 3470 1517">
     <span class='ocr_line' id='line_1_31' title="bbox 1816 1443 3470 1517; baseline 0.003 -19"><span class='ocrx_word' id='word_1_212' title='bbox 1816 1443 1939 1498; x_wconf 86' lang='lat' dir='ltr'>suis</span> <span class='ocrx_word' id='word_1_213' title='bbox 1959 1443 2130 1499; x_wconf 88' lang='lat' dir='ltr'>malis</span> <span class='ocrx_word' id='word_1_214' title='bbox 2149 1444 2426 1516; x_wconf 87' lang='lat' dir='ltr'>operibus</span> <span class='ocrx_word' id='word_1_215' title='bbox 2447 1443 2776 1501; x_wconf 69' lang='lat' dir='ltr'>otfendens.</span> <span class='ocrx_word' id='word_1_216' title='bbox 2798 1447 2951 1512; x_wconf 88' lang='lat' dir='ltr'>Quid</span> <span class='ocrx_word' id='word_1_217' title='bbox 2981 1462 3122 1517; x_wconf 78' lang='lat' dir='ltr'>ergo</span> <span class='ocrx_word' id='word_1_218' title='bbox 3145 1447 3236 1502; x_wconf 92' lang='lat' dir='ltr'>his</span> <span class='ocrx_word' id='word_1_219' title='bbox 3263 1446 3470 1503; x_wconf 88' lang='lat' dir='ltr'>admo-</span> 
     </span>
    </p>
   </div>
   <div class='ocr_carea' id='block_1_32' title="bbox 1814 1532 3466 1607">
    <p class='ocr_par' dir='ltr' id='par_1_32' title="bbox 1814 1532 3466 1607">
     <span class='ocr_line' id='line_1_32' title="bbox 1814 1532 3466 1607; baseline 0.004 -21"><span class='ocrx_word' id='word_1_220' title='bbox 1814 1532 2131 1589; x_wconf 89' lang='lat' dir='ltr'>nitionibus</span> <span class='ocrx_word' id='word_1_221' title='bbox 2151 1533 2482 1590; x_wconf 84' lang='lat' dir='ltr'>mirabilius</span> <span class='ocrx_word' id='word_1_222' title='bbox 2503 1549 2630 1590; x_wconf 89' lang='lat' dir='ltr'>esse</span> <span class='ocrx_word' id='word_1_223' title='bbox 2656 1537 2893 1606; x_wconf 83' lang='lat' dir='ltr'>potest?</span> <span class='ocrx_word' id='word_1_224' title='bbox 2916 1536 3142 1592; x_wconf 86' lang='lat' dir='ltr'>utinam</span> <span class='ocrx_word' id='word_1_225' title='bbox 3159 1551 3301 1591; x_wconf 89' lang='lat' dir='ltr'>vero</span> <span class='ocrx_word' id='word_1_226' title='bbox 3331 1551 3466 1607; x_wconf 62' lang='lat' dir='ltr'>qua</span> 
     </span>
    </p>
   </div>
   <div class='ocr_carea' id='block_1_33' title="bbox 1738 1621 3466 1696">
    <p class='ocr_par' dir='ltr' id='par_1_33' title="bbox 1738 1621 3466 1696">
     <span class='ocr_line' id='line_1_33' title="bbox 1738 1621 3466 1696; baseline 0.001 -17"><span class='ocrx_word' id='word_1_227' title='bbox 1738 1624 1782 1679; x_wconf 92' lang='lat' dir='ltr'><strong>B</strong></span> <span class='ocrx_word' id='word_1_228' title='bbox 1815 1621 1894 1678; x_wconf 89' lang='lat' dir='ltr'>ab</span> <span class='ocrx_word' id='word_1_229' title='bbox 1936 1622 2213 1678; x_wconf 89' lang='lat' dir='ltr'>omnibus</span> <span class='ocrx_word' id='word_1_230' title='bbox 2255 1623 2571 1689; x_wconf 79' lang='lat' dir='ltr'>evitantur,</span> <span class='ocrx_word' id='word_1_231' title='bbox 2631 1639 2997 1696; x_wconf 62' lang='lat' dir='ltr'>praemorum</span> <span class='ocrx_word' id='word_1_232' title='bbox 3057 1625 3466 1696; x_wconf 73' lang='lat' dir='ltr'>magnitudine</span> 
     </span>
    </p>
   </div>
   <div class='ocr_carea' id='block_1_34' title="bbox 165 1710 3468 1790">
    <p class='ocr_par' dir='ltr' id='par_1_34' title="bbox 165 1710 3468 1790">
     <span class='ocr_line' id='line_1_34' title="bbox 165 1710 3468 1790; baseline -0.001 -17"><span class='ocrx_word' id='word_1_233' title='bbox 165 1717 275 1773; x_wconf 83' lang='lat' dir='ltr'>ﬁant</span> <span class='ocrx_word' id='word_1_234' title='bbox 296 1717 571 1774; x_wconf 88' lang='lat' dir='ltr'>omnibus</span> <span class='ocrx_word' id='word_1_235' title='bbox 592 1716 1008 1774; x_wconf 88' lang='lat' dir='ltr'>desiderabilia</span> <span class='ocrx_word' id='word_1_236' title='bbox 1040 1717 1158 1789; x_wconf 85' lang='lat' dir='ltr'>(qq)</span> <span class='ocrx_word' id='word_1_237' title='bbox 1184 1721 1330 1774; x_wconf 88' lang='lat' dir='ltr'>Nam</span> <span class='ocrx_word' id='word_1_238' title='bbox 1349 1717 1450 1790; x_wconf 92' lang='lat' dir='ltr'>qui</span> <span class='ocrx_word' id='word_1_239' title='bbox 1474 1718 1682 1788; x_wconf 82' lang='lat' dir='ltr'>gravia</span> <span class='ocrx_word' id='word_1_240' title='bbox 1702 1730 1772 1773; x_wconf 86' lang='lat' dir='ltr'>ac</span> <span class='ocrx_word' id='word_1_241' title='bbox 1785 1710 2037 1768; x_wconf 89' lang='lat' dir='ltr'>molesta</span> <span class='ocrx_word' id='word_1_242' title='bbox 2062 1715 2120 1768; x_wconf 90' lang='lat' dir='ltr'>et</span> <span class='ocrx_word' id='word_1_243' title='bbox 2145 1711 2464 1768; x_wconf 89' lang='lat' dir='ltr'>hominum</span> <span class='ocrx_word' id='word_1_244' title='bbox 2487 1713 2904 1770; x_wconf 83' lang='lat' dir='ltr'>consuetudini</span> <span class='ocrx_word' id='word_1_245' title='bbox 2930 1713 3009 1771; x_wconf 89' lang='lat' dir='ltr'>ad</span> <span class='ocrx_word' id='word_1_246' title='bbox 3025 1713 3085 1770; x_wconf 92' lang='lat' dir='ltr'>id</span> <span class='ocrx_word' id='word_1_247' title='bbox 3116 1729 3306 1786; x_wconf 91' lang='lat' dir='ltr'>usque</span> <span class='ocrx_word' id='word_1_248' title='bbox 3324 1718 3468 1769; x_wconf 87' lang='lat' dir='ltr'>tem-</span> 
     </span>
    </p>
   </div>
   <div class='ocr_carea' id='block_1_35' title="bbox 164 1799 2593 1879">
    <p class='ocr_par' dir='ltr' id='par_1_35' title="bbox 164 1799 2593 1879">
     <span class='ocr_line' id='line_1_35' title="bbox 164 1799 2593 1879; baseline -0.002 -18"><span class='ocrx_word' id='word_1_249' title='bbox 164 1806 289 1876; x_wconf 85' lang='lat' dir='ltr'>poris</span> <span class='ocrx_word' id='word_1_250' title='bbox 315 1806 601 1864; x_wconf 86' lang='lat' dir='ltr'>contraria</span> <span class='ocrx_word' id='word_1_251' title='bbox 629 1806 979 1879; x_wconf 74' lang='lat' dir='ltr'>praecripsit,</span> <span class='ocrx_word' id='word_1_252' title='bbox 1013 1807 1305 1878; x_wconf 86' lang='lat' dir='ltr'>persuasit</span> <span class='ocrx_word' id='word_1_253' title='bbox 1339 1812 1538 1864; x_wconf 87' lang='lat' dir='ltr'>tamen</span> <span class='ocrx_word' id='word_1_254' title='bbox 1569 1811 1627 1863; x_wconf 87' lang='lat' dir='ltr'>et</span> <span class='ocrx_word' id='word_1_255' title='bbox 1655 1801 1974 1879; x_wconf 86' lang='lat' dir='ltr'>persuadet</span> <span class='ocrx_word' id='word_1_256' title='bbox 1997 1799 2278 1856; x_wconf 90' lang='lat' dir='ltr'>universo</span> <span class='ocrx_word' id='word_1_257' title='bbox 2303 1800 2423 1857; x_wconf 86' lang='lat' dir='ltr'>fere</span> <span class='ocrx_word' id='word_1_258' title='bbox 2453 1801 2593 1858; x_wconf 90' lang='lat' dir='ltr'>orbi.</span> 
     </span>
    </p>
   </div>
   <div class='ocr_carea' id='block_1_36' title="bbox 213 1895 1702 1970">
    <p class='ocr_par' dir='ltr' id='par_1_36' title="bbox 213 1895 1702 1970">
     <span class='ocr_line' id='line_1_36' title="bbox 213 1895 1702 1970; baseline 0 -21"><span class='ocrx_word' id='word_1_259' title='bbox 213 1902 396 1970; x_wconf 73' lang='grc' dir='ltr'>Χαίρετε</span> <span class='ocrx_word' id='word_1_260' title='bbox 448 1927 524 1937; x_wconf 92' lang='grc'><strong>-</strong></span> <span class='ocrx_word' id='word_1_261' title='bbox 581 1895 837 1970; x_wconf 80' lang='grc' dir='ltr'>οὐρανοῖς.</span> <span class='ocrx_word' id='word_1_262' title='bbox 917 1899 1133 1969; x_wconf 81' lang='grc' dir='ltr'>Χαίρετε</span> <span class='ocrx_word' id='word_1_263' title='bbox 1203 1900 1294 1948; x_wconf 84' lang='grc' dir='ltr'>καὶ</span> <span class='ocrx_word' id='word_1_264' title='bbox 1368 1895 1702 1968; x_wconf 70' lang='grc' dir='ltr'>ἀγαλλιᾶσθε,</span> 
     </span>
    </p>
   </div>
   <div class='ocr_carea' id='block_1_37' title="bbox 158 1981 1708 2057">
    <p class='ocr_par' dir='ltr' id='par_1_37' title="bbox 158 1981 1708 2057">
     <span class='ocr_line' id='line_1_37' title="bbox 158 1981 1708 2057; baseline 0.002 -22"><span class='ocrx_word' id='word_1_265' title='bbox 158 1987 302 2046; x_wconf 62' lang='grc' dir='ltr'>πάντες</span> <span class='ocrx_word' id='word_1_266' title='bbox 332 1987 377 2038; x_wconf 86' lang='grc' dir='ltr'>οἰ</span> <span class='ocrx_word' id='word_1_267' title='bbox 426 1981 825 2057; x_wconf 73' lang='grc' dir='ltr'>ὀνειδιζόμενοι,</span> <span class='ocrx_word' id='word_1_268' title='bbox 886 1989 976 2037; x_wconf 87' lang='grc' dir='ltr'>καί</span> <span class='ocrx_word' id='word_1_269' title='bbox 1025 1981 1354 2057; x_wconf 77' lang='grc' dir='ltr'>διωκόμενοι,</span> <span class='ocrx_word' id='word_1_270' title='bbox 1391 1990 1480 2038; x_wconf 82' lang='grc' dir='ltr'>καὶ</span> <span class='ocrx_word' id='word_1_271' title='bbox 1535 1994 1708 2049; x_wconf 85' lang='grc' dir='ltr'>κακῶς</span> 
     </span>
    </p>
   </div>
   <div class='ocr_carea' id='block_1_38' title="bbox 155 2070 1706 2149">
    <p class='ocr_par' dir='ltr' id='par_1_38' title="bbox 155 2070 1706 2149">
     <span class='ocr_line' id='line_1_38' title="bbox 155 2070 1706 2149; baseline 0.001 -25"><span class='ocrx_word' id='word_1_272' title='bbox 155 2071 396 2144; x_wconf 67' lang='grc' dir='ltr'>ἀκούοντες,</span> <span class='ocrx_word' id='word_1_273' title='bbox 425 2078 492 2136; x_wconf 80' lang='grc' dir='ltr'>ὡς</span> <span class='ocrx_word' id='word_1_274' title='bbox 535 2078 762 2149; x_wconf 84' lang='grc' dir='ltr'>εἴρηται.</span> <span class='ocrx_word' id='word_1_275' title='bbox 814 2073 982 2127; x_wconf 84' lang='grc' dir='ltr'>Εἰπὼν</span> <span class='ocrx_word' id='word_1_276' title='bbox 1027 2070 1104 2140; x_wconf 62' lang='grc' dir='ltr'>δι,</span> <span class='ocrx_word' id='word_1_277' title='bbox 1139 2075 1219 2126; x_wconf 87' lang='grc' dir='ltr'>ὅτι</span> <span class='ocrx_word' id='word_1_278' title='bbox 1259 2075 1284 2126; x_wconf 88' lang='grc' dir='ltr'><strong><em>ὁ</em></strong></span> <span class='ocrx_word' id='word_1_279' title='bbox 1333 2076 1534 2137; x_wconf 84' lang='grc' dir='ltr'>Μισθὸς</span> <span class='ocrx_word' id='word_1_280' title='bbox 1565 2077 1706 2147; x_wconf 80' lang='grc' dir='ltr'>ὑμῶν</span> 
     </span>
    </p>
   </div>
   <div class='ocr_carea' id='block_1_39' title="bbox 157 2160 1705 2238">
    <p class='ocr_par' dir='ltr' id='par_1_39' title="bbox 157 2160 1705 2238">
     <span class='ocr_line' id='line_1_39' title="bbox 157 2160 1705 2238; baseline 0.003 -26"><span class='ocrx_word' id='word_1_281' title='bbox 157 2162 277 2225; x_wconf 74' lang='grc' dir='ltr'>πολὺς</span> <span class='ocrx_word' id='word_1_282' title='bbox 314 2163 359 2216; x_wconf 75' lang='grc' dir='ltr'>ἐν</span> <span class='ocrx_word' id='word_1_283' title='bbox 402 2171 516 2227; x_wconf 87' lang='grc' dir='ltr'>τοῖς</span> <span class='ocrx_word' id='word_1_284' title='bbox 565 2163 625 2216; x_wconf 75' lang='grc' dir='ltr'>οὐ</span> <span class='ocrx_word' id='word_1_285' title='bbox 675 2169 836 2236; x_wconf 80' lang='grc' dir='ltr'>ανοῖς,</span> <span class='ocrx_word' id='word_1_286' title='bbox 894 2160 1124 2234; x_wconf 71' lang='grc' dir='ltr'>έπήγαγε</span> <span class='ocrx_word' id='word_1_287' title='bbox 1173 2167 1264 2216; x_wconf 80' lang='grc' dir='ltr'>καὶ</span> <span class='ocrx_word' id='word_1_288' title='bbox 1313 2162 1486 2236; x_wconf 72' lang='grc' dir='ltr'>ἑτέραν</span> <span class='ocrx_word' id='word_1_289' title='bbox 1537 2167 1705 2238; x_wconf 84' lang='grc' dir='ltr'>παρά-</span> 
     </span>
    </p>
   </div>
   <div class='ocr_carea' id='block_1_40' title="bbox 153 2250 317 2310">
    <p class='ocr_par' dir='ltr' id='par_1_40' title="bbox 153 2250 317 2310">
     <span class='ocr_line' id='line_1_40' title="bbox 153 2250 317 2310; baseline 0.03 -8"><span class='ocrx_word' id='word_1_290' title='bbox 153 2250 317 2310; x_wconf 65' lang='lat' dir='ltr'>altera.</span> 
     </span>
    </p>
   </div>
   <div class='ocr_carea' id='block_1_41' title="bbox 205 2335 1708 2415">
    <p class='ocr_par' dir='ltr' id='par_1_41' title="bbox 205 2335 1708 2415">
     <span class='ocr_line' id='line_1_41' title="bbox 205 2335 1708 2415; baseline 0.001 -21"><span class='ocrx_word' id='word_1_291' title='bbox 205 2343 238 2409; x_wconf 50' lang='grc' dir='ltr'>ἦ·</span> <span class='ocrx_word' id='word_1_292' title='bbox 265 2346 324 2394; x_wconf 86' lang='grc' dir='ltr'>Τό</span> <span class='ocrx_word' id='word_1_293' title='bbox 355 2344 453 2414; x_wconf 71' lang='grc' dir='ltr'>γὰρ</span> <span class='ocrx_word' id='word_1_294' title='bbox 662 2343 937 2414; x_wconf 76' lang='grc' dir='ltr'>ὑπομεῖναι</span> <span class='ocrx_word' id='word_1_295' title='bbox 967 2335 1182 2408; x_wconf 81' lang='grc' dir='ltr'>ὄνειδος,</span> <span class='ocrx_word' id='word_1_296' title='bbox 1229 2345 1365 2413; x_wconf 75' lang='grc' dir='ltr'>μέγα</span> <span class='ocrx_word' id='word_1_297' title='bbox 1410 2345 1500 2395; x_wconf 86' lang='grc' dir='ltr'>καί</span> <span class='ocrx_word' id='word_1_298' title='bbox 1548 2341 1708 2415; x_wconf 85' lang='grc' dir='ltr'>χαλε-</span> 
     </span>
    </p>
   </div>
   <div class='ocr_carea' id='block_1_42' title="bbox 153 2429 1708 2503">
    <p class='ocr_par' dir='ltr' id='par_1_42' title="bbox 153 2429 1708 2503">
     <span class='ocr_line' id='line_1_42' title="bbox 153 2429 1708 2503; baseline 0.001 -23"><span class='ocrx_word' id='word_1_299' title='bbox 153 2437 360 2486; x_wconf 68' lang='grc' dir='ltr'>πώτατον.</span> <span class='ocrx_word' id='word_1_300' title='bbox 391 2436 478 2484; x_wconf 86' lang='grc' dir='ltr'><strong>Διό</strong></span> <span class='ocrx_word' id='word_1_301' title='bbox 511 2435 606 2483; x_wconf 81' lang='grc' dir='ltr'>καὶ</span> <span class='ocrx_word' id='word_1_302' title='bbox 644 2433 670 2482; x_wconf 84' lang='grc' dir='ltr'><strong><em>ὁ</em></strong></span> <span class='ocrx_word' id='word_1_303' title='bbox 709 2429 842 2498; x_wconf 83' lang='grc' dir='ltr'>Ἰὼϐ,</span> <span class='ocrx_word' id='word_1_304' title='bbox 883 2434 999 2491; x_wconf 82' lang='grc' dir='ltr'>τοὺς</span> <span class='ocrx_word' id='word_1_305' title='bbox 1041 2429 1222 2491; x_wconf 77' lang='grc' dir='ltr'>ἄλλους</span> <span class='ocrx_word' id='word_1_306' title='bbox 1266 2431 1541 2503; x_wconf 79' lang='grc' dir='ltr'>ὑπομείνας</span> <span class='ocrx_word' id='word_1_307' title='bbox 1590 2449 1708 2482; x_wconf 90' lang='grc' dir='ltr'>πει-</span> 
     </span>
    </p>
   </div>
   <div class='ocr_carea' id='block_1_43' title="bbox 149 2515 1708 2594">
    <p class='ocr_par' dir='ltr' id='par_1_43' title="bbox 149 2515 1708 2594">
     <span class='ocr_line' id='line_1_43' title="bbox 149 2515 1708 2594; baseline 0.001 -24"><span class='ocrx_word' id='word_1_308' title='bbox 149 2524 356 2591; x_wconf 74' lang='grc' dir='ltr'>ρασμους,</span> <span class='ocrx_word' id='word_1_309' title='bbox 388 2525 505 2574; x_wconf 81' lang='grc' dir='ltr'>τότε</span> <span class='ocrx_word' id='word_1_310' title='bbox 551 2519 785 2592; x_wconf 83' lang='grc' dir='ltr'>μάλιστα</span> <span class='ocrx_word' id='word_1_311' title='bbox 815 2519 1111 2594; x_wconf 73' lang='grc' dir='ltr'>ἐταράχθη,</span> <span class='ocrx_word' id='word_1_312' title='bbox 1143 2521 1227 2572; x_wconf 82' lang='grc' dir='ltr'>ὅτε</span> <span class='ocrx_word' id='word_1_313' title='bbox 1256 2515 1524 2581; x_wconf 74' lang='grc' dir='ltr'>ὠνείδιζον</span> <span class='ocrx_word' id='word_1_314' title='bbox 1566 2518 1708 2590; x_wconf 74' lang='grc' dir='ltr'>αὐτῷ</span> 
     </span>
    </p>
   </div>
   <div class='ocr_carea' id='block_1_44' title="bbox 149 2607 1141 2684">
    <p class='ocr_par' dir='ltr' id='par_1_44' title="bbox 149 2607 1141 2684">
     <span class='ocr_line' id='line_1_44' title="bbox 149 2607 1141 2684; baseline 0.006 -28"><span class='ocrx_word' id='word_1_315' title='bbox 149 2609 184 2657; x_wconf 78' lang='grc' dir='ltr'>εὶ</span> <span class='ocrx_word' id='word_1_316' title='bbox 210 2609 341 2680; x_wconf 61' lang='grc' dir='ltr'>Ῡῦοι,</span> <span class='ocrx_word' id='word_1_317' title='bbox 364 2611 432 2672; x_wconf 80' lang='grc' dir='ltr'>ὡς</span> <span class='ocrx_word' id='word_1_318' title='bbox 457 2607 539 2662; x_wconf 84' lang='grc' dir='ltr'>δι’</span> <span class='ocrx_word' id='word_1_319' title='bbox 565 2609 828 2684; x_wconf 80' lang='grc' dir='ltr'>ἁμαρτίας</span> <span class='ocrx_word' id='word_1_320' title='bbox 855 2611 1141 2681; x_wconf 87' lang='grc' dir='ltr'>πάσχοντι.</span> 
     </span>
    </p>
   </div>
   <div class='ocr_carea' id='block_1_45' title="bbox 203 2785 1705 2862">
    <p class='ocr_par' dir='ltr' id='par_1_45' title="bbox 203 2785 1705 2862">
     <span class='ocr_line' id='line_1_45' title="bbox 203 2785 1705 2862; baseline 0.002 -27"><span class='ocrx_word' id='word_1_321' title='bbox 203 2785 332 2836; x_wconf 70' lang='grc' dir='ltr'>ῦᾶτω</span> <span class='ocrx_word' id='word_1_322' title='bbox 356 2817 420 2829; x_wconf 87' lang='lat'><strong><em>—</em></strong></span> <span class='ocrx_word' id='word_1_323' title='bbox 453 2789 578 2848; x_wconf 78' lang='grc' dir='ltr'>τοὺς</span> <span class='ocrx_word' id='word_1_324' title='bbox 608 2789 711 2862; x_wconf 86' lang='grc' dir='ltr'>πρὸ</span> <span class='ocrx_word' id='word_1_325' title='bbox 743 2788 904 2859; x_wconf 80' lang='grc' dir='ltr'>ὑμῶν.</span> <span class='ocrx_word' id='word_1_326' title='bbox 939 2787 1194 2840; x_wconf 81' lang='grc' dir='ltr'>Ἐντεῦθεν</span> <span class='ocrx_word' id='word_1_327' title='bbox 1239 2788 1471 2860; x_wconf 76' lang='grc' dir='ltr'>φανερὸν,</span> <span class='ocrx_word' id='word_1_328' title='bbox 1505 2786 1585 2838; x_wconf 86' lang='grc' dir='ltr'>ὅτι</span> <span class='ocrx_word' id='word_1_329' title='bbox 1629 2790 1705 2838; x_wconf 77' lang='lat'>1&#39;6-</span> 
     </span>
    </p>
   </div>
   <div class='ocr_carea' id='block_1_46' title="bbox 1887 1889 3467 1948">
    <p class='ocr_par' dir='ltr' id='par_1_46' title="bbox 1887 1889 3467 1948">
     <span class='ocr_line' id='line_1_46' title="bbox 1887 1889 3467 1948; baseline 0.002 -3"><span class='ocrx_word' id='word_1_330' title='bbox 1887 1892 2049 1946; x_wconf 82' lang='lat' dir='ltr'>Vers.</span> <span class='ocrx_word' id='word_1_331' title='bbox 2084 1891 2174 1948; x_wconf 83' lang='grc'>12.</span> <span class='ocrx_word' id='word_1_332' title='bbox 2210 1889 2476 1947; x_wconf 79' lang='lat' dir='ltr'>Gaudete</span> <span class='ocrx_word' id='word_1_333' title='bbox 2500 1921 2568 1929; x_wconf 94' lang='lat'><strong>—</strong></span> <span class='ocrx_word' id='word_1_334' title='bbox 2597 1891 2776 1948; x_wconf 78' lang='lat' dir='ltr'>caelis.</span> <span class='ocrx_word' id='word_1_335' title='bbox 2813 1889 3074 1947; x_wconf 85' lang='lat' dir='ltr'>Gaudete</span> <span class='ocrx_word' id='word_1_336' title='bbox 3111 1894 3168 1948; x_wconf 90' lang='lat' dir='ltr'>et</span> <span class='ocrx_word' id='word_1_337' title='bbox 3211 1890 3467 1948; x_wconf 89' lang='lat' dir='ltr'>exultate</span> 
     </span>
    </p>
   </div>
   <div class='ocr_carea' id='block_1_47' title="bbox 1814 1979 3467 2052">
    <p class='ocr_par' dir='ltr' id='par_1_47' title="bbox 1814 1979 3467 2052">
     <span class='ocr_line' id='line_1_47' title="bbox 1814 1979 3467 2052; baseline 0.002 -19"><span class='ocrx_word' id='word_1_338' title='bbox 1814 1979 2022 2050; x_wconf 90' lang='lat' dir='ltr'>spiritu</span> <span class='ocrx_word' id='word_1_339' title='bbox 2051 1979 2417 2051; x_wconf 90' lang='lat' dir='ltr'>quicumque</span> <span class='ocrx_word' id='word_1_340' title='bbox 2443 1979 2638 2051; x_wconf 90' lang='lat' dir='ltr'>proba</span> <span class='ocrx_word' id='word_1_341' title='bbox 2658 1995 2727 2036; x_wconf 92' lang='lat' dir='ltr'>ac</span> <span class='ocrx_word' id='word_1_342' title='bbox 2749 1979 3192 2052; x_wconf 88' lang='lat' dir='ltr'>persecutiones</span> <span class='ocrx_word' id='word_1_343' title='bbox 3220 1979 3467 2036; x_wconf 82' lang='lat' dir='ltr'>sustine-</span> 
     </span>
    </p>
   </div>
   <div class='ocr_carea' id='block_1_48' title="bbox 1814 2067 3470 2140">
    <p class='ocr_par' dir='ltr' id='par_1_48' title="bbox 1814 2067 3470 2140">
     <span class='ocr_line' id='line_1_48' title="bbox 1814 2067 3470 2140; baseline 0.002 -18"><span class='ocrx_word' id='word_1_344' title='bbox 1814 2068 1887 2122; x_wconf 87' lang='lat' dir='ltr'>tis</span> <span class='ocrx_word' id='word_1_345' title='bbox 1917 2071 1974 2123; x_wconf 92' lang='lat' dir='ltr'>et</span> <span class='ocrx_word' id='word_1_346' title='bbox 2012 2068 2198 2124; x_wconf 91' lang='lat' dir='ltr'>modo</span> <span class='ocrx_word' id='word_1_347' title='bbox 2231 2083 2342 2140; x_wconf 89' lang='lat' dir='ltr'>quo</span> <span class='ocrx_word' id='word_1_348' title='bbox 2377 2067 2605 2124; x_wconf 90' lang='lat' dir='ltr'>dictum</span> <span class='ocrx_word' id='word_1_349' title='bbox 2649 2074 2737 2125; x_wconf 91' lang='lat' dir='ltr'>est</span> <span class='ocrx_word' id='word_1_350' title='bbox 2773 2068 2927 2125; x_wconf 89' lang='lat' dir='ltr'>male</span> <span class='ocrx_word' id='word_1_351' title='bbox 2954 2069 3193 2126; x_wconf 88' lang='lat' dir='ltr'>auditis.</span> <span class='ocrx_word' id='word_1_352' title='bbox 3253 2068 3470 2125; x_wconf 89' lang='lat' dir='ltr'>Dicens</span> 
     </span>
    </p>
   </div>
   <div class='ocr_carea' id='block_1_49' title="bbox 1815 2156 3468 2231">
    <p class='ocr_par' dir='ltr' id='par_1_49' title="bbox 1815 2156 3468 2231">
     <span class='ocr_line' id='line_1_49' title="bbox 1815 2156 3468 2231; baseline -0.001 -15"><span class='ocrx_word' id='word_1_353' title='bbox 1815 2160 2016 2216; x_wconf 86' lang='lat' dir='ltr'>autem</span> <span class='ocrx_word' id='word_1_354' title='bbox 2042 2156 2280 2214; x_wconf 77' lang='lat' dir='ltr'>:Merces</span> <span class='ocrx_word' id='word_1_355' title='bbox 2306 2162 2503 2215; x_wconf 83' lang='lat' dir='ltr'>vestra</span> <span class='ocrx_word' id='word_1_356' title='bbox 2531 2157 2715 2213; x_wconf 88' lang='lat' dir='ltr'>multa</span> <span class='ocrx_word' id='word_1_357' title='bbox 2739 2159 2902 2214; x_wconf 80' lang='lat' dir='ltr'>estin</span> <span class='ocrx_word' id='word_1_358' title='bbox 2925 2158 3087 2216; x_wconf 63' lang='lat' dir='ltr'>cretis</span> <span class='ocrx_word' id='word_1_359' title='bbox 3117 2157 3298 2216; x_wconf 91' lang='lat' dir='ltr'>aliam</span> <span class='ocrx_word' id='word_1_360' title='bbox 3320 2173 3468 2231; x_wconf 90' lang='lat' dir='ltr'>quo-</span> 
     </span>
    </p>
   </div>
   <div class='ocr_carea' id='block_1_50' title="bbox 1815 2244 2707 2318">
    <p class='ocr_par' dir='ltr' id='par_1_50' title="bbox 1815 2244 2707 2318">
     <span class='ocr_line' id='line_1_50' title="bbox 1815 2244 2707 2318; baseline -0.002 -16"><span class='ocrx_word' id='word_1_361' title='bbox 1815 2261 1933 2318; x_wconf 89' lang='lat' dir='ltr'>que</span> <span class='ocrx_word' id='word_1_362' title='bbox 1962 2245 2427 2303; x_wconf 90' lang='lat' dir='ltr'>consolationem</span> <span class='ocrx_word' id='word_1_363' title='bbox 2457 2244 2707 2302; x_wconf 83' lang='lat' dir='ltr'>induxit.</span> 
     </span>
    </p>
   </div>
   <div class='ocr_carea' id='block_1_51' title="bbox 1887 2334 3468 2408">
    <p class='ocr_par' dir='ltr' id='par_1_51' title="bbox 1887 2334 3468 2408">
     <span class='ocr_line' id='line_1_51' title="bbox 1887 2334 3468 2408; baseline 0.001 -19"><span class='ocrx_word' id='word_1_364' title='bbox 1887 2335 1930 2405; x_wconf 78' lang='lat'>~1-</span> <span class='ocrx_word' id='word_1_365' title='bbox 1953 2335 2106 2390; x_wconf 88' lang='lat' dir='ltr'>Nam</span> <span class='ocrx_word' id='word_1_366' title='bbox 2127 2335 2455 2407; x_wconf 88' lang='lat' dir='ltr'>opprobria</span> <span class='ocrx_word' id='word_1_367' title='bbox 2471 2334 2764 2390; x_wconf 88' lang='lat' dir='ltr'>sustinere</span> <span class='ocrx_word' id='word_1_368' title='bbox 2802 2350 3091 2408; x_wconf 83' lang='lat' dir='ltr'>magnum</span> <span class='ocrx_word' id='word_1_369' title='bbox 3115 2339 3222 2403; x_wconf 88' lang='lat' dir='ltr'>est,</span> <span class='ocrx_word' id='word_1_370' title='bbox 3247 2339 3304 2392; x_wconf 91' lang='lat' dir='ltr'>et</span> <span class='ocrx_word' id='word_1_371' title='bbox 3339 2351 3468 2408; x_wconf 83' lang='lat' dir='ltr'>gra-</span> 
     </span>
    </p>
   </div>
   <div class='ocr_carea' id='block_1_52' title="bbox 1815 2422 3470 2496">
    <p class='ocr_par' dir='ltr' id='par_1_52' title="bbox 1815 2422 3470 2496">
     <span class='ocr_line' id='line_1_52' title="bbox 1815 2422 3470 2496; baseline 0.001 -17"><span class='ocrx_word' id='word_1_372' title='bbox 1815 2437 1888 2479; x_wconf 87' lang='lat' dir='ltr'>ve</span> <span class='ocrx_word' id='word_1_373' title='bbox 1918 2422 2264 2480; x_wconf 78' lang='lat' dir='ltr'>admodum.</span> <span class='ocrx_word' id='word_1_374' title='bbox 2291 2423 2454 2479; x_wconf 90' lang='lat' dir='ltr'>Unde</span> <span class='ocrx_word' id='word_1_375' title='bbox 2484 2429 2539 2479; x_wconf 91' lang='lat' dir='ltr'>et</span> <span class='ocrx_word' id='word_1_376' title='bbox 2557 2422 2666 2479; x_wconf 90' lang='lat' dir='ltr'>Job</span> <span class='ocrx_word' id='word_1_377' title='bbox 2686 2427 3003 2496; x_wconf 85' lang='lat' dir='ltr'>postquam</span> <span class='ocrx_word' id='word_1_378' title='bbox 3028 2424 3174 2481; x_wconf 87' lang='lat' dir='ltr'>alias</span> <span class='ocrx_word' id='word_1_379' title='bbox 3201 2424 3470 2481; x_wconf 89' lang='lat' dir='ltr'>tentatio-</span> 
     </span>
    </p>
   </div>
   <div class='ocr_carea' id='block_1_53' title="bbox 1818 2511 3468 2584">
    <p class='ocr_par' dir='ltr' id='par_1_53' title="bbox 1818 2511 3468 2584">
     <span class='ocr_line' id='line_1_53' title="bbox 1818 2511 3468 2584; baseline 0 -16"><span class='ocrx_word' id='word_1_380' title='bbox 1818 2527 1924 2568; x_wconf 90' lang='lat' dir='ltr'>nes</span> <span class='ocrx_word' id='word_1_381' title='bbox 1973 2514 2265 2584; x_wconf 86' lang='lat' dir='ltr'>patienter</span> <span class='ocrx_word' id='word_1_382' title='bbox 2312 2511 2674 2579; x_wconf 87' lang='lat' dir='ltr'>toleraverat,</span> <span class='ocrx_word' id='word_1_383' title='bbox 2710 2517 2844 2570; x_wconf 84' lang='lat' dir='ltr'>tanc</span> <span class='ocrx_word' id='word_1_384' title='bbox 2891 2515 3150 2570; x_wconf 83' lang='lat' dir='ltr'>maxime</span> <span class='ocrx_word' id='word_1_385' title='bbox 3198 2513 3468 2570; x_wconf 90' lang='lat' dir='ltr'>turbatus</span> 
     </span>
    </p>
   </div>
   <div class='ocr_carea' id='block_1_54' title="bbox 1817 2600 3468 2674">
    <p class='ocr_par' dir='ltr' id='par_1_54' title="bbox 1817 2600 3468 2674">
     <span class='ocr_line' id='line_1_54' title="bbox 1817 2600 3468 2674; baseline -0.001 -16"><span class='ocrx_word' id='word_1_386' title='bbox 1817 2606 1929 2666; x_wconf 86' lang='lat' dir='ltr'>est.</span> <span class='ocrx_word' id='word_1_387' title='bbox 1953 2600 2202 2674; x_wconf 87' lang='lat' dir='ltr'>quando</span> <span class='ocrx_word' id='word_1_388' title='bbox 2227 2600 2306 2658; x_wconf 88' lang='lat' dir='ltr'>ab</span> <span class='ocrx_word' id='word_1_389' title='bbox 2324 2601 2532 2658; x_wconf 90' lang='lat' dir='ltr'>amicis</span> <span class='ocrx_word' id='word_1_390' title='bbox 2558 2601 2898 2674; x_wconf 89' lang='lat' dir='ltr'>opprobriis</span> <span class='ocrx_word' id='word_1_391' title='bbox 2922 2601 3318 2669; x_wconf 79' lang='lat' dir='ltr'>afﬁciebatur,</span> <span class='ocrx_word' id='word_1_392' title='bbox 3345 2608 3468 2659; x_wconf 89' lang='lat' dir='ltr'>tan-</span> 
     </span>
    </p>
   </div>
   <div class='ocr_carea' id='block_1_55' title="bbox 1816 2695 3027 2764">
    <p class='ocr_par' dir='ltr' id='par_1_55' title="bbox 1816 2695 3027 2764">
     <span class='ocr_line' id='line_1_55' title="bbox 1816 2695 3027 2764; baseline 0 -18"><span class='ocrx_word' id='word_1_393' title='bbox 1816 2705 2004 2763; x_wconf 90' lang='lat' dir='ltr'>quam</span> <span class='ocrx_word' id='word_1_394' title='bbox 2032 2695 2268 2762; x_wconf 87' lang='lat' dir='ltr'>propter</span> <span class='ocrx_word' id='word_1_395' title='bbox 2299 2695 2542 2762; x_wconf 89' lang='lat' dir='ltr'>peccata</span> <span class='ocrx_word' id='word_1_396' title='bbox 2566 2706 2678 2747; x_wconf 87' lang='lat' dir='ltr'>sua</span> <span class='ocrx_word' id='word_1_397' title='bbox 2706 2695 3027 2764; x_wconf 87' lang='lat' dir='ltr'>pateretur.</span> 
     </span>
    </p>
   </div>
   <div class='ocr_carea' id='block_1_56' title="bbox 1890 2778 3470 2852">
    <p class='ocr_par' dir='ltr' id='par_1_56' title="bbox 1890 2778 3470 2852">
     <span class='ocr_line' id='line_1_56' title="bbox 1890 2778 3470 2852; baseline 0.002 -18"><span class='ocrx_word' id='word_1_398' title='bbox 1890 2778 2055 2834; x_wconf 89' lang='lat' dir='ltr'>Vers.</span> <span class='ocrx_word' id='word_1_399' title='bbox 2090 2781 2174 2834; x_wconf 82' lang='lat' dir='ltr'>l2.</span> <span class='ocrx_word' id='word_1_400' title='bbox 2207 2779 2304 2837; x_wconf 87' lang='lat' dir='ltr'>Ita</span> <span class='ocrx_word' id='word_1_401' title='bbox 2331 2810 2394 2820; x_wconf 98' lang='lat'>—</span> <span class='ocrx_word' id='word_1_402' title='bbox 2420 2795 2523 2852; x_wconf 67' lang='lat' dir='ltr'>qui</span> <span class='ocrx_word' id='word_1_403' title='bbox 2561 2795 2660 2837; x_wconf 83' lang='lat' dir='ltr'>vos</span> <span class='ocrx_word' id='word_1_404' title='bbox 2686 2787 3126 2850; x_wconf 69' lang='lat' dir='ltr'>praecesserunt.</span> <span class='ocrx_word' id='word_1_405' title='bbox 3173 2781 3315 2837; x_wconf 84' lang='lat' dir='ltr'>Hinc</span> <span class='ocrx_word' id='word_1_406' title='bbox 3344 2796 3470 2837; x_wconf 90' lang='lat' dir='ltr'>ma-</span> 
     </span>
    </p>
   </div>
   <div class='ocr_carea' id='block_1_57' title="bbox 144 2865 1710 2949">
    <p class='ocr_par' dir='ltr' id='par_1_57' title="bbox 144 2872 1710 2949">
     <span class='ocr_line' id='line_1_57' title="bbox 144 2872 1710 2949; baseline 0.003 -25"><span class='ocrx_word' id='word_1_407' title='bbox 144 2876 370 2949; x_wconf 71' lang='grc' dir='ltr'>ὶίακάριοί</span> <span class='ocrx_word' id='word_1_408' title='bbox 400 2875 541 2941; x_wconf 80' lang='grc' dir='ltr'>ἐστε,</span> <span class='ocrx_word' id='word_1_409' title='bbox 589 2879 680 2928; x_wconf 84' lang='grc' dir='ltr'>καὶ</span> <span class='ocrx_word' id='word_1_410' title='bbox 709 2876 774 2928; x_wconf 79' lang='grc' dir='ltr'>τα</span> <span class='ocrx_word' id='word_1_411' title='bbox 811 2875 945 2942; x_wconf 76' lang='grc' dir='ltr'>ἑξῆς,</span> <span class='ocrx_word' id='word_1_412' title='bbox 979 2872 1128 2937; x_wconf 80' lang='grc' dir='ltr'>ἰδίως</span> <span class='ocrx_word' id='word_1_413' title='bbox 1173 2878 1303 2949; x_wconf 84' lang='grc' dir='ltr'>πρὸς</span> <span class='ocrx_word' id='word_1_414' title='bbox 1332 2879 1446 2936; x_wconf 88' lang='grc' dir='ltr'>τοὺς</span> <span class='ocrx_word' id='word_1_415' title='bbox 1477 2877 1710 2948; x_wconf 84' lang='grc' dir='ltr'>μαθητὰς</span> 
     </span>
    </p>
   </div>
   <div class='ocr_carea' id='block_1_58' title="bbox 1828 2865 3470 2949">
    <p class='ocr_par' dir='ltr' id='par_1_58' title="bbox 1828 2865 3470 2942">
     <span class='ocr_line' id='line_1_58' title="bbox 1828 2865 3470 2942; baseline 0.002 -20"><span class='ocrx_word' id='word_1_416' title='bbox 1828 2865 2095 2924; x_wconf 84' lang='lat' dir='ltr'>nifestum</span> <span class='ocrx_word' id='word_1_417' title='bbox 2121 2872 2209 2924; x_wconf 91' lang='lat' dir='ltr'>est</span> <span class='ocrx_word' id='word_1_418' title='bbox 2227 2867 2391 2941; x_wconf 90' lang='lat' dir='ltr'>quod</span> <span class='ocrx_word' id='word_1_419' title='bbox 2414 2868 2587 2925; x_wconf 91' lang='lat' dir='ltr'>illud:</span> <span class='ocrx_word' id='word_1_420' title='bbox 2618 2869 2780 2926; x_wconf 86' lang='lat' dir='ltr'>Beati</span> <span class='ocrx_word' id='word_1_421' title='bbox 2791 2873 2951 2936; x_wconf 79' lang='lat' dir='ltr'>estis,</span> <span class='ocrx_word' id='word_1_422' title='bbox 2969 2875 3104 2936; x_wconf 90' lang='lat' dir='ltr'>etc.,</span> <span class='ocrx_word' id='word_1_423' title='bbox 3125 2869 3363 2942; x_wconf 87' lang='lat' dir='ltr'>proprie</span> <span class='ocrx_word' id='word_1_424' title='bbox 3391 2869 3470 2926; x_wconf 89' lang='lat' dir='ltr'>ad</span> 
     </span>
    </p>
   </div>
   <div class='ocr_carea' id='block_1_59' title="bbox 145 2943 1710 3040">
    <p class='ocr_par' dir='ltr' id='par_1_59' title="bbox 145 2961 1710 3040">
     <span class='ocr_line' id='line_1_59' title="bbox 145 2961 1710 3040; baseline -0.001 -22"><span class='ocrx_word' id='word_1_425' title='bbox 145 2963 303 3032; x_wconf 63' lang='grc' dir='ltr'>ιῖεπκε,</span> <span class='ocrx_word' id='word_1_426' title='bbox 347 2961 444 3016; x_wconf 76' lang='grc' dir='ltr'>διὰ</span> <span class='ocrx_word' id='word_1_427' title='bbox 484 2969 654 3038; x_wconf 87' lang='grc' dir='ltr'>μέσου</span> <span class='ocrx_word' id='word_1_428' title='bbox 707 2961 764 3017; x_wconf 72' lang='grc' dir='ltr'>δι</span> <span class='ocrx_word' id='word_1_429' title='bbox 796 2965 980 3032; x_wconf 76' lang='grc' dir='ltr'>αὐτῶν,</span> <span class='ocrx_word' id='word_1_430' title='bbox 1030 2970 1122 3018; x_wconf 79' lang='grc' dir='ltr'>καὶ</span> <span class='ocrx_word' id='word_1_431' title='bbox 1157 2968 1287 3040; x_wconf 87' lang='grc' dir='ltr'>πρὸς</span> <span class='ocrx_word' id='word_1_432' title='bbox 1315 2965 1564 3032; x_wconf 79' lang='grc' dir='ltr'>ἅπαντας,</span> <span class='ocrx_word' id='word_1_433' title='bbox 1597 2965 1710 3017; x_wconf 86' lang='grc' dir='ltr'>ὅσοι</span> 
     </span>
    </p>
   </div>
   <div class='ocr_carea' id='block_1_60' title="bbox 1828 2943 3469 3040">
    <p class='ocr_par' dir='ltr' id='par_1_60' title="bbox 1828 2955 3469 3030">
     <span class='ocr_line' id='line_1_60' title="bbox 1828 2955 3469 3030; baseline 0.002 -18"><span class='ocrx_word' id='word_1_434' title='bbox 1828 2955 2145 3029; x_wconf 84' lang='lat' dir='ltr'>discipulos</span> <span class='ocrx_word' id='word_1_435' title='bbox 2175 2956 2403 3023; x_wconf 77' lang='lat' dir='ltr'>dixerit,</span> <span class='ocrx_word' id='word_1_436' title='bbox 2446 2963 2502 3014; x_wconf 91' lang='lat' dir='ltr'>et</span> <span class='ocrx_word' id='word_1_437' title='bbox 2524 2958 2673 3030; x_wconf 90' lang='lat' dir='ltr'>ipsis</span> <span class='ocrx_word' id='word_1_438' title='bbox 2717 2959 3140 3026; x_wconf 90' lang='lat' dir='ltr'>mediantibus,</span> <span class='ocrx_word' id='word_1_439' title='bbox 3185 2961 3363 3017; x_wconf 88' lang='lat' dir='ltr'>etiam</span> <span class='ocrx_word' id='word_1_440' title='bbox 3393 2960 3469 3015; x_wconf 90' lang='lat' dir='ltr'>ad</span> 
     </span>
    </p>
   </div>
   <div class='ocr_carea' id='block_1_61' title="bbox 143 3050 1709 3127">
    <p class='ocr_par' dir='ltr' id='par_1_61' title="bbox 143 3050 1709 3127">
     <span class='ocr_line' id='line_1_61' title="bbox 143 3050 1709 3127; baseline 0.002 -25"><span class='ocrx_word' id='word_1_441' title='bbox 143 3050 350 3120; x_wconf 67' lang='grc' dir='ltr'>μευ-ουσι</span> <span class='ocrx_word' id='word_1_442' title='bbox 387 3056 676 3127; x_wconf 83' lang='grc' dir='ltr'>μιμεῖσθαι</span> <span class='ocrx_word' id='word_1_443' title='bbox 723 3058 840 3115; x_wconf 81' lang='grc' dir='ltr'>τοὺς</span> <span class='ocrx_word' id='word_1_444' title='bbox 888 3056 1130 3127; x_wconf 81' lang='grc' dir='ltr'>μαθητὰς</span> <span class='ocrx_word' id='word_1_445' title='bbox 1180 3053 1367 3110; x_wconf 73' lang='grc' dir='ltr'>αὑτοῦ.</span> <span class='ocrx_word' id='word_1_446' title='bbox 1418 3055 1568 3106; x_wconf 76' lang='grc' dir='ltr'>Οὕτω</span> <span class='ocrx_word' id='word_1_447' title='bbox 1608 3055 1709 3126; x_wconf 73' lang='grc' dir='ltr'>γὰρ</span> 
     </span>
    </p>
   </div>
   <div class='ocr_carea' id='block_1_62' title="bbox 143 3135 1713 3218">
    <p class='ocr_par' dir='ltr' id='par_1_62' title="bbox 143 3135 1713 3218">
     <span class='ocr_line' id='line_1_62' title="bbox 143 3135 1713 3218; baseline 0.004 -30"><span class='ocrx_word' id='word_1_448' title='bbox 143 3135 344 3207; x_wconf 57' lang='lat' dir='ltr'>“iuius,</span> <span class='ocrx_word' id='word_1_449' title='bbox 377 3149 534 3215; x_wconf 72' lang='grc' dir='ltr'>φησὶ,</span> <span class='ocrx_word' id='word_1_450' title='bbox 565 3146 692 3204; x_wconf 81' lang='grc' dir='ltr'>τοὺς</span> <span class='ocrx_word' id='word_1_451' title='bbox 743 3149 1012 3218; x_wconf 74' lang='grc' dir='ltr'>προφήτας</span> <span class='ocrx_word' id='word_1_452' title='bbox 1062 3147 1180 3205; x_wconf 80' lang='grc' dir='ltr'>τοὺς</span> <span class='ocrx_word' id='word_1_453' title='bbox 1229 3147 1331 3218; x_wconf 87' lang='grc' dir='ltr'>πρὸ</span> <span class='ocrx_word' id='word_1_454' title='bbox 1388 3145 1554 3216; x_wconf 78' lang='grc' dir='ltr'>ὑμῶν.</span> <span class='ocrx_word' id='word_1_455' title='bbox 1597 3150 1713 3204; x_wconf 84' lang='grc' dir='ltr'>Πῶς</span> 
     </span>
    </p>
   </div>
   <div class='ocr_carea' id='block_1_63' title="bbox 143 3228 1712 3302">
    <p class='ocr_par' dir='ltr' id='par_1_63' title="bbox 143 3228 1712 3302">
     <span class='ocr_line' id='line_1_63' title="bbox 143 3228 1712 3302; baseline 0.004 -24"><span class='ocrx_word' id='word_1_456' title='bbox 143 3229 323 3297; x_wconf 57' lang='lat' dir='ltr'>rit-sig;</span> <span class='ocrx_word' id='word_1_457' title='bbox 379 3229 765 3292; x_wconf 80' lang='grc' dir='ltr'>Ὀνειδίξοντες</span> <span class='ocrx_word' id='word_1_458' title='bbox 819 3228 1079 3302; x_wconf 83' lang='grc' dir='ltr'>δηλονότι,</span> <span class='ocrx_word' id='word_1_459' title='bbox 1131 3236 1218 3284; x_wconf 77' lang='grc' dir='ltr'>καὶ</span> <span class='ocrx_word' id='word_1_460' title='bbox 1275 3229 1571 3298; x_wconf 74' lang='grc' dir='ltr'>διώκοντες,</span> <span class='ocrx_word' id='word_1_461' title='bbox 1622 3235 1712 3284; x_wconf 87' lang='grc' dir='ltr'>καὶ</span> 
     </span>
    </p>
   </div>
   <div class='ocr_carea' id='block_1_64' title="bbox 140 3316 1712 3394">
    <p class='ocr_par' dir='ltr' id='par_1_64' title="bbox 140 3316 1712 3394">
     <span class='ocr_line' id='line_1_64' title="bbox 140 3316 1712 3394; baseline 0.002 -24"><span class='ocrx_word' id='word_1_462' title='bbox 140 3316 334 3386; x_wconf 66' lang='grc' dir='ltr'>λέγοντες</span> <span class='ocrx_word' id='word_1_463' title='bbox 378 3328 482 3372; x_wconf 73' lang='grc' dir='ltr'>πᾶν</span> <span class='ocrx_word' id='word_1_464' title='bbox 531 3324 761 3393; x_wconf 78' lang='grc' dir='ltr'>πονηρὸν</span> <span class='ocrx_word' id='word_1_465' title='bbox 808 3321 951 3394; x_wconf 81' lang='grc' dir='ltr'>ῥῆμα</span> <span class='ocrx_word' id='word_1_466' title='bbox 995 3321 1106 3393; x_wconf 83' lang='grc'>(39)</span> <span class='ocrx_word' id='word_1_467' title='bbox 1153 3321 1268 3374; x_wconf 77' lang='grc' dir='ltr'>κατ’</span> <span class='ocrx_word' id='word_1_468' title='bbox 1315 3321 1481 3374; x_wconf 69' lang='grc' dir='ltr'>αὐτῶν</span> <span class='ocrx_word' id='word_1_469' title='bbox 1509 3317 1712 3393; x_wconf 71' lang='grc' dir='ltr'>ψευδό-</span> 
     </span>
    </p>
   </div>
   <div class='ocr_carea' id='block_1_65' title="bbox 135 3408 1711 3484">
    <p class='ocr_par' dir='ltr' id='par_1_65' title="bbox 135 3408 1711 3484">
     <span class='ocr_line' id='line_1_65' title="bbox 135 3408 1711 3484; baseline 0.003 -27"><span class='ocrx_word' id='word_1_470' title='bbox 135 3425 273 3478; x_wconf 59' lang='grc' dir='ltr'>μενοι,</span> <span class='ocrx_word' id='word_1_471' title='bbox 295 3410 453 3463; x_wconf 73' lang='grc' dir='ltr'>ἕνεκεν</span> <span class='ocrx_word' id='word_1_472' title='bbox 491 3418 589 3462; x_wconf 76' lang='grc' dir='ltr'>τοῦ</span> <span class='ocrx_word' id='word_1_473' title='bbox 639 3417 792 3464; x_wconf 78' lang='grc' dir='ltr'>Θεοῦ.</span> <span class='ocrx_word' id='word_1_474' title='bbox 825 3408 1022 3484; x_wconf 79' lang='grc' dir='ltr'>Ὠσπερ</span> <span class='ocrx_word' id='word_1_475' title='bbox 1075 3411 1176 3484; x_wconf 72' lang='grc' dir='ltr'>γὰρ</span> <span class='ocrx_word' id='word_1_476' title='bbox 1234 3411 1381 3482; x_wconf 78' lang='grc' dir='ltr'>ὑμεῖς</span> <span class='ocrx_word' id='word_1_477' title='bbox 1436 3411 1556 3483; x_wconf 90' lang='grc' dir='ltr'>παρ’</span> <span class='ocrx_word' id='word_1_478' title='bbox 1587 3409 1711 3482; x_wconf 76' lang='grc' dir='ltr'>ἕμοῦ</span> 
     </span>
    </p>
   </div>
   <div class='ocr_carea' id='block_1_66' title="bbox 137 3493 1713 3571">
    <p class='ocr_par' dir='ltr' id='par_1_66' title="bbox 137 3493 1713 3571">
     <span class='ocr_line' id='line_1_66' title="bbox 137 3493 1713 3571; baseline 0.003 -25"><span class='ocrx_word' id='word_1_479' title='bbox 137 3493 566 3566; x_wconf 65' lang='grc' dir='ltr'>ἀποσταλησεσθε,</span> <span class='ocrx_word' id='word_1_480' title='bbox 621 3497 948 3571; x_wconf 78' lang='grc' dir='ltr'>κηρύξοντες,</span> <span class='ocrx_word' id='word_1_481' title='bbox 999 3500 1100 3550; x_wconf 83' lang='grc' dir='ltr'>ὅσα</span> <span class='ocrx_word' id='word_1_482' title='bbox 1154 3496 1449 3571; x_wconf 79' lang='grc' dir='ltr'>ἐντελοῦμαι</span> <span class='ocrx_word' id='word_1_483' title='bbox 1502 3515 1514 3528; x_wconf 76' lang='grc'><strong><em>⁸</em></strong></span> <span class='ocrx_word' id='word_1_484' title='bbox 1577 3498 1713 3552; x_wconf 81' lang='grc' dir='ltr'>οὕτω</span> 
     </span>
    </p>
   </div>
   <div class='ocr_carea' id='block_1_67' title="bbox 139 3579 1709 3662">
    <p class='ocr_par' dir='ltr' id='par_1_67' title="bbox 139 3579 1709 3662">
     <span class='ocr_line' id='line_1_67' title="bbox 139 3579 1709 3662; baseline 0.001 -23"><span class='ocrx_word' id='word_1_485' title='bbox 139 3579 190 3639; x_wconf 68' lang='grc' dir='ltr'>δὴ</span> <span class='ocrx_word' id='word_1_486' title='bbox 216 3583 431 3639; x_wconf 70' lang='grc' dir='ltr'>κάκεῖνοι</span> <span class='ocrx_word' id='word_1_487' title='bbox 461 3590 617 3662; x_wconf 85' lang='grc' dir='ltr'>παρὰ</span> <span class='ocrx_word' id='word_1_488' title='bbox 669 3594 760 3638; x_wconf 80' lang='grc' dir='ltr'>τοῦ</span> <span class='ocrx_word' id='word_1_489' title='bbox 817 3593 950 3640; x_wconf 78' lang='grc' dir='ltr'>Θεοῦ</span> <span class='ocrx_word' id='word_1_490' title='bbox 996 3585 1384 3644; x_wconf 78' lang='grc' dir='ltr'>ἀπεστάλησαν.</span> <span class='ocrx_word' id='word_1_491' title='bbox 1420 3586 1588 3640; x_wconf 83' lang='grc' dir='ltr'>Εἰπὼν</span> <span class='ocrx_word' id='word_1_492' title='bbox 1631 3583 1709 3654; x_wconf 65' lang='grc' dir='ltr'>δι,</span> 
     </span>
    </p>
   </div>
   <div class='ocr_carea' id='block_1_68' title="bbox 132 3673 1714 3750">
    <p class='ocr_par' dir='ltr' id='par_1_68' title="bbox 132 3673 1714 3750">
     <span class='ocr_line' id='line_1_68' title="bbox 132 3673 1714 3750; baseline 0.003 -28"><span class='ocrx_word' id='word_1_493' title='bbox 132 3673 196 3723; x_wconf 73' lang='grc' dir='ltr'>ὁτι</span> <span class='ocrx_word' id='word_1_494' title='bbox 220 3680 340 3737; x_wconf 70' lang='grc' dir='ltr'>Τοὺς</span> <span class='ocrx_word' id='word_1_495' title='bbox 380 3681 664 3750; x_wconf 73' lang='grc' dir='ltr'>προφήτας</span> <span class='ocrx_word' id='word_1_496' title='bbox 706 3680 829 3729; x_wconf 77' lang='grc' dir='ltr'>τοὺς</span> <span class='ocrx_word' id='word_1_497' title='bbox 869 3679 968 3750; x_wconf 85' lang='grc' dir='ltr'>πρὸ</span> <span class='ocrx_word' id='word_1_498' title='bbox 1001 3677 1163 3747; x_wconf 77' lang='grc' dir='ltr'>ὑμῶν,</span> <span class='ocrx_word' id='word_1_499' title='bbox 1209 3675 1462 3748; x_wconf 76' lang='grc' dir='ltr'>ἐνέφηνεν,</span> <span class='ocrx_word' id='word_1_500' title='bbox 1494 3677 1573 3728; x_wconf 87' lang='grc' dir='ltr'>ὃτι</span> <span class='ocrx_word' id='word_1_501' title='bbox 1625 3681 1714 3728; x_wconf 82' lang='grc' dir='ltr'>καὶ</span> 
     </span>
    </p>
   </div>
   <div class='ocr_carea' id='block_1_69' title="bbox 135 3759 1715 3837">
    <p class='ocr_par' dir='ltr' id='par_1_69' title="bbox 135 3759 1715 3837">
     <span class='ocr_line' id='line_1_69' title="bbox 135 3759 1715 3837; baseline 0.004 -28"><span class='ocrx_word' id='word_1_502' title='bbox 135 3759 248 3812; x_wconf 73' lang='grc' dir='ltr'>εὗτοι</span> <span class='ocrx_word' id='word_1_503' title='bbox 277 3767 760 3837; x_wconf 69' lang='grc' dir='ltr'>προφητεύσουσιν.</span> <span class='ocrx_word' id='word_1_504' title='bbox 827 3761 934 3836; x_wconf 84' lang='grc' dir='ltr'>[Εἰ</span> <span class='ocrx_word' id='word_1_505' title='bbox 980 3764 1092 3836; x_wconf 79' lang='grc'>(40)</span> <span class='ocrx_word' id='word_1_506' title='bbox 1139 3768 1306 3815; x_wconf 85' lang='grc' dir='ltr'>τοίνυν</span> <span class='ocrx_word' id='word_1_507' title='bbox 1359 3762 1571 3826; x_wconf 71' lang='grc' dir='ltr'>ἐκείνοις</span> <span class='ocrx_word' id='word_1_508' title='bbox 1621 3764 1715 3816; x_wconf 73' lang='grc' dir='ltr'>οὐκ</span> 
     </span>
    </p>
   </div>
   <div class='ocr_carea' id='block_1_70' title="bbox 133 3845 1715 3926">
    <p class='ocr_par' dir='ltr' id='par_1_70' title="bbox 133 3845 1715 3926">
     <span class='ocr_line' id='line_1_70' title="bbox 133 3845 1715 3926; baseline 0.001 -22"><span class='ocrx_word' id='word_1_509' title='bbox 133 3845 179 3904; x_wconf 70' lang='grc' dir='ltr'>ξ»</span> <span class='ocrx_word' id='word_1_510' title='bbox 199 3851 460 3924; x_wconf 59' lang='grc' dir='ltr'>ἐπίψογον,</span> <span class='ocrx_word' id='word_1_511' title='bbox 492 3858 555 3905; x_wconf 85' lang='grc' dir='ltr'>τὸ</span> <span class='ocrx_word' id='word_1_512' title='bbox 587 3855 818 3924; x_wconf 84' lang='grc' dir='ltr'>πάσχειν</span> <span class='ocrx_word' id='word_1_513' title='bbox 847 3848 940 3904; x_wconf 80' lang='grc' dir='ltr'>διὰ</span> <span class='ocrx_word' id='word_1_514' title='bbox 978 3855 1128 3922; x_wconf 83' lang='grc' dir='ltr'>Θεὸν,</span> <span class='ocrx_word' id='word_1_515' title='bbox 1160 3854 1361 3914; x_wconf 86' lang='grc' dir='ltr'>πάντως</span> <span class='ocrx_word' id='word_1_516' title='bbox 1389 3849 1508 3905; x_wconf 76' lang='grc' dir='ltr'>οὐδ’</span> <span class='ocrx_word' id='word_1_517' title='bbox 1545 3851 1715 3926; x_wconf 83' lang='grc' dir='ltr'>ὑμῖν.]</span> 
     </span>
    </p>
   </div>
   <div class='ocr_carea' id='block_1_71' title="bbox 132 3937 1714 4015">
    <p class='ocr_par' dir='ltr' id='par_1_71' title="bbox 132 3937 1714 4015">
     <span class='ocr_line' id='line_1_71' title="bbox 132 3937 1714 4015; baseline 0.004 -28"><span class='ocrx_word' id='word_1_518' title='bbox 132 3937 257 3990; x_wconf 69' lang='grc' dir='ltr'>ῦᾶτω</span> <span class='ocrx_word' id='word_1_519' title='bbox 310 3949 413 4002; x_wconf 78' lang='grc' dir='ltr'>τοῖς</span> <span class='ocrx_word' id='word_1_520' title='bbox 471 3949 772 4015; x_wconf 74' lang='grc' dir='ltr'>προφήταις</span> <span class='ocrx_word' id='word_1_521' title='bbox 821 3947 1130 4013; x_wconf 87' lang='grc' dir='ltr'>παρισώσας</span> <span class='ocrx_word' id='word_1_522' title='bbox 1177 3940 1383 4008; x_wconf 78' lang='grc' dir='ltr'>αὐτοὺς,</span> <span class='ocrx_word' id='word_1_523' title='bbox 1436 3938 1714 4000; x_wconf 79' lang='grc' dir='ltr'>ἀνέστησεν</span> 
     </span>
    </p>
   </div>
   <div class='ocr_carea' id='block_1_72' title="bbox 131 4026 726 4105">
    <p class='ocr_par' dir='ltr' id='par_1_72' title="bbox 131 4026 726 4105">
     <span class='ocr_line' id='line_1_72' title="bbox 131 4026 726 4105; baseline 0.007 -26"><span class='ocrx_word' id='word_1_524' title='bbox 131 4026 271 4080; x_wconf 56' lang='lat' dir='ltr'>the:</span> <span class='ocrx_word' id='word_1_525' title='bbox 298 4033 365 4082; x_wconf 75' lang='grc' dir='ltr'>τὰ</span> <span class='ocrx_word' id='word_1_526' title='bbox 393 4035 726 4105; x_wconf 71' lang='grc' dir='ltr'>φρονήματα.</span> 
     </span>
    </p>
   </div>
   <div class='ocr_carea' id='block_1_73' title="bbox 187 4116 1716 4194">
    <p class='ocr_par' dir='ltr' id='par_1_73' title="bbox 187 4116 1716 4194">
     <span class='ocr_line' id='line_1_73' title="bbox 187 4116 1716 4194; baseline 0.003 -26"><span class='ocrx_word' id='word_1_527' title='bbox 187 4116 325 4170; x_wconf 66' lang='grc' dir='ltr'>Βλέπε</span> <span class='ocrx_word' id='word_1_528' title='bbox 365 4116 449 4186; x_wconf 68' lang='grc' dir='ltr'>δε,</span> <span class='ocrx_word' id='word_1_529' title='bbox 483 4123 623 4192; x_wconf 80' lang='grc' dir='ltr'>μετὰ</span> <span class='ocrx_word' id='word_1_530' title='bbox 665 4123 832 4180; x_wconf 84' lang='grc' dir='ltr'>πόσας</span> <span class='ocrx_word' id='word_1_531' title='bbox 875 4117 1076 4182; x_wconf 64' lang='grc' dir='ltr'>ἐντολὰς</span> <span class='ocrx_word' id='word_1_532' title='bbox 1122 4123 1208 4172; x_wconf 90' lang='grc' dir='ltr'>τὸν</span> <span class='ocrx_word' id='word_1_533' title='bbox 1243 4122 1578 4194; x_wconf 85' lang='grc' dir='ltr'>μακαρισμὸν</span> <span class='ocrx_word' id='word_1_534' title='bbox 1623 4127 1716 4172; x_wconf 80' lang='grc' dir='ltr'>τοῦ</span> 
     </span>
    </p>
   </div>
   <div class='ocr_carea' id='block_1_74' title="bbox 130 4199 1716 4279">
    <p class='ocr_par' dir='ltr' id='par_1_74' title="bbox 130 4199 1716 4279">
     <span class='ocr_line' id='line_1_74' title="bbox 130 4199 1716 4279; baseline 0 -20"><span class='ocrx_word' id='word_1_535' title='bbox 130 4199 339 4279; x_wconf 49' lang='lat' dir='ltr'>ita-rigor}</span> <span class='ocrx_word' id='word_1_536' title='bbox 395 4217 494 4261; x_wconf 80' lang='grc' dir='ltr'>τοῦ</span> <span class='ocrx_word' id='word_1_537' title='bbox 538 4209 700 4261; x_wconf 77' lang='grc' dir='ltr'>ἕνεκεν</span> <span class='ocrx_word' id='word_1_538' title='bbox 755 4205 1113 4277; x_wconf 82' lang='grc' dir='ltr'>δικαιοσύνης,</span> <span class='ocrx_word' id='word_1_539' title='bbox 1167 4214 1258 4262; x_wconf 85' lang='grc' dir='ltr'>καὶ</span> <span class='ocrx_word' id='word_1_540' title='bbox 1309 4212 1395 4261; x_wconf 88' lang='grc' dir='ltr'>τὸν</span> <span class='ocrx_word' id='word_1_541' title='bbox 1447 4216 1538 4262; x_wconf 80' lang='grc' dir='ltr'>τοῦ</span> <span class='ocrx_word' id='word_1_542' title='bbox 1589 4207 1716 4261; x_wconf 85' lang='grc' dir='ltr'>ὀνει-</span> 
     </span>
    </p>
   </div>
   <div class='ocr_carea' id='block_1_75' title="bbox 1819 3045 3470 3117">
    <p class='ocr_par' dir='ltr' id='par_1_75' title="bbox 1819 3045 3470 3117">
     <span class='ocr_line' id='line_1_75' title="bbox 1819 3045 3470 3117; baseline 0.002 -14"><span class='ocrx_word' id='word_1_543' title='bbox 1819 3061 2049 3113; x_wconf 88' lang='lat' dir='ltr'>omnes,</span> <span class='ocrx_word' id='word_1_544' title='bbox 2069 3045 2502 3117; x_wconf 90' lang='lat' dir='ltr'>quidiscipulos</span> <span class='ocrx_word' id='word_1_545' title='bbox 2515 3063 2656 3102; x_wconf 89' lang='lat' dir='ltr'>suos</span> <span class='ocrx_word' id='word_1_546' title='bbox 2669 3053 2867 3104; x_wconf 90' lang='lat' dir='ltr'>essent</span> <span class='ocrx_word' id='word_1_547' title='bbox 2889 3048 3194 3105; x_wconf 66' lang='lat' dir='ltr'>imitatur].</span> <span class='ocrx_word' id='word_1_548' title='bbox 3211 3050 3302 3107; x_wconf 88' lang='lat' dir='ltr'>Ita</span> <span class='ocrx_word' id='word_1_549' title='bbox 3316 3049 3470 3106; x_wconf 85' lang='lat' dir='ltr'>enim</span> 
     </span>
    </p>
   </div>
   <div class='ocr_carea' id='block_1_76' title="bbox 1819 3134 3472 3209">
    <p class='ocr_par' dir='ltr' id='par_1_76' title="bbox 1819 3134 3472 3209">
     <span class='ocr_line' id='line_1_76' title="bbox 1819 3134 3472 3209; baseline 0.003 -19"><span class='ocrx_word' id='word_1_550' title='bbox 1819 3134 2024 3206; x_wconf 88' lang='lat' dir='ltr'>inquit,</span> <span class='ocrx_word' id='word_1_551' title='bbox 2053 3135 2351 3204; x_wconf 74' lang='lat' dir='ltr'>persecuti</span> <span class='ocrx_word' id='word_1_552' title='bbox 2371 3141 2509 3190; x_wconf 85' lang='lat' dir='ltr'>sunt</span> <span class='ocrx_word' id='word_1_553' title='bbox 2532 3137 2880 3206; x_wconf 79' lang='lat' dir='ltr'>prophetas,</span> <span class='ocrx_word' id='word_1_554' title='bbox 2910 3137 3010 3209; x_wconf 82' lang='lat' dir='ltr'>qui</span> <span class='ocrx_word' id='word_1_555' title='bbox 3039 3153 3140 3194; x_wconf 87' lang='lat' dir='ltr'>vos</span> <span class='ocrx_word' id='word_1_556' title='bbox 3164 3153 3472 3208; x_wconf 67' lang='lat' dir='ltr'>praecesse-</span> 
     </span>
    </p>
   </div>
   <div class='ocr_carea' id='block_1_77' title="bbox 1820 3223 3474 3296">
    <p class='ocr_par' dir='ltr' id='par_1_77' title="bbox 1820 3223 3474 3296">
     <span class='ocr_line' id='line_1_77' title="bbox 1820 3223 3474 3296; baseline 0.002 -18"><span class='ocrx_word' id='word_1_557' title='bbox 1820 3229 1983 3279; x_wconf 86' lang='lat' dir='ltr'>runt.</span> <span class='ocrx_word' id='word_1_558' title='bbox 2001 3225 2128 3289; x_wconf 90' lang='lat' dir='ltr'>Quo</span> <span class='ocrx_word' id='word_1_559' title='bbox 2157 3223 2340 3279; x_wconf 88' lang='lat' dir='ltr'>modo</span> <span class='ocrx_word' id='word_1_560' title='bbox 2360 3223 2442 3280; x_wconf 88' lang='lat' dir='ltr'>ita</span> <span class='ocrx_word' id='word_1_561' title='bbox 2456 3224 2485 3279; x_wconf 87' lang='lat'><strong>?</strong></span> <span class='ocrx_word' id='word_1_562' title='bbox 2502 3225 2825 3296; x_wconf 89' lang='lat' dir='ltr'>opprobrio</span> <span class='ocrx_word' id='word_1_563' title='bbox 2851 3226 3123 3283; x_wconf 90' lang='lat' dir='ltr'>videlicet</span> <span class='ocrx_word' id='word_1_564' title='bbox 3150 3227 3474 3282; x_wconf 80' lang='lat' dir='ltr'>efﬁcientes</span> 
     </span>
    </p>
   </div>
   <div class='ocr_carea' id='block_1_78' title="bbox 1820 3313 3474 3385">
    <p class='ocr_par' dir='ltr' id='par_1_78' title="bbox 1820 3313 3474 3385">
     <span class='ocr_line' id='line_1_78' title="bbox 1820 3313 3474 3385; baseline 0.001 -16"><span class='ocrx_word' id='word_1_565' title='bbox 1820 3317 1878 3370; x_wconf 90' lang='lat' dir='ltr'>et</span> <span class='ocrx_word' id='word_1_566' title='bbox 1907 3317 2332 3385; x_wconf 88' lang='lat' dir='ltr'>persequentes</span> <span class='ocrx_word' id='word_1_567' title='bbox 2373 3317 2430 3369; x_wconf 88' lang='lat' dir='ltr'>et</span> <span class='ocrx_word' id='word_1_568' title='bbox 2465 3313 2724 3370; x_wconf 89' lang='lat' dir='ltr'>dicentes</span> <span class='ocrx_word' id='word_1_569' title='bbox 2753 3329 2932 3370; x_wconf 89' lang='lat' dir='ltr'>omne</span> <span class='ocrx_word' id='word_1_570' title='bbox 2971 3314 3196 3371; x_wconf 90' lang='lat' dir='ltr'>malum</span> <span class='ocrx_word' id='word_1_571' title='bbox 3223 3313 3474 3370; x_wconf 89' lang='lat' dir='ltr'>verbum</span> 
     </span>
    </p>
   </div>
   <div class='ocr_carea' id='block_1_79' title="bbox 1821 3401 3475 3476">
    <p class='ocr_par' dir='ltr' id='par_1_79' title="bbox 1821 3401 3475 3476">
     <span class='ocr_line' id='line_1_79' title="bbox 1821 3401 3475 3476; baseline 0.001 -18"><span class='ocrx_word' id='word_1_572' title='bbox 1821 3401 2184 3472; x_wconf 89' lang='lat' dir='ltr'>mentiendo,</span> <span class='ocrx_word' id='word_1_573' title='bbox 2223 3407 2466 3476; x_wconf 90' lang='lat' dir='ltr'>propter</span> <span class='ocrx_word' id='word_1_574' title='bbox 2513 3406 2720 3460; x_wconf 90' lang='lat' dir='ltr'>Deum.</span> <span class='ocrx_word' id='word_1_575' title='bbox 2771 3404 2931 3461; x_wconf 91' lang='lat' dir='ltr'>Sicut</span> <span class='ocrx_word' id='word_1_576' title='bbox 2977 3405 3136 3461; x_wconf 92' lang='lat' dir='ltr'>enim</span> <span class='ocrx_word' id='word_1_577' title='bbox 3173 3420 3282 3462; x_wconf 88' lang='lat' dir='ltr'>vos</span> <span class='ocrx_word' id='word_1_578' title='bbox 3317 3420 3354 3460; x_wconf 89' lang='lat' dir='ltr'>a</span> <span class='ocrx_word' id='word_1_579' title='bbox 3391 3419 3475 3460; x_wconf 90' lang='lat' dir='ltr'>me</span> 
     </span>
    </p>
   </div>
   <div class='ocr_carea' id='block_1_80' title="bbox 1821 3492 3479 3566">
    <p class='ocr_par' dir='ltr' id='par_1_80' title="bbox 1821 3492 3479 3566">
     <span class='ocr_line' id='line_1_80' title="bbox 1821 3492 3479 3566; baseline 0.001 -18"><span class='ocrx_word' id='word_1_580' title='bbox 1821 3492 2139 3548; x_wconf 89' lang='lat' dir='ltr'>mittemini</span> <span class='ocrx_word' id='word_1_581' title='bbox 2168 3492 2536 3565; x_wconf 64' lang='lat' dir='ltr'>pradicaturi</span> <span class='ocrx_word' id='word_1_582' title='bbox 2578 3509 2948 3566; x_wconf 70' lang='lat' dir='ltr'>quaecunque</span> <span class='ocrx_word' id='word_1_583' title='bbox 2987 3509 3345 3566; x_wconf 71' lang='lat' dir='ltr'>praecepero,</span> <span class='ocrx_word' id='word_1_584' title='bbox 3394 3493 3479 3550; x_wconf 89' lang='lat' dir='ltr'>ita</span> 
     </span>
    </p>
   </div>
   <div class='ocr_carea' id='block_1_81' title="bbox 1822 3580 3478 3654">
    <p class='ocr_par' dir='ltr' id='par_1_81' title="bbox 1822 3580 3478 3654">
     <span class='ocr_line' id='line_1_81' title="bbox 1822 3580 3478 3654; baseline 0.001 -18"><span class='ocrx_word' id='word_1_585' title='bbox 1822 3585 1880 3638; x_wconf 88' lang='lat' dir='ltr'>et</span> <span class='ocrx_word' id='word_1_586' title='bbox 1908 3580 1990 3636; x_wconf 91' lang='lat' dir='ltr'>illi</span> <span class='ocrx_word' id='word_1_587' title='bbox 2017 3598 2053 3637; x_wconf 87' lang='lat' dir='ltr'>a</span> <span class='ocrx_word' id='word_1_588' title='bbox 2082 3583 2200 3638; x_wconf 87' lang='lat' dir='ltr'>Deo</span> <span class='ocrx_word' id='word_1_589' title='bbox 2230 3583 2394 3637; x_wconf 87' lang='lat' dir='ltr'>missi</span> <span class='ocrx_word' id='word_1_590' title='bbox 2415 3585 2603 3638; x_wconf 89' lang='lat' dir='ltr'>erant.</span> <span class='ocrx_word' id='word_1_591' title='bbox 2641 3582 2848 3638; x_wconf 90' lang='lat' dir='ltr'>Dicens</span> <span class='ocrx_word' id='word_1_592' title='bbox 2873 3587 3077 3640; x_wconf 88' lang='lat' dir='ltr'>autem</span> <span class='ocrx_word' id='word_1_593' title='bbox 3107 3599 3120 3638; x_wconf 91' lang='lat'><strong>:</strong></span> <span class='ocrx_word' id='word_1_594' title='bbox 3154 3581 3478 3654; x_wconf 80' lang='lat' dir='ltr'>PrOphetas</span> 
     </span>
    </p>
   </div>
   <div class='ocr_carea' id='block_1_82' title="bbox 1824 3669 3477 3744">
    <p class='ocr_par' dir='ltr' id='par_1_82' title="bbox 1824 3669 3477 3744">
     <span class='ocr_line' id='line_1_82' title="bbox 1824 3669 3477 3744; baseline 0 -18"><span class='ocrx_word' id='word_1_595' title='bbox 1824 3671 1925 3743; x_wconf 80' lang='lat' dir='ltr'>qui</span> <span class='ocrx_word' id='word_1_596' title='bbox 1963 3686 2057 3728; x_wconf 79' lang='lat' dir='ltr'>vos</span> <span class='ocrx_word' id='word_1_597' title='bbox 2097 3674 2536 3741; x_wconf 71' lang='lat' dir='ltr'>praecesserunt,</span> <span class='ocrx_word' id='word_1_598' title='bbox 2581 3671 2927 3729; x_wconf 83' lang='lat' dir='ltr'>manifestat</span> <span class='ocrx_word' id='word_1_599' title='bbox 2969 3671 3137 3744; x_wconf 91' lang='lat' dir='ltr'>quod</span> <span class='ocrx_word' id='word_1_600' title='bbox 3193 3671 3373 3728; x_wconf 90' lang='lat' dir='ltr'>etiam</span> <span class='ocrx_word' id='word_1_601' title='bbox 3415 3669 3477 3726; x_wconf 91' lang='lat' dir='ltr'>hi</span> 
     </span>
    </p>
   </div>
   <div class='ocr_carea' id='block_1_83' title="bbox 1825 3760 3480 3834">
    <p class='ocr_par' dir='ltr' id='par_1_83' title="bbox 1825 3760 3480 3834">
     <span class='ocr_line' id='line_1_83' title="bbox 1825 3760 3480 3834; baseline 0.001 -19"><span class='ocrx_word' id='word_1_602' title='bbox 1825 3760 2287 3833; x_wconf 87' lang='lat' dir='ltr'>prophetabunt.</span> <span class='ocrx_word' id='word_1_603' title='bbox 2325 3761 2380 3818; x_wconf 92' lang='lat' dir='ltr'>Si</span> <span class='ocrx_word' id='word_1_604' title='bbox 2401 3775 2560 3831; x_wconf 82' lang='lat' dir='ltr'>ergo,</span> <span class='ocrx_word' id='word_1_605' title='bbox 2582 3761 2795 3834; x_wconf 89' lang='lat' dir='ltr'>inquit,</span> <span class='ocrx_word' id='word_1_606' title='bbox 2810 3777 2932 3818; x_wconf 90' lang='lat' dir='ltr'>non</span> <span class='ocrx_word' id='word_1_607' title='bbox 2948 3767 3075 3818; x_wconf 89' lang='lat' dir='ltr'>erat</span> <span class='ocrx_word' id='word_1_608' title='bbox 3101 3760 3215 3817; x_wconf 90' lang='lat' dir='ltr'>illis</span> <span class='ocrx_word' id='word_1_609' title='bbox 3241 3761 3480 3817; x_wconf 87' lang='lat' dir='ltr'>indeco-</span> 
     </span>
    </p>
   </div>
   <div class='ocr_carea' id='block_1_84' title="bbox 1823 3849 3477 3923">
    <p class='ocr_par' dir='ltr' id='par_1_84' title="bbox 1823 3849 3477 3923">
     <span class='ocr_line' id='line_1_84' title="bbox 1823 3849 3477 3923; baseline 0.001 -19"><span class='ocrx_word' id='word_1_610' title='bbox 1823 3865 1957 3906; x_wconf 87' lang='lat' dir='ltr'>rum</span> <span class='ocrx_word' id='word_1_611' title='bbox 2012 3851 2132 3923; x_wconf 89' lang='lat' dir='ltr'>pati</span> <span class='ocrx_word' id='word_1_612' title='bbox 2191 3853 2424 3922; x_wconf 90' lang='lat' dir='ltr'>propter</span> <span class='ocrx_word' id='word_1_613' title='bbox 2478 3853 2686 3916; x_wconf 89' lang='lat' dir='ltr'>Deum,</span> <span class='ocrx_word' id='word_1_614' title='bbox 2755 3866 2952 3923; x_wconf 90' lang='lat' dir='ltr'>neque</span> <span class='ocrx_word' id='word_1_615' title='bbox 3000 3850 3252 3908; x_wconf 90' lang='lat' dir='ltr'>omnino</span> <span class='ocrx_word' id='word_1_616' title='bbox 3286 3849 3477 3907; x_wconf 90' lang='lat' dir='ltr'>vobis.</span> 
     </span>
    </p>
   </div>
   <div class='ocr_carea' id='block_1_85' title="bbox 1825 3938 3478 4012">
    <p class='ocr_par' dir='ltr' id='par_1_85' title="bbox 1825 3938 3478 4012">
     <span class='ocr_line' id='line_1_85' title="bbox 1825 3938 3478 4012; baseline 0.002 -19"><span class='ocrx_word' id='word_1_617' title='bbox 1825 3939 1911 3995; x_wconf 85' lang='lat' dir='ltr'>ita</span> <span class='ocrx_word' id='word_1_618' title='bbox 1934 3938 2240 4011; x_wconf 89' lang='lat' dir='ltr'>prophetis</span> <span class='ocrx_word' id='word_1_619' title='bbox 2270 3954 2371 3996; x_wconf 90' lang='lat' dir='ltr'>eos</span> <span class='ocrx_word' id='word_1_620' title='bbox 2410 3939 2812 4012; x_wconf 83' lang='lat' dir='ltr'>adaequando,</span> <span class='ocrx_word' id='word_1_621' title='bbox 2845 3944 3073 3997; x_wconf 89' lang='lat' dir='ltr'>mentes</span> <span class='ocrx_word' id='word_1_622' title='bbox 3101 3940 3288 3998; x_wconf 81' lang='lat' dir='ltr'>erexit</span> <span class='ocrx_word' id='word_1_623' title='bbox 3317 3939 3478 4012; x_wconf 88' lang='lat' dir='ltr'>ipso-</span> 
     </span>
    </p>
   </div>
   <div class='ocr_carea' id='block_1_86' title="bbox 1826 4042 1984 4083">
    <p class='ocr_par' dir='ltr' id='par_1_86' title="bbox 1826 4042 1984 4083">
     <span class='ocr_line' id='line_1_86' title="bbox 1826 4042 1984 4083; baseline -0.006 0"><span class='ocrx_word' id='word_1_624' title='bbox 1826 4042 1984 4083; x_wconf 85' lang='lat' dir='ltr'>rum.</span> 
     </span>
    </p>
   </div>
   <div class='ocr_carea' id='block_1_87' title="bbox 1897 4117 3486 4191">
    <p class='ocr_par' dir='ltr' id='par_1_87' title="bbox 1897 4117 3486 4191">
     <span class='ocr_line' id='line_1_87' title="bbox 1897 4117 3486 4191; baseline 0.002 -19"><span class='ocrx_word' id='word_1_625' title='bbox 1897 4117 2159 4173; x_wconf 87' lang='lat' dir='ltr'>Observa</span> <span class='ocrx_word' id='word_1_626' title='bbox 2175 4121 2378 4174; x_wconf 92' lang='lat' dir='ltr'>autem</span> <span class='ocrx_word' id='word_1_627' title='bbox 2403 4121 2538 4190; x_wconf 91' lang='lat' dir='ltr'>post</span> <span class='ocrx_word' id='word_1_628' title='bbox 2555 4121 2701 4191; x_wconf 89' lang='lat' dir='ltr'>quot</span> <span class='ocrx_word' id='word_1_629' title='bbox 2723 4122 3022 4191; x_wconf 75' lang='lat' dir='ltr'>prtecepta</span> <span class='ocrx_word' id='word_1_630' title='bbox 3051 4118 3316 4190; x_wconf 88' lang='lat' dir='ltr'>posuerit</span> <span class='ocrx_word' id='word_1_631' title='bbox 3335 4117 3486 4175; x_wconf 89' lang='lat' dir='ltr'>bea-</span> 
     </span>
    </p>
   </div>
   <div class='ocr_carea' id='block_1_88' title="bbox 1824 4206 3484 4280">
    <p class='ocr_par' dir='ltr' id='par_1_88' title="bbox 1824 4206 3484 4280">
     <span class='ocr_line' id='line_1_88' title="bbox 1824 4206 3484 4280; baseline 0 -17"><span class='ocrx_word' id='word_1_632' title='bbox 1824 4206 2138 4263; x_wconf 90' lang='lat' dir='ltr'>titudinem</span> <span class='ocrx_word' id='word_1_633' title='bbox 2164 4206 2481 4263; x_wconf 65' lang='lat' dir='ltr'>tolerandas</span> <span class='ocrx_word' id='word_1_634' title='bbox 2509 4208 2958 4280; x_wconf 89' lang='lat' dir='ltr'>persecutionis,</span> <span class='ocrx_word' id='word_1_635' title='bbox 2989 4222 3125 4280; x_wconf 65' lang='lat' dir='ltr'>qua:</span> <span class='ocrx_word' id='word_1_636' title='bbox 3155 4207 3222 4262; x_wconf 92' lang='lat' dir='ltr'>ﬁt</span> <span class='ocrx_word' id='word_1_637' title='bbox 3240 4209 3484 4279; x_wconf 89' lang='lat' dir='ltr'>propter</span> 
     </span>
    </p>
   </div>
   <div class='ocr_carea' id='block_1_89' title="bbox 131 4288 1710 4369">
    <p class='ocr_par' dir='ltr' id='par_1_89' title="bbox 131 4288 1710 4369">
     <span class='ocr_line' id='line_1_89' title="bbox 131 4288 1710 4369; baseline 0.004 -25"><span class='ocrx_word' id='word_1_638' title='bbox 131 4288 317 4364; x_wconf 64' lang='grc' dir='ltr'>ἓιτεεοῦ,</span> <span class='ocrx_word' id='word_1_639' title='bbox 366 4304 460 4350; x_wconf 80' lang='grc' dir='ltr'>καὶ</span> <span class='ocrx_word' id='word_1_640' title='bbox 523 4305 619 4359; x_wconf 78' lang='grc' dir='ltr'>τῆς</span> <span class='ocrx_word' id='word_1_641' title='bbox 676 4294 915 4362; x_wconf 81' lang='grc' dir='ltr'>διώξεως,</span> <span class='ocrx_word' id='word_1_642' title='bbox 968 4303 1056 4351; x_wconf 78' lang='grc' dir='ltr'>καὶ</span> <span class='ocrx_word' id='word_1_643' title='bbox 1112 4307 1208 4359; x_wconf 84' lang='grc' dir='ltr'>τῆς</span> <span class='ocrx_word' id='word_1_644' title='bbox 1263 4297 1578 4369; x_wconf 79' lang='grc' dir='ltr'>κακολογίας</span> <span class='ocrx_word' id='word_1_645' title='bbox 1632 4301 1710 4350; x_wconf 91' lang='grc' dir='ltr'>τέ-</span> 
     </span>
    </p>
   </div>
   <div class='ocr_carea' id='block_1_90' title="bbox 1828 4288 3483 4369">
    <p class='ocr_par' dir='ltr' id='par_1_90' title="bbox 1828 4294 3483 4369">
     <span class='ocr_line' id='line_1_90' title="bbox 1828 4294 3483 4369; baseline 0 -19"><span class='ocrx_word' id='word_1_646' title='bbox 1828 4294 2132 4367; x_wconf 86' lang='lat' dir='ltr'>iustitiam,</span> <span class='ocrx_word' id='word_1_647' title='bbox 2159 4300 2215 4353; x_wconf 89' lang='lat' dir='ltr'>et</span> <span class='ocrx_word' id='word_1_648' title='bbox 2244 4312 2310 4352; x_wconf 88' lang='lat' dir='ltr'>ex</span> <span class='ocrx_word' id='word_1_649' title='bbox 2321 4296 2882 4369; x_wconf 74' lang='lat' dir='ltr'>probrationis,quae</span> <span class='ocrx_word' id='word_1_650' title='bbox 2910 4297 2977 4352; x_wconf 91' lang='lat' dir='ltr'>ﬁt</span> <span class='ocrx_word' id='word_1_651' title='bbox 2995 4299 3237 4368; x_wconf 91' lang='lat' dir='ltr'>propter</span> <span class='ocrx_word' id='word_1_652' title='bbox 3263 4310 3332 4350; x_wconf 88' lang='lat' dir='ltr'>ac</span> <span class='ocrx_word' id='word_1_653' title='bbox 3354 4310 3483 4350; x_wconf 90' lang='lat' dir='ltr'>ma-</span> 
     </span>
    </p>
   </div>
   <div class='ocr_carea' id='block_1_91' title="bbox 130 4382 1717 4462">
    <p class='ocr_par' dir='ltr' id='par_1_91' title="bbox 130 4382 1717 4462">
     <span class='ocr_line' id='line_1_91' title="bbox 130 4382 1717 4462; baseline 0 -24"><span class='ocrx_word' id='word_1_654' title='bbox 130 4382 259 4456; x_wconf 63' lang='grc' dir='ltr'>θεαί,</span> <span class='ocrx_word' id='word_1_655' title='bbox 291 4384 495 4454; x_wconf 57' lang='grc' dir='ltr'>δηλῶν,</span> <span class='ocrx_word' id='word_1_656' title='bbox 537 4389 621 4440; x_wconf 85' lang='grc' dir='ltr'>ὅτι</span> <span class='ocrx_word' id='word_1_657' title='bbox 658 4392 768 4460; x_wconf 76' lang='grc' dir='ltr'>χρὴ</span> <span class='ocrx_word' id='word_1_658' title='bbox 814 4389 1009 4448; x_wconf 84' lang='grc' dir='ltr'>πάσαις</span> <span class='ocrx_word' id='word_1_659' title='bbox 1053 4394 1169 4448; x_wconf 89' lang='grc' dir='ltr'>ταῖς</span> <span class='ocrx_word' id='word_1_660' title='bbox 1218 4386 1606 4462; x_wconf 82' lang='grc' dir='ltr'>προλαϐούσαις</span> <span class='ocrx_word' id='word_1_661' title='bbox 1643 4385 1717 4438; x_wconf 82' lang='grc' dir='ltr'>έν-</span> 
     </span>
    </p>
   </div>
   <div class='ocr_carea' id='block_1_92' title="bbox 127 4473 1718 4549">
    <p class='ocr_par' dir='ltr' id='par_1_92' title="bbox 127 4473 1718 4549">
     <span class='ocr_line' id='line_1_92' title="bbox 127 4473 1718 4549; baseline 0.003 -25"><span class='ocrx_word' id='word_1_662' title='bbox 127 4473 272 4537; x_wconf 62' lang='grc' dir='ltr'>τθὶαὶς</span> <span class='ocrx_word' id='word_1_663' title='bbox 316 4479 790 4549; x_wconf 64' lang='grc' dir='ltr'>συγκεκροτῆσθαι</span> <span class='ocrx_word' id='word_1_664' title='bbox 839 4479 924 4530; x_wconf 88' lang='grc' dir='ltr'>τὸν</span> <span class='ocrx_word' id='word_1_665' title='bbox 973 4475 1041 4537; x_wconf 85' lang='grc' dir='ltr'>εἰς</span> <span class='ocrx_word' id='word_1_666' title='bbox 1084 4479 1298 4538; x_wconf 84' lang='grc' dir='ltr'>τούτους</span> <span class='ocrx_word' id='word_1_667' title='bbox 1353 4479 1468 4537; x_wconf 76' lang='grc' dir='ltr'>τοὺς</span> <span class='ocrx_word' id='word_1_668' title='bbox 1515 4474 1718 4549; x_wconf 72' lang='grc' dir='ltr'>ἀγῶνας</span> 
     </span>
    </p>
   </div>
   <div class='ocr_carea' id='block_1_93' title="bbox 129 4558 1716 4641">
    <p class='ocr_par' dir='ltr' id='par_1_93' title="bbox 129 4558 1716 4641">
     <span class='ocr_line' id='line_1_93' title="bbox 129 4558 1716 4641; baseline 0.001 -25"><span class='ocrx_word' id='word_1_669' title='bbox 129 4558 481 4639; x_wconf 62' lang='grc' dir='ltr'>ἀποδυόμενον.</span> <span class='ocrx_word' id='word_1_670' title='bbox 523 4569 622 4619; x_wconf 86' lang='grc' dir='ltr'>Διά</span> <span class='ocrx_word' id='word_1_671' title='bbox 672 4573 824 4619; x_wconf 82' lang='grc' dir='ltr'>τοῦτο</span> <span class='ocrx_word' id='word_1_672' title='bbox 869 4568 970 4641; x_wconf 69' lang='grc' dir='ltr'>Ίάρ</span> <span class='ocrx_word' id='word_1_673' title='bbox 1022 4568 1113 4618; x_wconf 76' lang='grc' dir='ltr'>καὶ</span> <span class='ocrx_word' id='word_1_674' title='bbox 1163 4565 1307 4630; x_wconf 83' lang='grc' dir='ltr'>τάξει</span> <span class='ocrx_word' id='word_1_675' title='bbox 1345 4569 1448 4619; x_wconf 84' lang='grc' dir='ltr'>τινὶ</span> <span class='ocrx_word' id='word_1_676' title='bbox 1495 4567 1716 4640; x_wconf 87' lang='grc' dir='ltr'>χρησά-</span> 
     </span>
    </p>
   </div>
   <div class='ocr_carea' id='block_1_94' title="bbox 124 4655 1716 4733">
    <p class='ocr_par' dir='ltr' id='par_1_94' title="bbox 124 4655 1716 4733">
     <span class='ocr_line' id='line_1_94' title="bbox 124 4655 1716 4733; baseline 0 -23"><span class='ocrx_word' id='word_1_677' title='bbox 124 4672 247 4722; x_wconf 62' lang='lat' dir='ltr'>sim;</span> <span class='ocrx_word' id='word_1_678' title='bbox 285 4663 514 4732; x_wconf 68' lang='grc' dir='ltr'>χρὺσῆν</span> <span class='ocrx_word' id='word_1_679' title='bbox 564 4659 690 4730; x_wconf 73' lang='grc' dir='ltr'>ἡμῖν</span> <span class='ocrx_word' id='word_1_680' title='bbox 739 4658 918 4732; x_wconf 79' lang='grc' dir='ltr'>σειρὰν</span> <span class='ocrx_word' id='word_1_681' title='bbox 966 4657 1172 4730; x_wconf 69' lang='grc' dir='ltr'>ὕφηνεν.</span> <span class='ocrx_word' id='word_1_682' title='bbox 1222 4655 1282 4710; x_wconf 80' lang='lat'><strong>&#39;0</strong></span> <span class='ocrx_word' id='word_1_683' title='bbox 1327 4659 1418 4730; x_wconf 68' lang='grc' dir='ltr'>μὶν</span> <span class='ocrx_word' id='word_1_684' title='bbox 1469 4657 1570 4733; x_wconf 69' lang='grc' dir='ltr'>γὰρ</span> <span class='ocrx_word' id='word_1_685' title='bbox 1619 4675 1716 4710; x_wconf 87' lang='grc' dir='ltr'>τα-</span> 
     </span>
    </p>
   </div>
   <div class='ocr_carea' id='block_1_95' title="bbox 1821 4381 3483 4458">
    <p class='ocr_par' dir='ltr' id='par_1_95' title="bbox 1821 4381 3483 4458">
     <span class='ocr_line' id='line_1_95' title="bbox 1821 4381 3483 4458; baseline -0.001 -17"><span class='ocrx_word' id='word_1_686' title='bbox 1821 4384 1877 4441; x_wconf 89' lang='lat' dir='ltr'>le</span> <span class='ocrx_word' id='word_1_687' title='bbox 1927 4385 2243 4452; x_wconf 90' lang='lat' dir='ltr'>dictorum,</span> <span class='ocrx_word' id='word_1_688' title='bbox 2277 4385 2445 4458; x_wconf 91' lang='lat' dir='ltr'>quod</span> <span class='ocrx_word' id='word_1_689' title='bbox 2482 4385 2767 4443; x_wconf 91' lang='lat' dir='ltr'>omnibus</span> <span class='ocrx_word' id='word_1_690' title='bbox 2819 4383 3122 4457; x_wconf 62' lang='lat' dir='ltr'>praedictis</span> <span class='ocrx_word' id='word_1_691' title='bbox 3163 4381 3483 4440; x_wconf 87' lang='lat' dir='ltr'>virtutibus</span> 
     </span>
    </p>
   </div>
   <div class='ocr_carea' id='block_1_96' title="bbox 1824 4472 3483 4547">
    <p class='ocr_par' dir='ltr' id='par_1_96' title="bbox 1824 4472 3483 4547">
     <span class='ocr_line' id='line_1_96' title="bbox 1824 4472 3483 4547; baseline -0.001 -15"><span class='ocrx_word' id='word_1_692' title='bbox 1824 4477 2096 4547; x_wconf 89' lang='lat' dir='ltr'>oporteat</span> <span class='ocrx_word' id='word_1_693' title='bbox 2106 4474 2182 4531; x_wconf 87' lang='lat' dir='ltr'>ad</span> <span class='ocrx_word' id='word_1_694' title='bbox 2180 4474 2204 4547; x_wconf 84' lang='lat' dir='ltr'><strong>j</strong></span> <span class='ocrx_word' id='word_1_695' title='bbox 2215 4477 2384 4531; x_wconf 91' lang='lat' dir='ltr'>utum</span> <span class='ocrx_word' id='word_1_696' title='bbox 2396 4489 2522 4532; x_wconf 89' lang='lat' dir='ltr'>esse</span> <span class='ocrx_word' id='word_1_697' title='bbox 2536 4490 2675 4532; x_wconf 90' lang='lat' dir='ltr'>eum</span> <span class='ocrx_word' id='word_1_698' title='bbox 2687 4474 2790 4546; x_wconf 91' lang='lat' dir='ltr'>qui</span> <span class='ocrx_word' id='word_1_699' title='bbox 2803 4474 2932 4530; x_wconf 69' lang='lat' dir='ltr'>haec</span> <span class='ocrx_word' id='word_1_700' title='bbox 2945 4472 3260 4530; x_wconf 88' lang='lat' dir='ltr'>certamina</span> <span class='ocrx_word' id='word_1_701' title='bbox 3273 4487 3483 4544; x_wconf 78' lang='lat' dir='ltr'>aggre-</span> 
     </span>
    </p>
   </div>
   <div class='ocr_carea' id='block_1_97' title="bbox 1824 4562 3482 4638">
    <p class='ocr_par' dir='ltr' id='par_1_97' title="bbox 1824 4562 3482 4638">
     <span class='ocr_line' id='line_1_97' title="bbox 1824 4562 3482 4638; baseline 0.001 -19"><span class='ocrx_word' id='word_1_702' title='bbox 1824 4563 2170 4622; x_wconf 83' lang='lat' dir='ltr'>ditur.Nam</span> <span class='ocrx_word' id='word_1_703' title='bbox 2199 4563 2336 4622; x_wconf 92' lang='lat' dir='ltr'>ideo</span> <span class='ocrx_word' id='word_1_704' title='bbox 2356 4579 2598 4638; x_wconf 90' lang='lat' dir='ltr'>quoque</span> <span class='ocrx_word' id='word_1_705' title='bbox 2626 4569 2782 4622; x_wconf 88' lang='lat' dir='ltr'>certo</span> <span class='ocrx_word' id='word_1_706' title='bbox 2811 4580 2952 4620; x_wconf 91' lang='lat' dir='ltr'>usus</span> <span class='ocrx_word' id='word_1_707' title='bbox 2975 4562 3206 4629; x_wconf 89' lang='lat' dir='ltr'>ordine,</span> <span class='ocrx_word' id='word_1_708' title='bbox 3230 4577 3482 4620; x_wconf 88' lang='lat' dir='ltr'>auream</span> 
     </span>
    </p>
   </div>
   <div class='ocr_carea' id='block_1_98' title="bbox 1823 4645 3484 4722">
    <p class='ocr_par' dir='ltr' id='par_1_98' title="bbox 1823 4645 3484 4722">
     <span class='ocr_line' id='line_1_98' title="bbox 1823 4645 3484 4722; baseline -0.002 -10"><span class='ocrx_word' id='word_1_709' title='bbox 1823 4653 1998 4712; x_wconf 90' lang='lat' dir='ltr'>nobis</span> <span class='ocrx_word' id='word_1_710' title='bbox 2028 4658 2304 4714; x_wconf 89' lang='lat' dir='ltr'>catenam</span> <span class='ocrx_word' id='word_1_711' title='bbox 2351 4654 2681 4713; x_wconf 87' lang='lat' dir='ltr'>contexuit.</span> <span class='ocrx_word' id='word_1_712' title='bbox 2717 4653 2829 4722; x_wconf 93' lang='lat' dir='ltr'>Qui</span> <span class='ocrx_word' id='word_1_713' title='bbox 2850 4653 3012 4712; x_wconf 89' lang='lat' dir='ltr'>enim</span> <span class='ocrx_word' id='word_1_714' title='bbox 3059 4653 3265 4713; x_wconf 90' lang='lat' dir='ltr'>animo</span> <span class='ocrx_word' id='word_1_715' title='bbox 3285 4645 3484 4710; x_wconf 86' lang='lat' dir='ltr'>humi-</span> 
     </span>
    </p>
   </div>
   <div class='ocr_carea' id='block_1_99' title="bbox 1335 4835 2264 4907">
    <p class='ocr_par' dir='ltr' id='par_1_99' title="bbox 1335 4835 2264 4907">
     <span class='ocr_line' id='line_1_99' title="bbox 1335 4835 2264 4907; baseline -0.001 0"><span class='ocrx_word' id='word_1_716' title='bbox 1335 4835 1557 4907; x_wconf 73' lang='lat' dir='ltr'>Variae</span> <span class='ocrx_word' id='word_1_717' title='bbox 1598 4835 1924 4906; x_wconf 90' lang='lat' dir='ltr'>lectiones</span> <span class='ocrx_word' id='word_1_718' title='bbox 1963 4843 2031 4905; x_wconf 89' lang='lat' dir='ltr'>et</span> <span class='ocrx_word' id='word_1_719' title='bbox 2058 4843 2264 4906; x_wconf 67' lang='lat' dir='ltr'>notae.</span> 
     </span>
    </p>
   </div>
   <div class='ocr_carea' id='block_1_100' title="bbox 180 5029 1711 5116">
    <p class='ocr_par' dir='ltr' id='par_1_100' title="bbox 180 5029 1711 5116">
     <span class='ocr_line' id='line_1_100' title="bbox 180 5029 1711 5116; baseline 0.003 -28"><span class='ocrx_word' id='word_1_720' title='bbox 180 5029 282 5116; x_wconf 62' lang='lat'>{31)</span> <span class='ocrx_word' id='word_1_721' title='bbox 317 5035 470 5115; x_wconf 44' lang='lat' dir='ltr'>ante</span> <span class='ocrx_word' id='word_1_722' title='bbox 494 5032 634 5116; x_wconf 46' lang='lat' dir='ltr'>hac</span> <span class='ocrx_word' id='word_1_723' title='bbox 648 5047 722 5090; x_wconf 88' lang='lat' dir='ltr'>ex</span> <span class='ocrx_word' id='word_1_724' title='bbox 739 5030 1067 5116; x_wconf 84' lang='lat' dir='ltr'>Theophyl.</span> <span class='ocrx_word' id='word_1_725' title='bbox 1083 5049 1140 5116; x_wconf 86' lang='lat' dir='ltr'>p.</span> <span class='ocrx_word' id='word_1_726' title='bbox 1155 5037 1223 5116; x_wconf 85' lang='lat'>2_7</span> <span class='ocrx_word' id='word_1_727' title='bbox 1256 5033 1306 5116; x_wconf 24' lang='lat' dir='ltr'>CA</span> <span class='ocrx_word' id='word_1_728' title='bbox 1328 5032 1495 5116; x_wconf 69' lang='lat' dir='ltr'>addit</span> <span class='ocrx_word' id='word_1_729' title='bbox 1520 5033 1711 5116; x_wconf 80' lang='lat' dir='ltr'>versio</span> 
     </span>
    </p>
   </div>
   <div class='ocr_carea' id='block_1_101' title="bbox 125 5099 1712 5182">
    <p class='ocr_par' dir='ltr' id='par_1_101' title="bbox 125 5099 1712 5182">
     <span class='ocr_line' id='line_1_101' title="bbox 125 5099 1712 5182; baseline -0.001 -24"><span class='ocrx_word' id='word_1_730' title='bbox 125 5099 381 5182; x_wconf 63' lang='lat' dir='ltr'>Romanii,</span> <span class='ocrx_word' id='word_1_731' title='bbox 402 5120 557 5180; x_wconf 65' lang='lat' dir='ltr'>qua</span> <span class='ocrx_word' id='word_1_732' title='bbox 579 5109 782 5182; x_wconf 70' lang='lat' dir='ltr'>tamen</span> <span class='ocrx_word' id='word_1_733' title='bbox 805 5099 922 5182; x_wconf 77' lang='lat' dir='ltr'>mei</span> <span class='ocrx_word' id='word_1_734' title='bbox 943 5099 1065 5182; x_wconf 78' lang='lat' dir='ltr'>non</span> <span class='ocrx_word' id='word_1_735' title='bbox 1083 5099 1314 5182; x_wconf 67' lang='lat' dir='ltr'>habent</span> <span class='ocrx_word' id='word_1_736' title='bbox 1335 5123 1351 5182; x_wconf 66' lang='grc' dir='ltr'>ξ</span> <span class='ocrx_word' id='word_1_737' title='bbox 1371 5107 1479 5179; x_wconf 86' lang='grc' dir='ltr'>Πρὸ</span> <span class='ocrx_word' id='word_1_738' title='bbox 1483 5125 1510 5182; x_wconf 71' lang='lat'><em>5</em></span> <span class='ocrx_word' id='word_1_739' title='bbox 1529 5110 1712 5182; x_wconf 76' lang='grc' dir='ltr'>πορόνο</span> 
     </span>
    </p>
   </div>
   <div class='ocr_carea' id='block_1_102' title="bbox 127 5174 1712 5250">
    <p class='ocr_par' dir='ltr' id='par_1_102' title="bbox 127 5174 1712 5250">
     <span class='ocr_line' id='line_1_102' title="bbox 127 5174 1712 5250; baseline 0.002 -23"><span class='ocrx_word' id='word_1_740' title='bbox 127 5185 201 5248; x_wconf 65' lang='grc' dir='ltr'>ῖις</span> <span class='ocrx_word' id='word_1_741' title='bbox 245 5180 354 5238; x_wconf 67' lang='grc' dir='ltr'>τοὺς</span> <span class='ocrx_word' id='word_1_742' title='bbox 407 5174 744 5250; x_wconf 73' lang='grc' dir='ltr'>ἆποστόλους</span> <span class='ocrx_word' id='word_1_743' title='bbox 797 5175 1138 5250; x_wconf 73' lang='grc' dir='ltr'>ἀποτείνεται,</span> <span class='ocrx_word' id='word_1_744' title='bbox 1188 5174 1428 5250; x_wconf 67' lang='grc' dir='ltr'>δεικνὺς,⁷</span> <span class='ocrx_word' id='word_1_745' title='bbox 1471 5179 1554 5250; x_wconf 74' lang='grc' dir='ltr'>ὃτι</span> <span class='ocrx_word' id='word_1_746' title='bbox 1597 5174 1712 5250; x_wconf 78' lang='grc' dir='ltr'>’μά-</span> 
     </span>
    </p>
   </div>
   <div class='ocr_carea' id='block_1_103' title="bbox 122 5223 1711 5311">
    <p class='ocr_par' dir='ltr' id='par_1_103' title="bbox 122 5223 1711 5311">
     <span class='ocr_line' id='line_1_103' title="bbox 122 5223 1711 5311; baseline 0.002 -12"><span class='ocrx_word' id='word_1_747' title='bbox 122 5223 265 5300; x_wconf 63' lang='grc' dir='ltr'>λιὲτιί</span> <span class='ocrx_word' id='word_1_748' title='bbox 408 5223 1496 5311; x_wconf 56' lang='grc' dir='ltr'>Ἑἆᾷἆῶῆὲιᾶ’ἐῖἓνεῖοίέξὲἆόἓιιἶ</span> <span class='ocrx_word' id='word_1_749' title='bbox 1510 5223 1711 5304; x_wconf 52' lang='grc' dir='ltr'>ίὶναΓὲι</span> 
     </span>
    </p>
   </div>
   <div class='ocr_carea' id='block_1_104' title="bbox 1825 5033 2754 5232">
    <p class='ocr_par' dir='ltr' id='par_1_104' title="bbox 1825 5033 2754 5232">
     <span class='ocr_line' id='line_1_104' title="bbox 1825 5033 2754 5232; baseline -0.002 -68"><span class='ocrx_word' id='word_1_750' title='bbox 1825 5038 1991 5178; x_wconf 44' lang='grc' dir='ltr'>μθξζίχέ)</span> <span class='ocrx_word' id='word_1_751' title='bbox 2005 5033 2462 5187; x_wconf 33' lang='lat' dir='ltr'>1illiiliophylact.</span> <span class='ocrx_word' id='word_1_752' title='bbox 2594 5105 2660 5160; x_wconf 83' lang='lat'><strong>27</strong></span> <span class='ocrx_word' id='word_1_753' title='bbox 2693 5106 2754 5162; x_wconf 83' lang='lat' dir='ltr'>C.</span> 
     </span>
     <span class='ocr_line' id='line_1_105' title="bbox 1893 5176 2556 5232; baseline -0.002 0"><span class='ocrx_word' id='word_1_754' title='bbox 1893 5177 2008 5232; x_wconf 76' lang='lat'>(39)</span> <span class='ocrx_word' id='word_1_755' title='bbox 2045 5176 2213 5232; x_wconf 78' lang='grc' dir='ltr'>Ῥῆιια</span> <span class='ocrx_word' id='word_1_756' title='bbox 2233 5180 2457 5232; x_wconf 83' lang='lat' dir='ltr'>omittit</span> <span class='ocrx_word' id='word_1_757' title='bbox 2544 5221 2556 5232; x_wconf 92' lang='lat'>.</span> 
     </span>
    </p>
   </div>
   <div class='ocr_carea' id='block_1_105' title="bbox 1920 5176 2556 5249">
    <p class='ocr_par' dir='ltr' id='par_1_105' title="bbox 1920 5176 2556 5249">
     <span class='ocr_line' id='line_1_106' title="bbox 1920 5176 2556 5249; baseline 0 -15"><span class='ocrx_word' id='word_1_758' title='bbox 1920 5176 2008 5249; x_wconf 81' lang='lat'>39)</span> <span class='ocrx_word' id='word_1_759' title='bbox 2045 5176 2213 5249; x_wconf 76' lang='grc' dir='ltr'>Ῥῆμά</span> <span class='ocrx_word' id='word_1_760' title='bbox 2233 5176 2457 5249; x_wconf 70' lang='lat' dir='ltr'>omnm</span> <span class='ocrx_word' id='word_1_761' title='bbox 2494 5176 2556 5234; x_wconf 78' lang='grc' dir='ltr'>Β.</span> 
     </span>
    </p>
   </div>
   <div class='ocr_carea' id='block_1_106' title="bbox 1893 5177 2623 5320">
    <p class='ocr_par' dir='ltr' id='par_1_106' title="bbox 1893 5177 2623 5320">
     <span class='ocr_line' id='line_1_107' title="bbox 1920 5177 2556 5249; baseline 0 -15"><span class='ocrx_word' id='word_1_762' title='bbox 1920 5181 1985 5234; x_wconf 88' lang='grc'>39</span> <span class='ocrx_word' id='word_1_763' title='bbox 2045 5177 2213 5249; x_wconf 80' lang='grc' dir='ltr'>Ῥῆμα</span> <span class='ocrx_word' id='word_1_764' title='bbox 2233 5177 2457 5234; x_wconf 89' lang='lat' dir='ltr'>omittit</span> <span class='ocrx_word' id='word_1_765' title='bbox 2494 5177 2556 5234; x_wconf 85' lang='grc' dir='ltr'>Β.</span> 
     </span>
     <span class='ocr_line' id='line_1_108' title="bbox 1893 5177 2623 5320; baseline 0.003 -17"><span class='ocrx_word' id='word_1_766' title='bbox 1893 5177 2281 5320; x_wconf 50' lang='lat' dir='ltr'>EéOlOlnclusa</span> <span class='ocrx_word' id='word_1_767' title='bbox 2312 5248 2529 5306; x_wconf 84' lang='lat' dir='ltr'>omittit</span> <span class='ocrx_word' id='word_1_768' title='bbox 2550 5251 2623 5305; x_wconf 76' lang='grc' dir='ltr'><strong>Α.</strong></span> 
     </span>
    </p>
   </div>
   <div class='ocr_carea' id='block_1_107' title="bbox 184 5419 3482 5517">
    <p class='ocr_par' dir='ltr' id='par_1_107' title="bbox 184 5419 3482 5517">
     <span class='ocr_line' id='line_1_109' title="bbox 184 5419 3482 5517; baseline -0.001 -30"><span class='ocrx_word' id='word_1_769' title='bbox 184 5427 304 5517; x_wconf 49' lang='lat' dir='ltr'>(ﬁt</span> <span class='ocrx_word' id='word_1_770' title='bbox 327 5425 1297 5517; x_wconf 41' lang='lat' dir='ltr'>Utinam.f-de:iderab§tia‘._Cum</span> <span class='ocrx_word' id='word_1_771' title='bbox 1323 5445 1394 5489; x_wconf 89' lang='lat' dir='ltr'>ea</span> <span class='ocrx_word' id='word_1_772' title='bbox 1429 5444 1568 5503; x_wconf 63' lang='lat' dir='ltr'>quas</span> <span class='ocrx_word' id='word_1_773' title='bbox 1613 5425 1901 5488; x_wconf 91' lang='lat' dir='ltr'>omnibus</span> <span class='ocrx_word' id='word_1_774' title='bbox 1939 5425 2217 5485; x_wconf 88' lang='lat' dir='ltr'>videntur</span> <span class='ocrx_word' id='word_1_775' title='bbox 2263 5426 2560 5500; x_wconf 79' lang='lat' dir='ltr'>fugienda,</span> <span class='ocrx_word' id='word_1_776' title='bbox 2613 5425 2899 5497; x_wconf 81' lang='lat' dir='ltr'>omnibus</span> <span class='ocrx_word' id='word_1_777' title='bbox 2927 5419 3082 5486; x_wconf 83' lang='lat' dir='ltr'>ﬁunt</span> <span class='ocrx_word' id='word_1_778' title='bbox 3127 5425 3482 5517; x_wconf 85' lang='lat' dir='ltr'>expetenda,</span> 
     </span>
    </p>
   </div>
   <div class='ocr_carea' id='block_1_108' title="bbox 127 5501 1294 5576">
    <p class='ocr_par' dir='ltr' id='par_1_108' title="bbox 127 5501 1294 5576">
     <span class='ocr_line' id='line_1_110' title="bbox 127 5501 1294 5576; baseline -0.009 -9"><span class='ocrx_word' id='word_1_779' title='bbox 127 5507 343 5572; x_wconf 66' lang='grc' dir='ltr'>μορια·</span> <span class='ocrx_word' id='word_1_780' title='bbox 368 5502 777 5576; x_wconf 70' lang='grc' dir='ltr'>Ρτωωὶοτιιω</span> <span class='ocrx_word' id='word_1_781' title='bbox 797 5501 1294 5574; x_wconf 77' lang='lat' dir='ltr'>magnitudinem.</span> 
     </span>
    </p>
   </div>
  </div>
