3990 6206
464 181 565 247 199

1780 174 2128 241 EUTHYMII
2165 170 2495 238 ZIGABENI
3704 178 3802 235 200

460 317 531 372 lis
562 320 670 380 est.
727 315 967 386 propria
1018 314 1239 383 lugebit
1297 318 1535 379 errata;
1569 312 1667 384 qui
1723 326 1862 367 vero
1918 310 2104 380 luget,

2225 312 2405 377 πεινός,
2450 314 2540 363 καὶ
2595 310 2661 361 τὰ
2707 308 2871 362 οἰκεῖα
2917 309 3164 368 πενθήσει
3221 307 3337 380 (41)
3387 310 3801 382 παραπτώματα·

459 405 639 460 etiam
698 404 852 458 mitis
905 404 1010 458 erit
1045 425 1056 457 :
1097 408 1152 458 et
1194 403 1291 473 qui
1347 407 1693 457 mansuetus
1751 405 1859 465 est,
1912 399 2107 469 justus

456 509 697 564 quoque
725 494 829 549 erit
867 493 1115 549 omnino
1144 508 1155 546 :
1180 492 1379 561 justus
1406 507 1565 553 vero,-
1597 490 1775 545 etiam
1806 488 2109 543 miserebi—

455 587 563 637 tur.
609 582 705 637 His
757 586 957 638 autem
1015 581 1298 636 omnibus
1351 595 1529 652 opere
1579 578 1869 650 perfectis,
1926 576 2106 632 etiam

456 672 720 727 mundus
777 672 883 726 erit
924 671 1122 737 corde,
1164 670 1294 726 talis
1348 686 1486 725 vero
1530 668 1818 740 paciﬁcus
1870 682 2107 739 quoque

453 764 589 826 erit;
622 761 719 830 qui
772 765 969 816 autem
1024 761 1139 815 huc
1172 775 1360 832 usque
1392 758 1651 830 profecit,
1714 757 1791 814 ad
1842 756 2107 829 pericula

454 850 633 907 etiam
661 849 1002 911 exendetur,
1034 865 1101 903 ac
1133 854 1339 904 caetera
1364 864 1499 919 quae
1522 851 1857 919 sequuntur
1882 862 2106 916 magno

454 940 657 995 animo
706 937 995 993 tolerabit.
1033 937 1351 1007 Postquam
1402 951 1542 1006 ergo
1591 951 1728 1007 quae
1766 940 2109 1007 opportuna

455 1033 621 1083 erant
661 1026 991 1094 admonuit,
1033 1041 1240 1080 rursus
1304 1024 1583 1081 laudibus
1639 1040 1739 1079 eos
1771 1028 1995 1079 recreat
2024 1024 2109 1078 di-

456 1132 615 1172 cens.

530 1206 688 1260 Vers.
707 1205 794 1261 l3.
821 1205 927 1259 Vos
945 1234 1006 1243 —-
1023 1211 1222 1260 terra.
1238 1205 1473 1258 Terram
1491 1202 1589 1258 hic
1612 1201 1885 1257 homines
1902 1202 2105 1274 appel-

456 1293 613 1359 lavit,
645 1293 819 1365 quasi
847 1298 1053 1348 eterra
1084 1292 1393 1347 formatos.
1433 1294 1526 1347 Est
1553 1297 1750 1347 autem
1776 1294 2008 1347 tantum
2037 1306 2107 1346 ac

459 1384 507 1437 si
563 1382 827 1437 diceret:
870 1381 1153 1435 Homines
1206 1380 1266 1435 in
1314 1380 1572 1450 peccatis
1615 1379 1926 1450 putrefacti
1967 1382 2107 1434 sunt

457 1470 709 1540 corrupti
744 1469 821 1525 ab
851 1470 1102 1525 humore
1133 1468 1530 1524 aﬂ'ectionum.
1573 1470 1686 1523 Vos
1730 1467 1908 1536 igitur
1933 1482 1968 1522 a
2013 1483 2105 1521 me

455 1559 621 1614 electi
640 1559 712 1614 ad
743 1558 1072 1616 curandam
1096 1557 1251 1613 hanc
1280 1558 1455 1613 totius
1482 1557 1689 1612 mundi
1710 1556 2102 1628 putredinem,

455 1648 592 1703 estis
617 1647 702 1703 sal
732 1651 927 1703 terrae:
950 1652 1189 1717 accepta
1222 1647 1435 1702 virtute
1461 1646 1539 1701 ad
1567 1644 2102 1714 constringendum
2135 1667 2177 1720 Β

454 1738 615 1808 ipsos
646 1741 698 1791 et
730 1735 1181 1799 coarctandum,
1235 1739 1521 1807 praeterea
1552 1750 1621 1789 ac
1681 1733 2102 1798 occidendum,

451 1841 674 1881 vermes
704 1824 1056 1888 invisibiles,
1111 1823 1221 1878 hoc
1252 1828 1355 1888 est,
1388 1828 1449 1878 ut
1483 1838 1587 1894 per
1616 1822 1833 1879 bonam
1862 1821 2103 1891 famam,

454 1913 770 1970 rationales
800 1912 1045 1969 affectus
1075 1930 1109 1966 a
1140 1912 1301 1985 gravi
1334 1917 1712 1983 peccatorum
1758 1910 1936 1967 odore
1968 1909 2110 1965 libe-

458 2003 622 2060 retis.

529 2183 571 2253 -ι-
616 2180 919 2252 Prophetas
960 2180 1036 2236 ad
1077 2196 1255 2237 unam
1309 2186 1542 2250 gentem
1595 2180 1757 2235 missi
1808 2188 1966 2245 sunt,
2010 2197 2110 2236 vos

461 2275 661 2325 autem
694 2268 779 2324 sal
812 2271 950 2325 estis
994 2269 1251 2324 universi
1283 2268 1469 2333 orbis,
1513 2284 1616 2341 per
1645 2268 1973 2325 doctrinam
2024 2284 2111 2324 ar-

462 2357 702 2428 guendo
732 2374 800 2414 ac
831 2357 1174 2426 stringendo
1206 2357 1549 2421 dissolutos,
1583 2373 1654 2413 ne
1685 2362 1932 2413 aeternos
1972 2373 2112 2429 pro-

460 2447 685 2503 ducant
712 2462 962 2502 vermes.
990 2448 1119 2502 Non
1146 2461 1287 2515 ergo
1313 2447 1764 2502 mordacitatem
1795 2447 2111 2517 reprehen-

459 2535 1028 2606 sionumabjiciatis,
1049 2535 1155 2590 sed
1169 2534 1560 2606 etopprobria
1584 2550 1652 2590 ac
1674 2535 2107 2605 persecutiones

456 2624 759 2681 sustinete.
818 2625 958 2680 Ideo
999 2624 1198 2680 subdit
1240 2643 1251 2683 :
1299 2623 1358 2679 Si
1408 2630 1597 2680 autem
1647 2624 1731 2679 sal
1782 2624 2108 2694 infamatus

451 2714 634 2784 fuerit
654 2715 711 2768 in
741 2730 851 2785 quo
876 2715 1124 2769 salietur
1147 2713 1174 2766 ‘P
1195 2713 1291 2767 Ad
1313 2713 1474 2768 nihil
1501 2714 1753 2782 amplius
1780 2715 1959 2779 valet,
1991 2713 2109 2769 nisi

454 2809 517 2859 ut
569 2804 731 2875 foras
777 2804 1149 2873 proﬁciatur,
1206 2803 1281 2858 ab
1336 2802 1662 2857 hominibus
1710 2803 2103 2859 conculcetur.

454 2896 509 2949 Si
541 2893 699 2947 enim
734 2895 781 2946 is
812 2892 913 2963 qui
946 2892 1115 2946 docet
1138 2891 1461 2946 infatuatus
1494 2890 1685 2954 fuerit,
1704 2892 1818 2947 hoc
1846 2897 1949 2957 est,
1985 2908 2105 2947 non

2217 400 2241 449 ό
2293 396 2352 451 δὲ
2399 407 2565 451 ταῦτα
2610 401 2823 469 πενθῶν,
2866 402 2955 450 καὶ
3000 404 3164 473 πρᾶος
3203 400 3375 450 ἔσται·
3433 398 3459 449 ὁ
3526 392 3584 448 δε
3628 402 3804 471 πρᾶος,

2215 489 2419 549 πάντως
2450 491 2595 540 ἔσται
2631 493 2720 540 καὶ
2765 485 2987 548 δίκαιος
3023 490 3049 540 ό
3091 485 3150 540 δὲ
3181 483 3408 555 δίκαιος,
3453 490 3543 537 καὶ
3593 484 3803 543 ἐλεήσει·

2216 579 2240 629 ὁ
2291 573 2349 629 δὲ
2401 585 2567 630 ταῦτα
2620 580 2790 630 πάντα
2845 580 3201 651 κατορθώσας,
3259 582 3347 628 καὶ
3417 575 3529 647 (42)
3584 576 3810 648 καθαρὸς

2216 669 2362 718 ἔσται
2417 674 2479 740 τῇ
2540 664 2755 739 καρδίᾳ·
2801 668 2826 718 ὁ
2875 664 2935 719 δε
2991 674 3240 732 τοιοῦτος,
3272 670 3362 717 καὶ
3418 664 3809 738 εὶρηνοποιός’ό

2217 752 2275 807 δε
2322 760 2486 829 μέχρι
2534 759 2720 808 τούτου
2752 754 3039 830 προκόψας,
3072 760 3160 807 καὶ
3209 757 3337 828 πρὸς
3384 749 3655 813 κινδύνους
3704 772 3809 805 πα-

2214 844 2514 917 ρατάξεται,
2574 850 2663 897 καὶ
2719 847 2785 897 τὰ
2840 844 2952 907 ἑξῆς
3007 845 3363 901 ὑποστήσεται
3410 840 3806 915 μεγαλοψύχως.

2216 938 2537 1007 Παραινέσας
2567 939 2736 987 τοίνυν
2767 934 2802 986 ἂ
2830 942 3111 1009 προσῆκεν,
3146 931 3396 985 ἀναπαύει
3445 930 3596 984 πάλιν
3627 930 3810 992 αὐτοὺς

2214 1031 2322 1085 τοῖς
2344 1022 2637 1096 ἐγκωμίοις.

2285 1202 2449 1274 ’Υμεῖς
2506 1234 2575 1243 -
2638 1212 2754 1275 γῆς.
2824 1209 2925 1261 Γῆν
3015 1201 3256 1271 ἐνταῦθα,
3337 1204 3458 1262 τοὺς
3518 1199 3807 1275 ἀνθρώπους

2216 1290 2470 1360 ἐκάλεσεν,
2529 1294 2598 1353 ὡς
2637 1290 2692 1343 ἐκ
2738 1300 2833 1363 γῆς
2886 1291 3229 1352 πλασθέντας.
3275 1289 3342 1341 ⁸0
3390 1286 3449 1343 δὲ
3498 1289 3651 1361 λέγει,
3700 1309 3807 1343 τοι·

2214 1387 2365 1433 οῦτόν
2424 1381 2583 1433 ἐστιν.
2647 1384 2713 1433 Οἱ
2770 1382 3033 1454 ἅνθρωποι
3107 1382 3288 1440 πάντες
3361 1383 3627 1437 σεσήπασι
3700 1387 3807 1440 ταῖς

2216 1470 2516 1543 ἁμαρτίαις,
2600 1466 2972 1543 διαφθάρέντες
3035 1472 3134 1522 ὑπὸ
3206 1476 3297 1529 τῆς
3366 1470 3647 1541 ὑγρότητος
3714 1476 3808 1519 τῶν

2216 1562 2411 1612 παθών
2446 1562 2588 1631 ὑμεῖς
2623 1556 2730 1625 οὖν,
2774 1557 3058 1629 ἐκλεγέντες
3084 1559 3206 1633 παρ’
3252 1557 3375 1630 ἐμοῦ
3405 1560 3535 1631 πρὸς
3588 1557 3807 1628 ἰατρείαν

2219 1657 2310 1712 τῆς
2341 1653 2676 1721 παγκοσμίου
2721 1652 2917 1709 ταύτης
2950 1644 3253 1713 σηπεδόνος,
3282 1645 3397 1698 ἐστὶ
3435 1650 3493 1698 τὸ
3541 1645 3667 1707 ἅλας
3715 1654 3807 1697 τῶν

2218 1736 2517 1809 ἀνθρώπων,
2553 1734 2775 1810 δύναμιν
2800 1736 3008 1809 λογικὴν
3062 1736 3114 1798 ἐξ
3160 1735 3284 1809 ἐμοῦ
3330 1734 3668 1807 λαμϐάνοντες
3700 1734 3809 1806 (43)

2219 1830 2425 1899 στύφειν
2467 1827 2650 1887 αύτούς
2701 1831 2790 1879 καὶ
2838 1828 3186 1897 επισφίγγειν,
3216 1830 3307 1877 καὶ
3354 1824 3665 1877 ἀποκτείνειν

2217 1918 2335 1975 τούς
2397 1915 2651 1988 ἀοράτους
2716 1915 3005 1985 σκώληκας,
3066 1919 3199 1986 φημὶ
3270 1910 3337 1972 δή
3395 1918 3519 1975 τοὺς
3572 1911 3809 1984 ἐμπαθεῖς

2216 2004 2521 2075 λογισμούς,
2556 2002 2895 2057 ἀπαλλάττειν
2922 2001 2981 2056 δε
3011 2011 3105 2064 τῆς
3133 1998 3407 2064 δυσωδίας
3440 2010 3540 2053 τῶν
3570 2001 3809 2076 ἁμαρτη-

2218 2096 2415 2166 μάτων.

2287 2186 2329 2253 -ί-
2370 2185 2435 2235 Οἱ
2465 2187 2554 2256 μεν
2594 2190 2858 2256 προφῆται
2891 2182 3003 2253 (44)
3047 2181 3117 2242 εἰς
3156 2180 3204 2233 ἓν
3247 2182 3388 2242 ἔθνος
3420 2179 3807 2237 ἀπεστάλησαν

2218 2274 2360 2345 ὑμεῖς
2405 2270 2463 2325 δε
2491 2282 2582 2333 τῆς
2606 2280 2705 2344 γῆς
2736 2271 2942 2331 ἀπάσης
2968 2269 3082 2323 ἔστε
3110 2274 3168 2322 τὸ
3196 2269 3345 2338 ἅλας,
3374 2268 3467 2321 aia
3496 2277 3591 2330 τῆς
3621 2265 3811 2322 διδασ-

2217 2361 2396 2422 καλίας
2429 2365 2516 2414 καὶ
2564 2368 2663 2413 τῶν
2699 2359 2925 2432 ἐλέγχων
2977 2361 3254 2431 στύφοντες
3287 2361 3404 2418 τοὺς
3445 2361 3701 2430 χαύνους,
3735 2359 3813 2409 ἶνα

2217 2454 2289 2523 μή
2350 2454 2643 2522 γεννήσωσι
2700 2454 2822 2510 τοὺς
2881 2447 3250 2510 ἀτελευτήτους
3307 2446 3597 2508 σκώληκας.
3653 2446 3810 2499 Ὠστε

2217 2544 2288 2612 μὴ
2347 2538 2670 2596 ἀποϐάλλητε
2724 2542 2818 2596 τὴν
2888 2541 3213 2609 στυφνότητα
3262 2544 3362 2588 τῶν
3414 2534 3661 2608 ἐλέγχων,
3721 2534 3812 2587 κᾶν

2219 2625 2503 2687 διώκησθε.
2546 2632 2632 2681 Διό
2679 2646 2855 2699 φησιν·
2904 2626 3020 2680 Ἐὰν
3068 2623 3128 2679 δὲ
3171 2629 3229 2677 τὸ
3279 2625 3403 2687 ἅλας
3456 2626 3726 2697 μωρανθῇ,
3765 2624 3811 2675 ἒν

2216 2724 2319 2771 τίνι
2358 2718 2702 2776 ἁλισθήσεται
2737 2735 2749 2784 ;
2782 2716 2865 2776 Εἰς
2910 2712 3061 2767 οὐδὲν
3096 2715 3275 2786 ἰσχύει
3327 2716 3421 2779 ἔτι,
3479 2713 3523 2765 εἰ
3556 2718 3625 2785 μή
3691 2710 3811 2786 βληι

2220 2810 2368 2867 θῆναι
2416 2806 2529 2874 ἔξω,
2576 2810 2666 2858 καὶ
2712 2806 3128 2857 καταπατεῖσθαι
3190 2805 3289 2856 ὑπὸ
3337 2812 3437 2855 τῶν
3496 2802 3803 2876 ἀνθρώπων.

2212 2897 2271 2949 Ὁ
2328 2900 2428 2970 γὰρ
2475 2891 2800 2956 διδάσκαλος
2844 2893 2927 2946 ea»
2984 2895 3254 2966 μωρανθῇ,
3294 2896 3576 2961 τουτέστιν,
3630 2892 3675 2943 εἰ
3726 2892 3815 2943 οὑκ

452 2982 645 3051 arguit
673 2996 742 3035 ac
776 2982 1026 3049 stringit.
1062 2980 1166 3034 sed
1196 2980 1491 3035 emollitus
1521 2984 1624 3043 est,
1664 2980 1725 3035 in
1771 2997 1894 3053 quo
1936 2982 2107 3036 salie-

2225 2987 2416 3057 ἒλέγχει
2445 2989 2534 3036 καὶ
2568 2987 2767 3055 στύφει,
2798 2982 2924 3035 ἀλλὰ
2943 2985 3215 3055 χαυνωθῇ,
3243 2980 3292 3033 ἐν
3319 2986 3418 3034 τίνι
3445 2981 3811 3047 ἁλισθήσεται,

456 3074 571 3134 tur,
604 3069 665 3123 id
696 3074 783 3123 est
813 3070 1135 3138 corrigetur
1163 3069 1190 3123 ?
1214 3071 1292 3123 Ex
1318 3084 1388 3123 eo
1428 3074 1693 3141 tempore
1744 3072 1919 3140 igitur
1948 3071 2107 3125 foras

456 3158 765 3231 projicitur
797 3174 831 3213 a
854 3158 1119 3227 magistri
1144 3157 1450 3227 dignitate,
1484 3164 1540 3214 et
1560 3160 1958 3225 conculcatur,
1991 3160 2105 3215 hoc

460 3252 564 3314 est,
593 3247 933 3318 despicitur.

534 3339 691 3393 Vers.
733 3338 820 3392 t3.
859 3335 1021 3402 Quod
1069 3336 1118 3391 si
1142 3367 1208 3376 —-
1254 3338 1516 3393 satietur.
1561 3337 1708 3394 Salis
1742 3337 1978 3394 fatuitas
2017 3342 2108 3394 est

459 3426 732 3482 debilitas
782 3426 1189 3482 mordacitatis
1228 3426 1433 3498 ipsius.
1484 3427 1627 3483 Dicit
1676 3442 1864 3497 ergo:
1915 3428 2108 3483 Videte

458 3514 631 3588 quale
686 3515 1055 3570 ministerium
1113 3514 1284 3570 vobis
1337 3516 1832 3571 committendum
1890 3522 1995 3581 est,
2055 3524 2109 3571 et

459 3604 796 3660 contendite
821 3620 892 3659 ne
912 3604 1196 3659 laxemini
1220 3605 1751 3675 persecutionibus,
1777 3606 2109 3677 opprobriis

458 3708 527 3750 ac
585 3692 932 3757 maledictis,
990 3699 1054 3748 ut
1099 3692 1451 3764 praedictum
1508 3698 1612 3762 est,
1664 3709 1856 3766 neque
1907 3694 2109 3751 utilem

457 3783 908 3839 mordacitatem
959 3783 1269 3854 respuatis.
1327 3784 1387 3838 Si
1438 3783 1592 3839 enim
1641 3785 1735 3839 sal
1768 3784 2109 3851 infamatus

451 3873 660 3941 luerit,
693 3888 806 3943 quo
832 3872 1082 3927 salielur
1114 3873 1141 3929 ?
1164 3872 1283 3927 Hoc
1302 3876 1406 3936 est,
1441 3873 1487 3927 si
1523 3888 1629 3927 vos
1664 3872 1873 3928 molles
1922 3873 2110 3929 eﬂecti

453 3962 696 4028 fueritis,
731 3966 831 4017 aut
866 3961 1067 4016 utilem
1099 3961 1555 4018 mordacitatem
1585 3960 1957 4031 neglexeritis
1985 3978 2109 4035 quo

456 4050 572 4105 alio
626 4049 746 4103 sale
778 4050 1087 4119 saliemini,
1130 4051 1246 4106 sive
1300 4050 1678 4120 condiemini,
1736 4052 1884 4108 sicut
1931 4052 2112 4114 habet

457 4141 679 4194 Marcus
711 4140 756 4173 ⁸9
785 4139 812 4194 7
864 4141 974 4194 Vos
1005 4140 1161 4194 enim
1210 4139 1295 4193 sal
1336 4140 1555 4196 electus
1594 4140 1756 4206 estis,
1807 4157 1914 4197 nec
1958 4141 2111 4197 alius

453 4228 709 4299 reliquus
740 4233 843 4283 est.
875 4230 1104 4293 Quanto
1138 4228 1314 4297 igitur
1352 4246 1473 4300 prae
1528 4230 1738 4285 cateris
1782 4230 1859 4285 ad
1906 4231 2113 4303 hujus-

458 4317 624 4374 modi
646 4317 1037 4373 ministerium
1066 4316 1225 4373 electi
1250 4318 1407 4382 estis,
1433 4322 1595 4373 tanto
1621 4320 1875 4390 amplius
1907 4336 2113 4375 cavere

458 4408 700 4473 debetis,
734 4422 807 4462 ne
829 4406 907 4461 ob
937 4406 1243 4478 propriam
1268 4407 1575 4463 mollitiem
1600 4424 1669 4463 ac
1710 4408 2108 4472 inutilitatem,

459 4500 515 4553 et
535 4496 1000 4568 putrefactorum
1018 4497 1432 4567 perditionem,
1461 4501 1524 4553 ut
1548 4497 1771 4553 dictum
1803 4501 1908 4563 est,
1942 4514 2113 4554 accu-

461 4584 580 4640 sari
610 4586 872 4657 possitis.

528 4674 689 4731 Vers.
720 4674 813 4731 13.
848 4674 944 4730 Ad
972 4705 1040 4716 —
1064 4675 1404 4733 hominibus.
1428 4676 1516 4733 Ad
1536 4676 1682 4734 nihil
1712 4676 1972 4749 amplius
2002 4678 2109 4734 uti-

530 4852 575 4888 “
603 4854 774 4910 Marc.
808 4868 886 4920 1x,
931 4854 1016 4909 50.

2215 3080 2476 3139 τουτέστι,
2509 3070 2929 3148 διορθωθήσεται
2962 3089 2976 3139 ;
3014 3072 3140 3124 Ἀπὸ
3182 3076 3293 3124 τότε
3335 3070 3422 3123 οὖν
3453 3071 3546 3133 ἔξω
3577 3072 3815 3145 ῥίπτεται

2215 3173 2305 3218 τοῦ
2359 3160 2746 3217 διδασκαλικοῦ
2799 3161 3095 3234 ἀξιώματος
3141 3166 3231 3214 καὶ
3273 3167 3673 3229 καταπατεῖται,
3704 3178 3817 3211 του-

2215 3260 2378 3317 τέστι,
2410 3258 2831 3328 καταφρονεῖται.

2287 3345 2404 3397 Ἐὰν
2463 3374 2527 3382 -
2593 3340 2953 3398 ἁλισθήσεται.
3028 3344 3213 3414 Μωρία
3293 3338 3475 3398 ἆλάτός
3546 3340 3713 3405 ἐστιν,
3787 3339 3815 3395 ἡ

2218 3433 2457 3486 ἀσθένεια
2519 3439 2609 3492 τῆς
2678 3434 2955 3492 ποιότητος
3016 3429 3196 3482 αὑτοῦ.
3269 3433 3422 3500 Λέγει
3490 3431 3688 3491 τοίνυν,
3743 3426 3820 3477 ὃτι

2217 3523 2447 3586 Βλέπετε,
2498 3521 2610 3572 οἷαν
2666 3516 2933 3571 διακονίαν
2991 3516 3383 3592 ἐγχειρίζεσθαι
3450 3514 3675 3582 μέλλετε,
3735 3518 3822 3565 καὶ

2220 3610 2552 3684 ἀγωνίζεσθε,
2586 3613 2657 3681 μή
2706 3600 3046 3680 χαυνωθῆναι
3091 3603 3367 3679 διωγμοῖς,
3401 3606 3429 3664 ή
3469 3602 3819 3678 ὀνειδισμοῖς,

2218 3703 2247 3761 ἦ
2284 3700 2637 3771 κακολογίαις,
2672 3700 2735 3757 ὡς
2781 3693 3201 3772 προδεδήλωται,
3247 3692 3376 3768 μηδ’
3408 3693 3688 3748 ἀποϐαλεῖν
3734 3696 3824 3751 τήν

2220 3790 2469 3862 ὠφέλιμον
2520 3792 2796 3845 ποιότητα.
2850 3786 2967 3838 Ἐὰν
3006 3788 3107 3861 γὰρ
3155 3784 3269 3856 (45)
3325 3788 3383 3837 τὸ
3439 3784 3566 3845 ἅλας
3612 3802 3826 3856 μωρανο

2223 3881 2308 3950 θῇ,
2379 3876 2429 3929 ἐν
2504 3880 2606 3928 τίνι
2680 3875 3045 3941 ἁλισθήσεται,
3124 3878 3406 3945 τουτέστιν,
3479 3872 3594 3925 Ἐὰν
3685 3873 3830 3945 ὑμεῖς

2218 3967 2549 4038 χαυνωθήτε,
2593 3966 2623 4023 ii;
2673 3969 2766 4023 τήν
2813 3964 3063 4036 ὠφέλιμον
3113 3968 3371 4021 ποιότητα
3416 3960 3739 4027 ἀποϐάλητε,
3779 3957 3826 4010 ἓν

2221 4060 2322 4107 τίνι
2376 4054 2528 4127 ἑτέρῳ
2583 4053 2736 4106 ἅλατι
2793 4052 3163 4119 ἁλισθήσεσθε,
3214 4055 3385 4105 εῖτουν
3431 4050 3827 4124 ἀρτυθήσεσθε,

2220 4146 2288 4206 ὡς
2319 4145 2343 4195 ό
2375 4146 2584 4215 Μάρκος
2614 4143 2734 4213 (46)
2783 4138 2937 4197 εἶπεν.
2994 4140 3159 4213 Ὑμεῖς
3205 4142 3305 4213 γάρ
3357 4140 3471 4193 ἐστε
3523 4142 3578 4191 τὸ
3624 4138 3829 4208 ix).qu

2220 4232 2365 4304 ἅλας,
2423 4238 2514 4285 καὶ
2591 4231 2695 4303 οὑχ
2762 4230 3122 4283 ὑπολελειπται
3194 4231 3380 4303 ἕτερον.
3435 4227 3579 4298 Ὀσῳ
3654 4231 3830 4280 τοίνυν

2219 4324 2561 4395 προεκρίθητε
2607 4323 2809 4372 πάντων
2850 4320 2916 4380 εἰς
2962 4324 3056 4378 τήν
3099 4322 3344 4377 τοιαύτην
3376 4315 3675 4385 διακονίαν,
3710 4334 3831 4367 τοσο

2221 4414 2351 4482 ούτῳ
2404 4414 2684 4485 προσέχειν
2745 4409 2983 4482 ὀφείλετε,
3044 4410 3127 4461 ἵνα
3182 4413 3252 4481 μή
3316 4413 3404 4460 καὶ
3470 4415 3563 4468 τῆς
3628 4406 3833 4459 ἑαυτῶν

2220 4504 2567 4572 χαυνότητος,
2612 4504 2701 4551 καὶ
2758 4497 3146 4571 ἀνενεργησίας,
3194 4502 3283 4550 καὶ
3335 4505 3430 4559 τῆς
3468 4504 3566 4548 τῶν
3623 4515 3837 4567 σεο-ομ-

2218 4593 2399 4663 μένων,
2433 4590 2499 4650 ὡς
2528 4591 2749 4662 εἴρηται,
2784 4586 3039 4650 ἀπωλείας
3072 4586 3394 4647 ἀπαιηθῆτε
3425 4583 3458 4640 δ
3465 4591 3604 4643 ίκην,

2289 4677 2380 4742 Εἰς
2432 4708 2503 4720 --
2556 4676 2858 4752 ἀνθρώπων.
2916 4678 3004 4742 Εἰς
3084 4674 3233 4732 οὐδὲν
3322 4679 3398 4730 ἔτι
3469 4678 3839 4751 χρησιμεύει,

1663 4954 1884 5025 Variae
1914 4955 2243 5046 lectiones
2278 4964 2343 5023 et
2372 4963 2575 5024 notae.

531 5094 648 5169 (41)
686 5092 1059 5169 ’Δμαρτήματα
1088 5102 1148 5149 Α.

534 5168 644 5311 (4-2)
690 5168 1053 5237 Kui,omittit
1084 5171 1153 5226 A.

557 5240 647 5310 43)
690 5243 910 5311 Δύναμιν
948 5243 1153 5311 στύφειν

557 5240 647 5310 43)
690 5243 910 5313 Δύναμιν
948 5243 1156 5313 στύφειν
1191 5239 1625 5309 noncohaeret.
1659 5242 1773 5299 Aut
1803 5256 1944 5313 ergo
1998 5250 2109 5309 τοῦ,

464 5312 725 5385 αιιιζῶλστε
748 5311 1239 5385 interponendum
1263 5315 1397 5367 ante
1426 5315 1653 5385 στύφειν.

562 5383 652 5456 44)
684 5384 761 5438 Ex
789 5382 1215 5454 Theophylact.
1244 5399 1301 5456 p.
1335 5385 1401 5439 27
1434 5386 1495 5440 E.

564 5455 652 5530 45)
696 5458 757 5509 Δέ
782 5470 892 5528 pro
918 5456 1019 5530 γάρ
1054 5460 1117 5510 Α.

2293 5099 2405 5171 (46)
2446 5097 2672 5154 Scilicet
2692 5098 2917 5172 Marcus
2938 5093 3409 5172 Ῑιξώθῖάρτύσετε.
3442 5091 3557 5172 Sed
3576 5098 3851 5172 mutavit

2221 5166 2479 5242 tempus,
2514 5174 2576 5226 ut
2606 5167 2982 5241 aequiparare
3005 5166 3213 5242 posset
3236 5166 3483 5242 Matthaai
3503 5170 3845 5226 vocabulo.

2225 5239 2714 5315 sed'a’zpruoriqmii
2734 5239 2944 5315 tamen
2970 5239 3049 5315 ex
3073 5239 3275 5315 aliquo
3301 5239 3527 5315 scholio
3556 5255 3851 5315 occupa-

2223 5313 2305 5368 vit
2348 5310 2666 5368 nonnullos
2696 5311 2867 5368 Marci
2918 5310 3273 5378 codicesfin
3312 5310 3403 5367 his
3432 5326 3655 5369 meum
3705 5310 3852 5371 cum

2225 5382 2485 5451 scholiis,
2517 5399 2700 5456 quem
2728 5382 2967 5456 appello
2994 5382 3081 5439 12.
