3990 6206
193 213 265 272 201
1131 209 1498 273 COMMENT.
1537 215 1606 273 IN
1641 217 1722 274 MA

1842 215 2081 276 HEUM.
2121 251 2191 261 —
2231 219 2387 277 CAP.
2426 213 2498 277 ν.

3383 222 3489 279 202

198 343 407 415 μαρανθὲν
435 344 489 393 τὸ
523 337 752 398 δηλωθεν
785 339 931 409 ἅλας,
969 340 1013 394 εἰ
1049 345 1119 414 μή
1178 341 1251 403 εἰς
1287 345 1346 394 τὸ
1392 343 1608 417 ῥιφῆναι
1636 343 1722 407 ἔξω

1842 342 1912 400 Iis
1935 348 2021 401 est
2047 345 2133 401 sal
2155 344 2500 410 infatuatus,
2525 345 2638 402 nisi
2687 349 2751 402 ut
2777 348 2942 403 extra
2977 345 3348 405 Dominicam
3379 364 3486 405 au-

197 441 262 493 τξς
282 439 568 493 Δεσποτικῆς
588 429 714 490 αύλῆ
727 451 766 501 ς,
794 435 886 483 καὶ
916 433 1351 498 καταπατεῖσθαι,
1385 430 1545 485 ὅέστι
1576 453 1732 486 κατα-

198 523 437 595 φρονεῖσθαι
461 522 603 593 παρά
626 528 725 572 τῶν
759 519 1065 595 ἀνθρώπων.

248 609 382 680 Ὑμεῖς
417 640 476 650 -
532 614 755 682 κόσμου.
828 615 1036 682 Κόσμον
1105 609 1258 662 πάλιν
1324 614 1446 672 τοὺς
1530 609 1576 662 ἐν
1657 619 1729 682 τῷ

194 704 332 769 κόσμῳ
375 695 497 751 εἶπεν
550 697 872 772 ἀνθρώπους,
925 699 992 750 ὧν
1025 700 1400 752 σκοτισθέντων
1453 706 1524 770 τῷ
1591 703 1728 772 ζόφῳ

195 796 265 848 τῆς
302 788 482 855 πλάνης,
522 788 713 858 Ὑμεῖς,
767 793 949 859 φησὶν,
990 786 1249 858 ἔξελέγητε
1296 785 1425 841 εἶναι
1483 797 1588 860 φῶς
1640 789 1728 840 αύ-

197 885 286 944 riis,
317 879 425 929 ὥστε
469 877 711 949 φωτίζειν
770 879 837 930 τὰ
877 881 1086 950 ὄμματα
1125 885 1226 930 τῶν
1288 877 1474 950 ψυχῶν
1536 877 1724 946 αὐτῶν,

194 971 290 1035 γυτὶ
339 961 678 1027 διδασκαλίας
739 971 829 1018 καὶ
894 970 1020 1037 φωτὶ
1079 971 1334 1036 γνώσεως,
1379 973 1726 1040 χειραγωγεῖν

191 1054 332 1115 αὖτοὺς
354 1053 427 1107 ἐπὶ
452 1059 540 1113 τήν
597 1057 760 1129 ὸρθήν
788 1053 966 1128 τρίϐον
1007 1063 1100 1117 τῆς
1129 1054 1407 1116 εὐσεϐείας.
1459 1058 1558 1108 Δύο
1611 1060 1725 1107 τοί-

188 1165 251 1194 νυν
275 1140 511 1205 διακονίας
558 1143 1015 1216 ἐνεχειρίσθησαν,
1064 1163 1124 1196 το
1173 1144 1367 1205 ἁλίζειν
1411 1146 1586 1196 καὶτὸ
1623 1164 1726 1215 φω-

187 1234 326 1293 τίζειν.
358 1239 433 1285 Δεῖ
459 1235 556 1305 γὰρ
609 1242 817 1308 πρῶτον
865 1231 1229 1305 ἀπαλλαγῆναι
1267 1241 1358 1294 τῆς
1413 1230 1723 1303 σηπεδόνος,

186 1321 266 1373 εἶτα
296 1325 661 1381 συνετισθῆναι.

235 1411 292 1462 03
331 1442 389 1452 —
419 1417 649 1484 κειμένη.
708 1413 803 1464 Διὰ
855 1414 1056 1474 ταύτης
1103 1419 1198 1474 τῆς
1243 1410 1569 1486 παραϐολῆς,
1635 1415 1724 1463 καὶ

181 1507 249 1559 τες
289 1503 400 1572 μετὰ
444 1505 665 1570 ταύτην,
701 1500 773 1562 εἰς
820 1499 1084 1574 ἀκρίϐειαν
1135 1505 1226 1553 καὶ
1277 1499 1558 1574 ἀσφάλειαν
1599 1499 1722 1573 βὶου

181 1591 344 1649 τούτους
389 1589 566 1662 ἐνὸγεε,
641 1595 731 1643 καὶ
804 1589 1109 1662 ἐναγωνίους
1174 1588 1302 1644 εἶναι
1369 1590 1577 1657 κελεύει,
1659 1591 1723 1651 ὧς

1840 433 1962 490 lam
1993 435 2355 506 projiciatur,
2390 440 2446 491 et
2474 433 2870 502 conculcetur,
2899 435 3015 492 hoc
3044 438 3150 500 est,
3203 436 3490 509 despicia-

1843 527 1935 579 tur
1966 523 2042 578 ab
2074 523 2438 579 hominibus.

1914 613 2069 666 Vers.
2102 613 2185 666 14.
2228 613 2422 668 Vos—
2465 613 2687 669 mundi.
2741 613 3027 670 Mundum
3076 628 3283 669 rursus
3339 613 3489 672 dixit

1836 699 2113 757 homines
2155 701 2215 756 in
2276 702 2507 758 mundo
2569 703 2950 759 habitantes:
2999 702 3212 774 quibus
3271 705 3486 760 erroris

1837 789 2088 860 caligine
2119 790 2473 857 obscuratis,
2533 791 2670 856 Vos,
2724 791 2933 863 inquit,
2987 791 3156 847 electi
3200 792 3360 858 estis,
3424 797 3488 849 ut

1836 877 1934 932 lux
1961 894 2167 934 eorum
2196 879 2343 944 sitis,
2388 884 2568 951 utque
2595 879 2802 936 oculos
2850 880 3185 936 animarum
3216 881 3485 954 ipsorum

1835 967 1963 1023 luce
2003 967 2287 1023 doctrinm
2315 985 2383 1023 ac
2415 967 2674 1024 scientim
2703 968 3062 1035 illuminetis,
3119 975 3175 1025 et
3204 971 3281 1026 ad
3312 971 3486 1027 semi-

1835 1061 1927 1113 tas
1956 1061 2143 1111 rectas
2173 1056 2357 1111 divini
2381 1056 2575 1112 cultus
2607 1056 2932 1112 deducatis.
2967 1057 3103 1114 Ideo
3127 1073 3344 1132 nempe
3377 1059 3484 1115 mi-

1835 1145 2145 1201 nisterium
2174 1144 2422 1200 saliendi
2453 1160 2521 1200 ac
2551 1145 2929 1202 illuminandi
2969 1145 3053 1202 eis
3111 1147 3483 1203 commissum

1834 1237 1977 1288 erat.
2011 1233 2276 1288 Primum
2305 1233 2466 1290 enim
2495 1237 2728 1306 oportet
2768 1250 2804 1290 a
2845 1234 3162 1306 putredine
3217 1235 3478 1301 liberari,

1831 1321 2046 1378 deinde
2075 1323 2316 1378 erudiri.

1903 1411 2063 1466 Vers.
2094 1411 2181 1468 14.
2213 1412 2347 1467 Νοη
2394 1412 2698 1482 --posita.
2744 1415 2848 1466 Per
2897 1413 3056 1468 hanc
3107 1417 3480 1486 sequentem-

1831 1515 1948 1572 que
1975 1499 2322 1572 parabolam
2351 1500 2430 1555 ad
2472 1501 2602 1556 vitm
2644 1499 3070 1572 perfectionem
3096 1517 3166 1557 ac
3198 1501 3478 1558 munitio-

1831 1604 1968 1644 nem
2001 1589 2168 1661 ipsos
2201 1589 2426 1644 inducit
2457 1589 2588 1661 (rr),
2627 1593 2684 1645 et
2711 1589 3104 1645 certaminum
3158 1592 3475 1662 prmfectos

295 1687 389 1741 τοῖς
430 1679 669 1733 ἁπάντων
725 1680 1004 1752 ὀφθαλμοῖς
1059 1686 1152 1731 τοῦ
1206 1679 1389 1733 λοιποῦ
1435 1683 1719 1752 κειμένους,

1842 1694 1958 1734 esse
1979 1678 2166 1749 jubet,
2203 1682 2491 1750 tanquam
2534 1678 2646 1734 sub
2675 1678 2938 1734 omnium
2969 1679 3156 1735 oculis
3195 1680 3255 1735 in
3286 1684 3478 1752 poste-

176 1773 244 1818 καὶ
283 1767 324 1819 έν
367 1773 500 1841 μέσῳ
546 1779 622 1840 τῷ
682 1771 880 1844 θεάτρῳ
917 1777 1007 1830 τῆς
1052 1769 1350 1842 οἰκουμένης
1394 1767 1720 1842 ἀγωνιζομέ-

175 1873 278 1916 nec.
343 1857 409 1909 Ού
487 1855 734 1929 δύναται,
799 1861 952 1930 φησὶ,
1022 1857 1166 1918 πόλις
1239 1856 1496 1931 κρυϐῆναι
1551 1857 1719 1911 ἐπάνω

176 1948 290 2015 ὄρους
327 1952 517 2019 κειμένη
554 1969 568 1981 ·
639 1944 762 2000 οὐδὲ
819 1948 965 2019 ὑμεῖς
1021 1943 1250 2000 δύνασθε
1307 1946 1584 2019 κρυϐῆναι,
1635 1949 1718 1999 ἐπὶ

173 2040 242 2084 ὀὗ
261 2034 401 2104 ὕψους
431 2043 519 2098 τῆς
549 2033 912 2098 διδασκαλίας
939 2037 1180 2098 τεθέντες,
1215 2040 1412 2090 Λοιπὸν
1441 2032 1528 2088 οὖν
1553 2055 1718 2108 προσ-

173 2129 290 2193 atere,
354 2134 458 2188 πῶς
518 2124 859 2178 πολιτεύεσθε
928 2130 1016 2178 καὶ
1067 2127 1274 2197 γίνεσθε
1343 2132 1450 2186 τοῖς
1506 2123 1720 2178 ἀποϐλέ-

175 2228 320 2264 πουσιν
348 2213 412 2276 εἰς
463 2214 599 2287 ὑμᾶς
657 2214 930 2268 κάλλιστον
977 2213 1272 2287 ἀρχέτυπον
1311 2219 1402 2267 καί
1458 2211 1577 2268 ϐίου
1628 2217 1718 2268 καὶ

173 2315 305 2369 λόγου.

224 2386 424 2444 Ούδε-
468 2400 582 2456 τοῖς
621 2392 672 2445 ἐν
720 2401 782 2465 τῇ
835 2393 999 2466 οἰκίᾳ,
1060 2388 1192 2444 Οὐδ’
1249 2391 1536 2446 ἀνάπτουσι
1591 2411 1718 2453 τινες

169 2476 337 2549 λύχνον,
379 2486 464 2535 καὶ
492 2486 560 2535 τά
619 2482 756 2544 ίξῆς.
807 2485 1004 2537 Λοιπὸν
1057 2479 1146 2534 οὖν
1193 2479 1310 2535 οὐδ’
1357 2483 1474 2554 ἐγὼ,
1515 2480 1719 2551 ἀνάψας

170 2567 274 2636 ὑμᾶς
305 2575 422 2641 φωτὶ
475 2573 810 2643 θεογνωσίας,
859 2570 1116 2644 βούλομαι
1169 2577 1303 2643 ῡμᾶς
1351 2572 1674 2644 κρύπτεσθαι
1702 2588 1714 2601 ο

300 2655 406 2712 asas
452 2663 644 2733 τίθημι
691 2662 826 2733 ὑμᾶς
876 2660 959 2714 ἐπὶ
1012 2665 1107 2719 τήν
1161 2659 1401 2732 λυχνίανν
1441 2659 1569 2731 λέγω
1629 2656 1717 2727 δίδ

169 2743 234 2796 ἐπὶ
272 2751 342 2799 τὸν
384 2750 582 2820 ὑψηλὸν
627 2755 783 2803 τόπον
822 2758 913 2810 τῆς
953 2745 1328 2816 διδασκαλίας,
1375 2751 1510 2802 ὥστε
1557 2752 1719 2822 φωτί-

168 2834 249 2893 ζειν
273 2839 447 2900 πάντας
473 2844 594 2900 τοὺς
624 2837 670 2891 ἐν
699 2847 763 2911 τῇ
793 2839 1092 2912 οἰκουμένη.

218 2925 345 2976 Οὕτω
389 2959 453 2968 -
502 2933 591 2981 τὸν
648 2927 696 2980 ἐν
753 2937 864 2990 τοῖς
924 2929 1173 3002 οὐρανοῖς.
1237 2927 1540 3002 [Λαμψάτω
1605 2926 1720 2999 (47)

1828 1783 1962 1822 rum
1996 1769 2326 1839 ponendos,
2359 1771 2415 1822 et
2439 1767 2500 1823 in
2549 1767 2747 1824 medio
2777 1767 2955 1838 hujus
2988 1768 3199 1823 mundi
3246 1768 3476 1826 theatro

1828 1862 2138 1914 certantes.
2166 1858 2296 1914 Non
2323 1862 2532 1925 potest,
2565 1856 2778 1929 inquit,
2831 1857 3032 1913 civitas
3063 1857 3340 1914 abscondi
3374 1875 3474 1914 su-

1828 1962 1931 2018 per
1951 1953 2192 2002 montem
2244 1947 2451 2017 posita.
2507 1947 2711 2018 Neque
2741 1962 2847 2002 vos
2901 1945 3185 2003 occultari
3233 1947 3477 2019 potestis

1828 2035 1889 2092 in
1928 2035 2212 2092 doctrinm
2238 2035 2550 2091 altitudine
2581 2034 2869 2092 collocati.
2915 2034 3229 2107 Reliquum
3260 2040 3346 2092 est
3373 2035 3478 2108 igi-

1828 2128 1940 2190 tur,
1973 2128 2040 2180 ut
2071 2123 2305 2180 solliciti
2336 2122 2482 2189 sitis,
2510 2123 2821 2196 quomodo
2852 2122 3212 2196 gubernetis,
3271 2127 3326 2180 et
3348 2123 3476 2180 aliis

1827 2212 2034 2270 oculos
2058 2213 2117 2269 in
2141 2229 2244 2269 vos
2273 2211 2616 2284 ﬁgentibus,
2670 2212 2967 2286 optimum
2997 2211 3122 2269 sitis
3169 2212 3476 2286 exemplar

1825 2303 1956 2362 vitm
1985 2319 2056 2359 ac
2085 2302 2390 2359 doctrinm.

1899 2393 2061 2448 Vers.
2095 2393 2181 2448 15.
2211 2393 2413 2463 Neque
2440 2422 2508 2431 —
2556 2391 2649 2462 qui
2678 2392 2740 2447 in
2767 2391 2931 2448 domo
2965 2396 3122 2448 sunt.
3178 2422 3247 2432 —
3271 2391 3474 2465 Neque

1827 2481 2086 2540 accendit
2112 2481 2414 2552 quisquam
2439 2480 2764 2550 lucernam,
2797 2484 2909 2537 etc.
2959 2482 3159 2537 Restat
3180 2479 3380 2550 igitur,
3412 2485 3476 2536 ut

1828 2586 2022 2642 neque
2054 2584 2166 2638 ego
2197 2585 2302 2624 vos
2335 2585 2403 2624 eo
2427 2568 2544 2624 ﬁne
2571 2569 2774 2625 divina
2806 2569 3053 2625 scientia
3081 2568 3470 2633 accenderim,

1829 2664 1894 2716 ut
1917 2657 2354 2715 absconderem
2381 2675 2391 2713 :
2421 2657 2528 2714 sed
2557 2674 2692 2714 ecce
2724 2673 2882 2729 pono
2907 2674 3012 2713 vos
3055 2673 3236 2730 super
3265 2657 3478 2713 cande-

1827 2747 2084 2815 labrum,
2115 2749 2230 2804 hoc
2260 2751 2366 2812 est,
2394 2762 2576 2819 super
2601 2747 2899 2802 excelsum
2939 2746 3223 2801 doctrinm
3255 2745 3478 2811 locum,

1830 2841 1894 2892 ut
1914 2853 2121 2892 omnes
2147 2837 2248 2908 qui
2285 2836 2346 2891 in
2392 2837 2574 2891 domo
2605 2844 2761 2901 sunt,
2795 2835 3160 2891 illuminetis.

1901 2926 2061 2981 Vers.
2093 2927 2179 2981 16.
2213 2925 2308 2980 Sic
2334 2956 2400 2966 —
2427 2926 2530 2997 qui
2559 2925 2624 2979 in
2657 2925 2804 2981 caelis
2831 2932 2928 2981 est.
2963 2925 3180 2980 Luceat
3207 2938 3352 2980 sane
3384 2923 3478 2979 di-

166 3008 232 3063 οὖν
254 3015 406 3084 εἰπὼν,
439 3017 494 3069 ού
523 3018 724 3071 κελεύει
757 3019 1041 3092 θεατριζειν
1083 3023 1178 3077 τὴν
1209 3020 1416 3093 ἀρετὴν,
1458 3014 1566 3069 ἀλλ’
1607 3016 1718 3087 (li-8)

1842 3031 1994 3081 cens,
2015 3014 2325 3086 nonjubet
2354 3019 2415 3070 ut
2445 3015 2505 3069 in
2543 3013 2952 3086 spectaculum
2982 3013 3166 3069 virtus
3193 3016 3476 3086 ponatur,

166 3101 426 3172 ἐργάζεσθαι
500 3108 687 3173 αὐτὴν,
753 3109 991 3160 ειωθυῖαν
1066 3106 1150 3179 ἀφ’
1227 3107 1410 3166 ἑαυτῆς
1481 3107 1718 3178 λλμπειν,

167 3196 234 3243 ui
273 3193 443 3254 ἑαυτὴν
487 3192 826 3270 δημοσιεύειν
872 3198 1006 3248 κατὰ
1037 3201 1132 3254 τὴν
1174 3202 1264 3248 τοῦ
1308 3198 1474 3269 μύρου
1516 3193 1717 3268 quam]

169 3285 240 3331 Atii
276 3292 411 3337 τοῦτο
458 3283 518 3338 δὲ
567 3285 686 3357 (49)
739 3284 996 3357 λαμψάτω
1048 3286 1079 3343 ἡ
1122 3287 1415 3357 καθαρότης
1459 3294 1550 3338 τοῦ
1597 3284 1718 3358 βίου

168 3373 236 3421 καὶ
267 3371 402 3442 λόγου
447 3377 594 3447 ὑμῶν
646 3373 857 3427 ἐνώπιον
901 3382 1002 3426 τῶν
1054 3372 1356 3446 ἀνθρώπων,
1410 3374 1512 3446 οὐχ
1561 3376 1719 3428 ἕνεκεν

167 3459 629 3535 ἁνθρωπαρεσκείας,
686 3462 792 3516 ἀλλ’
851 3465 934 3515 ἶνα
1005 3459 1194 3515 ἴδωσιν
1255 3464 1398 3534 ὑμῶν
1459 3466 1525 3515 τὰ
1589 3465 1721 3518 καλὰ

167 3547 282 3616 ἔργα,
334 3555 396 3602 τὰ
453 3552 504 3604 έν
558 3553 783 3625 πράξεσι
832 3557 922 3604 καὶ
974 3551 1169 3623 λόγοις,
1237 3556 1328 3604 καὶ
1384 3557 1722 3625 μιμὴσωνται

166 3643 314 3694 ταῦτα.
351 3642 464 3696 Ἔτι
502 3638 564 3694 δε
605 3645 715 3708 καὶ,
750 3641 832 3694 ἶνα
881 3637 1153 3704 δοξάσωσι
1190 3641 1278 3694 τὸν
1327 3644 1533 3717 Πατέρα
1578 3643 1719 3714 ὑμῶν

166 3728 233 3774 τὸν
279 3726 323 3778 ἓν
378 3737 478 3791 τοῖς
538 3731 796 3803 οὐρανοῖς,
854 3733 969 3788 ἤτοι
1037 3733 1126 3783 τὸν
1202 3733 1350 3795 Θεὸν,
1425 3731 1570 3800 ᾧτινι
1628 3727 1722 3783 διὰ

165 3818 351 3879 πίστεως
407 3821 773 3886 emensam,
825 3821 931 3872 uici
1139 3819 1322 3888 αὐτοῦ,
1385 3815 1597 3891 ἀδελφοὶ
1661 3816 1720 3873 δὲ

167 3901 263 3970 ἐμοῦ
302 3912 577 3980 γενόμενοι,
631 3909 950 3980 ’Υμνὴσουσι
984 3909 1081 3983 γὰρ
1132 3907 1308 3972 αὐτὸν,
1360 3910 1430 3970 ὡς
1473 3911 1720 3966 τοιαύτην

165 3987 459 4068 ἰττειλάμενον
540 3997 824 4052 πολιτείαν.
921 4002 1021 4052 Καὶ
1100 4002 1202 4069 μὴν
1290 3996 1444 4059 αὐτὸς
1525 3999 1720 4054 ταύτην

165 4078 420 4154 ἐνετείλατο,
482 4086 593 4140 ἀλλ’
638 4089 782 4140 ames
837 4089 904 4138 τὰ
959 4085 1143 4138 ἑαυτοῦ
1203 4087 1589 4158 κατορθώματα
1649 4092 1721 4137 τῶ

167 4172 302 4244 "arpi
363 4175 604 4236 πολλάκις
654 4175 968 4240 ἀνατιθέναι,
1041 4177 1107 4235 ὡς
1171 4179 1436 4248 προῖόντες
1495 4173 1720 4244 εὑρήσο-

167 4279 254 4328 ;m,
297 4272 448 4335 τιμῶν
497 4268 569 4327 ὡς
620 4270 844 4338 Πατέρα,
887 4268 981 4317 καὶ
1043 4263 1155 4336 ἅμα
1221 4260 1489 4332 δεικνύων,
1543 4263 1624 4314 ὅτι
1671 4261 1720 4314 ἓν

167 4347 289 4416 εἰσιν,
312 4355 475 4428 ὥσπερ
505 4363 569 4426 τῇ
602 4357 775 4426 φύσει,
802 4353 938 4406 οὕτω
966 4357 1057 4404 καὶ
1093 4354 1167 4423 τῷ
1201 4351 1468 4424 θελήματι.

1830 3105 1933 3159 sed
1965 3109 2025 3159 ut
2066 3103 2197 3175 ipsa
2228 3118 2404 3174 opere
2435 3101 2828 3172 compleatur,
2863 3118 2994 3173 quae
3022 3118 3128 3173 per
3187 3118 3248 3157 se
3287 3100 3480 3157 lucere

1830 3194 1994 3258 solet,
2032 3207 2098 3245 ac
2126 3189 2387 3263 seipsam
2419 3189 2706 3258 unguenti
2748 3205 2912 3244 more
2944 3188 3258 3260 propalare
3293 3208 3305 3246 ε
3340 3189 3475 3242 ideo

1827 3280 2024 3336 luceat
2055 3278 2279 3351 puritas
2310 3278 2454 3334 vitm
2481 3293 2549 3333 ac
2576 3277 2866 3332 sermonis
2919 3277 3094 3331 vestri
3143 3291 3344 3330 coram
3372 3276 3477 3330 ho-

1829 3369 2112 3433 minibus,
2161 3384 2280 3424 non
2321 3367 2399 3422 ob
2453 3365 2716 3422 studium
2773 3363 3122 3419 hominibus
3181 3362 3476 3434 placendi,

1829 3461 1926 3516 sed
1975 3465 2038 3514 ut
2063 3458 2300 3514 videant
2329 3461 2511 3512 vestra
2535 3469 2715 3523 opera
2742 3453 2909 3516 bona,
2940 3468 3078 3525 qum
3098 3451 3382 3524 operibus
3409 3467 3480 3507 ac

1831 3547 2208 3605 sermonibus
2239 3547 2542 3601 imitentur
2585 3549 2640 3598 et
2688 3548 2974 3615 prmterea
3040 3547 3104 3596 ut
3153 3541 3481 3611 gloriﬁcent

1829 3641 2066 3695 Patrem
2097 3641 2349 3693 vestrum
2397 3634 2490 3705 qui
2541 3635 2602 3688 in
2643 3631 2798 3689 caelis
2849 3636 2953 3696 est,
3008 3629 3122 3686 hoc
3152 3633 3240 3686 est
3266 3628 3477 3698 Deum,

1829 3743 1865 3784 a
1892 3741 2014 3798 quo
2043 3740 2148 3797 per
2178 3723 2359 3778 ﬁdem
2387 3719 2643 3792 adOptati
2691 3719 2867 3791 estis;
2901 3717 3006 3774 ﬁlii
3061 3717 3297 3790 quidem
3329 3717 3476 3789 ejus,

1827 3815 2041 3871 fratres
2065 3818 2265 3868 autem
2289 3809 2609 3866 meictfecti
2638 3825 2651 3864 :
2683 3807 2934 3865 laudant
2971 3806 3130 3863 enim
3163 3805 3384 3878 ipsum,
3417 3809 3482 3862 ut

1828 3905 1926 3976 qui
1951 3900 2300 3973 hujusmodi
2330 3898 2599 3970 politiam
2653 3896 3035 3953 ordinaverit.
3089 3896 3218 3968 Ipse
3276 3899 3478 3951 tamen

1831 3992 2088 4049 Christus
2118 3991 2275 4047 hanc
2306 3989 2630 4054 constituit,
2658 3987 2764 4044 sed
2815 3986 3064 4058 propria
3108 4000 3290 4057 opera
3334 3984 3481 4041 solet

1829 4082 1984 4138 Patri
2011 4081 2349 4152 frequenter
2373 4077 2710 4140 attribuere,
2773 4080 2838 4132 ut
2869 4075 2930 4131 in
2960 4074 3350 4146 sequentibus
3374 4075 3484 4129 erit

1831 4171 2094 4227 invenire
2126 4185 2136 4224 :
2175 4169 2410 4223 Patrem
2442 4166 2713 4222 videlicet
2753 4165 3082 4230 honorans,
3133 4169 3187 4219 et
3211 4162 3482 4218 similiter

1829 4259 2270 4326 demonstrans,
2300 4255 2463 4328 quod
2493 4271 2684 4312 unum
2715 4253 2834 4310 sint
2860 4253 3015 4309 sicut
3052 4256 3289 4314 natura,
3320 4251 3400 4306 ita
3424 4255 3481 4306 et

1829 4348 2158 4406 voluntate.

219 4410 405 4512 Γίμῡν,
609 4410 794 4516 λρησὶν,
851 4410 1204 4515 ἓργαζομένων
1243 4410 1333 4494 τὰ.
1377 4439 1530 4510 καλὰ,
1588 4439 1721 4512 λαμ.-

1901 4439 1944 4508 -ι-
1968 4435 2173 4498 Vobis,
2201 4432 2404 4506 inquit,
2441 4431 2593 4488 bona
2622 4446 2806 4502 opera
2853 4427 3229 4516 facientibus,
3282 4425 3481 4482 luceat

167 4524 287 4594 {vim
311 4535 364 4583 τὸ
393 4531 482 4585 ἄπ’
522 4533 693 4586 αὐτῶν
733 4541 836 4605 φῶς
867 4534 1032 4605 ὑμῶν,
1066 4534 1092 4585 ὅ
1119 4535 1228 4601 καὶ,
1273 4526 1498 4603 μηδενὸς
1548 4525 1722 4601 δημο-

170 4622 406 4689 σιεύοντος,
457 4624 630 4675 εἴωθεν
672 4622 799 4675 αὐτὸ
858 4621 1009 4674 ἑαυτό
1058 4618 1385 4694 θριαμϐεύειν
1434 4617 1724 4672 ἀποπαλλό-

171 4724 285 4772 μειον
311 4719 401 4762 τῶν
429 4710 645 4784 καλῶν]

223 4802 293 4856 lli:
341 4830 404 4841 —
443 4800 738 4874 πληρῶσαι.
797 4796 1011 4859 Ἐπειδὴ
1067 4799 1282 4872 μείζονα
1333 4804 1432 4850 τῶν
1493 4795 1724 4850 παλαιῶν

1833 4526 1907 4583 ab
1933 4525 2019 4581 eis
2045 4523 2148 4579 lux
2176 4529 2369 4578 vestra
2395 4537 2407 4574 :
2444 4536 2579 4593 qum
2605 4518 2770 4574 nullo
2788 4518 2966 4575 etiam
2991 4515 3352 4589 publicante,
3377 4529 3482 4586 per

1833 4615 2091 4686 seipsam
2122 4609 2497 4683 triumphare
2519 4607 2668 4664 solet
2706 4606 2827 4680 (ss),
2888 4621 2924 4663 a
2974 4605 3147 4662 bonis
3197 4603 3481 4676 operibus

1833 4703 2175 4778 prosiliens.

1908 4795 2069 4848 Vers.
2106 4792 2191 4846 17.
2222 4791 2309 4849 Ne
2348 4819 2418 4832 —
2443 4787 2521 4844 ad
2572 4784 2988 4857 complendum.
3046 4781 3192 4852 Quia
3245 4781 3481 4856 majora

1342 4973 1566 5045 Varim
1595 4971 1924 5042 lectiones
1957 4979 2022 5039 et
2061 4977 2267 5038 notm.

225 5168 322 5310 in;
346 5172 577 5232 Inclusa
603 5175 663 5231 in
691 5187 887 5246 marg.
914 5171 1089 5230 habet
1116 5174 1187 5232 A.

247 5243 303 5301 48
343 5246 474 5300 Ἀλλ’
503 5247 820 5310 ἕργάζεσθαι
845 5244 1030 5310 αὐτήν,
1058 5245 1187 5302 abs:

247 5243 322 5315 48)
343 5246 474 5300 Ἀλλ’
503 5247 820 5322 ἕργάζεσθαι
832 5243 1030 5316 hei-av,
1058 5245 1282 5302 absunt
1300 5243 1368 5298 A.

231 5403 327 5478 (π’)
345 5407 530 5465 Πειὶω
556 5408 636 5465 ad
654 5408 836 5466 vitam
862 5412 1033 5464 caute
1045 5420 1150 5463 seu
1163 5403 1489 5478 praetenta
1512 5414 1583 5478 a‘c
1601 5404 1728 5478 tuto

175 5472 437 5543 agendam.
486 5479 825 5553 Ἐναγωνίους
857 5483 1060 5536 autem
1099 5472 1487 5540 reddiderim,
1525 5472 1757 5546 fortes,’

416 5568 666 5630 Ρλτιοι..
705 5569 813 5628 Gn.
853 5566 1092 5627 CXXIX.

1906 5166 2017 5237 (49)
2047 5160 2105 5219 δὲ
2130 5162 2345 5237 omittit
2357 5162 2432 5237 lt.

1906 5166 1995 5237 (49
2047 5166 2105 5219 δὲ
2130 5166 2345 5221 omittit
2366 5166 2432 5218 Α.

1906 5166 2017 5312 (50;
2049 5235 2283 5292 Inclusa
2343 5233 2536 5291 Codex
2586 5238 2829 5306 uterque
2878 5230 3061 5290 habet
3083 5229 3147 5288 in
3185 5225 3478 5301 margine.

1838 5397 2190 5457 constantes.

1910 5467 2009 5541 (ss)
2039 5468 2155 5524 Per
2177 5496 2245 5507 —
2264 5465 2432 5522 solet.
2465 5465 2538 5523 Se
2563 5463 2758 5539 ipsam
2787 5461 3102 5533 illustrare,
3123 5457 3482 5534 patefacere.

3165 5553 3197 5607 Ἱ
