3990 6206
404 270 509 327 203

407 392 711 468 praecepta
739 384 1088 444 conditurus
1126 380 1247 435 erat
1276 375 1385 439 bis,
1419 387 1551 444 quae
1580 371 1749 424 erant
1774 366 1835 420 in
1864 356 2053 457 Veteri
2086 356 2131 411 A

404 448 796 541 'i‘estamento,
824 475 1028 530 dicens
1054 487 1065 525 :
1089 466 1339 523 Audistis
1361 461 1517 533 quod
1539 460 1761 513 dictum
1791 458 1872 509 est
1897 448 2053 507 anti-

405 572 575 645 quis:
608 569 740 624 Non
771 563 1026 621 occides:
1054 556 1156 629 qui
1194 559 1388 610 autem
1429 547 1726 608 occiderit,
1782 556 1913 597 reus
1944 539 2055 594 erat

396 628 647 732 judicio.
670 656 796 724 Ego
817 657 1005 709 autem
1021 628 1152 702 dico
1169 644 1357 700 vobis:
1384 638 1579 694 Omnis
1593 634 1695 706 qui
1719 640 1923 687 temere
1936 628 2053 682 ira-

407 717 596 805 scitur
622 742 944 815 fratrisuo,
971 752 1105 793 reus
1119 734 1228 790 erit
1242 729 1472 801 judicio
1498 729 1567 791 ὀ,
1597 729 1733 787 etc.,
1759 726 1816 776 et
1839 717 2056 773 divinae

407 806 725 906 cujusdam
751 827 1121 896 cmlestisque
1144 820 1358 894 politiae
1383 817 1540 871 viam
1564 811 1819 868 incidere
1837 806 1930 877 (ιι)
1964 821 2058 859 vo-

410 898 601 981 lebat:
662 937 735 975 ne
778 918 881 990 qui
943 918 1180 987 propter
1230 908 1547 964 novitatem
1599 898 2057 971 suspicarentur,

414 1195 509 1248 tur
536 1185 873 1259 suspicioni.

488 1278 603 1335 Sed
633 1252 950 1331 videamus
989 1265 1296 1341 quomodo
1342 1264 1532 1333 legem
1586 1252 1965 1341 compleverit
1993 1265 2063 1306 ac

414 1366 759 1440 prophetas.
801 1339 1127 1431 Prophetas
1142 1355 1383 1427 quidem
1410 1347 1749 1420 complevit,
1780 1339 2064 1440 omnibus

414 1427 550 1528 quis
567 1454 639 1509 de
670 1452 797 1523 ipso
829 1427 1184 1517 scripserunt
1227 1441 1553 1514 prophetae,
1586 1449 1765 1506 opere
1804 1427 2065 1501 comple-

370 1570 371 1575 η
417 1523 513 1600 tis.
547 1546 693 1599 Nam
708 1539 786 1595 ob
818 1537 877 1592 id
909 1549 1149 1607 quoque
1166 1523 1870 1599 frequenteraddiderunt
1892 1532 2066 1573 evan-

418 1632 677 1701 gelistaa:
715 1628 784 1684 Ut
820 1623 1207 1693 comparetur
1256 1617 1413 1689 quod
1440 1615 1660 1669 dictum
1694 1618 1780 1667 est
1799 1621 2067 1701 perpro-

1703 228 2057 296 EUTHYMII
2097 222 2422 285 ZIGABENI
3653 202 3741 259 204

2160 348 2604 423 παραγγελμάτων
2667 341 2836 416 ἔμελλε
2904 342 3213 412 νόμογετεῖν,
3288 333 3447 404 λέγων
3495 346 3508 359 ’
3577 329 3743 382 Ἠκού-

2165 461 2288 494 σατε
2361 442 2437 491 ὅτι
2509 435 2688 510 ἐρρέθη
2762 438 2870 492 τοῖς
2945 427 3194 501 ἀρχαίοις
3244 444 3256 458 ο
3309 422 3384 475 Ού
3440 422 3687 492 φονεύσεις
3728 436 3739 449 ⁸

2164 532 2217 592 ὃς
2271 526 2320 582 δ’
2394 527 2453 578 ἂν
2508 527 2751 598 φονεύσῃ,
2822 523 3002 590 ἔνοχος
3057 520 3202 568 ἔσται
3255 520 3317 585 τῇ
3378 515 3545 582 κρίσει
3588 525 3601 538 '
3659 505 3745 578 ἐγὼ

2167 616 2224 672 δὲ
2278 618 2408 689 λέγω
2465 593 2603 687 ὑμῖν,
2666 593 2744 663 ὅτι
2799 616 2900 670 πᾶς
2962 609 2987 658 6
3036 605 3365 679 ὀργιζόμενος
3432 607 3503 670 τῷ
3557 593 3746 669 ἀδελφῷ

2166 709 2321 760 αὐτοῦ
2374 706 2507 770 εἰκῆ,
2558 706 2741 773 ἔνοχος
2792 702 2939 751 ἔσται
2990 703 3051 767 τῇ
3108 698 3299 769 κρίσει,
3340 695 3430 742 καὶ
3486 690 3552 740 τὰ
3606 687 3744 749 ἑξῆς·

2166 802 2256 849 καὶ
2327 798 2467 854 θείας
2517 795 2656 853 τινος
2724 793 2813 840 καὶ
2880 786 3121 861 οὐρανίου
3194 781 3455 841 πολιτείας
3528 775 3747 829 ἐϐούλετο

2166 892 2334 957 τεμεῖν
2375 879 2519 947 ὁδὸν,
2564 883 2647 931 ῖνα
2692 883 2761 951 μὴ
2816 895 2963 945 τινες,
3011 870 3104 926 διὰ
3150 875 3209 923 τὸ
3248 870 3463 934 ξενιςον,
3499 864 3749 919 ὑπολάϐω-

2170 994 2271 1039 σιν,
2333 974 2413 1025 ὃτι
2468 969 2687 1044 ἀναιρῶν
2749 969 2815 1018 τὰ
2874 963 3088 1029 παλαιὰ,
3167 961 3429 1032 νομοθετεί
3496 960 3602 1021 νία,
3672 958 3750 1006 καὶ

2166 1066 2455 1135 νομίσωσιν
2508 1058 2660 1110 αὐτὸν
2724 1056 2975 1123 ἀντίθεον,
3020 1051 3394 1125 προθεραπεύει
3441 1049 3533 1104 τὴν
3586 1046 3751 1097 τοιαύ-

2167 1171 2261 1210 την
2303 1148 2510 1219 ύπόληψ
2520 1168 2583 1200 ιν.

2242 1239 2416 1303 Ἀλλὰ,
2466 1244 2577 1299 πῶς
2622 1234 2889 1307 ἐπλήρωσε
2941 1234 3027 1282 τὸν
3074 1232 3227 1301 νόμον
3266 1231 3357 1278 καὶ
3404 1227 3525 1285 τοὺς
3562 1226 3749 1298 προφή-

2170 1348 2279 1394 τας,
2330 1323 2545 1398 ἴδωμεν.
2586 1326 2719 1384 Τοὺς
2765 1325 3031 1395 προφήτας
3071 1320 3160 1390 μὲν
3222 1314 3509 1390 ἐπλήρωσε,
3562 1312 3753 1385 πληρώ-

2174 1436 2269 1478 σας
2320 1418 2491 1487 ἔργοις
2549 1414 2739 1477 πάντα,
2795 1412 2895 1462 ὅσα
2949 1412 3066 1482 περὶ
3122 1404 3283 1457 αὐτοῦ
3325 1407 3706 1475 προεφήτευσαν
3738 1418 3750 1429 ·

2175 1503 2261 1559 διὸ
2330 1508 2419 1555 καὶ
2472 1504 2588 1554 καθ’
2656 1502 2869 1553 ἕκαστον
2926 1505 3025 1549 τῶν
3080 1495 3533 1567 προφητευθέντων
3583 1492 3755 1564 προσί-

2178 1597 2338 1652 θηκαν
2383 1594 2431 1644 οἱ
2486 1588 2847 1662 εύαγγελισταὶ
2884 1590 2942 1638 τό
2971 1603 2984 1614 ·
3019 1606 3047 1635 ι(
3076 1582 3186 1637 Ἰνα
3227 1581 3474 1656 πληρωθῇ
3516 1582 3576 1631 τὸ
3618 1580 3755 1652 ῥηθὲν

418 1670 673 1701 suum...
715 1670 783 1684 ν.
820 1670 1185 1693 νυ...,,--.-----
1799 1670 1817 1680 ,
1926 1670 1939 1675 _

414 1720 676 1791 phetam.
693 1717 907 1784 Legem
922 1715 1121 1767 autem
1138 1724 1259 1763 uno
1274 1704 1516 1777 quidem
1534 1701 1737 1769 modo,
1751 1692 2067 1767 complevit

2186 1680 2269 1735 διὰ
2314 1689 2406 1733 τοῦ
2457 1684 2726 1752 προφήτου
2758 1694 2771 1705 ·
2817 1697 2844 1725 »
2893 1678 2979 1726 τὸν
3030 1670 3089 1725 δὲ
3129 1676 3282 1743 νόμον
3332 1670 3403 1722 ενι
3454 1670 3542 1739 μὲν
3598 1671 3758 1739 τρόπῳ

2280 1771 2368 1791 xu
2426 1787 2504 1791 μη
2625 1765 2669 1791 L.
2751 1772 2819 1791 _.-.
2917 1758 3077 1791 mut“...
3448 1755 3736 1791 ..ηηηξοκυηη

416 1783 563 1865 nihil
589 1783 1078 1874 transgrediendo
1123 1812 1328 1853 eorum
1357 1810 1486 1865 quae
1543 1792 1633 1845 lex
1661 1790 1943 1859 jusserat.
1976 1783 2068 1837 Di-

418 1900 583 1953 xerat
614 1894 768 1950 enim
803 1890 967 1964 prius
1003 1887 1080 1944 ad
1105 1889 1393 1942 Joannem
1425 1899 1435 1935 :
1471 1882 1567 1937 Sic
1610 1879 1770 1935 decet
1794 1891 1893 1930 nos
1916 1890 2065 1930 com-

417 1986 813 2056 plereomnem
828 1978 1123 2049 justitiam
1138 1978 1181 2010 οι
1211 1990 1224 2040 ;
1250 1973 1364 2028 alio
1382 1976 1581 2027 autem
1607 1967 1804 2025 modo,
1840 1963 2070 2019 addens

421 2053 524 2147 ipsi
559 2087 693 2145 quae
721 2067 1115 2141 praetermissa
1143 2066 1349 2120 erant:
1383 2057 1546 2132 quod
1591 2057 1769 2111 etiam
1800 2053 1894 2108 hic
1946 2067 2070 2107 ma-

422 2143 511 2233 gis
541 2143 869 2230 congruum
899 2159 990 2211 est
1017 2152 1359 2221 intelligere.
1396 2150 1542 2202 Cum
1576 2145 1732 2200 enim
1791 2143 1885 2197 lex
1939 2156 2072 2213 pec-

420 2256 689 2307 catorum
719 2248 867 2302 ﬁnes
892 2243 1211 2316 prohibeat,
1267 2239 1529 2295 Christus
1582 2233 1873 2306 principia
1921 2246 2073 2302 quo-

422 2355 535 2412 que
562 2338 754 2393 vetuit.
813 2332 1119 2406 Siquidem
1171 2328 1359 2384 caedes
1402 2327 1628 2381 fructus
1679 2328 1768 2378 est
1824 2320 2070 2392 peccati,

422 2428 591 2484 radix
621 2432 814 2481 autem
845 2424 967 2493 ejus
989 2426 1074 2476 est
1105 2420 1191 2475 ira
1224 2440 1235 2471 :
1270 2417 1381 2472 nisi
1433 2430 1571 2469 vero
1624 2411 1759 2484 quis
1811 2409 2071 2465 radicem

425 2515 751 2580 abstulerit,
793 2511 1161 2584 quandoque
1194 2505 1438 2563 tandem
1484 2503 1733 2556 fructum
1765 2499 2071 2570 producet.

423 2608 586 2661 Patet
604 2603 776 2674 igitur
790 2614 1067 2656 mancum
1082 2597 1265 2652 fuisse
1289 2597 1675 2666 praaceptum,
1696 2589 1859 2661 quod
1880 2587 2074 2643 solum

426 2693 696 2750 occidere
722 2689 983 2746 vetabat.
1017 2689 1135 2742 Hoc
1158 2690 1357 2740 autem
1418 2680 1678 2737 Christus
1733 2675 2072 2748 complevit,

426 2780 777 2855 prmcipiens
830 2793 951 2833 non
1003 2774 1195 2838 irasci,
1265 2770 1426 2843 quod
1477 2769 1537 2823 in
1592 2766 1720 2822 aliis
1768 2764 2076 2837 praeceptis

426 2867 807 2941 procedendo
837 2863 1033 2920 licebit
1061 2860 1353 2917 invenire.

502 2960 774 3027 thuare
797 2957 962 3009 vetus
1020 2954 1107 3006 lex
1132 2954 1258 3004 erat
1312 2943 1713 3018 imperfecta?
1767 2943 1911 3009 Quia
1970 2942 2079 2996 He-

428 3046 577 3103 braei
622 3045 788 3100 durae
857 3040 1099 3097 cervicis
1150 3042 1336 3102 erant,
1413 3051 1522 3089 nec
1580 3033 1846 3089 ferebant
1906 3048 2077 3103 grave
2121 3054 2162 3112 ρ

431 3136 647 3207 jugum
681 3150 693 3187 :
728 3130 1071 3201 illositaque
1092 3124 1513 3183 velutint‘antcs
1541 3123 1689 3179 lacte
1713 3122 1954 3192 potavit,
1976 3136 2079 3176 no-

433 3225 526 3280 bis
566 3227 764 3278 autem
832 3225 1123 3291 tanquam
1184 3216 1325 3271 viris
1376 3213 1633 3268 solidum
1674 3210 1953 3283 apposuit
1998 3210 2079 3264 ci-

431 3312 608 3368 hum.

505 3398 821 3467 Quomodo
836 3413 976 3452 vero
998 3395 1136 3452 alibi
1157 3392 1577 3450 dixitChristus
1612 3393 1857 3461 :Jugum
1886 3405 2077 3446 meum

430 3505 612 3547 suave
641 3494 743 3550 est,
774 3491 827 3543 et
850 3501 993 3541 onus
1033 3500 1225 3539 meum
1281 3484 1400 3538 leve
1428 3484 1476 3517 ¹³²
1501 3480 1528 3535 ?
1559 3480 1709 3547 Quia
1764 3479 1887 3535 leve
1941 3479 2079 3533 facit

431 3579 547 3635 hoc
575 3577 851 3632 laborum
884 3573 1276 3628 remuneratio
1307 3587 1376 3626 ac
1408 3571 1789 3642 praemiorum
1844 3568 2077 3636 magni-

432 3667 597 3722 tudo.
627 3668 739 3719 Lex
770 3662 932 3717 enim
958 3677 1019 3715 se
1051 3660 1421 3715 servantibus
1450 3660 1608 3713 bona
1638 3662 1804 3712 terrm
1836 3657 2081 3728 promit-

433 3754 615 3811 tebat.
648 3751 913 3808 Christus
941 3755 1142 3806 autem
1170 3750 1332 3805 bona
1374 3747 1648 3803 coelestia.

509 3990 703 4063 -ι-ΑΙὶο
732 3989 910 4047 etiam
943 3990 1142 4055 modo,
1205 4004 1325 4045 non
1373 3987 1561 4053 solvit,
1615 3987 1711 4043 sed
1758 3983 2081 4058 complevit

432 4082 631 4156 potius
651 4080 836 4151 legem
868 4087 1123 4135 veterem
1150 4096 1161 4133 :
1193 4094 1386 4149 neque
1409 4079 1565 4132 enim
1596 4075 1915 4145 Evangelio
1942 4091 2077 4131 con-

432 4170 615 4229 traria
644 4174 785 4232 erat,
818 4168 923 4224 sed
955 4168 1153 4239 potius
1204 4166 1303 4221 via
1361 4166 1436 4221 ad
1498 4166 1719 4235 ipsum,
1796 4181 1863 4221 ac
1888 4181 2077 4236 przeco

430 4258 689 4333 praevius
711 4257 989 4314 etumbra
1012 4260 1343 4328 typusque;
1378 4255 1642 4309 veniente
1667 4262 1865 4310 autem
1892 4257 2079 4311 Evan-

431 4349 604 4419 gelio,
633 4345 924 4418 completa
942 4350 1026 4400 est
1042 4360 1113 4399 ac
1135 4344 1406 4408 cessavit,
1432 4342 1585 4398 sicut
1614 4359 1727 4398 nox
1764 4349 2076 4417 appetente

2176 1771 2530 1843 πεπλήρωκεν,
2623 1765 2671 1818 ἓν
2751 1772 2823 1835 τῷ
2912 1758 3077 1835 μηδεν
3162 1764 3375 1832 νόμιμον
3448 1755 3755 1831 παραϐῆναι.

2178 1862 2366 1934 Εἶρηκε
2418 1862 2518 1932 γὰρ
2569 1859 2699 1930 πρὸς
2754 1858 2840 1906 τὸν
2897 1853 3155 1912 Ἰωάννην,
3225 1850 3305 1901 ὅτι
3364 1848 3511 1899 Οὕτω
3583 1850 3757 1921 πρέπον

2179 1948 2318 2001 ἐστὶν
2374 1950 2519 2019 ἡμῖν,
2582 1944 2859 2019 πληρῶσαι
2932 1948 3105 1993 πᾶσαν
3174 1934 3554 1995 δικαιοσύνην·
3618 1936 3758 2007 ἑτέρῳ

2181 2034 2259 2105 δὲ,
2292 2035 2340 2087 ἓν
2371 2043 2442 2106 τῷ
2476 2035 2783 2108 προσθεῖναι
2830 2030 2970 2100 αὐτῷ
3008 2030 3073 2080 τά
3120 2027 3381 2091 λείποντα,
3403 2026 3429 2077 6
3468 2029 3556 2076 καὶ
3587 2023 3760 2096 μᾶλλον

2181 2124 2400 2177 ἐνταῦθα
2436 2130 2565 2175 νοεῖν
2614 2116 2885 2194 ἁρμόδιον.
2940 2124 3043 2170 Τοῦ
3072 2120 3231 2188 νόμου
3278 2117 3376 2189 γὰρ
3420 2115 3489 2166 τὰ
3515 2113 3635 2171 τελη
3674 2120 3762 2164 τῶν

2182 2214 2569 2287 ἁμαρτημάτων
2627 2209 2927 2274 κωλύοντος,
2980 2208 3007 2257 ὁ
3061 2206 3289 2278 Χριστὸς
3342 2208 3433 2255 καὶ
3470 2205 3560 2263 τὰς
3608 2201 3764 2274 ἀρχὰς

2183 2302 2453 2355 ἐκώλυσεν.
2493 2299 2552 2352 Ὀ
2584 2304 2727 2371 φόνος
2771 2300 2860 2369 μὲν
2908 2298 3011 2369 γὰρ
3056 2298 3253 2364 καρπός
3284 2291 3423 2344 ἐστιν
3475 2291 3763 2365 ἁμαρτίας·

2182 2392 2305 2466 ῥίζα
2343 2387 2402 2443 δὲ
2449 2392 2640 2448 ταύτης
2692 2389 2721 2445 ἡ
2783 2385 2932 2458 ὀργή.
2991 2386 3086 2435 Καὶ
3136 2382 3180 2434 εἰ
3232 2386 3302 2453 μὴ
3357 2400 3439 2442 τις
3493 2379 3641 2451 ἀνέλῃ
3680 2383 3766 2436 τὴν

2182 2481 2354 2555 ῥίζαν,
2428 2482 2567 2531 ἔστιν
2620 2479 2702 2528 ὅτε
2765 2478 3172 2550 καρποφορῆσαι.
3246 2467 3513 2522 Δέδεικται
3584 2473 3768 2533 τοίνυν,

2184 2570 2260 2620 ὅτι
2320 2566 2529 2628 ἐλλιπὴς
2586 2562 2647 2623 ἧν
2705 2567 2734 2623 ἡ
2811 2566 2924 2636 περὶ
2999 2567 3092 2613 τοῦ
3155 2564 3227 2631 μὴ
3292 2562 3513 2630 φονεύειν
3580 2557 3766 2614 ἐντολή.

2188 2656 2542 2730 Ἀνεπλήρωσε
2594 2650 2653 2705 δι
2705 2655 2896 2709 ταύτην
2934 2652 2961 2703 6
3007 2650 3260 2722 Χριστὸς,
3312 2646 3651 2718 ἐντειλάμενος
3702 2649 3766 2717 μή

2185 2746 2511 2817 ὀργίζεσθαι.
2566 2749 2727 2796 Τοῦτο
2791 2737 2851 2793 δι
2897 2744 2986 2791 καὶ
3045 2737 3129 2790 ἐπὶ
3185 2746 3282 2788 τῶν
3348 2734 3510 2788 ἄλλων
3569 2734 3771 2787 ἐντολῶν

2188 2836 2421 2910 εὑρήσεις
2454 2837 2667 2907 προῖὼν.

2260 2927 2360 2976 Καὶ
2431 2918 2577 2973 διατί
2650 2918 2829 2978 ἀτελὴς
2885 2914 2945 2976 ἦν
3012 2918 3037 2967 6
3095 2914 3310 2975 παλαιὸς
3381 2918 3574 2986 νόμος;
3641 2916 3775 2965 Διότι

2190 3008 2648 3085 σκληροτράχηλοι
2718 3004 2851 3065 ἦσαν
2926 3007 2975 3058 οἱ
3030 3004 3278 3079 Ἑϐραῖοι,
3330 3007 3420 3055 καὶ
3484 3003 3582 3055 οὐκ
3646 3002 3777 3059 ἠνεί-

2188 3120 2348 3173 χοντο
2400 3101 2558 3171 ζυγὸν
2593 3096 2776 3171 βαρύν.
2827 3099 3008 3147 Τοίνυν
3057 3092 3280 3155 ἐκείνους
3316 3096 3426 3164 μὲν,
3463 3094 3529 3152 ὡς
3567 3095 3780 3150 νηπίους

2190 3191 2261 3251 εἰς
2320 3189 2524 3263 ἀρετήν,
2575 3186 2711 3259 γάλα
2776 3184 3007 3236 ἐπότισεν
3050 3204 3063 3216 ·
3108 3184 3232 3255 ἡμῖν
3282 3178 3360 3248 δὲ,
3419 3182 3484 3241 ὡς
3534 3176 3777 3254 ἀνδράσι,

2188 3285 2487 3356 προσήγαγε
2515 3278 2722 3350 στερεὰν
2752 3278 2966 3349 τροφήν.

2262 3371 2365 3424 Καὶ
2406 3376 2517 3427 πῶς
2560 3368 2585 3417 6
2634 3366 2861 3439 Χριστὸς
2906 3365 3104 3436 εἴρηκεν
3145 3359 3403 3431 ἀλλάχοῡ,
3456 3360 3541 3411 ὅτι
3597 3358 3655 3410 Ὁ
3696 3357 3782 3418 Cv-

2187 3463 2279 3530 γὸς
2336 3476 2435 3529 μου
2494 3457 2754 3528 χρηστὸς,
2812 3456 2900 3504 καὶ
2966 3454 3023 3503 τό
3104 3454 3310 3522 φορτίον
3367 3466 3466 3520 μου
3528 3447 3783 3521 ὒαφρόνς

2190 3551 2331 3600 Διὸτι
2369 3544 2634 3618 ἐλαφρύνει
2675 3549 2852 3594 τοῦτον
2906 3542 2933 3597 ἡ
2994 3547 3093 3591 τῶν
3142 3542 3307 3591 πόνων
3353 3532 3654 3604 ἀντίδοσις,
3701 3536 3785 3585 καὶ

2189 3639 2219 3693 ἡ
2278 3633 2616 3707 μεγαλειότης
2686 3638 2785 3682 τῶν
2851 3626 3104 3682 ἐπάθλων.
3164 3626 3222 3678 Ὀ
3293 3630 3448 3697 νόμος
3517 3628 3614 3697 μὲν
3689 3624 3785 3694 γὰρ

2188 3730 2296 3784 τοῖς
2347 3723 2691 3795 κατορθοῦσιν
2749 3719 2902 3771 αὐτὸν
2962 3720 3026 3769 τὰ
3083 3714 3256 3787 ἁγαθὰ
3304 3722 3400 3774 τῆς
3462 3722 3567 3785 γῆς
3630 3716 3788 3782 ἐπηγ-

2186 3811 2389 3884 γείλατο
2438 3806 2628 3863 δώσειν
2657 3826 2670 3840 ·
2716 3809 2742 3860 ὁ
2779 3804 2839 3860 δι
2863 3808 3116 3878 Χριστὸς,
3160 3806 3227 3856 τὰ
3267 3801 3439 3875 ἀγαθὰ
3481 3808 3584 3854 τοῦ
3630 3800 3790 3872 ούρα-

2187 3920 2275 3953 νου
2284 3944 2295 3955 .

2264 3987 2498 4062 [Ἄλλως
2549 3987 2663 4059 (51)
2721 4004 2796 4056 τε,
2861 3984 2919 4037 οὐ
2977 3981 3273 4041 κατελυσεν,
3353 3979 3459 4031 ἀλλ’
3517 3979 3792 4053 ἐπλήρωσε

2186 4083 2273 4131 τὸν
2320 4077 2536 4131 παλαιὸν
2588 4080 2739 4147 νόμον
2792 4077 2818 4127 6
2872 4078 3119 4147 Χριστός.
3180 4066 3321 4123 Ούδε
3365 4071 3466 4143 γὰρ
3529 4068 3796 4120 ἀντίκειτο

2187 4175 2260 4227 τῷ
2300 4166 2612 4238 Εὐάγγελίῳ,
2644 4164 2833 4237 μᾶλλον
2872 4165 2961 4235 μὲν
2996 4158 3083 4214 οὖν
3131 4156 3255 4220 ὁδὸς
3302 4155 3362 4216 ἦν
3397 4154 3556 4218 οὗτος
3608 4156 3697 4209 ἐπὶ
3737 4158 3795 4206 τὸ

2188 4255 2526 4328 Εὐαγγέλιον,
2589 4258 2678 4306 καὶ
2733 4249 3053 4326 προκηρυξις
3108 4248 3283 4313 αὐτοῦ,
3338 4251 3427 4297 καὶ
3497 4249 3657 4311 σκιὰ,
3710 4248 3799 4296 καὶ

2186 4348 2364 4407 τύπος.
2444 4344 2705 4404 Ἐλθοντος
2795 4338 2853 4394 δὲ
2923 4345 3017 4392 τοῦ
3072 4335 3414 4408 Εὐαγγελίου,
3510 4335 3797 4406 ἐπληρώθη

430 4413 541 4504 die,
575 4413 725 4493 sicut
750 4413 955 4491 u—mbra
995 4432 1211 4488 additis
1237 4431 1550 4488 coloribus.
1576 4413 1890 4504 Oportebat
1918 4434 2070 4489 enim

2188 4435 2358 4504 οὗτος,
2425 4439 2513 4487 καὶ
2570 4436 2852 4498 πέπαυται,
2923 4432 2993 4490 ὡς
3064 4426 3173 4493 νὺξ,
3248 4427 3443 4497 ἡμέρας
3515 4428 3801 4495 φανείσης,

428 4526 825 4598 paedagogum
852 4522 1190 4596 prmoeptori
1226 4522 1569 4579 concedere.

2188 4527 2258 4587 ὡς
2312 4526 2457 4594 σκιὰ,
2517 4524 2808 4597 χρωμάτων
2867 4519 2979 4590 (52)
3046 4514 3437 4573 ἐπιϐληθέντων.
3489 4510 3655 4566 Ἔδει
3698 4515 3800 4583 γὰρ

2185 4618 2272 4668 τὸν
2333 4615 2448 4686 (53)
2512 4607 2855 4683 παιδαγωγὸν
2925 4615 2997 4679 τῷ
3070 4602 3378 4675 διδασκάλῳ
3456 4608 3807 4677 παραχωρῆ-

2187 4723 2299 4759 σαι.

503 4825 551 4863 ⁹⁰
579 4823 780 4884 Matth.
810 4839 867 4891 v,
902 4822 991 4890 2t,
1025 4822 1110 4880 22.
1190 4824 1233 4860 ⁹¹
1260 4823 1462 4885 Matth.
1485 4839 1574 4896 In,
1607 4826 1694 4883 15.
1775 4829 1822 4864 ⁸³
1852 4830 2051 4889 Matth.

2225 4831 2314 4891 30.

1649 4979 1866 5049 Varia
1899 4981 2230 5055 lectiones
2267 4994 2333 5055 et
2363 4991 2563 5053 notae.

499 5148 610 5293 (Si;
651 5147 887 5230 Inclusa
907 5148 967 5204 in
998 5145 1271 5218 margine
1294 5146 1470 5202 habet
1499 5151 1564 5204 Α.

499 5220 588 5291 (52
644 5220 984 5285 Hentenius,
1027 5218 1556 5293 coloribusqllecte‘

499 5218 610 5293 (52)
641 5220 984 5301 Hentenius,
1027 5218 1347 5304 coloribuﬁ
1367 5220 1560 5304 Recte.
1580 5235 1723 5304 ergo
1750 5228 2068 5298 χρωμάτων,

425 5290 675 5356 correxi,
728 5308 837 5363 pro
902 5292 1214 5363 χρημάτων.
1296 5291 1387 5345 Sic
1441 5290 2075 5372 ἐπιϐάλλειν”’χρὠατά

2183 5157 2421 5224 Gregor.
2452 5153 2721 5210 Nazianz.
2749 5164 2810 5224 p.
2845 5150 2931 5207 35.

2253 5218 2368 5298 (5'3)
2401 5224 2656 5296 Respicit
2688 5218 2813 5280 Gal.
2845 5236 2925 5284 ιιι,
2955 5218 3045 5275 24.

496 5415 586 5495 (ξι)
618 5414 893 5495 Ῑῖπςίάθνθ.
926 5413 1163 5495 Munire.
1196 5415 1390 5495 Greece
1420 5414 1740 5488 eleganter,
1792 5424 1987 5495 τέμνειν
2020 5418 2167 5478 ὀδόν.
2197 5419 2316 5478 Sed
2340 5419 2502 5476 hunc
2532 5422 2774 5491 tropum
2798 5415 2986 5473 Latini
3022 5428 3145 5471 non
3213 5414 3346 5469 sunt
3389 5412 3651 5482 imitati,
3700 5414 3820 5471 nisi

422 5484 576 5546 forte
605 5486 706 5543 ubi
736 5502 932 5543 sermo
964 5485 1036 5542 sit
1065 5484 1137 5541 de
1166 5484 1441 5557 rupibus.
