3990 6206
229 283 296 342 205

272 414 342 462 Καὶ
376 407 506 468 ἄλλως
546 403 602 461 δε
651 408 983 484 πεπλήρωκεν
1039 410 1065 461 6
1119 414 1344 484 Χριστὸς
1395 415 1482 465 τὸν
1538 417 1713 487 νόμον,
1747 419 1793 472 Α

223 501 264 550 τὰ
303 494 574 570 διατάγματα
625 500 811 550 τούτου
881 498 1124 572 φυλάξας,
1183 505 1272 554 καὶ
1319 505 1570 574 πέπαυκε,
1625 499 1659 555 δ
1665 507 1717 556 ιὰ

221 595 282 638 τοῦ
339 587 488 640 τιλιίον
582 590 640 639 τὸ
719 586 884 648 ἀτελὲς
965 587 1290 662 ἀποκρύψας.
1375 589 1529 647 Ὀθεν
1623 592 1718 644 οὐκ

220 674 444 729 bruma:
501 683 602 739 τοῖς
665 684 758 730 τοῦ
819 682 980 743 νόμου
1054 679 1123 731 τὰ
1209 685 1301 731 τοῦ
1373 680 1712 752 Εῡαγγελίου,

220 765 306 817 ἀλλὰ
328 773 660 837 συμφωνοῦσιν.
718 765 778 818 Ὀ
815 768 907 838 μὶν
947 769 1048 841 γὰρ
1092 767 1381 842 προτέλειον
1429 764 1512 835 ἦν,
1552 773 1612 821 τὸ
1659 766 1718 822 δε

220 853 406 915 «item.
430 853 451 929 ]

265 942 377 1016 Ἀμὴν
428 975 487 985 -
559 949 796 1015 γένηται.
870 948 944 997 T6
1008 943 1190 1018 Ἀμὴν,
1268 945 1533 1022 ὴίρῥημά
1605 945 1719 1000 ἔστι

213 1030 482 1103 βεϐαιωτικὸν,
533 1032 650 1086 ἀντὶ
699 1041 792 1086 τοῦ
849 1031 1073 1096 ἀληθῶς.
1139 1032 1198 1087 Ἠ
1268 1030 1327 1087 δι
1375 1043 1473 1087 τῶν
1537 1035 1719 1108 ἐφεξῆς

208 1122 325 1195 fere»
357 1119 550 1190 διάνοια,
582 1125 802 1180 τοιαύτη
845 1121 1008 1190 ἐστὶν,
1058 1123 1140 1175 ὃτι
1179 1120 1312 1184 Ἕως
1341 1124 1402 1176 οἶν
1448 1125 1475 1176 6
1519 1128 1718 1198 κόσμος

210 1206 364 1282 διαμένῃ
426 1211 584 1283 (τοῦτο
652 1213 750 1287 γὰρ
810 1208 966 1270 δηλοῖ
1023 1215 1100 1264 τό·
1167 1210 1296 1273 Ἕως
1362 1210 1423 1264 ἂν
1486 1213 1716 1286 παρέλθῃ

206 1299 421 1374 ἐοεὶρανὸς
471 1307 551 1353 καὶ
616 1302 648 1358 ἠ
706 1301 825 1374 γῆ),
882 1300 942 1354 οὐ
1015 1305 1086 1374 μὴ
1151 1300 1380 1374 παρέλθῃ
1449 1299 1718 1355 ἀτέλεστον

205 1383 288 1439 οὐδε
333 1391 380 1441 τὸ
421 1389 766 1443 εὐτελέστατον
832 1387 1092 1461 έπίταογμα
1144 1396 1236 1442 τοῦ
1289 1392 1472 1462 νόμον,
1516 1389 1606 1452 ἓως
1657 1390 1718 1444 ἂν

199 1479 319 1530 πάντα
371 1481 429 1532 τὰ
491 1482 686 1552 νόμιμα
745 1482 983 1552 γένηται,
1052 1481 1171 1537 ἤτοι
1229 1478 1479 1554 πληρωθῇ
1547 1481 1720 1554 ἔργοις

199 1566 284 1637 παρ’
315 1568 438 1638 ἐμοῦ.
482 1571 572 1622 Διὰ
616 1570 720 1642 γὰρ
765 1575 858 1621 τοῦ
912 1567 1041 1621 ἰῶτα
1093 1572 1184 1620 καὶ
1234 1574 1327 1628 τῆς
1382 1571 1610 1641 κεραίας,
1660 1570 1718 1620 1'6

196 1653 477 1710 τᾶτιλέστατον
551 1653 836 1716 έδήλωσεν,
921 1656 1004 1710 Ἐν
1090 1659 1193 1729 γὰρ
1264 1663 1376 1717 ταῖς
1451 1663 1719 1732 γραμμαῖς

195 1745 314 1795 ταὺτοὶ
376 1745 492 1798 εἰσιν
569 1745 930 1814 εὐτελέστατα,
1007 1748 1075 1809 ὡς
1167 1744 1534 1821 εὐχερέστερον
1619 1753 1718 1798 τῶν
1751 1769 1795 1825 Β

335 1831 773 1910 ἄγχαρασσόμενα.
828 1833 983 1888 Ἐστι
1018 1829 1077 1887 δὲ
1119 1837 1178 1887 τὸ
1213 1837 1302 1906 μὲν
1345 1833 1473 1888 ἰῶτα
1499 1839 1716 1908 γραμμή

192 1917 301 1992 ὀρθή·
329 1923 354 1980 ἦ
385 1918 439 1976 δι
480 1928 680 1997 κεραία,
721 1929 938 1997 γραμμὴ
980 1922 1203 1996 πλαγία.
1257 1929 1452 1996 Σχῆμα
1497 1919 1558 1976 δέ
1607 1921 1720 1975 ἐστι

190 2005 448 2078 βεϐαιώσεως
518 2017 575 2066 τὸ
655 2013 840 2084 λέγειν,
900 2014 979 2064 ὃτι
1048 2010 1181 2075 Ἐως
1242 2012 1303 2064 ἄν
1386 2010 1614 2085 παρέλθῃ
1695 2011 1721 2061 6

188 2096 348 2170 οὐρανὸς
392 2105 473 2153 καὶ
521 2103 550 2160 ἡ
607 2111 701 2174 γῆ,
765 2101 825 2155 οὐ
879 2105 950 2167 μὴ
1006 2100 1144 2154 έιέσω
1197 2096 1339 2156 τόδε.
1405 2102 1592 2173 Εἳρηκι
1663 2095 1722 2152 δὲ

188 2193 297 2239 τοῦτο
355 2191 380 2240 6
435 2194 677 2265 Χριστὸς,
748 2188 990 2264 βεϐαιῶν,
1046 2190 1128 2243 ὅτι
1183 2189 1242 2244 οὐ
1307 2195 1577 2262 μεταποιεῖ
1635 2191 1722 2240 τὸν

184 2279 311 2346 νομον,
359 2280 421 2340 ὡς
462 2283 533 2352 μὴ
587 2275 871 2353 δυνάμενος
927 2285 1112 2347 ποιεῖν,
1167 2279 1204 2330 οἳ
1262 2277 1448 2340 έκεῖνος
1511 2275 1722 2330 ἐντέλλε-

185 2383 259 2418 ται.
287 2371 369 2420 Καὶ
391 2371 486 2442 γὰρ
514 2372 682 2445 μέχρι
715 2371 934 2423 θανάτου
964 2375 1144 2423 τοῦτον
1180 2366 1411 2432 έξετέλει.

230 2541 302 2606 ὀς
339 2576 400 2588 -
447 2547 695 2622 οὐρανῶν.
755 2545 894 2621 [Τῶν
948 2547 1064 2620 (54)
1111 2549 1450 2622 μικροτέρων,
1500 2546 1583 2598 ἵνα
1646 2547 1718 2618 μὴ

177 2629 277 2700 λέγω
300 2641 386 2687 τῶν
410 2637 676 2710 μειζόνων.
708 2635 733 2710 ]

228 2722 424 2800 Ἐπιίπερ
474 2722 533 2780 δί
582 2724 870 2789 ἀπήλλαξεν
929 2725 1108 2780 έαυτον
1160 2731 1252 2786 τῆς
1301 2729 1529 2797 πονηρᾶς
1589 2723 1722 2775 ὐπο-

173 2809 282 2880 ψὶας,
317 2815 473 2868 λοιπὸν
519 2814 744 2888 έκφοϐεῖ,
797 2820 888 2869 καὶ
945 2813 1156 2874 ἀπειλὴν
1203 2815 1385 2873 τίθησι
1447 2812 1720 2887 μελίστην,

173 2900 265 2972 ὑπὲρ
345 2911 432 2966 τῆς
503 2903 795 2978 μελλούσης
862 2905 1174 2978 νομοθεσίας
1267 2902 1448 2958 αὐτοῦ.
1538 2899 1723 2962 Ὀστις

174 2985 370 3065 ἀθιτὸσῃ,
447 2999 598 3066 φησι,
679 2998 803 3067 μίαν
880 3001 978 3046 τῶν
1051 2992 1263 3046 ἐντολῶν
1345 2994 1558 3062 τούτων,
1654 2990 1720 3042 ὧν

168 3078 296 3146 μέλλω
341 3085 704 3155 νομοθετῆσαι,
771 3087 862 3136 καὶ
929 3088 1002 3156 μὴ
1081 3087 1232 3155 μόνον
1292 3079 1538 3154 ἀθετήσῃ,
1595 3077 1724 3133 ἀλλὰ
1753 3121 1794 3179 C

169 3175 234 3218 ιιι
270 3169 438 3244 ἑτέροις
493 3170 800 3246 ὑπὸδείγμα
854 3180 1086 3225 τοιοῦτον
1137 3176 1372 3244 γένηται·
1435 3169 1720 3242 ἐλαχίστας

168 3251 211 3309 ἢ
256 3264 426 3323 ταύτας
468 3263 700 3332 έκάλεσε,
755 3270 908 3316 τοῦτο
959 3263 1071 3335 μὲν,
1119 3267 1512 3334 μετριοφρονῶν,
1566 3266 1720 3312 τοῦτο

168 3339 225 3409 δε,
264 3349 335 3400 ἶνα
378 3355 447 3422 μὴ
497 3350 820 3426 ἑπαίρωνται
867 3353 916 3403 οἱ
970 3351 1334 3423 κατορθοῦντες
1386 3347 1564 3410 αὗτὰςι
1611 3348 1722 3420 ἅμα

164 3429 206 3487 οἳ
241 3443 317 3490 καὶ
366 3437 632 3494 παιδεύων
682 3442 836 3514 ἡμᾶς,
885 3439 1212 3503 έξευτελίζειν
1270 3441 1336 3492 τὰ
1381 3437 1564 3508 οἰκεῖα,
1613 3436 1721 3490 ἐπεὶ

163 3527 338 3596 μεγάλαι
380 3530 480 3584 εἰσὶ
528 3535 624 3584 καὶ
676 3530 893 3603 ὑψηλαί·
943 3531 970 3582 6
1019 3536 1255 3589 τοιοῦτος
1295 3523 1384 3580 οὖν
1437 3525 1720 3598 ἐλάχιστος

158 3613 450 3690 κληθήσεται,
494 3625 791 3688 τουτέστιν,
841 3622 1064 3692 ἔσχατος
1104 3621 1328 3682 πάντων,
1377 3615 1714 3689 φαυλότατος,

159 3700 503 3781 ὰτξῑρριμμένος,
561 3711 591 3763 ὃ
647 3708 810 3777 ἐστιν,
864 3709 936 3771 εἰς
986 3713 1080 3768 τὴν
1129 3707 1342 3760 κόλασιν
1393 3703 1717 3778 ἐμϐληθήσο-

157 3809 238 3849 rat.
287 3797 548 3853 Βασιλιέαν
610 3796 668 3852 δε
726 3807 826 3852 τῶν
885 3797 1111 3874 οὗρανων
1166 3804 1254 3849 νῦν
1311 3799 1404 3854 τὴν
1471 3790 1714 3867 δευτέραν

155 3890 403 3954 ’παρουσίαν
447 3888 613 3941 αὐτοῦ
652 3906 831 3960 φησιν,
867 3885 980 3959 ἕνῇ
1015 3884 1259 3960 βασιλεὺς
1301 3879 1447 3945 οὗτος
1477 3881 1714 3936 ἁπάντων

156 3966 490 4044 ἀναφανήσεται
499 4020 511 4032 .

204 4060 284 4126 ὀς
312 4096 379 4108 -
425 4067 680 4140 οὐρανῶν.
734 4065 870 4142 Ὅρα
919 4072 1024 4126 πῶς
1077 4061 1232 4130 εἶπεν,
1293 4063 1375 4116 ὃτι
1408 4065 1518 4136 χρὴ
1573 4066 1714 4135 πρῶ-

152 4167 220 4202 τον
266 4163 437 4227 ποιεῖν,
497 4158 616 4210 εἶτα
674 4152 974 4218 διδάσκειν,
1036 4157 1125 4206 καὶ
1171 4157 1244 4226 μὴ
1307 4156 1460 4224 μόνον
1524 4156 1709 4216 ποιεῖν,

151 4239 252 4296 illi:
305 4252 391 4299 καὶ
447 4243 751 4301 διδάσκειν.
807 4244 1008 4320 Ὠσπερ
1064 4247 1165 4316 γὰρ
1214 4244 1467 4315 μεμπτὸν,
1523 4243 1582 4292 τὸ
1635 4242 1708 4311 μὴ

151 4340 284 4386 ποιεῖν
344 4339 453 4408 μεν,
513 4333 794 4389 διδάσκειν
855 4331 934 4387 δέ’
995 4333 1128 4385 οὕτω
1195 4331 1348 4385 πάλιν
1413 4328 1580 4390 ἰιτιλίις
1651 4331 1710 4380 τὸ

147 4431 279 4476 ποιεῖν
303 4429 409 4498 μιν,
443 4430 516 4498 μή
551 4421 830 4478 διδάσκειν
861 4419 940 4478 δέ.
991 4420 1168 4475 Τιλεία
1221 4417 1280 4474 δι
1328 4418 1508 4492 ἁριτὴ,
1547 4419 1606 4470 τὸ
1635 4419 1707 4489 μὴ

150 4515 272 4576 ξιάνσν
314 4513 474 4586 ἑαυτῷ
519 4515 890 4589 χρησιμεύειν,
940 4509 1066 4564 ἀλλὰ
1111 4514 1202 4563 καὶ
1243 4516 1353 4571 τοῖς
1392 4507 1602 4584 ἑτέροις.
1644 4509 1736 4557 Σὺ’

147 4593 195 4651 ἴε
227 4599 310 4653 οὐκ
361 4604 423 4655 ἄν
480 4603 647 4678 ὀρθῶς
694 4598 944 4674 διδάξῃς,
1002 4601 1028 4651 6
1092 4603 1163 4673 μὴ
1226 4602 1535 4668 πεποίηκας,
1599 4590 1711 4647 οὐδ’

147 4689 342 4763 ιὺχφῶς
445 4697 642 4765 πείσῃς
720 4696 903 4760 ποιεῖν,
991 4690 1018 4742 ὃ
1095 4693 1165 4762 μὴ
1252 4691 1317 4740 σὺ
1396 4689 1709 4746 πεποίηκας.

148 4777 378 4846 Ἀκούσας
403 4784 530 4858 γὰρ·
564 4783 746 4856 Ἰατρὶ,
783 4781 1093 4854 θιράπευσον
1127 4781 1363 4834 σεαυτόν.

1744 4474 1787 4528 D

203 4963 332 5030 Λέγω
380 4991 452 5004 -
499 4961 752 5037 οὐρανῶν.
801 4959 1018 5014 Ἐκεῖνοι
1066 4960 1155 5030 μὲν
1202 4957 1304 5031 ⁶γὰρ
1345 4954 1404 5008 οὐ
1448 4959 1708 5022 ποιοῦσιν,

203 5085 244 5117 ’⁵
276 5085 406 5144 Luc.
439 5104 516 5154 ιν,
550 5089 642 5143 23.

1139 285 1508 346 COMMENT.
1547 283 1618 345 IN
1656 286 2110 348 MATTHIEUM.
2160 323 2228 334 —
2267 293 2422 351 CAP.
2464 294 2531 353 V.

3376 303 3484 359 206

1895 415 2022 472 Alio
2070 431 2312 490 quoque
2359 419 2542 476 modo
2588 419 2849 476 Christus
2897 419 3089 494 legem
3136 421 3478 494 complevit,

1827 506 2071 562 servatis
2096 507 2284 578 ipsius
2307 509 2634 581 praeceptis,
2660 509 2959 582 ﬁnemque
2982 511 3270 583 imposuit
3297 531 3309 567 :
3334 511 3481 584 quia

1827 594 2126 651 abstracta
2159 596 2605 667 imperfectione
2639 598 2881 670 perfecit
2915 600 3062 672 (uu).
3114 600 3281 656 Unde
3329 615 3482 657 con-

1827 682 2005 738 traria
2032 698 2152 739 non
2186 691 2324 740 sunt
2362 687 2708 756 evangelica
2748 694 3043 759 praecepta
3076 688 3169 744 his
3203 703 3339 760 quaa
3385 688 3481 745 lex

1820 769 2011 841 jussit,
2055 771 2163 827 sed
2188 787 2456 829 consona
2487 791 2500 828 :
2534 774 2626 829 lex
2655 775 2812 830 enim
2843 775 3080 832 initium
3110 781 3256 848 erat,
3291 779 3482 834 Evan—

1829 858 2048 927 gelium
2080 876 2215 916 vero
2251 861 2555 932 perfectio.

1899 948 2059 1002 Vers.
2104 949 2188 1003 18.
2221 951 2410 1006 Amen
2449 981 2521 993 —
2556 952 2731 1021 facta
2756 951 2886 1008 sint.
2922 952 3105 1009 Dictio
3135 954 3338 1020 Amen,
3373 953 3483 1010 ad-

1826 1035 2098 1090 verbium
2120 1043 2205 1092 est
2221 1039 2727 1104 conﬁrmativum,
2743 1040 2901 1096 idem
2925 1039 3292 1110 signiﬁcans,
3314 1041 3483 1114 quod

1827 1139 1984 1178 vere.
2016 1124 2354 1181 Intellectus
2377 1133 2579 1183 autem
2611 1144 2839 1194 eorum,
2868 1145 2999 1201 quae
3026 1129 3232 1186 ordine
3263 1130 3483 1186 dicun-

1829 1215 1939 1280 tur,
1971 1212 2068 1270 hic
2110 1219 2199 1271 est
2235 1232 2250 1268 :
2292 1216 2571 1280 Quandiu
2608 1217 2872 1273 mundus
2913 1219 3307 1289 permanserit
3347 1219 3484 1290 (hoc

1828 1301 1990 1358 enim
2018 1302 2260 1370 indicat,
2303 1303 2560 1361 dicendo
2600 1321 2612 1359 :
2658 1307 2839 1364 Donec
2881 1313 3137 1364 transeat
3184 1309 3385 1365 caelum
3427 1317 3480 1365 et

1829 1390 2028 1461 terra),
2081 1407 2470 1464 nequaquam
2534 1394 3009 1465 praetermittetur
3064 1396 3482 1468 imperfectum

1827 1477 1915 1533 vel
1943 1478 2310 1536 levissimum
2341 1480 2484 1550 legis
2517 1489 2903 1554 praeceptum,
2936 1485 3126 1540 donec
3164 1486 3369 1541 omnia
3405 1486 3485 1543 le-

1829 1567 1986 1637 galia
2011 1568 2190 1639 facta,
2220 1569 2342 1626 sive
2365 1585 2541 1642 Opere
2568 1571 2866 1642 completa
2886 1572 3002 1628 sint
3025 1589 3060 1629 a
3085 1589 3202 1631 me.
3227 1574 3338 1630 Per
3359 1573 3484 1632 iota

1829 1657 2134 1729 siquidem,
2171 1664 2272 1714 aut
2303 1658 2558 1730 apicem,
2586 1660 2750 1731 quod
2782 1660 3255 1731 abjectissimum
3285 1666 3376 1718 est
3409 1661 3484 1718 si-

1828 1746 2127 1817 gniﬁcavit
2171 1763 2185 1800 ε
2235 1747 2364 1803 huic
2400 1747 2558 1803 enim
2611 1748 2674 1804 in
2725 1748 2929 1805 litteris
2965 1749 3272 1808 levissima
3323 1755 3480 1817 sunt,

1829 1837 2117 1907 tanquam
2167 1853 2298 1908 quae
2347 1837 2570 1893 caeteris
2617 1837 2849 1893 facilius
2894 1839 3152 1896 describi
3210 1844 3481 1912 possunt.

1830 1925 1928 1979 Est
1969 1927 2172 1979 autem
2202 1924 2322 1981 iota
2350 1925 2505 1981 linea
2537 1933 2717 1992 recta,
2759 1942 2912 1998 apex
2956 1943 3098 1984 vero
3137 1926 3297 1983 linea
3339 1926 3485 1984 obli-

1829 2027 1976 2085 qua.
2008 2012 2217 2069 Modus
2238 2029 2482 2086 quoque
2503 2014 2974 2071 conﬁrmationis
3004 2019 3091 2071 est
3111 2015 3308 2072 dicere
3335 2032 3348 2070 :
3376 2017 3487 2072 Do-

1829 2115 1936 2157 nec
1965 2106 2218 2158 transeat
2249 2103 2457 2160 calum
2496 2109 2550 2160 et
2592 2108 2765 2170 terra,
2815 2103 2925 2160 hoc
2963 2120 3082 2160 non
3123 2105 3481 2174 permittam.

1831 2189 1984 2245 Dixit
2013 2195 2213 2246 autem
2239 2190 2356 2247 hoc
2385 2190 2670 2258 Christus,
2703 2191 3069 2249 conﬁrmans
3094 2193 3260 2265 quod
3291 2193 3486 2264 legem

1829 2294 1953 2336 non
1993 2279 2328 2350 corrigeret,
2373 2285 2659 2352 tanquam
2690 2297 2812 2338 non
2851 2285 3062 2354 potens
3087 2298 3212 2354 quae
3239 2282 3341 2340 illa
3365 2283 3488 2354 jus-

1831 2373 1982 2424 serat
2003 2384 2182 2442 opere
2204 2369 2502 2442 complere
2522 2390 2536 2440 ;
2562 2385 2706 2428 nam
2724 2386 2914 2444 usque
2929 2373 3008 2428 ad
3027 2377 3280 2430 mortem
3298 2372 3485 2446 ipsam

1832 2457 2175 2530 complevit.

1902 2549 2066 2603 Vers.
2100 2548 2189 2604 i9.
2220 2548 2570 2621 Quicunque
2590 2580 2658 2590 —
2677 2549 2986 2608 ctelorum.
3024 2551 3067 2621 -ιο
3094 2550 3176 2607 De
3201 2549 3479 2616 minimis,

1831 2640 1896 2693 ut
1917 2652 1989 2692 ne
2015 2637 2217 2694 dicam
2248 2637 2322 2693 de
2347 2637 2704 2709 majoribus.

1903 2726 2226 2798 Postquam
2277 2727 2544 2798 seipsum
2591 2742 2780 2799 prava
2819 2726 3158 2798 suspicione
3189 2726 3479 2794 liberavit,

1831 2814 2110 2887 deinceps
2132 2819 2400 2882 exterret,
2424 2817 2740 2888 minasque
2763 2815 2931 2887 ponit
2947 2815 3244 2871 maximas
3266 2831 3375 2886 pro
3398 2815 3484 2871 fu-

1830 2907 1964 2961 tura
1983 2901 2353 2974 legislatione
2375 2919 2503 2960 sua.
2529 2903 2902 2976 Quicunque,
2927 2903 3132 2976 inquit,
3165 2919 3353 2959 unum
3378 2903 3486 2960 ho-

1829 3008 1963 3048 rum
1996 2999 2427 3064 praeceptorum
2455 2993 2758 3064 spreverit,
2792 3009 2924 3064 qua:
2965 3009 3076 3063 ego
3115 2991 3486 3049 stabiliturus

1831 3098 1998 3138 sum:
2034 3097 2142 3137 nec
2169 3081 2358 3136 solum
2381 3081 2506 3153 ipse
2529 3081 2832 3153 spreverit,
2859 3081 2962 3137 sed
2985 3087 3040 3137 et
3062 3081 3188 3137 aliis
3209 3082 3484 3154 exemplo

1830 3171 1945 3228 tale
1963 3171 2105 3242 quid
2124 3169 2381 3225 faciendi
2405 3170 2609 3225 fuerit:
2633 3170 2880 3224 minima
2901 3185 3039 3224 vero
3061 3170 3186 3226 hinc
3211 3175 3484 3242 precepta

1830 3259 2076 3326 vocarit,
2117 3258 2333 3331 partim
2375 3257 2620 3328 quidem
2658 3256 2969 3313 modestiae
3022 3273 3222 3322 causa,
3268 3259 3483 3328 partim

1828 3364 1971 3404 vero
1998 3362 2070 3401 ne
2098 3345 2516 3402 extollerentur
2544 3346 2646 3416 qui
2674 3359 2744 3399 ea
2765 3349 3102 3400 servarent:
3133 3343 3309 3399 simul
3340 3361 3485 3416 quo-

1829 3453 1946 3508 que
1975 3435 2192 3490 docens
2219 3451 2329 3490 nos
2356 3433 2592 3505 propria
2612 3439 2942 3500 attenuare,
2961 3432 3240 3506 quamvis
3260 3448 3481 3502 magna

1829 3525 1947 3580 sint
1976 3529 2032 3580 et
2057 3523 2331 3590 excelsa;
2357 3522 2485 3578 talis
2515 3538 2658 3595 ergo
2690 3521 2966 3578 minimus
3000 3520 3330 3593 vocabitur,
3363 3521 3478 3578 hoc

1827 3619 1938 3682 est,
1970 3613 2240 3669 omnium
2267 3616 2620 3684 postremus,
2651 3610 2993 3678 vilissimus,
3019 3609 3476 3683 abjectissimus.

1827 3702 1998 3769 Quod
2027 3702 2397 3758 tantumdem
2429 3701 2583 3756 valet
2611 3715 2677 3756 ac
2699 3700 3006 3766 sidiceret,
3031 3699 3091 3754 in
3117 3699 3480 3771 supplicium

1823 3791 2187 3863 projicietur.
2230 3791 2503 3860 Regnum
2546 3795 2746 3846 autem
2785 3787 3070 3846 caelorum
3109 3788 3223 3844 hoc
3253 3788 3315 3844 in
3344 3788 3477 3845 loco

1824 3879 2152 3936 secundum
2175 3895 2344 3935 suum
2364 3877 2506 3935 dicit
2526 3877 2862 3948 adventum,
2883 3876 3079 3950 inquo
3090 3892 3194 3934 rex
3205 3877 3476 3935 omnium

1823 3966 2154 4041 apparebit.

1895 4059 2051 4112 Vers.
2102 4057 2182 4111 l9.
2218 4055 2330 4123 Qui
2359 4087 2428 4097 —
2454 4056 2747 4112 caelorum.
2784 4053 2935 4113 Vide
2961 4053 3475 4128 quemadmodum

1821 4146 2032 4203 dixerit
2053 4151 2320 4217 oportere
2352 4145 2614 4217 primum
2648 4144 2862 4213 facere,
2893 4147 2952 4200 et
2977 4147 3186 4217 postea
3209 4142 3424 4200 docere
3458 4160 3470 4199 :

1819 4251 1931 4292 nec
1975 4235 2167 4291 solum
2209 4234 2420 4300 facere,
2456 4233 2561 4290 sed
2599 4234 2779 4290 etiam
2816 4231 3048 4289 docere.
3081 4231 3474 4298 Quemadmo-

1821 4326 1959 4382 dum
1991 4325 2151 4380 enim
2181 4321 2642 4395 reprehensibile
2669 4326 2757 4378 est
2779 4321 2993 4377 docere
3017 4325 3075 4376 et
3100 4335 3225 4376 non
3252 4318 3469 4386 facere,

1820 4415 1906 4472 ita
1933 4430 2172 4471 rursum
2203 4412 2611 4484 imperfectum
2642 4416 2730 4466 est
2757 4409 2950 4468 facere
2980 4413 3036 4465 et
3062 4423 3187 4465 non
3215 4407 3430 4466 docere
3455 4425 3470 4475 ;

1821 4503 2082 4577 perfecta
2118 4505 2318 4558 autem
2361 4500 2539 4556 virtus
2586 4502 2694 4564 est,
2737 4501 2804 4554 ut
2845 4512 2963 4554 non
3003 4496 3116 4554 soli
3161 4495 3272 4551 sibi
3314 4496 3474 4568 quis-

1817 4593 1984 4667 piam
2022 4591 2180 4648 utilis
2219 4591 2313 4661 sit,
2354 4588 2458 4645 sed
2506 4592 2563 4644 et
2590 4586 2738 4644 aliis.
2769 4589 2853 4642 Tu
2901 4601 3042 4643 vero
3085 4600 3470 4659 nequaquam

1817 4686 1976 4739 recte
2029 4679 2292 4746 docebis,
2361 4693 2493 4750 quae
2549 4690 2729 4748 opere
2780 4689 2904 4730 non
2953 4674 3300 4748 complesti;
3361 4691 3473 4732 nec

1820 4770 1988 4827 facile
2017 4769 2148 4826 aliis
2181 4765 2594 4841 persuadebis,
2629 4768 2692 4820 ut
2739 4763 2964 4820 faciant
2987 4763 3149 4835 quod
3179 4763 3309 4835 ipse
3345 4779 3471 4822 non

1820 4859 2032 4916 fecisti.
2072 4857 2292 4914 Audies
2322 4856 2483 4914 enim
2514 4871 2531 4912 :
2561 4854 2799 4921 Mediae,
2832 4868 2978 4912 cura
3018 4853 3262 4926 teipsum
3290 4853 3365 4912 ".

1887 4948 2052 5006 Vers.
2075 4947 2165 5006 20.
2204 4947 2345 5004 Dico
2374 4976 2444 4988 —
2483 4945 2774 5003 calorum.
2807 4941 2893 5001 Illi
2925 4943 3225 5016 siquidem
3253 4941 3472 5002 docent

1333 5180 1547 5251 Variae
1584 5176 1908 5248 lectiones
1951 5185 2016 5243 et
2055 5183 2257 5242 notae.

199 5331 298 5402 (5i)
334 5331 580 5390 Inclusa
607 5331 667 5388 in
695 5344 888 5400 marg.
917 5327 1097 5386 habet
1125 5329 1190 5384 Α.

201 5475 305 5542 (αι)
327 5475 474 5542 Quia
497 5507 571 5517 —
590 5469 860 5546 perfecit.
891 5471 1240 5546 Imperfecto
1265 5485 1365 5542 per
1391 5467 1708 5546 perfectum

138 5540 404 5621 inperata
434 5540 821 5621 Ἀπριὶρύπὲτιιν
845 5540 1151 5621 notionem
1173 5540 1485 5621 superducti
1504 5540 1708 5609 habet,

137 5615 280 5685 quod
309 5627 435 5678 orto
464 5618 594 5676 sole
609 5615 843 5676 'caeterse
867 5615 1049 5672 stellae
1076 5616 1459 5674 evanescunt.

1891 5461 2032 5538 (vv)_
2061 5457 2339 5538 Quamuis
2365 5486 2447 5538 ςτ-
2495 5456 2756 5538 excelsa.
2811 5451 3054 5538 Yidetur
3096 5450 3329 5535 legisse,
3366 5453 3467 5538 aut

1821 5520 2102 5591 certe'ita
2170 5529 2520 5595 reddidisse,
2589 5544 2659 5584 ac
2708 5528 2757 5584 si
2819 5524 3040 5597 legerit,
3101 5524 3192 5574 κεῖν
3246 5520 3468 5594 prliis“

1820 5604 1939 5675 ὦσι,
1973 5603 2138 5680 quod
2167 5603 2318 5661 mihi
2345 5601 2524 5661 valde
2549 5600 2859 5675 probatur.
