3990 6206
453 277 558 333 207

1801 269 2135 329 EUTHYMII
2178 266 2510 327 ZIGABENI
3714 266 3808 327 208

453 405 510 457 et
524 415 645 457 non
660 400 904 465 faciunt,
925 400 1109 456 vitam
1126 399 1393 455 viventes
1411 400 1702 456 doctrinae
1723 398 2104 463 contrariam;

2227 395 2354 448 ἀλλὰ
2395 398 2547 467 μόνον
2597 390 2973 460 διδάσκουσιν,
3025 388 3484 466 ὼτιφθεγγόμενον
3542 402 3604 467 τῇ
3656 392 3811 449 διδά..

452 506 562 545 vos
615 492 818 545 autem
870 493 925 544 et
964 488 1176 544 docere
1208 492 1262 543 et
1309 488 1501 545 facere
1531 488 1780 554 debetis,
1823 493 1887 543 ut
1921 487 2117 542 verbis

453 578 613 634 facta
650 577 1031 632 concordent.
1073 579 1186 631 Aut
1226 577 1405 633 etiam
1446 578 1615 633 aliter
1644 578 1755 633 hoc
1785 576 2110 647 intelliges;

456 667 542 722 llli
563 666 807 739 quidem
828 670 1211 738 peccatorum
1234 666 1384 723 fines
1406 668 1714 723 observant
1737 682 1750 721 :
1778 682 1886 722 vos
1912 670 2115 721 autem

452 755 747 827 principia
776 770 1022 827 quoque
1052 755 1370 811 observare
1395 755 1645 811 debetis.
1679 753 1916 811 Scribas
1949 769 2117 811 nam-

460 860 578 917 que
635 849 692 900 et
742 844 1071 900 Pharisaaos
1127 844 1223 900 hic
1279 848 1434 900 recte
1492 850 1822 916 operantes,
1882 849 1937 899 et
1992 859 2115 899 non

458 932 964 1003 transgredientes
987 933 1264 1005 accipito.
1296 933 1587 990 Justitiam
1607 951 1745 990 vero
1772 932 2117 1005 simpliciter

465 1022 612 1081 dixit
638 1038 879 1079 omnem
904 1023 1205 1079 virtutem.

529 1199 855 1257 Considera
907 1202 1107 1256 autem
1166 1199 1474 1272 quomodo
1528 1204 1585 1255 et
1636 1214 1738 1270 per
1794 1200 2115 1271 praesentia

458 1291 661 1355 verba,
694 1292 752 1344 et
781 1303 885 1360 per
913 1303 985 1344 ea
1014 1304 1149 1359 quas
1190 1289 1458 1361 superius
1490 1288 1646 1343 dicta
1678 1292 1834 1352 sunt,
1866 1303 1989 1343 non
2020 1304 2112 1345 ca-

454 1378 786 1434 lumnietur
822 1376 1011 1447 legem
1052 1381 1332 1440 veterem,
1382 1377 1485 1431 sed
1534 1378 1728 1447 ipsam
1769 1376 1965 1447 potius
2013 1392 2113 1433 au-

456 1472 608 1537 geat.
638 1468 849 1520 Verum
883 1465 933 1518 si
961 1464 1061 1520 illa
1089 1465 1625 1537 irreprehensibilis
1652 1471 1760 1529 est,
1785 1481 1891 1521 cur
1916 1464 2113 1521 salvos

456 1570 579 1611 non
612 1555 755 1611 facit
784 1553 917 1609 illos
948 1554 1051 1626 qui
1089 1554 1283 1625 ipsam
1321 1558 1599 1609 servant?
1631 1556 1821 1624 Usque
1850 1553 1927 1609 ad
1954 1553 2113 1610 Chri-

459 1643 535 1699 sti
566 1642 813 1715 quidem
845 1642 1170 1699 adventum
1197 1641 1394 1697 salvos
1416 1658 1519 1697 eos
1544 1642 1818 1706 faciebat,
1842 1643 1940 1713 qui
1972 1658 2114 1714 gna-

2227 484 2417 556 σκαλὶᾳ
2458 487 2543 535 τὸν
2598 481 2714 554 βίόν
2764 485 2991 553 ἔχοντες
3039 479 3187 554 ὑμεῖς
3244 480 3302 535 δε
3354 488 3443 536 καὶ
3494 492 3678 554 ποιεῖν,
3731 491 3812 540 καὶ

2227 570 2505 627 διδάσκειν
2548 572 2787 643 όφεῦιετε.
2845 572 2926 623 ἱνα
2993 568 3262 643 συνάδωσι
3303 574 3367 625 τὰ
3418 575 3542 647 ἔργα
3593 580 3697 634 τοῖς
3736 574 3813 627 λό-

2223 682 2352 735 γοις.
2405 661 2471 714 Ἥ
2532 666 2621 713 καὶ
2661 660 2844 733 ἑτέρως
2879 667 3031 713 τοῦτο
3078 666 3303 731 νοήσεις,
3354 663 3435 714 ὅτι
3481 662 3693 715 Ἐκεῖνοι

2222 752 2288 803 τὰ
2340 750 2458 807 τέλη
2520 758 2618 801 τῶν
2677 748 3063 822 ἁμαρτημάτων
3125 751 3491 821 φυλάττουσινο
3561 753 3707 823 ὑμεῖς
3762 750 3814 805 δὲ

2224 843 2313 890 καὶ
2364 842 2457 899 τὰς
2506 836 2676 910 ἀρχὰς
2721 837 2990 911 φυλάττειν
3045 838 3284 910 ὀφείλετε,
3340 842 3442 911 εἴγε
3491 838 3815 914 Γρὰμματεῖς

2223 934 2313 981 καὶ
2362 932 2680 1000 Φαρισαίους
2736 925 2957 980 ἐνταῦθα
3012 931 3134 991 τοὺς
3184 930 3585 1001 κατορθοῦντας,
3616 934 3710 982 καὶ
3760 932 3813 982 οὐ

2220 1020 2341 1079 τοὺς
2399 1023 2821 1090 παρανομοῦντας
2884 1016 3080 1079 λάϐοις.
3150 1020 3491 1077 Δικαιοσύνην
3562 1015 3622 1072 δὲ
3689 1016 3812 1073 εἶπεν

2223 1105 2398 1166 ἁπλῶς
2426 1113 2598 1159 πᾶσαν
2624 1105 2689 1178 ἀρ
2696 1111 2827 1166 ετήν.

2291 1194 2434 1269 ’Ὀρα
2490 1191 2569 1260 δὲ,
2622 1196 2758 1257 ὅπως
2800 1199 2890 1248 καὶ
2944 1191 3040 1248 διὰ
3084 1204 3183 1247 τῶν
3235 1200 3498 1270 παρόντων
3552 1198 3811 1273 ῥημάτων,

2220 1288 2310 1336 καὶ
2364 1281 2456 1336 διὰ
2506 1292 2605 1336 τῶν
2658 1283 2892 1359 ἀνωτέρω
2944 1285 3239 1358 εἰρημένων,
3305 1285 3362 1339 οὐ
3414 1282 3678 1340 διαϐάλλει
3730 1292 3815 1348 την

2220 1373 2443 1427 παλαιὰν
2507 1375 2836 1446 νομοθεσίαν,
2908 1373 3012 1426 ἀλλ’
3081 1373 3318 1427 ἐπιτείνει
3379 1375 3568 1447 μᾶλλον
3630 1376 3811 1436 αὐτὴν.

2224 1467 2323 1515 Καὶ
2368 1462 2411 1515 εἰ
2458 1459 2777 1525 ἁδιάϐλητὸς
2810 1461 2941 1529 ἐστι,
2982 1459 3126 1516 διατί
3169 1464 3227 1516 οὗ
3270 1468 3429 1527 σώζει
3466 1469 3585 1527 τοὺς
3630 1485 3812 1540 μετερ-

2222 1554 2474 1623 χομένους
2521 1552 2722 1618 urit-iw;
2774 1556 2952 1626 Μέχρι
2997 1556 3087 1625 μὲν
3134 1561 3225 1614 τῆς
3284 1561 3376 1606 τοῦ
3428 1561 3661 1627 Χριστοῦ
3720 1576 3815 1609 πα-

2219 1645 2439 1714 ρουσίας
2493 1641 2654 1701 ἔσωζε
2711 1645 2829 1703 τοὺς
2884 1640 3112 1715 ἀκριϐεῖς
3164 1642 3396 1715 φύλακας
3448 1644 3631 1711 αὐτῆς,
3690 1647 3816 1716 μετὰ

455 1732 604 1789 viter
619 1732 813 1804 ipsam
836 1731 1255 1787 custodiebant
1281 1750 1292 1789 :
1327 1738 1531 1803 postea
1550 1748 1688 1787 vero
1710 1748 1848 1787 cum
1868 1732 2104 1788 infantia

2227 1737 2369 1781 τοῦτο
2401 1726 2482 1797 δέ,
2522 1738 2617 1792 τῆς
2644 1736 2955 1792 νηπιότητος
3000 1732 3067 1793 εἰς
3114 1728 3413 1805 ἀνδρότητα
3453 1733 3814 1807 προκοψάσης,

458 1823 517 1878 in
564 1821 788 1877 virilem
812 1821 939 1891 jam
969 1820 1279 1892 profecerit
1309 1824 1560 1885 aetatem,
1589 1827 1645 1876 et
1668 1821 1906 1893 copiosa
1928 1822 2113 1891 gratia

457 1910 806 1966 hominibus
828 1909 968 1965 data
989 1910 1080 1975 sit,
1106 1910 1489 1981 maximaque
1511 1911 1814 1981 proposita
1836 1912 1947 1967 sint
1966 1928 2088 1983 prae

460 2001 581 2057 mia
599 2016 707 2072 pro
724 1999 1021 2056 bonorum
1047 1999 1432 2056 retributione
1454 2016 1702 2072 operum
1718 2001 1934 2072 (neque
1951 2002 2111 2057 enim

461 2090 721 2160 amplius
752 2090 1051 2162 possessio
1080 2094 1243 2145 terrae
1273 2090 1653 2161 promittitur,
1686 2095 1788 2145 aut
1816 2089 2111 2147 bonorum

460 2184 854 2243 terrenarum,
887 2195 1083 2250 neque
1110 2178 1653 2251 prolisfecunditas,
1676 2180 1969 2249 autlonga
1997 2180 2113 2237 vita

463 2285 567 2324 seu
595 2267 846 2323 victoria
871 2268 945 2323 de
971 2266 1245 2333 inimicis,
1275 2268 1377 2323 sed
1401 2267 1528 2323 coeli
1556 2268 1891 2333 haereditas,
1924 2268 2109 2326 bono-

460 2372 716 2429 rumque
742 2355 1086 2421 cmlestium,
1119 2360 1174 2412 et
1203 2356 1299 2411 Dei
1334 2356 1655 2428 adoptatio,
1687 2372 1754 2411 ac
1780 2357 2112 2413 fraternitas

462 2461 599 2500 cum
625 2444 927 2513 Unigenito
950 2447 1102 2513 ejus,
1126 2445 1374 2501 victoria
1395 2461 1635 2517 quoque
1657 2448 1864 2501 contra
1887 2445 2113 2502 daemo-

461 2549 592 2598 nes,
623 2538 678 2589 et
709 2533 971 2606 perpetui
991 2532 1159 2604 regni
1186 2534 1703 2604 communicatio):
1742 2534 1949 2591 merito
1967 2551 2111 2592 sane

459 2639 683 2693 magna
719 2623 1033 2692 exiguntur
1074 2623 1395 2680 certamina
1435 2623 1512 2679 ab
1550 2623 1834 2679 omnibus
1867 2624 1970 2696 qui
2005 2625 2113 2681 hu-

455 2711 722 2784 jusmodi
746 2712 988 2784 prazmia
1013 2711 1160 2768 forte
1184 2718 1323 2768 sunt
1354 2712 1649 2783 accepturi
1679 2729 1692 2778 ;
1725 2718 1780 2769 et
1806 2712 1897 2767 his
1928 2720 2113 2770 certa-

460 2801 726 2857 minibus
782 2801 1099 2872 supposita
1149 2805 1289 2857 sunt
1343 2801 1555 2856 Christi
1602 2806 1893 2873 praecepta
1952 2803 2107 2875 (xx),

460 2891 559 2962 qui
606 2889 891 2961 praedicta
946 2891 1219 2961 promisit
1261 2890 1508 2962 praemia
1558 2912 1570 2942 ε
1634 2892 2110 2959 magnitudinem

460 2979 619 3034 enim
642 2978 915 3035 laborum
935 2978 1010 3034 ad
1030 2978 1507 3051 magnitudinem
1526 2980 1803 3051 opposuit
1824 2980 1950 3053 (yy)
1964 2997 2111 3054 prae-

458 3068 742 3123 miorum.

530 3158 693 3212 Vers.
734 3161 815 3211 21.
863 3156 1089 3212 Auditis
1130 3188 1198 3198 —
1244 3158 1308 3212 V.
1351 3162 1437 3212 22.
1472 3159 1727 3227 judicio.
1775 3160 1817 3230 -ξ-
1858 3163 1918 3215 In
1956 3160 2109 3218 libro

456 3246 640 3302 Exodi
673 3245 888 3301 dicitur
921 3262 933 3300 :
966 3247 1102 3302 Non
1136 3248 1355 3303 occides
1392 3249 1475 3313 ⁹³;
1517 3255 1572 3303 et
1612 3255 1745 3319 post
1777 3249 1997 3305 multa:
2044 3251 2112 3306 Si

457 3336 586 3407 quis
607 3336 863 3405 aliquem
878 3337 1253 3403 percusserit,
1275 3344 1464 3392 morte
1479 3337 1781 3404 moriatur,
1808 3339 1854 3374 9‘
1874 3344 1981 3395 etc.

528 3427 841 3495 Postquam
857 3424 1039 3479 corda
1053 3424 1319 3496 ipsorum
1338 3425 1804 3481 beatitudinibus
1821 3428 2114 3498 premolli-

455 3514 558 3581 vit,
590 3517 645 3568 et
675 3512 752 3568 ad
783 3513 1060 3567 virtutem
1091 3514 1341 3577 exacuit,
1378 3515 1606 3583 majora
1636 3516 1918 3585 deinceps
1943 3516 2111 3573 addit

456 3606 779 3674 praecepta.
816 3602 1022 3673 Incipit
1047 3606 1243 3656 autem
1274 3602 1351 3656 ab
1381 3602 1709 3667 affectibus,
1740 3604 1837 3674 qui
1868 3610 2108 3661 natura-

454 3690 631 3746 liores
663 3695 820 3755 sunt,
852 3694 996 3761 puta
1027 3690 1109 3745 ira
1138 3694 1193 3745 et
1223 3692 1721 3761 concupiscentia.
1760 3696 1823 3748 Et
1852 3694 2110 3763 primum

456 3781 530 3835 de
580 3778 667 3836 ira
716 3778 971 3850 disserit,
1020 3778 1234 3833 deinde
1271 3779 1452 3834 etiam
1502 3780 1576 3835 de
1627 3782 2111 3853 concupiscentia

454 3872 684 3925 tractat.

528 3958 783 4028 Dignum
807 3962 891 4013 est
912 3962 1113 4013 autem
1144 3957 1622 4030 utinquiramus,
1657 3975 1841 4031 quare
1880 3976 2001 4016 non
2032 3961 2108 4018 ab

455 4059 526 4100 eo
580 4042 799 4115 incepit
854 4042 1016 4115 quod
1066 4043 1124 4097 in
1181 4042 1309 4113 lege
1358 4044 1618 4115 primum
1673 4050 1797 4099 erat
1847 4047 2107 4117 positum

452 4137 841 4205 praeceptum.
860 4132 1011 4197 Quia
1026 4148 1157 4187 cum
1177 4132 1320 4187 illud
1344 4133 1417 4187 dc
1434 4132 1731 4188 divinitate
1750 4133 2103 4207 loqueretur,

455 4221 765 4294 oportebat
795 4221 1039 4292 quidem
1072 4220 1214 4276 illud
1250 4222 1427 4277 etiam
1461 4222 1773 4292 complere,
1806 4224 2108 4297 etaliquid

452 4311 526 4368 de
557 4313 646 4367 sui
677 4310 865 4383 ipsius
895 4309 1180 4381 dignitate
1215 4310 1523 4366 manifeste
1554 4311 1795 4367 addere.
1830 4314 2106 4371 Nondum

451 4406 647 4457 autem
668 4406 899 4471 tempus
925 4406 1073 4455 erat.
1102 4400 1326 4454 Etenim
1348 4400 1391 4454 si
1419 4400 1596 4455 etiam
1617 4401 2103 4472 postdoctrinam

451 4497 631 4561 atque
658 4490 827 4560 signa
849 4488 1205 4544 daemonium
1230 4488 1510 4544 dicebant
1537 4505 1672 4545 eum
1702 4490 1941 4559 habere,
1966 4509 2102 4550 cum

451 4583 652 4635 tamen
682 4578 824 4635 nihil
851 4578 925 4633 de
951 4578 1084 4650 ipsa
1110 4578 1425 4635 manifeste
1455 4578 1712 4635 diceret:
1744 4581 1912 4653 quid,
1941 4583 2103 4639 obse-

451 4682 572 4733 cro,
600 4681 723 4723 non
748 4665 1038 4722 dixissent
1061 4670 1236 4739 atque
1262 4666 1557 4735 fecissent,
1585 4668 1634 4723 si
1654 4673 1790 4725 ante
1816 4668 1944 4726 hinc
1971 4686 2101 4728 om-

524 4846 570 4882 ⁹³
602 4844 781 4902 Exod.
813 4861 909 4912 xx,
949 4849 1033 4905 l3.
1145 4846 1193 4882 ⁰⁴
1224 4847 1407 4904 Exod.
1449 4864 1569 4915 xxx,
1604 4852 1687 4906 l2.
1874 4883 1899 4890 -

2218 1823 2309 1871 καὶ
2361 1818 2554 1880 πολλῆς
2616 1821 2840 1892 χάριτος
2889 1816 3137 1883 δοθείσης
3192 1828 3297 1882 τοῖς
3362 1820 3667 1895 ἀνθρώποις,
3733 1828 3816 1875 καὶ

2220 1906 2471 1979 μελίστων
2547 1906 2777 1961 ἐπάθλων
2848 1911 3187 1983 προτεθέντων
3254 1911 3323 1973 εἰς
3400 1909 3626 1983 ἀμοιϐὴν
3722 1920 3816 1964 τῶν

2220 1999 2653 2071 κατορθωμάτων·
2693 1997 2865 2051 οὐκέτι
2910 2002 3009 2072 γὰρ
3053 1999 3370 2073 κληρονομία
3418 2010 3535 2072 γῆς,
3586 2006 3675 2054 καὶ
3724 2010 3817 2054 τῶν

2220 2084 2276 2137 ἐκ
2304 2094 2399 2157 γῆς
2430 2085 2657 2157 ἀγαθῶν,
2703 2084 2825 2140 οὐδὲ
2854 2084 3199 2156 πολυπαιδία,
3232 2094 3321 2142 xui
3346 2098 3531 2165 γῆρας,
3561 2095 3652 2144 καὶ
3682 2098 3822 2143 νῖκαι

2220 2177 2338 2226 κατ’
2404 2174 2625 2250 ἐχθρῶν,
2713 2175 2819 2229 ἀλλ’
2886 2177 3106 2251 οὐρανοῦ
3172 2178 3491 2251 κληρονομία
3546 2185 3634 2231 καὶ
3723 2188 3819 2232 τῶν

2221 2264 2470 2337 οὐρανίων
2515 2263 2741 2337 ἀγαθῶν,
2790 2270 2880 2318 καὶ
2927 2268 3164 2320 υἱοθεσία
3219 2275 3373 2337 Θεοῦ,
3410 2273 3499 2321 καὶ
3535 2265 3822 2341 ἀδελφότης

2220 2357 2350 2425 πρὸς
2401 2356 2487 2404 τὸν
2543 2360 2828 2425 Μονογενῆ,
2883 2360 2973 2407 καὶ
3019 2362 3159 2409 νῖκαι
3206 2360 3341 2410 κατὰ
3393 2355 3673 2430 δαιμόνων,
3735 2363 3823 2410 καὶ

2221 2447 2461 2494 κοινωνία
2513 2440 2787 2515 βασιλείας
2840 2442 3191 2503 ἀτελευτήτου”
3249 2446 3456 2509 εἰκότως
3511 2454 3599 2500 καὶ
3654 2450 3819 2520 μεγά-

2219 2530 2340 2592 λους
2400 2530 2599 2603 ἀγῶνας
2659 2531 2998 2586 ἀπαιτοῦνται
3058 2538 3244 2597 πάντες
3310 2538 3359 2589 οἱ
3410 2544 3507 2589 τῶν
3573 2540 3823 2589 τοιούτων

2221 2619 2450 2672 ἐπάθλων
2528 2629 2711 2694 τυχεῖν
2779 2622 3057 2693 μέλλοντες,
3121 2629 3212 2678 καὶ
3290 2623 3426 2687 οὶους
3493 2628 3823 2680 ὑποτίθενται

2222 2712 2277 2761 αἱ
2333 2708 2529 2762 ἐντολαὶ
2594 2715 2686 2762 τοῦ
2765 2718 3019 2787 Χριστοῦ,
3095 2722 3187 2766 τοῦ
3243 2719 3332 2768 καὶ
3396 2718 3462 2768 τὰ
3522 2712 3829 2774 δηλωθέντα

2220 2797 2417 2850 ἔπαθλα
2471 2797 2933 2873 ἐπαγγειλαμένου.
3003 2804 3081 2855 Τὰ
3129 2806 3232 2878 γὰρ
3283 2806 3472 2877 μεγέθη
3524 2813 3625 2858 τῶν
3683 2804 3826 2878 ἁγὼ-

2219 2907 2335 2953 νων,
2362 2892 2492 2962 πρός
2522 2886 2588 2940 τὰ
2615 2891 2806 2961 μεγέθη
2838 2898 2939 2943 τῶν
2961 2890 3192 2946 ἐπάθλων
3221 2892 3610 2965 ἐνομοθέτησεν.

2291 3151 2582 3205 ’Πκούσατε
2610 3184 2679 3193 -
2706 3158 2896 3228 κρίσει.
2935 3153 3064 3227 [Τῆς
3094 3155 3210 3228 (55)
3241 3152 3429 3223 βίϐλου
3459 3163 3551 3218 τῆς
3577 3154 3826 3220 Ἐξόδουο

2220 3240 2296 3293 Οὐ
2328 3245 2607 3313 φονεύσεις.
2664 3247 2764 3296 Καὶ
2802 3245 2935 3316 μετὰ
2970 3243 3151 3296 πολλὰ·
3195 3242 3309 3297 Ἐὰν
3337 3244 3540 3319 πατάξῃ
3581 3251 3662 3308 τίς
3689 3267 3830 3317 τινα,

2222 3332 2420 3403 θανάτῳ
2454 3334 2812 3398 θανατούσθω,
2844 3338 2933 3385 καὶ
2961 3336 3025 3385 τὰ
3054 3333 3189 3396 ἑξῆς.
3223 3333 3245 3406 ]

2292 3420 2664 3495 Προαπαλύνας
2719 3424 2811 3485 τὰς
2869 3419 3096 3495 καρδίας
3143 3422 3310 3475 αὐτῶν
3376 3422 3423 3475 ἐν
3481 3430 3591 3486 τοίς
3650 3444 3828 3498 μακα-

2218 3518 2449 3583 ρισμοῖς,
2514 3517 2602 3563 καὶ
2656 3511 2960 3585 παραθήξας
2998 3512 3065 3573 εἰς
3100 3510 3307 3587 ἀρετὴν,
3366 3512 3585 3566 ἅπτεται
3642 3514 3835 3567 λοιπὸν

2218 3604 2307 3651 καὶ
2359 3601 2606 3671 μειζόνων
2680 3600 2913 3656 ἐντολῶν.
2970 3602 3097 3655 Ἀπὸ
3164 3611 3264 3655 τῶν
3326 3607 3699 3678 φυσικωτέρων
3773 3601 3835 3656 δὲ

2218 3689 2444 3761 ἄρχεται
2508 3692 2705 3761 παθῶν,
2776 3694 2940 3763 θυμοῦ
2998 3690 3129 3763 λέγω
3194 3697 3283 3745 καὶ
3339 3691 3642 3765 ἐπιθυμίας.
3734 3699 3841 3747 Καὶ

2217 3785 2418 3851 πρῶτον
2475 3781 2564 3850 μεν
2621 3784 2739 3852 περὶ
2786 3788 2876 3833 τοῦ
2937 3782 3102 3854 θυμοῦ
3170 3777 3485 3854 διαλέγεται,
3541 3780 3662 3837 εἶτα
3718 3778 3843 3835 δια-

2217 3865 2465 3939 λαμϐάνει
2494 3872 2581 3920 καὶ
2611 3874 2726 3944 περὶ
2751 3878 2844 3932 τῆς
2872 3868 3177 3942 ἐπιθυμίας.

2287 3955 2462 4019 Ἀξιον
2495 3954 2553 4010 δε
2598 3958 2848 4026 ζητῆσαι,
2884 3955 3030 4011 διατὶ
3059 3965 3130 4032 μὴ
3174 3960 3365 4035 ἤρξατο
3396 3960 3497 4015 ἀπὸ
3522 3969 3623 4023 τῆς
3676 3962 3733 4015 ἑν
3766 3971 3844 4033 τῷ

2216 4049 2353 4118 νόμῳ
2406 4053 2613 4120 πρώτης
2657 4053 2890 4120 κειμένης
2937 4048 3162 4112 ἐντολῆς.
3215 4055 3377 4121 Διότι,
3424 4056 3683 4123 περὶτῆς
3731 4055 3850 4106 θεό-

2217 4155 2372 4198 τητος
2400 4133 2582 4207 οὖσαν,
2629 4135 2733 4190 ἔδει
2770 4144 2859 4191 καὶ
2889 4138 3050 4196 αὐτὴν
3090 4138 3483 4215 ἀναπληρῶσαι,
3518 4146 3611 4194 καὶ
3661 4161 3849 4216 προσ-

2219 4228 2523 4299 θεῖναι
2570 4236 2795 4300 φανερῶς
2833 4233 2952 4303 περὶ
2990 4237 3083 4290 τῆς
3120 4228 3305 4282 ἑαυτοῦ
3347 4232 3616 4291 θεότητος.
3665 4236 3850 4285 Οὔπω

2216 4311 2275 4367 δὲ
2322 4319 2502 4390 καιρὸς
2550 4312 2629 4374 ἦν.
2675 4318 2737 4370 Εἰ
2778 4320 2878 4392 γὰρ
2922 4323 3012 4370 καὶ
3053 4322 3184 4391 μετὰ
3212 4323 3305 4377 τήν
3347 4315 3721 4374 διδασκαλίαν
3755 4326 3855 4374 καὶ

2212 4407 2279 4457 τὰ
2324 4413 2536 4477 σημεῖα,
2587 4402 2922 4479 δαιμονῶντα
2963 4407 3119 4461 αὐτὸν
3160 4407 3392 4474 ἐκάλουν,
3442 4414 3620 4462 καίτοι
3660 4408 3852 4484 μηδὲν

2212 4500 2330 4566 περὶ
2384 4496 2547 4557 αὐτῆς
2601 4500 2811 4570 φανερὸν
2860 4497 3081 4550 εἰπόντα·
3142 4503 3193 4550 τί
3245 4498 3339 4551 οὐκ
3394 4497 3453 4550 ἂν
3504 4503 3599 4552 καὶ
3668 4499 3854 4567 εἷπον,

2212 4588 2302 4635 καὶ
2345 4582 2616 4653 ἐποίησαν,
2672 4586 2716 4637 εἰ
2759 4591 2858 4659 πρὸ
2910 4590 3107 4639 τούτων
3140 4586 3374 4640 ἁπάντων
3418 4586 3765 4663 ἐπεχείρησέ
3801 4611 3857 4643 τι

2212 4680 2445 4726 τοιοῦτον
2494 4674 2857 4747 φθέγξασθαι;
2906 4682 3006 4729 Καὶ
3057 4672 3203 4730 διατί
3250 4681 3322 4749 μὴ
3366 4686 3592 4754 φανερῶς
3635 4679 3858 4753 ἔλεγεν,

1674 5026 1892 5097 Variae
1923 5028 2250 5099 lectiones
2277 5040 2344 5101 et
2372 5040 2573 5102 notae.

516 5226 628 5297 (ὅὸ)
666 5221 896 5282 Inclusa
915 5220 978 5281 in
1006 5223 1275 5295 margine
1300 5224 1486 5282 habet
1509 5224 1699 5283 codex
1731 5229 1997 5300 uterque.

514 5405 647 5480 (τῳ)
666 5405 737 5480 Et
760 5405 918 5463 his...
940 5410 1263 5480 praecepta,
1281 5403 1345 5480 Et
1365 5403 1457 5480 ορ]
1469 5405 1703 5480 usmodi
1724 5404 2099 5480 (certamina)

442 5475 798 5552 principium
825 5477 1107 5552 mandata
1136 5476 1362 5534 Christi.
1392 5475 1487 5535 Est
1513 5475 1751 5537 uberior
1781 5475 2099 5552 explicatio

443 5546 536 5604 τοῦ
556 5546 815 5624 μεᾷάλους
845 5546 1072 5623 ἀγῶνας.

2279 5229 2395 5301 (56)
2434 5230 2749 5306 προσϐῆναι.
2787 5240 2848 5290 Δ.

2278 5406 2408 5490 _(_yy)
2441 5408 2745 5482 Opposuit.
2783 5412 2892 5471 Pro
2921 5410 3335 5485 magnitudine
3360 5414 3562 5490 jussit,
3592 5425 3875 5484 censu.

2208 5482 2341 5536 tuit.
