3990 6206
223 249 302 305 209
1189 244 1560 308 COMMENT.
1597 249 1670 306 IN
1710 250 1799 308 MA

1941 252 2144 312 l/EUM.
2175 286 2245 296 —
2275 256 2437 318 CAP.
2475 256 2551 316 V.
3407 211 3517 322 2l0

224 378 280 428 ὅτι
333 377 444 435 Θεός
493 371 640 439 iam;
692 373 836 424 Διότι
883 371 1116 447 θορυϐεῖν
1160 371 1332 447 ἔμελλε
1381 378 1504 439 τοὺς
1557 376 1800 451 ἀκροαμέ

1937 397 1958 438 ι
2005 381 2118 438 tale
2169 383 2481 455 quippiam
2531 383 2697 457 loqui
2747 386 3088 444 tentasset?
3145 385 3259 444 Cur
3312 393 3513 447 autem

223 468 307 525 τάς,
337 463 386 518 Εἰ
424 465 518 534 γὰρ
546 465 594 514 οἱ
630 463 884 534 μαθηταὶ,
930 467 1163 524 συνόντες
1197 463 1357 535 αὐτῷ,
1395 471 1483 518 καὶ
1527 469 1748 521 καθεκά-

1938 471 2169 528 ωἱίθεῐθ
2195 488 2319 528 non
2366 472 2512 528 dixit
2542 490 2602 529 se
2637 475 2822 530 Deum
2862 491 2990 530 esse
3022 474 3050 529 ?
3102 477 3252 542 Quia
3298 493 3370 533 ex
3398 477 3514 535 hoc

223 574 318 611 στην
361 549 732 624 διδασκόμενοι,
777 555 870 604 καὶ
919 553 1412 628 θαυματουργοῦντα
1457 554 1743 628 βλέποντες,

1939 560 2138 617 ξὺειιάἱ
2172 567 2342 617 erant
2370 561 2693 618 auditores.
2725 565 2781 619 Si
2817 565 2978 620 enim
3017 565 3282 638 discipuli
3312 566 3515 640 ipsum

220 649 288 695 καὶ
325 651 404 695 τῶν
448 640 747 716 ἆποῤῥήτων
793 649 1177 711 κοινωνοῦντες,
1228 648 1315 695 καὶ
1363 639 1585 717 δύναμιν
1623 647 1746 719 παρ’

1937 656 2306 718 gnoscentes,
2336 655 2393 706 et
2437 651 2514 707 ab
2545 667 2616 707 eo
2661 652 2923 723 quotidie
2976 653 3189 722 edocti,
3247 639 3513 712 videntes

219 733 340 784 ώτοὺ
397 733 645 788 τοσαύτην
714 729 971 800 λαϐόντες,
1057 734 1122 792 ὡς
1201 737 1292 784 καὶ
1347 752 1554 809 νεκρούς
1631 735 1744 807 (57)

1938 753 2094 810 oque
2112 739 2400 794 mirabilia
2419 745 2762 812 operantem
2775 785 2788 809 ,
2810 757 2880 797 ac
2897 742 3076 798 rebus
3106 743 3512 802 ineffabilibus

222 820 400 889 ὼίπᾴν,
452 819 541 871 ούκ
596 815 860 878 ἠδύναντο
922 822 1090 873 πάντα
1153 819 1438 894 βαστάζειν
1489 826 1590 898 πρὸ
1651 834 1746 888 τῆς

1935 828 2378 893 mmunicantes,
2413 834 2573 885 tanta
2599 831 2773 885 etiam
2799 831 2876 886 ab
2901 847 2971 887 eo
3008 838 3253 905 accepta
3281 835 3511 902 virtute,

220 906 440 982 ἐπιδημίας
480 917 573 961 τοῦ
621 908 774 980 ἁγίου
827 913 1159 983 Πνεύματοςο
1190 917 1301 973 πῶς
1351 907 1521 985 δῆμος
1566 913 1747 968 ἀσύνε-

1965 919 2022 972 et
2076 921 2346 972 mortuos
2418 917 2786 982 suscitarent,
2851 935 3234 992 nequaquam
3323 927 3513 980 tamen

213 1017 293 1063 τος,
329 1003 402 1050 καὶ
461 1000 725 1061 τοσαύτης
773 997 964 1072 ἀρετῆς
1019 997 1514 1073 ἁπολιμπανόμὶνος,
1577 1002 1747 1075 ἔμελλε

1937 1006 2207 1079 iusquam
2228 1006 2480 1078 Spiritus
2504 1013 2745 1064 sanctus
2774 1009 3102 1076 adveniret,
3124 1012 3331 1069 omnia
3362 1013 3513 1069 ferre

211 1091 262 1160 μή
309 1089 635 1160 ταραχθῆναι,
701 1092 792 1140 καὶ
866 1092 938 1161 μὴ
1004 1089 1236 1161 μάλιστα
1291 1094 1504 1163 νομίσαι
1562 1099 1744 1145 τοῦτον

1939 1099 2130 1152 terant
2149 1117 2160 1149 :
2175 1096 2478 1168 quomodo
2493 1096 2751 1168 populus
2768 1098 3074 1169 insipiens,
3094 1103 3394 1172 tantaeque
3418 1117 3515 1157 ex-

211 1175 402 1242 ἆντίθεον,
471 1181 560 1229 καὶ
625 1182 720 1236 τὴν
794 1185 888 1230 τοῦ
963 1185 1098 1232 Θεοῦ
1167 1183 1324 1251 τιμὴν
1381 1180 1746 1252 ἀναισχύντως

1935 1201 1990 1240 rs
2027 1184 2278 1250 virtutis,
2312 1189 2544 1255 poterat
2572 1201 2694 1241 non
2726 1186 2972 1252 turbari,
3012 1192 3114 1244 aut
3148 1203 3271 1244 non
3301 1192 3511 1260 putare

211 1270 605 1339 σφετεοιζόμενον;
651 1269 746 1319 Διὰ
787 1274 942 1320 τοῦτο
1003 1276 1172 1339 σοφῶς
1210 1267 1321 1339 (58)
1369 1288 1420 1322 τε
1476 1274 1565 1323 καὶ
1611 1271 1745 1322 οἰκο-

1936 1291 2051 1330 sum
2066 1275 2254 1342 magis
2277 1291 2406 1329 esse
2424 1277 2539 1329 Deo
2553 1275 2938 1341 contrarium,
2957 1277 3200 1348 ejusque
3225 1278 3512 1336 honorem

203 1363 398 1427 νομικῶς,
459 1359 582 1409 ποτε
641 1359 750 1428 μὲν,
813 1358 1110 1430 θεοπρεπείς
1168 1355 1512 1431 ἐργαζόμενος
1575 1378 1736 1434 παρασ-

1939 1364 1964 1418 ιὶ
2032 1363 2412 1435 impudenter
2463 1363 2823 1420 vindicare?
2885 1364 3022 1422 Ideo
3102 1367 3396 1437 sapienter
3447 1385 3515 1425 ac

203 1440 465 1513 ὃσξετοιίας,
507 1447 702 1506 ταύτας
737 1444 924 1518 ἀφίησι
958 1448 1252 1521 κηρύττειν,
1298 1449 1379 1500 ὃτι
1425 1452 1550 1510 Θεὸς
1589 1447 1702 1502 ἔστι
1725 1470 1738 1483 ε

1934 1451 2289 1522 ςρθηεδῐοτὶο
2321 1450 2522 1516 modo,
2554 1451 2923 1523 quandoque
2956 1453 3075 1509 Deo
3112 1455 3387 1525 proprias
3451 1459 3510 1510 et

199 1538 292 1585 ποτε
334 1531 405 1600 δὲ,
470 1537 769 1608 παρακιρνᾷ
819 1539 909 1586 καὶ
963 1535 1178 1610 ῥήματα
1239 1543 1349 1598 τοῖς
1407 1536 1602 1608 λόγοις,
1657 1541 1742 1610 εμ-

1937 1539 2237 1596 mirabiles
2293 1541 2556 1595 actiones
2606 1544 2901 1610 operatur,
2960 1541 3173 1613 hisque
3230 1543 3513 1616 relinquit

198 1624 370 1693 φαντικὰ
418 1631 506 1684 τῆς
547 1624 711 1676 αὐτοῦ
761 1627 997 1687 θεότητος
1044 1642 1055 1656 ⁸
1112 1623 1170 1678 ἐκ
1230 1633 1321 1678 τοῦ
1382 1634 1598 1699 φανεροῦ
1659 1623 1738 1695 δὴ,

1931 1629 1958 1700 ς)
2016 1632 2082 1684 ut
2134 1645 2197 1685 se
2254 1632 2437 1684 Deum
2495 1644 2620 1684 esse
2695 1629 3056 1701 praedicent:
3143 1631 3507 1704 quandoque

197 1718 264 1763 καὶ
297 1716 352 1774 ὡς
392 1712 469 1766 ἐπὶ
506 1716 566 1766 τό
612 1713 874 1781 πλεῖστον,
927 1717 1143 1768 ταπεινὰ
1198 1719 1317 1791 περὶ
1355 1715 1541 1769 ἑαυτοῦ
1591 1718 1740 1790 φθέγ-

1937 1734 1988 1772 ro
2003 1718 2286 1774 doctrinae
2311 1735 2434 1774 suae
2463 1718 2646 1774 verba
2673 1717 2985 1785 admiscet,
3011 1734 3145 1791 qum
3166 1736 3340 1778 suam
3360 1721 3513 1777 indi-

196 1819 327 1870 7mu,
376 1799 463 1854 διὰ
509 1808 607 1861 τήν
667 1801 932 1856 ἀσθένειαν
970 1813 1070 1856 τῶν
1123 1803 1410 1879 ἀκροατῶν.
1455 1806 1740 1879 Ἐγίνωσκε

1934 1812 1981 1862 1t
2006 1805 2401 1862 divinitatem.
2433 1806 2733 1863 Manifesta
2776 1811 2977 1863 autem
3009 1813 3065 1863 et
3114 1815 3176 1863 ut
3201 1807 3510 1880 plurimun

191 1891 288 1961 γὰρ,
335 1892 406 1943 ὃτι
447 1895 513 1944 τὰ
561 1895 692 1965 ἔργα
737 1900 918 1945 τοῦτον
1129 1899 1534 1971 φανερώσουσιν,
1577 1893 1613 1948 ἃ
1650 1893 1739 1947 ού-

1938 1895 2102 1952 milia
2131 1897 2204 1951 de
2239 1895 2435 1967 seipso
2458 1895 2718 1967 loquitur
2744 1901 2987 1968 propter
3027 1897 3374 1954 auditorum
3404 1899 3514 1954 im-

194 1975 280 2040 διὶς
314 1979 451 2044 ἄλλος
485 1981 747 2041 ἐποίησεν.
782 1981 1113 2044 ’Δλαζονικόν
1149 1986 1274 2058 γὰρ,
1303 1987 1362 2039 τὸ
1399 1988 1518 2060 περὶ
1553 1984 1738 2038 ἑαυτοῦ

1936 1985 2262 2048 eillitatem;
2307 1984 2532 2040 sciebat
2571 1984 2730 2040 enim
2769 1984 2929 2055 quod
2963 1987 3348 2056 postmodum
3405 2004 3512 2046 sua

191 2087 282 2120 τινα
306 2070 487 2142 μεγάλα
508 2071 696 2144 λέγειν,
732 2071 825 2126 καὶ
847 2071 1102 2129 ὕποπτον.

1929 2090 2050 2130 tum
2079 2073 2526 2130 manifestarent
2553 2089 2757 2145 opera,
2788 2073 2995 2146 qualia
3025 2073 3221 2130 nullus
3245 2075 3398 2131 alius
3425 2075 3505 2132 fe-

1848 2169 2026 2222 cerat.
2057 2163 2400 2234 Arrogantis
2452 2163 2618 2218 enim
2650 2166 2758 2229 est,
2801 2178 2912 2219 nec
2960 2163 3298 2237 suspicione
3327 2169 3508 2233 caret,

1848 2269 2072 2324 magna
2101 2253 2380 2326 quaedam
2411 2251 2486 2308 de
2509 2251 2702 2324 seipso
2744 2251 2962 2309 dicere.

245 2321 356 2378 Ἀλλ’
407 2323 488 2376 ἐπὶ
533 2326 597 2378 τὸ
653 2324 768 2396 (60)
823 2326 1155 2397 προκείμενον
1185 2323 1560 2396 ἇπὸινελθόντες,
1627 2327 1740 2379 θεα-

1931 2321 2037 2400 Sed
2065 2321 2142 2399 ad
2180 2341 2556 2415 prapositum
2596 2321 2930 2408 redeuntes,
2982 2342 3299 2400 videamus
3356 2359 3507 2416 quo-

192 2416 378 2487 σὼξιεθα,
427 2423 535 2476 πῶς
594 2415 660 2467 ὀύ
711 2413 954 2467 καταλύει
1011 2416 1095 2467 τὸν
1145 2417 1320 2487 νόμον,
1369 2413 1500 2467 ἀλλὰ
1549 2419 1742 2487 μᾶλλον

1931 2432 2031 2489 >do
2060 2413 2252 2502 legem
2293 2413 2414 2487 non
2453 2430 2668 2498 solvat,
2683 2431 2786 2486 sed
2819 2430 3116 2503 compleat
3145 2432 3350 2505 potius
3374 2413 3507 2490 tan-

190 2503 448 2579 ἀναπληροῖ,
478 2507 545 2566 ὡς
575 2504 798 2566 ἐλλιπῶς
846 2506 1054 2575 ἔχοντα.
1084 2507 1223 2563 Φησὶ
1251 2506 1373 2578 γὰρ,
1401 2504 1484 2558 ὅτι
1512 2506 1735 2576 Ἐῖέχθη

1935 2520 2791 2594 amimperfectam.Aitenim:
2819 2521 3054 2577 Dictum
3071 2503 3162 2578 est
3202 2537 3240 2578 a
3277 2521 3511 2594 legisla-

186 2597 298 2667 sapa:
340 2603 423 2648 τοῦ
471 2596 758 2668 νομοθέτου
799 2595 930 2668 πρὸς
973 2596 1090 2654 τοὺς
1135 2591 1393 2668 ἀρχαίους
1452 2592 1742 2668 Ἐϐραίους,

1930 2625 1974 2666 ’θ
1990 2591 2276 2667 veteribus
2294 2609 2554 2665 Hebraeis
2575 2626 2588 2666 :
2608 2612 2737 2666 Non
2754 2609 3014 2680 occides,
3056 2625 3092 2666 ο
3136 2591 3506 2677 ὴοωοξδιιο-

183 2685 247 2734 ὅτι
285 2685 350 2737 0νᾶ
397 2688 659 2758 φονεύσεις
713 2683 987 2758 ὁμόφυλον,
1037 2683 1078 2734 ὦ
1131 2683 1370 2758 ἄνθρωπε
1407 2699 1420 2715 ⁶
1476 2683 1531 2747 ὃς
1569 2681 1619 2738 δ’
1679 2685 1736 2738 ἃν

1933 2715 1982 2756 αι
2005 2699 2092 2755 tui
2121 2700 2366 2770 generis.
2393 2698 2744 2771 Quicunque
2770 2702 2970 2754 autem
2991 2699 3292 2768 occiderit,
3326 2699 3509 2756 obno-

185 2776 386 2846 φονεύση,
439 2775 729 2836 ὑπεύθυνος
803 2775 953 2827 ἔσται
1009 2780 1071 2846 τῇ
1138 2791 1467 2848 κατακρισει,
1533 2778 1604 2836 εὶς
1677 2777 1737 2828 τὸ

1932 2805 1974 2843 ιε
1999 2788 2106 2844 erit
2131 2787 2638 2852 condemnationi,
2654 2791 2719 2843 ut
2731 2801 2963 2858 poenam
2980 2786 3131 2843 caedi
3149 2787 3470 2843 convenien
3482 2816 3508 2830 -

185 2857 332 2914 δοῦναι
383 2859 532 2921 δίκην
579 2861 734 2925 ἀξίαν
780 2869 871 2915 τοῦ
923 2866 1075 2935 φόνου
1108 2878 1121 2892 ’
1164 2861 1263 2935 ἆγὼ
1309 2859 1368 2916 δί
1411 2862 1541 2935 λέγω
1592 2864 1732 2936 ὑμῖν,

1927 2895 1965 2933 n
1979 2877 2118 2934 luat.
2139 2881 2256 2946 Ego
2275 2881 2478 2934 autem
2492 2877 2621 2933 dico
2637 2857 2829 2941 vobis,
2845 2875 3010 2948 quod
3023 2875 3222 2932 omnis
3235 2877 3337 2949 qui
3356 2875 3503 2934 iras-

183 2951 244 3002 ότι
295 2959 387 3013 πᾶς
439 2955 465 3005 ὁ
522 2953 865 3028 ὀργιζόμενος
914 2960 986 3023 τῷ
1042 2947 1248 3025 ἀδελφῷ
1318 2951 1479 3005 αὐτοῦ
1542 2953 1733 3024 μάτην,

1927 2983 1994 3022 ur
2040 2966 2206 3022 fratri
2246 2981 2356 3021 suo
2385 2967 2710 3035 incassum,
2746 2947 3165 3035 necicongruo
3233 2947 3499 3038 tempore

183 3039 369 3114 ἀκαίρως
392 3043 579 3114 (ταῦτα
625 3043 726 3116 γὰρ
764 3038 916 3099 δηλοῖ
946 3043 1004 3094 τὸ
1043 3041 1202 3112 εἰκῆ),
1242 3042 1424 3113 ἔνοχος
1473 3043 1622 3094 ἔσται
1668 3047 1730 3115 τῇ

1927 3072 1996 3112 ec
2007 3055 2166 3111 enim
2189 3055 2412 3111 indicat
2429 3055 2610 3111 dictio
2645 3060 2778 3120 εἰκῆ,
2798 3070 2984 3128 quam
3011 3070 3120 3111 nos
3148 3060 3360 3113 temere
3372 3071 3503 3112 ver-

179 3137 460 3203 ιατακρίσει.
505 3133 768 3207 Προσθεὶς
819 3126 879 3184 δε
921 3133 980 3183 τὸ
1025 3130 1158 3198 εἰκῆ,
1200 3130 1295 3183 ούκ
1343 3129 1504 3184 ἀνεῖλε
1542 3133 1736 3184 παντά-

1923 3146 2048 3214 nus)
2076 3143 2375 3200 obnoxius
2410 3143 2517 3200 erit
2562 3126 3072 3200 condemnationi.
3125 3144 3368 3201 Addens
3398 3162 3499 3201 au-

180 3238 282 3272 τισι
319 3225 404 3280 τὴν
450 3220 632 3297 ὀργὴν,
687 3219 816 3272 ἀλλὰ
861 3224 1021 3291 μόνην
1071 3223 1166 3278 τὴν
1221 3221 1436 3292 ἄκαιρον
1483 3218 1732 3283 ἐξέϐαλεν.

1927 3249 1963 3289 n
1994 3239 2226 3298 temere,
2258 3247 2374 3287 non
2423 3232 2834 3289 omnimodam
2878 3232 3114 3288 abstulit
3151 3233 3322 3298 iram,
3389 3235 3503 3290 sed

179 3307 221 3360 Ἠ
255 3313 340 3382 γὰρ
383 3315 637 3384 εὖκαιρος,
684 3309 954 3382 ὠφέλιμος.
999 3307 1155 3364 Ἔστι
1213 3305 1272 3364 δὲ
1320 3311 1555 3383 εὔκαιρος
1600 3309 1728 3385 ὀργὴ

1923 3323 2321 3394 .empestivam
2381 3326 2608 3378 tantum
2677 3320 2936 3392 abiecit:
2992 3335 3127 3392 quae
3172 3321 3335 3376 enim
3396 3337 3499 3392 op-

178 3399 201 3454 ἡ
243 3403 458 3472 γινομένη
510 3403 654 3452 κατὰ
711 3407 811 3452 τῶν
867 3398 1268 3472 πολιτευομένων
1340 3397 1577 3461 ἐναντίως
1631 3407 1730 3452 τῶν

1919 3416 2098 3469 rtuna
2117 3416 2223 3476 est,
2257 3411 2414 3466 utilis
2439 3414 2545 3466 est.
2576 3409 2802 3465 Dicitur
2818 3412 3017 3465 autem
3043 3408 3131 3465 ira
3151 3413 3495 3481 opportuna

176 3485 344 3540 ἐντολῶν
369 3497 457 3542 τοῦ
491 3495 645 3556 Θεοῦ,
690 3489 811 3542 ὅταν
849 3493 918 3560 μὴ
958 3491 1088 3562 πρὸς
1132 3484 1409 3547 ἕκδίκησιν
1455 3489 1728 3564 ἡμετέραν,

1917 3517 1974 3557 .ae
2001 3502 2248 3557 sumitur
2272 3501 2556 3556 adversus
2581 3514 2683 3555 eos
2711 3497 2817 3570 qui
2846 3502 3053 3554 contra
3075 3497 3174 3554 Dei
3191 3503 3493 3571 praecepta

176 3572 275 3628 me
313 3581 432 3653 πρὸς
460 3578 712 3651 ὠφέλειαν
757 3585 856 3630 τῶν
916 3585 1091 3640 κακῶς
1138 3576 1390 3650 βιούντων
1438 3576 1490 3640 ἐξ
1519 3577 1732 3650 ἀγάπης

1920 3595 2081 3650 runt:
2129 3590 2372 3663 quando
2411 3603 2534 3645 non
2579 3588 2658 3645 ad
2717 3587 3149 3644 vindicandum
3194 3602 3328 3656 nos,
3387 3588 3496 3645 sed

172 3671 243 3717 καὶ
279 3665 601 3741 φιλαδελφίας
649 3667 1003 3741 ὀργιζὼμεθα,
1053 3669 1184 3740 μετὰ
1217 3675 1312 3728 τῆς
1358 3669 1730 3740 προσηκούσης

1941 3681 2249 3737 utilitatem
2280 3695 2477 3735 eorum
2508 3677 2609 3750 qui
2643 3675 2797 3733 male
2827 3677 3049 3741 vivunt,
3085 3692 3160 3732 ex
3183 3675 3497 3734 dilectione

175 3754 556 3826 εὐσχημοσύνης.
612 3756 922 3831 Ὀργίζεσθε
961 3760 1084 3831 γὰρ,
1127 3760 1279 3829 φησὶ,
1318 3761 1407 3809 καὶ
1449 3761 1521 3829 μὴ
1565 3756 1729 3829 ἁμαρ-

1913 3785 2118 3826 amore
2146 3767 2407 3824 fraterno
2432 3765 2762 3828 irascimur,
2813 3780 2954 3820 eum
3003 3779 3266 3834 congrua
3294 3765 3488 3823 hone-

171 3847 328 3911 τανετε,
371 3851 630 3910 τουτέστι,
684 3849 771 3904 Μὴ
805 3846 917 3917 (6i)
961 3843 1010 3899 ἕν
1048 3853 1122 3916 τῷ
1153 3845 1462 3918 ὀργίζεσθαι
1499 3849 1724 3910 πταίετε,

1913 3863 2007 3917 tte.
2047 3858 2382 3916 Irascimim'
2407 3857 2590 3924 enim,
2617 3855 2828 3928 inquit,
2857 3861 2906 3909 et
2936 3855 3114 3911 nolite
3148 3870 3393 3925 peccare
3422 3857 3489 3924 ³⁵,

173 3942 310 3996 Ιιατκῶς
355 3941 617 4009 χρώμενοι
653 3943 718 4007 τῇ
775 3935 926 4009 ὀργῇ.
983 3933 1267 4007 Ἀδελφούς
1295 3931 1354 3986 δὲ
1400 3935 1540 4006 ἡμᾶς
1577 3933 1731 3993 ἀλλή-

1920 3965 1950 4005 ο
1977 3952 2088 4016 est,
2131 3951 2210 4004 Ne
2241 3947 2300 4003 in
2343 3945 2657 4002 irascendo
2710 3943 2930 4014 erretis,
2980 3944 3070 4000 ira
3123 3944 3282 4000 male
3333 3950 3496 4001 uten-

172 4019 247 4072 λων
286 4022 525 4091 ἐκάλεσεν,
577 4028 649 4087 ὡς
698 4028 788 4077 τὸν
832 4023 986 4078 αὐτὸν
1043 4026 1258 4096 ἔχοντας
1301 4026 1452 4093 Θεὸν,
1504 4027 1593 4075 καὶ
1639 4026 1727 4075 τὸν

1913 4055 1943 4092 ι.
1975 4039 2090 4093 Nos
2118 4051 2350 4108 quoque
2379 4034 2591 4091 fratres
2623 4033 2772 4090 inter
2801 4049 2913 4090 nos
2946 4032 3203 4089 invicem
3234 4034 3489 4100 vocavit,

172 4109 292 4163 αὐτόν
339 4117 662 4190 προπάτορα,
717 4119 808 4167 καὶ
868 4119 963 4173 τὴν
1037 4114 1197 4172 αὐτὴν
1257 4115 1434 4186 φύσιν,
1487 4117 1577 4166 καὶ
1632 4117 1726 4172 τὴν

1917 4129 2040 4196 pote
2069 4125 2346 4182 eumdem
2377 4123 2668 4179 habentes
2706 4124 2914 4190 Deum,
2945 4121 3350 4194 eamdemque
3377 4124 3493 4195 pri-

169 4199 299 4259 1‘3ﬂiv
340 4209 536 4274 πίστιν,
574 4209 669 4257 καὶ
706 4206 800 4265 τὰς
842 4202 998 4263 αὐτὰς
1040 4201 1261 4269 ἐντολὰς,
1295 4208 1384 4255 καὶ
1423 4205 1513 4263 τὰς
1569 4201 1727 4264 αὐτὰς

1914 4230 2003 4270 1m
2048 4219 2369 4285 parentem,
2415 4211 2694 4268 eamdem
2748 4215 3049 4276 naturam,
3104 4215 3161 4266 et
3211 4211 3490 4269 eamdem

170 4286 439 4360 ἐπαγγελίας
483 4302 586 4346 τῶν
631 4291 864 4345 ἐπάθλων
919 4291 1054 4362 (62).
1115 4288 1266 4354 Εἶδες
1321 4297 1372 4345 τί
1417 4293 1723 4366 προσέταξε.

1909 4307 2032 4367 [ειη.
2068 4303 2280 4358 eadem
2313 4305 2619 4374 praecepta,
2655 4302 2711 4356 et
2757 4299 2970 4356 eadem
3001 4299 3306 4370 promissa
3338 4315 3485 4370 prae-

166 4381 248 4429 Τοῦ
288 4385 428 4451 φόνον
502 4385 598 4441 τήν
655 4383 806 4456 ῥίζαν
856 4379 1110 4453 ἐξέκοψεν.
1173 4381 1230 4434 Ὀ
1276 4383 1378 4455 γὰρ
1431 4385 1502 4454 μὴ
1563 4381 1725 4445 οὕτως

1913 4406 2114 4446 orum.
2146 4391 2286 4446 Vide
2303 4394 2503 4446 autem
2519 4389 2665 4461 quid
2689 4387 3002 4444 addiderit.
3041 4388 3310 4443 Radicem
3344 4403 3489 4444 sane

165 4465 472 4541 ὁρμζόμενος,
513 4472 623 4544 ούχ
659 4470 769 4535 ἣξει
811 4473 936 4523 ποτε
965 4473 1094 4544 πρὸς
1131 4476 1301 4542 φόνον,
1344 4472 1517 4546 ὥσπερ
1553 4467 1669 4524 οὐδ’
1699 4471 1725 4524 ὁ

1914 4480 2011 4536 :dis
2033 4480 2267 4537 incidit:
2289 4479 2386 4551 qui
2418 4480 2578 4534 enim
2602 4477 2684 4534 ita
2703 4493 2826 4533 non
2847 4477 3136 4546 irascitur,
3172 4478 3490 4550 nunquam

167 4552 287 4623 ῥίζαι
312 4557 588 4627 ἐκκόπτων,
621 4559 763 4614 ἐάσει
787 4556 980 4615 κλάδον
1008 4564 1162 4634 φῦναί
1189 4579 1332 4617 ποτε.

1942 4569 2167 4626 caedem
2226 4569 2566 4641 perveniet:
2604 4567 2754 4624 sicut
2782 4581 2976 4638 neque
3013 4565 3066 4622 is
3092 4565 3198 4639 qui
3225 4567 3489 4626 radicem

1833 4653 2123 4724 amputat,
2154 4664 2394 4707 ramum
2427 4663 2696 4722 unquam
2735 4645 3068 4721 germinare
3099 4645 3272 4704 sinet.

226 4828 264 4862 ”
297 4829 438 4887 Psal.
479 4847 559 4897 tv,
593 4833 683 4887 15.

1339 4981 1560 5053 Variae
1597 4980 1928 5052 lectiones
1974 4990 2040 5051 et
2069 4990 2273 5050 notae.

226 5192 680 5270 (57)iteferuntur
693 5197 826 5254 haec
843 5196 921 5254 ad
947 5196 1140 5270 Matth.
1160 5212 1212 5270 κ,
1246 5196 1424 5270 8,ubi
1451 5197 1723 5256 nonnulli
1903 5197 2015 5270 (59)
2049 5196 2203 5270 αὐτόν
2238 5195 2467 5262 malim,
2510 5195 2598 5254 uti
2627 5194 2944 5255 Hentenius
2971 5193 3207 5254 videtur
3238 5191 3479 5265 legisse.

168 5258 338 5332 legunt
362 5273 562 5343 νεκροὺς
593 5269 828 5344 ἐγείρετε.
879 5269 990 5326 Sed
1022 5269 1132 5326 ista
1175 5258 1342 5326 lectio
1383 5269 1614 5328 invecta
1640 5274 1725 5328 est

170 5345 198 5386 ἃ
229 5335 646 5414 Qhrysostomo,
677 5341 766 5398 vel
799 5346 938 5398 ante
963 5355 1102 5398 eum
1127 5341 1205 5398 ab
1235 5341 1506 5412 Origene.

879 5269 990 5326 Sed
1022 5269 1132 5326 ista
1175 5258 1342 5326 lectio
1383 5269 1614 5328 invecta
1640 5274 1725 5328 est
1909 5258 2009 5326 ‘60'
2050 5269 2134 5322 ἐπι
2156 5265 2215 5321 δὲ
2245 5272 2320 5322 τό.
2356 5270 2422 5325 Α.

846 5346 938 5398 nte
963 5355 1102 5398 eum
1127 5341 1205 5398 ab
1235 5341 1506 5412 Origene.
1905 5271 2018 5414 (Μζ
2046 5345 2140 5414 μὴ,
2170 5340 2387 5395 omittit
2417 5351 2422 5387 ε

170 5345 198 5386 ἃ
229 5335 646 5412 Qhrysostomo',
677 5335 766 5398 v'el
799 5346 938 5398 ante
963 5355 1102 5398 eum
1127 5341 1205 5398 ab
1235 5341 1506 5412 Origene.
1905 5335 2016 5412 (61)
2046 5345 2140 5412 μὴ,
2170 5340 2387 5395 omittit
2417 5340 2476 5395 C.

351 5422 538 5485 σαφῶς.
575 5407 638 5469 B.
1340 5407 1367 5412 '

1340 5407 1367 5412 '
1904 5407 2017 5484 (62)
2046 5407 2240 5468 ἄθλων.
2275 5415 2331 5467 Β.

230 5584 316 5653 (zz)
337 5589 552 5663 Ilusque
582 5592 891 5666 relinquit.
923 5591 1142 5665 Hisque
1171 5591 1474 5665 relinquit,
1506 5591 1722 5664 hisque
1747 5590 2021 5648 concedit
2050 5593 2105 5646 et
2133 5588 2436 5663 permittit.
