3990 6206
1734 240 2083 302 EUTHYMII
2120 236 2449 297 ZIGABENI
3673 245 3789 300 212

2252 365 2344 426 ’ος
2387 397 2457 407 -
2498 359 2775 439 συνεδρίῷ.
2826 362 3096 437 Ἀνωτέρω
3145 364 3234 437 μὶν
3262 366 3350 416 τὸν
3415 363 3580 436 ψιλῶς
3637 366 3787 442 ὀρσμ-

2186 457 2395 528 ζόμενον
2452 456 2745 529 κατέκρινεν
2792 474 2804 486 ·
2864 451 3085 505 ἐνταῦθα
3149 450 3228 523 δε,
3308 455 3393 506 τὸν
3461 459 3551 507 καὶ
3617 462 3787 531 μέχρι

2182 546 2337 616 λόγου
2393 547 2663 618 προϊόντα.
2716 540 2789 596 Τὸ
2835 542 2973 617 ῥακὰ
3029 539 3107 609 δὲ,
3165 541 3407 602 Ἑϐραῑκὴ
3461 543 3569 596 ἐστι
3616 567 3784 618 φωνη,

2188 630 2425 693 δηλοῦσα
2458 636 2539 697 τὸ,
2575 631 2661 687 σύ.
2699 632 2838 685 Ἐπεὶ
2878 632 2980 704 γὰρ
3028 631 3360 706 ὀργιζόμενός
3403 652 3484 696 τις
3525 638 3659 687 κατά
3707 656 3791 689 τι-

2185 743 2266 784 νος
2300 721 2393 774 ούκ
2433 720 2571 784 ἀξιοῖ
2598 720 2816 773 καλέσαι
2858 728 3038 773 τοῦτον
3077 719 3131 784 ἐξ
3159 720 3429 793 ὀνόματος,
3479 725 3545 785 ὡς
3577 722 3788 786 ἀνάξιον

2187 812 2434 883 ὀνόματος
2477 828 2489 841 ·
2547 808 2657 861 ἀντὶ
2728 809 2979 882 ὀνόματος
3050 807 3109 863 δὲ
3164 814 3222 862 τὸ
3285 814 3349 863 σὺ
3414 813 3641 879 τίθησιν,
3719 818 3793 874 εὶς

2189 896 2437 972 ἔνδειγμα
2481 906 2574 960 τῆς
2632 898 2789 972 ὀργῆς
2841 904 2933 952 καὶ
2987 896 3278 973 βδελύξεως
3319 919 3331 930 ·
3379 905 3639 974 κατέκρινε
3698 908 3791 955 καὶ

2189 994 2390 1056 τοῦτον,
2460 990 2526 1048 ὡς
2576 992 2669 1047 τὴν
2735 991 2913 1048 κοινὴν
2981 990 3134 1061 φύσιν
3194 985 3631 1062 βδελυσσόμενον,
3697 996 3794 1045 καὶ

2191 1082 2369 1150 ἔνοχον
2441 1076 2596 1129 αὐτὸν
2652 1086 2723 1149 τῷ
2789 1074 3045 1151 συνεδρίῳ
3112 1087 3209 1131 τῶν
3265 1078 3623 1153 πρεσϐῦτέρων
3696 1088 3792 1133 τοῦ

2191 1168 2316 1221 λαοῦ
2341 1171 2683 1237 κατέστησεν,
2704 1167 2777 1229 εἰς
2806 1170 2865 1220 τὸ
2894 1166 3017 1241 παρ’
3043 1167 3212 1221 αὐτῶν
3241 1166 3637 1241 ἐπιτιμηθῆναί.

417 241 517 306 211

490 377 652 433 Vers.
682 374 771 431 22.
803 372 1142 446 Quicunque
1162 372 1513 430 —consilz'o.
1538 371 1815 445 Superius
1828 369 2073 442 quidem
2106 368 2152 422 Α

422 482 582 533 eum,
607 466 710 537 qui
732 469 962 521 tantum
986 464 1348 519 irascebatur
1366 461 1786 518 condemnavit
1812 477 1822 513 :
1848 458 1946 514 hic
1973 474 2074 515 au-

420 560 541 610 tem
578 570 737 618 eum,
764 553 865 625 qui
911 552 987 607 ad
1027 551 1208 607 verba
1244 567 1430 622 usque
1465 550 1749 622 procedit.
1797 550 1944 605 Raca
1974 563 2077 602 au-

421 648 541 699 tem
568 658 683 698 vox
726 647 816 695 est
847 640 1149 700 Hebraica.
1199 640 1355 694 idem
1398 638 1743 708 signiﬁcans
1792 635 1951 709 quod
1991 644 2073 690 tu.

423 734 571 788 Cum
624 731 780 786 enim
838 729 1107 785 irascitur
1158 728 1461 800 quispiam
1524 728 1584 782 in
1655 726 1923 791 alterum,
2006 740 2078 779 ex

421 819 661 874 nomine
683 820 881 889 ipsum
903 817 1112 871 nolens
1131 816 1452 888 appellare,
1474 816 1640 888 quasi
1668 815 1910 870 nomine
1928 812 2077 868 indi-

428 922 636 979 gnum,
694 906 823 962 loco
884 905 1145 961 nominis
1197 905 1387 977 ponit,
1434 910 1517 970 tu,
1565 905 1625 959 in
1679 904 1918 974 signum
1978 903 2080 957 iras

423 1000 481 1051 et
504 994 983 1051 abominationis.
1020 993 1189 1048 Hunc
1220 997 1415 1048 autem
1445 991 1890 1056 condemnavit,
1925 988 2081 1044 velut

425 1098 809 1141 communem
876 1088 1155 1138 naturam
1229 1081 1726 1138 abominantem:
1777 1085 1833 1135 et
1891 1080 2083 1135 senio-

422 1188 558 1229 rum
588 1172 788 1245 populi
818 1172 1084 1235 consilio,
1119 1187 1287 1227 reum
1321 1170 1517 1243 ipsum
1549 1169 1871 1231 constituit,
1902 1174 1968 1224 ut
2010 1170 2082 1225 ab

427 1263 512 1318 eis
540 1262 909 1333 objurgetur.

498 1351 658 1406 Vers.
700 1351 787 1405 22.
832 1350 1176 1419 Quicunque
1207 1378 1270 1389 ——
1300 1349 1473 1418 ignis.
1512 1348 1679 1402 Hunc
1712 1347 1901 1416 magis
1948 1362 2087 1402 con-

428 1438 753 1503 demnavit,
781 1442 982 1510 utpote
1013 1438 1373 1493 auferentem
1405 1453 1441 1491 a
1459 1437 1635 1492 fratre
1659 1440 1940 1499 mentem,
1966 1451 2088 1507 qua

430 1527 506 1582 ab
528 1525 971 1583 irrationalibus
995 1526 1316 1581 distamus:
1342 1525 1434 1580 vel
1466 1525 1659 1595 potius
1694 1529 1983 1595 tanquam
2006 1524 2086 1577 in-

424 1616 719 1687 juriosum
751 1619 957 1671 contra
987 1614 1186 1669 ﬁdem.
1207 1613 1270 1668 Si
1296 1614 1454 1669 enim
1477 1612 1864 1669 ﬁdelisfrater
1888 1612 2088 1668 fatuus

429 1709 535 1774 est,
568 1703 743 1760 utille
769 1704 928 1769 dicit,
963 1704 1125 1759 fatua
1164 1708 1253 1758 est
1273 1702 1421 1757 ﬁdes
1448 1702 1597 1773 ejus.

504 1793 604 1848 Hie
620 1797 811 1848 autem
826 1791 1088 1864 primum
1116 1790 1529 1847 manifestatur
1554 1805 1768 1845 nomen
1797 1790 2087 1860 gehennm

430 1882 608 1951 ignis.
636 1884 795 1937 Hanc
833 1896 975 1936 vero
1008 1880 1347 1950 gehennam
1368 1879 1564 1935 vocari
1592 1880 1792 1934 dicunt
1816 1879 2085 1951 quidam,

430 1970 606 2042 quasi
631 1984 861 2041 semper
887 1976 1163 2039 γεννῶσαν,
1188 1968 1247 2023 id
1277 1973 1384 2033 est,
1439 1973 1824 2037 generantem
1864 1967 2085 2037 ignem.

434 2058 544 2114 Alii
566 2074 702 2113 vero
726 2057 1069 2113 Hebraicum
1092 2072 1312 2113 nomen
1336 2057 1553 2127 dicunt,
1584 2056 1931 2127 hujusmodi
1952 2071 2091 2127 sup-

434 2147 679 2220 plicium
703 2146 1069 2217 signiﬁcans.
1098 2146 1157 2201 Si
1181 2146 1360 2216 igitur
1379 2146 1490 2201 has
1518 2162 1653 2217 quas
1686 2161 1721 2200 a
1745 2145 2090 2200 nobisleves

431 2236 793 2308 judicantur,
822 2236 1068 2306 injurias
1089 2234 1167 2290 ita
1191 2235 1440 2307 punivit,
1464 2250 1584 2305 qua
1600 2233 2091 2289 condemnatione

439 2325 604 2393 digni
624 2340 855 2391 sumus,
886 2324 989 2396 qui
1018 2339 1227 2393 graves
1256 2327 1458 2379 contra
1487 2322 1696 2379 fratres
1728 2323 2094 2378 incessanter

404 2442 405 2445 η
438 2412 969 2469 eﬁundimusiEas
982 2412 1181 2485 itaque
1194 2428 1328 2484 quae
1345 2412 1505 2468 leves
1530 2412 1825 2477 videntur,
1854 2417 2096 2484 prepter

2264 1345 2359 1407 ’ος
2412 1376 2480 1385 -
2532 1349 2720 1418 πυρός.
2802 1352 2993 1399 Τοῦτον
3065 1346 3298 1419 μεγάλως
3361 1351 3670 1423 κατέκρινεν,
3729 1351 3801 1410 ὡς

2197 1433 2567 1508 ἀφαιρούμενον
2619 1432 2721 1488 ἀπὸ
2784 1441 2879 1488 τοῦ
2928 1430 3154 1507 ἀδελφοῦ
3206 1439 3301 1493 τὴν
3349 1439 3619 1509 φρόνησιν,
3672 1438 3799 1490 καθ’

2197 1523 2258 1581 ἣν
2315 1530 2413 1574 τῶν
2461 1520 2660 1595 ἀλόγων
2714 1520 3044 1597 διαφέρομεν,
3100 1525 3129 1582 ἡ
3185 1523 3397 1596 μᾶλλον,
3446 1526 3514 1587 ὡς
3570 1525 3643 1588 εἰς
3698 1532 3800 1585 τὴν

2196 1616 2374 1665 πίστιν
2427 1611 2731 1688 ὑϐρίζοντα.
2776 1612 2837 1667 Εἰ
2886 1615 2988 1688 γὰρ
3039 1614 3065 1664 ό
3112 1617 3301 1675 πιστός
3353 1610 3573 1685 ἀδελφὸς
3620 1620 3803 1689 μωρὸς

2122 1722 2166 1777 Β
2197 1700 2358 1767 ἐστιν,
2390 1704 2461 1762 ὡς
2491 1701 2641 1762 οὗτός
2681 1721 2831 1774 φησι,
2860 1704 3013 1777 μωρὰ
3040 1708 3129 1754 καὶ
3159 1704 3189 1760 ἠ
3218 1708 3394 1763 πίστις
3420 1703 3601 1762 αὑτοῦ.

2271 1791 2519 1843 Ἐνταῦθα
2566 1787 2626 1843 δε
2668 1799 2872 1865 πρῶτον
2921 1790 3124 1864 ἐξέφηνε
3162 1795 3219 1843 τὸ
3268 1795 3428 1865 ὄνομα
3464 1800 3554 1854 τῆς
3589 1798 3806 1867 γεέννης

2197 1886 2288 1932 τοῦ
2362 1884 2544 1953 πυρός.
2621 1883 2823 1933 Γέενναν
2885 1876 2946 1933 δὲ
3011 1879 3281 1934 καλεῖσθαι
3355 1885 3549 1939 ταύτην
3615 1889 3803 1955 φασὶν,

2198 1969 2247 2019 οἱ
2298 1970 2408 2041 μὶν,
2462 1972 2525 2029 ὡς
2579 1968 2656 2023 ἀεὶ
2702 1978 2961 2041 γεννῶσαν
3017 1972 3076 2022 τὸ
3130 1978 3231 2046 πῦρ
3268 1988 3279 2000 ⁸
3331 1974 3378 2023 οἱ
3423 1968 3481 2023 δὲ
3528 1970 3805 2045 Ἐϐραῐκὸν

2200 2060 2359 2129 ὄνομα
2409 2064 2561 2111 τοῦτο
2599 2058 2831 2131 λέγουσι,
2890 2056 3082 2118 δηλοῦν
3130 2064 3223 2118 τὴν
3275 2062 3517 2118 τοιαύτην
3561 2061 3804 2117 κόλασιν.

2199 2145 2260 2198 Εἰ
2314 2150 2485 2198 τοίνυν
2532 2149 2627 2209 τὰς
2678 2144 2940 2209 δοκούσας
2988 2148 3111 2221 παρ’
3182 2150 3305 2221 ἡμῖν
3355 2148 3572 2224 ἐλαφρὰς
3624 2150 3811 2223 ὕϐρεις

2201 2234 2360 2295 οὕτως
2398 2233 2632 2305 ἐκόλασε,
2675 2241 2830 2299 ποίας
2878 2236 3028 2309 ἐσμεν
3073 2236 3212 2300 ἄξιοι
3260 2235 3570 2311 καταδίκης,
3615 2242 3667 2292 οὶ
3710 2244 3813 2302 τὰς

2204 2321 2420 2396 βαρείας
2489 2326 2626 2377 κατὰ
2690 2332 2791 2376 τῶν
2876 2322 3109 2398 ἀδελφῶν
3187 2324 3409 2397 ἀφειδῶς
3488 2326 3810 2399 ἐκχέοντες;

398 2532 403 2535 -
446 2517 653 2572 graves
681 2502 931 2574 punivit,
968 2506 1030 2556 ut
1054 2502 1181 2556 illas
1209 2501 1883 2571 timendasjudieantes,
1915 2501 2096 2557 duca-

445 2607 583 2647 mus
614 2592 722 2648 has
766 2589 1300 2658 formidabiliores;
1336 2593 1463 2645 tum
1509 2590 1686 2644 etiam
1738 2590 1882 2661 quia
1916 2591 2095 2645 iratos

444 2695 560 2735 non
587 2694 826 2749 magna:
843 2680 1035 2735 solum
1056 2679 1310 2751 injurias,
1341 2678 1445 2734 sed
1474 2682 1530 2734 et
1550 2694 1741 2749 parvae
1762 2679 2096 2751 frequenter

444 2770 523 2827 ad
569 2770 764 2825 caedes
803 2774 1148 2842 provocant,
1193 2769 1345 2824 iram
1376 2767 1454 2823 ad
1511 2768 1781 2825 scintillae
1845 2768 2095 2823 modum

445 2858 858 2915 accendentes.

518 2949 678 3003 Vers.
706 2951 795 3003 23.
823 2946 887 3003 Si
924 2978 991 2988 -—-
1022 2947 1088 3001 V.
1120 2950 1208 3002 24.
1243 2946 1459 3002 Munus
1491 2953 1678 3002 tuum.
1714 2947 1924 3003 Omnia
1964 2963 2099 3019 quas

2205 2411 2475 2465 Ἐκόλασεν
2528 2409 2617 2465 οὖν
2668 2414 2757 2474 τὰς
2812 2410 3074 2475 δοκούσας
3126 2413 3359 2489 έλαφρὰς,
3422 2412 3514 2467 διὰ
3566 2419 3661 2479 τὰς
3710 2417 3816 2489 βα-

2204 2506 2364 2575 ρείας,
2424 2502 2507 2553 ἵνα
2553 2503 2748 2564 ταύτας
2804 2502 3022 2576 φοϐερὰς
3076 2507 3360 2570 κρίνοντες,
3414 2503 3605 2567 ἐκείνας
3656 2506 3815 2578 φοϐε-

2203 2592 2426 2664 ρωτέρας
2476 2594 2785 2663 νομίζωμεν.
2830 2590 3022 2651 ’Ἄλλως
3071 2610 3125 2644 τε
3162 2597 3271 2663 καὶ,
3331 2590 3469 2645 διότι
3507 2601 3611 2654 τοῖς
3659 2594 3817 2667 ὀργι-

2210 2682 2440 2751 ζομένοις
2479 2679 2538 2731 ού
2569 2685 2723 2753 μόνον
2762 2682 2816 2732 αἱ
2850 2680 3073 2753 μεγάλαι
3100 2680 3294 2754 ὕϐρεις,
3328 2681 3455 2734 ἀλλὰ
3497 2687 3586 2734 καὶ
3616 2685 3673 2735 αἱ
3713 2704 3818 2756 με-

2205 2773 2351 2841 ρικαὶ
2404 2769 2519 2840 (63)
2562 2774 2747 2841 φόνους
2784 2768 3094 2842 ἐξαρτύουσι
3131 2769 3396 2838 πολλάκις,
3460 2768 3612 2829 δίκην
3656 2791 3821 2825 σπιν-

2210 2858 2367 2930 θῆρος
2397 2856 2717 2919 ἐξάπτουσαι
2752 2863 2844 2918 τὴν
2877 2858 3060 2934 ὀργήν.

2281 2944 2293 2963 ⁹
2316 2948 2416 2997 Εὰν
2454 2977 2523 2986 --
2559 2943 2727 3021 δῶρόν
2770 2966 2885 3002 σου.
2930 2950 3127 3017 Πάντα,
3172 2950 3273 3002 ὅσα
3310 2968 3364 3002 τε
3403 2949 3637 3024 ἀνωτέρω
3680 2949 3820 3017 εἶπε,

446 3038 722 3108 superius
760 3036 922 3102 dixit,
966 3040 1021 3092 et
1055 3052 1185 3108 quas
1219 3052 1379 3092 nunc
1408 3036 1562 3099 dicit,
1596 3052 1851 3108 quisque
1891 3042 2093 3108 postea

2211 3039 2299 3086 καὶ
2342 3036 2443 3087 ὅσα
2488 3042 2576 3087 νῦν
2622 3034 2776 3108 λέγει,
2826 3042 2917 3089 καὶ
2967 3039 3068 3090 ὅσα
3119 3040 3250 3110 μετὰ
3298 3046 3450 3091 τοῦτο
3502 3038 3623 3111 ἐρεῖ,
3686 3042 3821 3116 ὑπὲρ

447 3124 711 3180 dicturus
735 3129 838 3191 est,
869 3124 943 3180 de
981 3124 1293 3181 dilectione
1341 3129 1497 3189 sunt,
1530 3141 1715 3197 quam
1775 3125 2102 3197 frequenter

449 3214 633 3287 ponit,
668 3229 737 3270 ac
776 3213 1175 3270 diversimode
1218 3214 1447 3278 laudat,
1501 3214 1649 3270 sicut
1678 3214 1738 3269 in
1784 3230 2101 3285 progressu

446 3304 662 3377 saapius
705 3304 1094 3359 inveniemus.
1142 3304 1291 3360 Cum
1331 3304 1491 3360 enim
1519 3309 1676 3359 esset
1704 3307 1874 3371 Deus,
1921 3305 2101 3360 nostri

447 3409 653 3451 amore
676 3393 858 3449 homo
882 3394 1075 3449 factus
1104 3397 1208 3459 est,
1231 3393 1550 3465 omniaque
1578 3408 1814 3464 passus,
1850 3398 2101 3449 utetnos

450 3483 660 3548 Deum,
691 3499 757 3537 ac
781 3498 889 3537 nos
933 3482 1190 3537 invicem
1232 3497 1598 3546 amaremus,
1628 3486 1685 3536 et
1717 3497 1823 3551 per
1843 3482 2103 3537 dilectio-

446 3587 586 3627 nem
612 3570 785 3625 nobis
810 3575 1017 3625 mutuo
1052 3569 1493 3637 colligaremur,
1546 3585 1856 3641 unumque
1893 3586 2102 3641 corpus

447 3658 839 3723 efﬁceremur,
895 3663 1073 3729 caput
1134 3657 1423 3713 habentes
1474 3658 1790 3713 Christum.
1859 3658 2102 3730 Ideoque

445 3760 661 3818 pugnae
677 3760 891 3800 nervos
908 3745 1250 3816 praecidens,
1272 3761 1405 3817 quae
1436 3745 1809 3801 dilectionem
1834 3762 2104 3802 corrum-

448 3839 615 3906 punt,
644 3832 856 3889 aufert.
886 3834 1206 3889 Considera
1231 3849 1373 3903 ergo
1407 3833 1631 3890 amoris
1656 3850 1798 3904 erga
1826 3835 2101 3891 homines

448 3921 942 3995 magnitudinem.
978 3922 1553 3993 Despicithonorem,
1581 3923 1685 3995 qui
1719 3924 1830 3979 sibi
1865 3925 2101 3980 exhibe-

447 4015 539 4067 tur
576 4026 698 4083 prae
729 4025 933 4066 amore
955 4025 1094 4079 erga
1126 4011 1384 4077 fratrem,
1415 4016 1647 4066 tantum
1686 4028 1803 4067 non
1856 4012 2094 4067 dicens:

446 4100 759 4156 Auferatur
799 4098 1045 4155 servitus
1085 4116 1236 4165 mea,
1270 4104 1330 4155 ut
1371 4106 1432 4156 tu
1470 4100 1630 4156 fratri
1664 4101 2100 4168 reconcilieris;

447 4204 589 4245 nam
641 4188 998 4245 sacriﬁcium
1050 4189 1227 4244 etiam
1269 4194 1357 4243 est
1408 4205 1549 4260 erga
1598 4189 1839 4246 fratrem
1895 4206 2103 4247 recon-

445 4279 687 4345 ciliatio,
728 4294 917 4350 neque
947 4278 1107 4333 illam
1142 4278 1371 4350 absque
1399 4278 1511 4334 hac
1554 4280 1811 4351 suscipit.

515 4372 712 4425 Restat
740 4368 937 4438 igitur,
961 4374 1023 4423 ut
1050 4368 1171 4422 sive
1202 4366 1407 4423 laudes
1430 4367 1546 4423 Deo
1573 4369 1804 4434 reddas,
1845 4368 1963 4425 sive
1986 4386 2101 4423 ora-

445 4458 663 4513 tionem
694 4456 1015 4528 (siquidem
1064 4457 1243 4512 etiam
1274 4456 1400 4511 haec
1448 4456 1726 4512 sacrificia
1758 4459 1931 4525 sunt),
1981 4458 2102 4513 sive

445 4544 609 4600 aliud
640 4545 1065 4616 quodcunque,
1097 4560 1163 4599 ne
1195 4544 1463 4617 proferas
1494 4545 1611 4609 illa,
1643 4545 1810 4601 fratri
1850 4552 1945 4602 tuo
1969 4547 2101 4602 irre—

447 4631 813 4697 conciliatus,
849 4633 1043 4689 sciens
1069 4634 1231 4705 quod
1263 4632 1407 4688 nihil
1438 4633 1653 4688 borum
1692 4636 1761 4687 sit
1796 4641 2103 4707 susceptu-

444 4735 566 4785 rus,
600 4719 712 4775 nisi
748 4720 911 4790 prius
941 4721 1353 4775 reconcilieris.
1387 4724 1585 4777 Fertur
1639 4728 1837 4778 autem
1874 4723 2099 4779 indiffe-

444 4813 640 4863 renter
662 4814 947 4872 sermo,et
967 4807 1043 4863 ad
1066 4823 1203 4863 eum
1220 4809 1320 4880 qui
1338 4808 1581 4864 affectus
1599 4817 1681 4865 est
1708 4812 1761 4864 in
1784 4812 2021 4881 injuria,
2046 4817 2102 4869 et

447 4896 526 4952 ad
555 4912 693 4951 eum
725 4896 825 4968 qui
867 4895 1149 4967 injuriam
1174 4897 1477 4966 irrogavit.
1512 4901 1573 4952 Et
1598 4900 1641 4953 si
1671 4900 1911 4972 quidem
1948 4903 2098 4956 male

444 5001 657 5057 passus
696 5000 777 5050 es,
808 4985 1089 5056 injuriam
1120 4984 1200 5041 illi
1254 4987 1509 5055 remitte,
1560 4992 1617 5041 et
1648 4988 1881 5060 patiens
1931 4994 2093 5055 esto;

443 5074 609 5149 quod
624 5074 669 5131 si
692 5074 1284 5148 injuriamirrogasti,
1307 5076 1640 5149 medereinj
1653 5077 1810 5144 uriae,
1832 5078 2097 5151 nihilque

2212 3122 2414 3195 ἀγάπης
2462 3123 2615 3194 εἰσὶν,
2671 3123 2731 3183 ἣν
2779 3126 3010 3198 μάλιστα
3054 3132 3172 3200 περὶ
3213 3126 3401 3180 πολλοῦ
3445 3130 3669 3197 τίθεται,
3723 3135 3819 3182 καὶ

2213 3210 2558 3287 διαφερόντως
2634 3212 2847 3279 ἐπαινεῖ,
2920 3218 2984 3276 ὡς
3064 3215 3111 3267 έν
3191 3216 3399 3279 πολλοῖς
3454 3215 3824 3290 προϐαίνοντες

2213 3304 2516 3375 εὑρήσομεν.
2578 3307 2709 3364 Θεὸς
2759 3307 2862 3376 γὰρ
2912 3304 3001 3370 ὢν,
3075 3306 3291 3376 ἀγαπῶν
3349 3308 3506 3379 ἡμᾶς,
3561 3308 3825 3379 ἓνηνθρώο

2212 3410 2366 3461 πησε,
2423 3396 2510 3443 καὶ
2540 3393 2710 3444 πάντα
2737 3394 3002 3461 πέπονθεν,
3054 3394 3137 3445 ἵνα
3166 3398 3255 3448 καὶ
3285 3395 3429 3467 ἡμεῖς
3480 3398 3569 3446 τὸν
3599 3400 3725 3448 Θεόν
3766 3415 3824 3449 τε

2210 3486 2301 3531 καὶ
2349 3479 2559 3541 ἑαυτοὺς
2601 3478 2902 3554 ἀγαπῶμεν,
2950 3487 3039 3536 καὶ
3076 3480 3169 3535 διὰ
3220 3491 3311 3544 τῆς
3355 3486 3566 3556 ἀγάπης
3621 3482 3827 3538 συνδε-

2215 3570 2375 3641 θῶμεν
2450 3568 2709 3637 ἀλλήλοις,
2760 3575 2850 3623 καὶ
2925 3574 3189 3645 γενώμεθα
3246 3571 3297 3624 ἓν
3355 3581 3527 3645 σῶμα,
3587 3573 3826 3645 κεφαλὴν

2211 3660 2421 3728 ἰχοντες
2450 3660 2604 3710 αὑτὸν
2652 3662 2737 3712 τόν
2769 3664 3019 3735 Χριστόν.
3053 3663 3141 3714 Διὸ
3179 3666 3270 3713 καὶ
3306 3669 3509 3735 πρῶτον
3558 3665 3629 3714 τὰ
3656 3670 3825 3736 νεῦρα

2212 3754 2301 3806 τῆς
2358 3747 2539 3817 μάχης
2612 3748 2930 3821 ὑποτέμνων,
2987 3750 3054 3802 τὰ
3106 3750 3397 3823 λυμαντικὰ
3452 3758 3544 3812 τῆς
3603 3750 3825 3822 ἀγάπης

2212 3833 2477 3889 ἀπέλαυνε.
2543 3840 2643 3889 Καὶ
2688 3838 2785 3909 ὅρα
2832 3838 3215 3910 φιλανθρωπίας
3267 3838 3573 3913 ὑπερϐολήν,
3638 3848 3832 3894 Κατα-

2213 3930 2386 3995 φρονεί
2430 3932 2524 3987 τῆς
2585 3927 2655 3986 εἰς
2712 3926 2868 3978 αὐτὸν
2915 3935 3091 3999 τιμῆς,
3146 3930 3271 4001 ὑπερ
3326 3937 3419 3990 τῆς
3475 3929 3547 3991 εἰς
3597 3926 3833 4002 ἀδελφόν

2212 4011 2441 4084 ἀγάπης,
2514 4020 2797 4087 μονονουχὶ
2879 4014 3038 4088 λέγων
3084 4034 3095 4046 ⁸
3164 4017 3530 4088 Ἐγκοπτέσθω
3602 4020 3635 4077 ἡ
3722 4020 3831 4092 ἐμὴ

2211 4101 2443 4177 λατρεία,
2482 4103 2564 4154 ἵνα
2601 4106 2660 4154 ού
2693 4099 2978 4177 διαλλαγῇς
3016 4108 3145 4178 πρὸς
3174 4108 3259 4158 τὸν
3296 4103 3512 4178 ἀδελφόν
3554 4126 3673 4163 σου.
3724 4114 3836 4162 Καὶ

2211 4194 2312 4265 γὰρ
2347 4192 2507 4243 θυσίὰ
2536 4190 2650 4243 ἐστὶ
2688 4196 2777 4245 καὶ
2808 4194 2839 4251 ἡ
2888 4196 3019 4268 πρὸς
3075 4198 3161 4246 τὸν
3216 4192 3433 4267 ἀδελφὸν
3485 4196 3832 4269 καταλλαγὴ,

2214 4285 2302 4331 καὶ
2334 4285 2498 4355 χωρὶς
2528 4280 2719 4341 ταύτης
2747 4278 2871 4334 ούδε
2902 4281 3095 4340 ἐκείνην
3126 4281 3505 4359 προσδέχεται.

2286 4373 2480 4421 Λοιπὸν
2516 4366 2623 4435 οὖν,
2655 4369 2749 4421 κᾶν
2787 4370 2943 4443 ὕμνον
2992 4374 3269 4446 προσάγῃς
3295 4378 3427 4443 Θεῷ,
3478 4373 3573 4425 κᾶν
3630 4375 3830 4447 εὐχήν,

2212 4462 2300 4509 καὶ
2354 4464 2519 4510 ταῦτα
2568 4460 2668 4533 γὰρ
2720 4462 2879 4512 θυσία
2932 4459 3043 4512 ἐστι
3076 4479 3091 4494 ο
3124 4458 3218 4514 κᾶν
3272 4464 3442 4514 ὁτιοῦν
3497 4464 3689 4537 ἕτερον,
3749 4470 3828 4537 μὴ

2212 4544 2597 4607 ἁκατάλλακτος
2647 4555 2813 4600 ταῦτα
2880 4552 3242 4624 προσαγάγῃς,
3295 4547 3467 4621 εἰδὼς,
3529 4554 3608 4604 ὅτι
3667 4550 3833 4606 οῦδεν

2210 4631 2556 4706 προσδέξεται
2585 4639 2799 4697 τούτων,
2835 4638 2978 4709 εἰμὴ
3030 4648 3232 4711 πρῶτον
3284 4636 3589 4712 διαλλαγῇς.
3645 4638 3837 4694 Ἀδιο-

2209 4729 2400 4794 ρίστως
2458 4722 2516 4777 δε
2574 4730 2659 4777 καὶ
2715 4729 2840 4799 πρὸς
2894 4729 2979 4779 τόν
3029 4726 3364 4785 ἀδικήσαντα
3426 4730 3449 4780 ὁ
3504 4728 3679 4801 λόγος,
3735 4738 3835 4784 καὶ

2208 4816 2335 4884 πρὸς
2389 4817 2475 4865 τὸν
2524 4822 2697 4875 κακῶς
2742 4818 3051 4868 πεπονθότα.
3117 4822 3217 4869 Καὶ
3276 4816 3319 4869 εἰ
3373 4821 3461 4871 μὲν
3509 4826 3688 4881 κακῶς
3731 4825 3824 4871 πέ-

2208 4904 2419 4976 πονθας,
2454 4904 2575 4975 οἶφες
2606 4902 2744 4974 αύτῷ
2781 4908 2872 4962 τὴν
2906 4901 3137 4967 ἀδικίαν,
3186 4910 3275 4957 καὶ
3328 4912 3777 4979 συγγνωμόνησον
3816 4927 3832 4939 ’

2208 4992 2249 5043 εἰ
2306 4988 2363 5044 δε
2421 4988 2709 5060 ἠδίκησας,
2766 4994 3079 5067 θεράπευσον
3124 4998 3216 5052 τὴν
3265 4991 3500 5059 ἀδικίαν,
3557 5002 3650 5048 καὶ

2206 5078 2370 5152 μηδὲν
2452 5080 2709 5153 enus“,
2786 5083 2887 5135 ὅσα
2966 5086 3092 5158 πρὸς
3170 5082 3493 5157 καταλλαγὴν
3552 5089 3831 5159 φέρουσιν,

1737 5283 1960 5353 Variae
1996 5284 2327 5355 lectiones
2386 5295 2451 5355 et
2491 5296 2695 5357 notae.

508 5504 621 5588 (63)
667 5508 881 5588 μερικαὶ
942 5520 1084 5588 non‘
1116 5509 1272 5588 recte
1332 5507 1656 5588 opponitur
1710 5519 1781 5562 τῶ
1855 5515 2094 5584 μεγάλαι.

437 5577 755 5634 Hentenius
781 5592 1009 5647 parvae.
1042 5577 1213 5635 Forte
1247 5577 1391 5649 ergo
1418 5577 1573 5651 legit
1601 5588 1785 5657 μικραί

2281 5512 2815 5591 (ῥίιλῌρςῌιςοῃιὶιιδ
2849 5512 2974 5568 haec
3015 5513 3231 5587 scripta
3261 5519 3419 5581 sunt,
3477 5518 3835 5591 θεράπευσον-

2208 5580 2374 5655 μηδὲν
2402 5580 2657 5656 ἐλλείψης,
2692 5584 2812 5639 ὅσα.
