3990 6206
229 268 308 329 213
1207 267 1571 326 COMMENT.
1612 271 1684 328 IN
1724 271 2152 330 ΜΛΤΤΗᾸΞΗΜ.
2187 303 2257 314 -
2287 271 2440 330 CAP.
2480 271 2554 330 V.
3424 269 3530 329 214

231 393 426 458 Ἐδίδαξε
459 399 642 464 τοίνυν,
673 396 750 448 ὅτι
778 394 841 447 οὗ
871 397 902 455 ἡ
956 396 1114 448 θυσία
1162 391 1198 448 δ
1203 397 1235 446 ι’
1266 397 1462 470 ἔχθραν
1501 395 1759 470 ἀπρόσδε-
1789 405 1807 454 l

1949 399 2163 474 inquas
2193 414 2402 456 eorum
2432 414 2567 471 quas
2598 397 2674 454 ad
2695 393 3245 454 reconciliationem
3271 392 3521 453 faciunt.

231 505 336 549 ετος,
360 488 524 538 τούτου
559 489 645 537 καὶ
669 486 694 537 6
725 483 845 558 βίος
874 485 1010 548 ἅπας
1041 481 1330 558 βδελυκτός
1359 484 1473 540 ἐστι
1508 495 1580 558 τῷ
1623 495 1756 560 Θεῷ.

1957 489 2074 545 cuit
2113 489 2306 560 igitur,
2348 488 2508 560 quod
2539 488 2707 558 cujus
2745 486 3103 543 sacriﬁcium
3142 488 3383 556 propter
3420 484 3527 540 ini—

1867 577 2156 634 micitiam
2183 593 2300 633 non
2335 577 2674 649 suscipitur,
2700 576 2876 648 hujus
2906 589 3149 648 quoque
3178 574 3295 630 vita
3329 573 3526 630 omnis

1867 658 1986 714 Deo
2012 662 2100 714 est
2130 657 2578 714 abominabilis.

283 737 391 789 Ἰσθι
413 765 475 775 -
501 731 811 808 κοδράντην.
845 732 1161 808 [Ἀντίδικόν
1193 734 1308 806 (65)
1357 754 1485 796 τινες
1528 739 1586 788 τὸ
1643 757 1762 790 συν-

1947 749 2099 803 Vers.
2130 747 2218 801 25.
2255 747 2394 801 Esto
2426 777 2492 784 —
2521 745 2594 801 V.
2643 746 2729 799 26.
2777 745 3186 816 quadrantem.
3229 744 3270 812 -ι-
3309 741 3523 798 Adver-

237 821 338 885 et66;
370 823 578 894 λέγουσι,
620 826 692 886 ὡς
739 823 1078 896 ἀντικείμενον
1118 823 1195 877 ἀεὶ
1243 831 1316 894 τῷ
1354 833 1564 896 πονηρῷ
1619 826 1760 885 θελή-

1945 835 2088 890 rium
2119 834 2368 906 quidam
2407 833 2835 889 conscientiam
2875 833 3097 897 dicunt,
3127 831 3305 904 quasi
3346 830 3521 887 malm

233 932 342 986 ματι,
367 918 439 965 καὶ
483 921 808 986 κατηγοροῦν
839 921 931 965 τού
981 915 1252 975 πὸιούντος
1293 916 1352 966 τὸ
1394 917 1552 966 κακόν
1583 934 1596 946 ο
1637 912 1759 968 ὁδόν

1945 923 2154 979 luntati
2193 938 2426 994 semper
2459 921 2800 993 oppositam
2845 926 2901 976 et
2944 925 3318 976 accusantem
3359 934 3521 986 eum,

233 997 286 1071 ᾖ,
326 1005 394 1053 τόν
439 1006 668 1077 παρόντα
729 1001 868 1075 βίον,
924 1002 964 1073 ᾧ
1028 1006 1134 1076 χρὴ
1188 1001 1372 1055 εύνοείν
1429 1003 1544 1074 (66)
1597 1007 1758 1075 ἤγουν

1933 1012 1968 1065 ii
1999 1010 2153 1066 male
2182 1015 2496 1082 operatur;
2521 1009 2671 1064 viam
2694 1014 2915 1076 autem,
2944 1013 3296 1080 praesentem
3325 1008 3509 1062 vitam

226 1093 453 1162 πείθεσθαι,
511 1094 575 1144 τὰ
639 1094 732 1165 μεν
793 1091 926 1144 καλά
981 1089 1323 1163 έπιτρέποντι,
1383 1090 1494 1163 (67)
1551 1100 1649 1144 τῶν
1699 1089 1761 1146 δι

1964 1115 2087 1172 qua
2114 1098 2477 1155 benevolum
2525 1113 2657 1152 esse
2697 1102 2923 1169 oportet
2953 1096 3077 1152 sive
3123 1097 3519 1162 obedientem,

223 1189 349 1230 κακῶν
371 1179 748 1255 ἀποτρέποντι.]

1866 1188 2120 1244 honesta
2149 1187 2514 1252 concedenti,
2545 1190 2603 1241 et.
2631 1201 2668 1241 a
2700 1185 2872 1241 malis
2897 1185 3231 1241 deterrenti.

272 1268 431 1344 Ὠσπερ
490 1273 632 1323 εἴωθε
707 1273 1014 1345 προτρέπειν
1079 1268 1153 1331 εἰς
1219 1268 1428 1341 ἀρετὴν,
1486 1268 1545 1321 ού
1605 1273 1757 1342 μόνον

1944 1275 2451 1342 Quemadmodum
2483 1275 2559 1330 ad
2591 1275 2866 1331 virtutem
2885 1274 3184 1330 exhortari
3209 1274 3378 1338 solet,
3404 1289 3520 1330 non

219 1357 294 1410 ἀπὸ
333 1367 416 1410 τῶν
466 1358 772 1432 μελλόντων,
823 1356 952 1410 ἀλλὰ
1007 1362 1096 1411 καὶ
1163 1355 1267 1410 ἀπὸ
1318 1365 1419 1409 τῶν
1470 1361 1756 1432 παρόντων,

1944 1365 2065 1420 lum
2095 1381 2198 1436 per
2227 1381 2298 1420 ea
2323 1382 2453 1435 qua:
2481 1363 2674 1419 futura
2707 1367 2861 1428 sunt,
2893 1363 2995 1418 sed
3028 1363 3207 1418 etiam
3237 1379 3342 1435 per
3373 1378 3520 1434 prae-

217 1448 344 1508 καθὼς
379 1446 423 1500 έν
471 1455 575 1509 τοῖς
624 1451 996 1522 Μακαρὶσμοίς
1051 1447 1326 1520 εἰρήκαμεν
1360 1463 1373 1476 ⁸
1413 1447 1548 1498 οὕτω
1603 1446 1756 1499 πάλιν

1944 1456 2073 1522 ntia,
2102 1453 2250 1508 sicut
2272 1454 2329 1507 in
2355 1452 2822 1518 Beatitudinibus
2843 1451 3106 1506 diximus
3131 1468 3142 1505 :
3179 1452 3260 1508 ita
3282 1468 3520 1507 rursum

215 1537 346 1587 εἴωθεν
393 1535 691 1611 ἀποτρέπειν
748 1543 839 1597 τῆς
907 1541 1115 1605 κακίας,
1177 1535 1237 1588 ού
1291 1539 1444 1607 μόνον
1503 1534 1603 1587 ἀπὸ
1656 1543 1756 1587 τῶν

1945 1543 2092 1598 malo
2134 1542 2280 1598 solet
2319 1547 2599 1605 avertere,
2635 1557 2755 1597 non
2787 1556 2890 1612 per
2922 1539 3120 1596 futura
3152 1541 3369 1604 solum,
3414 1541 3521 1596 sed

211 1623 460 1695 μελλόντων,
503 1623 630 1678 ἀλλὰ
682 1630 771 1678 καὶ
821 1623 922 1677 ἀπὸ
968 1633 1067 1677 τῶν
1108 1629 1396 1699 παρόντων.
1431 1623 1756 1699 ’Λποτρέψας

1945 1648 2045 1687 am
2075 1647 2182 1704 per
2209 1631 2545 1703 praesentia.
2567 1631 2884 1701 Postquam
2912 1630 3072 1684 enim
3097 1629 3170 1684 ab
3189 1629 3330 1684 odio
3355 1644 3519 1684 revo-

211 1717 287 1784 γὰρ
330 1722 413 1774 τῆς
458 1717 677 1789 έχθρας,
728 1711 822 1766 διὰ
876 1723 972 1777 τῆς
1036 1713 1323 1786 μελλούσης
1384 1717 1612 1786 γεέννης,
1667 1719 1787 1765 νῦν.

1944 1721 2021 1776 vit
2049 1735 2154 1792 per
2185 1719 2442 1775 futuram
2457 1719 2834 1790 gehennam:
2858 1733 3019 1773 nunc
3040 1718 3200 1772 idem
3215 1717 3520 1774 dissuadet

212 1798 436 1876 ἀποτρέπει
480 1806 678 1864 ταύτης
725 1808 815 1856 καὶ
871 1801 1032 1876 φοϐεῖ,
1083 1807 1173 1856 καὶ
1226 1801 1320 1855 διὰ
1363 1809 1456 1856 τοῦ
1505 1800 1788 1876 παρόντος’

1950 1810 2174 1866 territat
2198 1825 2302 1880 per
2323 1815 2675 1880 praesentem
2700 1807 2988 1880 judicem,
3013 1813 3069 1863 et
3100 1823 3172 1863 ea
3201 1823 3337 1879 quas
3369 1823 3519 1880 quo-

211 1900 367 1964 κριτοῦ,
402 1897 486 1946 καὶ
537 1901 642 1945 τῶν
691 1893 1016 1949 καθεκάστην
1071 1895 1370 1964 γινομένων.
1425 1896 1591 1950 Φησὶν
1641 1888 1750 1956 οὖν,

1945 1899 2002 1955 ie
2026 1897 2323 1955 accidunt.
2352 1897 2500 1953 Dicit
2520 1913 2656 1969 ergo
2681 1913 2692 1951 :
2732 1897 2787 1953 Si
2809 1897 2988 1952 etiam
3012 1895 3090 1952 ad
3120 1895 3379 1952 tribunal
3406 1903 3521 1952 tra-

209 1979 268 2029 ὅτι
294 1985 376 2032 Καὶ
405 1979 484 2032 έὰν
515 1981 624 2053 (68)
673 1981 745 2043 εἰς
791 1977 1136 2056 δικαστήριον
1185 1980 1462 2053 έλκυσθῇς,
1510 1981 1622 2032 ἰσθι
1664 1979 1753 2032 εύ-

1943 1989 2042 2057 ris,
2074 1993 2199 2044 esto
2227 1986 2540 2042 benevolus
2570 2002 2712 2055 erga
2738 1985 3143 2041 adversarium
3185 1989 3374 2050 tuum,
3406 1985 3519 2041 hoc

207 2076 302 2119 νοῶν
325 2078 388 2138 τῷ
437 2067 697 2142 ἀκτιδίκῳ
747 2089 860 2141 σου,
894 2073 1151 2136 τουτέστι,
1209 2073 1356 2141 γένου
1405 2071 1574 2129 εὔνους
1611 2069 1753 2140 αὐτῷ

1942 2077 2213 2149 :,ﬁasipsi
2237 2076 2488 2142 amicus,
2515 2075 2993 2147 quandocunque
3017 2090 3149 2129 cum
3181 2073 3312 2146 ipso
3339 2073 3518 2130 fueris

207 2162 274 2208 ui
297 2157 434 2229 φῧος,
465 2158 511 2210 έν
540 2160 652 2231 ὅσῳ
698 2160 980 2231 τυγχάνεις
1007 2157 1054 2210 ἐν
1084 2166 1146 2232 τῇ
1181 2154 1289 2229 ὁδῷ
1320 2157 1428 2231 μετ’
1472 2157 1654 2222 αὐτοῦ,
1687 2163 1748 2229 τῇ

1954 2165 2069 2231 via,
2101 2182 2237 2238 quae
2267 2170 2318 2220 te
2348 2165 2508 2222 ducit
2531 2164 2603 2220 ad
2624 2164 2891 2236 judicem
2923 2187 2935 2218 :
2973 2165 3327 2236 priusquam
3358 2164 3521 2218 vide-

206 2249 301 2320 πρὸς
330 2250 408 2300 τὸν
447 2244 713 2306 δικαστήν
756 2249 1006 2321 φερούσῃ,
1060 2248 1086 2299 6
1130 2245 1264 2314 ἔστι,
1317 2249 1417 2321 πρὸ
1464 2253 1555 2298 τοῦ
1594 2243 1752 2298 έλθεῖν

1941 2258 1999 2310 et
2037 2255 2110 2311 ad
2147 2254 2413 2325 judicem
2464 2255 2690 2318 venias,
2726 2258 2866 2310 tunc
2913 2252 3073 2308 enim
3106 2253 3213 2308 tibi
3251 2252 3387 2308 licet
3430 2267 3517 2308 re-

206 2335 254 2394 ιίς
277 2340 350 2387 τὸν
395 2333 668 2395 δικαστήν.
698 2335 909 2399 Ἔξεστι
955 2337 1055 2410 γάρ
1102 2355 1189 2389 σοι
1227 2342 1516 2393 τηνικαῦτα
1559 2333 1751 2387 καταλ-

1944 2343 2160 2400 nciliari
2193 2342 2555 2398 exsolvendo
2593 2343 2897 2414 pecunias,
2939 2357 3094 2414 quas
3145 2344 3332 2398 Lucas
3370 2340 3520 2415 ἔργα·

204 2423 397 2494 λαγῆναι,
452 2431 715 2499 χρήματα
772 2423 1221 2498 καταϐαλλομένῳ,
1275 2424 1404 2498 ἅπερ
1461 2425 1486 2475 ὁ
1545 2429 1752 2486 Λουκᾶς

1941 2453 2003 2496 ιν,
2034 2432 2095 2487 id
2127 2437 2232 2498 est,
2273 2447 2516 2502 operam
2568 2430 2712 2488 dixit
2738 2433 2807 2494 9‘,
2837 2431 2980 2503 quia
3009 2437 3333 2501 operantur
3380 2445 3517 2503 qum

202 2513 295 2583 (69)
329 2514 561 2588 ἐργασίαν
593 2513 858 2582 ἰκάλεσεν,
902 2517 972 2576 ὡς
997 2512 1336 2586 έργαζόμενα,
1370 2514 1396 2565 ὅ
1434 2511 1748 2585 βουλόμεθα,

1945 2518 2159 2585 lumus,
2213 2535 2280 2574 ac
2319 2518 2629 2590 perﬁciunt
2683 2517 2850 2591 quod
2888 2524 3192 2588 optamus.
3235 2519 3414 2588 (Nam
3464 2521 3521 2574 et

203 2607 270 2653 ui
303 2601 500 2656 ἀνύοντα
527 2608 586 2656 τό
636 2599 1080 2675 σπουδαζόμενον.
1126 2609 1380 2678 Κρείσσον
1409 2605 1510 2677 γὰρ
1545 2602 1751 2674 ζημιω-

1944 2612 2087 2660 νασία
2112 2608 2189 2664 ab
2219 2607 2510 2682 ἐργάζομαι
2563 2607 2796 2673 dicitur,
2840 2606 2994 2662 sicut
3039 2622 3224 2678 opera
3263 2606 3341 2662 ab
3381 2622 3520 2678 ope-

204 2692 340 2759 θῆναι,
389 2695 417 2751 ἣ
467 2689 817 2751 δικασθῆναι.
865 2693 1158 2764 Ζημιωθεὶς
1211 2695 1302 2763 μεν
1352 2693 1452 2764 γὰρ
1513 2687 1608 2743 διὰ
1657 2695 1750 2749 τὴν

1943 2697 2101 2768 mdo.)
2157 2697 2356 2752 Melius
2411 2701 2499 2752 est
2544 2696 2704 2751 enim
2771 2695 3038 2751 debitum
3087 2695 3209 2750 sive
3263 2693 3519 2751 multam

201 2776 388 2849 ἀγάπην,
427 2786 543 2856 τρία
579 2778 850 2854 κερδανεῖς
897 2780 1168 2852 κάλλιστα,
1217 2783 1274 2832 τὸ
1321 2784 1392 2852 μὴ
1443 2778 1752 2838 έκϐληθῆναι

1943 2785 2383 2858 solvere,quam
2391 2784 2620 2856 judicio
2633 2783 2992 2840 contendere
3012 2801 3025 2850 ;
3048 2783 3332 2839 multatus
3359 2783 3519 2838 enim

278 2870 453 2943 φυλακῇ
503 2871 624 2942 (⁸70)
657 2911 672 2938 ,
726 2874 784 2922 τό
827 2874 899 2942 μὴ
934 2870 1265 2942 ζημιωθῆναι
1313 2872 1375 2922 τὰ
1405 2871 1629 2940 ἔσχατα,
1662 2875 1752 2922 καὶ

1939 2891 1973 2931 a
1998 2876 2260 2931 maxima
2296 2873 2510 2930 referes
2537 2873 2858 2929 commoda
2889 2889 2900 2928 :
2931 2877 3093 2944 puta,
3130 2873 3191 2928 in
3222 2887 3515 2928 carcerem

202 2960 244 3008 τὸ
269 2958 631 3031 καταλλαγῆναι
661 2967 736 3029 τῷ
767 2957 944 3033 ἐχθρῷ
978 2997 990 3009 .
1041 2955 1310 3018 δικασθεὶς
1341 2953 1422 3023 δε,
1466 2962 1591 3031 τρία
1637 2958 1750 3010 τού-

1944 2979 1982 3019 n
2012 2963 2360 3036 projicieris,
2401 2978 2508 3018 nec
2533 2962 2610 3018 ad
2640 2961 2915 3018 ultimum
2960 2977 3148 3034 preme
3193 2965 3293 3017 aut
3325 2961 3520 3017 multm

198 3054 358 3100 ναντίον
400 3050 676 3121 ὑποστήση
729 3051 794 3100 τὰ
846 3049 1074 3100 κάκιστα
1130 3047 1264 3119 (71),
1323 3050 1380 3098 τὸ
1434 3045 1752 3118 ἐμϐληθῆναι

1943 3052 2085 3109 actio
2113 3068 2148 3108 a
2181 3058 2232 3107 te
2265 3051 2381 3118 ﬁet,
2417 3058 2469 3107 et
2487 3051 2728 3108 inimico
2755 3051 3250 3108 reconciliaberis.
3282 3049 3519 3107 Judicio

198 3143 246 3206 τῇ
290 3137 490 3210 φυλακῇ,
543 3142 602 3190 τὸ
656 3133 946 3189 ἀποδοῦναι
984 3139 1070 3189 τὸν
1122 3138 1347 3208 ἔσχατον
1399 3132 1692 3208 κοδράντην
1732 3156 1744 3170 ·

1945 3147 2060 3196 tem
2087 3140 2474 3208 contendens,
2493 3141 2645 3196 triae
2677 3140 2904 3196 diverso
2919 3141 3181 3212 pessima
3196 3138 3521 3195 sustinebis

198 3226 334 3278 ὅντινα
359 3230 576 3298 ἔσχατον
633 3226 818 3279 λεπτὸν
873 3227 1007 3279 εἶπεν
1064 3227 1090 3277 ό
1139 3232 1364 3291 Λουκᾶς,
1395 3228 1632 3277 τουτέστι
1662 3228 1751 3277 καὶ

1943 3229 2280 3286 :ommoda:
2312 3227 2598 3295 videlicet,
2633 3229 2691 3284 in
2725 3244 3024 3284 carcerem
3069 3229 3424 3300 projicieris,
3448 3243 3519 3283 ac

198 3319 241 3365 τό
275 3315 553 3370 λεπτότατον
610 3311 772 3379 εἶδος,
824 3316 892 3366 ὧν
951 3311 1134 3367 δοῦναι
1187 3311 1580 3375 κατεδικάσθης
1611 3329 1630 3345 ο
1661 3316 1751 3366 καὶ

1945 3316 2254 3372 vissimum
2325 3316 2538 3389 perdes
2599 3315 3019 3388 quadrantem,
3087 3330 3268 3387 quem
3328 3315 3520 3370 Lucas

198 3407 352 3473 τρίτον,
380 3409 435 3457 τό
485 3402 628 3478 μηδὲ
684 3405 818 3456 ούτω
876 3403 1280 3476 καταλλαγῆναι.
1314 3402 1466 3464 Εἰκὸς
1510 3405 1632 3474 γὰρ,
1663 3404 1750 3454 τὸν

1945 3409 2233 3460 stremum
2303 3406 2600 3460 minutum
2663 3404 2811 3460 dixit
2870 3405 2938 3469 97,
2999 3403 3113 3458 hoc
3148 3409 3258 3468 est,
3319 3402 3520 3457 minu-

195 3489 415 3546 ἀντίδικον
460 3490 816 3552 ὁπωσδήποτε
863 3495 1222 3568 περιγενέσθαι
1268 3511 1384 3547 σου.
1425 3491 1542 3544 Εἰσὶ
1574 3487 1634 3544 δέ
1670 3510 1749 3542 τι-

1942 3495 2159 3550 simum
2189 3509 2378 3564 genus
2420 3511 2628 3550 eorum
2687 3493 2765 3549 ad
2813 3509 2950 3565 quae
3004 3491 3292 3547 solvenda
3337 3490 3517 3546 fueris

197 3598 255 3640 νες
299 3579 613 3655 ὸαγωγὶκὼς
675 3582 1037 3653 ἑρμηνεύοντες
1090 3584 1154 3634 τά
1220 3582 1463 3656 ῥηθέντα,
1545 3581 1666 3654 ὅπερ
1724 3579 1751 3632 6

1946 3584 2298 3640 ndemnaius
2327 3601 2339 3638 :
2368 3587 2425 3638 et
2454 3583 2711 3646 tertium,
2747 3581 2910 3654 quod
2941 3597 3052 3637 nec
3081 3581 3159 3637 ita
3181 3577 3522 3636 reconcilia-

197 3675 519 3744 Χρυσόστομος
562 3671 688 3742 (72)
730 3673 814 3724 ἐπὶ
861 3677 952 3723 τοῦ
1004 3674 1258 3744 παρόντος
1304 3669 1398 3722 ούκ
1441 3665 1745 3732 ἀπεδέξατο·

1939 3671 2038 3728 ris.
2058 3671 2384 3728 Verisimile
2405 3672 2666 3728 estenim
2693 3671 3108 3728 adversarium
3141 3684 3515 3741 permanere,

194 3766 688 3832 quantumcunque
724 3766 776 3815 te
799 3759 1001 3815 vicerit
1030 3759 1138 3829 (a).
1175 3761 1322 3815 Sunt
1349 3763 1548 3814 autem
1575 3757 1847 3830 quidam,
1870 3761 1973 3835 qui
2007 3777 2078 3818 ea
2103 3777 2239 3834 quae
2279 3762 2436 3818 dicta
2463 3766 2624 3827 sunt,
2661 3760 2991 3832 anagogice
3031 3760 3517 3838 interpretantur,

194 3847 326 3915 quod
352 3849 808 3920 Chrysostomus
840 3848 919 3904 ad
949 3862 1216 3920 praesens
1248 3862 1369 3903 non
1391 3847 1618 3918 recipit.

250 3933 508 3990 Ἠκούσατε
557 3969 629 3979 —
679 3935 726 3989 έν
782 3945 842 4010 τῇ
915 3933 1113 4011 καρδίᾳ
1184 3936 1366 3994 αὐτοῦ.
1425 3940 1525 3990 Καὶ
1572 3935 1622 3988 έν
1675 3944 1748 4008 τῷ

1939 3941 2090 3999 Vers.
2119 3943 2216 3997 27.
2257 3940 2536 3996 Audistis.
2573 3970 2641 3981 —
2665 3939 2734 3995 V.
2753 3942 2842 3995 28.
2873 3940 2931 3994 in
2959 3939 3124 3995 corde
3151 3953 3265 3994 suo.
3289 3940 3352 3994 ln
3382 3937 3515 4008 lege

194 4029 305 4094 νόμῳ
348 4030 468 4097 μετὰ
521 4030 600 4094 τὸ,
671 4026 748 4078 ού
809 4029 1089 4098 φονεύσεις,
1162 4029 1219 4077 τό
1287 4025 1362 4078 Οὐ
1441 4027 1746 4097 μοιχεύσεις

1944 4045 2097 4101 oque
2110 4033 2430 4102 postquam
2457 4029 2684 4084 dictum
2711 4031 2838 4083 est:
2871 4027 3000 4084 Non
3018 4026 3254 4092 occides,
3275 4026 3520 4098 ponitur

193 4119 347 4166 κεῖται.
377 4120 568 4168 Λοιπὸν
598 4115 688 4168 οὖν
735 4114 1030 4187 ἀπαρτίσας
1074 4118 1169 4173 τὴν
1217 4117 1471 4187 προτέραν
1519 4112 1744 4186 ἐντολὴν,

1937 4134 2036 4172 am
2072 4134 2082 4170 :
2125 4119 2255 4174 Non
2312 4119 2625 4174 committas
2665 4117 3040 4173 adulterium.
3095 4118 3294 4171 Restat
3331 4114 3511 4183 igitur

193 4207 263 4253 καὶ
306 4201 380 4254 ἐπὶ
431 4208 523 4264 τήν
578 4204 690 4274 μετ’
754 4203 950 4260 ἐκείνην
1006 4207 1234 4277 πρόεισι,
1285 4209 1375 4255 καὶ
1440 4206 1528 4255 τὸν
1587 4205 1747 4276 θυμὸν

1947 4210 2247 4277 postquan
2269 4207 2429 4278 prius
2451 4204 2705 4277 explevit
2734 4210 3121 4276 praeceptum,
3152 4206 3422 4258 transeat
3439 4199 3519 4256 ad

193 4287 436 4359 ῥυθμίσας,
479 4290 809 4364 παιδαγωγεί
845 4296 934 4344 καὶ
970 4296 1064 4350 τήν
1101 4290 1400 4364 ἐπιθυμίαν.
1435 4290 1634 4366 Ὠσπερ
1689 4288 1747 4346 δε

1937 4309 2149 4366 quens;
2175 4299 2231 4349 et
2271 4300 2590 4365 postquam
2650 4294 2801 4349 iram
2833 4292 3104 4354 correxit,
3147 4290 3326 4345 etiam
3371 4303 3513 4344 con-

194 4372 260 4428 ἐπὶ
289 4388 370 4441 τῆς
397 4388 646 4456 προτέρας
687 4380 913 4446 ἐντολῆς,
958 4383 1207 4454 προσθεὶς
1235 4384 1296 4434 τὸ
1326 4380 1461 4448 εἰκῆ,
1496 4377 1747 4435 διέστειλε

1942 4381 2288 4459 piscentiam
2331 4382 2694 4438 moderetur.
2756 4379 2918 4435 Sicut
2972 4385 3174 4436 autem
3219 4377 3280 4433 in
3330 4372 3518 4450 priori

253 4554 440 4614 "Luc.
479 4574 575 4628 ιιι,
616 4563 710 4618 58.
795 4561 845 4596 ³⁷
865 4558 1004 4618 ibid.
1042 4559 1130 4617 59.

1371 4738 1596 4809 Variae
1620 4740 1948 4811 lectiones
1973 4747 2038 4810 et
2073 4752 2274 4811 noue.

254 4936 346 5019 (ἕξ)
381 4937 624 5019 Inclusa,
643 4939 716 5019 fin
748 4938 1023 5012 margine
1053 4937 1229 4996 habet
1258 4936 1452 4996 Codex
1483 4941 1746 5010 uterque.
1932 4937 2048 5019 (ea)
2079 4940 2159 5019 ᾷτι
2185 4937 2268 4990 ἐὰν
2291 4941 2401 5019 *καί

388 5005 619 5083 εὐνομεῖτο⁷
635 5018 690 5065 Β.
809 5081 851 5083 __
887 5005 918 5012 ⁷
1038 5081 1046 5083 Α
1370 5081 1378 5083 _
1578 5079 1593 5083 ,
1689 5079 1722 5083 -_

1370 5081 1378 5083 _
1578 5079 1593 5083 Α
1689 5079 1722 5083 μ
1932 5005 2043 5083 (69)
2075 5011 2101 5063 ὁ
2133 5007 2598 5083 Λουκᾶςηρῐηίαίι
2625 5008 2690 5083 Α..

256 5076 350 5154 (67)
389 5085 466 5137 Ita
494 5076 743 5155 'quoque
808 5081 1126 5155 Hentenius
1189 5081 1426 5155 reperit.
1478 5078 1754 5155 Reddidit

1935 5076 2141 5155 (70)_ln
2171 5086 2333 5138 textu
2357 5079 2618 5154 βληθῆναι
2640 5080 2708 5144 εἰς
2727 5078 2978 5152 φυλακήν.
3003 5077 3168 5136 Certe
3191 5076 3511 5150 έμϐληθῆναι

200 5151 330 5235 enim
357 5151 704 5235 concedenti.
763 5155 884 5235 Hoc
924 5151 1319 5235 ideo_monui,
1348 5168 1424 5209 ne
1449 5153 1584 5235 quis
1610 5170 1751 5235 προ·
1857 5151 2206 5235 legendum,
2245 5159 2308 5235 ut
2345 5151 2505 5208 mox.

381 5227 459 5276 ἐπὶ
481 5228 546 5277 τὰ
563 5225 692 5309 καλά
709 5225 840 5309 conj
849 5227 1044 5309 i_oeret.
1068 5225 1390 5301 Ἐπιτρέπειν
1411 5223 1554 5281 alibi
1574 5223 1752 5282 etiam

1033 5265 1044 5280 .
1068 5225 1390 5301 Ἐπιτρέπειν
1411 5223 1554 5281 alibi
1574 5223 1752 5282 etiam
1933 5224 2048 5309 1)
2072 5227 2270 5309 ύποστὴ
2280 5223 2609 5309 ςπ.κακάΑᾼᾹ

200 5282 351 5348 Ηιὼοι
370 5310 464 5366 pro
488 5298 747 5363 suadere,
770 5282 1006 5366 jubere.
1221 5282 1232 5301 ⁸
1933 5282 2045 5367 (725
2075 5299 2243 5352 Tom.
2280 5282 2395 5358 VII,
2424 5309 2483 5367 p.
2512 5293 2616 5349 219
2644 5291 2712 5351 C.

1931 4937 1951 5154 Ξ

1956 4941 2021 4995 68
2079 4940 2158 4992 ὄτι
2185 4937 2268 4990 ἐὰν
2310 4941 2401 4991 καί
2429 4941 2494 4993 Α.

1956 5014 2020 5066 69
2075 5011 2101 5063 ὁ
2133 5016 2362 5076 Λουκᾶς,
2391 5008 2494 5065 orni

1956 4940 2141 5154 70iln
2171 5086 2333 5138 textu
2357 5079 2494 5154 βληθ

262 5449 970 5520 (ο)νενίείηιίιε-υίσρνίε.
1005 5455 1327 5510 Hentenius
1358 5455 1437 5511 ita
1472 5453 1750 5518 reddidit,
1859 5453 2127 5523 ineptum
2172 5459 2278 5518 est,
2313 5457 2513 5509 tamen
2539 5451 2704 5510 nulla
2731 5452 2900 5510 adest
2929 5465 3112 5509 causa
3154 5449 3372 5508 idonea
3400 5459 3510 5505 cur

205 5534 262 5598 ac
292 5524 657 5600 ssi-repererit,
715 5527 844 5587 εἰκός
890 5530 991 5600 γὰρ
1048 5523 1314 5579 ἀντίδικον
1369 5523 1628 5600 διαμένειν
1661 5528 1752 5577 καὶ

1451 5531 1628 5600 ιμένειν
1661 5528 1752 5577 καὶ
1862 5524 2031 5579 lectio
2057 5540 2325 5580 meorum
2357 5524 2633 5581 codicum
2665 5523 3027 5582 sollicitetur.

206 5591 514 5654 ὁπωσδηπότι
573 5591 972 5674 περιγενόμενόν’
1018 5617 1138 5656 σου.
1215 5598 1388 5664 Quod
1452 5591 1558 5654 étsi
1626 5610 1752 5654 non
