3990 6206
435 304 539 365 215
1789 297 2133 357 EUTHYMII
2168 293 2498 353 ZIGABENI
3690 284 3802 342 216

435 433 738 506 praecepto
794 426 1043 497 addens,
1094 434 1326 495 temere,
1373 429 1635 486 distinxit
1669 429 1822 485 iram
1872 442 2091 500 oppor-

2219 427 2293 482 ’ἠν
2344 423 2579 496 εὔκαιρον
2633 418 2792 492 ὀργὴν
2842 415 2943 471 ἀπὸ
2996 422 3091 478 τῆς
3143 413 3359 488 ἀκαίρου
3395 430 3407 446 ·
3442 412 3576 465 οὕτω
3605 409 3673 470 δὴ
3705 416 3805 464 καὶ

436 528 645 580 tunam
667 520 737 577 ab
760 520 1205 592 intempestiva;
1232 522 1313 577 ita
1342 524 1398 576 et
1426 521 1484 575 in
1516 519 1790 592 praesenti
1848 517 2090 583 addens,

436 612 517 670 ad
530 611 1082 679 concupiscendum,
1099 610 1691 681 distinxitaspectum
1712 608 1834 663 sine
1858 606 2091 670 aﬂ‘ectu,

439 697 517 754 ab
548 712 618 752 eo
648 696 747 766 qui
769 696 907 751 vitio
930 695 1201 751 afﬁcitur.
1239 698 1435 767 Neque
1458 694 1617 749 enim
1642 692 1985 765 simpliciter
2011 690 2096 746 di-

437 787 542 848 xit,
575 786 676 857 qui
706 785 857 840 videt
896 801 908 839 :
943 784 1067 849 sed,
1110 785 1209 854 qui
1243 783 1394 839 videt
1435 784 1516 839 ad
1556 781 2093 852 concupiscendum,

437 874 553 930 hoc
580 874 787 944 estqui
816 873 1051 929 curiose
1076 873 1255 939 videt,
1284 877 1337 927 et
1362 888 1497 928 cum
1529 869 2091 941 animiaegritudine,

439 964 611 1037 quasi
661 962 882 1018 coitum
927 961 1437 1033 concupiscendo:
1474 961 1608 1017 talis
1641 960 1801 1015 enim
1837 960 1963 1029 jam
1996 973 2097 1013 cor

442 1068 621 1108 suum
650 1051 833 1107 animi
865 1050 1174 1106 affectione
1208 1050 1491 1122 implevit,
1513 1050 1765 1122 ideoque
1798 1048 2097 1104 voluntate

439 1140 797 1199 adulterium
830 1139 1146 1195 commisit.
1176 1139 1301 1207 Vel,
1327 1138 1430 1211 qui
1462 1139 1534 1193 ad
1557 1138 1668 1194 hoc
1690 1138 1845 1193 videt
1874 1142 1935 1192 ut
1966 1152 2100 1191 con-

441 1230 728 1302 cupiscat.
782 1232 888 1284 Iste
922 1244 1139 1300 nempe
1171 1227 1547 1283 aﬁ‘ectionum
1589 1226 2095 1299 perturbationem

440 1318 735 1391 quaesivit,
764 1322 817 1373 et
843 1316 920 1373 ad
947 1316 1489 1387 concupiscentiam
1520 1315 1855 1385 transfugit,
1884 1332 1952 1370 ac
1980 1316 2095 1368 sei-

440 1424 620 1482 psum
655 1406 838 1463 animi
873 1404 1306 1477 perturbationi
1328 1404 1585 1461 tradidit.
1610 1405 1823 1471 Quodsi
1850 1418 2097 1475 corpore

441 1496 681 1553 alterius
733 1510 979 1549 uxorem
1012 1509 1134 1550 non
1185 1492 1390 1563 tetigit,
1423 1497 1481 1549 at
1523 1494 1732 1549 saltem
1770 1492 2093 1548 voluntate.

444 1584 554 1650 Qui
593 1586 793 1639 autem
825 1582 884 1636 in
917 1581 1165 1637 transitu
1199 1581 1375 1647 videt,
1410 1585 1512 1637 aut
1546 1581 1659 1637 alia
1690 1581 1967 1654 quapiam
2001 1596 2098 1635 ne-

442 1672 737 1735 cessitate,
770 1669 1017 1725 crimine
1046 1673 1230 1727 vacat.
1266 1669 1556 1725 Mulierem
1599 1686 1739 1726 vero
1779 1670 1941 1737 dixit,
1978 1670 2097 1725 sive

2202 513 2284 566 ἐπὶ
2318 520 2406 572 τῆς
2435 512 2721 585 παρούσης,
2769 511 2826 560 τό
2875 508 3006 580 πρὸς
3051 509 3110 558 τὸ
3167 504 3490 575 ἐπιθυμῆσαι
3529 504 3803 574 προσθεὶς,

2204 600 2452 655 διέστειλε
2497 605 2591 659 τὴν
2657 597 2831 657 ἀπαθῆ
2894 596 3012 667 ὄψιν
3059 594 3179 653 ιῖιπὸ¹
3211 603 3303 655 τῆς
3356 591 3635 664 ἐμπαθοῦς.
3686 588 3806 641 Οὐκ

2204 689 2311 744 εἷπε
2372 693 2497 765 γάρ,
2561 690 2640 740 ὅτι
2707 689 2733 738 ὁ
2793 685 2993 759 βλέπων
3069 682 3256 749 ἁπλῶς,
3318 680 3426 732 ἀλλ’
3497 682 3522 731 ὁ
3596 678 3801 751 βλέπων

2202 784 2330 855 πρὸς
2382 784 2440 832 τὸ
2512 776 2856 850 ἐπιθυμῆσαι,
2905 778 3188 843 τουτέστιν,
3248 773 3273 824 ὁ
3341 770 3540 844 βλέπων
3596 772 3801 843 περιέρ-

2203 889 2327 939 γως,
2371 869 2395 919 ό
2442 865 2643 941 βλέπων
2672 865 2933 939 ἐμπαθῶς,
2964 866 3096 916 ὥστε
3140 862 3465 932 ἐπιθυμῆσαι
3494 862 3801 918 συνουσίας.

2202 956 2259 1008 Ὀ
2292 963 2525 1017 τοιοῦτος
2574 958 2674 1029 γὰρ
2712 953 2818 1014 ἤδη
2865 961 2957 1006 τοῦ
3001 955 3196 1013 πάθους
3245 950 3489 1008 ἐνέπλησε
3526 953 3619 1006 τὴν
3671 966 3803 1020 καρ-

2207 1042 2326 1099 δίαν
2386 1046 2591 1109 ἑαυτοῦ,
2639 1050 2727 1097 καὶ
2774 1044 2951 1096 λοιπόν
3012 1051 3072 1116 τῇ
3130 1044 3431 1115 προαιρέσει
3469 1038 3800 1111 ἐμοίχευσεν.

2205 1134 2294 1201 Ἦ,
2329 1136 2355 1187 ὁ
2388 1132 2482 1187 διὰ
2510 1141 2661 1186 τοῦτο
2703 1132 2926 1206 βλέπων,
2979 1133 3062 1185 ἵνα
3109 1130 3427 1202 ἐπιθυμήσῃ.
3468 1127 3525 1179 Ὀ
3569 1132 3803 1187 τοιοῦτος

2203 1227 2305 1297 γὰρ
2360 1223 2580 1284 ἐζήτησε
2631 1227 2689 1275 τό
2741 1224 2927 1285 πάθος,
2984 1226 3072 1273 καὶ
3135 1218 3463 1291 ηὐτομόλησε
3518 1219 3646 1290 πρὸς
3706 1219 3805 1271 την

2206 1311 2503 1384 ἐπιθυμίαν,
2564 1316 2655 1364 καὶ
2703 1308 3033 1386 προδέδωκεν
3067 1309 3244 1363 ἑαυτὸν
3284 1316 3355 1378 τῷ
3404 1309 3576 1373 πάθει,
3625 1308 3713 1356 καὶ
3763 1302 3811 1355 εἰ

2205 1405 2394 1475 καὶμὴ
2455 1408 2527 1472 τῷ
2586 1406 2790 1473 σώματι
2822 1398 2991 1471 ἥψατο
3036 1407 3131 1460 τῆς
3172 1400 3435 1470 γυναικός,
3466 1394 3595 1447 ἀλλὰ
3634 1414 3693 1465 γε

2204 1495 2524 1566 προαιρέσει.
2557 1491 2613 1543 Ὀ
2656 1487 2713 1543 δὲ
2740 1492 2874 1542 κατά
2916 1486 3146 1565 πάροδον
3176 1488 3396 1561 βλέπων,
3430 1487 3459 1544 ἢ
3510 1486 3643 1537 κατά
3688 1503 3815 1535 τινα

2204 1585 2389 1654 χρείαν
2421 1580 2599 1647 ἄλλην,
2656 1578 2981 1651 ἀνέγκλητος.
3018 1584 3243 1630 Γυναῖκα
3289 1573 3347 1628 δὲ
3391 1583 3478 1626 νῦν
3526 1574 3680 1645 λέγει,
3715 1578 3814 1625 καὶ

2204 1674 2298 1729 τὴν
2334 1670 2642 1742 ἐζευγμένην
2676 1665 2849 1742 ἀνδρὶ,
2877 1673 2966 1721 καὶ
2991 1671 3085 1726 τὴν
3136 1664 3531 1737 απολελυμένην,
3562 1667 3652 1715 καὶ
3713 1666 3812 1721 τὴν

440 1764 567 1818 viro
620 1760 1026 1832 conjunctam,
1079 1757 1204 1815 sive
1248 1757 1325 1815 ab
1374 1774 1444 1815 eo
1477 1758 1754 1825 solutam,
1811 1759 1933 1814 sive
1980 1759 2099 1814 vir-

2219 1760 2479 1835 mpOévov.

443 1866 663 1924 ginem.

518 1940 674 1998 Scire
700 1942 900 1995 autem
928 1940 1160 2011 oportet
1180 1936 1527 2009 hujusmodi
1551 1944 1863 2010 praecepta,
1890 1937 1994 1993 etsi
2020 1937 2099 1993 ad

442 2033 606 2089 viros
638 2029 813 2099 dirigi
843 2029 1138 2093 videntur,
1173 2027 1449 2083 mulieres
1496 2044 1738 2100 quoque
1786 2028 2096 2100 respicere.

445 2120 754 2195 Siquidem
785 2119 873 2174 vir
899 2122 1077 2190 caput
1124 2122 1217 2173 est
1257 2116 1523 2173 mulieris
1554 2117 1619 2183 ⁸⁸,
1676 2122 1854 2188 caput
1900 2121 2098 2172 autem

446 2216 503 2268 et
551 2208 826 2265 membra
882 2208 1048 2263 unita
1112 2211 1267 2261 sunt.
1326 2206 1621 2263 Prohibuit
1683 2222 1820 2275 ergo
1896 2220 2100 2277 aspec-

446 2308 572 2355 tum
611 2298 944 2362 curiosum;
980 2312 1017 2353 a
1058 2296 1157 2352 tali
1210 2295 1372 2351 enim
1430 2295 1662 2351 affectio
1720 2295 1796 2351 ad
1837 2312 1939 2351 cor
1997 2295 2102 2350 de-

445 2388 611 2445 ﬂuit:
658 2386 823 2459 quod
874 2385 971 2441 ubi
1029 2388 1293 2454 aegrotat,
1340 2384 1599 2440 incendit
1659 2388 1715 2440 et
1766 2401 1977 2455 corpus
2025 2384 2101 2439 ad

447 2475 690 2532 coitum.
726 2474 929 2546 Itaque
946 2472 1205 2529 radicem
1230 2472 1499 2538 abscidit,
1524 2489 1597 2528 ne
1624 2473 1915 2545 producto
1933 2488 2103 2529 ramo

446 2565 708 2621 fructum
738 2578 976 2635 quoque
1007 2563 1283 2634 proferat.

519 2654 685 2709 Vers.
741 2654 829 2708 29.
876 2652 941 2708 Si
978 2682 1046 2693 —
1086 2652 1173 2708 30.
1228 2653 1388 2707 Vers.
1448 2653 1791 2723 gehennam,
1852 2655 1977 2708 Non
2029 2651 2104 2707 de

451 2743 719 2817 corporis
749 2742 1035 2799 membris
1056 2741 1349 2813 loquitur;
1379 2741 1480 2797 illa
1505 2743 1660 2797 enim
1676 2742 1851 2814 culpa
1872 2747 2097 2797 vacant.

452 2836 595 2890 Nam
626 2831 892 2903 corporis
922 2830 1193 2885 membra
1210 2829 1288 2885 ab
1314 2830 1517 2885 anima
1534 2831 1852 2897 ducuntur,
1885 2835 1941 2886 et
1962 2846 2107 2901 quo-

454 2918 1056 2992 cunqueillajusserit
1074 2920 1402 2971 moventur.
1431 2917 1540 2972 Sed
1574 2918 1845 2973 dextrum
1862 2916 2105 2990 quidem

454 3007 697 3064 oculum
738 3010 917 3061 vocat
947 3004 1230 3061 idoneum
1265 3006 1546 3070 amicum,
1593 3007 1696 3078 qui
1740 3006 1923 3061 instar
1952 3006 2106 3061 oculi

2277 1958 2392 2030 Χρή
2447 1951 2505 2007 δὲ
2552 1959 2843 2027 γινώσκειν,
2875 1953 2956 2006 ὅτι
3003 1954 3069 2006 τὰ
3116 1958 3336 2004 τοιαῦτα
3377 1949 3813 2026 παραγγέλματα,

2210 2045 2253 2098 εἰ
2304 2049 2393 2096 καὶ
2445 2046 2577 2116 πρὸς
2614 2039 2813 2115 ἄνδρας
2853 2040 3212 2095 ἀποτείνεσθαι
3263 2036 3530 2106 δοκοῦσιν,
3588 2038 3716 2090 ἀλλά
3750 2058 3819 2110 γε

2206 2139 2295 2186 καὶ
2324 2136 2455 2206 πρὸς
2482 2141 2730 2204 γυναῖκας
2776 2133 2983 2206 ὁρῶσιν.
3033 2132 3090 2186 Ὁ
3135 2133 3236 2204 γὰρ
3287 2129 3414 2202 ἀνὴρ
3468 2128 3655 2201 κεφαλὴ
3715 2136 3823 2190 τῆς

2207 2226 2451 2294 γυναικός
2495 2221 2607 2274 ἐστι
2636 2237 2649 2251 ’
2683 2228 2744 2294 τῇ
2780 2218 2837 2273 δὲ
2887 2219 3077 2295 κεφαλῇ
3136 2224 3226 2271 καὶ
3263 2220 3328 2272 τὰ
3379 2217 3505 2290 μέλη
3562 2221 3817 2277 ἡνωνται.

2208 2311 2454 2365 Ἐκόλασε
2483 2316 2651 2363 τοίνυν
2697 2315 2789 2368 τὴν
2820 2314 3087 2384 περίεργον
3136 2310 3271 2374 θέαν,
3333 2304 3469 2359 διότι
3523 2311 3576 2359 ἐκ
3612 2310 3823 2367 ταύτης

2210 2400 2455 2475 καταῤῥεί
2480 2402 2641 2460 πάθος
2672 2399 2755 2452 ἐπὶ
2802 2403 2896 2457 τὴν
2947 2394 3172 2470 καρδίαν
3206 2414 3218 2426 ’
3252 2397 3383 2455 αὕτη
3437 2392 3495 2448 δὲ
3544 2398 3818 2465 παθοῦσα,

2211 2489 2486 2564 παροξύνει
2529 2491 2585 2541 τὸ
2634 2496 2787 2561 σῶμα
2832 2490 2959 2561 πρὸς
3013 2490 3314 2542 συνουσίαν.
3373 2484 3669 2560 Προανεῐλεν
3725 2484 3823 2537 οὖν

2212 2584 2305 2638 τὴν
2333 2580 2505 2653 ῥίζαν,
2550 2579 2632 2630 ἱνα
2656 2582 2726 2650 μὴ
2757 2573 2948 2639 κλάδος
2976 2582 3119 2649 φυεὶς
3146 2574 3320 2648 ἐνέγκῃ
3351 2579 3566 2650 καρπόν.

2282 2668 2344 2721 Εἰ
2396 2664 2454 2719 δὲ
2508 2697 2577 2706 —
2631 2670 2855 2738 γέενναν.
2912 2666 2989 2723 Οὐ
3051 2669 3170 2740 περὶ
3226 2664 3388 2737 μελῶν
3438 2668 3672 2737 σώματος
3723 2684 3828 2736 φη-

2217 2777 2298 2810 σιν
2326 2773 2337 2786 ·
2373 2755 2660 2827 ἀνέγκλητα
2705 2757 2806 2830 γὰρ
2857 2756 2924 2807 τὰ
2952 2754 3077 2828 μέλη
3110 2761 3201 2807 τοῦ
3257 2759 3498 2825 σώματος
3523 2770 3535 2782 ·
3566 2753 3667 2804 ὑπὸ
3711 2756 3825 2827 γὰρ

2213 2854 2304 2906 τῆς
2333 2845 2519 2917 ψυχῆς
2549 2846 2785 2915 ἄγονται,
2817 2848 2905 2896 καὶ
2946 2846 3072 2917 πρὸς
3120 2843 3146 2895 ὃ
3195 2842 3253 2895 ἂν
3298 2844 3429 2901 αῦτη
3476 2841 3689 2914 κελεύσῃ
3739 2862 3833 2893 κιο

2215 2943 2423 2987 νοῡνται
2456 2951 2467 2963 ·
2512 2932 2618 2985 ἀλλ’
2651 2931 2910 3006 ὀφθαλμὸν
2962 2935 3051 3004 μὲν
3106 2928 3275 2994 δεξιὸν
3325 2931 3471 2984 καλεῖ
3516 2935 3602 2983 τὸν
3658 2926 3830 2989 δίκην

2219 3024 2483 3096 ὀφθαλμοῦ
2523 3027 2858 3096 στεργόμενον
2900 3018 3069 3085 δεξιὸν
3100 3021 3243 3094 φίλον
3273 3038 3285 3050 ⁶
3311 3028 3471 3093 χεῖρα
3513 3017 3570 3072 δὲ
3616 3016 3832 3090 δεξιὰν,

455 3101 728 3155 amatur:
754 3110 1005 3152 manum
1036 3099 1236 3151 autem
1258 3095 1549 3164 dextram,
1584 3096 1919 3152 ministrum
1948 3112 2104 3151 com-

769 3184 939 3204 ,μ
978 3183 1218 3204 “ut”-
1262 3200 1466 3204 μμ---

2219 3095 2304 3164 τόν
2338 3108 2492 3170 δίκην
2522 3114 2703 3186 χειρὸς
2747 3114 3144 3185 χρησιμεύοντα
3191 3106 3358 3173 δεξιόν
3414 3111 3697 3183 ὑπηρέτην,
3730 3114 3835 3162 καὶ

454 3186 730 3252 modum,
762 3184 863 3258 qui
887 3184 947 3240 in
977 3183 1225 3239 modum
1259 3200 1476 3240 manus
1505 3184 1659 3240 utilis
1705 3190 1808 3252 est,
1842 3185 1962 3241 sive
2001 3185 2109 3240 viri

455 3276 592 3340 sint,
648 3274 766 3330 sive
818 3272 1117 3329 mulieres.
1181 3274 1330 3329 Dicit
1387 3273 1606 3344 igitur:
1650 3275 1705 3329 Si
1738 3275 1796 3329 hi
1845 3274 1949 3330 tibi
1993 3274 2111 3329 fue-

453 3364 574 3420 rint
602 3362 978 3428 offendiculo,
1013 3360 1275 3434 aliquam
1306 3361 1617 3419 afferentes
1646 3365 1855 3419 mentis
1887 3369 2111 3435 pertur-

454 3453 783 3518 bationem,
818 3468 927 3508 nec
954 3451 1036 3507 eis
1065 3467 1293 3523 parcas,
1326 3452 1431 3508 sed
1460 3458 1709 3524 amputa
1738 3454 1902 3524 ipsos
1934 3453 2112 3509 omni-

458 3558 589 3614 quze
627 3541 910 3597 adversus
940 3546 996 3595 te
1032 3544 1120 3596 est
1149 3540 1481 3609 affectione,
1524 3547 1580 3597 et
1624 3543 1839 3613 projice
1888 3542 1997 3597 abs
2032 3548 2107 3598 te.

458 3634 659 3703 Neque
671 3629 1908 3700 dixit,Percute,sedAmputa,manifestans
1923 3631 2113 3687 omni-

459 3719 707 3775 modam
722 3717 1170 3789 separationem.
1191 3719 1397 3774 Diceus
1410 3735 1649 3791 quoque
1672 3722 1975 3788 :Amputa,
1991 3736 2112 3776 non

460 3808 543 3864 ibi
569 3806 922 3879 permansit;
947 3808 1049 3862 sed
1074 3807 1313 3862 ulterius
1337 3823 1673 3863 sermonem
1703 3809 1981 3877 extendit,
2012 3810 2114 3865 ad-

460 3898 610 3954 dens
634 3912 647 3952 :
668 3897 745 3952 Et
764 3896 993 3967 projice
1018 3896 1120 3953 abs
1153 3902 1222 3962 te,
1251 3912 1327 3952 ne
1380 3897 1441 3952 in
1473 3896 1745 3969 proximo
1800 3914 2113 3954 remanens

461 3988 565 4045 ﬁat
594 4002 803 4043 rursus
827 3984 1152 4043 familiaris.
1187 3984 1331 4053 Quia
1358 3989 1557 4041 autem
1580 4002 1705 4041 rem
1737 3987 1951 4043 duram
1968 4003 2114 4059 pra:-

462 4079 719 4149 ceperat,
759 4074 994 4131 lucrum
1022 4073 1081 4129 in
1119 4078 1427 4146 posterum
1471 4074 1899 4132 demonstravit
1923 4076 2000 4132 ab
2044 4093 2113 4133 eo

462 4165 631 4239 quod
659 4164 797 4221 utile
828 4168 933 4219 est.

532 4255 698 4313 Vers.
738 4254 827 4309 31.
859 4252 1088 4309 Dictum
1106 4254 1187 4308 est
1228 4258 1423 4310 autem
1453 4284 1522 4295 —
1554 4254 1613 4310 V.
1646 4255 1732 4309 32.
1764 4255 2115 4314 adulterium

464 4343 784 4403 committit.
798 4345 942 4399 Ecce
973 4345 1028 4398 et
1054 4340 1221 4399 aliud
1235 4341 1505 4398 adulterii
1520 4358 1709 4414 genus
1723 4344 2112 4402 demonstrat.

461 4434 715 4491 Jubebat
732 4430 890 4489 enim
914 4431 1005 4487 lex
1033 4435 1226 4497 vetus,
1247 4436 1306 4487 ut
1329 4432 1871 4505 quomodocunque
1889 4434 2118 4490 odisset

463 4522 757 4593 quispiam
788 4536 1037 4576 uxorem
1066 4521 1393 4593 propriam,
1427 4536 1501 4577 ne
1531 4538 1664 4578 eam
1695 4523 1983 4590 retineret,
2014 4525 2116 4580 sed

464 4609 601 4663 dato
619 4608 736 4681 ipsi
766 4608 959 4663 libello
989 4609 1246 4679 repudii,
1278 4610 1614 4666 dimitteret.
1640 4611 1891 4667 Juliebat
1916 4620 2114 4668 autem

464 4696 717 4766 abjicere
748 4696 871 4751 sive
900 4697 1235 4766 repudiare,
1278 4714 1351 4754 ne
1377 4700 1712 4756 occiderent
1750 4716 1883 4756 eam
1917 4720 1929 4770 ;
1964 4719 2115 4774 aegre

463 4785 623 4842 enim
653 4784 1191 4840 reconciliabantur
1211 4785 1418 4853 Judzei,
1444 4805 1564 4843 non
1603 4791 1781 4845 modo
1812 4806 1953 4861 erga
1976 4808 2115 4847 uxo-

461 4890 577 4939 res,
597 4873 703 4930 sed
733 4874 913 4929 etiam
937 4888 1078 4943 erga
1107 4873 1280 4931 filios.
1310 4876 1473 4932 Unde
1500 4882 1555 4932 et
1579 4878 1841 4934 Christus
1864 4880 2116 4951 quadra-

461 4963 688 5034 gesimo
741 4961 932 5033 capite
1006 4960 1155 5018 dixit
1210 4978 1314 5019 eos
1350 4981 1361 5020 :
1394 4966 1613 5037 Moyses
1657 4974 1900 5037 propter
1951 4969 2117 5024 duri-

461 5053 606 5110 tiam
635 5049 816 5108 cordis
875 5050 1049 5107 vestri
1071 5053 1340 5121 permisit
1403 5054 1555 5111 vobis
1611 5056 1927 5125 repudiare
1980 5074 2117 5115 uxo-

460 5157 549 5197 res
605 5144 826 5197 vestras
874 5142 942 5195 9°.
991 5140 1176 5197 Jussit
1237 5146 1436 5199 autem
1492 5144 1634 5200 dare
1692 5145 1952 5202 libellum
2030 5164 2116 5203 re-

460 5229 649 5303 pudii,
679 5245 754 5286 ne
780 5235 989 5303 postea
1019 5230 1183 5286 alteri
1226 5232 1357 5303 jam
1407 5238 1658 5305 nuptam
1708 5234 1855 5300 viro,
1916 5241 2117 5307 posset

531 5357 578 5393 9°
610 5355 821 5429 Ephes.
865 5374 918 5427 v,
953 5359 1041 5412 23.
1120 5357 1167 5392 ’9
1200 5357 1398 5414 Matth.
1427 5375 1543 5423 nx,
1579 5364 1630 5416 8.

2220 3203 2318 3253 εἴτε
2373 3198 2559 3273 ἄνδρες
2631 3196 2748 3264 εἷεν,
2808 3202 2907 3253 εἶτε
2968 3206 3223 3271 γυναῖκες.
3274 3204 3427 3271 Λέγει
3494 3203 3687 3265 τοίνυν,
3740 3201 3833 3251 ὅτι

2222 3290 2336 3342 Ἐὰν
2384 3291 2432 3341 οἱ
2474 3296 2701 3341 τοιοῦτοι
2761 3285 3155 3349 σκανδαλίζωσί
3209 3307 3265 3341 σε
3314 3291 3443 3362 πρὸς
3493 3286 3787 3360 ἐμπάθιιαν
3820 3332 3837 3357 ,

2219 3375 2358 3450 μηδὶ
2385 3380 2577 3431 τούτων
2607 3382 2757 3450 φείσῃ
2796 3395 2807 3407 ·
2857 3376 2961 3429 ἀλλ’
2994 3377 3211 3449 ἔκκοψον
3243 3377 3429 3438 αὐτοὺς
3471 3385 3563 3439 τῆς
3594 3381 3722 3451 πρὸς
3777 3382 3840 3429 σὲ

2224 3471 2478 3539 σχέσεως,
2509 3471 2597 3519 καὶ
2641 3466 2797 3541 ῥίψον
2837 3466 3011 3542 πόρῥω
3044 3486 3159 3519 σου.
3208 3472 3307 3520 Καὶ
3337 3466 3430 3518 οὐκ
3462 3466 3594 3533 εἷπε,
3623 3466 3838 3536 Κόψον,

2222 3556 2351 3622 ἀλλ’,
2421 3556 2699 3628 ’Ἑκκοψον⁹
2756 3560 2849 3614 τὴν
2920 3555 3137 3614 παντελῆ
3212 3552 3477 3619 διάζευξιν
3556 3555 3833 3627 ἐμφήνας,

2225 3649 2324 3697 Καὶ
2381 3644 2553 3714 εἰπὼν,
2604 3644 2882 3717 Ἔλικοψον,
2934 3644 3028 3697 οὐκ
3074 3647 3194 3703 ἔστη
3254 3649 3417 3717 μέχρι
3467 3646 3673 3711 τούτου,
3716 3643 3844 3697 ἀλλ’

2222 3732 2439 3786 ἐπέτεινε
2468 3737 2554 3785 τὸν
2584 3733 2748 3805 λόγον,
2801 3736 3046 3808 προσθεὶς
3093 3737 3172 3798 τό,
3234 3738 3335 3787 Καὶ
3369 3732 3495 3806 βάλε
3547 3731 3649 3785 ἀπό
3704 3742 3844 3799 σοῦ,

2224 3823 2306 3874 ἶνα
2348 3826 2418 3894 μὴ
2462 3821 2686 3880 πλησίον
2722 3824 2999 3894 τυγχάνων
3048 3824 3197 3886 αὖθις
3257 3823 3523 3894 οὶκειωθῇ,
3576 3822 3717 3875 Ἐπεὶ
3778 3820 3848 3875 δὲ

2224 3909 2492 3983 ἀποτόμως
2522 3910 2800 3977 ἐκέλευσεν,
2840 3908 3004 3975 ἔδειξε
3040 3911 3215 3965 λοιπόν
3245 3915 3302 3964 τὸ
3348 3913 3571 3965 ἐντεῦθεν
3611 3908 3756 3987 κέρδ
3758 3932 3845 3977 ος,

2223 3998 2323 4052 ἀπὸ
2354 4006 2445 4053 τοῦ
2481 4004 2851 4074 συμφέροντος.

2296 4258 2505 4335 Ἐρρέθη
2562 4254 2621 4310 δε
2676 4288 2743 4298 -
2793 4263 3079 4331 μοιχᾶται.
3129 4254 3272 4311 Ἰδοὺ
3320 4262 3409 4310 καὶ
3466 4259 3635 4333 ἕτερον
3690 4257 3859 4324 εἶδος

2224 4353 2470 4422 μοιχείας
2524 4344 2779 4403 δείκνυσι.
2832 4352 3006 4420 Νόμος
3056 4350 3158 4421 γάρ
3217 4348 3277 4405 ἧν
3328 4347 3550 4410 παλαιὸς
3610 4348 3862 4402 κελεύων

2225 4440 2311 4488 τόν
2368 4432 2715 4493 ὁπωσδήποτε
2756 4443 3015 4507 μισοῦντα
3077 4440 3170 4495 τὴν
3240 4433 3377 4488 ἰδίαν
3444 4442 3689 4507 γυναῖκα,
3767 4444 3856 4510 μή

2226 4530 2489 4597 κατέχειν,
2522 4524 2626 4575 ἀλλ’
2657 4524 2912 4578 ἐκϐάλλειν
2959 4525 3143 4594 αὐτὴν,
3196 4523 3356 4579 δόντα
3409 4525 3539 4597 αὐτῇ
3599 4523 3868 4579 ἀποστά-

2230 4635 2361 4679 σιον,
2420 4616 2445 4667 ὅ
2503 4616 2637 4667 ἐστιν
2690 4604 2944 4688 ἔγγραφον
3009 4614 3303 4675 ἀπολύσεως
3349 4656 3363 4683 ,
3422 4616 3512 4666 καὶ
3571 4612 3867 4671 ἐκϐάλλειν

2226 4708 2314 4777 μὲν
2376 4704 2557 4769 αὐτὴν,
2615 4703 2696 4755 ἵνα
2761 4708 2831 4775 μή
2889 4706 3031 4776 φόνος
3090 4707 3321 4775 γένηται.
3372 4702 3869 4761 Δυσκατάλλακτοι

2225 4797 2325 4865 γὰρ
2389 4794 2521 4851 ἦσαν
2574 4788 2845 4856 Ἰουδαῖοι,
2904 4793 2961 4844 οὐ
3029 4796 3154 4866 πρὸς
3211 4795 3303 4855 τὰς
3354 4795 3580 4865 γαμετὰς
3656 4798 3870 4866 μόνον,

2229 4882 2355 4934 ἀλλά
2400 4887 2488 4934 καὶ
2536 4884 2664 4955 πρὸς
2710 4884 2774 4933 τὰ
2819 4885 2989 4937 τέκνα.
3045 4884 3131 4934 Διό
3167 4886 3255 4934 καὶ
3302 4883 3326 4934 ὁ
3375 4884 3600 4956 Χριστὸς
3656 4886 3873 4957 εἴρηκε

2227 4975 2349 5044 πρὸς
2407 4971 2594 5033 αὐτοὺς
2648 4968 2695 5021 ἐν
2766 4977 2837 5042 τῷ
2910 4978 3319 5044 τεσσαρακοστῷ
3396 4970 3678 5044 κεφαλαίῳ,
3772 4978 3879 5030 ὅτι

2226 5068 2454 5122 Μωυσῆς
2524 5063 2652 5136 πρὸς
2720 5063 2814 5118 τὴν
2883 5057 3306 5135 σκληροκαρδίαν
3387 5061 3530 5132 ὑμῶν
3621 5059 3875 5138 ἐπέτρε-

2226 5151 2318 5221 ψεν
2376 5151 2496 5222 ὑμῖν
2560 5148 2821 5202 ἀπολύσαι
2875 5152 2967 5212 τὰς
3042 5156 3292 5222 γυναῖκας
3363 5151 3505 5222 ὑμῶν
3548 5166 3561 5180 ·
3616 5146 3872 5210 διδόναι

2228 5235 2287 5291 δὲ
2346 5238 2688 5307 ἀποστάσιον,
2751 5240 2834 5294 ἵνα
2893 5239 3010 5312 (73)
3066 5243 3196 5314 μετὰ
3268 5246 3440 5306 τοῦτο,
3500 5242 3882 5316 γαμηθείσης

1703 5487 1919 5556 Varia;
1959 5488 2287 5557 lectiones
2321 5496 2387 5558 et
2428 5500 2629 5558 notze.

522 5627 635 5702 (73)
664 5629 736 5701 μὴ
771 5624 957 5702 addit,
999 5629 1055 5689 et
1078 5641 1239 5699 mox,
1262 5630 1399 5703 post
1426 5625 1603 5705 ἀνδρί.
1635 5629 1852 5689 omittit
1879 5634 1947 5689 Α.
