3990 6206
195 278 286 334 21⁵1
1183 275 1550 334 COMMENT.
1591 273 1663 332 IN
1704 275 2147 336 MATTHXEUM.
2189 310 2258 322 —-
2296 277 2456 339 CAP.
2503 279 2570 338 V.

3439 286 3549 343 218

199 406 339 464 αύτῆς
366 402 521 476 ἑτέρῳ
553 399 728 477 ἀνδρὶ,
765 405 837 475 μή
901 399 1102 477 δυνηθῇ
1155 402 1295 476 (74),
1328 408 1392 464 ὡς
1450 402 1646 465 οἰκείας
1697 424 1778 476 γυ-

1933 420 2100 461 ursus
2129 407 2598 478 apprehendere,
2626 408 2801 481 quasi
2832 411 3150 483 prepriam,
3175 414 3230 468 et
3260 403 3400 467 hinc
3430 411 3544 467 ori-

195 498 373 564 ναικὸς9
420 492 580 544 πάλιν
634 491 1096 565 ἐπιλαμϐάνεσθαι,
1147 498 1234 544 καὶ
1288 497 1534 565 γίνωνται
1585 497 1787 566 συγχύ-

201 604 290 645 σεις
309 588 390 635 καὶ
424 584 646 642 στάσεις
673 581 919 636 ἐντεῦθεν.

252 674 306 726 Ὀ
352 670 412 726 δε
469 674 699 746 Χριστὸς
751 678 864 736 νῦν,
897 674 1254 746 ἡμερωτέρους
1297 671 1488 734 αὐτοὺς
1537 669 1630 726 διὰ
1683 680 1785 725 τῶν

197 761 537 835 προλαϐόντων
592 761 754 833 λόγων
827 766 1192 828 καταστήσας,
1251 762 1459 827 κελεύει,
1515 766 1586 834 μὴ
1654 761 1784 814 ἀπο-

196 852 316 906 λύειν
359 859 454 909 τήν
502 857 750 922 γυναῖκα,
803 853 1060 924 παρεκτὸς
1111 851 1266 923 λόγου
1329 856 1589 924 πορνείας,
1632 870 1783 904 τουτ-

202 942 314 1007 ἐστι,
378 937 523 1010 δίχα
603 941 773 1001 αἰτίας
843 945 1077 1014 πορνείας
1132 957 1146 972 ο
1220 945 1459 1014 πορνείαν
1539 940 1780 1005 ἐνταῦθα,

195 1035 272 1088 τήν
332 1033 586 1102 μοιχείαν
654 1028 920 1102 ὀνομάσας
976 1047 988 1058 ·
1048 1027 1174 1081 ἀλλὰ
1227 1025 1358 1101 μηδ’
1409 1029 1783 1101 ἀπολελυμένην

190 1118 462 1192 ὑφ’ἐτὲρου
508 1114 701 1189 ἀνδρὸς
752 1122 960 1190 γαμεῖν.
1002 1122 1142 1190 Δίχα
1184 1121 1287 1192 ’γὰρ
1340 1117 1498 1190 λόγου
1547 1123 1784 1193 πορνείας

192 1210 212 1258 ὁ
375 1207 656 1270 ἀπολύσας
704 1211 800 1264 τήν
850 1206 1058 1276 ἑαυτοῦ,
1099 1213 1238 1260 ποιεῖ
1285 1207 1448 1266 αὐτὴν
1492 1210 1781 1280 μοιχεύειν,

190 1297 632 1369 συμπλεκομένην,
665 1295 820 1370 ἑτέρῳ
878 1295 1032 1371 ἀνδρί
1076 1299 1148 1348 ’ὁ
1198 1293 1257 1349 δὲ
1304 1302 1558 1369 ¹γαμήσας
1604 1295 1783 1349 ἀπολε-

184 1387 384 1459 λνμὲδην
437 1387 526 1459 ὑφ’
583 1385 778 1458 ἐτέρου,
834 1388 1072 1458 μοιχεύει
1122 1391 1215 1445 τὴν
1267 1385 1557 1461 ἀλλοτρίαν.
1605 1393 1784 1439 Ταῦτα

185 1473 232 1529 δὲ
258 1478 644 1549 νομοθετήσας,
680 1481 919 1549 σώφρονα
948 1479 1037 1527 καὶ
1081 1479 1176 1535 τήν
1217 1482 1444 1548 γυναῖκα
1482 1481 1778 1534 πεποίηκεν.

180 1568 483 1620 Ἀκούσασα
528 1567 652 1638 γὰρ,
705 1566 784 1618 ὅτι
855 1564 1200 1618 ἆπολυθεῖσαν
1251 1565 1411 1624 αὐτὴν
1468 1562 1639 1628 ούδεὶς
1688 1585 1778 1637 γα-

177 1658 343 1726 μήσει,
407 1654 618 1728 στέρξει
673 1657 759 1706 τὸν
824 1653 1008 1706 οἰκεῖον
1061 1651 1250 1729 ἄνδρα,
1301 1658 1390 1707 καὶ
1440 1656 1768 1730 θεραπεύσει.

1894 498 2100 552 rentur
2123 496 2481 552 turbationes
2514 512 2582 553 ac
2606 497 2950 556 seditiones.

1967 672 2231 728 Christus
2282 689 2418 730 vero
2461 675 2751 746 praedictis
2800 677 2997 733 verbis
3039 679 3415 735 mansuetius
3450 694 3553 736 eos

1895 760 2232 828 instituens,
2260 763 2426 834 jubet
2454 779 2527 819 ne
2561 781 2805 820 uxorem
2854 767 3190 838 repudient,
3223 769 3332 823 nisi
3365 768 3552 840 stupri

1895 865 2094 906 causa.
2131 852 2416 920 Stuprum
2457 857 2656 908 autem
2687 861 2860 910 vocat
2888 855 2984 910 hic
3019 855 3410 926 adulterium;
3448 856 3553 912 sed

1894 955 2089 1012 neque
2119 939 2433 996 dimissam
2469 943 2756 1013 permittit
2792 944 2962 1000 alteri
2993 945 3120 1000 viro
3157 945 3404 1002 nubere.
3440 946 3550 1012 Qui

1895 1028 2071 1094 enim,
2097 1035 2263 1084 extra
2301 1030 2485 1101 stupri
2533 1047 2800 1096 causam,
2859 1049 3030 1088 suam
3087 1033 3383 1105 repudiat,
3414 1034 3550 1091 facit

1892 1131 2025 1173 eam
2053 1117 2385 1174 adulteram
2413 1135 2718 1184 esse,cum
2746 1121 3542 1181 alterivirocommisceatur.

1894 1207 2002 1272 Qui
2033 1222 2173 1263 vero
2204 1209 2283 1262 sic
2313 1209 2390 1264 ab
2421 1208 2603 1265 altero
2633 1210 3004 1280 repudiatam
3037 1213 3292 1279 duxerit,
3327 1212 3552 1268 adulte-

1889 1295 2043 1350 rium
2073 1311 2208 1350 cum
2243 1296 2433 1352 aliena
2475 1298 2808 1354 committit.
2846 1299 2944 1353 His
2974 1304 3171 1355 autem
3218 1299 3371 1355 datis
3404 1315 3554 1370 prae-

1890 1385 2093 1457 ceptis,
2128 1401 2375 1441 uxorem
2402 1386 2580 1442 etiam
2613 1387 3007 1443 cordatiorem
3036 1404 3105 1442 ac
3142 1387 3552 1444 modestiorem

1888 1471 2159 1528 reddidit.
2180 1474 2390 1530 Audito
2417 1489 2675 1546 namque
2687 1475 2851 1547 quod
2868 1491 2930 1530 se
2945 1475 3317 1547 repudiatam
3341 1476 3543 1532 nullus

1889 1561 1950 1616 in
1979 1577 2222 1618 uxorem
2259 1563 2544 1619 ducturus
2576 1569 2678 1628 est,
2711 1565 3026 1637 proprium
3063 1565 3286 1621 amabit
3327 1565 3547 1630 virum,

1889 1650 2356 1723 eiqueinserviet
2380 1672 2392 1710 :
2423 1657 2478 1707 et
2498 1652 2578 1708 ita
2601 1653 2865 1708 criminis
2893 1653 3168 1710 adulterii
3203 1655 3553 1719 admonens,

179 1744 315 1796 Οὕτω
345 1748 610 1815 μοιχείας
659 1741 928 1795 ὑποϐαλὼν
970 1741 1258 1815 ἐγκλήματι
1307 1747 1398 1795 καὶ
1446 1745 1532 1795 τὸν
1583 1741 1778 1814 ἀλόγως

1933 1756 2011 1796 tm
2028 1756 2164 1795 eum
2191 1742 2430 1812 quisine
2458 1743 2961 1815 causapropriam
2983 1742 3545 1814 repudiatuxorem,

178 1830 488 1884 ἐκϐαλλοντα
538 1835 627 1889 τήν
679 1830 861 1883 ἑαυτοῦ
921 1838 1166 1903 γυναῖκα,
1228 1836 1318 1884 καὶ
1367 1834 1455 1884 τὸν
1510 1840 1780 1905 ’γαμοῦντα

1057 1919 1332 1993 ἐπέσφιγξε
1400 1925 1495 1979 τήν
1573 1921 1778 1994 εἰρήνην

173 2017 260 2060 τῶν
308 2010 592 2080 σ-υζύγων,
635 2013 723 2060 καὶ
779 2012 838 2060 τὸ
897 2013 968 2080 μή
1028 2010 1296 2081 μοιχεύειν
1348 2008 1536 2081 μᾶλλον
1585 2009 1778 2064 ἐπέτει-

171 2117 256 2151 νεν.
287 2097 345 2150 Ὀ
393 2099 503 2172 γὰρ
555 2101 627 2170 μὴ
676 2096 952 2164 ἐκϐάλλων,
986 2095 1111 2149 ἀλλὰ
1159 2102 1384 2170 στέργων
1431 2102 1525 2157 τήν
1573 2098 1776 2166 ἑαυτοῦ,

174 1925 255 1978 τήν
322 1919 722 1992 ἀπολελυμένην
805 1920 978 1995 ἑτέρῳ,

175 2186 256 2237 οὐκ
295 2186 354 2238 ἂν
413 2186 719 2259 ἐπιθυμήσῃ
771 2191 861 2248 τὴς
905 2185 1171 2260 ἀλλοτρίας
1205 2204 1217 2217 ⁸
1254 2191 1345 2239 καὶ
1392 2189 1417 2239 ὁ
1469 2187 1782 2260 κωλυόμενος

171 2285 347 2348 γαμεῖν
390 2280 497 2334 τὴν
531 2274 911 2348 ἀπολελυμένην
943 2275 1114 2350 έτίρῳ,
1147 2275 1240 2328 οὐκ
1288 2275 1348 2328 ἃν
1401 2276 1638 2350 ἀπολύσῃ
1685 2281 1782 2337 τὴν

173 2364 341 2416 ἑαυτοῦ
353 2408 366 2418 .

234 2453 398 2506 Πάλιν
451 2484 524 2494 —
573 2452 722 2515 ὅλως.
773 2452 866 2528 [Τὸ
920 2457 1043 2527 μὴν,
1094 2453 1208 2526 (75)
1261 2452 1374 2506 Ούκ
1430 2452 1780 2530 ἐπιορκήσεις,

168 2546 466 2615 γέγραπται
546 2539 594 2593 ἐν
823 2540 989 2615 βίϐλῳ
1052 2550 1143 2603 τῆς
1215 2539 1433 2606 Ἐξὸδου
1491 2559 1505 2575 ⁶
1570 2547 1629 2595 τὸ
1701 2540 1780 2612 δε,

165 2627 500 2691 ’Δποδὼσεις
570 2638 646 2701 τῷ
713 2635 891 2704 Κυρίῳ
970 2632 1090 2693 τοὺς
1163 2632 1349 2707 ὅρκους
1409 2651 1525 2694 σου,
1595 2631 1644 2684 ἐν
1712 2640 1776 2705 τῇ

169 2717 329 2791 βίϐλῳ
377 2727 480 2772 τοῦ
547 2724 968 2795 Δευτερονομίον,
1016 2719 1149 2778 πλὴν
1205 2717 1278 2773 δι’
1329 2719 1508 2794 ἑτέρων
1553 2719 1730 2784 λέξεων
1763 2743 1776 2755 ·

168 2811 261 2859 Καὶ
289 2809 407 2880 ('76)
458 2816 541 2878 τῷ
587 2808 797 2880 ὀνόματι
859 2812 1052 2883 Κυρίου
1106 2808 1228 2882 ὁμῇ.
1261 2808 1432 2862 Τούτο
1487 2807 1545 2862 δὲ
1590 2814 1776 2884 προσέσ

165 2897 327 2968 ταξεν,
368 2898 458 2950 ἵνα
503 2901 580 2969 μὴ
631 2900 767 2949 κατὰ
813 2905 912 2949 τῶν
958 2894 1312 2970 ψευδωνύμων
1355 2899 1477 2950 θεῶν
1523 2898 1775 2971 ὀμνύωσι.

226 2989 298 3037 Τὸ
327 2991 404 3058 μή
456 2985 682 3058 ὀμόσαι,
727 2990 818 3038 καὶ
865 2989 926 3037 τὸ
956 2991 1026 3058 μὴ
1065 2986 1358 3046 ἀπαιτῆσαι
1387 2989 1537 3062 ὅρκον
1567 3006 1778 3040 συνεισ-

1886 1845 2069 1901 quam
2102 1845 2262 1898 eum,
2315 1831 2418 1902 qui
2472 1831 2550 1887 ab
2605 1831 2720 1887 alio
2776 1831 3150 1904 repudiatam
3207 1833 3388 1898 ducit,
3447 1847 3550 1904 pa-

1885 1933 2014 1974 cem
2045 1919 2491 1990 conjunctorum
2520 1920 2891 1988 constrinxit,
2919 1921 3235 1993 magisque
3285 1936 3360 1976 ne
3385 1937 3554 1978 com-

1885 2006 2213 2063 mitteretur
2236 2007 2596 2064 adulterium
2621 2009 2867 2064 curavit.
2901 2009 3006 2075 Qui
3047 2009 3203 2065 enim
3230 2025 3401 2066 suam
3423 2025 3546 2066 non

1887 2096 2102 2166 abjicit,
2139 2097 2245 2152 sed
2277 2101 2432 2153 amat
2457 2097 2680 2169 potius,
2724 2097 2982 2153 alienam
3006 2113 3381 2172 nequaquam
3414 2114 3555 2154 con-

1886 2186 2149 2257 cupiscet
2177 2208 2188 2239 :
2223 2185 2494 2242 similiter
2524 2186 2784 2258 etquiab
2815 2185 2930 2243 alio
2959 2188 3335 2260 repudiatam
3353 2189 3554 2261 prohi-

1860 2275 2060 2332 betur
2087 2275 2324 2340 ducere,
2359 2292 2520 2333 suam
2554 2291 2678 2332 non
2704 2276 2875 2334 facile
2901 2277 3261 2350 repudiabit.

1960 2456 2125 2509 Vers.
2177 2457 2262 2511 33.
2296 2457 2550 2512 Rursum
2579 2485 2649 2496 —-
2682 2454 2842 2511 Vers.
2877 2457 2948 2512 34
3001 2457 3252 2514 omnino.
3303 2457 3337 2524 1-
3392 2457 3544 2513 Illud

1886 2543 2152 2615 quidem,
2186 2544 2322 2600 Non
2349 2545 2636 2615 pejerabis
2669 2546 2710 2610 ³,
2743 2545 2800 2601 in
2833 2545 2986 2601 libro
3017 2546 3202 2602 Exodi
3229 2546 3506 2603 scribitur
3533 2563 3546 2602 :

1885 2631 1999 2688 hoc
2013 2637 2234 2697 autem,
2253 2633 2474 2690 Reddes
2488 2635 3096 2705 Dominojuramenta
3127 2641 3226 2691 tua
3258 2639 3302 2703 ³,
3320 2637 3376 2690 in
3396 2636 3550 2692 libro

1887 2720 2352 2788 Deuteronomii,
2383 2723 2490 2779 sed
2523 2738 2628 2795 per
2653 2723 2770 2779 alia
2793 2724 2999 2781 verba.
3027 2724 3317 2796 Praecepit
3345 2729 3548 2781 autem

1887 2810 2022 2874 hoc,
2056 2827 2130 2866 ne
2171 2827 2277 2883 per
2307 2811 2437 2868 falsi
2462 2812 2730 2869 nominis
2762 2813 2906 2870 deos
2930 2813 3220 2884 jurarent.

1957 2990 2000 3060 -ι-
2031 2992 2156 3045 Non
2194 2990 2416 3060 jurare,
2472 2996 2527 3046 et
2573 2991 2983 3063 juramentum
3031 3007 3155 3048 non
3198 2994 3421 3064 petere,
3471 2991 3550 3049 ad

164 3074 288 3145 ἄγει.
338 3074 410 3127 ’0
465 3077 574 3149 γὰρ
634 3077 698 3126 σύ
754 3076 972 3147 φεύγεις,
1020 3084 1130 3138 πῶς
1187 3074 1391 3138 ἐπάξεις
1449 3083 1522 3147 τῷ
1573 3073 1776 3150 ἀδελφῷ

1933 3077 2046 3134 lem
2060 3077 2369 3134 inducunt.
2397 3080 2708 3145 Quomodo
2739 3083 2898 3136 enim
2921 3080 2997 3136 ad
3023 3081 3080 3137 id
3104 3083 3266 3154 quod
3281 3087 3343 3137 tu
3363 3081 3544 3152 fugis,

164 3181 272 3228 σον,
307 3169 455 3236 εἰπερ
495 3159 804 3236 φιλάδελφος
836 3159 900 3232 εἴ,
928 3168 1018 3216 καὶ
1050 3164 1108 3217 ού
1141 3165 1539 3240 φίλοχρήματος
1564 3164 1629 3240 ;]

224 3341 280 3393 Ὀ
306 3345 402 3413 μὲν
434 3341 663 3402 παλαιὸς
698 3345 853 3414 νόμος
902 3346 1078 3415 φησὶν,
1128 3344 1208 3395 ὅτι
1257 3341 1368 3396 Ούκ
1424 3343 1776 3419 ἐπιορκήσεις,

160 3436 525 3504 προσενέγκῃς
552 3431 670 3502 (77)
704 3427 763 3484 δὲ
795 3439 866 3502 τῷ
911 3439 1024 3502 Θεῷ
1064 3435 1188 3493 τούς
1237 3433 1423 3505 ὅρκους
1466 3453 1580 3486 σου.
1612 3441 1776 3487 Τοῦτο

161 3517 216 3572 δὲ
259 3518 391 3586 εἷπε,
442 3518 606 3593 φοϐον
655 3527 747 3572 τού
799 3524 870 3593 μὴ
927 3519 1239 3595 ἐπιορκῆσαι
1285 3521 1653 3597 ἐπικρεμαννὺς
1704 3531 1776 3594 τῷ

159 3608 420 3680 ὀμνύοντι,
448 3615 793 3681 γινώσκοντι,
846 3611 926 3661 ὅτι
978 3611 1165 3672 ὁΘεὸς
1214 3612 1370 3674 αὐτὸς
1425 3608 1641 3684 δέχεται
1689 3615 1776 3666 τὸν

159 3701 325 3770 ὅρκον,
385 3700 414 3750 ὅ
468 3699 646 3750 πάντα
692 3703 979 3769 γινώσκων.
1025 3699 1154 3772 Ἐγώ
1213 3697 1272 3753 δὲ
1322 3699 1452 3773 λέγω
1510 3702 1650 3772 ύμῖν,
1700 3706 1771 3762 μὴ

157 3786 351 3858 ὀμόσαι
399 3787 559 3848 ὅλως.
598 3786 658 3838 Ὀ
713 3789 802 3858 μὲν
848 3790 951 3862 γὰρ
1008 3788 1250 3863 εύορκῶν,
1303 3791 1429 3851 ἴσως
1476 3789 1777 3863 ἐπιορκήσει

156 3883 274 3930 ποτε
303 3876 398 3951 [τῇ
457 3877 576 3947 ('78)
630 3877 880 3949 συνηθείᾳ
910 3885 1000 3929 τοῦ
1049 3877 1252 3951 ὀμνύειν
1284 3894 1298 3908 ⁸
1343 3881 1369 3930 ὁ
1415 3875 1473 3932 δὲ
1511 3876 1778 3952 μηδέποτε

156 3965 377 4037 ὀμνύειν),
449 3965 550 4018 ούκ
613 3965 916 4039 ἐπιορκήσει
966 3966 1130 4041 ποτέ].
1190 3965 1390 4030 Ἀλλως
1443 3987 1498 4021 τε
1555 3966 1633 4036 δὲ,
1687 3974 1777 4024 καὶ

154 4060 208 4108 τὸ
266 4061 360 4128 μὲν
417 4054 680 4127 ὀμνύοντα
736 4059 807 4127 μή
864 4054 1140 4128 ἐπιορκεῖν,
1202 4056 1462 4110 εὐσέϐειαν
1518 4057 1589 4120 εἰς
1647 4062 1775 4112 Θεὸν

156 4143 404 4198 ἐπαίδευε
437 4161 453 4173 ·
490 4145 548 4195 τὸ
607 4139 666 4196 δὲ
702 4148 770 4215 μή
813 4143 1016 4216 ὀμνύειν
1065 4146 1213 4216 ὅλως,
1268 4145 1504 4199 ἐπιτείνει
1545 4147 1777 4220 μάλιστα

153 4239 244 4292 τὴν
301 4231 603 4288 εὐσέϐειαν,
659 4231 876 4286 Κὰκεῖνο
931 4236 1022 4306 μὶν
1072 4241 1167 4298 τῆς
1217 4239 1380 4308 μέσης
1426 4240 1514 4288 καὶ
1572 4234 1777 4299 ἀτελοῦς

157 4320 212 4380 is
267 4323 598 4395 φιλοσοφίας
652 4337 668 4352 ⁶
725 4328 880 4374 τοῦτο
935 4318 996 4375 δὶ
1050 4331 1142 4384 τῆς
1213 4325 1377 4397 ἄκρας
1433 4328 1523 4378 καὶ
1586 4325 1777 4385 τελείας

153 4411 284 4465 ἐστί.

1857 3174 1860 3176 ⁷
1888 3167 2128 3223 fratrem
2162 3171 2326 3223 tuum
2357 3168 2626 3236 induces,
2662 3169 2708 3223 si
2742 3174 2941 3226 tamen
2977 3170 3166 3226 fratris
3193 3175 3426 3228 amator
3459 3186 3546 3236 es,

1887 3261 1944 3311 et
1971 3271 2094 3311 non
2127 3256 2322 3325 magis
2353 3256 2622 3327 pecuniae
2652 3255 2678 3308 ?

1956 3345 2134 3400 Vetus
2148 3345 2392 3418 quidem
2415 3345 2504 3400 lex
2516 3345 2657 3402 dicit
2684 3345 3143 3416 :Nonpejerabz's
3173 3347 3406 3416 ;o/7'eres
3432 3362 3547 3403 au-

1887 3438 1999 3489 tem
2024 3434 2616 3504 Dominojuramenta
2633 3441 2752 3490 tua.
2769 3434 2941 3500 Quod
2968 3434 3133 3491 addit
3155 3442 3215 3490 ut
3235 3435 3459 3506 juranti
3478 3435 3546 3491 ti-

1887 3539 2114 3579 morem
2130 3523 2434 3588 incuteret,
2468 3538 2542 3578 ne
2571 3524 2878 3595 pejeraret,
2906 3523 3102 3579 sciens
3120 3524 3546 3596 Deumipsum,

1885 3613 1987 3684 qui
2026 3611 2228 3668 omnia
2254 3613 2434 3679 novit,
2465 3613 2879 3683 juramentum
2911 3613 3238 3685 suscipere.
3274 3613 3400 3684 Ego
3444 3629 3550 3670 au—

1886 3707 1997 3757 tem
2025 3702 2156 3758 dico
2187 3703 2346 3758 vobis
2377 3720 2392 3757 :
2419 3703 2511 3759 Ne
2527 3702 2739 3772 juretis
2767 3703 3022 3759 omnino.
3055 3702 3165 3770 Qui
3187 3703 3342 3759 enim
3376 3703 3550 3759 facile

1839 3816 1854 3841 τ
1880 3791 2060 3862 jurat,
2090 3791 2422 3864 aliquando
2438 3792 2692 3848 fortasse
2715 3792 3007 3864 pejerabit
3031 3793 3111 3848 ob
3133 3793 3376 3863 jurandi
3405 3807 3549 3848 con-

1886 3880 2287 3936 suetudinem:
2321 3881 2421 3953 qui
2451 3886 2650 3936 autem
2678 3881 2842 3936 nullo
2867 3881 3049 3937 modo
3083 3882 3262 3953 jurat,
3296 3897 3417 3937 non
3445 3897 3550 3954 pe-

1880 3968 2100 4040 jerabit
2121 3984 2418 4041 unquam.
2453 3969 2743 4026 Praeterea
2767 3985 2997 4042 quoque
3014 3971 3229 4042 jurans
3245 3971 3330 4026 ita
3349 3986 3424 4026 ne
3445 3987 3544 4043 pe-

1878 4058 2056 4129 jeres,
2089 4057 2315 4113 cultum
2341 4057 2612 4113 divinum
2635 4061 2949 4131 observas;
2979 4065 3036 4116 at
3056 4059 3222 4115 nullo
3251 4061 3435 4116 modo
3452 4060 3544 4129 ju-

1885 4161 2042 4217 rans,
2067 4147 2264 4218 ipsum
2293 4146 2550 4203 maxime
2579 4147 2876 4218 provehis,
2903 4154 2959 4203 et
2978 4147 3129 4205 illud
3158 4149 3541 4205 mediocriset

1886 4235 2235 4307 imperfectae
2267 4234 2656 4308 philosophias
2677 4239 2782 4302 est,
2813 4237 2928 4293 hoc
2953 4241 3152 4293 autem
3179 4251 3437 4292 summa;
3464 4252 3546 4293 ac

1839 4355 1844 4360 -
1885 4325 2188 4397 perfectae.

221 4508 378 4559 Μήτε
425 4530 501 4540 —-
540 4497 819 4571 βασιλέως.
853 4499 964 4554 Ἵνα
1026 4505 1098 4574 μή
1146 4505 1454 4574 νομίσωσιν,
1500 4504 1580 4555 ὅτι
1626 4508 1777 4576 μόνον

1957 4502 2118 4557 Vers.
2161 4493 2248 4559 34.
2288 4502 2491 4573 Neque
2535 4533 2600 4543 —
2643 4503 2706 4557 V.
2753 4503 2842 4557 35.
2900 4501 3049 4572 regis
3095 4507 3194 4557 est.
3251 4504 3331 4557 Ne
3369 4505 3544 4573 puta~

153 4595 208 4642 τὸ
238 4592 382 4643 κατὰ
440 4595 578 4641 Θεοῦ
632 4587 836 4660 ὀμνύειν
887 4587 1132 4658 ἐκώλυσε,
1175 4590 1308 4661 λέγω
1352 4588 1420 4650 δὴ
1466 4594 1549 4661 τὸ,
1581 4593 1657 4664 μὰ
1693 4596 1778 4645 τὸν

155 4685 306 4748 Θεον,
337 4679 682 4752 προστίθησι
726 4676 905 4729 λοιπὸν
948 4683 1034 4731 καὶ
1085 4678 1245 4731 τᾶλλα
1292 4677 1552 4738 εἴδητῶν
1591 4682 1776 4756 ὅρκων,

158 4768 202 4818 ἐν
253 4770 335 4830 οἷς
398 4763 661 4820 Ἰουδαῖοι
735 4774 1023 4824 τηνικαῦτα
1083 4770 1301 4840 ὤμνυον.
1361 4768 1418 4820 Ὀ
1477 4771 1579 4844 γὰρ
1645 4772 1781 4823 κατὰ

157 4860 354 4910 τούτων
412 4855 638 4928 ὀμνύων,
698 4853 876 4928 ὀμνύει
927 4854 1079 4908 πάλιν
1129 4857 1264 4910 κατὰ
1330 4865 1424 4911 τοῦ
1477 4865 1631 4924 Θεοῦ,
1687 4865 1777 4913 τοῦ

232 5041 246 5072 ³
285 5034 484 5094 Exod.
541 5050 635 5100 xx,
665 5035 720 5089 7.
799 5037 821 5070 ²
851 5036 1012 5091 Deut.
1040 5050 1200 5103 χχιιι,
1227 5035 1318 5103 21,
1346 5038 1438 5094 23.

1887 4596 2016 4647 rent
2040 4591 2204 4664 quod
2236 4591 2519 4647 adversus
2535 4592 2722 4646 Deum
2745 4590 2938 4646 solum
2957 4591 3162 4663 jurare
3192 4590 3542 4663 prohiberet,

1887 4680 2163 4748 dicendo,
2221 4683 2296 4754 μὰ
2337 4683 2424 4732 τὸν
2475 4683 2626 4745 Θεὸν,
2667 4679 2730 4735 id
2777 4685 2863 4736 est
2915 4696 3015 4751 per
3034 4681 3239 4746 Deum,
3287 4679 3451 4736 addit
3489 4687 3546 4738 et

1890 4769 2038 4827 alias
2061 4770 2545 4840 juramentorum
2575 4769 2823 4841 species,
2851 4769 3069 4842 quibus
3094 4773 3234 4826 tunc
3251 4770 3435 4827 Judaei
3454 4771 3546 4843 ju-

1886 4859 2104 4915 rabant
2139 4859 2274 4932 :qui
2303 4858 2465 4915 enim
2501 4873 2608 4931 per
2635 4859 2764 4915 hinc
2779 4860 2954 4932 jurat,
2983 4875 3188 4916 rursus
3215 4875 3324 4934 per
3352 4863 3543 4918 Deum
3617 4871 3626 4876 '

1392 5213 1619 5282 Variae
1649 5213 1976 5285 lectiones
2015 5222 2081 5284 et
2112 5224 2313 5284 notae.

232 5411 351 5482 (τι)
395 5405 526 5482 δύνῃ
537 5411 645 5467 θείη
674 5414 734 5482 ᾼΒ.

293 5477 354 5550 5)
399 5480 633 5537 Inclusa
670 5480 732 5536 in
762 5493 958 5550 marg.
986 5477 1166 5537 habet
1194 5485 1261 5537 A.

293 5486 326 5535 5
399 5485 633 5537 Inclusa
670 5485 732 5536 in
762 5493 958 5550 marg.
986 5485 1166 5537 habet
1194 5485 1261 5537 A.

231 5485 354 5624 ςέὂῖ
395 5557 485 5625 καὶ
513 5561 585 5623 τῷ
605 5582 678 5593 -
703 5551 805 5625 ὁμῇ
835 5551 1037 5625 omisit
1060 5549 1402 5625 Hentenius.
1428 5556 1645 5610 Notum
1671 5568 1772 5611 au-

160 5622 282 5680 tem
315 5622 437 5690 est,
457 5622 581 5682 hinc
602 5622 993 5698 non'reperiri
1033 5623 1290 5691 αύτολεξεί
1314 5624 1376 5682 in
1405 5626 1467 5682 V.
1496 5628 1555 5683 Τ.

1977 5481 2070 5554 78)
2087 5483 2229 5548 Quae
2259 5483 2354 5540 hic
2373 5481 2745 5552 inclusimus,
2780 5481 2851 5542 ea
2872 5501 2944 5542 ex
2969 5485 3102 5542 cod.
3123 5487 3192 5554 A,
3220 5481 3387 5540 haud
3415 5481 3534 5538 du-

1976 5414 2042 5465 77
2094 5411 2358 5468 Aoristus
2407 5412 2771 5486 conjunctivi
2826 5428 2934 5486 pro
2988 5413 3184 5470 futuro
3204 5413 3533 5485 προσοίσεις.

1951 5411 2070 5553 £78;
2087 5483 2229 5548 Quae
2259 5483 2354 5540 hic
2373 5484 2745 5552 inclusimus,
2780 5501 2851 5542 ea
2872 5501 2944 5542 ex
2969 5485 3102 5542 cod.
3123 5487 3192 5553 A,
3220 5482 3387 5540 haud
3415 5481 3533 5538 du-

1927 5411 2080 5613 ,εξ

1878 5553 1976 5612 ble
2001 5568 2036 5612 ο

2111 5553 2330 5632 duplex
2358 5560 2500 5626 ποτὲ,
2535 5557 2894 5616 exciderant.
