3990 6206
480 259 587 316 219

1793 258 2148 316 EUTHYMII
2178 259 2515 319 ZIGABENI

3739 266 3850 320 220

477 387 659 458 jurat,
717 386 821 458 qui
851 386 974 442 haac
1024 385 1250 459 implet,
1314 386 1519 459 eisque
1571 386 1937 443 dominatur.
1988 390 2134 443 Nam

2256 387 2559 463 πληροῦντος
2584 386 2739 450 αὐτὰ,
2766 390 2856 439 καὶ
2910 384 3253 452 δεσπόζοντος
3282 387 3478 445 αὐτῶν.
3533 392 3695 463 Τίμια
3738 394 3845 467 γὰρ

481 475 611 531 haec
664 481 906 547 propter
959 492 1093 531 eum
1143 476 1203 531 in
1256 475 1483 531 honore
1555 476 1866 541 habentur,
1908 481 1965 532 et
2020 492 2136 533 non

481 582 588 638 per
644 566 854 635 seipsa.
906 565 1052 620 Dicit
1100 570 1300 620 autem
1357 580 1463 635 per
1495 566 1884 638 prophetam:
1919 566 2137 623 Caelum

485 654 626 709 mihi
652 654 802 709 sedes
832 661 936 720 est,
972 660 1127 711 terra
1157 662 1355 711 autem
1397 655 1711 711 scabelium
1738 655 1952 725 pedum
1982 671 2140 712 meo-

484 759 614 797 rum
647 747 687 807 ³,
723 742 1113 800 manifestans
1165 759 1270 815 per
1315 743 1430 799 hoc
1460 744 1770 815 propheta,
1813 744 1975 815 quod
2013 760 2139 801 om-

483 833 587 887 nia
636 834 791 887 Deus
842 833 1099 904 impleat.
1164 833 1258 887 Ait
1308 832 1468 888 enim
1500 834 1748 890 :Nonne
1825 834 2028 890 calum
2086 840 2139 890 et

485 928 705 979 terram
732 938 836 992 ego
866 923 1115 992 impleo‘
1144 922 1172 977 ?
1218 922 1402 978 David
1434 938 1678 994 quoque
1716 921 1857 978 dicit
1886 939 1898 976 :
1929 924 2138 979 Civitas

484 1014 629 1083 regis
655 1012 853 1081 magni
877 1014 925 1068 ⁵.

553 1101 713 1156 Vers.
761 1101 853 1157 37.
904 1100 1105 1172 Neque
1150 1131 1218 1141 —
1262 1101 1471 1169 facere.
1532 1103 1732 1172 Neque
1786 1100 2139 1156 vilissimum

483 1188 739 1262 ideoque
758 1190 1203 1261 paratissimum
1228 1190 1638 1261 juramentum
1660 1190 1976 1260 juraveris,
2005 1189 2139 1245 dico

487 1296 632 1335 sane
651 1295 745 1351 per
771 1280 1075 1350 proprium
1105 1286 1306 1350 caput,
1337 1294 1410 1335 ne
1435 1280 1613 1335 etiam
1647 1278 1724 1334 ad
1748 1280 1982 1351 majora
2009 1293 2140 1349 pro-

484 1369 681 1426 cedas.
716 1368 841 1423 Alio
874 1368 1315 1439 quoquemode.
1361 1371 1640 1424 Creatura
1663 1383 1927 1440 namque
1958 1367 2140 1422 etiam

486 1459 585 1513 Dei
603 1457 907 1529 possessio
924 1461 1013 1511 est
1039 1475 1051 1511 :
1073 1462 1379 1512 etrursum
1406 1471 1512 1528 per
1538 1459 1723 1512 Deum
1750 1457 1813 1512 fit
1836 1457 2141 1527 juramen-

486 1549 633 1614 tum,
661 1546 763 1618 qui
792 1546 991 1616 ipsum
1020 1546 1075 1601 in
1104 1562 1215 1601 sua
1244 1545 1422 1601 habet
1444 1549 1757 1617 potestate.
1799 1546 1952 1601 Licet
1980 1544 2141 1600 enim

485 1645 653 1690 tuum
667 1649 909 1706 quoque
933 1635 1025 1700 sit,
1051 1649 1171 1690 non
1194 1639 1490 1691 esttamen
1512 1639 1681 1689 tuum
1704 1650 1851 1705 opus
1876 1633 2043 1705 quod
2068 1649 2141 1689 ex

2244 484 2411 529 ταῦτα
2444 476 2502 528 ού
2545 472 2619 529 δι’
2657 476 2836 539 ἑαυτὰ,
2882 474 3010 529 ἀλλὰ
3060 474 3133 530 δι’
3178 478 3353 530 αὐτόν.
3402 483 3728 554 Προφητικὸν
3761 477 3846 546 δὲ,

2243 566 2301 619 Ὁ
2354 566 2564 640 οὐρανός
2627 584 2716 635 μοι
2777 568 2973 640 θρόνος,
3028 568 3059 625 ἠ
3120 563 3181 620 δε
3248 576 3315 639 γῆ
3390 565 3674 621 ὑποπόδιον
3743 578 3849 623 τῶν

2246 652 2421 709 ποδῶν
2451 674 2551 728 μου
2588 673 2599 683 ·
2651 651 2862 719 δηλοῦν,
2897 656 2975 707 ὅτι
3032 657 3057 707 6
3115 660 3245 718 Θεὸς
3300 658 3367 708 τὰ
3415 658 3586 709 πάντα
3631 657 3848 731 πληροῖ.

2248 749 2384 803 Φησὶ
2447 747 2547 819 γὰρ
2604 764 2617 777 ο
2671 743 2815 816 Οὐχὶ
2884 748 2971 797 τὸν
3043 745 3257 818 οὐρανὸν
3308 750 3397 798 καὶ
3453 752 3544 805 τὴν
3600 754 3695 818 γῆν
3746 746 3849 820 ἐγὼ

2246 832 2427 908 πληρῶ
2459 853 2473 900 ;
2508 836 2780 886 Δαυίτικὸν
2830 828 2889 886 δὲ
2927 850 2939 863 ’
2998 833 3055 887 Ἡ
3104 833 3252 897 πόλις
3298 841 3389 887 τοῦ
3446 833 3703 908 βασιλέως
3751 844 3845 890 τοῦ

2247 920 2470 994 μεγάλου
2480 964 2491 977 .

2317 1104 2462 1159 Μήτε
2491 1129 2554 1140 -
2598 1106 2841 1158 ποιῆσαι.
2880 1096 3033 1158 Μηδέ
3083 1102 3169 1152 τὸν
3224 1099 3602 1168 εὐτελέστατον,
3633 1107 3721 1155 καὶ
3752 1098 3853 1155 διὰ

2246 1196 2398 1240 τοῦτο
2459 1193 2868 1262 προχειρότατον
2922 1191 3072 1262 ὅρκον
3132 1188 3351 1263 ὀμόσῃς,
3417 1196 3551 1263 φημὶ
3608 1188 3699 1258 δὴ,
3758 1196 3852 1245 τὸν

2247 1279 2383 1328 κατὰ
2441 1285 2530 1337 τῆς
2588 1274 2729 1338 ἰδίας
2780 1277 3026 1349 κεφαλῆς,
3083 1279 3166 1330 ἵνα
3230 1282 3301 1350 μὴ
3360 1282 3450 1330 καὶ
3507 1278 3577 1340 εἰς
3628 1279 3855 1351 μείζονα

2247 1365 2466 1439 προϐῇς.
2501 1365 2698 1427 ’Ἄλλως
2742 1385 2796 1419 τε
2844 1362 2920 1436 δὲ,
2959 1370 3048 1418 καὶ
3098 1367 3229 1423 αὕτη
3282 1370 3501 1439 κτίσμα,
3536 1372 3624 1420 καὶ
3669 1377 3855 1440 κτῆμα

2251 1462 2383 1508 Θεοῦ
2413 1454 2546 1524 ἔστι,
2578 1459 2668 1507 καὶ
2698 1454 2853 1507 πάλιν
2898 1458 3033 1507 κατὰ
3062 1462 3155 1508 τοῦ
3195 1462 3348 1520 Θεοῦ,
3392 1463 3501 1509 τοῦ.
3522 1454 3857 1519 ἐξουσιάζον-

2248 1563 2330 1604 τος
2374 1544 2557 1609 αὐτῆς,
2602 1549 2801 1615 γίνεται
2844 1545 2870 1596 6
2920 1546 3090 1616 ὅρκος.
3121 1544 3183 1597 Εἰ
3214 1546 3313 1619 γὰρ
3344 1548 3433 1596 καὶ
3465 1549 3531 1602 ση
3572 1543 3706 1613 ἐστι,
3740 1543 3856 1597 ἀλλ’

2249 1633 2306 1685 ού
2340 1637 2429 1686 σόν
2459 1632 2572 1705 (79)
2604 1638 2827 1705 ποίημα.
2864 1639 2964 1686 Καὶ
3012 1629 3192 1701 δῆλον,
3231 1631 3331 1684 ἀπὸ
3362 1640 3454 1685 τοῦ
3480 1638 3551 1705 μὴ
3585 1630 3859 1687 δύνασθαί

484 1740 553 1779 eo
583 1722 974 1779 manifestum
1000 1729 1107 1787 est,
1134 1724 1276 1795 quia
1296 1739 1415 1780 non
1442 1730 1613 1795 potes
1644 1739 1831 1779 unum
1858 1722 2139 1795 capillum

2256 1741 2308 1775 σε
2332 1728 2456 1795 μίαν
2484 1726 2650 1796 τρίχα
2678 1729 2900 1781 ποιῆσαι
2923 1721 3110 1780 λευκὴν
3137 1722 3167 1780 ἣ
3194 1721 3454 1794 μέλαιναν.

481 1813 678 1869 album
697 1812 888 1868 facere
918 1812 1006 1867 vel
1031 1813 1290 1883 nigrum.

557 1902 720 1957 Vers.
762 1902 854 1956 3.6
912 1903 997 1957 Sit
1028 1934 1095 1941 —
1124 1906 1220 1959 est.
1283 1901 1387 1967 Sit,
1446 1902 1656 1974 inquit,
1700 1918 1897 1958 sermo
1953 1906 2143 1957 vester

486 1992 734 2061 quando
804 1989 1116 2046 afﬁrmatis
1157 2007 1168 2045 :
1204 1991 1608 2063 Est;quando
1679 2007 1823 2047 vero
1894 1991 2138 2060 negatis,

484 2078 618 2135 Non
652 2078 906 2150 :hisque
967 2079 1106 2134 solis
1158 2096 1260 2150 pro
1290 2079 1646 2149 juramentis
1699 2080 1778 2135 ad
1826 2079 2143 2135 confirma-

487 2167 707 2222 tionem
751 2166 1018 2234 utamini,
1064 2172 1121 2222 et
1150 2167 1313 2222 nullo
1344 2167 1461 2223 alio
1491 2183 1675 2239 quam
1728 2169 1828 2223 Est
1883 2172 1939 2221 et
1976 2168 2137 2223 Non.

487 2255 659 2321 Quod
704 2259 910 2326 praeter
952 2255 1082 2311 haec
1125 2256 1490 2326 adjungitur,
1532 2256 1671 2312 dicit
1707 2258 2137 2328 juramentum.

486 2346 545 2400 Si
606 2351 801 2400 autem
851 2345 1260 2415 juramentum
1303 2362 1337 2400 a
1379 2345 1624 2402 diabolo
1676 2352 1781 2412 est,
1831 2346 2140 2417 quomodo

484 2433 682 2506 ipsum
710 2433 803 2490 lex
843 2439 1009 2490 vetus
1046 2434 1419 2506 permittebat
1448 2434 1476 2490 7
1499 2434 1648 2502 Quia
1696 2439 1752 2490 et
1784 2434 2139 2491 animalium

486 2522 777 2578 sacriﬁcia
806 2539 840 2577 a
869 2524 1029 2578 malo
1055 2522 1301 2595 quidem
1323 2528 1493 2580 erant
1521 2528 1577 2580 et
1614 2524 1965 2595 deceptione
2005 2524 2140 2579 ido-

483 2611 699 2678 lorum,
743 2627 812 2667 ea
866 2618 1066 2668 tamen
1124 2613 1393 2683 permisit
1439 2612 1531 2669 lex
1576 2618 1822 2685 propter
1875 2612 2140 2669 Hebrieo-

483 2700 1063 2757 ruminfirmitatem.
1110 2701 1255 2757 Cum
1283 2702 1441 2757 enim
1499 2702 1774 2771 glutones
1823 2708 2024 2757 essent
2069 2717 2139 2757 ac

482 2790 759 2846 lurcones
809 2789 912 2861 (b),
964 2790 1288 2861 idolothyta
1336 2791 1625 2846 amabant.
1687 2793 1751 2847 Et
1816 2790 1954 2846 item
1999 2807 2139 2846 cum

484 2883 680 2935 essent
708 2878 1015 2946 increduli,
1060 2880 1468 2949 juramentum
1508 2895 1747 2952 quoque
1786 2879 2134 2948 diligebant.

487 2970 558 3023 Ut
621 2974 820 3023 autem
891 2967 1171 3039 deinceps
1235 2983 1429 3039 neque
1487 2969 1655 3023 idolis
1713 2968 2134 3038 sacriﬁcarent,

2320 1899 2495 1953 Ἐστω
2530 1930 2600 1940 -
2642 1898 2804 1955 ἐστιν.
2854 1897 3049 1967 Ἔστω,
3102 1903 3282 1971 φησιν,
3328 1899 3354 1951 6
3406 1898 3557 1971 λόγος
3609 1900 3774 1972 ύμῶν,
3830 1903 3859 1952 ὁ

2251 1988 2609 2061 βεϐαιωτικός,
2653 1990 2736 2041 ὅτε
2781 1991 2873 2061 μὲν
2920 1990 3285 2055 κατατίθεσθε,
3332 1992 3416 2040 ναί
3450 2004 3462 2018 '
3510 1989 3592 2041 ὅτε
3644 1984 3706 2041 δὲ
3755 1987 3859 2062 ὀιρ-

2248 2081 2438 2144 νείσθε,
2493 2080 2574 2131 οῦ.
2632 2082 2733 2130 Καὶ
2788 2079 2992 2139 τούτοις
3042 2082 3216 2149 μόνοις
3289 2077 3360 2138 εἰς
3396 2075 3684 2149 βεϐαίωσιν
3736 2080 3861 2131 ἀντὶ

2249 2170 2412 2243 ὅρκων
2442 2168 2740 2241 χρήσασθε,
2788 2170 2874 2218 καί
2926 2163 3093 2238 μηδεν
3135 2165 3284 2219 πλέον
3337 2173 3431 2218 τοῦ
3476 2170 3561 2219 ναὶ
3608 2170 3699 2218 καὶ
3754 2170 3851 2224 οῦ,

2251 2260 2507 2330 Περισσόν
2552 2254 2611 2307 ὸε
2658 2257 2852 2307 τούτων
2908 2253 3044 2325 λέγει
3080 2257 3165 2306 τόν
3214 2256 3386 2327 ὅρκον.
3437 2259 3538 2307 Καὶ
3574 2253 3616 2306 εἰ
3668 2252 3724 2305 ἐκ
3752 2262 3856 2307 τοῦ

2252 2343 2501 2399 διαϐόλου
2534 2347 2674 2397 ἐστὶν
2719 2345 2744 2395 6
2794 2345 2968 2419 ὅρκος,
2998 2351 3103 2404 πῶς
3133 2344 3158 2395 6
3213 2342 3433 2403 παλαιὸς
3484 2348 3641 2416 νόμος
3694 2344 3861 2397 αὐτόν

2249 2434 2539 2509 ἐπίτρεψε;
2590 2438 2731 2486 Διότι
2779 2438 2869 2487 καὶ
2927 2435 2983 2485 άί
3036 2433 3325 2494 ζωοθυσίαι
3377 2431 3432 2485 ἔκ
3472 2440 3562 2485 τοῦ
3618 2441 3861 2508 πονηροῦ

2249 2525 2338 2596 μὲν
2394 2520 2549 2590 ἦσαν,
2609 2526 2699 2575 καὶ
2763 2531 2857 2585 τῆς
2927 2519 3199 2583 εἰδωλικῆς
3274 2521 3469 2584 πλάνης
3533 2521 3859 2594 ἐτύγχανον,

2249 2611 2491 2686 ἐπέτρεψε
2518 2609 2577 2665 δι
2619 2614 2756 2685 ὅμως
2793 2612 2955 2673 αύτὰς
2995 2613 3019 2663 6
3069 2615 3223 2684 νόμός
3255 2619 3561 2679 τηνικαῦτα,
3613 2608 3711 2665 διὰ
3755 2616 3861 2670 τὴν

2248 2710 2346 2754 τῶν
2384 2701 2631 2777 Ἐϐραίων
2687 2700 2972 2768 ἀσθένειαν,
3032 2705 3301 2773 οἰκονομίᾳ
3354 2708 3511 2772 σοφῇ.
3565 2700 3704 2753 Ἐπεὶ
3750 2704 3861 2775 γὰρ

2247 2790 2528 2863 λαίμαργοι
2575 2794 2666 2862 μεν
2715 2794 2873 2857 ὄντες,
2907 2790 3124 2862 ἠγάπων
3154 2793 3212 2842 τό
3248 2790 3522 2850 ζωοθυτεῖν
3560 2805 3573 2819 ·
3622 2788 3865 2853 ἀπειθεῖς

2249 2876 2308 2932 δε
2361 2882 2720 2951 τυγχάνοντες,
2755 2878 2958 2951 ἐφίλουν
3003 2882 3092 2931 τὸν
3142 2881 3312 2951 ὅρκον,
3362 2880 3444 2930 ἵνα
3494 2876 3671 2929 λοιπόν
3720 2882 3868 2948 μήτε

2245 2976 2350 3029 τοῖς
2403 2965 2638 3028 εἰδώλοις
2696 2970 2884 3036 θύωσι,
2941 2973 3075 3040 μήτε
3125 2969 3262 3020 κατὰ
3313 2963 3535 3019 εἰδώλων
3592 2965 3866 3038 ὀμνύωσι,

484 3071 679 3128 neque
736 3071 842 3127 per
888 3055 1049 3111 idola
1104 3056 1391 3126 jurarent,
1446 3056 1714 3126 permisit
1756 3057 2002 3130 quidem
2050 3057 2139 3111 lex

2256 3063 2590 3130 συνεχώρησε
2638 3059 2728 3129 μὲν
2777 3062 2867 3108 καὶ
2917 3060 2975 3108 τὸ
3032 3058 3189 3125 θύειν,
3243 3060 3332 3108 καὶ
3392 3059 3451 3107 τὸ
3480 3055 3703 3127 ὀμνύειν,
3764 3059 3867 3108 καὶ

485 3145 819 3202 sacriﬁcare
849 3160 919 3201 ac
961 3146 1181 3216 jurare,
1215 3150 1270 3201 et
1299 3147 1345 3201 si
1392 3147 1538 3219 quid
1570 3146 1737 3202 aliud
1794 3151 1880 3203 est
1909 3146 2091 3202 simile
2121 3165 2135 3204 :

485 3234 691 3289 omnia
719 3249 858 3289 vero
910 3234 989 3289 ad
1036 3234 1214 3291 Deum
1252 3234 1561 3291 transtulit.
1608 3237 1896 3292 Futurum
1940 3241 2141 3291 autem

485 3328 612 3379 erat
651 3327 713 3378 ut
750 3338 1031 3379 successu
1086 3324 1369 3396 temporis
1418 3325 1593 3381 etiam
1629 3324 1755 3381 haec
1806 3324 2141 3381 sublimiori

482 3410 852 3483 legislatione
884 3416 1238 3484 amputaret.
1283 3414 1429 3479 Quia
1468 3418 1522 3469 et
1551 3414 1764 3470 laetere
1810 3413 2141 3469 infantibus

484 3500 729 3573 quidem
746 3500 881 3555 utile
894 3506 1000 3565 est,
1016 3500 1151 3555 viris
1164 3507 1365 3557 autem
1381 3502 1712 3557 admodum
1746 3503 2038 3573 ineptum:
2059 3500 2144 3556 id-

485 3606 675 3663 eoque
689 3591 997 3647 infantium
1012 3607 1166 3647 more
1181 3592 1513 3649 viventibus
1529 3594 1606 3664 (c)
1619 3593 1731 3649 hoc
1745 3592 2141 3658 concedimus;

488 3680 682 3735 viriles
735 3695 875 3736 vero
918 3680 996 3736 ab
1057 3696 1128 3737 eo
1198 3680 1557 3737 abducimus
1614 3698 1683 3737 ac
1731 3681 2141 3753 prohibemus.

488 3770 632 3835 Quid
654 3768 835 3839 igitur
858 3769 1178 3839 agendum,
1205 3771 1252 3825 si
1292 3771 1420 3841 quis
1441 3771 1851 3841 juramentum
1884 3776 2143 3843 expetat,

487 3861 609 3917 imo
634 3859 835 3930 jurare
882 3863 1057 3929 cogat
1096 3860 1124 3915 ?
1157 3858 1237 3916 Sit
1266 3859 1367 3915 tibi
1428 3860 1527 3915 Dei
1593 3860 1773 3916 timor
1808 3860 2140 3928 violentior,

486 3964 674 4021 quam
690 3948 817 4002 haec
847 3948 1203 4015 necessitas;
1234 3948 1552 4021 omniaque
1582 3949 1703 4020 pati
1727 3948 1912 4019 eligas
1925 3950 2142 4021 potius,

488 4052 674 4110 quam
718 4041 1082 4107 praeceptum
1138 4036 1497 4107 transgredi.
1555 4040 1613 4093 ln
1647 4038 1812 4094 omni
1846 4038 2144 4110 siquidem

488 4130 789 4199 praecepto
818 4124 907 4179 vis
935 4141 1002 4181 ac
1042 4125 1370 4183 violentum
1414 4126 1746 4197 periculum
1787 4126 1894 4183 tibi
1926 4127 2144 4199 saepius

488 4224 757 4276 occurret
788 4231 803 4274 :
836 4218 893 4268 et
918 4214 1030 4269 nisi
1063 4215 1285 4286 ubique
1314 4214 1626 4270 violentius
1671 4216 1851 4271 ducat
1879 4215 2145 4271 divinum

490 4315 870 4381 praeceptum,
907 4306 1110 4363 omnia
1139 4320 1175 4361 a
1200 4308 1254 4359 te
1278 4320 1470 4359 vacua
1485 4307 1540 4359 et
1570 4303 1784 4359 infecta
1814 4304 2141 4360 discedent.

491 4402 555 4454 ln
621 4396 1006 4471 sequentibus
1083 4392 1234 4449 enim
1301 4394 1435 4447 dicit
1511 4393 2144 4463 DominuszRegnum

492 4489 771 4545 calorum
818 4487 927 4542 vim
964 4483 1216 4555 patitur,
1270 4490 1321 4539 et
1371 4482 1613 4538 violenti
1641 4482 1887 4552 rapiunt
1924 4482 2072 4537 illud
2101 4483 2142 4536 °.

562 4576 725 4631 Vers.
790 4577 876 4632 38.
927 4573 1193 4629 Audistis
1222 4603 1291 4612 —-
1332 4572 1399 4627 V.
1432 4572 1518 4637 39,
1574 4572 1741 4630 malo.
1766 4570 2022 4637 Quidam
2051 4586 2144 4626 ve-

494 4662 603 4718 teri
622 4663 737 4733 legi
777 4663 1172 4732 indignantur,
1227 4660 1456 4731 jubenti
1498 4659 1741 4717 oculum
1799 4675 1908 4731 pro
1953 4659 2143 4731 oculo,

567 4840 718 4895 'Isa.
750 4854 900 4908 vai,
934 4838 987 4895 1.
1066 4838 1322 4896 ‘Jerem.
1362 4852 1518 4906 um,
1553 4840 1646 4897 24.

2178 4437 2223 4492 D

1732 4838 1753 4873 δ
1781 4837 1929 4895 Psal.
1958 4852 2131 4905 xnvu,
2158 4838 2220 4898 8.

2251 3150 2378 3199 εἴτι
2425 3153 2659 3199 τοιοῦτον
2699 3163 2709 3174 ·
2754 3145 2840 3198 ἐπὶ
2886 3148 2973 3197 τόν
3022 3148 3149 3199 Θεὸν
3200 3141 3259 3199 δε
3306 3145 3477 3198 πάντα
3513 3147 3864 3216 μετέστησεν.

2249 3235 2463 3309 Ἔμελλε
2504 3238 2629 3309 γὰρ,
2676 3241 2862 3309 καιροῦ
2911 3233 3204 3301 καλοῦντος,
3261 3232 3481 3305 ἐκκόψαι
3526 3237 3615 3285 καὶ
3661 3240 3865 3303 ταῦτα,

2253 3322 2326 3378 δι’
2382 3324 2708 3398 ὑψηλοτέρας
2766 3324 3093 3395 νομοθεσίας.
3149 3323 3290 3376 Ἐπεὶ
3351 3328 3441 3375 καὶ
3499 3324 3557 3374 τὸ
3608 3320 3867 3384 θηλάζειν

2251 3420 2458 3475 νηπίοις
2505 3417 2594 3486 μὶν
2642 3412 2923 3479 λυσιτελὲς,
2976 3409 3204 3485 ἀνδράσι
3255 3408 3314 3464 δὲ
3360 3417 3450 3464 καὶ
3500 3411 3613 3464 λίαν
3672 3410 3869 3463 ἀνεπι-

2252 3500 2481 3571 τήδειον,
2523 3506 2611 3554 καὶ
2658 3498 2751 3554 διὰ
2800 3509 2954 3554 τοῦτο
3007 3504 3328 3564 νηπιάζουσι
3376 3503 3465 3573 μὲν
3500 3503 3691 3553 τούτου
3748 3520 3869 3553 πα-

2252 3600 2615 3667 ραχωρούμεν,
2651 3587 3025 3664 ἁνδρουμένους
3070 3587 3130 3644 δὲ
3166 3591 3343 3643 λοιπὸν
3385 3588 3650 3662 ἀπάγομεν
3692 3589 3874 3643 αὐτοῦ

2253 3686 2341 3733 καὶ
2398 3680 2676 3752 κωλύομεν.
2735 3684 2799 3733 Τί
2864 3675 2973 3749 οὖν,
3038 3678 3122 3731 ἐάν
3174 3699 3252 3742 τις
3296 3680 3446 3752 ὁρκον
3499 3677 3699 3750 ἀπαιτῇ
3771 3683 3876 3732 καὶ

2252 3770 2626 3841 καταναγκάζη
2663 3786 2675 3837 ;
2711 3766 2886 3823 Ἔστω
2932 3787 3013 3821 σοι
3060 3777 3153 3829 τῆς
3203 3767 3433 3840 ἀνάγκης
3462 3771 3656 3829 ταύτης
3694 3768 3723 3819 6
3772 3777 3879 3821 τοῦ

2254 3865 2387 3913 Θεοῦ
2442 3856 2597 3931 φόϐος
2664 3856 3084 3930 ἀναγκαιότερος,
3138 3862 3226 3909 καὶ
3294 3858 3461 3910 πάντα
3509 3858 3695 3910 παθεῖν
3750 3856 3884 3910 ἑλοῦ

2253 3947 2462 4020 μᾶλλον,
2528 3947 2558 4005 ἦ
2618 3945 2920 4019 παραϐῆναι
2975 3951 3069 4005 τὴν
3135 3945 3360 4005 ἐντολήν.
3424 3950 3524 3999 Καὶ
3596 3947 3701 4019 γὰρ
3792 3944 3887 3999 ἐπὶ

2252 4039 2425 4097 πάσης
2483 4034 2687 4097 ἐντολῆς
2752 4034 2994 4096 πολλάκις
3052 4034 3407 4093 ἀπαντήσεταί
3459 4052 3545 4086 σοι
3603 4032 3725 4106 βία,
3784 4039 3887 4087 καὶ

2255 4124 2505 4198 βιωτικός
2570 4120 2829 4189 κίνδυνος,
2889 4128 2977 4177 καὶ
3045 4124 3087 4176 εἰ
3146 4128 3218 4196 μὴ
3276 4128 3551 4193 πανταχεῦ
3624 4120 3886 4194 βιαιοτέ-

2252 4235 2347 4289 ραν
2376 4218 2595 4287 νομίσῃς
2631 4218 2725 4272 τὴν
2758 4214 2897 4265 θείαν
2941 4211 3170 4280 ἐντολὴν,
3207 4212 3521 4284 οἰχήσονταί
3553 4229 3640 4263 σοι
3688 4218 3893 4266 πᾶσαι

2253 4309 2394 4356 κεναὶ
2441 4309 2531 4356 καὶ
2577 4305 2856 4375 ἄπρακτοι.
2906 4307 3108 4376 Προίὼν
3155 4304 3256 4377 γὰρ
3314 4297 3451 4353 εἶπεν
3480 4302 3505 4352 6
3539 4303 3758 4374 Κύριός,
3797 4304 3892 4355 ὅτι

2254 4396 2446 4449 Βιαστὴ
2503 4391 2642 4444 ἔστιν
2701 4394 2729 4450 ἡ
2794 4389 3041 4464 βασιλεία
3096 4398 3188 4444 τοῦ
3260 4396 3413 4456 Θεοῦ,
3478 4392 3568 4441 καὶ
3628 4387 3890 4461 βιασταὶ

2256 4480 2587 4554 ἁρπάζουσιν
2616 4480 2797 4538 αύτήν.

2325 4570 2616 4623 Ἠκούσατε
2670 4600 2739 4611 -
2786 4578 3013 4645 πονηρῷ,
3076 4570 3215 4631 Τινες
3269 4572 3559 4642 μέμφονται
3612 4576 3688 4640 τῷ
3776 4590 3893 4625 πα-

2256 4659 2384 4730 λαιῷ
2433 4664 2593 4732 νόμῳ,
2651 4658 2904 4713 κελεύοντι
2955 4658 3215 4732 ὀφθαλμόν
3270 4656 3385 4711 ἀντὶ
3428 4655 3702 4729 ὀφθαλμοῦ
3786 4666 3895 4715 καὶ

2304 4840 2325 4874 ⁸
2356 4837 2563 4897 Matth.
2592 4852 2671 4903 ιι,
2706 4838 2793 4895 12.

1691 5014 1918 5085 Variae
1977 5015 2308 5085 lectiones
2341 5026 2411 5088 et
2449 5026 2650 5087 notae.

569 5216 687 5289 (79)
719 5214 855 5287 ἐστί,
882 5214 1048 5273 addit
1076 5215 1143 5269 A.

2263 5365 2449 5424 altero
2480 5367 2699 5420 ἄπιστοι
2712 5412 2724 5424 ,

568 5368 652 5440 (b)
684 5366 930 5441 Duobus
967 5365 1279 5441 vocabulis
1346 5365 1649 5441 expressit
1680 5365 1986 5441 λαίμαργοι.
2034 5369 2148 5424 Nec

496 5435 700 5498 tamen
723 5439 869 5495 mihi
921 5435 1227 5511 probabile
1279 5443 1382 5499 est,
1424 5435 1548 5511 duo
1570 5435 1854 5493 fuisse‘in'
1885 5435 2139 5495 'Graaco.

497 5516 610 5570 Nec
678 5508 1012 5583 proximum
1068 5508 1314 5583 ἀπειθὴς,
1365 5508 1635 5583 sollicito.
1715 5511 1978 5575 Ἀπειθὴς,
2051 5510 2153 5581 qui

502 5580 829 5656 difﬁculter
838 5583 952 5640 sibi
967 5580 1315 5652 persuaderi
1322 5581 1578 5650 patitur.
1603 5583 1730 5638 Non
1742 5596 1884 5652 ergo
1897 5580 2160 5653 opus’est

2328 5436 2403 5517 (ο)
2440 5435 2971 5517 ιηΐαηιίιιῃιληονε
3000 5438 3325 5497 viventibus
3372 5435 3485 5495 Sed
3523 5445 3920 5517 νηπεοὲζοντες

2257 5514 2315 5565 et
2344 5508 2521 5567 νήπιοι
2550 5524 2672 5566 non
2700 5508 3006 5568 differunt.
