3990 6206
154 221 251 279 221

1160 227 1531 286 COMMENT.
1582 227 1652 285 IN
1690 229 2134 290 MATTHIEUM.
2171 265 2242 278 —
2280 237 2440 297 CAP.
2490 237 2566 297 V.

3415 238 3519 296 222

165 345 348 400 ὀδόντα
396 349 518 401 ἀντὶ
577 345 788 415 ὀδόντος
841 351 1118 422 ἐκϐάλλειν,
1150 359 1241 407 καὶ
1290 353 1576 427 ἀσυμαθοῗς
1628 357 1765 409 κατὰ

1900 373 1944 414 ιο
1974 359 2215 417 dentem
2240 377 2350 434 pro
2385 363 2554 420 dente
2587 380 2810 431 eruere,
2845 371 2902 424 et
2940 367 3066 424 sine
3106 365 3528 438 compassione

166 447 244 490 τοῦ
291 438 605 501 ἐκϐαλόντος
653 441 916 515 ὀφθαλμὸν
956 445 984 502 ἢ
1018 440 1212 497 ὀδόντα
1248 446 1386 506 τινός
1431 448 1524 502 τὴν
1579 465 1763 498 ταυτο-

165 530 374 580 ςτάθειαν
445 527 822 603 ἀποφηναμένῳ
853 551 866 564 ·
897 535 1009 584 ἔστι
1058 530 1118 585 δε
1185 533 1419 606 μάλιστα
1471 532 1763 607 φιλάνθρω-

167 637 252 677 re;
301 618 462 679 οὗτος
496 621 522 670 ό
565 623 740 681 νόαος.
795 627 958 674 Τοῦτο
1004 624 1102 694 γὰρ
1159 621 1436 691 ἐκέλευσεν,
1496 624 1576 674 ἱνα
1626 623 1764 696 φόϐῳ

167 716 248 767 τῆς
321 709 713 770 ταυτοπαθείας
783 715 856 781 μὴ
938 715 1057 772 τοὺς
1135 710 1365 769 ἀλλήλων
1445 711 1765 764 ἔκκόπτωσιν

168 795 457 868 ὀφθαλμοὺς
522 802 613 849 καὶ
665 794 885 860 ὀδόντας
944 801 992 851 oi
1044 802 1159 852 τότε
1214 801 1499 874 ἄνθρωποι,
1559 797 1768 876 σφόδρα

170 885 439 946 λυττῶντες
483 885 554 946 εἰς
599 888 694 948 τὰς
745 887 858 939 κατ’
905 886 1133 947 ἁλληλὼν
1184 888 1404 961 πληγάς.
1444 889 1502 942 '0
1538 887 1596 943 δὲ
1635 897 1764 963 Χρι-

173 978 285 1036 στός
347 973 835 1050 φιλανθρωπότερον
881 980 1186 1050 νομοθετῶν,
1247 979 1342 1031 οὐκ
1392 978 1448 1031 ἐκ
1499 988 1592 1041 τῆς
1634 999 1768 1031 ταυ-

166 1066 436 1125 τοπαθείας
485 1063 796 1137 ἀνεχαίτισε
848 1068 914 1119 τὰ
965 1074 1201 1132 τοιαῦτα,
1259 1066 1369 1120 ἀλλ’
1417 1067 1472 1121 ἐκ
1519 1076 1615 1129 τῆς
1650 1068 1764 1141 μελ-

166 1153 350 1214 λούσης
399 1153 687 1217 κολάσεως.
737 1155 968 1229 Εἰρηκώς
1003 1158 1104 1230 γὰρ
1141 1160 1189 1209 εν
1235 1165 1343 1218 τοῖς
1392 1156 1764 1231 προλαϐοῦσιν,

165 1245 237 1296 ὅτι
274 1249 367 1304 Ὃς
408 1239 466 1295 δ’
513 1243 578 1295 ἂν
608 1247 724 1317 εἴπῃ
778 1253 850 1315 τῷ
898 1241 1102 1318 ἀδελφῷ
1153 1245 1531 1320 αὑτοῦ,Μωρὲ,
1586 1249 1768 1317 ἔνοχος

165 1336 306 1385 ἔσται
367 1333 450 1394 εἰς
523 1338 618 1392 τὴν
679 1338 883 1406 γέενναν
945 1340 1036 1387 τοῦ
1099 1338 1285 1408 πυρός,
1348 1332 1548 1388 δέδωκε
1615 1342 1765 1404 νοεῖν,

165 1425 236 1474 ὅτι
264 1423 292 1474 ό
325 1422 538 1485 πλήξας
587 1426 764 1494 μεῖζον
819 1425 1269 1496 τιμωρηθήσεται,
1316 1425 1342 1476 ό
1387 1420 1447 1476 δε
1497 1430 1766 1498 πηρὼσας,

162 1514 226 1563 ἔτι
255 1511 457 1565 πλεῖον.
489 1510 644 1564 Ὅθεν
697 1511 931 1565 ἐκέλευσε
959 1517 1032 1584 μὴ
1079 1512 1387 1572 ἀντιστῆναι
1433 1520 1507 1565 τῶ
1537 1523 1764 1587 πονηρῷ.

163 1604 394 1674 Πονηρόν
448 1597 510 1653 δὲ
538 1608 646 1667 νῦν,
691 1604 821 1663 τινες
870 1604 960 1674 μὲν
1003 1605 1091 1654 τόν
1123 1601 1389 1664 πλήξαντα
1424 1601 1562 1655 εἶπον
1599 1623 1611 1636 ·
1655 1604 1680 1654 ό
1713 1599 1771 1655 δε

1875 452 2082 503 contra
2125 466 2262 506 eum
2309 453 2412 524 qui
2452 453 2693 510 oculum
2747 461 2850 512 aut
2899 456 3138 513 dentem
3185 455 3532 526 quempiam

1875 537 2044 605 eruit,
2073 539 2348 595 eamdem
2372 541 2736 599 denuntianti
2756 544 3178 602 calamitatem.
3209 544 3306 599 Est
3327 546 3530 599 autem

1875 623 2002 680 hinc
2033 625 2127 681 lex
2156 627 2384 683 homini
2419 631 2677 687 maxime
2709 633 2922 689 amica.
2956 633 3016 688 [d
3043 633 3201 688 enim
3228 631 3430 703 jussit,
3469 635 3535 686 ut

1875 714 2088 770 timore
2121 716 2329 772 similis
2381 719 2716 775 aftlictionis
2751 725 3048 786 caverent,
3102 738 3177 777 ne
3209 721 3366 777 illius
3390 725 3537 776 tem-

1875 803 2037 873 poris
2062 803 2334 860 homines
2361 807 2464 878 qui
2495 808 2573 863 ad
2600 808 2808 879 plagas
2829 817 3034 866 mutuo
3055 810 3397 866 inferendas
3424 825 3533 866 an-

1874 890 2158 948 helabant
2191 894 2393 950 oculos
2422 901 2524 950 aut
2557 896 2766 952 dentes
2801 899 2912 954 sibi
2945 899 3199 955 invicem
3236 902 3528 955 eruerent.

1879 980 2136 1036 Christus
2175 987 2370 1039 autem
2403 985 2629 1041 homini
2667 987 3116 1044 benevolentior
3142 1004 3328 1060 quam
3360 985 3536 1056 legis-

1876 1068 2048 1134 lator,
2067 1071 2416 1142 hujusmodi
2439 1075 2599 1130 mala
2623 1091 2742 1130 non
2766 1076 2978 1132 similis
2995 1083 3149 1132 metu
3164 1075 3503 1132 afﬂictionis
3521 1118 3534 1141 ,

1879 1157 1983 1213 sed
2005 1157 2210 1214 futura:
2226 1160 2625 1218 damnationis
2649 1163 2858 1220 timore
2879 1165 3180 1221 dissuasit.
3204 1166 3349 1219 Cum
3370 1163 3530 1219 enim

1879 1247 1938 1302 in
1967 1249 2436 1319 praecedentibus
2473 1251 2676 1307 dixerit
2706 1254 2869 1325 quod
2895 1253 2970 1325 (ἀ)
2998 1253 3342 1326 quicunque
3373 1253 3537 1308 dixe-

1880 1336 1950 1392 rit
1977 1336 2140 1394 fratri
2167 1354 2297 1404 suo,
2315 1340 2513 1405 Fatue,
2531 1355 2667 1395 reus
2690 1341 2796 1396 erit
2812 1342 3099 1413 gehennae
3122 1341 3277 1411 ignis
3301 1359 3312 1396 :
3344 1340 3536 1396 mani-

1880 1424 2021 1480 feste
2043 1426 2235 1482 innuit
2265 1442 2402 1482 eum
2429 1429 2532 1500 qui
2558 1429 2908 1494 verberaret,
2944 1431 3078 1502 plus
3100 1447 3138 1502 q
3156 1447 3295 1486 uam
3319 1430 3541 1501 desipe-

1879 1528 1942 1569 re
1965 1515 2060 1586 (e),
2087 1514 2189 1586 qui
2206 1519 2400 1571 autem
2424 1517 2692 1573 membro
2715 1517 3032 1586 mutilaret,
3053 1519 3255 1574 adhuc
3276 1517 3537 1589 amplius

1881 1602 1976 1674 (Γ).
2026 1603 2186 1658 Unde
2217 1603 2392 1672 jussit
2423 1619 2543 1660 non
2591 1606 2862 1662 resistere
2907 1597 3084 1662 fnalo.
3133 1607 3348 1663 Malum
3395 1622 3531 1662 vero

161 1695 556 1762 Χρυσόπομος
585 1690 702 1760 (80)
734 1694 822 1742 τόν
863 1687 1106 1743 διάϐολον
1135 1694 1326 1766 εἴρηκε.
1358 1698 1521 1744 Τοῦτο
1553 1688 1613 1744 δε
1639 1688 1770 1744 εἶπεν

1900 1691 2129 1764 ιιιίιίειω
2154 1691 2251 1747 hic
2278 1692 2442 1748 illum
2469 1693 2765 1760 dixerunt,
2794 1695 2902 1767 qui
2926 1695 3321 1751 verberasset.
3355 1694 3536 1768 Chry-

163 1782 185 1830 ό
239 1783 508 1851 Χριστός,
588 1775 882 1848 διδάσκων,

163 1876 330 1921 ταῦτα
379 1867 670 1940 ἐτολμήθη,
719 1873 811 1921 καὶ
854 1868 940 1922 ἐπὶ
983 1877 1165 1923 τοῦτον
1215 1871 1464 1942 μεθιστὰς
1492 1873 1578 1922 τόν
1614 1871 1774 1942 θυμόν

165 1967 248 2011 τοῦ
303 1959 650 2026 πεπονθότος,
692 1958 1028 2031 ἁγριούμενον
1076 1961 1212 2011 κατὰ
1257 1966 1350 2011 τοῦ
1401 1958 1770 2032 τολμήσαντος.

166 2053 218 2100 Τί
251 2044 343 2100 οὖν
375 2065 392 2117 ;
429 2046 506 2098 Οὐ
554 2043 639 2099 δεῖ
679 2045 986 2107 ἀντιστῆναι
1033 2056 1105 2118 τῷ
1156 2044 1384 2119 διαϐόλῳ
1426 2065 1439 2115 ;
1473 2053 1616 2100 Ναί·
1652 2047 1778 2101 ἀλλὰ

961 1781 1041 1832 ὅτι
1105 1782 1300 1833 ἑκείνου
1373 1780 1770 1855 παροξύναντος,

168 2143 230 2209 μή
281 2135 330 2188 ἐν
385 2143 463 2206 τῷ
505 2135 799 2208 ἀμύνεσθαι
857 2139 942 2188 τόν
1001 2133 1220 2209 ἀδελφόν
1251 2151 1266 2166 ·
1300 2139 1494 2195 ταύτην
1536 2139 1635 2212 γὰρ
1684 2143 1778 2197 τὴν

171 2225 482 2278 ἀντίστασιν
558 2224 815 2278 ἐκώλυσεν
846 2243 859 2255 ⁸
894 2224 1000 2277 ἀλλ’
1069 2222 1139 2277 ἐν’
1176 2234 1248 2297 τῷ
1313 2228 1665 2301 μακροθυμεῖν
1725 2246 1780 2280 τε

169 2321 251 2367 καὶ
296 2317 600 2386 ὑπομένειν.
651 2315 725 2367 Οὐ
773 2318 874 2389 γὰρ
932 2316 1077 2387 θυμῷ
1129 2314 1400 2368 σϐέννυται
1453 2318 1632 2388 θυμός,
1679 2316 1782 2369 ὧσ-

172 2425 258 2478 περ
308 2401 441 2457 οὔδε
491 2409 646 2478 πυρὶ,
680 2411 783 2478 πῦρ
822 2421 835 2433 ⁶
877 2402 1006 2456 ἀλλὰ
1053 2407 1118 2457 τὰ
1164 2403 1367 2457 ἐναντία
1401 2409 1634 2477 γίνονται
1682 2413 1780 2458 τῶν

171 2495 412 2547 ἐναντίων
451 2493 675 2567 ἰάματα.

238 2672 375 2727 Ἀλλ’
417 2702 489 2712 —
545 2671 728 2730 ἄλλην,
799 2669 1019 2738 Κελεύει,
1097 2676 1170 2744 μὴ
1237 2676 1388 2745 μόνον
1453 2677 1524 2746 μὴ
1595 2673 1782 2746 ἀμύνε-

175 2764 318 2827 σθαι,
363 2761 499 2814 ἆλλά
550 2765 642 2812 καὶ
689 2759 881 2833 μᾶλλον
935 2759 1248 2833 ἐμπαρέχειν
1307 2761 1486 2814 ἑαυτὸν
1538 2770 1610 2833 τῷ
1664 2765 1782 2814 παί-

171 2871 295 2916 om,
363 2855 459 2904 rati
522 2847 616 2903 διὰ
673 2858 768 2912 τῆς
841 2849 1168 2912 ἀνεξικακίας
1240 2855 1326 2903 καὶ
1387 2850 1787 2924 μεγαλοψυχίας

172 2940 506 2994 ἀναστέλλειν
566 2939 743 2993 αὐτόν.
817 2938 1016 2992 Βλέπων
1070 2942 1169 3013 γὰρ
1226 2947 1393 2992 ταῦτα
1453 2939 1662 3010 ἐκεῖνος,
1727 2940 1786 2992 οὐ

1883 1786 2181 1837 sostomus
2214 1797 2351 1837 vero
2372 1782 2683 1840 diabolum
2710 1784 2996 1855 intelligit.
3029 1788 3145 1841 Hoc
3167 1789 3361 1841 autem
3386 1783 3535 1840 dixit

1884 1869 2167 1941 Christus,
2201 1869 2422 1926 docens
2452 1871 2616 1943 quod
2653 1887 2722 1928 eo
2753 1872 3070 1942 instigante
3097 1872 3221 1928 haec
3253 1876 3543 1928 attentata

1885 1963 2044 2027 sunt,
2077 1964 2132 2015 et
2161 1959 2220 2015 in
2263 1959 2422 2014 hunc
2465 1960 2786 2016 transmisit
2812 1962 2964 2016 iram
3000 1961 3150 2032 ejus,
3184 1960 3282 2032 qui
3322 1960 3543 2030 injuria

1886 2046 2132 2104 affectus
2163 2051 2269 2111 est,
2315 2053 2732 2118 exasperatam
2771 2047 3059 2105 adversus
3089 2064 3227 2104 eum
3256 2048 3362 2120 qui
3415 2048 3543 2103 haec

1887 2152 2072 2192 ausus
2113 2135 2321 2191 fuerat.
2363 2135 2508 2201 Quid
2551 2151 2692 2206 ergo
2721 2136 2748 2192 ?
2779 2152 2970 2209 neque
3008 2136 3243 2193 diabolo
3272 2137 3540 2194 resistere

1886 2225 2080 2281 licebit
2118 2225 2146 2280 ‘I
2179 2225 2410 2298 Utique,
2457 2224 2564 2280 sed
2595 2241 2716 2281 non
2745 2225 3088 2282 ulciscendo
3122 2225 3296 2282 fratre
3332 2243 3345 2292 ;
3382 2225 3543 2282 hanc

1888 2315 2045 2370 enim
2084 2314 2476 2370 resistentiam
2519 2313 2838 2386 prohibuit,
2881 2315 2987 2370 sed
3030 2315 3089 2370 in
3141 2315 3426 2386 patiendo
3475 2329 3543 2371 ac

1888 2402 2476 2475 sustinendo.Neque
2509 2403 2667 2459 enim
2698 2419 2803 2476 per
2832 2404 2983 2460 iram
3012 2404 3375 2474 extinguitur
3403 2403 3493 2461 ira
3530 2420 3542 2460 :

1891 2492 2046 2548 sicut
2073 2507 2182 2548 nec
2213 2492 2368 2561 ignis
2398 2491 2548 2561 igni,
2582 2491 2688 2547 sed
2713 2493 3010 2549 contraria
3035 2493 3183 2549 ﬁunt
3211 2492 3522 2550 contrariis

1891 2580 2352 2638 medicamenta.

1961 2672 2118 2726 Vers.
2160 2671 2248 2725 39.
2292 2669 2401 2726 Sed
2430 2701 2497 2712 —
2554 2671 2821 2727 alteram.
2865 2671 3040 2727 lubet
3080 2678 3143 2726 ut
3183 2685 3308 2728 non
3352 2669 3546 2726 solum

1891 2775 2013 2816 non
2046 2759 2436 2817 vindicemus.
2485 2761 2588 2816 sed
2619 2760 2846 2832 potius,
2881 2765 2944 2816 ut
2973 2776 3083 2816 nos
3115 2759 3274 2832 ipsos
3302 2758 3550 2815 credenti

1893 2851 2284 2922 praebeamus,
2318 2855 2374 2907 et
2404 2867 2502 2922 per
2532 2849 2853 2922 patientam
2885 2866 2954 2906 ac
2985 2849 3550 2920 magnanimitatem

1895 2940 2093 3011 ipsum
2124 2939 2507 2995 refrenemus.
2547 2939 2678 2995 Haec
2707 2938 2867 2994 enim
2899 2937 2994 2995 ille
3027 2938 3257 3002 videns,
3292 2951 3415 2994 non
3450 2952 3552 2994 so-

169 3035 323 3102 μόνον
372 3029 472 3082 οὐκ
505 3027 682 3092 ἐπάξει
724 3027 931 3100 πληγὴν
979 3025 1243 3103 δευτέραν,
1301 3027 1428 3082 ἀλλὰ
1467 3034 1556 3083 καὶ
1608 3028 1692 3082 ἐπὶ
1721 3036 1780 3102 τῇ

1900 3027 2020 3084 lum
2072 3042 2194 3084 non
2242 3026 2466 3097 inﬂiget
2506 3027 2743 3098 plagam
2784 3027 3052 3092 alteram,
3087 3027 3195 3082 sed
3237 3026 3310 3083 de
3354 3025 3552 3098 prima

172 3127 354 3192 πρώτη
427 3118 869 3193 μεταμελήσεται,
947 3122 1036 3170 καὶ
1087 3117 1542 3191 καταλλαγὴσετοιι
1583 3140 1596 3153 θ
1640 3117 1787 3171 ἀντι-

179 3205 414 3282 δρῶντος
470 3204 534 3261 δέ
584 3226 704 3277 σου,
749 3206 940 3278 μᾶλλον
987 3206 1334 3279 ἰξαφθήσεται
1378 3213 1469 3260 καὶ
1521 3206 1788 3281 ἀγριωθὴ-

177 3317 341 3353 σεται.

249 3392 349 3440 Καὶ
408 3383 444 3439 δ
450 3390 582 3454 ιατί,
661 3384 856 3437 πολλῶν
918 3387 1072 3436 ὄντων
1147 3384 1310 3458 μελῶν
1362 3393 1455 3438 τοῦ
1524 3391 1786 3459 σώματος,

172 3483 292 3548 περὶ
340 3480 507 3548 μόνον
562 3481 657 3526 τοῦ
719 3473 982 3546 όγθαλμοῦ
1037 3479 1124 3527 καὶ
1166 3481 1258 3527 τοῦ
1306 3470 1519 3536 ὀδόντος
1557 3471 1788 3528 διίλαϐεν

171 3567 198 3616 ό
255 3570 458 3638 νόμος;
504 3568 649 3616 Διότι
701 3565 838 3615 κατὰ
898 3567 1089 3615 τούτων
1155 3563 1387 3635 μάλιστα
1458 3572 1558 3617 τῶν
1623 3572 1790 3639 μερῶν

171 3654 425 3707 εἰώθασιν
475 3656 690 3724 ἐπάγειν
735 3655 829 3713 τὰς
865 3652 1070 3724 πληγὰς
1114 3655 1162 3705 οἱ
1199 3657 1516 3726 μαχόμενοι,
1561 3655 1629 3715 ὡς
1659 3651 1786 3725 ἀφυ-

171 3743 380 3796 λάκτων
431 3747 529 3796 καὶ
575 3746 875 3816 προχείρων
948 3745 1035 3794 καὶ
1102 3737 1298 3816 ῥᾳδίως
1373 3743 1793 3817 τραυματιζομέ-

169 3853 290 3889 νων.
350 3832 410 3885 ’0
467 3829 522 3884 δ’
580 3830 664 3883 ἐπὶ
739 3832 939 3892 τούτοις
995 3833 1150 3902 νόμος
1221 3835 1311 3883 καὶ
1369 3829 1451 3883 ἰπὶ
1501 3831 1671 3883 πάντα
1725 3831 1792 3882 τὰ

168 3922 338 3974 λοιπὰ
365 3921 653 3974 ἐκτείνεται
701 3919 850 3993 μέλη.
895 3923 996 3972 Καὶ
1026 3920 1055 3977 ἠ
1094 3915 1243 3982 δεξιὰ
1296 3915 1355 3972 δὲ
1410 3924 1606 3990 σιαγών
1660 3925 1791 3992 πρό-

168 4030 363 4084 χειρος
423 4011 500 4071 εἰς
586 4008 760 4083 ὕϐριν,
842 4004 1254 4082 ἐπιτήδειότερον
1331 4007 1662 4081 ἐμπίπτουσα
1725 4015 1787 4080 τῇ

171 4099 334 4171 δεξιᾷ
362 4105 516 4174 χειρὶ
561 4107 656 4152 τοῦ
703 4097 1030 4172 ὑϐρίζοντος.
1073 4103 1174 4151 Καὶ
1222 4099 1253 4156 ἡ
1289 4097 1372 4151 ἐπὶ
1419 4100 1580 4170 ταύτῃ
1613 4096 1788 4156 ἐντολὴ

171 4197 269 4242 καὶ
314 4189 399 4242 ἐπὶ
429 4192 499 4242 τὰ
526 4187 686 4240 λοιπὰ
716 4189 900 4260 ὁμοίως
931 4183 965 4240 δ
971 4191 1124 4245 ιήκει.

1895 3133 2138 3190 quoque
2169 3117 2473 3188 resipiscet
2493 3134 2562 3172 ac
2591 3117 3070 3174 reconciliabitur
3099 3134 3110 3173 :
3140 3116 3306 3189 quod
3336 3117 3384 3172 si
3435 3131 3554 3172 ree-

1897 3206 2100 3273 titeris,
2129 3207 2479 3263 accendetur
2504 3207 2699 3276 magis
2728 3210 2784 3262 et
2813 3205 3283 3277 exasperabitur.

1968 3385 2160 3450 Quare
2190 3385 2405 3448 autem,
2440 3397 2578 3437 cum
2613 3377 2798 3437 multa
2832 3379 2947 3436 sint
2971 3379 3235 3452 corporis
3259 3379 3553 3447 membra,

1895 3474 1966 3530 de
1996 3473 2124 3530 solo
2155 3472 2330 3528 oculo
2361 3487 2430 3528 ac
2475 3471 2651 3527 dente
2697 3470 2970 3526 distinxit
2999 3469 3072 3541 (g)
3103 3469 3196 3525 lex
3227 3470 3255 3526 ?
3286 3469 3437 3535 Quia
3463 3469 3558 3525 his

1897 3561 2194 3637 praecipue
2219 3560 2488 3633 partibus
2516 3559 2707 3616 solent
2727 3566 3062 3632 pugnantes
3089 3559 3298 3630 plagas
3319 3558 3555 3624 inferre,

1899 3657 2098 3724 utpote
2131 3652 2326 3708 minus
2359 3652 2625 3713 servatis,
2670 3665 2928 3722 quaeque
2959 3647 3152 3719 magis
3181 3648 3243 3704 in
3273 3652 3560 3720 promptu

1897 3747 2055 3809 sunt,
2087 3757 2157 3797 ac
2185 3739 2414 3796 facilius
2464 3738 2870 3794 vulnerantur.
2914 3737 3018 3793 Per
3062 3736 3190 3793 haec
3233 3742 3434 3792 autem
3482 3736 3560 3792 ad

1897 3837 2109 3887 caetera
2133 3845 2368 3903 quoque
2389 3827 2660 3884 membra
2684 3827 2778 3883 lex
2799 3826 3154 3882 extenditur.
3178 3827 3393 3882 Dextra
3414 3841 3562 3897 quo-

1897 3937 2012 3993 que
2043 3919 2284 3975 maxilla
2325 3917 2588 3974 maxime
2626 3916 2847 3972 idonea
2894 3919 2983 3972 est
3021 3916 3099 3972 ad
3145 3914 3559 3971 sustinendam

1897 4010 2180 4081 injuriam
2217 4023 2354 4080 qum
2400 4010 2456 4063 et
2485 4006 2864 4062 commodius
2903 4005 3180 4076 pulsatur
3211 4020 3390 4061 manu
3421 4004 3562 4059 dex-

1899 4106 1989 4155 tra
2023 4097 2304 4168 injuriam
2346 4095 2666 4165 irrogantis
2718 4111 2730 4149 :
2781 4099 2836 4150 et
2883 4093 2958 4150 de
3005 4094 3119 4150 hac
3167 4099 3251 4149 est
3299 4107 3558 4164 praecep-

1897 4194 2027 4245 tum
2052 4185 2214 4259 quod
2245 4185 2424 4241 etiam
2460 4183 2538 4240 ad
2565 4182 2794 4256 reliqua
2824 4183 3098 4238 membra
3127 4181 3394 4238 similiter
3431 4195 3558 4252 per-

1903 4275 2101 4344 tingit.

249 4375 365 4422 Kal.
410 4376 486 4438 τῷ
516 4396 585 4408 -—
630 4367 853 4437 ἱμάτιον.
915 4364 1155 4418 Βούλεταί
1212 4384 1270 4418 σε
1320 4369 1414 4424 τὴν
1467 4363 1780 4427 ἁνεξικακίαι

1972 4364 2136 4419 Vers.
2186 4363 2274 4419 40.
2315 4363 2393 4417 Et
2417 4393 2483 4401 —
2515 4361 2782 4431 pallium.
2823 4358 2956 4414 Vult
2987 4363 3048 4413 ut
3072 4355 3442 4451 tolerantiam
3485 4371 3555 4411 ac

163 4463 266 4510 καὶ
300 4455 718 4528 μεγαλοψυχίαν
770 4457 983 4526 ταύτην,
1037 4459 1107 4526 μὴ
1161 4460 1314 4526 μόνον
1354 4456 1439 4506 επὶ
1468 4453 1678 4526 πληγῶν
1704 4457 1794 4506 καὶ

167 4545 406 4618 ὕϐρεων,
472 4543 606 4597 ἀλλὰ
684 4548 774 4596 καὶ
832 4541 915 4596 ἐπὶ
993 4545 1269 4615 κτημάτων
1338 4547 1428 4595 καὶ
1505 4544 1794 4617 χρημάτων

163 4636 543 4708 παρέχεσθαι.
584 4632 644 4685 ’0
669 4635 773 4705 γὰρ
815 4637 929 4707 περὶ
961 4639 1052 4684 τοῦ
1083 4640 1310 4704 χιτῶνος
1346 4631 1517 4704 λόγος,
1569 4635 1632 4692 ὡς
1661 4651 1794 4704 προ-

169 4729 379 4795 χείρου
405 4724 478 4784 εἰς
505 4726 566 4775 τὸ
599 4720 956 4796 ἀφαιρεῖσθαι,
989 4726 1078 4775 καὶ
1108 4720 1192 4774 ἐπὶ
1220 4727 1389 4773 ταῦτα
1421 4717 1455 4772 δ
1461 4726 1620 4780 ιήκει.
1659 4725 1797 4781 Φησὶ

169 4815 304 4883 rip,
363 4815 448 4864 ότι
488 4817 573 4882 Τῷ
625 4811 817 4864 θέλοντί
886 4829 970 4862 σοι
1023 4807 1354 4864 δικάσασθαι
1405 4814 1494 4864 καὶ
1555 4813 1642 4862 τόν
1701 4831 1800 4882 χι-

173 4905 326 4952 τᾶ,νοὶ
390 4920 483 4952 σου
547 4899 742 4967 λαϐεῖν,
803 4901 926 4972 ἄφες
983 4900 1124 4970 αὐτῷ
1182 4905 1272 4953 καὶ
1327 4903 1385 4952 τὸ
1434 4901 1657 4972 ἱμάτιον,
1709 4904 1798 4952 καὶ

175 4996 412 5046 "lxx-mu
445 4995 533 5047 τήν
586 4990 747 5042 αὑτοῦ
805 4988 1114 5056 πλεονεξίαν,
1166 4994 1236 5062 μὴ
1293 4993 1446 5062 μόνον
1486 4996 1547 5060 τῇ
1578 4988 1800 5060 ἑκουσίῳ

1905 4451 2461 4524 magnanimitatem
2510 4451 2667 4506 hanc
2708 4463 2828 4504 non
2873 4447 2952 4503 ad
2997 4446 3208 4518 plagas
3255 4443 3451 4500 solum
3507 4447 3566 4499 et

1906 4543 2174 4614 injurias,
2227 4541 2332 4597 sed
2371 4539 2451 4596 ad
2497 4537 2912 4611 possessiones
2967 4550 3204 4608 quoque
3243 4531 3554 4606 prtebeas:

1906 4631 1984 4689 ad
2019 4631 2138 4687 ista
2179 4644 2397 4701 nempe
2438 4625 2720 4700 pertingit
2764 4625 2943 4681 etiam
2982 4638 3200 4687 sermo,
3241 4621 3345 4694 qui
3389 4621 3454 4677 ﬁt
3487 4622 3562 4678 de

1909 4721 2124 4785 tunica,
2143 4723 2345 4791 utpote
2370 4713 2767 4773 commodiori
2781 4713 3182 4770 utauferatur:
3204 4711 3346 4768 dicit
3370 4710 3530 4766 enim
3553 4725 3564 4764 :

1919 4809 2147 4867 Valenti
2192 4814 2242 4863 te
2291 4807 2354 4863 in
2390 4807 2496 4877 jus
2525 4805 2776 4870 trahere,
2819 4810 3085 4875 tuamque
3122 4801 3360 4872 auferre
3419 4799 3572 4856 tuni-

1907 4913 2054 4966 cam,
2069 4897 2372 4969 relinquas
2389 4895 2558 4952 etiam
2572 4900 2626 4951 et
2643 4892 2914 4964 pallium,
2936 4908 3005 4948 ac
3016 4892 3221 4948 vincas
3247 4888 3402 4946 illius
3427 4903 3568 4946 ava-

1912 4988 1960 5044 ri
1976 4989 2138 5053 tiam,
2162 5001 2282 5042 non
2301 4989 2534 5042 tantum
2547 4982 2893 5041 substantiae
2913 4997 3101 5055 quam
3118 4978 3568 5054 petitcessione,

1416 5166 1640 5236 Varia:
1668 5165 1996 5234 lectiones
2034 5172 2101 5232 et
2139 5172 2341 5232 notae.

255 5283 397 5356 (80)
425 5287 466 5340 t.
500 5283 618 5350 VII,
642 5298 703 5357 p.
737 5284 862 5340 234.

257 5439 355 5513 (ιθ
373 5438 570 5513 _l_iror,
600 5438 979 5513 interpretem
1006 5441 1086 5513 ᾷτι
1110 5439 1468 5513 expressisse
1499 5454 1604 5513 per
1617 5439 1795 5512 quod,

172 5509 334 5571 cum
367 5509 436 5564 id
464 5510 518 5564 in
549 5509 770 5566 talibus
793 5511 1108 5567 redundet.

257 5586 346 5652 te)
401 5581 533 5638 Plu:
554 5599 729 5655 quam
749 5583 1032 5654 desipere.
1054 5582 1348 5652 Severius,
1369 5582 1610 5654 gravius
1628 5582 1800 5655 puni-

1908 5443 2292 5581 tuixfl‘)lzldhac
2331 5504 2606 5581 amplius.
2626 5502 2832 5581 titiam
2857 5500 3133 5581 gravius.
3160 5570 3170 5580 .

1999 5509 2292 5581 nAdhuc
2331 5509 2606 5574 amplius.
2643 5509 2832 5560 Etiam
2864 5509 3170 5580 gravius“

1979 5509 2064 5653 fg)
2093 5576 2370 5635 Distth
2393 5575 2724 5650 Separatim
2751 5572 2898 5632 dixit
2926 5573 3217 5645 praecepit.
