3990 6206
468 254 574 311 223

1784 252 2136 310 EUTHYMII
2176 253 2507 315 ZIGABENI

3720 256 3826 312 224

468 394 679 435 verum
718 378 897 436 etiam
927 378 1209 435 addendo
1240 380 1404 451 quod
1433 394 1555 436 non
1585 380 1744 453 petit.
1778 382 1927 437 Cum
1966 379 2123 435 enim

2232 386 2616 457 παραχωρήσει
2644 388 2737 435 τοῦ
2769 384 3170 455 απαιτουμένου,
3205 381 3332 435 ἀλλὰ
3364 387 3453 435 καὶ
3498 389 3561 456 τῇ
3592 386 3828 457 προσθή-

468 468 597 525 haec
641 468 869 532 feceris,
918 467 1007 523 vel
1040 468 1333 540 relinquet
1375 469 1539 540 quod
1590 468 1849 539 petebat,
1898 473 2125 524 tantam

467 558 690 614 veritus
703 556 1095 613 Christianam
1110 562 1274 613 tuam
1292 557 1728 629 philosophiam
1740 602 1753 625 ,
1774 557 1866 613 vel
1878 573 1947 613 eo
1960 558 2123 629 quod

467 647 615 718 petit
656 646 877 709 ablato,
916 661 1033 701 non
1064 646 1305 716 attinget
1343 646 1510 718 quod
1551 662 1670 701 non
1706 646 1988 717 petebat;
2016 644 2127 700 fre-

469 738 715 808 quenter
728 740 927 791 autem
951 734 1258 790 avaritiam
1284 751 1457 790 suam
1478 734 1815 805 redarguet.
1846 735 1903 790 Si
1926 741 2125 790 autem

469 840 607 880 cum
656 839 726 879 eo
770 824 845 880 ad
881 823 1180 895 judicium
1219 824 1465 895 quidem
1498 840 1619 879 non
1650 824 1991 887 accesseris,
2034 838 2127 879 vc-

466 929 602 969 rum
653 914 709 967 id
765 919 997 968 tantum
1053 912 1214 984 quod
1254 913 1391 983 petit
1443 912 1682 967 dederis
1737 928 1749 966 :
1808 912 1973 983 quod
2022 911 2124 967 tibi

468 1001 584 1074 ipsi
626 1002 823 1057 solum
870 1000 1005 1056 utile
1045 1008 1135 1056 est
1176 1002 1384 1057 fecisti.
1432 1002 1491 1056 Si
1540 1017 1680 1057 vero
1731 1001 2030 1066 addideris
2072 1005 2129 1055 et

470 1091 650 1157 aliud,
699 1091 965 1146 animam
1005 1106 1244 1163 quoque
1275 1090 1431 1145 illius
1480 1090 1838 1155 lucrifecisti,
1881 1089 2128 1160 duplex-

470 1196 587 1254 que
640 1181 871 1236 bonum
902 1178 1215 1251 perfecisti.
1265 1182 1416 1235 Nam
1464 1186 1520 1235 et
1550 1178 1805 1235 tribunal
1835 1178 2124 1245 devitasti,

472 1274 531 1327 et
560 1270 875 1325 avaritiam
908 1268 1268 1324 convertisti.

544 1359 796 1414 Pallium
829 1357 1071 1429 quidem
1104 1362 1209 1426 est,
1242 1357 1407 1429 quod
1438 1372 1617 1429 super
1639 1357 1784 1413 alias
1810 1361 2002 1413 vestes
2026 1371 2129 1427 ge-

471 1452 723 1514 stamus,
757 1445 957 1501 tunica
988 1460 1130 1501 vero
1155 1461 1341 1517 quam
1373 1444 1637 1501 interius.
1674 1445 1900 1517 Saepius
1930 1449 2124 1501 autem

472 1539 497 1589 ὁ
552 1541 718 1608 χιτὼν
773 1538 832 1587 1'6
900 1536 1101 1607 ῖμάτιον
1167 1534 1379 1589 dicitur
1434 1550 1470 1591 a
1531 1535 1846 1598 contrario,
1913 1534 1973 1590 id
2020 1540 2124 1599 est,

470 1626 673 1682 tunica
698 1624 964 1695 pallium,
1001 1639 1069 1678 ac
1100 1622 1350 1695 pallium
1380 1624 1603 1680 tunica.
1642 1624 1946 1681 Interdum
1979 1640 2127 1694 quo-

2232 491 2298 544 κῃ
2331 479 2421 524 τοῦ
2469 477 2539 543 μὴ
2583 471 2981 544 ἁπαιτουμένου·
3030 478 3180 525 τοῦτο
3205 476 3306 547 ’γάρ
3352 491 3444 524 σου
3475 478 3762 537 ποιοῦντος,
3792 473 3823 531 ἦ

2232 561 2532 631 καταλείψει
2569 564 2627 613 τὸ
2687 560 3083 633 ἀπαιτούμενον,
3142 558 3411 622 αἰδεσθεὶς
3450 566 3544 620 τὴν
3582 561 3833 619 τηλικαύ-

2233 671 2326 709 την
2381 670 2474 703 σου
2533 650 2856 724 φιλοσοφίαν,
2905 652 2934 709 ἦ
2994 654 3052 702 τὸ
3100 649 3472 723 ἀπαιτούμενον
3531 655 3681 722 μόνον
3732 650 3830 703 λα-

2235 740 2356 805 ϐὼν,
2396 740 2501 811 οὐχ
2532 739 2721 810 ἅψεται
2751 743 2840 811 μὲν
2880 746 2971 791 τοῦ
3018 745 3087 812 μὴ
3129 738 3527 812 ἁπαιτουμένου,
3558 745 3833 810 καταγνώ-

2236 849 2379 883 σεται
2412 826 2470 882 δὲ
2515 829 2677 881 πολλὰ
2724 837 2817 889 τῆς
2876 828 3060 881 ἑαυτοῦ
3116 829 3421 891 πλεονεξίας.
3487 834 3586 882 Καὶ
3631 828 3674 881 εἰ

2234 922 2305 989 μὴ
2343 915 2705 991 συνδικασθῇς
2734 918 2892 989 αὐτῷ,
2937 916 3063 970 ἀλλὰ
3108 915 3306 991 δώσῃς,
3338 922 3395 970 τὸ
3438 925 3659 971 σεαυτοῦ
3692 937 3835 990 συμ-

2236 1010 2382 1080 φέρον
2439 1012 2592 1078 μόνον
2654 1006 2919 1067 ἐποίησας·
2980 1007 3024 1060 εἰ
3077 1003 3136 1060 δὲ
3191 1009 3520 1080 προσθήσῃς,
3590 1008 3835 1060 κάκείνου

2234 1100 2328 1154 τὴν
2372 1096 2553 1167 ψυχὴν
2601 1093 2887 1169 ὠφέλησας,
2930 1100 3020 1149 καὶ
3054 1092 3269 1148 διπλοῦν
3325 1094 3519 1168 ἀγαθὸν
3549 1098 3837 1171 κατώρθω-

2239 1205 2349 1251 σας,
2393 1186 2548 1248 αὐτὸς
2574 1205 2629 1238 τε
2661 1182 3019 1259 δικαστηρίων
3074 1183 3401 1257 ἀπαλλαγεὶς,
3452 1189 3543 1238 καὶ
3594 1188 3679 1237 τὸν
3710 1185 3836 1238 πλε-

2237 1279 2445 1333 ονέκτην
2476 1273 2741 1347 ἐντρέψας.

2305 1362 2529 1436 Ἰμάτιον
2594 1366 2683 1435 μὲν
2740 1360 2827 1416 οὖν
2867 1361 3066 1416 ἔστιτὸ
3111 1362 3233 1435 παρ’
3265 1364 3388 1435 ἡμῖν
3450 1361 3831 1435 ἐπανωφόριον’

2236 1456 2404 1525 χιτὼν
2455 1449 2533 1521 δὲ,
2584 1456 2640 1505 τὸ
2702 1449 2865 1505 ἔνδον.
2926 1449 3251 1527 Ἀδιαφόρως
3294 1452 3407 1524 (81)
3463 1448 3522 1505 δὲ
3584 1450 3844 1514 πολλάκις

2235 1542 2439 1613 λέγεται
2488 1543 2627 1593 καὶὸ
2659 1546 2824 1613 χιτὼν
2866 1543 3090 1613 ἱμάτιον,
3140 1545 3229 1593 καὶ
3274 1544 3331 1593 τὸ
3375 1542 3578 1611 ἱμάτιον
3630 1546 3832 1613 χιτών.

2237 1630 2395 1685 ’Ἐστι
2448 1627 2507 1683 δὲ
2537 1632 2616 1683 ὅτε
2654 1636 2743 1683 καὶ
2788 1633 2960 1683 πὰντα
3003 1639 3239 1703 χιτῶνες,
3285 1634 3373 1682 καὶ
3414 1633 3581 1682 πάντα
3626 1632 3842 1702 ἱμάτια.

471 1730 583 1786 que
622 1712 819 1769 omnis
856 1712 1038 1769 vestis
1077 1728 1237 1768 nunc
1268 1715 1471 1785 ἱμάτιον
1513 1728 1673 1768 nunc
1712 1717 1901 1785 χιτὼν,
1945 1713 2127 1768 modo

2239 1721 2297 1774 Εἰ
2333 1717 2391 1773 δὲ
2435 1721 2459 1771 ὁ
2514 1726 2722 1782 Λουκᾶς
2774 1739 2951 1793 φησιν,
3002 1721 3080 1772 ὅτι
3128 1718 3253 1772 Ἀπὸ
3305 1725 3398 1771 τοῦ
3454 1722 3689 1791 αῖροντός
3739 1738 3843 1772 σου

468 1802 740 1877 pallium,
801 1802 986 1858 modo
1036 1802 1236 1858 tunica
1282 1801 1633 1873 appellatur.
1682 1805 1746 1858 Et
1799 1801 1933 1858 licet
1971 1802 2128 1857 dicat

474 1896 658 1950 Lucas
712 1908 724 1947 :
766 1892 855 1946 Ab
894 1907 958 1948 eo
999 1891 1101 1963 qui
1148 1892 1347 1960 aufert
1393 1909 1427 1946 a
1479 1898 1533 1948 te
1564 1892 1841 1961 pallium,
1874 1897 1927 1947 et
1982 1890 2131 1946 tuni-

472 1997 600 2039 cam
631 1997 705 2038 ne
731 1980 1038 2051 prohibeas
1076 1982 1119 2046 ⁷,
1149 1979 1312 2037 nulla
1342 1984 1543 2037 tamen
1574 1984 1662 2037 est
1719 1980 2127 2036 contradictio.

473 2075 605 2129 Haec
643 2072 801 2127 enim
847 2076 1098 2143 utraque
1150 2070 1295 2126 dixit
1342 2070 1606 2126 Christus
1662 2087 1674 2137 ;
1722 2070 1837 2126 hoc
1882 2070 2131 2142 quidem

471 2163 533 2218 in
585 2165 797 2229 monte,
847 2161 1008 2232 quod
1057 2175 1193 2215 vero
1244 2159 1406 2230 apud
1461 2160 1679 2215 Lucam
1740 2163 1846 2224 est,
1911 2159 2131 2215 inloco

472 2249 811 2323 campestri.
847 2248 999 2315 Quid
1038 2264 1179 2318 ergo
1210 2248 1237 2303 ?
1266 2248 1501 2304 nudum
1539 2252 1773 2319 oportet
1801 2248 2075 2304 incedere
2104 2248 2132 2304 ‘I

468 2344 556 2396 An
621 2338 728 2395 tibi
798 2353 1091 2407 magnum
1170 2337 1421 2401 videtur,
1499 2341 1562 2393 ut
1637 2338 1715 2393 ob
1759 2336 1956 2392 fratris
2015 2337 2130 2393 uti-

470 2430 695 2487 litatem
728 2427 926 2483 nudus
958 2427 1201 2483 incedas
1250 2429 1272 2482 ?
1320 2430 1516 2499 Neque
1554 2431 1755 2483 tamen
1786 2426 1865 2482 ad
1904 2430 2131 2482 tantam

472 2517 738 2592 impellet
767 2517 1269 2573 inhumanitatem
1313 2539 1325 2570 :
1368 2520 1535 2575 tuam
1589 2515 1769 2581 enim,
1796 2519 1860 2571 ut
1906 2515 2131 2571 dictum

475 2612 582 2674 est,
632 2606 933 2663 verebitur
981 2605 1558 2676 magnanimitatem.

539 2698 708 2754 Vers.
761 2698 850 2753 41.
882 2698 963 2751 Et
1008 2726 1077 2736 —
1124 2696 1252 2750 duo.
1295 2697 1468 2750 Vetus
1514 2694 1757 2766 quidem
1791 2696 2135 2750 Testamen-

468 2791 597 2844 tum
643 2787 814 2859 juxta
856 2785 1045 2842 solam
1089 2785 1432 2854 gravitatem
1482 2785 1606 2839 vitii
1653 2784 1883 2856 species
1926 2783 2133 2839 distin-

471 2891 679 2947 guens,
751 2875 907 2930 levia
961 2873 1323 2945 praeteribat.
1379 2873 1641 2928 Christus
1707 2888 1845 2929 vero
1908 2874 1982 2929 de
2039 2872 2132 2928 his

470 2980 714 3036 quoque
752 2964 945 3033 legem
985 2961 1132 3027 tulit,
1175 2962 1464 3033 incipiens
1503 2977 1648 3017 sane
1689 2978 1724 3017 a
1763 2962 2042 3033 graviori,
2078 2966 2133 3018 et

2235 1814 2291 1863 1'6
2367 1809 2588 1882 ἱμάτιον,
2675 1814 2763 1862 καὶ
2845 1813 2931 1861 τὸν
2998 1817 3203 1881 χιτῶνα
3271 1812 3343 1882 μὴ
3411 1808 3670 1881 κωλύσῃς,
3737 1808 3844 1861 οὐκ

2237 1902 2377 1952 ἔστιν
2422 1897 2796 1970 ἐναντιολογία.
2864 1903 2961 1951 Καὶ
2994 1900 3148 1971 ἄμφω
3204 1900 3305 1973 γὰρ
3355 1900 3422 1963 τὰ
3456 1898 3593 1971 ῥητὰ
3624 1897 3761 1950 εἶπεν
3814 1898 3843 1948 ὁ

2235 1991 2487 2061 Χριστὸς,
2535 1987 2691 2040 ἐκεῖνο
2740 1990 2850 2060 μὲν,
2911 1986 2994 2040 ἐπὶ
3032 1994 3124 2040 τοῦ
3164 1989 3335 2060 ὄρους,
3373 1990 3429 2039 τὸ
3472 1984 3551 2056 δε,
3583 1989 3730 2061 παρά
3759 1993 3845 2057 τῷ

2236 2082 2437 2147 Λουκᾶ,
2489 2076 2572 2129 ἐπὶ
2615 2081 2774 2129 τόπου
2826 2073 3064 2134 πεδινοῦ.
3094 2080 3158 2130 Τί
3195 2073 3282 2129 οὖν
3316 2079 3551 2148 ;γυμνόν
3612 2073 3698 2128 δεῖ
3751 2095 3851 2128 πε-

2236 2170 2420 2240 ριιέναι
2454 2182 2467 2233 ;
2500 2170 2635 2238 μέγα
2688 2169 2778 2236 μεν
2836 2162 2943 2233 οὖν,
3002 2169 3062 2217 τὸ
3130 2162 3205 2219 δι’
3262 2165 3502 2238 ὠφέλειαν
3541 2172 3633 2217 τοῦ
3686 2160 3850 2217 αδελ-

2238 2262 2333 2329 φοῦ
2371 2259 2622 2331 περιιέναι
2645 2259 2837 2328 ’γυμνόν
2873 2273 2886 2323 ;
2918 2255 3012 2308 οὐκ
3050 2256 3110 2307 ἄν
3154 2252 3213 2308 δὲ
3241 2255 3306 2315 εἰς
3334 2257 3599 2312 τοσαύτην
3647 2252 3851 2315 ἐκεῖνος

2239 2346 2608 2419 απανθρωπίαν
2638 2343 2822 2418 ἐλάσῃ,
2857 2342 3209 2412 δυσωπηθεὶς,
3267 2346 3336 2407 ὡς
3366 2346 3589 2419 εἴρηται,
3618 2348 3707 2402 τὴν
3740 2346 3853 2402 σήν

2238 2433 2639 2507 μεγαλοψυχίαν
2653 2478 2667 2492 .

2311 2698 2411 2749 Καὶ
2467 2694 2615 2754 ὅστις
2675 2723 2743 2734 --
2803 2689 2920 2749 δύο.
2984 2691 3042 2745 Ὀ
3094 2696 3184 2765 μὲν
3236 2692 3454 2755 παλαιὸς
3504 2697 3661 2765 νόμος
3719 2699 3857 2767 περὶ

2238 2788 2395 2857 μόνον
2425 2783 2517 2835 τοῦ
2557 2781 2844 2858 βαρυτέρου
2880 2779 3051 2845 εἴδους
3109 2790 3206 2844 τῆς
3233 2787 3507 2843 κακώσεως
3552 2778 3855 2850 διαλαϐὼν,

2236 2877 2304 2926 τὰ
2354 2872 2547 2945 ἐλαφρὰ
2593 2868 2942 2945 παρέδραμον
2994 2873 3019 2923 ὀ
3066 2867 3127 2924 δε
3156 2875 3388 2945 Χριστὸς
3434 2875 3522 2924 καί
3568 2876 3689 2946 περὶ
3716 2876 3856 2925 τού-

2237 2983 2336 3015 των
2363 2962 2746 3034 ἐνομοθέτησεν,
2777 2960 3059 3034 ἁρξάμενος
3099 2964 3188 3033 μὲν
3230 2960 3330 3013 ἀπὸ
3382 2969 3474 3014 τοῦ
3515 2960 3859 3035 βαρυτέρου,

470 3053 752 3109 desinens
784 3053 843 3107 in
884 3051 965 3117 id,
999 3050 1156 3123 quod
1196 3051 1387 3107 levius
1415 3056 1521 3106 est.
1561 3051 1804 3108 Gravius
1835 3051 2127 3124 siquidem

2239 3051 2532 3114 καταλήξας
2591 3048 2650 3103 δὲ
2715 3050 2785 3112 εἰς
2852 3054 2909 3102 τὸ
2986 3049 3338 3125 ἐλαφροτερον.
3394 3052 3689 3125 Βαρύτερον
3756 3056 3863 3123 μὲν

472 3146 559 3199 est
598 3141 753 3198 oculi
791 3145 891 3197 aut
930 3139 1125 3195 dentis
1164 3140 1579 3195 excussionem
1614 3140 1755 3212 pati,
1803 3156 1989 3213 quam
2022 3140 2131 3195 via:

469 3232 686 3287 ducem
717 3246 779 3286 se
808 3229 1095 3302 prrebere,
1140 3234 1242 3285 aut
1298 3229 1501 3285 cibum
1542 3229 1994 3285 subministrare
2022 3229 2128 3301 (h),

468 3320 679 3377 deinde
724 3320 785 3376 in
822 3318 1127 3375 maxillam
1160 3318 1400 3389 injuria,
1428 3335 1561 3391 quae
1598 3319 1857 3375 maximo
1897 3318 2132 3374 ducitur

467 3409 805 3482 opprobrio,
834 3412 1044 3481 postea
1072 3407 1253 3462 vestis
1283 3407 1506 3463 ablatio
1542 3424 1553 3461 :
1588 3407 1681 3462 his
1709 3412 1909 3462 autem
1940 3406 2128 3462 levius

469 3505 556 3556 est
576 3500 834 3556 violenta
856 3498 1097 3554 coactio.
1126 3497 1653 3562 Quemadmodum
1684 3502 1886 3552 autem
1912 3497 1973 3552 in
2003 3496 2132 3552 aliis

467 3588 796 3645 vexationis
823 3586 1129 3658 speciebus
1178 3602 1315 3642 cum
1345 3585 1757 3642 additamento
1787 3585 1986 3642 virtuti
2028 3600 2133 3641 va-

470 3693 604 3733 care
652 3677 822 3748 jussit
879 3692 892 3729 :
954 3677 1037 3732 ita
1095 3679 1151 3731 et
1205 3674 1264 3729 in
1324 3676 1633 3731 coactione
1687 3675 1852 3745 jubet
1898 3675 2133 3730 vincere

467 3765 832 3823 desiderium
858 3766 1007 3837 ejus,
1032 3765 1135 3838 qui
1157 3779 1341 3837 prave
1371 3763 1511 3820 facit
1550 3764 1857 3834 injuriam,
1896 3763 2134 3836 patique

466 3855 724 3928 amplius
776 3870 963 3926 quam
1006 3854 1102 3910 ille
1149 3852 1343 3910 facere
1384 3852 1647 3908 volebat.
1700 3853 2018 3924 Agnovisti
2073 3851 2135 3907 in

468 3959 717 4017 corpore
736 3942 965 4016 patibili
988 3943 1273 3998 insertam
1298 3940 1374 3997 ad
1392 3940 1734 3997 affectiones
1755 3940 2138 3997 immobilita-

469 4038 589 4090 tem
618 4034 646 4088 ?
678 4031 1075 4088 Considerasti
1105 4029 1439 4101 angelicam
1467 4029 1528 4085 in
1570 4029 1919 4085 hominibus
1949 4029 2138 4085 disse-

468 4123 761 4178 minatam
790 4120 1056 4193 politiam
1087 4120 1115 4175 ?
1147 4122 1274 4175 Non
1305 4118 1728 4190 concupiscere
1774 4119 1933 4175 enim
1961 4119 2137 4190 juxta

470 4210 738 4275 affectus,
790 4226 987 4282 neque
1043 4208 1375 4264 secundum
1429 4206 1907 4279 perturbationes
1937 4207 2132 4277 irasci,

469 4301 712 4357 caelestis
741 4304 879 4355 sunt
901 4298 1141 4371 politiae,
1176 4298 1249 4352 de
1276 4297 1492 4369 quibus
1520 4313 1624 4368 per
1653 4297 1814 4352 dicta
1838 4302 2135 4368 praecepta

467 4390 734 4445 Christus
791 4389 985 4459 legem
1042 4387 1215 4442 dedit.
1269 4386 1333 4441 In
1387 4401 1458 4442 eo
1521 4386 1687 4457 quod
1743 4386 1917 4455 jussit
1970 4385 2135 4442 fratri

2239 3143 2339 3215 γὰρ
2394 3148 2492 3191 τῶν
2555 3139 2735 3206 ἄλλων,
2787 3141 2817 3197 ἡ
2874 3146 2965 3191 τοῦ
3020 3138 3285 3213 ὀφθαλμοῦ
3336 3145 3426 3193 καὶ
3477 3147 3569 3192 τοῦ
3620 3137 3860 3203 ὀδόντος

2240 3228 2431 3288 ἐκκοπή
2460 3250 2472 3262 '
2500 3236 2592 3281 τοῦ
2667 3230 2756 3301 μεν
2832 3225 3172 3300 ὁδηγοῦντος,
3242 3236 3333 3282 τοῦ
3408 3226 3468 3281 δε
3536 3238 3600 3302 τῇ
3678 3239 3860 3303 τροφῇ

2243 3315 2607 3378 διακονοῦντος
2640 3336 2653 3350 ο
2685 3314 2795 3370 εἶτα
2841 3320 2871 3375 ἡ
2926 3321 3061 3370 κατὰ
3114 3326 3211 3379 τῆς
3266 3322 3505 3389 σιαγόνος
3558 3317 3731 3392 ὕϐρις,
3788 3323 3866 3382 ὡς

2242 3404 2718 3464 ἐπονειδιστοτάτη²
2803 3409 2979 3459 ἔπειτα
3020 3408 3050 3465 ἡ
3108 3413 3198 3459 τοῦ
3264 3416 3491 3479 χιτῶνος
3547 3406 3865 3482 ἀφαίρεσις*

2242 3495 2570 3571 ἐλαφρότερον
2620 3493 2679 3548 δὲ
2737 3498 2953 3563 τούτων,
3006 3497 3035 3552 ἠ
3094 3495 3370 3570 ἀγγαριία.
3416 3494 3618 3571 Ὠσπερ
3672 3494 3736 3549 δὲ
3765 3496 3866 3550 ἐπὶ

2242 3594 2341 3637 τῶν
2393 3584 2554 3637 ἄλλων
2612 3581 2762 3637 εἰδῶν
2833 3593 2929 3647 τῆς
3000 3590 3277 3648 κακώσεως
3336 3589 3467 3657 μετὰ
3532 3588 3874 3658 προσθήκης

2243 3674 2530 3747 φιλοσοφεῖν
2587 3674 2862 3726 ἐκέλευσενσ
2926 3674 3061 3727 οὕτω
3117 3680 3206 3727 καὶ
3264 3674 3347 3726 ἐπὶ
3385 3684 3476 3735 τῆς
3529 3673 3863 3749 ἁγγαρείας,

2243 3768 2333 3816 καὶ
2362 3762 2647 3835 ὑπερϐῆναι
2695 3771 2789 3823 τῆν
2846 3760 3032 3816 ἄδικον
3070 3771 3163 3816 τοῦ
3220 3771 3387 3824 κακῶς
3434 3772 3706 3825 ποιοῦντος
3743 3765 3876 3818 ἔπι-

2247 3855 2457 3926 θυμίαν,
2504 3857 2594 3905 καὶ
2635 3851 2784 3905 πλέον
2842 3855 3041 3918 παθεῖν,
3100 3854 3130 3911 ἢ
3173 3851 3356 3913 ἐκεῖνος
3402 3861 3628 3913 ποιῆσαι
3672 3852 3877 3925 βούλεο

2246 3960 2352 3996 ται.
2394 3937 2545 4003 Εἶδες
2596 3940 2644 3993 ἐν
2695 3946 2896 4013 σώματι
2925 3943 3144 4013 παθητῷ
3184 3945 3527 4014 φυτευομένην
3569 3941 3877 3997 ἀπάθειαν·

2246 4035 2566 4091 κατενόησας
2656 4028 2933 4102 ἀγγελικὴν
3046 4030 3326 4096 πολιτείαν,
3419 4030 3468 4083 ἐν
3554 4029 3885 4104 ἀνθρώποις

2246 4122 2743 4193 κατασπειρομένην.
2811 4123 2881 4172 Τὸ
2942 4121 3043 4194 γὰρ
3110 4122 3180 4191 μὴ
3246 4119 3511 4192 ἐπιθυμεῖν
3570 4118 3876 4192 ἐμπαθῶς,

2246 4205 2384 4280 μηδὲ
2426 4210 2720 4281 θυμοῦσθαι
2770 4208 2792 4280 [
2851 4211 2990 4260 κατὰ
3040 4208 3152 4281 (82)
3210 4210 3389 4276 πάθος,
3449 4216 3543 4270 τῆς
3605 4209 3885 4284 οὐρανίου

2244 4296 2504 4359 πολιτείας
2547 4297 2695 4362 εἰσὶν,
2747 4297 2782 4349 ἃ
2839 4294 2933 4350 διὰ
2980 4306 3078 4349 τῶν
3134 4297 3409 4370 εἰρημένων
3475 4297 3702 4350 ἐντολῶν
3756 4300 3890 4354 ἔνο-

2244 4389 2526 4458 μοθέτησεν
2580 4389 2605 4438 ὁ
2658 4390 2884 4459 Χριστός
3036 4388 3117 4440 Ἐν
3177 4389 3265 4458 μὲν
3317 4388 3418 4461 γὰρ
3471 4394 3545 4457 τῷ
3608 4386 3893 4445 κελεῦσαι

464 4482 685 4535 temere
710 4494 829 4534 non
854 4476 1050 4542 irasci,
1085 4489 1279 4548 neque
1309 4474 1422 4546 ipsi
1472 4474 1690 4539 dicere,
1727 4476 1909 4541 Raca,
1944 4489 2127 4547 neque

2243 4455 2314 4547 μὴ
2374 4455 2810 4550 ὀργίζεσθαιἾτῷ
2867 4455 3073 4547 ἀδελφῷ
3133 4455 3265 4541 εἰκῆ,
3322 4455 3461 4548 μηδὲ
3499 4455 3667 4547 λέγειν
3718 4480 3898 4553 αὐτῷ

472 4568 705 4623 fatuum
728 4567 890 4622 hunc
915 4565 1235 4638 appellare,
1279 4580 1470 4637 neque
1514 4564 1633 4620 Deo
1672 4579 1895 4619 munus
1920 4562 2131 4620 offerre

472 4661 607 4712 ante
637 4655 1177 4711 reconciliationem
1194 4667 1337 4723 erga
1365 4653 1632 4719 fratrem,
1670 4668 1739 4709 ac
1768 4652 2129 4709 benevolum

474 4760 599 4801 esse
649 4745 988 4802 adversario
1027 4761 1041 4811 ;
1080 4743 1317 4801 affectui
1354 4744 1539 4800 animi
1586 4746 1873 4801 commoti
1916 4757 2128 4800 nervos

475 4833 820 4909 amputavit.
882 4835 946 4891 In
990 4848 1059 4893 eo
1112 4849 1215 4891 ver
1278 4834 1445 4906 quod
1495 4833 1779 4907 praecepit
1815 4832 2125 4890 mulierem

559 5014 579 5051 ⁷
613 5015 754 5071 Luc.
782 5013 863 5081 vi,
896 5017 986 5071 29.

2240 4568 2413 4632 Ῥακὰ,
2456 4561 2594 4637 μηδὲ
2646 4564 2914 4638 ὀνομάζειν
2969 4571 3149 4617 τοῦτον
3198 4568 3388 4639 μωρὸν,
3450 4561 3592 4638 μηδὲ
3651 4575 3900 4643 προσά-

2240 4673 2344 4726 γειν
2384 4662 2498 4726 Θεῷ
2553 4658 2611 4707 τὸ
2671 4651 2838 4730 δῶρον
2880 4657 2982 4729 πρὸ
3038 4662 3129 4715 τῆς
3183 4653 3255 4715 εἰς
3309 4654 3420 4726 (83)
3475 4657 3561 4706 τὸν
3632 4652 3898 4731 αδελφὸν

2242 4739 2551 4815 διαλλαγῆς,
2607 4748 2697 4796 καὶ
2755 4743 2941 4797 εὐνοεῖν
2988 4751 3061 4815 τῷ
3119 4738 3393 4815 ἁντιδῖκῳ,
3448 4744 3516 4795 τὰ
3563 4751 3736 4820 νεῦρα
3778 4758 3900 4802 τοῦ

2241 4831 2507 4906 ἐμπαθοῦς
2558 4830 2765 4906 ἐξέκοψε
2812 4835 2996 4906 θυμοῦ·
3060 4831 3109 4885 ἂν
3169 4827 3229 4886 δε
3274 4839 3349 4905 τῷ
3408 4833 3739 4908 προστάξαι,
3800 4844 3897 4911 μή

1819 5134 2050 5204 Variae
2078 5134 2407 5204 lectiones
2449 5142 2514 5203 et
2540 5141 2743 5204 notae.
3306 5178 3341 5187 κ

550 5283 661 5363 (ty)
694 5283 834 5363 Quae
874 5281 1154 5363 leguntur
1182 5279 1261 5362 ab
1294 5276 1599 5363 ἀδιαφόρως
1612 5277 1699 5361 ad
1726 5279 1899 5332 πάντα
1930 5280 2133 5363 ἱμάτια,

479 5351 903 5411 θᾶἨθιιιοηὶιιε
943 5351 1002 5408 in
1050 5351 1322 5423 margine
1362 5351 1453 5405 sui
1491 5351 2045 5423 oodicisrepererat
2068 5365 2139 5408 ac

470 5427 756 5497 rejecerat
784 5426 865 5481 ad
892 5424 1072 5481 ﬁnem
1102 5422 1306 5479 scholii
1340 5428 1471 5494 post
1508 5422 1929 5496 μεγαλοῲυχῖαν.

2319 5279 2431 5421 ξὸἓ)
2472 5278 2707 5335 Inclusa
2737 5277 2954 5335 omittit
2990 5281 3062 5335 A.

2341 5350 2432 5421 83)
2477 5349 2776 5415 Usitatius,
2808 5353 2953 5421 πρός.

2341 5350 2432 5421 83)
2477 5349 2776 5415 Usitatius,
2808 5353 2953 5425 πρός.

554 5604 639 5679 (Ιι)
674 5604 865 5673 Quam
890 5602 996 5661 vias
1046 5632 1114 5644 —
1141 5600 1784 5659 subsmim'strare.Cum
1809 5598 1904 5657 ille
1931 5597 2187 5673 (oculus)
2214 5597 2350 5657 vitae
2380 5596 2505 5655 dux
2531 5597 2625 5667 sit,
2664 5596 2763 5655 hic
2790 5596 2987 5671 (Deus)
3019 5596 3438 5656 alimentorum
3463 5598 3773 5661 minister.
