3990 6206
159 238 254 299 ﬂii

1147 241 1526 306 COMMENT.
1573 238 1644 302 IN
1685 244 2138 308 MATTHAEUM.
2177 278 2243 294 -
2287 249 2450 309 CAP.
2499 241 2574 313 ν.

3430 252 3539 317 226

159 369 362 441 βλέπειν
403 368 730 432 ἀκολαστοις
778 367 1060 443 ὀφθαλμοῖς
1117 377 1359 443 ⁴γυναῖκα,
1408 375 1498 424 καὶ
1551 370 1764 447 ἀποῤῥί-

1925 374 2112 430 ιεοὶνιε
2142 375 2330 432 oculis
2375 392 2490 434 non
2520 378 2834 451 respicere,
2867 383 2924 436 et
2953 380 3211 452 abjicere
3254 397 3356 440 eos
3412 400 3535 440 eas-

155 459 246 529 ᾇαι
280 462 371 511 τόν
405 456 834 523 σκανδαλίζονται
881 465 970 512 καὶ
1023 464 1116 518 τὴν
1155 456 1636 529 σκανδαλζουσαν,
1682 466 1771 515 καὶ

159 555 222 620 μὴ
257 547 512 602 ἀπολύειν
802 553 891 608 τὴν
926 545 1066 602 ἰδίαν
1114 555 1356 620 γυναῖκα,
1411 546 1550 622 μηδὲ
1586 558 1771 623 γαμεῖν

161 637 549 711 ἀπολελυμένην
609 638 781 712 ἑτέρῳ,
841 645 937 701 τῆς
989 637 1252 711 ἔμπαθοῦς
1319 637 1599 710 ἐπιθυμίας
1662 639 1771 693 ἀνέ-

160 747 325 781 σπασε
353 730 458 788 τὰς
503 729 676 803 ῥίζας.
715 732 816 781 Καὶ
866 726 1019 779 πάλιν
1051 726 1099 779 ἐν
1151 730 1241 798 μὲν
1291 734 1363 798 τῷ
1402 726 1662 797 ἐπιτάξαι,
1694 734 1766 800 μὴ

161 816 356 886 ὀμνύειν
413 816 576 884 ὅλως,
633 821 728 875 τὴν
783 820 902 890 περὶ
955 818 1018 868 τὰ
1069 819 1326 889 χρήματα
1381 821 1471 868 καὶ
1526 821 1772 890 κτήματα

161 903 435 977 ἐπιθυμίαν
486 904 756 968 ἐξήλασεν·
807 904 858 957 ἓν
894 901 954 957 δὲ
987 911 1060 974 τῷ
1108 904 1453 969 ἐντείλασθαι,
1499 909 1571 978 μὴ
1623 904 1770 959 ἀνθί-

161 996 384 1047 στασθαι
409 1002 492 1065 τῷ
521 1001 757 1068 πονηρῷ,
801 997 890 1046 καὶ
936 996 1167 1068 στρέφειν
1196 997 1286 1046 καὶ
1330 997 1424 1052 τὴν
1466 993 1623 1053 ἄλλην
1656 1014 1769 1048 σια-

155 1087 291 1154 γόνα,
326 1089 424 1135 καὶ
470 1081 680 1154 ἀφιέναι
716 1086 807 1135 καὶ
857 1084 915 1135 τὸ
972 1083 1195 1154 ἱμάτιον,
1231 1085 1322 1134 καὶ
1378 1082 1592 1155 ὑπάγειν
1620 1083 1772 1156 μίλια

156 1169 271 1236 δύο,
301 1175 399 1224 τόν
433 1172 506 1232 εἰς
529 1174 592 1224 τὸ
621 1171 923 1243 ἀμύνασθαι
949 1172 1110 1244 θυμὸν
1134 1170 1448 1227 κατίστειλε.

216 1269 302 1333 Τῷ
343 1262 593 1314 αἰτοῦντι
638 1292 710 1302 -
747 1256 927 1315 δίδου.
977 1259 1099 1314 Ὀτε
1150 1257 1211 1313 δὲ
1254 1261 1437 1313 ἰστατο
1475 1258 1558 1313 ἰπὶ
1607 1263 1766 1313 τόπου

154 1348 371 1406 πεδινοῦ
421 1347 734 1418 διδάσκων,
767 1354 1110 1425 φανερώτερον
1166 1346 1320 1420 εἶπεν,
1370 1351 1448 1403 ὅτι
1492 1353 1654 1402 Παντὶ
1694 1356 1767 1420 τῷ

157 1440 389 1492 αἰτοῦντί
441 1459 501 1492 σε
543 1435 726 1506 δίδου,
759 1442 824 1499 ὡς
865 1440 890 1490 ό
947 1444 1155 1499 Λουκᾶς
1204 1437 1421 1511 ἔγραψε.
1453 1437 1653 1492 Κελεύει
1685 1434 1764 1507 δε,

152 1534 218 1602 μὴ
255 1525 539 1602 διακρῖναι
566 1533 653 1581 τόν
682 1527 832 1592 ἄξιον
868 1526 970 1580 ἀπὸ
989 1534 1079 1580 τοῦ
1105 1526 1336 1590 ἀναξίου.

219 1619 307 1671 Ἐν
357 1620 473 1690 ὅσῳ
521 1620 625 1690 γὰρ
688 1616 840 1683 αἰτεῖ,
902 1613 1135 1689 δεόμενός
1181 1615 1344 1686 ἔστιν,
1399 1615 1505 1676 οἷος
1561 1613 1621 1666 ἂν
1677 1620 1766 1670 καὶ

1879 479 1996 535 que
2041 463 2144 536 qui
2190 470 2326 521 sunt
2374 465 2745 534 offendicula,
2792 484 2988 541 neque
3051 471 3351 542 propriam
3409 473 3536 529 sine

1878 569 2062 610 causa
2082 555 2391 628 repudiare
2421 573 2688 624 uxorem,
2709 573 2898 631 neque
2937 560 3009 615 ab
3047 560 3228 618 altero
3260 563 3538 634 repudia-

1879 645 2002 698 tam
2059 643 2308 700 ducere:
2360 647 2695 716 aegrotantis
2751 648 3239 721 concupiscentia:
3302 652 3536 709 radices

1879 731 2113 788 avulsit.
2186 736 2440 790 Rursum
2494 735 2553 790 in
2608 751 2676 791 eo
2704 737 2870 808 quod
2911 739 3092 808 jussit
3134 740 3378 797 omnino
3413 757 3536 798 non

1872 819 2093 889 jurare,
2146 821 2526 892 cupiditatem
2557 823 2714 879 circa
2760 824 3096 883 affectiones
3139 845 3205 883 ac
3251 830 3535 900 pecunias

1877 907 2114 978 expulit.
2142 908 2550 980 Prtecipiendo
2582 927 2721 968 vero
2754 929 2872 968 non
2922 915 3190 972 resistere
3239 918 3422 986 malo,
3477 924 3536 976 et

1878 995 2057 1052 aliam
2067 1012 2310 1068 quoque
2329 997 2631 1055 maxillam
2651 1000 2979 1069 obvertere,
2995 1019 3065 1059 ac
3082 1004 3333 1075 pallium
3347 1008 3532 1063 etiam

1876 1084 2190 1156 dimittere,
2221 1085 2457 1158 duoque
2489 1087 2765 1147 milliaria
2806 1092 3004 1148 abire:
3045 1095 3316 1150 animum
3355 1095 3430 1152 ab
3452 1095 3535 1151 ul-

1877 1173 2160 1230 ciscendo
2199 1175 2516 1232 continuit.

1945 1264 2112 1318 Vers.
2140 1266 2230 1320 42.
2262 1264 2484 1320 Petentt
2514 1295 2580 1307 —
2610 1266 2772 1324 dato.
2808 1269 3060 1333 Quando
3105 1275 3256 1328 certe
3295 1272 3358 1329 in
3402 1273 3534 1332 loco

1875 1351 2188 1423 campestri
2226 1352 2446 1409 docens
2486 1354 2662 1420 stetit,
2721 1357 3089 1414 manifestius
3147 1360 3327 1417 dixit:
3363 1363 3536 1420 Omni

1873 1440 1972 1494 abs
1997 1445 2052 1496 te
2083 1443 2299 1511 petenti
2327 1441 2486 1509 dato,
2530 1443 2710 1499 veluti
2765 1446 2994 1518 scripsit
3053 1450 3237 1504 Lucas
3285 1452 3325 1505 ⁸.
3358 1452 3534 1510 Jubet

1874 1534 2076 1585 autem
2106 1545 2225 1585 non
2252 1529 2582 1600 dijudicare
2610 1533 2862 1602 dignum
2893 1534 2970 1590 ab
3009 1535 3268 1606 indigno.

1947 1620 2028 1672 Eo
2053 1618 2213 1673 enim
2259 1619 2424 1689 quod
2467 1620 2630 1692 petit,
2659 1620 2936 1692 indignus
2974 1628 3064 1680 est
3106 1625 3534 1699 qualiscunque

151 1711 251 1766 εἴη.
292 1708 438 1761 Ἐπεὶ
471 1711 561 1759 καὶ
601 1707 628 1758 ὁ
669 1709 800 1766 Θεὸς
858 1708 1030 1758 πάντα
1061 1707 1128 1758 τὰ
1179 1705 1290 1777 (84)
1342 1707 1467 1779 πρὸς
1507 1707 1764 1758 σύστασιν

1925 1711 1968 1760 ι.
2011 1709 2159 1763 Nam
2206 1711 2262 1762 et
2300 1707 2451 1762 Deus
2495 1709 2699 1766 omnia
2743 1711 2820 1765 ad
2866 1711 3003 1767 vitae
3046 1715 3533 1773 sustentationem

150 1803 243 1857 τῆς
306 1796 456 1857 ζωῆς
507 1800 673 1847 πᾶσιν
714 1793 1004 1868 ἀνθρώποις
1056 1795 1241 1866 ὁμοίως
1294 1792 1495 1860 ἀνῆκεν,
1554 1792 1766 1865 ἀγαθοῖς

148 1903 201 1938 τε
238 1889 339 1937 καὶ
361 1891 637 1957 πονηροῖς,
663 1890 874 1944 πιστοῖς
897 1902 953 1937 τε
979 1887 1066 1935 καὶ
1091 1880 1352 1946 ἀπίστοις.

222 1979 332 2028 Καὶ
378 2005 453 2018 —
502 1971 864 2048 ἀποστραφῇς.
911 1979 1019 2026 Νῦν
1067 1975 1156 2045 μὶν
1213 1968 1354 2044 δίχα
1391 1975 1544 2026 τόκου
1593 1968 1764 2026 δανεί-

151 2065 257 2123 ζειν
320 2061 609 2116 ἐνετείλατο
641 2077 657 2092 ⁸
698 2065 781 2115 ὅτε
836 2059 919 2130 δὲ,
970 2065 1037 2124 ὡς
1084 2065 1290 2135 ἔφαμεν,
1340 2058 1622 2115 ἐδίδασκεν
1681 2060 1765 2114 ἐπὶ

154 2158 322 2206 τόπου
388 2149 629 2218 πεδινοῦ,
704 2151 1010 2224 προσέταξε,
1063 2148 1202 2224 μηδὲ
1278 2154 1335 2204 τὸ
1407 2147 1765 2223 δανειζόμενον

155 2241 418 2295 ἀπαιτεῖν.
477 2241 597 2294 Ἐὰν
645 2243 747 2314 γὰρ
795 2238 1084 2308 δανείξητε,
1136 2245 1286 2313 φησὶ,
1337 2241 1461 2314 παρ’
1509 2241 1576 2292 ὧν
1629 2240 1766 2293 ἐλπίο

155 2333 270 2392 ζετε
327 2329 632 2396 ἀπολαϐεῖν,
700 2336 828 2383 ποία
873 2331 993 2404 ὑμῖν
1040 2333 1200 2404 χάρις
1252 2329 1436 2396 ἇστίνς
1493 2329 1575 2391 Ὠς
1637 2327 1766 2382 εἶναι

155 2427 208 2474 τὸ
450 2423 580 2495 πρὸς
645 2418 1026 2494 ἀτελεστέρους,
1083 2423 1140 2474 τό
1210 2416 1269 2474 δὲ
1332 2423 1460 2492 πρὸς
1524 2419 1764 2474 τελειοτέ-

151 2529 302 2583 ρους-

222 2688 526 2741 ’Βκοῦσατε
586 2717 656 2728 -
709 2687 862 2760 ὑμᾶς.
940 2689 1341 2764 Καταμαράνας,
1401 2690 1471 2750 ὡς
1539 2690 1761 2761 εἴρηται,

151 2780 236 2829 τόν
289 2779 456 2850 θυμὸν
508 2781 601 2830 καὶ
654 2781 749 2836 τήν
791 2776 1094 2850 ἐπιθυμίαν,
1146 2782 1236 2831 καὶ
1287 2781 1478 2839 παντὸς
1526 2780 1764 2831 τοιούτου

149 2868 358 2929 πάθους
416 2864 719 2930 ἀπαλλάξας
776 2869 865 2919 τόν
926 2869 1245 2940 πειθόμενον,
1302 2867 1477 2920 λοιπὸν
1534 2866 1765 2920 ἐκέλευσε

148 2961 232 3008 καὶ
311 2955 625 3026 εὐεργετεῖν,
696 2953 748 3008 ἔν
808 2962 882 3025 τῷ
940 2951 1152 3009 διδόναι
1220 2962 1330 3016 τοῖς
1394 2955 1621 3021 αἰτοῦσι,
1672 2961 1763 3010 καὶ

153 3041 418 3106 δανείζειν
475 3052 584 3106 τοῖς
647 3047 972 3120 χρῄζουσιν·
1029 3042 1162 3114 εἶτα,
1225 3049 1439 3120 προῖὼν,
1504 3043 1762 3118 ἀνήγαγεν
1792 3080 1833 3138 C

150 3136 216 3195 εἰς
280 3139 380 3193 τὴν
438 3136 609 3208 ἄκραν
686 3132 888 3209 ἀρετήν.
960 3139 1187 3209 Κορωνὶς
1254 3137 1357 3208 γὰρ
1415 3138 1507 3187 καὶ
1560 3138 1758 3207 κορυφή

153 3227 329 3286 πάσης
359 3222 576 3299 ἀρετῆς,
608 3225 668 3276 τὸ
698 3221 904 3296 ἀγαπᾷν
926 3227 1042 3285 τοὺς
1075 3223 1320 3296 ἐχθροὺς,
1365 3227 1455 3277 καὶ
1505 3225 1571 3276 τὰ
1626 3223 1758 3286 ἑξῆς.

157 3314 401 3384 ’Δγαπᾷν
432 3310 494 3366 δε
527 3312 738 3382 αὐτοὺς,
789 3312 848 3365 οὐ
892 3315 1022 3366 καθό
1053 3313 1182 3366 εἰσιν
1212 3312 1418 3388 ἐχθροὶ,
1463 3312 1591 3365 ἀλλὰ
1633 3315 1762 3366 καθό

153 3403 282 3454 εἰσιν
338 3404 638 3476 ἅνθρωποι.
696 3406 796 3456 Καὶ
867 3406 939 3474 μὴ
1001 3407 1153 3475 μόνον
1210 3401 1438 3474 ἀγαπᾷν,
1491 3401 1620 3454 ἀλλὰ
1673 3406 1764 3455 καὶ

152 3494 574 3566 ὑπερεύχεσθαι.
638 3498 723 3562 Τῷ
789 3487 849 3544 δε
925 3491 1130 3564 ἀγαπᾷν
1199 3497 1316 3553 τοὺς
1371 3491 1591 3565 ἐχθροὺς
1653 3492 1766 3545 ἔπε-

152 3598 235 3633 τιι
263 3583 385 3654 (85)
423 3587 520 3634 καὶ
554 3580 737 3646 τᾶλλα,
777 3581 908 3652 λέγω
948 3577 1015 3638 δὴ
1043 3585 1101 3634 τὸ
1127 3581 1350 3650 εὐλογεῖν
1389 3585 1506 3642 τοὺς
1533 3601 1767 3656 καταρω-

151 3675 352 3741 μένους,
401 3676 494 3723 καὶ
537 3669 706 3732 καλῶς
735 3677 897 3723 ποιεῖν
935 3679 1043 3732 τοῖς
1073 3679 1316 3744 μισοῦσι,
1363 3675 1452 3724 καὶ
1509 3671 1764 3743 εὔχεσθαι

152 3760 278 3834 ὑπὲρ
321 3768 428 3812 τῶν
475 3759 884 3833 ἐπηρεαζόντων.
916 3765 1093 3812 Ταῦτα
1124 3762 1224 3833 γὰρ
1276 3762 1306 3818 ἡ
1355 3759 1520 3812 τελεία

147 3854 337 3902 Σκόπει
371 3846 433 3903 δε
461 3855 556 3902 καὶ
595 3853 655 3902 τὸ
685 3849 902 3902 ἔπαθλον
937 3856 1032 3911 τῆς
1069 3848 1388 3912 τηλικαύτης
1411 3849 1526 3921 (86)
1554 3847 1758 3924 ἀρετῆς,

150 3940 216 3999 ὣς
288 3942 574 4012 (Li-[tatam
649 3938 788 3992 Ἐπεὶ
860 3940 962 4014 γὰρ
1030 3941 1087 3991 τὸ
1149 3945 1381 3991 τοιοῦτον
1449 3939 1766 4012 κατόρθωμα

148 4028 331 4097 μεῖξον
362 4029 428 4086 ἧν
458 4030 676 4095 παντὸς,
721 4029 933 4085 τίθησιν
981 4026 1122 4099 αὐτῷ
1167 4032 1256 4080 καὶ
1293 4030 1380 4080 τὸν
1411 4028 1529 4100 (87)
1571 4028 1762 4100 μισθὸν

148 4119 371 4187 μείζονα
395 4120 614 4179 παντὸς.
641 4120 778 4170 Φπσὶ
797 4118 920 4190 γάρ’

215 4293 404 4356 Ὅπως
479 4325 550 4336 -—-
608 4291 845 4357 ἀδίκους.
903 4299 1084 4367 Πατὴρ
1149 4297 1238 4368 μὶν
1314 4302 1414 4348 τῶν
1483 4293 1762 4372 ἀνθρώπων

147 4385 298 4437 ἔστιν
329 4387 358 4437 ὁ
391 4386 547 4448 Θεὸς,
601 4386 671 4444 ὡς
721 4387 948 4446 ποιητὴς
998 4384 1165 4436 αὐτῶν
1198 4401 1210 4413 ⁸
1256 4387 1484 4460 πατέρας
1521 4389 1625 4458 ’γὰρ
1681 4383 1762 4436 λέ-

143 4494 313 4546 τομεν
373 4479 469 4526 καὶ
521 4477 640 4532 τοὺς
688 4476 849 4548 ἔργων
895 4481 1046 4525 τινῶν
1098 4474 1318 4534 ποιητάς
1349 4491 1361 4503 ⁸
1413 4477 1488 4527 ἔτι
1542 4470 1601 4526 δι
1651 4477 1762 4540 καὶ,

150 4565 220 4624 ὣς
273 4559 533 4634 κηδεμὼν
581 4566 671 4614 καὶ
725 4565 1011 4634 προνοητής
1062 4561 1227 4615 αὐτῶν
1269 4560 1458 4616 ’ἴδιον
1511 4565 1612 4636 γὰρ
1660 4582 1763 4616 πα-

318 4649 596 4710 κὴδεσθαι
649 4655 739 4704 καὶ
790 4653 1127 4725 προνοεῖσθαι
1154 4658 1247 4704 τοῦ
1297 4651 1490 4705 οἰκείου
1536 4647 1754 4714 παιδός.

145 4744 263 4794 Υἱοὶ
317 4739 379 4795 δε
407 4747 509 4794 τοῦ
558 4748 691 4794 Θεοῦ
730 4745 961 4812 γίνονται
1007 4743 1056 4794 οἱ
1111 4743 1442 4814 ὀμοιοὺμενοι
1501 4741 1640 4812 αὐτῷ
1689 4737 1764 4793 δι’

147 4828 363 4904 ἀρετ-ὅς,
394 4833 626 4884 καθόσον
670 4829 808 4884 ἔστὶν
849 4830 1100 4906 ἀνθρώπῳ
1150 4829 1390 4884 δυνατόν.
1451 4827 1614 4886 ’Ἱδιον
1659 4831 1762 4904 γὰρ

145 4923 267 4973 nisi
323 4922 647 4996 ὁμοιοῦσθαι
711 4928 783 4994 τῷ
862 4919 1032 4994 οἰκείῳ
1103 4925 1286 4996 πατρί.
1350 4925 1553 4993 Ὅπως,
1608 4923 1759 4992 φησὶ,

215 5102 240 5138 ⁸
271 5101 420 5158 Luc.
452 5115 529 5167 vr,
567 5102 658 5158 30.
735 5096 924 5156 ’Luc.
957 5113 1036 5170 vn,
1072 5099 1168 5158 34.

1873 1795 2171 1866 aequaliter
2217 1797 2496 1852 omnibus
2543 1797 2791 1854 contulit
2842 1799 3195 1870 hominibus,
3261 1805 3428 1861 bonis
3478 1810 3535 1862 et

1873 1883 2070 1952 malis,
2097 1883 2375 1940 ﬁdelibus
2413 1889 2469 1941 et
2497 1886 2856 1942 inﬁdelibus.

1943 1973 2106 2028 Vers.
2135 1977 2222 2029 42.
2256 1974 2338 2030 Et
2377 2006 2445 2015 —
2473 1977 2778 2032 averseris.
2835 1979 3003 2034 Nunc
3031 1979 3275 2052 quidem
3309 1983 3534 2055 absque

1876 2060 2102 2118 faenore
2129 2064 2626 2134 mutuarejussit:
2669 2066 2916 2136 quando
2965 2072 3172 2136 autem,
3206 2069 3360 2126 sicut
3383 2071 3531 2128 dixi-

1874 2167 2029 2215 mus,
2061 2151 2124 2206 in
2163 2151 2293 2207 loco
2337 2154 2654 2225 campestri
2706 2155 2975 2225 docebat,
3020 2157 3204 2227 jussit
3255 2175 3446 2233 neque
3473 2161 3534 2218 id

1874 2239 2037 2312 quod
2092 2243 2433 2296 mutuatum
2481 2245 2568 2297 est
2611 2248 2893 2314 repetere.
2950 2246 3008 2302 Si
3059 2246 3240 2318 enim,
3318 2247 3531 2320 inquit,

1875 2332 2154 2384 mutuum
2217 2328 2492 2386 dederitis
2540 2330 2629 2386 bis
2688 2346 2724 2388 a
2765 2332 2987 2404 quibus
3046 2351 3150 2391 vos
3193 2344 3535 2409 recepturos

1876 2417 2144 2489 speratis,
2178 2434 2314 2490 quas
2339 2419 2510 2475 vobis
2543 2426 2630 2477 est
2659 2422 2852 2491 gratia
2883 2425 2903 2458 ⁹
2935 2423 2963 2478 ?
2997 2424 3110 2480 Sed
3145 2424 3260 2482 hoc
3284 2427 3533 2498 quidem

1875 2506 1955 2562 ad
2011 2507 2478 2579 imperfectiores
2527 2509 2798 2580 dirigitur
2843 2511 3028 2578 ;illud
3058 2529 3195 2570 vero
3251 2517 3420 2572 Lucas
3459 2519 3535 2574 ad

1873 2594 2270 2667 perfectiores.

1945 2683 2108 2739 Vers.
2160 2685 2248 2741 43.
2280 2685 2564 2742 Audistis.
2607 2717 2680 2730 —
2706 2690 2862 2745 Vers.
2905 2690 2994 2745 44.
3036 2705 3154 2746 eos.
3186 2691 3534 2764 Postquam,

1873 2777 1939 2829 ut
1967 2772 2192 2829 dictum
2219 2779 2329 2840 est,
2361 2775 2512 2830 iram
2540 2790 2609 2832 ac
2648 2777 3192 2849 concupiscentiam
3253 2781 3535 2854 exstirpa-

1872 2861 1970 2928 vit,
2006 2863 2288 2934 omnique
2319 2861 2493 2920 simili
2515 2863 2726 2921 affectu
2757 2865 2871 2922 sibi
2923 2866 3266 2924 obedientes
3318 2869 3533 2930 libera-

1871 2949 1973 3014 vit,
2005 2950 2288 3023 deinceps
2316 2952 2494 3008 etiam
2541 2953 2882 3010 benefacere
2917 2955 3103 3026 jubet,
3137 2957 3339 3014 dando
3368 2959 3531 3018 viden

1871 3038 2004 3097 licet
2023 3039 2380 3112 petentibus,
2399 3057 2470 3098 ac
2499 3043 2833 3100 mutuando
2859 3044 3276 3118 indigentibus.
3312 3049 3533 3108 Deinde

1870 3128 2266 3201 procedendo,
2295 3129 2374 3186 ad
2405 3135 2731 3187 extremam
2764 3134 3040 3204 perduxit
3068 3137 3364 3194 virtutem.
3399 3141 3536 3196 0m-

1870 3217 1960 3273 nis
1989 3216 2148 3273 enim
2207 3217 2434 3274 virtutis
2477 3220 2710 3275 coronis
2741 3237 2810 3276 ac
2850 3228 3050 3279 vertex
3104 3230 3208 3290 est,
3253 3226 3532 3284 inimicos

1867 3317 2094 3373 amare,
2123 3310 2178 3362 et
2204 3311 2411 3364 caetera
2438 3323 2573 3380 quae
2604 3315 2946 3381 sequuntur.
2979 3313 3216 3377 Amare,
3261 3315 3530 3386 inquam.

1871 3396 2181 3468 ipsos,non
2213 3401 2501 3468 quatenus
2536 3396 2752 3453 inimici
2785 3403 2946 3464 sunt,
2963 3401 3066 3454 sed
3096 3406 3394 3472 quatenus
3425 3403 3527 3458 ho-

1872 3485 2084 3542 mines.
2109 3489 2225 3541 Nec
2240 3486 2436 3542 solum
2448 3502 2668 3555 amare,
2683 3487 2788 3542 sed
2802 3492 2859 3543 et
2871 3503 2979 3560 pro
2992 3490 3075 3544 eis
3091 3491 3424 3547 obsecrare.
3448 3494 3532 3547 Ad

1872 3591 2143 3632 amorem
2168 3580 2365 3632 autem
2398 3576 2778 3632 inimicorum
2809 3584 3256 3651 consequuntur
3290 3587 3346 3636 et
3373 3581 3493 3638 alia
3519 3598 3532 3636 :

1871 3664 2004 3721 dico
2027 3680 2192 3734 sane,
2232 3663 2386 3721 bene
2415 3665 2638 3737 precari
2677 3665 3124 3733 devoventibus,
3177 3684 3248 3725 ac
3297 3669 3536 3728 benefa-

1872 3769 2001 3810 cere
2057 3754 2149 3810 his
2195 3754 2299 3826 qui
2343 3754 2609 3820 oderunt,
2668 3760 2725 3811 et
2774 3771 2940 3812 orare
2995 3773 3105 3828 pro
3161 3757 3530 3817 laedentibus.

1872 3845 2024 3900 Nam
2074 3843 2200 3898 haec
2270 3843 2547 3915 perfectas
2607 3849 2740 3899 sunt
2789 3843 3143 3901 dilectionis.
3217 3847 3537 3906 Considera

1871 3949 2014 3989 vero
2046 3939 2103 3989 et
2150 3933 2467 4005 praemium
2515 3933 2862 4005 bujusmodi
2906 3935 3158 3992 virtutis.
3193 3937 3346 4003 Quia
3377 3939 3536 3995 enim

1871 4026 1995 4078 tam
2042 4022 2396 4094 praeclarum
2455 4021 2688 4079 {acinus
2751 4023 2919 4080 omni
2959 4025 3074 4080 alio
3134 4028 3332 4098 majus
3389 4036 3535 4097 erat,

1871 4112 2189 4183 praemium
2227 4127 2467 4185 quoque
2496 4113 2663 4169 omni
2703 4113 2903 4184 majus
2959 4113 3066 4185 ipsi
3117 4117 3409 4187 rependit.
3443 4117 3537 4175 Ait

1873 4216 2036 4258 emm
2071 4218 2084 4256 ε

1945 4290 2105 4346 Vers.
2137 4293 2226 4345 45.
2283 4290 2357 4347 Ut
2403 4319 2473 4332 -
2524 4291 2792 4359 injustas.
2847 4289 3016 4346 Pater
3066 4290 3314 4362 quidem
3340 4292 3535 4349 homi-

1872 4396 2021 4437 num
2050 4380 2204 4434 Deus
2251 4384 2338 4435 est
2383 4383 2671 4450 tanquam
2718 4378 3050 4449 plasmator
3112 4395 3322 4436 eorum
3371 4381 3537 4452 (nam

1873 4475 2072 4542 patres
2103 4484 2344 4541 quoque
2373 4467 2630 4524 dicimus
2667 4483 2912 4540 operum
2939 4467 3280 4539 aliquorum
3305 4474 3534 4541 poetas,

1873 4559 1986 4616 hoc
2033 4562 2122 4614 est
2173 4556 2523 4628 eﬂ'ectores),
2570 4564 2860 4629 tanquam
2921 4557 3096 4613 etiam
3151 4558 3420 4629 provisor
3471 4577 3539 4618 ac

1871 4650 2226 4721 procurator
2245 4647 2518 4718 ipsorum
2543 4663 2557 4698 :
2591 4646 2776 4718 patris
2804 4645 3100 4716 siquidem
3128 4648 3418 4719 proprium
3451 4653 3541 4707 est

1872 4737 1994 4794 ﬁlio
2035 4752 2145 4793 suo
2180 4735 2492 4808 providere
2529 4751 2597 4792 ac
2649 4751 2984 4808 procurare.
3031 4735 3156 4792 Filii
3205 4742 3405 4795 autem
3437 4739 3540 4797 Dei

1871 4827 2044 4893 ﬁunt,
2098 4826 2202 4898 qui
2253 4841 2357 4897 per
2396 4827 2673 4882 virtutem
2731 4815 2953 4882 similes
3012 4825 3127 4898 ipsi
3185 4827 3535 4900 efﬁciuntur,

1870 4919 2168 4991 quantum
2193 4920 2281 4974 est
2307 4915 2528 4973 homini
2567 4915 2849 4990 possibile
2881 4934 2895 4987 ;
2926 4930 3070 4974 nam
3101 4914 3216 4973 ﬁlii
3227 4917 3539 4992 proprium

1385 5217 1607 5293 Variae
1633 5217 1962 5290 lectiones
1994 5227 2062 5289 et
2091 5228 2294 5289 notae.

225 5421 352 5494 (84)
393 5423 474 5487 τά,
505 5421 725 5480 omittit
756 5423 831 5478 Α.
870 5435 1011 5476 mox
1047 5416 1212 5476 deest
1239 5433 1482 5493 quoque
1509 5426 1629 5494 τῆς.

227 5488 357 5565 (85)
390 5494 637 5561 Correxi,
670 5497 864 5558 ἕπεται,
899 5507 1005 5564 pro
1051 5488 1429 5550 ἕπειταῘΝδῶ
1468 5495 1525 5549 et
1554 5488 1768 5548 liente-

153 5565 301 5626 nins
325 5565 528 5636 habet,
560 5570 1020 5641 consequuntur.

2091 5416 2338 5478 τοιαύτης
2361 5413 2409 5471 Α
2421 5460 2436 5474 .

1975 5416 2042 5471 86
2091 5416 2338 5478 τοιαύτης
2361 5416 2436 5474 Α.

1949 5417 2067 5564 ξεῆ
2093 5491 2180 5541 τὸν
2210 5489 2380 5546 abest
2402 5489 2472 5547 A.
