3990 6206
454 260 556 316 227

1767 240 2115 304 EUTHYMII
2153 240 2485 303 ZIGABENI

3705 252 3816 308 228

452 389 560 453 est,
592 400 695 440 suo
726 382 1041 440 assimilari
1068 380 1242 454 patri.
1291 362 1528 441 Utsitis,
1562 374 1768 447 inquit,
1803 373 1905 429 ﬁlii
1958 372 2101 428 Dei:

2231 375 2432 435 γένησθε
2470 376 2575 427 υἱοὶ
2600 380 2690 428 τοῦ
2721 382 2877 443 Θεοῦ,
2924 375 2983 429 οὐ
3030 380 3200 449 φύσει,
3252 374 3359 428 ἀλλ’
3399 376 3664 443 ὁμοιώσει,
3720 376 3819 431 διὰ

456 490 576 530 non
605 477 839 537 natura,
863 471 966 526 sed
995 468 1392 531 similitudine,
1419 464 1681 521 amando
1712 461 1981 517 videlicet
2000 461 2105 516 ini-

454 564 642 619 micos
692 564 959 617 vestros:
1010 559 1153 631 quia
1199 565 1254 611 et
1302 556 1394 611 ille
1433 571 1467 610 a
1524 552 1695 608 malis
1743 566 1814 606 ac
1864 549 2099 622 iniquis,

452 650 840 722 blasphemiis
872 654 1156 720 tanquam
1186 644 1401 717 jaculis
1431 643 1675 715 petitus,
1702 645 1758 696 et
1804 644 2107 696 contume-

454 740 535 795 lia
560 738 824 803 affectus,
868 736 1234 809 proprioque
1276 734 1506 789 honore
1562 730 1844 802 privatus,
1905 734 2103 783 tamen

456 827 535 883 ob
589 841 867 889 amorem,
921 839 1043 896 quo
1096 839 1198 878 eos
1246 819 1647 893 prosequitur,
1704 816 1887 871 solem
1930 829 2107 870 suum

455 915 593 972 oriri
648 914 785 969 facit
820 929 1001 985 super
1054 911 1247 966 malos
1298 925 1368 964 ac
1409 908 1613 971 bonos,
1660 910 1716 960 et
1759 904 1909 975 pluit
1937 917 2110 974 super

452 1004 644 1075 justos
683 1018 753 1058 ac
798 1002 1075 1072 injustas.
1108 1003 1182 1053 At
1226 1003 1287 1054 tu
1322 996 1569 1069 quidem
1601 1010 1637 1049 a
1666 992 1972 1049 conservis
2003 1006 2111 1062 pa-

458 1092 624 1148 teris:
678 1090 773 1145 ille
816 1106 955 1145 vero
1006 1105 1039 1143 a
1092 1087 1304 1143 servis.
1381 1087 1446 1140 Et
1480 1089 1540 1139 tu
1598 1096 1743 1138 sane
1797 1095 1988 1151 pauca
2039 1093 2110 1133 ac

456 1180 694 1236 modica
714 1180 797 1234 eis
854 1176 1169 1250 prmstabis
1225 1175 1419 1230 bona:
1472 1172 1564 1228 ille
1600 1175 1800 1227 autem
1851 1168 2111 1240 plurima

459 1286 523 1324 ac
580 1268 881 1333 maxime;
933 1271 990 1322 et
1032 1271 1231 1321 tamen
1270 1262 1476 1318 tribuit
1531 1261 1635 1316 tibi
1693 1264 1756 1314 ut
1811 1258 1886 1313 ob
1938 1257 2110 1311 talem

456 1357 844 1413 imitationem
886 1354 1000 1426 ipsi
1042 1351 1250 1407 similis
1294 1349 1593 1413 efﬁciaris,
1652 1347 1897 1418 ejusque
1950 1344 2109 1399 ﬁlius

458 1442 810 1500 nomineris.

532 1534 635 1588 Per
693 1532 871 1586 solem
924 1544 1068 1585 sane
1117 1544 1184 1584 ac
1226 1526 1487 1598 pluviam
1553 1524 1753 1579 omnia
1807 1522 1885 1578 ad
1925 1521 2111 1577 vitam

459 1620 869 1678 convenientia
899 1616 1249 1687 signiﬁcavit
1284 1632 1298 1682 ;
1328 1614 1422 1669 his
1457 1612 1613 1670 enim
1647 1611 1853 1668 omnia
1882 1625 1913 1665 e
1963 1615 2112 1665 terra

2214 468 2305 513 τοῦ
2355 460 2559 533 ἀγαπᾷν
2612 467 2734 526 τοὺς
2802 464 3029 539 ἐχθροὺς
3088 468 3248 539 ὑμῶν.
3310 466 3548 538 Ἐπείπερ
3602 466 3813 533 ἐκεῖνος,

2215 551 2314 602 ὑπὸ
2366 560 2464 602 τῶν
2504 562 2738 627 πονηρῶν
2768 559 2853 604 καὶ
2886 562 2982 606 τῶν
3023 556 3136 625 (87)
3188 551 3386 606 ἀδίκων
3426 553 3811 627 βλασφημίαις,

2218 638 2286 699 ὠς
2348 638 2545 711 βέλεσι,
2602 640 2933 713 βαλλόμενος,
2994 648 3083 695 καὶ
3160 642 3520 717 ὑϐριζόμενος,
3577 648 3668 696 καὶ
3724 653 3820 706 τῆς

2218 727 2411 791 οἰκείας
2459 738 2621 801 τιμῆς
2667 728 3128 805 ἀποστερούμενος,
3170 734 3309 803 ὅμως
3359 730 3572 803 ἀγαπῶν
3602 733 3816 801 αὐτοὺς,

2219 813 2475 869 ἀνατέλλει
2518 821 2605 870 τόν
2649 818 2791 878 ἣλιον
2841 820 3001 872 αὐτοῦ
3049 820 3131 872 ἐπὶ
3160 824 3416 893 πονηροὺς
3446 825 3531 872 xui
3564 820 3814 892 ἀγαθοὺς,

2218 909 2308 957 καὶ
2338 904 2525 977 βρέχει
2574 907 2756 969 ἐπίσης
2805 909 2885 961 ἐπὶ
2940 906 3180 970 δικαίους
3226 915 3315 961 xui
3364 905 3582 972 ἀδίκους
3611 952 3623 965 .
3658 911 3821 963 Ἀλλὰ

2222 996 2287 1045 σὺ
2342 997 2432 1065 μεν
2480 998 2623 1068 παρὰ
2674 1006 2773 1049 τῶν
2826 995 3123 1071 ὁμοδούλων
3169 1000 3397 1071 πάσχεις
3446 1007 3632 1059 κακῶς·
3688 1002 3823 1053 ἐκεῖ·

2220 1101 2299 1143 νος
2357 1081 2435 1148 δε,
2490 1088 2634 1158 παρὰ
2684 1094 2781 1138 τῶν
2835 1084 3055 1142 δούλων.
3112 1092 3212 1141 Καὶ
3268 1091 3333 1139 σὺ
3394 1090 3483 1160 μὲν
3533 1088 3681 1161 ὀλίγα
3726 1094 3822 1142 καὶ

2221 1174 2384 1243 μικρὰ
2435 1176 2644 1234 τούτους
2695 1174 3065 1249 εὐεργετήσας·
3135 1176 3323 1237 ἐκεῖνος
3388 1173 3448 1229 δὲ
3512 1178 3675 1231 πολλὰ
3726 1182 3822 1231 καὶ

2220 1261 2438 1332 μεγάλα.
2493 1268 2593 1315 Καὶ
2645 1265 2784 1336 ὅμως
2819 1261 3017 1317 δίδωσί
3050 1284 3135 1318 σοι
3169 1268 3343 1338 ὅμοιον
3374 1266 3487 1337 (88)
3532 1265 3669 1338 αὐτῷ
3720 1264 3820 1320 διὰ

2220 1358 2317 1410 τῆς
2383 1354 2631 1413 τοιαύτης
2684 1360 2955 1425 μιμήσεως
3019 1356 3281 1425 γενέσθαι,
3335 1360 3425 1407 xui
3482 1356 3593 1408 υἱὸν
3658 1356 3823 1409 αὐτοῦ

2222 1437 2592 1510 ὀνομάζεσθαι.

2295 1531 2388 1581 Διὰ
2440 1534 2615 1601 μέντοι
2670 1538 2762 1583 τοῦ
2818 1531 2966 1591 ἡλίου
3018 1537 3107 1584 καὶ
3158 1538 3249 1593 τῆς
3299 1531 3506 1606 βροχῆς
3543 1535 3712 1587 πάντα
3754 1537 3828 1587 τὰ

2222 1620 2346 1688 πρὸς
2376 1618 2514 1678 ζωὴν
2546 1616 2821 1679 ἔπιτήδεια
2848 1616 3134 1679 δεδήλωκε.
3167 1624 3259 1673 Διά
3299 1625 3492 1674 τούτων
3521 1625 3619 1695 γὰρ
3648 1624 3829 1676 πάντα

458 1714 837 1781 generantur,
887 1708 1239 1770 nutriuntur,
1289 1708 1602 1774 augentur,
1674 1716 1744 1756 ac
1801 1698 2111 1771 perﬁciun-

2231 1708 2289 1757 τά
2317 1704 2372 1757 ix
2405 1714 2507 1777 γῆς
2530 1716 2825 1778 γεννῶνται,
2853 1712 2942 1761 καὶ
2971 1713 3261 1783 τρέφονται,
3306 1714 3395 1763 xui
3433 1710 3697 1777 αὔξονται,
3731 1716 3826 1764 xui

458 1807 570 1855 tur.

530 1893 725 1945 Potest
754 1902 993 1959 quoque
1023 1891 1080 1940 et
1128 1883 1243 1938 alio
1286 1881 1467 1937 modo
1525 1879 1687 1935 dici:
1733 1882 1798 1936 Ut
1850 1878 1978 1934 sitis
2011 1878 2115 1934 ﬁlii

461 1979 582 2042 Dei,
610 1976 915 2033 assimilati
956 1972 1225 2029 videlicet
1251 1970 1392 2026 Filio
1433 1970 1580 2041 ejus,
1620 1969 1723 2041 qui
1770 1969 2115 2023 innumeras

464 2066 543 2122 ab
582 2064 837 2120 inimicis
890 2063 1008 2117 suis
1059 2076 1279 2131 passus
1322 2059 1593 2128 iniurias,
1638 2058 1799 2128 ipsos
1845 2056 2111 2120 amabat,

469 2158 525 2209 et
567 2152 855 2208 beneﬁcia
878 2166 980 2205 eos
1018 2146 1291 2204 docendo
1325 2162 1394 2202 ac
1426 2144 1696 2201 sanando
1728 2142 2110 2213 conferebat;

466 2243 807 2313 linguarum
843 2239 1069 2307 sagittis
1099 2238 1333 2309 petitus,
1366 2240 1421 2292 et
1442 2235 1684 2291 tandem
1707 2234 1786 2289 ab
1817 2234 1899 2288 eis
1931 2234 2115 2288 cruci-

461 2332 623 2387 ﬁxus
660 2345 769 2401 pro
822 2329 905 2383 eis
956 2326 1163 2382 orabat
1193 2325 1396 2380 dicens
1429 2341 1441 2378 :
1476 2324 1665 2388 Pater,
1710 2322 1930 2378 dimitte
1971 2322 2112 2384 illis,

460 2437 568 2475 non
583 2420 739 2476 enim
755 2418 951 2473 sciunt
973 2416 1114 2486 quid
1131 2414 1357 2484 faciunt
1378 2416 1445 2467 ¹ο.
1472 2412 1607 2467 Vult
1631 2412 1829 2483 itaque
1852 2410 2115 2466 Christus

462 2509 670 2566 amicis
690 2512 743 2562 te
768 2503 1137 2561 reconciliari
1159 2503 1230 2557 :A
1244 2503 1319 2567 bi,
1344 2500 1717 2573 inquit,prius
1736 2500 2115 2556 reconciliare

459 2598 643 2668 fratri
683 2603 784 2652 tuo
819 2612 834 2657 ;
864 2593 1137 2649 inimicos
1182 2607 1323 2647 vero
1355 2590 1527 2662 jubet
1574 2589 1838 2660 diligere,
1886 2604 1956 2644 ac
2012 2603 2115 2659 pro

461 2688 548 2745 eis
573 2702 762 2752 orare,
788 2690 851 2741 ut
878 2684 1232 2758 praedictum
1259 2686 1368 2739 est.

532 2778 706 2833 Vers.
734 2779 825 2832 46.
846 2774 905 2830 Si
922 2774 1076 2831 enim
1108 2804 1149 2813 -
1185 2774 1259 2829 V.
1285 2771 1374 2827 47.
1398 2770 1661 2840 faciunt.
1684 2772 1809 2825 Non
1832 2772 1921 2823 est
1937 2768 2115 2823 virtus

461 2870 766 2924 amantem
789 2879 851 2919 se
873 2862 1208 2925 redamare,
1244 2859 1347 2914 sed
1380 2863 1602 2914 natura;
1624 2861 2111 2914 consentaneum.

461 2955 598 3010 Nam
639 2960 697 3010 et
716 2950 1014 3022 publicani
1045 2950 1152 3006 hoc
1176 2949 1427 3019 faciunt,
1477 2946 1641 3018 apud
1669 2962 1823 3017 quos
1854 2961 1928 3001 ne
1950 2945 2117 3000 vesti-

2223 1792 2550 1850 τελειοῦνται.

2295 1882 2447 1936 Ἐστι
2497 1881 2555 1937 δι
2603 1890 2692 1938 καὶ
2749 1886 2929 1961 ἑτέρως
2979 1888 3133 1939 εἰπεῖν
3169 1904 3180 1917 °
3212 1887 3386 1948 Ὀπως
3439 1891 3659 1959 γένησθε
3714 1892 3828 1942 υἱοὶ

2223 1980 2314 2025 τοῦ
2348 1977 2497 2043 Θεοῦ,
2532 1972 2580 2025 έν
2624 1982 2695 2045 τῷ
2739 1976 3057 2047 ὁμοιωθῆναι
3095 1985 3166 2046 τῷ
3207 1979 3310 2045 Υίῷ
3359 1977 3537 2044 αὐτοῦ,
3576 1978 3628 2037 ὃς
3656 1982 3833 2050 μυρία

2226 2058 2371 2113 δεινὰ
2418 2065 2561 2137 παρὰ
2612 2072 2712 2114 τῶν
2772 2063 2975 2139 ἐχθρῶν
3033 2066 3190 2118 αὐτοῦ
3238 2068 3434 2136 παθὼν,
3489 2068 3670 2137 ἠγάπα
3730 2068 3833 2119 αῦ-

2224 2154 2340 2210 τούς
2386 2156 2476 2203 καὶ
2527 2151 2809 2227 εὐηργέτει,
2862 2150 3136 2206 διδάσκων
3187 2160 3277 2206 καὶ
3324 2158 3557 2227 ἰώμενος,
3611 2160 3701 2207 xui
3747 2160 3835 2208 τέ-

2223 2240 2309 2300 λος
2354 2241 2442 2293 ὐπ’
2491 2240 2658 2292 αὐτῶν
2710 2244 3050 2315 σταυρωθεὶς,
3100 2247 3297 2315 ηὔχετο
3344 2246 3470 2317 ὑπὲρ
3518 2244 3707 2311 αὐτῶν,
3741 2243 3832 2297 λέ-

2223 2349 2327 2400 γων
2359 2344 2371 2355 ·
2413 2332 2598 2404 Πάτερ,
2638 2332 2761 2403 ἄφες
2787 2332 2961 2394 αὐτοῖς
3001 2348 3013 2360 ’
3053 2332 3111 2384 οὔ
3150 2335 3249 2407 γὰρ
3289 2329 3472 2385 οἴδασι
3498 2353 3549 2384 τι
3575 2340 3822 2389 ποιοῦσι.

2225 2418 2467 2471 Βούλεταί
2500 2438 2558 2471 σε
2587 2425 2756 2472 τοίνυν
2784 2422 2808 2471 ὁ
2842 2424 3073 2493 Χριστὸς
3114 2429 3219 2483 τοῖς
3255 2421 3421 2493 φίλοις
3571 2418 3606 2474 δ
3612 2421 3833 2473 ιαλλάτ-

2225 2508 2407 2559 τεσθαι
2441 2526 2453 2540 '
2512 2507 2709 2580 Ὕπαγε
2754 2511 2876 2582 γὰρ,
2924 2514 3074 2581 φησὶ,
3134 2519 3334 2582 πρῶτον
3384 2506 3705 2581 διαλλάγηθι
3751 2519 3835 2582 τῷ

2226 2592 2430 2668 ἀδελφῷ
2482 2616 2577 2650 σου
2610 2614 2621 2625 '
2683 2601 2805 2659 τοὺς
2855 2597 3081 2671 έχθροὺς
3112 2595 3171 2652 δε
3210 2598 3415 2671 ἀγαπᾷν
3446 2604 3534 2652 καὶ
3563 2602 3835 2671 εὔχεσθαι

2226 2685 2352 2758 ὑπερ
2382 2685 2571 2754 αὐτῶν,
2596 2689 2664 2748 ὡς
2689 2691 3010 2762 προείρηται.

2299 2774 2417 2826 Ἐὰν
2454 2777 2556 2848 γὰρ
2602 2805 2674 2818 -
2719 2784 2980 2832 ποιοῦσιν.
3036 2776 3147 2829 Οὐκ
3195 2780 3335 2831 ἔστιν
3390 2776 3543 2852 ἀρετὴ
3596 2782 3653 2830 τὸ
3696 2781 3839 2850 ἁγαο

2226 2868 2327 2933 πᾲν
2381 2867 2467 2915 τὸν
2530 2862 2831 2936 ἀγαπῶντα,
2900 2865 3027 2919 ἀλλὰ
3088 2870 3282 2939 φύσεως
3356 2866 3655 2922 ἀκολουθία.
3721 2875 3838 2921 Καὶ

2226 2954 2327 3025 γὰρ
2383 2958 2472 3005 καὶ
2516 2953 2564 3005 οἰ
2617 2953 2828 3007 τελῶναι
2879 2963 3032 3009 τοῦτο
3087 2964 3319 3023 ποιοῦσι,
3387 2956 3511 3030 παρ’
3579 2958 3653 3017 οἷς
3703 2955 3841 3010 οὐδὲ

463 3045 627 3116 gium
658 3042 901 3115 quidem
927 3044 1018 3095 est
1048 3039 1299 3095 virtutis.
1360 3039 1509 3093 Sunt
1539 3041 1735 3092 autem
1781 3034 2110 3107 publicani,

2231 3045 2373 3112 ἴχνος
2421 3041 2623 3115 ἀρετῆς.
2672 3042 2895 3096 Τελῶναι
2945 3041 3005 3097 δέ
3044 3046 3197 3112 εἰσιν,
3236 3048 3284 3098 oi
3332 3045 3602 3121 φορολόγοι
3638 3053 3731 3099 καὶ
3784 3051 3840 3099 οἱ

462 3134 567 3205 qui
602 3130 911 3200 vectigalia
941 3129 1241 3199 colligunt,
1286 3143 1356 3183 ac
1396 3124 1787 3181 commerciar
1816 3124 1855 3179 ii
1895 3126 1983 3193 (ut
2033 3123 2116 3179 sic

462 3220 804 3294 loquamur)
831 3219 932 3292 qui
960 3217 1177 3273 scilicet
1202 3215 1499 3272 mercibus
1522 3216 1725 3270 vivunt
1745 3217 2118 3269 commutan-

462 3311 555 3367 dis
606 3311 689 3381 (i).
742 3308 915 3364 Erant
957 3312 1158 3363 autem
1192 3305 1452 3361 maxime
1503 3302 1775 3368 infames,
1833 3302 1935 3373 qui
1964 3309 2117 3356 artes

459 3398 803 3471 hujusmodi
828 3395 1202 3460 exercebant,
1235 3398 1523 3465 tanquam
1555 3392 1778 3462 injusti,
1823 3390 2009 3458 avari,
2048 3405 2117 3445 ac

460 3487 753 3545 scelerati.
792 3486 951 3540 Unde
978 3490 1033 3539 et
1062 3484 1119 3539 in
1151 3482 1439 3546 doctrina,
1478 3497 1613 3553 quas
1637 3479 1850 3535 inloco
1882 3493 2119 3549 campe-

459 3578 561 3633 stri
580 3577 723 3632 data
766 3578 870 3641 est,
895 3589 1000 3645 pro
1040 3571 1379 3643 publicanis
1424 3569 1573 3624 dixit
1632 3572 1970 3640 peccatores
2033 3568 2107 3623 ¹¹.

462 3667 606 3723 Cum
640 3668 840 3719 autem
889 3676 1082 3733 neque
1128 3660 1434 3731 diligentes
1464 3673 1574 3713 nos
1619 3656 1966 3725 diligamus,
2015 3656 2118 3710 sed

458 3754 835 3810 invideamus
858 3750 1056 3823 potius
1081 3750 1174 3805 his
1204 3748 1308 3820 qui
1331 3746 1505 3803 nobis
1530 3747 1681 3802 bene
1707 3746 1976 3816 cupiunt,
1995 3761 2119 3817 qua

459 3842 725 3907 tandem,
769 3841 1040 3903 obsecro,
1091 3838 1250 3909 digni
1302 3836 1526 3891 erimus
1588 3834 2114 3900 condemnatione,

461 3949 597 3989 cum
640 3946 822 4002 super
865 3928 1097 3985 Scribas
1128 3932 1183 3982 et
1215 3926 1540 3981 Pharisaeos
1583 3924 1643 3979 in
1670 3923 1900 3994 justitia
1930 3922 2118 3978 abun-

461 4021 605 4077 dare
626 4020 795 4091 jussi,
842 4018 1018 4073 etiam
1050 4014 1163 4071 illis
1194 4014 1499 4070 inferiores
1552 4028 1786 4077 sumus,
1820 4012 1923 4084 qui
1954 4012 2118 4084 apud

461 4125 563 4166 eos
592 4108 847 4164 infames
876 4112 1043 4162 erant
1072 4104 1100 4159 7

536 4202 697 4254 Vers.
730 4198 817 4253 48.
854 4196 1037 4251 Erilis
1058 4225 1125 4233 -—
1151 4199 1253 4249 est.
1276 4192 1385 4257 Qui
1422 4191 1735 4261 diligentes
1756 4206 1815 4245 se
1843 4189 2115 4261 diligunt,

460 4288 521 4345 hi
566 4292 713 4343 certe
758 4286 813 4340 in
858 4282 1172 4338 dilectione
1222 4280 1549 4351 imperfecti
1613 4285 1784 4347 sunt;
1821 4278 1924 4350 qui
1979 4293 2117 4333 vero

460 4379 642 4434 etiam
670 4374 933 4431 inimicos
962 4376 1181 4434 amant,
1210 4368 1273 4425 hi
1304 4384 1445 4425 sane
1475 4368 1715 4440 perfecti
1742 4372 1898 4423 sunt.

2229 3133 2648 3206 κομμερκιάριοι.
2710 3130 2920 3207 Σφόδρα
2974 3131 3031 3186 δι
3090 3131 3417 3188 διεϐάλλοντο
3482 3138 3547 3187 τὰ
3612 3143 3844 3190 τοιαῦτα

2229 3216 2643 3293 ἐπιτηδεύματα,
2690 3225 2758 3284 ὡς
2809 3220 2975 3275 ἄδικα
3016 3228 3106 3275 καὶ
3159 3223 3489 3276 πλεονεκτικὰ
3534 3229 3623 3277 xui
3655 3224 3845 3298 ἀσυμ-

2227 3311 2389 3367 παθῆ.
2419 3310 2563 3362 Ἐπεὶ
2592 3316 2681 3363 xui
2724 3314 2772 3363 ἓν
2830 3320 2892 3384 τῇ
2945 3312 3029 3365 ἐπὶ
3078 3320 3166 3365 τοῦ
3209 3309 3423 3365 πεδινοῦ
3459 3318 3619 3366 τόπου
3663 3310 3764 3365 διδ
3771 3335 3844 3368 οι-

2232 3398 2440 3471 σκαλίᾳ,
2497 3398 2612 3452 ἀντὶ
2662 3408 2753 3453 τοῦ
2808 3401 2983 3473 εἰπεῖν,
3036 3404 3084 3454 οἰ
3150 3402 3379 3475 τελῶναι,
3427 3405 3478 3455 οἱ
3526 3403 3842 3478 ἁμαρτωλοὶ

2229 3484 2384 3541 εἶπεν.
2426 3487 2585 3541 Ὀταν
2618 3486 2675 3541 δε
2729 3487 2867 3562 μηδί
2900 3494 3019 3553 τοὺς
3076 3490 3381 3563 ἀγαπῶντας
3419 3490 3724 3565 ἀγαπῶμεν,
3788 3492 3843 3545 έν

2228 3584 2300 3646 τῷ
2332 3578 2529 3649 φθονεῖν
2569 3574 2940 3651 εὐδοκιμοῦσιν
2982 3581 3178 3650 αὐτοῖς,
3228 3587 3362 3642 τίνος
3399 3581 3494 3633 οὐκ
3539 3580 3600 3632 ἂν
3655 3585 3845 3654 εἴημεν

2228 3664 2366 3727 ἄξιοι
2442 3672 2815 3741 κατακρίσεως,
2898 3672 2947 3721 οἱ
3017 3674 3343 3742 περισσεύειν
3410 3679 3509 3723 τῶν
3577 3677 3849 3743 Γραμμαο

2229 3758 2351 3806 τίων
2404 3761 2493 3809 καὶ
2551 3762 2845 3831 Φαρισαίων
2911 3758 2960 3810 έν
3036 3755 3346 3831 δικαιοσύνῃ
3417 3759 3847 3831 κεκελευσμένοι,

2229 3841 2538 3907 ἑλλείποντες
2605 3850 2695 3898 καὶ
2760 3855 2859 3899 τῶν
2928 3848 3051 3919 παρ’
3121 3846 3330 3910 ἐκείνοις
3409 3844 3849 3920 διαϐεϐλημένων

2229 3931 2451 3985 τελωνῶν
2473 3952 2491 4005 ;

2297 4186 2517 4237 Ἐσεσθε
2550 4215 2615 4227 -
2646 4184 2807 4241 ἐστιν.
2841 4187 2905 4238 Οἱ
2934 4188 3023 4258 μεν
3046 4184 3340 4258 ἀγαπῶντες
3366 4191 3485 4249 τοὺς
3517 4186 3858 4259 ἀγαπῶντας

2228 4274 2441 4341 αὐτοὺς,
2473 4273 2664 4337 ἀτελεῖς
2697 4275 2826 4328 εἰσιν
2858 4275 2926 4337 εἰς
2957 4274 3163 4347 ἀγάπην
3195 4296 3207 4309 ·
3247 4279 3296 4328 οἱ
3336 4273 3393 4328 δε
3423 4281 3545 4337 τοὺς
3577 4276 3855 4352 ἐχθροὺς,

2229 4364 2372 4415 οὗτοι
2397 4363 2597 4416 τέλειοι.

534 4428 793 4538 cii—“v1,
844 4428 1003 4518 vers.
1033 4465 1079 4516 1.
1109 4428 1397 4515 Αίεεηάἰιε
1424 4428 1493 4497 -έ
1539 4458 1644 4528 qui
1675 4458 1738 4512 in
1798 4456 1956 4513 caelis
2013 4462 2111 4511 est.

2300 4456 2591 4525 Προσέχετε
2639 4485 2707 4494 -
2763 4462 2834 4525 τῷ
2916 4452 2963 4505 ἒν
3043 4462 3153 4517 τοῖς
3230 4456 3485 4530 οὐρανοῖς.
3560 4459 3861 4520 Φυτεῦσας

461 4554 741 4613 Plantatis
777 4553 901 4624 jam
934 4548 1272 4614 virtutibus,
1316 4546 1466 4603 tollit
1494 4546 1777 4618 deinceps
1808 4545 2110 4609 aﬂectum,

463 4645 567 4718 qui
603 4644 685 4698 eis
731 4641 1072 4698 adnascitur
1123 4643 1178 4694 et
1216 4637 1499 4693 molestus
1546 4641 1653 4700 est,
1687 4639 1824 4707 puta
1874 4635 2117 4691 inanem

537 4769 585 4805 ¹⁰
605 4766 743 4823 Luc.
774 4779 929 4835 xxiii,
957 4762 1046 4820 34.
1072 4762 1118 4799 ¹¹
1154 4762 1283 4817 Luc.
1320 4777 1392 4828 vi,
1416 4760 1505 4817 32.

2227 4539 2333 4600 ἤδη
2386 4545 2477 4604 τὰς
2522 4541 2723 4618 ἀρετὰς,
2776 4542 2953 4596 λοιπὸν
3008 4543 3209 4619 ἀναιρεῖ
3257 4550 3345 4597 xui
3394 4548 3450 4597 τὸ
3494 4550 3865 4619 παραφυόμεν-

2227 4650 2307 4683 νον
2357 4636 2447 4683 καὶ
2486 4630 2728 4704 ἐνοχλοῦν
2778 4631 2958 4694 αὐταῖς
3013 4635 3197 4698 πάθος,
3247 4633 3377 4705 λέγω
3432 4630 3499 4692 δὴ
3552 4637 3650 4693 τὴν
3696 4654 3865 4689 κενοι-

1714 4855 1939 4928 Variaa
1966 4854 2295 4923 lectiones
2341 4862 2406 4921 et
2450 4862 2649 4923 notae.

540 5016 651 5091 (87)
682 5023 792 5071 Τῶν
816 5012 985 5070 abest
1012 5010 1077 5070 A.

538 5078 647 5160 (88)
672 5091 854 5161 ὅμοιος
880 5098 1023 5154 ergo
1058 5086 1176 5161 _e_st_
1202 5080 1721 5161 interpretationis.
1782 5078 1896 5137 Sed
1942 5078 2119 5152 Chry-

468 5154 774 5221 soslo'ui'us
800 5158 859 5213 id
891 5156 1072 5212 textui
1099 5154 1311 5210 intulit.

538 5234 649 5309 (89)
676 5236 701 5284 ό
750 5232 1009 5305 φυτεύσας
1056 5227 1127 5282 Α.
1167 5224 1462 5282 Articulus
1491 5223 1701 5282 abesse
1757 5226 1977 5295 potest.
2016 5229 2114 5277 Φυ-

2224 5007 2412 5088 τεύσας
2465 5003 2594 5089 ἠδη,
2645 5006 2825 5089 i‘ntell.
2871 5010 3217 5089 “inpiati;
3272 5008 3534 5089 _Credi_dit
3606 5010 3866 5089 scribat,

2224 5078 2605 5221 gqgjg-igcipio
2637 5078 2843 5140 deesse
2866 5078 3123 5143 litteram
3163 5080 3589 5153 maiusculam.
3640 5078 3873 5143 Pinxit

539 5360 606 5434 (ἢ
639 5358 710 5415 Ut
734 5356 818 5413 sic
846 5384 916 5434 -+
942 5350 1531 5434 commutandissliasc
1562 5350 1757 5409 aliena
1782 5353 1937 5406 sunt.
1970 5348 2320 5423 Euthymius
2360 5347 2457 5404 hic
2486 5352 2715 5406 tantum
2755 5349 3088 5424 explicabat
3112 5349 3342 5419 τελῶναί,
3375 5349 3685 5411 vocabulo
3726 5371 3871 5415 sua

466 5424 635 5492 estate
661 5433 971 5495 consueto,
998 5424 1435 5484 commerciarii.
