3990 6206
510 208 609 265 231

1826 202 2187 265 EUTHYMII
2222 196 2550 260 ZIGABENI

3765 202 3877 261 232

514 338 627 390 ture
637 332 1079 406 eleemosynam
1097 336 1443 403 agnoscant.
1463 330 2066 403 Autperhyperbolen
2081 346 2151 386 es

2275 330 2439 399 οὗτοι,
2483 333 2633 401 φησι,
2678 332 2959 399 γνώτωσαν
3005 336 3094 388 τῆς
3138 324 3315 391 δεξιᾶς
3370 346 3463 381 σου
3521 331 3613 387 τὴν
3669 327 3875 401 ἐλεημο.

511 438 736 487 sermo,
770 438 1004 494 nempe,
1040 425 1104 477 Et
1134 422 1327 493 ipsam
1361 422 1658 476 sinistram
1690 421 1865 476 lateat
1881 421 2121 476 dextera
2150 436 2161 473 :

508 526 615 582 per
635 511 800 582 quod
830 511 1240 567 manifestatur
1287 510 1609 582 plurimum
1640 514 1914 581 oportere
1959 508 2164 566 latere.

577 689 664 758 H—
693 687 819 744 Alia
849 689 1027 745 etiam
1053 688 1302 752 ratione,
1331 688 1539 744 dextra
1564 687 1811 759 quidem
1844 692 1931 743 est
1958 687 2160 752 virtus,

507 776 743 832 sinistra
794 783 994 833 autem
1038 777 1349 833 vitiositas.
1395 780 1473 831 Ne
1523 776 1703 847 igitur
1732 783 1941 831 noscat
1994 776 2166 831 vitio-

507 865 648 920 sitas
679 866 835 921 facta
886 866 1107 921 virtutis
1148 882 1251 937 per
1295 865 1807 934 communionem,
1866 864 1972 920 sed
2034 864 2164 920 sine

512 954 937 1009 communione
968 955 1093 1010 vitii
1135 955 1457 1010 honestum
1502 958 1557 1009 et
1594 953 1820 1010 bonum
1851 952 1976 1009 fiat.

577 1046 1019 1115 Consequenter
1048 1059 1189 1099 vero
1220 1042 1467 1111 addidit,
1509 1042 1675 1115 quod
1700 1044 1887 1098 Deum
1938 1041 2162 1099 habeas

505 1139 961 1203 conspectorem
1008 1148 1077 1188 ac
1124 1138 1353 1199 testem,
1396 1132 1499 1205 qui
1563 1147 1729 1187 more
1781 1132 1967 1203 patris
2021 1148 2163 1202 gau-

506 1221 607 1277 det
636 1221 847 1276 videns
862 1221 1024 1276 bona
1050 1220 1311 1276 ﬁliorum
1336 1235 1518 1292 opera
1542 1236 1554 1275 :
1575 1220 1853 1293 quodque
1882 1235 2004 1276 non
2036 1235 2162 1292 per-

506 1312 608 1365 des
659 1325 795 1381 qure
834 1309 1090 1378 dederis,
1147 1310 1252 1366 sed
1297 1309 1375 1366 ab
1432 1311 1564 1382 ipso
1616 1310 1864 1381 recipies
1914 1310 2162 1365 omnino

504 1398 905 1468 eleemosynee
956 1398 1298 1469 praemium.
1353 1398 1496 1456 Non
1550 1398 1699 1453 dixit
1752 1401 1955 1453 autem
2002 1398 2162 1453 unde

503 1486 697 1541 facere
746 1491 1035 1557 oporteat,
1090 1492 1236 1559 puta
1265 1486 1427 1558 quod
1458 1501 1489 1541 e
1514 1486 1684 1557 justis
1732 1485 2163 1542 sacculiszhoc

502 1589 716 1645 nempe
766 1574 1050 1631 omnibus
1099 1579 1311 1631 notum
1360 1579 1501 1631 erat.
1559 1576 1847 1630 Praeterea
1889 1575 2162 1647 superius

2277 421 2457 477 σύνην,
2518 417 2584 469 ’Ἡ
2657 422 2745 470 καὶ
2816 418 2930 469 καθ’
2995 416 3281 491 ὑπερϐολὴν
3325 419 3350 469 6
3404 416 3578 488 λόγος,
3633 420 3713 470 ὅτι
3776 424 3879 473 Καὶ

2273 508 2431 565 αὐτὴν
2476 506 2669 559 λαθέτω
2714 509 2742 564 ἡ
2788 503 2939 568 δεξιά
2976 511 3069 565 τὴν
3115 506 3409 582 ἀριστερὰν,
3464 502 3535 559 δι’
3577 506 3637 558 οὗ
3676 503 3879 565 δηλοῦ-

2273 616 2361 649 ται
2388 599 2447 647 τὸ
2482 592 2588 649 δεῖν
2617 594 2729 648 λίαν
2767 594 3051 648 λανθάνειν.

2346 686 2469 756 [Καὶ
2519 686 2634 754 (96)
2670 684 2785 736 καθ’
2817 685 2985 759 ἕτερον
3018 680 3076 736 δε
3120 683 3290 755 λόγον,
3334 680 3481 746 δεξιά
3520 688 3629 756 μὲν,
3677 686 3706 742 ἠ
3749 684 3878 758 ἀρε-

2270 778 2358 839 τὴ,
2414 772 2665 846 ἀριστερά
2705 769 2784 842 δε,
2838 775 2869 830 ἠ
2921 779 3095 826 κακία.
3149 778 3233 831 Μὴ
3280 778 3459 843 γνώτω
3503 773 3589 825 οὖν
3639 775 3668 831 ἡ
3712 780 3882 826 κακία

2271 866 2363 921 τὴν
2415 862 2602 934 πρᾶξιν
2652 871 2742 922 τῆς
2796 860 3003 936 ἀρετῆς,
3065 858 3138 914 δι’
3199 860 3481 934 ἐπιμιξίας,
3536 861 3641 915 ἀλλ’
3688 861 3879 935 ἀμιγὲς

2271 950 2572 1023 ἐνεργείσθω
2606 954 2664 1003 τὸ
2685 950 2859 1008 καλὸν,
2892 949 2913 1021 Ῑ

2341 1043 2408 1092 Τὸ
2442 1036 2501 1092 δὲ
2527 1039 2642 1102 ἑξῆς
2685 1042 2994 1113 προσέθηκε,
3041 1035 3334 1111 διδάσκων,
3385 1040 3467 1091 ὅτι
3516 1059 3571 1092 τε
3600 1042 3685 1091 τὸν
3740 1043 3871 1093 Θεὸν

2270 1130 2407 1199 ἔχεις
2460 1133 2763 1201 συνίστορα,
2828 1133 2915 1181 τὸν
2966 1124 3121 1188 δίκην
3184 1131 3382 1201 πατρὸς
3443 1134 3701 1203 χαίροντα
3752 1130 3874 1199 (97)

2272 1216 2477 1289 βλέπειν
2536 1220 2602 1269 τά
2656 1220 2725 1271 σὰ
2788 1219 3189 1291 κατορθώματα,
3243 1222 3333 1270 καὶ
3385 1219 3465 1269 ὅτι
3538 1218 3631 1269 οὐκ
3689 1216 3873 1270 ἀπολέ-

2273 1324 2399 1373 σεις,
2432 1305 2467 1357 ἂ
2497 1302 2685 1371 δίδως,
2723 1304 2852 1359 ἀλλὰ
2879 1306 3001 1381 παρ’
3049 1307 3207 1359 αύτοῦ
3251 1308 3454 1367 πάντως
3494 1305 3744 1380 ἀπολήψῃ
3777 1310 3868 1359 τὸν

2270 1396 2395 1469 ὑπὲρ
2452 1403 2545 1456 τῆς
2603 1394 2952 1467 ἐλεημοσύνης
3002 1397 3229 1467 μισθόν·
3288 1394 3381 1447 ούκ
3421 1391 3529 1447 εἷπε
3581 1392 3660 1463 δὲ,
3711 1398 3871 1448 πόθεν

2268 1488 2379 1557 χρὴ
2434 1490 2595 1535 ποιεῖν
2637 1482 3005 1556 ἐλεημοσύνην,
3067 1484 3171 1536 οἷον
3221 1484 3301 1536 ὅτι
3362 1482 3462 1535 ἀπὸ
3508 1479 3729 1536 δικαίων
3773 1491 3873 1537 πό-

2268 1592 2389 1647 ρων.
2450 1578 2591 1625 Πᾶσι
2641 1574 2742 1647 γὰρ
2804 1578 2956 1625 τοῦτο
3002 1569 3258 1647 γνώριμον
3307 1569 3387 1631 ἦν.
3439 1572 3639 1634 ’Ἄλλως
3681 1592 3737 1625 τε
3778 1577 3873 1624 καὶ

502 1678 739 1735 quoque
812 1662 1021 1719 beatos
1060 1662 1398 1735 praedicavit
1440 1666 1762 1720 esurientes
1802 1667 1857 1719 et
1901 1663 2151 1720 sitientes

2274 1659 2504 1733 ἀνωτέρω
2553 1665 2669 1721 τοὺς
2720 1669 2997 1723 πεινῶντας
3048 1666 3138 1715 καὶ
3193 1658 3460 1732 διψῶντας
3509 1666 3602 1720 τὴν
3658 1658 3871 1715 δικαιο-

496 1752 862 1823 justitiam“

574 1839 737 1895 Vers.
766 1842 819 1896 5.
860 1842 940 1897 Ει
993 1857 1121 1897 cum
1150 1872 1220 1881 —
1247 1857 1438 1898 suam.
1499 1842 1862 1912 Angiportus
1916 1842 2158 1913 quidem

504 1933 641 1985 sunt
662 1930 775 1985 vici
797 1930 1056 1999 augusti,
1083 1946 1188 2001 per
1217 1946 1371 2002 quos
1396 1930 1574 2001 pauci
1594 1935 1849 2001 possunt
1866 1931 2155 1988 incedere.

503 2018 718 2074 Platea:
767 2035 907 2075 vero
936 2019 1048 2074 vias
1104 2019 1379 2091 publica,
1432 2033 1543 2091 per
1581 2036 1734 2092 quas
1780 2020 1945 2076 multi
1980 2021 2157 2076 simul

502 2106 778 2163 incedere
831 2113 1102 2179 possunt,
1143 2109 1229 2177 Η-
1281 2123 1433 2180 quas
1475 2124 1587 2165 nos
1626 2108 1861 2182 ἐξαέρους
1898 2110 2156 2182 appella-

502 2212 658 2263 mus,
699 2201 989 2269 tanquam
1020 2197 1344 2252 subdiales.

571 2286 730 2340 Vers.
762 2286 822 2340 6.
870 2286 955 2339 Tu
983 2291 1169 2341 autem
1196 2315 1266 2325 ——
1290 2286 1627 2355 propatulo.
1669 2286 1947 2343 Similiter
1977 2291 2033 2343 et
2060 2286 2157 2343 hic

501 2388 624 2428 cum
647 2373 912 2439 dixisset,
954 2376 1262 2444 quomodo
1306 2380 1590 2445 oporteat,
1614 2391 1737 2430 non
1769 2375 1983 2441 facere,
2015 2375 2159 2432 dicit

503 2462 686 2518 etiam
725 2478 848 2533 quo
876 2470 1049 2533 pacto
1080 2462 1271 2519 facere
1319 2469 1607 2535 oporteat,
1642 2470 1699 2520 et
1746 2465 1857 2520 hoc
1898 2465 2154 2521 docendi

499 2550 684 2607 modo
715 2551 1052 2623 frequenter
1080 2568 1226 2607 usus
1259 2555 1366 2608 est.
1401 2553 1571 2608 Patri
1624 2569 1765 2609 vero
1794 2561 1893 2609 tuo
1944 2556 2048 2626 qui
2073 2561 2155 2610 est

496 2641 557 2695 in
625 2642 877 2707 occulto,
936 2641 1051 2697 hoc
1109 2645 1216 2707 est,
1284 2641 1576 2696 invisibili.
1640 2645 1898 2698 Rursum
1973 2643 2151 2698 etiam

497 2728 657 2791 dicit,
687 2729 852 2801 quod
892 2729 1002 2795 Qui
1035 2730 1278 2785 videtin
1337 2730 1583 2796 occulto,
1630 2733 1912 2799 persolvet
1955 2732 2062 2788 tibi
2089 2734 2153 2789 in

495 2819 820 2887 propatulo
837 2834 849 2872 :
866 2818 1277 2886 manifestans,
1299 2819 1461 2889 quod
1486 2819 1532 2873 si
1547 2824 1902 2890 spectatores
1916 2821 2149 2893 quaeris,

497 2905 690 2961 habes
725 2921 832 2977 pro
881 2906 1165 2961 omnibus
1213 2908 1397 2961 Deum
1436 2907 1653 2977 ipsum.
1705 2910 1761 2963 Si
1794 2925 1936 2964 vero
1970 2917 2027 2965 et
2050 2910 2153 2966 ho-

2271 1753 2428 1807 σύνην
2456 1748 2760 1822 ἐμακάρισε.

2340 1842 2439 1891 Καὶ
2502 1841 2622 1891 ὅταν
2699 1870 2767 1879 -
2839 1838 3025 1891 αὐτῶν.
3103 1843 3355 1892 Στενωποὶ
3601 1838 3732 1891 εἰσιν
3812 1841 3872 1891 αἱ

2268 1933 2437 1981 στεναὶ
2484 1924 2624 1993 ὁδοὶ,
2663 1923 2734 1980 δι’
2780 1927 2847 1979 ὧν
2884 1927 3049 1999 ὀλίγοι
3094 1924 3433 2000 βαδιζουσιν,
3467 1927 3532 1989 ἃς
3577 1929 3724 2000 ἡμεῖς
3771 1926 3873 1999 ἐμ-

2266 2014 2447 2076 ϐόλους
2504 2016 2755 2088 καλοῦμεν
2782 2037 2794 2049 ·
2835 2016 3076 2070 πλατεῖαι
3112 2013 3190 2081 δὲ,
3250 2018 3305 2068 αἱ
3350 2015 3617 2091 λεωφόροι,
3669 2012 3744 2068 δι’
3795 2017 3871 2068 ὧν

2265 2104 2441 2157 πολλοὶ
2502 2104 2612 2176 ἅμα
2660 2103 2857 2177 βαίνειν
2916 2101 3187 2174 δύνανται,
3250 2103 3313 2167 ἃς
3364 2106 3477 2177 (98)
3527 2107 3671 2177 ἡμεῖς
3723 2105 3871 2168 ἐξαέ-

2263 2212 2387 2267 ρους
2420 2193 2652 2265 λέγομεν,
2679 2196 2745 2254 ὡς
2771 2195 3085 2267 ὑπαίθρους,

2336 2286 2401 2335 Σὺ
2475 2279 2535 2335 δὲ
2607 2313 2676 2323 -
2749 2291 2973 2356 φανερῷ.
3055 2282 3273 2355 Ὀμοίως
3342 2281 3608 2335 κάνταῦθα
3687 2283 3873 2353 εἰπὼν,

2262 2379 2373 2433 πῶς
2416 2367 2501 2424 δεῖ
2544 2376 2616 2444 μὴ
2662 2378 2845 2439 ποιεῖν,
2896 2372 3050 2443 λέγει,
3101 2378 3191 2425 καὶ
3246 2380 3352 2434 πῶς
3404 2368 3485 2425 δεῖ
3536 2378 3724 2437 ποιεῖν,
3774 2379 3870 2427 καὶ

2262 2463 2426 2531 τούτῳ
2482 2468 2553 2512 τῶ
2611 2464 2783 2533 τρόπῳ
2834 2460 3104 2532 πολλαχοῦ
3158 2470 3250 2522 τῆς
3306 2457 3657 2524 διδασκαλίας
3699 2462 3873 2515 αὐτοῦ

2263 2553 2540 2620 κέχρηται,
2600 2556 2682 2619 Τῷ
2739 2550 2908 2625 Πατρί
2965 2570 3058 2603 σου
3116 2547 3195 2617 δὲ,
3254 2558 3327 2604 τῷ
3397 2549 3445 2601 ἐν
3496 2559 3567 2621 τῷ
3620 2560 3875 2624 κρυπτῷ,

2263 2636 2375 2690 ἀντὶ
2441 2646 2554 2708 τοῦ,
2623 2646 2693 2709 τῷ
2746 2637 2970 2713 ἀοράτῳ.
3031 2639 3189 2691 Πάλιν
3250 2635 3309 2691 δε
3365 2641 3709 2713 προσέθηκεν,
3784 2644 3874 2693 ὅτι

2259 2725 2317 2778 Ὀ
2375 2725 2575 2798 βλέπων
2639 2725 2686 2779 ἐν
2740 2734 2810 2797 τῷ
2872 2736 3107 2800 κρυπτῷ,
3178 2724 3446 2781 ἀποδώσει
3511 2747 3597 2781 σοι
3675 2728 3726 2779 ἐν
3792 2738 3876 2799 τῷ

2261 2824 2478 2887 φανερῷ,
2536 2812 2730 2881 δηλῶν,
2783 2818 2882 2883 ὅτι,
2939 2816 2982 2868 εἰ
3035 2817 3211 2877 ζητεῖς
3278 2818 3482 2881 θεατὰς,
3540 2819 3685 2888 ἔχεις
3747 2816 3873 2871 ἀντὶ

2259 2905 2463 2955 πάντων
2506 2903 2663 2957 αύτὸν
2706 2907 2793 2956 τὸν
2838 2909 2965 2957 Θεόν
2994 2924 3006 2938 ·
3041 2905 3085 2957 εἰ
3116 2902 3174 2957 δὲ
3226 2910 3315 2957 καὶ
3363 2904 3660 2978 ἀνθρώπους
3708 2906 3878 2969 θέλεις

497 2994 693 3050 mines
718 2994 941 3049 habere
963 2994 1134 3064 cupis
1147 2995 1664 3066 contemplatores,
1690 2996 1939 3054 habebis
1973 2999 2150 3054 etiam

2274 2994 2504 3065 θεωρούς,
2563 2992 2691 3055 ἕξεις
2743 2998 2832 3045 καὶ
2878 2996 3092 3054 τούτους
3146 2992 3194 3045 ἐν
3243 3002 3315 3064 τῷ
3354 3002 3518 3067 καιρῷ
3570 3002 3667 3056 τῆς
3708 2993 3877 3069 ἀυαρ-

498 3081 606 3138 hos
659 3086 912 3153 tempore
963 3083 1248 3154 praeconii
1304 3098 1375 3139 ac
1418 3083 1815 3141 retributionis
1876 3087 2145 3158 praemii:

495 3186 605 3226 nec
630 3170 819 3227 multo
865 3171 1078 3237 solum,
1123 3172 1225 3233 sed
1262 3188 1472 3228 omnes
1506 3188 1518 3227 :
1549 3188 1658 3229 nec
1708 3174 1980 3231 homines
2018 3181 2150 3231 tan-

494 3263 639 3330 tum,
668 3259 775 3315 sed
796 3259 976 3315 etiam
1006 3260 1246 3330 angelos
1275 3265 1331 3316 et
1368 3261 1793 3332 anchangelos,
1822 3279 2149 3335 omnesque

493 3347 761 3404 cmlestes
809 3349 1068 3404 virtutes.
1123 3350 1343 3414 Quodsi
1399 3366 1560 3405 nunc
1591 3351 1936 3406 manifestas
1986 3353 2151 3408 bona

492 3453 697 3509 opera,
731 3441 851 3502 tua,
885 3443 941 3493 et
972 3439 1287 3508 praemium
1331 3440 1496 3511 quod
1548 3439 1936 3511 exspectabas
1967 3458 2002 3497 a
2030 3443 2151 3499 Deo

495 3526 741 3596 perdis:
775 3531 832 3580 et
894 3526 1166 3582 homines
1209 3528 1321 3596 ipsi
1368 3533 1426 3583 te
1484 3528 1979 3585 condemnabunt
2026 3535 2149 3586 tan-

492 3629 677 3684 quam
703 3612 898 3668 inanis
926 3612 1128 3682 gloriae
1180 3616 1589 3686 appetitorem.
1623 3616 1771 3672 Cum
1810 3633 1951 3688 ergo
1982 3618 2155 3681 liceat

492 3708 549 3757 et
599 3701 937 3757 mercedem
976 3702 1276 3759 bonorum
1329 3720 1582 3775 operum
1623 3706 1905 3777 accipere,
1948 3712 2005 3764 et
2048 3726 2153 3781 pu‘

491 3789 644 3846 blice
698 3804 901 3846 coram
945 3794 1029 3846 tot
1073 3791 1373 3863 tantisque
1395 3792 1727 3863 prmdicari,
1758 3795 1807 3849 si
1837 3796 2150 3867 paululum

493 3879 811 3943 sustineas,
838 3880 1148 3952 quomodo
1179 3895 1302 3936 non
1341 3880 1593 3937 omnino
1626 3882 1876 3940 stultum
1906 3901 1977 3941 ac
2009 3886 2151 3944 irra-

490 3967 775 4023 tionabile
828 3969 936 4024 erit
975 3968 1237 4041 utrisque
1285 3970 1375 4025 his
1426 3970 1722 4037 excidere,
1770 3977 1825 4028 et
1873 3980 2151 4048 prassenti

492 4055 721 4113 theatro
740 4054 886 4111 illud
908 4061 1244 4127 permutare
1274 4059 1302 4114 ?

562 4144 667 4200 Hic
698 4150 899 4201 autem
957 4161 1153 4202 sermo
1205 4162 1309 4219 per
1365 4162 1699 4220 anagogem
1758 4151 2149 4225 accipiendus

490 4240 598 4291 est.
653 4232 1001 4289 Cubiculum
1056 4235 1354 4307 siquidem
1414 4254 1587 4294 mene
1636 4244 1740 4304 est,
1821 4243 2147 4312 pulcherri-

487 4339 657 4380 mum
686 4322 1109 4394 cogitationum
1127 4324 1516 4382 domicilium.
1551 4328 1779 4384 Ostium
1804 4346 1946 4386 vero
1976 4333 2148 4389 sedes

488 4427 792 4479 sensuum,
814 4412 1042 4479 oculus,
1064 4416 1241 4478 auris,
1268 4421 1381 4471 etc.
1400 4431 1533 4488 ,per
1549 4433 1679 4489 quae
1704 4418 1877 4475 malae
1894 4421 2149 4493 ingredi-

488 4504 663 4556 untur
673 4501 1223 4573 cogitationes,quae
1239 4504 1519 4561 virtutum
1535 4507 1879 4577 praedantur
1890 4508 2146 4569 divitias.

561 4588 712 4652 Quid
735 4604 876 4658 ergo
909 4590 937 4644 ‘l
957 4605 1082 4645 non
1124 4596 1358 4663 oportet
1402 4593 1462 4649 in
1494 4595 1742 4651 ecclesia
1772 4612 1943 4653 orare
1972 4599 2000 4655 ?
2030 4601 2149 4658 Ma-

488 4673 641 4731 xime
693 4676 963 4747 quidem,
1004 4678 1109 4734 sed
1138 4696 1261 4737 non
1313 4686 1373 4738 ut
1415 4698 1708 4755 appareas
1746 4685 2096 4745 hominibus
2129 4709 2142 4747 :

486 4763 601 4820 hoc
643 4764 799 4819 enim
854 4770 1144 4836 tanquam
1175 4768 1621 4841 hypocritarum
1666 4789 1820 4846 opus
1863 4777 2146 4835 condem-

487 4852 821 4909 navit:sed
872 4858 934 4909 ut
979 4854 1080 4910 tibi
1121 4856 1233 4929 ipsi
1291 4859 1479 4915 Deum
1524 4861 1742 4919 reddas
1796 4866 2142 4938 propitium.

490 4942 777 5013 Contingit
844 4942 1003 4999 enim
1062 4944 1322 5019 aliquem
1386 4950 1538 5007 inter
1600 4951 1893 5023 plurimos
1949 4972 2141 5028 orare,

566 5084 615 5121 ¹⁸
643 5084 846 5143 Matth.
876 5100 935 5153 v,
965 5089 1019 5145 6.

2257 3081 2456 3155 ρήσεώς
2494 3101 2545 3134 τε
2583 3087 2673 3134 καὶ
2719 3079 3170 3154 μισθαποδοσίας,
3216 3088 3305 3135 καὶ
3343 3082 3402 3134 ού
3448 3082 3684 3152 πολλοὺς,
3735 3082 3879 3137 ἀλλά

2261 3171 2477 3236 πάντας,
2525 3176 2615 3223 καὶ
2669 3171 2763 3222 ούκ
2810 3170 3112 3244 ἀνθρώπους
3164 3175 3339 3243 μόνον,
3400 3168 3528 3224 ἀλλὰ
3571 3176 3662 3223 καὶ
3713 3170 3877 3244 ἀγγέ-

2259 3257 2399 3328 λους,
2450 3264 2540 3311 καὶ
2587 3258 2972 3333 ἀρχαγγελους,
3013 3265 3102 3312 καὶ
3153 3262 3324 3320 πάσας
3380 3262 3474 3320 τὰς
3518 3258 3876 3334 ἐπουρανίους

2263 3344 2530 3419 δυνάμεις.
2576 3355 2682 3401 Νῦν
2727 3349 2828 3421 γὰρ
2867 3348 2909 3400 εἰ
2958 3355 3190 3420 φανεροῖς
3237 3352 3301 3402 τὰ
3328 3350 3714 3422 κατορθώματα
3743 3370 3873 3417 σου,

2260 3440 2349 3488 καὶ
2393 3439 2479 3488 τὸν
2528 3435 2629 3489 ἀπὸ
2661 3444 2794 3490 Θεοῦ
2833 3438 3021 3507 μισθὸν
3066 3436 3319 3507 ἀπόλλεις,
3369 3442 3459 3489 καὶ
3509 3439 3557 3489 οἱ
3595 3439 3875 3514 ἄνθρωποι

2261 3529 2679 3595 καταγνώσονταί
2719 3544 2834 3591 σου,
2887 3527 2957 3587 ὡς
3002 3522 3297 3588 κενοδόξου.
3339 3524 3497 3578 Ὅταν
3541 3523 3629 3578 οὖν
3670 3527 3875 3595 ἔξεστι,

2260 3616 2349 3664 καὶ
2396 3615 2585 3684 μισθὸν
2623 3621 2723 3665 τῶν
2762 3615 3180 3686 κατορθωμάτων
3218 3613 3412 3683 λαϐεῖν,
3456 3620 3545 3667 καὶ
3595 3614 3879 3690 ἀνακηρυ-

2259 3702 2460 3771 χθῆναι
2525 3699 2572 3752 ἐν
2636 3709 2709 3772 τῷ
2758 3710 2977 3776 φανερῷ,
3031 3700 3242 3756 ἐνώπιον
3308 3706 3585 3769 τοσούτων,
3648 3703 3879 3778 ἀναμεί-

2259 3806 2416 3839 ναντα
2470 3792 2675 3862 μικρὸν,
2746 3799 2851 3851 πῶς
2906 3790 2964 3843 ού
3030 3793 3364 3844 παντάπασιν
3418 3790 3699 3864 ἀλόγιστον
3782 3801 3883 3849 καὶ

2258 3878 2451 3950 μωρὸν,
2528 3876 2827 3952 ἀμφοτέρων
2883 3881 3079 3932 τούτων
3138 3878 3388 3950 ἐκπεσεῖν,
3446 3886 3532 3933 καὶ
3595 3890 3689 3935 τοῦ
3750 3885 3886 3938 θεά-

2257 3983 2381 4039 τρου
2408 3964 2599 4020 ἐκείνου
2624 3970 2683 4020 τὸ
2712 3970 2876 4040 παρὸν
2908 3966 3230 4031 ἀλλάξασθαι
3279 3971 3487 4046 θέατρον
3516 3986 3531 4038 ;

2328 4164 2420 4220 Εἴη
2470 4158 2517 4214 δ’
2546 4160 2605 4214 ἆν
2648 4164 2784 4215 κατὰ
2832 4166 2918 4216 τὸν
2968 4172 3059 4224 τῆς
3100 4164 3373 4238 ἀναγωγῆς
3421 4165 3571 4238 λόγον
3623 4177 3888 4241 ταμιεῖον

2256 4253 2346 4321 μὲν
2403 4253 2429 4303 6
2487 4258 2624 4317 νοῦς,
2682 4255 2741 4304 τὸ
2793 4253 3067 4305 κάλλιστον
3128 4256 3326 4328 οἴκημα
3376 4263 3476 4307 τῶν
3536 4260 3835 4330 νοημάτων
3867 4277 3887 4294 ⁸

2181 4380 2225 4435 D
2258 4339 2409 4410 θύραι
2463 4337 2542 4407 δε,
2594 4342 2661 4392 τὰ
2713 4341 3056 4416 αἰσθητήρια,
3113 4342 3389 4417 ὀφθαλμοὶ,
3442 4347 3595 4413 άκοὴ,
3649 4354 3751 4400 καὶ
3818 4354 3897 4405 τὰ

2254 4424 2429 4493 λοιπὰ,
2472 4424 2543 4479 δι’
2598 4428 2665 4479 ὧν
2696 4430 3057 4505 εἰσερχόμενος
3089 4434 3114 4484 6
3146 4436 3371 4509 πονηρὸς
3421 4433 3675 4508 λογισμὸς
3734 4440 3896 4512 συλᾲ

2258 4519 2341 4567 τὸν
2368 4515 2585 4569 πλοῦτον
2615 4525 2709 4579 τῆς
2742 4517 2942 4592 ἀρετῆς.

2325 4610 2389 4657 Τί
2439 4602 2643 4675 οὖνςέν
2691 4606 2943 4681 ἐκκλησίᾳ
2989 4609 3047 4665 οὐ
3102 4607 3189 4663 δεῖ
3238 4614 3683 4687 προσεύχεσθαι;
3746 4624 3892 4690 Σφὸ.

2256 4690 2361 4768 δρα
2406 4700 2533 4767 μέν·
2590 4695 2720 4748 ἀλλὰ
2779 4702 2874 4769 μὴ,
2936 4699 3075 4760 ὅπως
3126 4708 3291 4772 φανῇς
3340 4709 3451 4762 τοῖς
3520 4702 3891 4776 ἀνθρώποεςο

2252 4791 2405 4835 τοῦτο
2460 4783 2558 4856 γὰρ
2617 4793 2716 4837 τῶν
2778 4787 3068 4862 ὑποκριτῶν
3118 4794 3496 4865 κατηγόρησεν·
3553 4790 3665 4843 ἀλλ’
3732 4799 3899 4863 ὅπως

2255 4870 2395 4924 ἵλεων
2455 4881 2656 4946 σεαυτῷ
2707 4877 2793 4926 τὸν
2826 4879 2952 4928 Θεὸν
3004 4882 3257 4952 ποιήσηςέ
3316 4878 3470 4931 Ἐστι
3518 4882 3619 4955 γὰρ
3667 4890 3780 4936 καὶ
3846 4887 3903 4939 ἐν

2252 4965 2394 5035 μέσῳ
2451 4962 2646 5016 πολλῶν
2710 4968 3130 5039 προσευχόμενον
3187 4986 3321 5040 τινα,
3381 4971 3452 5040 μὴ
3512 4966 3897 5049 ἁμαρτάνειν,

1699 5190 1923 5265 Variae
1970 5196 2299 5270 lectiones
2330 5208 2629 5272 etnotae.

558 5321 930 5408 (96)Inclusa
974 5324 1034 5383 in
1090 5326 1360 5399 margine
1413 5331 1594 5390 habet
1644 5336 1711 5390 A.
1768 5337 2018 5395 Carebat
2076 5340 2146 5397 iis

489 5399 835 5457 Hentenius.

561 5469 674 5546 (97)
705 5471 843 5528 Haec
866 5485 988 5529 non
1009 5476 1165 5530 recte
1193 5472 1511 5532 cohaerent.
1531 5475 1847 5551 lnterpono
1872 5488 1969 5554 τῷ,
1982 5483 2151 5555 quod

2254 5342 2429 5431 facile
2455 5344 2757 5431 absorpsit
2776 5348 2858 5431 τά,

2322 5416 2435 5489 (98)
2478 5417 2568 5475 Ab
2610 5416 2675 5481 οἷς
2719 5418 2798 5476 ad
2844 5418 3135 5495 ὑπαίθρους
3176 5420 3461 5480 omiserat
3508 5424 3903 5498 Hentenins.
