3990 6206
140 195 242 252 233

1113 195 1487 258 COMMENT.
1537 200 1605 255 IN
1647 196 2097 258 MATTHEUM.
2139 233 2206 245 -—
2245 201 2406 263 CAP.
2456 204 2552 262 VI.

3413 209 3516 268 234

155 321 287 395 [ὅταν
337 323 457 394 (99)
502 329 577 395 μή
634 327 763 398 πρὸς
813 321 1061 388 ἐπίδειξιν
1119 327 1506 399 προσεύχηταιο
1561 331 1652 379 καὶ
1699 328 1746 379 ἓν

1885 342 1970 382 rec
2000 331 2203 385 tamen
2230 345 2498 401 peccare,
2526 326 2764 402 quando
2796 345 2913 387 non
2952 328 3031 388 ab
3055 334 3518 394 ostentationem

154 419 355 485 ταμιείῳ
432 413 776 487 κεκλεισμένῳ
837 420 1278 488 προσευχόμενον,
1345 415 1676 490 ἁμαρτάνειν,

152 502 256 554 ὅταν
313 503 614 554 τούναντίον
676 511 820 576 ποιῇ.
882 511 1164 576 Πανταχοῦ
1217 507 1318 577 γὰρ
1378 507 1403 556 ό
1454 509 1584 565 Θεὸς
1663 509 1748 557 τόν

156 595 334 643 σκοπόν
388 590 624 653 ἐξετάζει
679 601 770 644 τοῦ
820 596 1114 665 γινομένου.
1183 593 1492 668 ’Υποκριτὰς
1547 592 1606 646 δὲ
1658 600 1747 646 καὶ

156 683 349 742 τούτους
404 680 672 749 ἐκάλεσεν,
735 683 801 742 ὡς
855 690 1046 755 σχῆμα
1101 685 1190 755 μεν
1247 686 1466 756 ἔχοντας
1525 703 1750 758 προσευ-

161 776 386 840 χόμενον,
419 777 634 842 γνώμην
667 767 726 822 δὲ
758 768 1090 843 ὅοξομανοῦς.

220 951 652 1020 Προσευχόμενοι
715 978 786 989 --
851 947 1060 1002 ἐθνικοί.
1132 948 1475 1020 Βαττολοοχίαν
1533 953 1621 1021 μὲν
1675 949 1751 1002 λέ-

157 1055 238 1107 γει,
280 1040 372 1093 τήν
433 1041 557 1111 περὶ.
628 1044 726 1088 τῶν
791 1041 862 1110 μὴ
921 1043 1289 1112 προσηκόντων
1352 1043 1582 1109 αἰτησιν,
1644 1036 1748 1091 οἷον

157 1131 253 1197 περὶ
304 1125 560 1189 πλούτου,
629 1131 747 1200 περὶ
829 1123 1007 1196 δόξης,
1077 1133 1195 1202 περὶ
1275 1124 1605 1195 δυναστείας,
1659 1133 1749 1181 καὶ

155 1223 236 1264 τῶν
277 1218 556 1277 τοιούτων,
616 1217 718 1266 ὅσα
758 1219 876 1268 οὔτε
921 1216 1104 1287 ψυχὴν
1143 1216 1445 1288 ὠφελοῦσιν,
1499 1217 1612 1269 οὔτε
1653 1223 1751 1270 σώ-

153 1322 264 1372 ματι
334 1307 466 1377 πρὸς
526 1305 788 1356 σύστασίν
845 1309 975 1358 εἶσιν
1031 1305 1309 1377 ἀναγκαῖα.
1376 1305 1636 1368 Ἐθνικοὺς
1693 1303 1753 1359 δέ

155 1411 288 1462 eam,
349 1397 474 1452 τοὺς
523 1391 800 1454 ἀπίστους.
853 1394 987 1447 Ἐπεὶ
1055 1391 1113 1447 δὲ
1163 1395 1307 1447 οὗτοι
1368 1395 1427 1447 οὐ
1480 1399 1632 1467 μόνον
1673 1395 1752 1447 αἱ.

153 1489 309 1549 τονσι,
353 1487 482 1554 περὶ
523 1490 625 1534 τῶν
673 1487 744 1554 μὴ
782 1488 1170 1557 προσηκόντων,
1218 1482 1346 1536 ἀλὶὰ
1392 1489 1501 1550 καὶ,
1547 1487 1752 1558 μακρὰς

152 1575 448 1642 ποιούμενοι
504 1573 597 1632 τὰς
647 1571 730 1624 ἐπὶ
779 1580 889 1634 τοῖς
937 1576 1189 1633 τοιούτοις
1235 1573 1491 1641 αἰτήσεις,
1531 1569 1752 1626 δοκοῦσι

1859 420 2011 473 orat.
2070 417 2135 471 Et
2187 419 2475 488 contingit
2537 420 2595 474 in
2653 419 2923 476 cubiculo
2983 420 3185 477 clauso
3249 428 3516 480 orantem

1860 520 2126 576 peccare,
2183 523 2318 561 cum
2369 525 2400 561 e
2432 507 2667 564 diverso
2725 509 2947 567 fecerit.
3015 511 3166 566 Deus
3216 512 3376 567 enim
3407 513 3512 586 qui

1859 593 2082 665 ubique
2127 600 2234 664 est,
2285 595 2423 651 facti
2479 597 2719 652 discutit
2771 597 2973 654 ﬁnem.
3019 600 3373 672 Hypocritas
3414 617 3516 658 au-

1859 687 1967 737 tem
2021 687 2079 738 et
2135 683 2246 738 hos
2312 685 2560 754 vocavit,
2618 686 2852 742 forman
2921 689 3164 759 quidem
3219 690 3516 746 orantium

1857 771 2163 839 habentes,
2217 778 2477 828 mentem
2528 789 2665 830 vero
2713 776 3111 833 anhelantium
3165 777 3243 834 ad
3270 778 3515 836 inanem

1857 859 2138 932 gloriam.

1929 949 2092 1005 Vers.
2123 951 2176 1003 7.
2234 951 2484 1008 Orantes
2521 981 2574 993 -
2623 952 2866 1009 ethnici.
2923 954 3264 1027 Multiloquii
3309 956 3515 1013 vituim

1861 1037 2178 1110 βαττολοσγία
2249 1040 2478 1105 dicitur,
2537 1057 2672 1096 cum
2733 1041 3004 1114 pluribus
3061 1045 3256 1101 verbis
3309 1047 3512 1116 petitio

1858 1127 1924 1182 ﬁt
1946 1127 2022 1183 de
2052 1129 2142 1184 his
2194 1145 2331 1202 quae
2363 1145 2480 1184 non
2511 1131 2873 1187 conveniunt
2902 1149 2918 1186 :
2949 1137 3096 1204 puta
3133 1133 3207 1189 de
3238 1134 3509 1203 divititis,

1859 1215 2066 1284 gloria,
2095 1223 2424 1289 potentatu,
2458 1219 2707 1291 aliisque
2739 1220 3058 1288 similibus,
3100 1239 3232 1294 quae
3261 1239 3371 1279 nec
3395 1223 3519 1281 ani-

1861 1320 1972 1361 mae
2012 1313 2282 1377 prosunt,
2321 1324 2429 1362 nec
2483 1308 2555 1363 ad
2588 1310 2852 1380 corporis
2883 1311 3323 1367 consistentiam
3378 1317 3517 1368 sunt

1859 1396 2213 1451 necessaria.
2280 1396 2560 1452 Ethnicos
2616 1413 2758 1452 vero
2818 1398 2956 1454 dicit
3031 1399 3317 1456 inﬁdeles.
3363 1401 3513 1465 Quia

1860 1488 2056 1539 autem
2086 1483 2147 1538 hi
2180 1499 2298 1540 non
2353 1483 2546 1541 solum
2593 1501 2665 1540 ea
2696 1489 2902 1557 petunt
2962 1502 3099 1558 ques
3153 1503 3275 1544 non
3305 1503 3518 1545 conve-

1862 1570 2055 1637 niunt,
2105 1572 2207 1627 sed
2240 1577 2294 1627 et
2340 1572 2552 1642 longas
2590 1573 2810 1630 faciunt
2839 1574 2915 1630 de
2957 1575 3308 1644 hujusmodi
3339 1577 3517 1633 rebus

149 1662 352 1728 πείθειν,
411 1659 464 1711 ἐν
503 1668 578 1729 τῷ
635 1661 994 1734 μακρολογεῖν,
1037 1659 1301 1715 διαϐάλλει
1358 1667 1452 1720 τὴν
1505 1665 1753 1720 τοιαύτην

1885 1660 2190 1726 )etitiones,
2251 1665 2531 1733 putantes
2591 1662 2914 1718 verborum
2973 1662 3345 1721 multitudine
3392 1681 3517 1736 per-

149 1748 310 1800 αὗτῶν
342 1747 620 1820 ὑπόληψιν
651 1749 889 1822 εἰρηκώς.

206 1933 444 1980 Δοχοῡσι
498 1958 566 1968 -
632 1927 1155 1985 εἰσακουσθήσονται.
1226 1933 1446 1981 Δοκοῦσι
1497 1931 1606 2001 μὲν,
1661 1929 1756 1982 οὐκ

153 2015 308 2086 ὀρθῶς
339 2013 434 2070 δέ.

209 2109 298 2162 Μὴ
326 2100 421 2156 οὖν
456 2135 523 2144 —
566 2105 786 2164 αἰτῆσαι
815 2105 992 2160 αὐτόν.
1026 2101 1174 2168 Οἵδε,
1207 2109 1354 2158 τίνων
1385 2111 1634 2181 χρῄζετε,
1668 2113 1756 2161 καὶ

153 2198 235 2265 πρὸ
290 2201 384 2245 τοῦ
442 2193 665 2251 αἰτῆσαι
714 2193 870 2245 αὐτὸν
927 2193 1051 2256 ὅλως
1106 2200 1224 2268 περί
1281 2214 1438 2257 τινος.
1497 2201 1598 2248 Καὶ
1644 2195 1755 2248 λοι-

150 2286 252 2351 πόν,
310 2282 370 2333 οὗ
420 2288 538 2355 χρὴ
585 2281 745 2334 αἰτεῖν
789 2284 855 2334 τὰ
901 2287 970 2355 μὴ
1007 2279 1271 2358 χρειώδη,
1315 2280 1444 2356 μηδ’
1475 2283 1753 2356 ἀναγκαῖα,

150 2373 316 2432 καθὼς
373 2371 683 2444 εἰρήκαμεν,
725 2371 846 2444 ὅπερ
903 2370 1014 2425 ἐστὶ
1069 2369 1412 2444 βαττολογία.
1482 2373 1622 2427 Ἐπεὶ
1669 2378 1759 2426 καὶ

150 2465 309 2534 πατὴρ
364 2456 720 2534 δυσχεραίνει
776 2463 910 2513 κατὰ
965 2457 1170 2513 παίδων
1227 2460 1508 2514 αἰτούντων
1555 2464 1622 2515 τὰ
1684 2467 1755 2534 μὴ

181 2554 512 2618 ροσήκοντα.
570 2553 669 2602 Καὶ
709 2549 753 2600 εἰ
795 2546 955 2618 οἶδεν,
1000 2550 1066 2600 ὧν
1102 2550 1394 2623 χρῄζομεν,
1437 2548 1585 2603 διατί
1632 2551 1757 2614 ὅλως

150 2642 260 2708 περὶ
316 2641 524 2690 τούτων
574 2638 816 2710 αἰτοῦμεν
861 2639 1052 2702 αὐτὸν;
1111 2640 1318 2699 Πάντως
1374 2639 1480 2710 οὐχ
1535 2641 1618 2692 ἵνα
1669 2637 1760 2692 δι-

149 2721 410 2798 δάξωμεν,
466 2726 579 2778 ἀλλ’
636 2735 719 2778 ἱνα
771 2723 1038 2799 δείξωμεν,
1091 2727 1169 2780 ὅτι
1227 2728 1384 2780 αὐτὸν
1432 2730 1620 2801 ἔχομεν
1669 2733 1759 2781 καὶ

148 2820 334 2886 τροφέα
393 2821 491 2868 καὶ
552 2819 837 2880 Δεσπότην,
907 2822 996 2870 καὶ
1062 2817 1164 2883 ἵνα,
1232 2815 1546 2890 ἀναρτῶντες
1602 2821 1759 2888 μόνον

147 2903 304 2956 αὐτοῦ
345 2909 448 2962 τὴν
499 2900 692 2956 ﬂuida
730 2911 822 2965 τῆς
866 2910 1110 2978 προνοίας
1145 2911 1234 2958 καὶ
1284 2910 1547 2980 σωτηρίας
1592 2907 1757 2978 ἡμῶν,

149 2993 568 3066 ἐπικάμπτωμεν
599 2993 986 3068 εὐχερέστερον.

211 3083 301 3144 Ὠς
339 3085 440 3154 μεν
479 3085 587 3154 γὰρ
643 3087 835 3156 πατὴρ,
888 3087 976 3135 καὶ
1020 3079 1159 3136 οἶδεν
1209 3084 1276 3134 ὧν
1329 3083 1618 3156 χρῃζομεν,
1671 3087 1762 3136 καὶ

149 3173 353 3243 ἕτοιμός
413 3171 532 3222 ἐστι
579 3176 833 3244 παρέχειν
887 3175 952 3223 τὰ
1006 3168 1269 3244 χρειῶὸηο
1327 3172 1475 3232 ζητεῖ
1511 3169 1568 3224 δὲ
1626 3176 1764 3245 ὅμως

142 3266 230 3311 καὶ
279 3265 378 3318 τήν
413 3259 540 3334 παρ’
579 3257 726 3331 ἡμῶν
757 3263 987 3326 αῐτησιν,
1022 3258 1116 3313 διὰ
1168 3263 1261 3323 τὰς
1311 3256 1632 3321 ὃηλωθείσας
1685 3261 1762 3312 αἰ-

145 3355 286 3410 τίας,
340 3357 533 3402 Ταῦτα
581 3344 827 3415 διδάξας,
872 3346 1219 3424 παραδίδωσι
1259 3355 1348 3402 καὶ
1379 3352 1535 3402 τύπον
1574 3349 1759 3421 εὐχῆς,

143 3439 250 3509 οὐχ
313 3441 402 3490 ἵνα
457 3440 661 3496 ταύτην
711 3443 871 3510 μόνην
920 3444 1013 3497 τὴν
1074 3439 1240 3510 εὐχὴν
1303 3438 1598 3510 εὐχώμεθα,
1656 3436 1764 3490 ἀλλ’

148 3527 247 3592 ἱνα,
279 3532 484 3585 ταύτην
517 3530 728 3598 ἔχοντες
760 3532 933 3599 πηγὴν
962 3527 1124 3599 εὐχῆς
1153 3526 1208 3579 ἐκ
1238 3529 1428 3587 ταύτης
1458 3524 1766 3600 ἁρῥνώμεθα

148 3617 235 3676 τὰς
263 3616 469 3676 ἐννοίας
501 3611 606 3665 τῶν
633 3614 826 3687 εὐχῶν.

218 3791 413 3853 Οὕτως
454 3821 525 3831 -
556 3792 724 3863 ὑμεῖς.
759 3797 912 3862 Πῶς,

217 3883 402 3953 Πάτερ
476 3910 550 3919 -
620 3879 876 3954 οὐρανοῖς.
943 3878 1196 3940 Ἐκάστην
1261 3878 1394 3942 λέξιν
1450 3879 1762 3942 ἐξεταστέον.

148 3969 360 4022 Κεὴύει
412 3971 520 4042 γὰρ
574 3967 757 4038 λέγειν,
803 3971 884 4035 τὸ,
936 3971 1100 4043 Πάτερ
1156 3970 1267 4042 μεν,
1315 3969 1397 4020 ἶνα
1445 3969 1520 4039 (l)
1574 3987 1764 4040 μιμνη-

147 4059 409 4129 σκὼμεθα
476 4065 573 4118 τῆς
636 4055 824 4110 ἄνωθεν
899 4057 1172 4130 εὐγενείας,
1243 4062 1333 4109 καὶ
1397 4059 1506 4117 οἵας
1567 4053 1767 4132 δωρεᾶς

147 4148 479 4218 ἠξιώθημεν,
540 4145 916 4204 υἱοθετηθέντες
968 4155 1040 4217 τῷ
1095 4154 1231 4217 Θεῷ,
1289 4151 1378 4198 καὶ
1451 4147 1533 4197 ἶνα
1584 4144 1647 4208 ἆξ
1698 4165 1766 4206 ως

144 4241 360 4310 Πατρός
421 4237 659 4286 τοίούτον
719 4236 1122 4306 τινολιτενωμεθα⁸
1183 4235 1209 4285 ὁ
1266 4237 1366 4307 γὰρ
1429 4233 1628 4305 φαύλως
1677 4237 1767 4306 μὲν

147 4323 308 4394 ﬁrm,
372 4326 584 4395 Πατέρα
637 4319 695 4374 δε
747 4323 932 4375 ἑαύτοῦ
984 4325 1070 4375 τὸν
1108 4325 1235 4377 Θεὸν
1271 4321 1558 4394 ὀνομάζων,
1612 4342 1770 4376 κατα-

145 4409 416 4480 ψεύδεται
473 4415 566 4462 καὶ
623 4417 713 4463 τοῦ
771 4419 904 4465 Θεοῦ
960 4416 1050 4464 καὶ
1107 4410 1310 4465 ἑαυτοῦ.
1371 4413 1440 4464 Τὸ
1481 4411 1539 4464 ὸε
1576 4411 1764 4484 Ἧμῶν,

144 4498 229 4551 ἕνα
297 4505 674 4571 γενώσχωμεη
743 4501 824 4552 ὅτι
884 4497 1095 4572 ἀδελφοὶ
1180 4499 1408 4558 ἀλλήλων
1475 4502 1524 4552 οἱ
1587 4507 1770 4554 πιστοὶ

141 4591 344 4649 πάντες
385 4591 564 4661 ἐσμὲν,
614 4595 795 4649 κοινῶς
845 4590 1225 4652 υἰοθετηθέντες
1258 4597 1329 4659 τῷ
1373 4588 1442 4642 ἐνὶ
1489 4594 1580 4650 καὶ
1631 4593 1768 4661 μόνῳ

141 4684 288 4747 Θεῷ,
335 4683 432 4730 καὶ
491 4677 576 4727 ἱνα
628 4684 776 4730 τοῦτο
825 4685 1062 4748 συνεχῶς
1109 4677 1491 4749 ὁμολογοῦντες
1552 4684 1622 4750 μὴ
1651 4698 1770 4731 κατ’

140 4768 502 4841 εταερὼμεθα
562 4772 663 4816 τῶν
725 4774 992 4832 ταπεινῶν,
1049 4762 1190 4838 μηδὲ
1260 4765 1382 4827 ὅλως
1438 4765 1660 4820 ἐναντίον
1719 4773 1770 4820 τι

141 4859 290 4908 κιτά
343 4864 448 4906 τῶν
515 4850 747 4927 ἀδελφῶν
795 4857 939 4927 ἡμῶν
990 4855 1018 4913 ἡ
1075 4853 1380 4927 μελετῶμεν,
1439 4859 1468 4913 ἤ
1524 4855 1766 4929 λέγωμεν,

1801 4380 1848 4435 D

1865 1748 2134 1815 suadere,
2190 1749 2343 1805 hanc
2407 1749 2675 1822 ipsorum
2756 1750 3102 1823 opinionem
3173 1751 3286 1810 hoc
3336 1754 3519 1811 modo

1865 1836 2248 1894 condemnat.

1939 1927 2100 1981 Vers.
2131 1932 2183 1981 7.
2226 1927 2448 1984 Putant
2491 1958 2556 1968 —
2587 1927 2940 1985 exaudiendi
2975 1929 3116 1986 sint.
3160 1931 3378 1988 Putant
3403 1931 3525 2003 qui-

1867 2013 2021 2079 dem,
2054 2019 2114 2071 at
2142 2031 2264 2071 non
2295 2021 2448 2071 recte
2462 2059 2476 2072 .

1937 2105 2100 2159 Vers.
2131 2104 2183 2158 8.
2225 2105 2314 2161 Ne
2353 2120 2494 2176 ergo
2526 2134 2596 2147 —
2629 2106 2705 2163 ab
2748 2106 2858 2162 illo
2899 2107 3137 2175 petatis.
3193 2107 3361 2165 Novit
3383 2122 3523 2180 qum

1867 2193 2042 2250 vobis
2064 2193 2404 2264 expediant,
2433 2194 2786 2266 priusquam
2815 2195 2890 2251 ab
2914 2194 3013 2251 illo
3035 2195 3369 2269 quidquam
3399 2212 3527 2254 om-

1869 2282 2014 2338 nino
2043 2281 2278 2353 petatis.
2311 2281 2433 2336 Non
2481 2287 2713 2353 oportet
2766 2283 2968 2356 itaque
3008 2289 3222 2355 petere,
3259 2300 3389 2358 quaa
3418 2299 3528 2341 nec

1871 2369 2034 2426 utilia
2076 2374 2216 2425 sunt
2249 2385 2358 2425 nec
2387 2369 2751 2434 necessaria,
2807 2371 2960 2427 sicut
3012 2372 3291 2438 diximus,
3359 2371 3525 2445 quod

1869 2466 1959 2516 est
1989 2459 2325 2531 battologize
2383 2460 2611 2515 vitium.
2665 2461 2814 2526 Quia
2863 2463 3021 2517 enim
3079 2467 3260 2533 pater.
3301 2466 3404 2529 est,
3446 2463 3531 2518 in-

1871 2549 2153 2618 dignatur
2211 2549 2346 2603 tiliis
2397 2549 2732 2620 petentibus
2779 2565 2915 2622 quae
2967 2567 3088 2606 non
3147 2551 3523 2608 conveniunt.

1871 2638 2087 2694 Verum
2145 2637 2194 2692 si
2230 2639 2392 2692 novit
2436 2638 2657 2709 quibus
2704 2639 2879 2694 nobis
2920 2640 2993 2693 sit
3037 2655 3210 2711 opus,
3253 2655 3358 2694 cur
3406 2639 3530 2694 haec

1870 2727 2114 2784 omnino
2146 2727 2222 2783 ab
2251 2743 2320 2783 eo
2363 2727 2743 2798 postulamus
2771 2729 2798 2783 ?
2827 2727 3001 2782 Plane
3058 2742 3182 2785 non
3236 2733 3299 2783 ut
3328 2727 3527 2800 ipsum

1870 2817 2221 2882 doceamus,
2247 2817 2352 2871 sed
2379 2820 2446 2871 ut
2468 2815 2975 2886 demonstremus,
2997 2816 3162 2888 quod
3187 2833 3325 2872 eum
3347 2817 3531 2872 habe-

1873 2921 2006 2960 mus
2035 2905 2420 2961 educatorem
2451 2920 2521 2960 ac
2555 2904 2897 2971 Dominum,
2929 2911 3106 2978 utque
3137 2905 3214 2962 ab
3236 2906 3368 2978 ipso
3400 2904 3531 2961 solo

1800 3029 1841 3086 C
1871 2993 2216 3066 pendentes,
2275 2993 2691 3086 faciliuseum
2742 2993 3056 3050 ﬂectamus
3108 2995 3211 3066 qui
3263 3009 3400 3065 spes
3447 2998 3534 3051 est

1873 3082 2079 3138 salutis
2111 3098 2180 3137 ac
2212 3081 2597 3153 providentiae
2623 3087 2864 3138 nostrae.

1941 3174 2249 3241 Tanquam
2280 3175 2444 3240 pater
2471 3169 2629 3223 enim
2655 3174 2710 3223 et
2735 3170 2902 3224 novit
2943 3171 3158 3241 quibus
3180 3171 3351 3225 nobis
3380 3186 3533 3243 opus

1873 3260 1968 3325 sit,
2001 3264 2058 3314 et
2080 3259 2336 3314 tribuere
2388 3262 2630 3328 paratus
2684 3261 2770 3312 est
2834 3275 2970 3328 quae
3027 3258 3358 3314 necessaria
3393 3263 3535 3314 sunt

1873 3354 1977 3405 aut
1999 3348 2162 3404 utilia
2193 3365 2206 3414 ;
2240 3347 2422 3416 exigit
2465 3353 2686 3411 tamen,
2722 3349 2781 3400 ut
2811 3346 2890 3401 ob
2942 3345 3129 3400 dictas
3170 3362 3387 3402 causas
3417 3361 3530 3401 nos

1874 3438 1978 3493 illa
2048 3442 2334 3508 petamus.
2424 3436 2553 3490 Haec
2617 3439 2943 3506 postquam
2998 3434 3221 3500 docuit,
3304 3435 3528 3506 praebet

1874 3527 2054 3583 etiam
2121 3525 2372 3581 modum
2427 3523 2732 3590 orationis,
2814 3538 2939 3579 non
3014 3523 3238 3579 uthac
3297 3529 3531 3580 tantum

1874 3616 2134 3673 oratione
2164 3629 2490 3686 precemur,
2526 3612 2629 3668 sed
2663 3617 2725 3668 ut
2756 3612 2964 3669 habito
3008 3612 3296 3669 orationis
3343 3612 3527 3678 fonte,

1879 3705 1957 3762 ab
1982 3705 2114 3776 ipso
2142 3704 2547 3774 precationum
2578 3701 3029 3771 intelligentiam
3058 3701 3428 3759 hauriemus.

1946 3795 2106 3849 Vers.
2125 3794 2178 3850 9.
2219 3795 2319 3849 Sic
2345 3825 2408 3834 —-
2433 3807 2553 3850 vos.
2583 3793 2853 3856 Quonam
2880 3795 3064 3849 modo
3095 3793 3124 3848 ‘I

1945 3881 2109 3938 Vers.
2131 3883 2189 3936 9.
2217 3883 2387 3937 Pater
2405 3912 2469 3922 —
2500 3882 2676 3937 caelis.
2712 3880 2968 3951 Singulae
2993 3881 3278 3936 dictiones
3304 3880 3526 3953 ponde-

1874 3971 2075 4028 randas
2117 3975 2270 4025 sunt.
2299 3970 2465 4026 Iubet
2493 3971 2652 4025 enim
2685 3974 2745 4024 ut
2773 3969 3071 4036 dicamus,
3103 3970 3301 4038 Pater,
3334 3975 3528 4027 utcas-

1874 4061 2080 4116 lestem
2129 4060 2546 4130 cognationem
2600 4058 2678 4114 ad
2728 4060 3084 4114 memoriam
3154 4075 3525 4125 revocamus,

1876 4152 1935 4204 et
1970 4163 2092 4220 quo
2150 4163 2398 4203 munere
2444 4146 2640 4202 affecti
2697 4145 2906 4209 simus,
2938 4152 3088 4217 puta
3131 4147 3335 4203 divina
3387 4147 3532 4202 ado-

1877 4237 2103 4309 ptione,
2145 4240 2291 4291 etut
2340 4235 2512 4305 digne
2563 4235 2661 4290 tali
2715 4239 2882 4305 patre
2940 4250 3380 4289 conversemur.
3415 4236 3528 4299 Qui

1876 4325 2037 4382 enim
2061 4339 2238 4396 prave
2260 4324 2466 4379 vivens
2496 4323 2684 4376 Deum
2714 4328 2888 4376 vocat
2909 4324 3369 4385 Patrem,suum,
3399 4322 3532 4376 etin

1877 4417 2086 4480 Deum,
2105 4417 2166 4468 et
2187 4413 2248 4468 in
2272 4412 2533 4483 seipsum
2554 4409 2850 4465 mentitur.
2876 4410 3155 4464 Nostrum
3177 4413 3373 4464 autem
3391 4408 3534 4466 dici-

1878 4519 2016 4559 mus
2041 4503 2292 4569 Patrem,
2312 4504 2378 4556 ut
2406 4513 2805 4569 agnoscamus
2819 4498 2980 4569 quod
3011 4497 3216 4553 fratres
3239 4498 3390 4554 inter
3419 4514 3527 4555 nos

1879 4594 2088 4647 mutuo
2130 4591 2317 4646 simus
2339 4589 2539 4644 ﬁdeles
2570 4601 2782 4643 omnes
2816 4602 2828 4641 :
2863 4587 3260 4644 communiter
3281 4588 3359 4645 ab
3406 4605 3526 4644 uno

1879 4679 2128 4752 soloque
2173 4682 2288 4734 Deo
2321 4676 2608 4748 adoptati,
2662 4680 2718 4730 et
2750 4680 2811 4731 ut
2840 4677 2913 4730 de
2965 4677 3076 4732 hoc
3105 4677 3380 4733 continue
3413 4678 3530 4734 col-

1879 4767 2214 4841 loquentes,
2267 4766 2346 4823 ob
2376 4765 2629 4822 humilia
2659 4765 2722 4836 (ι)
2777 4780 2896 4820 non
2925 4765 3308 4822 extollamur:
3343 4782 3536 4839 neque

1879 4858 2126 4916 omnino
2139 4855 2427 4913 adversus
2442 4854 2651 4911 fratres
2669 4857 2901 4911 nostros
2917 4855 3007 4912 vel
3019 4857 3350 4929 cogitemus
3367 4856 3537 4931 quid-

1440 4980 1656 5050 Variaa
1683 4983 2008 5053 lectiones
2043 4994 2107 5053 et
2138 4991 2314 5052 notae
2345 4997 2359 5008 ’

222 5125 350 5195 (99)
397 5123 640 5180 Inclusa
676 5122 1046 5182 exciderunt.
1085 5125 1148 5181 In
1191 5140 1376 5182 causa
1412 5123 1524 5180 fuit
1562 5124 1786 5198 duplex

143 5198 304 5258 ἆται,
339 5200 386 5247 Δ
410 5239 424 5252 .

1969 5128 2045 5200 (1)
2089 5129 2170 5180 ἶνα
2200 5127 2712 5202 ἀναμιμνῃσκώμεθα
2733 5130 2797 5186 Α,

225 5321 303 5395 (ι)
341 5318 782 5394 Colloquentes,
814 5317 880 5374 ob
907 5319 1168 5376 humilia.
1193 5319 1554 5390 Proﬁtentes,
1599 5325 1806 5381 contra
1832 5320 2122 5381 humiles.

467 5410 712 5467 ΡΑτειοι..
756 5407 863 5464 Gn.
899 5408 1144 5466 CXXIX.
