3990 6206
445 237 550 294 235

1760 226 2112 285 EUTHYMII
2162 225 2484 282 ZIGABENI

3689 230 3797 285 236

437 364 625 435 piam,
652 358 747 417 vel
760 358 1097 430 loquamur,
1116 356 1213 413 vel
1227 355 1537 423 faciamus,
1558 354 1661 411 sed
1673 369 1781 427 pro
1802 352 1979 409 nobis
1998 353 2083 408 in-

2304 350 2763 426 διαπραττώμεθα,
2839 355 2928 403 καὶ
2995 352 3078 404 ἵνα
3144 359 3326 415 κοινῶς
3396 354 3525 429 ὑπερ
3565 354 3797 413 ἀλλήλων

438 450 632 507 vicem
646 462 974 521 precemur.

510 538 763 595 Additur
788 540 1012 592 autem:
1040 534 1147 600 Qui
1166 549 1222 591 es
1250 534 1315 589 in
1346 532 1521 597 caelis,
1578 534 1641 587 ut
1687 530 1907 587 coelum
1939 544 2090 584 sem-

439 643 547 701 per
569 624 1015 699 prospiciamus,
1038 624 1237 680 audito
1262 623 1427 694 quod
1452 621 1531 677 ibi
1565 620 1636 675 sit
1668 618 1836 675 Pater
1856 623 2086 673 noster:

440 714 632 785 magis
660 718 861 770 autem
893 717 957 768 ut
986 712 1040 767 id
1069 713 1268 784 ipsum
1302 710 1575 766 dicamus
1605 724 1735 772 nos,
1775 724 1844 763 ac
1866 712 2094 763 terrena

439 804 855 877 despiciemus,
888 806 945 859 et
970 818 1041 858 eo
1083 800 1405 858 ascendere
1436 815 1542 872 per
1581 798 1859 853 virtutum
1900 795 2093 852 scalas

438 893 807 959 festinemus,
836 891 938 947 ubi
980 895 1067 947 est
1110 891 1281 947 Pater
1322 895 1545 945 noster.
1601 888 1868 942 Dicentes
1897 891 2093 941 autem

441 982 632 1039 Deum
684 997 810 1038 esse
856 982 918 1036 in
948 978 1099 1036 cmlo
1146 994 1534 1052 nequaquam
1576 976 1775 1049 ipsum
1831 976 1890 1031 in
1943 973 2093 1030 coelo

442 1071 798 1128 conclusum
830 1067 1374 1125 circumscribimus
1407 1082 1420 1132 ;
1448 1081 1571 1122 non
1601 1065 1762 1120 enim
1784 1063 1913 1119 loco
1960 1060 2096 1134 capi

443 1165 547 1218 aut
572 1158 975 1216 circumscribi
995 1161 1208 1230 potest.
1268 1157 1413 1211 Nam
1443 1155 1665 1227 ubique
1719 1168 1849 1209 esse
1882 1150 2096 1207 dicitur

445 1250 619 1316 Deus,
671 1247 923 1305 maxime
977 1252 1181 1302 tamen
1213 1245 1275 1301 in
1303 1244 1447 1301 locis
1479 1242 1870 1313 dignioribus,
1926 1239 2094 1313 quod

443 1338 632 1411 ipsius
656 1338 852 1407 magis
894 1334 1295 1407 susceptibilia
1320 1332 1650 1389 videantur.
1693 1334 1934 1403 Propter
1982 1329 2097 1385 hoc

446 1427 625 1497 igitur
669 1426 731 1481 in
755 1424 898 1481 coelo
929 1438 1059 1479 esse
1087 1422 1314 1487 dicitur,
1347 1423 1491 1495 quia
1546 1420 1692 1476 illud
1724 1419 2097 1492 purissimum

446 1520 552 1583 est,
583 1514 646 1569 in
673 1528 796 1585 quo
827 1516 966 1568 sunt
1006 1514 1184 1579 astra,
1225 1510 1464 1567 virtutes
1494 1509 1597 1581 (m)
1628 1524 1699 1565 ac
1732 1512 1943 1563 turmae
1966 1522 2100 1563 san-

446 1608 698 1675 ctorum,
730 1600 956 1674 quibus
977 1600 1155 1658 datur
1184 1598 1418 1671 requies
1441 1598 1556 1671 (η).

517 1782 559 1850 -ι-
615 1780 1071 1852 Cbrysostomus
1114 1792 1263 1833 sane
1338 1780 1525 1832 totam
1573 1775 1728 1831 hanc
1770 1774 2100 1831 orationem

450 1869 746 1940 traditam,
790 1869 866 1924 ad
898 1866 1112 1923 Filium
1142 1866 1338 1921 refert.
1378 1865 1681 1937 Siquidem
1734 1870 1791 1920 et
1813 1864 1909 1920 hic
1939 1868 2105 1920 Pater

449 1963 653 2015 noster
680 1957 913 2021 dicitur,
950 1960 1246 2027 tanquam
1294 1958 1544 2018 creator,
1590 1952 1857 2025 provisor
1887 1958 1941 2009 et
1979 1968 2105 2009 ma-

452 2046 652 2117 gister.
684 2044 854 2100 Juxta
879 2042 1042 2098 hunc
1074 2048 1274 2098 autem
1321 2056 1655 2097 sermonem
1704 2040 1820 2096 dici
1864 2056 2105 2113 quoque

452 2134 664 2207 poterit
701 2137 758 2189 et
784 2130 1034 2204 Spiritus
1064 2135 1306 2186 sanctus
1355 2132 1519 2185 Pater
1548 2133 1773 2185 noster.
1821 2130 2025 2201 Itaque
2052 2136 2107 2185 et

456 2221 687 2295 proprie
735 2220 815 2277 ad
844 2220 1102 2290 singulas
1132 2222 1438 2281 Personas,
1485 2223 1542 2273 et
1583 2219 1980 2274 communiter
2027 2218 2105 2275 ad

454 2310 668 2367 trinam
696 2323 995 2381 unamque
1021 2308 1306 2365 Deitatem
1333 2306 1532 2363 referri
1556 2306 1682 2362 haec
1704 2313 1969 2379 possunt.

530 2490 694 2546 Vers.
773 2491 825 2544 9.
914 2485 1326 2555 Sanctiﬁcatur
1398 2499 1603 2541 nomen
1678 2491 1865 2540 tuum.
1944 2484 2103 2541 San-

460 2577 763 2648 ctiﬁcelur,
823 2575 938 2632 hoc
997 2579 1100 2640 est,
1162 2572 1552 2647 gloriﬁcetur;
1602 2573 1649 2628 si
1710 2575 1869 2628 enim
1940 2573 2109 2644 juxta

459 2666 690 2723 virtutis
710 2680 990 2722 normam
1030 2679 1473 2729 conversamur,
1530 2661 1893 2732 gloriﬁcatur
1961 2666 2109 2719 Deus

464 2755 671 2823 abhis,
700 2754 804 2827 qui
859 2769 970 2810 nos
1013 2753 1394 2824 conspiciunt
1428 2768 1439 2807 :
1471 2753 1711 2813 Luceat.
1763 2751 1955 2823 inquit
2001 2753 2110 2808 lux

463 2850 652 2902 vestra
693 2858 894 2901 coram
923 2842 1274 2907 hominibus,
1308 2847 1373 2896 ut
1404 2839 1642 2897 videant
1687 2854 1865 2909 opera
1913 2847 2111 2897 vestra

468 2934 641 2999 bona,
663 2938 714 2988 et
751 2931 1073 3002 gloriﬁcent
1113 2931 1350 2986 Patrem
1400 2936 1667 2996 vestrum,
1717 2928 1819 2999 qui
1842 2928 1905 2984 in
1953 2929 2110 2987 castis

464 3028 549 3079 est
592 3023 660 3076 1‘.
718 3021 867 3076 Cum
908 3020 1087 3091 igitur
1144 3019 1205 3074 in
1266 3033 1329 3073 se
1390 3018 1713 3088 gloriosum
1764 3017 1839 3072 sit
1891 3034 2109 3074 nomen

465 3116 657 3179 tuum,
690 3109 1049 3182 gloriﬁcetur
1074 3108 1253 3166 etiam
1279 3124 1386 3181 per
1409 3112 1678 3165 nostram
1716 3108 2113 3166 conversatio-

464 3215 627 3257 nem.

535 3291 701 3346 Vers.
724 3288 811 3343 10.
833 3287 1131 3345 Adveniat
1152 3317 1221 3328 —
1245 3292 1432 3343 tuum.
1458 3288 1724 3358 Regnum
1751 3302 1911 3343 nunc
1940 3292 2113 3345 vocat

464 3378 805 3436 iseoundum
862 3376 1189 3432 adventum
1234 3374 1445 3448 ipsius,
1490 3375 1544 3430 in
1577 3391 1699 3447 quo
1738 3392 1877 3431 cum
1924 3377 2114 3433 multa

458 3468 653 3541 gloria
680 3464 1009 3539 apparebit.
1044 3467 1158 3521 Hoc
1190 3469 1388 3520 autem
1418 3465 1743 3536 petendum
1774 3465 2021 3532 addidit,
2052 3470 2114 3521 ut

464 3557 629 3630 quod
655 3561 910 3628 petimus
936 3557 1346 3625 agnoscentes,
1396 3554 1707 3625 praeparati
1744 3554 1823 3609 ad
1852 3554 1982 3626 ejus
2020 3570 2114 3610 oc-

466 3661 705 3703 cursum
725 3659 831 3716 per
845 3644 1051 3700 omnia
1071 3644 1272 3698 simus.
1290 3641 1611 3713 Praeparari
1633 3642 1791 3698 enim
1812 3647 2113 3713 estoptare

466 3738 533 3792 ut
557 3734 751 3792 veniat
779 3732 987 3788 Judex.

538 3824 733 3881 Potest
752 3836 991 3894 quoque
1020 3822 1077 3876 et
1115 3819 1232 3877 alio
1256 3818 1437 3875 modo
1468 3818 1583 3874 dici
1620 3836 1631 3874 :
1665 3818 1866 3875 Veniat
1896 3820 1972 3876 ad
2002 3835 2113 3875 nos

464 3927 720 3984 regnum
762 3916 953 3979 tuum,
999 3909 1054 3965 id
1117 3913 1221 3978 est,
1253 3908 1486 3979 impera
1546 3912 1603 3964 tu
1654 3907 1843 3975 nobis,
1910 3912 1967 3963 et
1992 3924 2113 3964 non

438 4000 739 4059 -diabolus
772 4003 878 4066 ;tu
906 3997 1082 4054 nobis
1133 3996 1411 4063 suadeas,
1449 4012 1518 4052 ac
1545 4011 1649 4068 per
1693 3999 1795 4052 tua
1829 3996 2114 4056 mandata

466 4091 694 4162 iubeas,
722 4093 778 4146 et
800 4103 918 4144 non
941 4086 1058 4143 ille.

538 4271 697 4325 Vers.
730 4267 811 4322 10.
836 4266 967 4322 Fiat
994 4295 1062 4304 —
1085 4266 1263 4319 terra.
1300 4263 1420 4319 Fiat
1441 4261 1713 4320 voluntas
1744 4265 1841 4319 tua
1870 4262 1931 4320 in
1957 4269 2114 4321 terra

466 4358 544 4414 ab
590 4354 947 4419 hominibus,
1010 4350 1528 4425 quemadmodum
1583 4351 1642 4406 in
1691 4351 1841 4407 coelo
1920 4352 1982 4409 ﬁt
2036 4353 2113 4409 ab

467 4446 698 4517 angelis
732 4462 745 4513 ;
776 4443 850 4499 de
870 4442 1087 4516 quibus
1103 4440 1248 4497 dixit
1274 4439 1461 4495 David
1490 4456 1502 4495 :
1530 4440 1797 4496 Mimstri
1820 4443 1961 4511 ejus,
2010 4442 2116 4514 qui

467 4537 693 4607 faciunt
741 4535 1097 4590 voluntatem
1148 4529 1327 4599 ipsius
1379 4531 1424 4565 “
1456 4560 1524 4569 —
1570 4530 1862 4586 Adveniat
1913 4536 2115 4587 autem

470 4630 525 4680 et
549 4626 671 4693 ﬁat,
701 4622 840 4677 licet
876 4636 982 4693 per
1020 4619 1201 4676 verba
1228 4618 1501 4674 dicantur
1539 4618 1888 4690 imperativa
1932 4618 2114 4672 ἐλθέτω

468 4717 525 4768 et
562 4712 849 4784 γενηθήτω,
884 4713 1204 4764 sumuntur
1241 4712 1438 4764 tamen
1466 4722 1574 4779 pro
1608 4708 1904 4779 optativis.
1935 4706 2115 4781 Opta-

2196 442 2492 513 εὐχώμεθα.

2265 533 2334 583 Τό
2367 525 2445 592 δὲ,
2474 527 2534 580 '0
2588 527 2637 580 ἓν
2689 534 2795 591 τοῖς
2845 527 3097 602 οὐρανοῖς,
3140 530 3222 582 ἶνα
3277 534 3407 605 πρὸς
3454 535 3539 584 τὸν
3580 532 3799 606 οὐρανόν

2197 623 2275 671 αεὶ
2350 615 2635 690 βλέπωμεν,
2720 615 2957 691 πατρίδα
3031 626 3210 672 τοῦτον
3279 622 3425 693 ἡμῶν
3504 621 3799 687 ἀκούοντες,

2198 706 2384 779 μᾶλλον
2438 703 2497 758 δὲ
2539 706 2687 759 αὐτοὶ
2734 714 2884 759 τοῦτο
2932 707 3175 779 λέγοντες,
3224 714 3313 760 καὶ
3360 711 3441 762 ἵνα
3471 719 3569 762 τῶν
3604 715 3804 781 γηῖνων

2198 804 2610 869 καταφρονῶμεν,
2676 795 2783 847 ἐκεῖ
2838 794 3151 859 σπεύδοντες
3215 797 3487 866 ἀναϐῆναι,
3550 796 3643 851 διὰ
3704 807 3804 860 τῆς

2197 894 2294 938 τῶν
2344 883 2532 957 ἀρετῶν
2571 884 2838 957 κλίμακος,
2883 888 3010 938 ὅπου
3048 889 3072 938 ό
3119 892 3298 960 Πατὴρ
3331 891 3474 961 ἡμῶν
3522 887 3661 944 ἔστι.
3719 887 3802 941 Ἐν

2200 974 2398 1049 οὐρανῷ
2454 970 2511 1027 δὲ
2566 977 2652 1026 τὸν
2705 978 2833 1027 Θεὸν
2883 971 3012 1027 εἶναι
3063 975 3308 1047 λέγοντες,
3352 977 3445 1029 οὐκ
3502 976 3550 1029 ἐν
3599 978 3803 1050 οὐρανῷ

2201 1062 2355 1115 αὐτόν
2431 1062 2783 1135 συγκλείοντες
2860 1067 3264 1139 περιγράψομεν
3340 1064 3621 1142 ἀχώρητος
3696 1069 3800 1141 γὰρ

2202 1151 2314 1204 ἔστι
2367 1156 2457 1203 καὶ
2508 1151 2911 1227 ἀπερίγραπτοςο
2970 1152 3097 1206 ἀλλὰ
3155 1163 3431 1226 πανταχοῦ
3482 1158 3571 1227 μεν
3631 1152 3681 1208 εἷ
3742 1175 3799 1208 αι

2202 1242 2402 1313 λέγεται
2447 1242 2472 1293 ό
2505 1244 2651 1306 Θεὸς,
2705 1242 2936 1313 μάλιστα
2984 1239 3043 1295 δὲ
3092 1242 3140 1295 ἕν
3170 1248 3349 1307 τόποις
3383 1243 3564 1315 ἀξίοις,
3616 1242 3709 1297 διὰ
3744 1250 3801 1298 τό

2203 1330 2390 1403 μᾶλλον
2455 1330 2641 1392 αὐτοὺς
2707 1327 2837 1382 εἶναι
2900 1328 3173 1395 δεκτικοὺς
3239 1334 3419 1389 αὐτοῦ,
3485 1338 3580 1387 Διὰ
3642 1342 3799 1388 τοῦτο

2203 1423 2372 1472 τοίνυν
2422 1417 2469 1471 ἂν
2516 1427 2587 1489 τῷ
2635 1418 2835 1491 οὐρανῶ
2891 1419 3096 1492 λέγομεν
3147 1430 3275 1475 εἶναι
3326 1428 3412 1475 τὸν
3459 1428 3604 1491 Θεὸν,
3662 1421 3805 1477 διότι

2204 1510 2571 1582 καθαρώτατος
2636 1510 2661 1559 ό
2721 1513 2878 1570 τόπος
2937 1508 3140 1579 ἐκεῖνος,
3202 1517 3292 1564 καὶ
3346 1508 3485 1564 διότι
3550 1512 3598 1565 ἐν
3661 1514 3804 1585 αὐτῷ

2207 1597 2338 1649 εἰσὶν
2400 1599 2455 1649 αἱ
2506 1596 2653 1649 ἄυλοι
2706 1594 2973 1669 δυνάμεις,
3036 1604 3125 1651 καὶ
3173 1602 3221 1652 οἱ
3278 1596 3443 1673 δῆμοι
3488 1610 3587 1654 τῶν
3643 1602 3804 1675 ἁγίων

2130 1710 2172 1765 Β
2209 1687 2287 1748 οἷς
2313 1684 2694 1738 ίπαναπαύεται
2706 1729 2718 1741 .

2281 1774 2388 1849 [Ὁ
2434 1778 2515 1845 (2)
2558 1778 2646 1848 μεν
2686 1780 3061 1850 Χρυσόστομος
3105 1781 3229 1852 πρὸς
3266 1782 3352 1831 τὸν
3396 1782 3515 1833 Υἰὸν
3556 1778 3802 1855 ἀναφέρε-

2217 1867 2340 1918 σθαι
2394 1868 2488 1924 τὴν
2566 1861 2955 1940 παραδοθεῖσαν
3033 1870 3226 1926 ταύτην
3306 1869 3423 1927 ὃλην
3494 1875 3808 1946 προσευχὴν

2214 1957 2434 2026 ἐνέφηνε.
2483 1958 2700 2025 Λέγεται
2761 1958 2861 2029 γὰρ
2928 1961 3017 2009 καὶ
3085 1958 3230 2019 οὗτος
3286 1963 3459 2034 Πατὴρ
3514 1962 3682 2033 ἡμῶν,
3749 1964 3810 2021 ὡς

2217 2040 2562 2116 δημιουργός,
2621 2047 2710 2095 καὶ
2760 2041 3020 2118 κηδεμὼν,
3076 2051 3165 2099 καὶ
3222 2054 3534 2121 προνοητὴς,
3574 2055 3666 2101 καὶ
3721 2048 3810 2102 δι-

2217 2129 2497 2193 δάσκαλος.
2554 2135 2700 2185 Κατὰ
2754 2143 2935 2186 τοῦτον
2988 2132 3046 2187 δὲ
3122 2140 3208 2189 τόν
3278 2137 3424 2209 λόγον
3500 2138 3688 2210 λέγοιτ’
3754 2141 3811 2191 οἶν

2218 2226 2392 2297 Πατὴρ
2441 2224 2605 2293 ἡμῶν,
2657 2227 2745 2274 καὶ
2792 2226 2850 2275 τὸ
2890 2223 3037 2295 ἅγιον
3082 2232 3309 2298 Πνεῦμα.
3354 2231 3547 2280 Λοιπὸν
3587 2225 3679 2280 οὖν
3725 2235 3813 2280 καὶ

2218 2308 2396 2371 ὶδικώς
2429 2314 2554 2385 πρὸς
2592 2312 2808 2364 ἕκαστον
2846 2315 3041 2365 τούτων
3084 2313 3341 2386 ἀναχθείη
3376 2318 3458 2381 ἄν,
3505 2322 3594 2369 καὶ
3626 2328 3815 2380 κοινῶς

2214 2402 2345 2474 πρὸς
2373 2404 2465 2457 τὴν
2498 2398 2544 2451 ἐν
2574 2403 2775 2460 τούτοις
2802 2406 2926 2474 μίαν
2957 2408 3213 2461 Θεότητα.
3244 2404 3265 2477 ]

2286 2488 2615 2560 ’Δγιασθὴτω
2743 2493 2801 2541 τὸ

2219 2576 2328 2630 ἀντὶ
2396 2584 2507 2649 τοῦ,
2576 2578 2811 2641 Δοξασθὴ
2822 2599 2891 2631 τω
2905 2623 2917 2637 ,

2930 2493 3090 2564 ὄνομα
3204 2512 3297 2545 σου
3312 2539 3324 2550 ,
3440 2493 3814 2565 Ἀγιασθήτω,

3000 2580 3170 2653 Ἢμῶν
3244 2585 3347 2656 γὰρ
3404 2582 3817 2657 πολιτευομένων

2220 2666 2481 2743 ἐναρέτως,
2563 2663 2842 2730 δοξάζεται
2907 2672 3051 2741 παρὰ
3107 2680 3205 2722 τῶν
3264 2673 3493 2745 ὁρώντων
3551 2674 3576 2724 ὁ
3663 2679 3819 2736 Θεὸς.

2221 2755 2493 2828 Λαμψάτω
2545 2758 2668 2829 γὰρ,
2721 2762 2871 2829 φησι,
2926 2762 2984 2809 τὸ
3043 2768 3142 2830 φῶς
3191 2762 3330 2832 ὑμῶν
3374 2763 3668 2833 ἔμπροσθεν
3718 2770 3825 2812 τῶν

2219 2842 2520 2915 ἀνθρώπων,
2597 2846 2733 2907 ὅπως
2798 2844 2957 2898 ῖδωσι
3016 2851 3082 2900 τὰ
3138 2849 3271 2901 καλὰ
3319 2851 3457 2922 ὑμῶν
3520 2852 3669 2923 ἔργα,
3734 2856 3829 2903 καὶ

2222 2929 2489 2994 δοξάσωσι
2555 2937 2641 2986 τόν
2706 2940 2908 3010 Πατέρα
2960 2937 3103 3009 ὑμῶν
3159 2941 3246 2990 τόν
3299 2938 3347 2989 ἐν
3394 2935 3505 3000 τοῖς
3554 2940 3827 3013 οὐρανοις.

2222 3019 2601 3094 Δεδοξασμένον
2632 3023 2727 3075 οὗκ
2783 3025 3023 3100 ὑπάρχον
3052 3030 3111 3079 τό
3143 3029 3301 3100 ὄνομα
3350 3047 3464 3091 σου,
3509 3025 3831 3091 δοξασθήτω

2222 3116 2310 3163 καὶ
2337 3106 2431 3163 διὰ
2458 3120 2548 3172 τῆς
2577 3112 2837 3175 πολιτείας
2868 3116 3033 3186 ἡμῶν.

2294 3288 2509 3343 Ἐλθίτω
2556 3320 2624 3330 --
2657 3310 2772 3346 σου.
2823 3291 3091 3345 Βασιλείαν
3143 3291 3201 3347 δὲ
3252 3302 3359 3366 νῦν,
3414 3300 3509 3354 την
3570 3293 3831 3374 δευτέραν

2223 3378 2381 3431 αὐτοῦ
2442 3384 2735 3451 παρουσίαν
2798 3387 2977 3453 φησιν,
3050 3386 3115 3444 ὡς
3185 3386 3315 3457 μετὰ
3390 3384 3587 3448 πολλῆς
3667 3385 3837 3450 δόξης

2222 3466 2487 3539 ἐσομένην.
2540 3475 2701 3522 Τοῦτο
2743 3466 2802 3522 δὲ
2844 3472 3156 3545 προσέταξεν
3202 3474 3379 3542 αἰτεῖν,
3420 3475 3503 3526 ἶνα
3538 3482 3843 3547 yroniam»

2221 3575 2323 3625 τις,
2408 3557 2529 3632 ὅπερ
2599 3558 2861 3632 αἰτοῦμεν,
2932 3559 3321 3637 ἐμπαράσκευοι
3385 3568 3516 3637 πρὸς
3596 3568 3842 3624 ὑπαντήν

2223 3645 2381 3699 αὐτοῦ
2438 3643 2531 3699 διὰ
2582 3652 2771 3711 παντὸς
2840 3652 3033 3722 εἴημεν.
3085 3654 3519 3726 Ἐμπαρασκεύου
3577 3658 3713 3729 γὰρ,
3778 3660 3844 3708 τὸ

2224 3734 2397 3794 ζητεῖν
2429 3732 2587 3787 ἐλθεῖν
2613 3741 2699 3789 τόν
2733 3734 3013 3796 δικαστὴν.

2291 3822 2445 3875 ’Ἐστι
2488 3820 2547 3876 δί
2594 3829 2683 3877 καὶ
2733 3825 2909 3902 ἑτέρως
2957 3828 3133 3896 εἰπεῖν,
3188 3832 3267 3882 ὅτι
3316 3831 3529 3885 Ἐλθέτω
3571 3832 3647 3905 ἐφ’
3690 3835 3855 3907 ἡμᾶς

2221 3912 2251 3969 ἡ
2304 3909 2551 3983 βασιλεία
2597 3933 2713 3982 σου,
2770 3920 3025 3987 τουτέστι,
3086 3917 3515 3992 βασιλευθείημεν
3571 3924 3675 3973 ὑπὸ
3746 3932 3857 3976 σοῦ

2221 4004 2309 4051 καὶ
2384 4004 2454 4073 μὴ
2529 4003 2628 4054 ὑπὸ
2697 4012 2787 4055 τοῦ
2856 4004 3123 4072 διαϐόλου,
3197 4008 3286 4060 καὶ
3344 4013 3406 4060 σὺ
3462 4015 3682 4072 πείσαις
3754 4018 3857 4064 καὶ

2224 4089 2506 4152 ὑποτάξαις
2544 4092 2683 4163 ἡμᾶς
2726 4100 2836 4155 τοῖς
2881 4102 2991 4157 σοῖς
3034 4100 3431 4169 προστάγμασι,
3466 4103 3557 4151 καὶ
3594 4104 3670 4171 μὴ
3713 4100 3867 4154 ἐκεῖ·

2220 4196 2319 4237 νος.

2294 4268 2564 4325 Γενηθήτω
2630 4300 2698 4310 -
2761 4278 2879 4342 γῆς.
2950 4275 3218 4333 Γενηθήτω
3295 4278 3351 4328 τὸ
3434 4276 3633 4350 θέλημά
3721 4299 3871 4351 σου,

2221 4359 2310 4406 καὶ
2362 4354 2447 4409 ἐπὶ
2492 4365 2584 4420 τῆς
2635 4367 2752 4429 γῆς,
2800 4363 2944 4434 παρὰ
2991 4370 3089 4414 τῶν
3148 4362 3447 4439 ἀνθρώπων,
3500 4369 3571 4428 ὡς
3625 4374 3874 4437 γίνεται

2224 4443 2271 4495 ἐν
2336 4445 2555 4518 οὐρανῷ,
2610 4451 2755 4521 παρὰ
2809 4459 2909 4502 τῶν
2977 4449 3227 4524 ἀγγέλων,
3294 4460 3410 4529 περὶ
3468 4452 3536 4506 ὧν
3598 4454 3766 4510 εἶπεν
3849 4462 3879 4513 ό

2224 4530 2410 4587 Δαυὶδο
2492 4541 2801 4611 Λειτουργοὶ
2885 4539 3065 4610 αὑτοῦ,
3150 4550 3409 4604 ποιοῦντες
3488 4547 3546 4596 τὸ
3629 4547 3886 4621 Θέλημα

2225 4622 2404 4675 αὐτοῦ.
2454 4625 2669 4699 Θθημα
2712 4624 2770 4679 δε
2819 4635 2972 4697 Θεοῦ,
3018 4631 3072 4681 αἱ
3118 4628 3314 4684 ἐντολαὶ
3344 4633 3524 4688 αὐτοῦ.
3574 4632 3887 4692 Εὖχτικὸν

2225 4707 2286 4764 δὲ
2331 4717 2420 4766 καὶ
2470 4717 2551 4784 τό,
2608 4714 2961 4787 Ἀγιασθήτω,
3015 4724 3103 4772 καὶ
3158 4723 3235 4788 τό,
3292 4723 3588 4782 Γενηθήτω,
3652 4730 3889 4801 Εὐχά-

468 4816 602 4859 mus
662 4798 819 4857 enim
889 4814 959 4854 ac
1016 4812 1333 4869 precamur
1400 4796 1548 4863 haec,
1606 4812 1672 4852 eo
1720 4797 1886 4869 quod
1938 4799 2100 4856 etiam

2224 4803 2356 4873 μεθα
2384 4804 2481 4876 γὰρ
2515 4810 2698 4876 ταῦτα,
2734 4802 2826 4860 διοί
2872 4811 2931 4861 τὸ
2965 4808 3188 4883 χρῄζειν
3239 4812 3362 4888 πρὸς
3395 4819 3565 4868 ταῦτα
3606 4818 3726 4870 καὶ
3752 4796 3898 4883 3E5;

542 4983 589 5021 ³⁸
615 4978 815 5038 Matth.
840 4994 895 5049 v,
930 4980 1014 5035 16.
1120 4977 1167 5014 1⁵
1198 4976 1352 5035 Psal.
1385 4992 1477 5046 cu,
1518 4977 1614 5039 21.

1688 5102 1909 5173 Variae
1953 5104 2275 5177 lectiones
2300 5117 2587 5178 etnotae.

541 5248 620 5325 (2)
646 5247 876 5306 Inclusa
900 5247 961 5303 in
994 5244 1268 5315 margine
1295 5243 1478 5301 habet
1505 5249 1573 5302 Α.

541 5374 643 5447 (m)
672 5372 746 5428 In
767 5386 882 5448 quo
903 5401 969 5411 —
990 5370 1247 5448 virtutes,
1276 5370 1342 5448 Et
1362 5367 1504 5439 quia
1532 5367 1594 5424 in
1619 5383 1689 5448 eo
1720 5371 2123 5448 sun_t__virtutes

470 5442 799 5520 potestates
818 5444 904 5520 ab
935 5442 1101 5520 omni
1124 5442 1386 5520 materiae
1412 5443 1785 5500 concretione
1827 5442 2048 5501 liberm.

467 5510 714 5594 λυνάμιις
748 5514 918 5581 ἄῡλοι,
951 5517 1090 5570 sunt
1120 5510 1333 5582 angeli°

2656 5379 2842 5465 datur
2862 5382 3104 5456 requies.
3137 5386 3201 5443 ln
3229 5385 3455 5459 quibus
3481 5392 3881 5465 acquiescit

2231 5445 2451 5517 quibus
2477 5448 2709 5509 laetatur
2732 5454 2913 5512 Deus,
2938 5445 2957 5456 ³
3248 5445 3270 5459 ⁸
3487 5445 3517 5447 "
3535 5445 3546 5446 ί
3568 5445 3910 5479 “”“”“’“›
