3990 6206
227 266 294 324 237
1079 257 1456 316 COMMENT.
1507 257 1578 313 IN
1622 255 2066 314 MATTHIEUM.
2113 288 2182 298 -—
2222 257 2380 313 CAP.
2421 257 2514 314 VI.

3369 259 3473 314 238

226 394 319 465 παρὰ
340 393 429 443 θεοῦ
454 388 717 462 βοηθείας.
741 392 843 441 Καὶ
878 389 943 440 τὰ
970 385 1125 440 λοιπὰ
1151 383 1210 439 δῖε
1246 385 1476 460 ῥήματα,
1508 384 1720 438 εὐκτικά

1855 381 1905 438 τά
1948 398 2020 438 ea
2065 383 2267 440 divino
2310 383 2486 442 nobis
2529 399 2681 456 opus
2724 389 2811 442 est
2837 384 3074 442 auxilio.
3108 384 3201 443 Sic
3246 384 3477 459 reliqua

221 481 321 548 εἰσιν,
346 479 378 533 ιὶ
400 484 472 532 καὶ
504 478 869 553 προστακτικὰ
898 473 1137 530 δοκοῦσι.

265 662 334 710 Τὸν
372 658 499 730 ἄρτον
548 687 614 697 -
673 661 914 729 σήμερον.
983 649 1171 720 Εἰδὼς,
1245 658 1337 711 τὴν
1401 654 1490 726 μὲν
1570 651 1721 724 ἀγαγε-

216 747 318 802 λικήν
359 749 483 816 φύσιν
547 741 816 819 ἀπροσδεῆ
878 752 1088 818 τροφῆς,
1138 746 1231 800 τὴν
1281 740 1604 816 ἀνθρωπίνην
1663 738 1723 793 δι

217 838 348 893 ταύτης
392 829 579 898 ἐπιδεῆ,
646 832 959 907 προσέταξεν
1013 831 1272 883 αἰτεῖσθαι
1323 833 1381 882 τὸ
1444 829 1722 902 ἀναγκαῖον

214 931 276 983 τῆς
315 924 493 992 φύσεως.
549 920 739 994 Ἀρτον
791 918 850 973 δὲ
906 921 1050 992 ἡμῶν
1099 915 1252 986 εἶπεν,
1303 916 1417 971 ἀντὶ
1463 925 1576 986 τοῦ,
1625 921 1722 970 Τὸν

215 1007 264 1060 δι’
305 1011 415 1080 ἡμᾶς
471 1015 757 1082 γενόμενον.
821 1009 1112 1061 Ἐπιούσιον
1185 1004 1244 1058 δὲ
1309 1011 1722 1080 προσηγόρευσε,

209 1101 268 1149 τόν
292 1099 354 1149 ἐπὶ
385 1106 436 1169 τῇ
466 1099 622 1170 οὐσίᾳ
672 1102 763 1149 καὶ
803 1097 1020 1168 ὑπάρξει
1047 1100 1136 1147 καὶ
1182 1097 1439 1147 συστάσει
1484 1103 1574 1146 τοῦ
1625 1100 1724 1146 σώ-

209 1205 323 1256 ματος
363 1182 656 1244 ἐπιτήδειον.
713 1185 782 1238 ’Ἡ
835 1188 968 1236 κατὰ
1023 1187 1109 1236 τόν
1320 1187 1720 1256 Χρυσόστομον,

205 1271 400 1326 ἐπιούσιον
449 1271 571 1340 εἷπε,
630 1277 717 1326 τὸν
771 1271 1041 1346 ἐφήμερον.
1099 1270 1201 1325 Ἕω
1251 1271 1328 1340 (3)
1383 1273 1485 1344 γὰρ
1537 1271 1724 1342 ὀνομά-

205 1360 312 1432 ξθμη
355 1367 429 1420 την
479 1365 696 1437 ἡμέραν.
759 1363 1057 1428 Προσίοηκε
1116 1357 1174 1413 δὲ
1225 1363 1314 1411 καὶ
1364 1362 1420 1411 τὸ
1480 1364 1719 1430 σήμερον,

204 1457 473 1525 φανερώτερον
536 1452 752 1522 ἀπάγων
805 1453 946 1522 ἡμᾶς
998 1457 1088 1502 τοῦ
1157 1452 1228 1522 μὴ
1290 1449 1366 1518 (4)
1435 1447 1721 1520 φροντίζειν

199 1543 436 1610 περαιτέρω.
504 1539 751 1592 Βούλει-αι
811 1541 934 1613 γὰρ,
1007 1542 1123 1598 τοὺς
1195 1540 1416 1599 πιστοὺς
1479 1535 1526 1587 ἐν
1608 1543 1723 1597 ταῖς

199 1624 338 1696 εὐχαῖς
375 1629 511 1702 ἄρτον
568 1633 722 1700 μόνον
767 1628 949 1695 αἰτεῖν,
988 1633 1077 1679 καὶ
1124 1634 1304 1678 τοῦτον
1350 1631 1572 1699 σήμερον
1621 1629 1721 1697 μό-

1828 488 1964 545 quaa
2003 479 2333 546 sequuntur
2378 473 2582 542 verba,
2631 475 2891 547 optativa
2923 478 3077 542 sunt,
3124 491 3478 548 quanquam

1825 561 2140 618 videantur
2157 562 2525 635 imperativa.

1900 653 2057 706 Vers.
2089 654 2173 706 lt.
2207 654 2421 710 Panem
2452 685 2519 693 —
2547 652 2735 710 hodie.
2781 653 2981 709 Sciens
3020 653 3265 726 quidem
3305 658 3482 710 natu-

1829 754 1956 794 ram
1972 740 2302 808 angelicam
2318 758 2698 813 nequaquam
2712 742 2844 798 cibo
2857 743 3142 812 indigere,
3156 742 3480 799 humanam

1829 843 1969 883 vero
1999 829 2177 898 hujus
2229 845 2363 884 esse
2400 829 2786 899 indigentem,
2828 831 3004 900 jussit
3048 830 3214 903 quod
3254 836 3483 901 naturae

1830 917 2234 972 necessarium
2259 922 2345 973 est
2373 917 2503 988 peti.
2538 919 2763 974 Panem
2793 924 2993 975 autem
3019 927 3283 975 nostrum
3313 919 3482 983 dixit,

1829 1003 1944 1058 hoc
1966 1011 2068 1074 est,
2094 1010 2336 1077 propter
2350 1021 2460 1061 nos
2480 1004 2804 1062 formatum
2830 1024 2843 1073 ;
2864 1008 3486 1076 supersubstantialem

1830 1108 1971 1148 vero
1986 1093 2323 1165 appellavit,
2339 1095 2483 1166 quia
2494 1095 2571 1150 ad
2585 1096 2850 1167 corporis
2866 1097 3289 1163 substantiam,
3309 1097 3486 1154 vitam

1831 1196 1902 1236 ac
1930 1183 2412 1238 constitutionem
2443 1185 2802 1240 conveniens
2832 1191 2936 1241 est.
2969 1185 3067 1241 Vel
3098 1188 3270 1257 juxta
3309 1187 3489 1259 Chry-

1831 1273 2152 1325 sostomum
2183 1270 2443 1324 ἐπιούσιον
2474 1272 2640 1339 dixit,
2675 1272 2737 1328 id
2767 1278 2875 1340 est,
2917 1276 3342 1345 quotidianum.
3375 1274 3488 1330 Ad-

1830 1359 1915 1414 dit
1934 1360 2132 1424 etiam,
2159 1361 2326 1415 hodie
2355 1378 2366 1414 :
2402 1377 2438 1418 a
2467 1378 2610 1417 cura
2637 1378 2746 1417 nos
2775 1363 3078 1419 abducens
3123 1365 3488 1435 insequentis

1830 1449 2131 1520 temporis.
2160 1448 2289 1504 Vult
2322 1449 2471 1504 enim
2506 1449 2707 1506 ﬁdeles
2744 1466 2958 1521 panem
3000 1456 3229 1507 tantum
3269 1457 3487 1524 petere,

1829 1541 1885 1592 et
1908 1537 2069 1592 hunc
2089 1541 2319 1592 tantum
2338 1537 2717 1603 hodiernum,
2743 1553 2850 1593 nec
2881 1540 3020 1608 angi
3042 1539 3117 1594 de
3157 1539 3490 1612 insequenti

1830 1623 1945 1691 die,
1978 1641 2115 1680 cum
2139 1639 2331 1696 neque
2353 1625 2612 1681 sciamus
2635 1641 2712 1680 an
2744 1626 2998 1682 etiamin
3026 1627 3159 1699 ipso
3194 1627 3490 1684 vivemus.

194 1732 271 1779 νον,
305 1719 380 1766 καὶ
420 1721 486 1788 μὴ
541 1735 662 1788 μερι
716 1721 806 1786 νᾷν
862 1720 978 1788 περὶ
1049 1723 1142 1775 τῆς
1193 1713 1441 1775 έπιούσης
1508 1715 1720 1786 ἡμέρας,

1855 1711 2211 1784 iuperﬂuum
2225 1718 2314 1768 est
2326 1714 2524 1785 itaque
2538 1713 2852 1769 sollicitum
2868 1730 2993 1770 esse
3010 1715 3082 1770 de
3098 1716 3212 1781 die,
3229 1716 3306 1772 ad
3318 1718 3492 1788 cujus

197 1797 303 1852 διότι
346 1803 429 1854 οὐκ
480 1801 717 1876 οἴδαμεν,
774 1803 816 1856 εἰ
872 1808 962 1855 καὶ
1020 1802 1068 1854 ἐν
1135 1802 1267 1875 αὐτῇ
1324 1802 1570 1875 ζήσομεν.
1624 1806 1724 1854 Καὶ

192 1887 328 1942 λοιπὸν
360 1897 586 1966 περιττόν
635 1892 746 1944 ἐστι
796 1898 1044 1966 μέριμνᾷν
1081 1896 1200 1964 περὶ
1250 1892 1332 1961 (5)
1373 1892 1587 1966 ἡμέρας,
1644 1891 1722 1960 ἧς,

194 1977 261 2027 οὐκ
283 1975 493 2052 οἴδαμεν,
535 1982 583 2034 εἰ
623 1983 882 2053 φθάσομεν
927 1984 983 2032 τὸ
1033 1976 1326 2051 διάστημα.
1356 1985 1520 2032 Τοῦτο
1551 1975 1610 2032 δε
1637 1983 1727 2031 καὶ

189 2071 360 2137 προῖὼν,
407 2065 497 2121 διὰ
555 2069 800 2123 πλειόνων
853 2069 1016 2140 λόγων
1073 2067 1301 2136 ἐπέταξε,
1356 2067 1511 2139 λέγων
1565 2085 1578 2097 '
1637 2071 1724 2125 Μὴ

191 2162 485 2226 μεριμνήσητε
530 2158 609 2219 εἰς
656 2163 752 2217 τὴν
808 2160 1005 2230 αὔριον.
1070 2157 1223 2209 Οὕτω
1276 2159 1373 2230 γὰρ
1428 2156 1488 2208 au
1541 2155 1730 2208 εὐστα-

188 2240 261 2303 λεῖς
313 2244 542 2318 ἐσόμεθα,
616 2247 765 2318 ὀλίγα
982 2247 1272 2308 ὑπείκοντες
1333 2253 1402 2316 τῷ
1468 2243 1732 2316 ἀναγκαίῳ

187 2340 255 2392 τῆς
303 2336 505 2405 φύσεως,
580 2336 743 2389 τᾶλλα
817 2331 878 2388 δὲ
942 2339 1241 2410 τρεπόμενοι
1295 2337 1420 2410 πρὸς
1484 2334 1732 2408 ἐργασίαν

189 2428 512 2493 πνευματικὴν.

238 2510 381 2580 [Εἰκὸς
421 2513 498 2585 (6)
560 2509 642 2585 δὲ,
702 2518 790 2566 καὶ
840 2516 927 2566 τόν
972 2520 1061 2573 τῆς
1104 2511 1294 2584 ψυχῆς
1339 2513 1492 2584 ἄρτον
1549 2510 1730 2566 αἰτεῖν.

184 2599 345 2668 Χρῄζει
395 2603 494 2676 γὰρ
566 2607 662 2654 καὶ
718 2602 848 2660 αὕτη
907 2596 1100 2674 τροφῆς
1151 2601 1445 2667 ἐπιουσίου,
1491 2601 1619 2672 λέγω
1668 2599 1733 2658 δὴ

178 2693 254 2746 τῆς
297 2691 472 2743 ἄνωθεν
531 2689 851 2763 ἒλ)άμψεως,
907 2695 996 2742 καὶ
1054 2689 1402 2764 ἐπιχορηγίας
1453 2699 1543 2751 τῆς
1600 2692 1735 2750 θείας

178 2777 418 2850 γνώσεως]

231 2870 316 2917 Καὶ
360 2899 426 2907 -
482 2871 659 2941 ἡμῶν.
714 2870 1080 2941 Ἐπιστάμενος
1153 2871 1212 2920 τό
1276 2872 1406 2941 πρὸς
1479 2868 1733 2940 ἁμαρτίαν

175 2950 402 3006 εὐόλισθον
454 2965 550 3018 τῆς
612 2960 816 3029 φύσεως
865 2959 1029 3029 ἡμῶν,
1089 2963 1178 3008 καὶ
1232 2963 1621 3031 προγινώσκων,
1653 2957 1733 3008 ὅτι

1833 1802 2094 1873 spatium
2112 1806 2304 1856 utrum
2319 1803 2722 1872 pertingemus
2734 1802 3103 1871 ignoramus.
3120 1807 3238 1860 Hoc
3250 1821 3494 1878 quoque

1831 1906 1893 1962 in
1927 1891 2310 1962 sequentibus
2331 1890 2500 1960 jubet
2529 1890 2801 1962 pluribus
2833 1892 3047 1957 verbis,
3090 1892 3294 1949 dicens
3340 1893 3494 1950 inter

1835 1985 2083 2036 caetera:
2150 1979 2236 2034 Ne
2287 1979 2530 2035 solliciti
2577 1980 2700 2034 sitis
2752 1980 2817 2035 in
2885 1983 3202 2038 crastinum
3280 1983 3348 2037 ίσ.
3410 1986 3496 2040 Ita

1841 2082 2053 2139 nempe
2101 2066 2358 2138 expediti
2397 2067 2635 2138 erimus,
2677 2083 2873 2139 pauca
2901 2074 3120 2125 naturae
3147 2070 3497 2142 [necessitati

1837 2155 2237 2222 concedendo,
2261 2155 2490 2229 reliqua
2507 2171 2648 2213 vero
2669 2156 2748 2214 ad
2767 2157 3178 2230 operationem
3217 2158 3496 2232 spiritua-

1838 2243 1957 2301 lem
1973 2244 2311 2301 tribuendo.

1913 2513 2175 2586 Equum
2202 2512 2379 2570 etiam
2411 2517 2515 2580 est,
2534 2513 2747 2570 animae
2766 2529 3006 2588 quoque
3025 2530 3243 2588 panem
3268 2519 3490 2588 petere.

1844 2602 2070 2672 Indiget
2100 2604 2256 2658 enim
2290 2609 2344 2658 et
2388 2601 2520 2675 ipsa
2557 2603 3114 2675 supersubstantiali
3148 2605 3283 2660 cibo
3315 2622 3328 2660 :
3357 2606 3491 2662 dico

1845 2706 1991 2746 sane
2016 2690 2446 2747 illuminatione
2465 2690 2699 2756 caelesti,
2721 2696 2900 2764 utque
2926 2690 3129 2749 divina
3150 2692 3203 2748 ei
3234 2693 3492 2764 cognitio

1843 2779 2207 2852 praebeatur.

1915 2870 2071 2924 Vers.
2126 2873 2204 2923 t2.
2261 2867 2333 2924 Et
2385 2899 2453 2908 —
2503 2871 2745 2926 nostris.
2789 2868 2986 2926 Sciens
3024 2886 3211 2942 quam
3261 2869 3489 2926 lubrica

1843 2963 1995 3013 esset
2016 2962 2227 3013 natura
2241 2963 2443 3013 nostra
2455 2958 2528 3013 ad
2546 2962 2853 3029 peccatum
2871 2975 2885 3025 ;
2903 2974 3238 3029 agnoscens
3250 2974 3490 3032 quoque

167 3045 238 3091 ut
280 3046 398 3113 μετὰ
452 3049 512 3097 τό
567 3044 786 3119 λουτρόν
839 3053 938 3107 τῆς
996 3044 1391 3116 παλιγγενεσίας
1430 3047 1731 3120 ἁμαρτήσο-

1855 3052 1898 3103 at
1936 3052 2069 3118 post
2093 3047 2554 3118 regenerationis
2581 3046 2909 3116 lavacrum,
2938 3065 3175 3105 rursum
3217 3066 3328 3105 nos
3362 3065 3491 3105 esse

164 3146 254 3198 μιν,
311 3132 499 3186 κελεύει
570 3132 891 3208 παρακαλεῖν
965 3135 1090 3207 ὑπὲρ
1163 3142 1262 3185 τῶν
1322 3134 1730 3209 ἁμαρτημάτων,

161 3214 265 3291 εἰπερ
341 3219 670 3294 ὀφειλήματα
739 3223 1022 3294 ὠνόμασεν,
1098 3221 1383 3294 Ὀφείλημα
1456 3225 1575 3298 γὰρ,
1643 3228 1732 3275 καὶ

159 3308 205 3356 τό
245 3306 543 3383 ἁμάρτημα,
604 3314 675 3372 ὡς
738 3315 826 3364 καὶ
879 3311 1006 3364 αὐτὸ
1071 3319 1250 3363 ποιοῦν
1317 3314 1598 3364 ὑπεύθυνον
1646 3311 1731 3364 τόν

162 3391 414 3467 ἄνθρωπον,
472 3402 654 3474 ὥσπερ
713 3405 804 3452 καὶ
855 3403 912 3451 τὸ
964 3403 1140 3474 χρέος.
1201 3401 1618 3469 Παρακα)οῡντες
1674 3397 1732 3453 δε

158 3481 262 3554 ὑπὲρ
310 3485 538 3557 ἀφέσεως
599 3489 770 3541 αὐτῶν
798 3533 813 3558 ,
864 3487 1360 3562 ἀναμιμνησκόμεθά
1410 3509 1464 3542 τε
1511 3489 1676 3542 αὐτῶν
1715 3531 1730 3556 ,

160 3575 231 3622 καὶ
283 3580 673 3650 ταπεινούμενοι
753 3576 1152 3651 συντριϐόμεθα.
1220 3575 1470 3631 Διδάσκει
1525 3575 1584 3630 δὲ
1644 3585 1733 3630 καὶ

155 3665 333 3729 τρόπον,
385 3663 459 3717 δι’
507 3668 573 3719 οὗ
632 3665 844 3739 κάμψαι
891 3663 1227 3740 δυνησόμεθα
1276 3670 1363 3719 τόν
1415 3671 1556 3733 Θεὸν,
1605 3671 1733 3740 φημὶ

159 3742 234 3813 δή,
280 3755 330 3803 τό
367 3761 459 3806 καὶ
501 3758 653 3827 ἡμᾶς
712 3763 1009 3829 συγχωρεῖν
1061 3763 1169 3816 τοῖς
1220 3755 1606 3829 ἁμαρτάνουσιν
1663 3756 1734 3818 εἰς

152 3836 264 3905 ἐμᾶς
293 3848 555 3906 ’τούτους
605 3847 709 3918 γὰρ
762 3843 1023 3916 ὀφειλέτας
1079 3841 1228 3896 εἶπε·
1285 3850 1373 3896 καὶ
1429 3853 1580 3897 τοῦτο
1609 3864 1735 3920 προ-

155 3922 424 4007 ξαᾙεσθαι,
455 3931 575 3984 ἀντὶ
626 3935 798 3993 πάσης
847 3935 1128 4007 ἱκετηρίας,
1178 3935 1247 3996 ὡς
1295 3930 1553 3996 ἐξελέσθαι
1600 3935 1735 4006 ἡμᾶς

151 4006 424 4088 ⁸Ῑυνάμενον.
460 4025 556 4073 Διὸ
593 4027 686 4073 καὶ
715 4024 846 4094 μετὰ
902 4026 960 4074 τὸ
1006 4021 1282 4096 πληρῶσαι
1329 4027 1422 4080 τὴν
1467 4018 1734 4075 διδασκα-

151 4099 242 4151 λίαν
284 4114 376 4167 τῆς
411 4111 551 4180 ευχῆ
568 4132 616 4179 ς,
647 4110 801 4162 πάλιν
830 4109 1239 4182 ἐπαναλαμϐάνει
1268 4114 1353 4162 τὸν
1405 4116 1522 4184 περὶ
1575 4111 1735 4163 αὐτοῦ

150 4185 286 4260 λόγον.
318 4201 428 4249 Νῦν
486 4196 551 4252 δὲ
607 4206 763 4251 τοῦτο
808 4202 1100 4273 προσέθηκε
1141 4207 1203 4272 τῇ
1249 4199 1406 4272 εὐχῇ,
1457 4201 1538 4252 ἱνα
1583 4208 1736 4252 τοῦτο

148 4282 242 4331 καθ’
297 4284 528 4345 ἑκάστην
597 4292 728 4361 πρὸς
784 4291 912 4342 Θεόν
965 4288 1214 4360 λέγοντες,
1283 4286 1510 4360 ἀνάγκην
1563 4289 1736 4362 ἕξομεν

1841 3135 2194 3199 oﬂensuros,
2223 3134 2512 3206 jubetpro
2540 3136 2793 3206 peccatis
2808 3136 3137 3206 deprecari,
3159 3153 3294 3208 quas
3307 3137 3486 3192 etiam

1841 3224 2043 3280 debita
2114 3222 2488 3278 nominavit:
2538 3223 2804 3278 debitum
2851 3224 3010 3277 enim
3073 3230 3129 3280 et
3182 3233 3489 3295 peccatum

1841 3313 2016 3386 quasi
2061 3312 2270 3367 eadem
2309 3328 2425 3376 res,
2480 3311 2803 3367 obnoxium
2857 3311 3114 3367 reddunt
3155 3311 3484 3380 hominem,

1842 3403 1993 3458 sicut
2023 3406 2079 3457 et
2116 3418 2197 3456 aes
2227 3400 2514 3457 alienum.
2554 3401 2950 3472 Deprecantes
2976 3406 3177 3457 autem
3205 3416 3311 3472 pro
3334 3403 3488 3474 ipso-

1840 3506 1975 3546 rum
1996 3489 2368 3554 remissione,
2392 3489 2827 3544 reminiscimur
2847 3505 3076 3556 eorum,
3101 3496 3156 3546 et
3194 3490 3486 3547 humiliati

1843 3579 2224 3636 conterimur.
2273 3581 2451 3634 Docet
2479 3593 2720 3650 quoque
2745 3582 2801 3633 et
2835 3577 3108 3645 modum,
3148 3595 3271 3652 quo
3303 3581 3490 3637 Deum

1840 3667 2074 3724 ﬂectere
2141 3666 2447 3739 possimus
2493 3684 2506 3721 :
2561 3665 2695 3722 dico
2743 3682 2889 3722 sane
2959 3671 3023 3722 ut
3089 3673 3147 3723 et
3203 3683 3314 3723 nos
3372 3667 3488 3724 illis

1841 3757 2243 3828 ignoscamus,
2259 3755 2361 3828 qui
2388 3755 2444 3810 in
2465 3770 2573 3810 nos
2587 3759 3009 3826 peccaverunt:
3041 3771 3185 3811 nam
3207 3756 3318 3813 hos
3341 3756 3490 3814 dixit

1843 3845 2161 3901 debitores.
2187 3847 2249 3900 Et
2271 3845 2384 3900 hoc
2408 3843 2697 3915 jubetpro
2718 3844 2881 3900 omni
2900 3844 3093 3900 forma
3109 3845 3492 3917 supplicandi

1843 3933 2092 4006 proferri
2121 3951 2133 3990 :
2161 3939 2443 4004 tanquam
2465 3932 2523 3988 id
2547 3933 2738 3988 solum
2771 3939 2978 4004 potens
2992 3933 3068 3989 sit
3091 3949 3201 3989 nos
3215 3934 3487 3992 liberare.

1844 4022 2100 4094 Ideoque
2121 4021 2416 4092 completa
2429 4021 2502 4076 de
2523 4022 2786 4077 oratione
2800 4022 3087 4087 doctrina,
3109 4023 3316 4079 iterato
3328 4039 3492 4095 repe-

1844 4111 1911 4166 tit
1938 4110 2011 4165 de
2032 4111 2144 4165 hac
2175 4124 2235 4164 re
2284 4124 2642 4166 sermonem.
2684 4109 2852 4164 Nunc
2883 4115 3080 4165 autem
3109 4110 3337 4166 addidit
3362 4127 3494 4168 ora-

1845 4198 2011 4262 tioni,
2049 4203 2111 4253 ut
2136 4196 2307 4252 nobis
2333 4197 2446 4252 hoc
2459 4196 2721 4269 quotidie
2741 4201 2858 4253 Deo
2876 4197 3492 4266 dicentibus,necesse

1848 4288 1923 4345 sit
1951 4287 2062 4343 illis
2089 4286 2191 4358 qui
2219 4285 2278 4341 in
2323 4301 2434 4340 nos
2474 4286 2868 4357 deliquerunt,
2903 4286 3213 4356 ignoscere
3243 4288 3328 4356 -ξ--ι-
3371 4302 3493 4342 me-

153 4382 420 4446 σηχωρείν
465 4384 587 4439 τοῖς
646 4381 922 4429 πταίουσιν
971 4375 1042 4438 εἰς
1097 4377 1248 4449 ἡμᾶς,
1300 4376 1622 4450 φοϐούμενοι.
1663 4380 1732 4451 (⁷)

1855 4375 2171 4439 tuentibus,
2200 4390 2274 4429 ne
2305 4373 2794 4440 condemnemur,
2825 4379 3114 4446 tanquam
3146 4375 3495 4432 mentientes

150 4462 204 4523 ξιή
244 4463 672 4539 κᾶτακριθῶμεν,
717 4467 786 4528 ὡς
824 4462 1157 4539 ψευδόμενοι,
1207 4468 1337 4540 πρὸς
1386 4463 1589 4525 ἀπάτην
1647 4477 1738 4522 τοῦ

152 4551 280 4605 Θεοῦ.

206 4647 247 4680 ¹⁸
270 4650 467 4708 Matth.
501 4669 593 4720 v1,
619 4650 712 4708 34.

1849 4467 1927 4524 ad
1955 4463 2280 4524 fallendum
2309 4463 2516 4519 Deum.

1375 4724 1592 4795 Variae
1625 4727 1952 4797 lectiones
1974 4734 2040 4794 et
2070 4734 2271 4792 notae.

208 4861 500 4937 (ξ’)ιηνιι,
538 4865 764 4937 p.251-

148 4998 158 5006 _
208 4934 278 5002 (3;
304 4935 394 4990 Ab
425 4938 454 4994 ἡ
491 4934 616 4997 Eois.
651 4935 833 5006 Miror
856 4934 1340 5006 autem,bomini
1365 4935 1566 4995 Graeco
1590 4938 1746 4996 hanc

147 5004 690 5076 interpretationem
708 5004 1019 5076 excidisse.
1045 5005 1208 5062 Multi
1224 5007 1300 5062 de
1315 5006 1431 5063 hoc
1451 5011 1746 5067 vocabulo

147 5073 315 5131 multa
327 5082 384 5132 et
399 5079 560 5134 mira
576 5079 885 5133 dixerunt.
907 5075 1099 5132 Finxit
1114 5077 1227 5133 hoc
1249 5079 1556 5136 Matthasus
1574 5082 1650 5136 ad
1667 5083 1750 5137 si-

149 5143 526 5222 militudinem
554 5158 662 5202 τοῦ
691 5151 1008 5222 περιουσιος.
1045 5149 1122 5204 De
1148 5149 1325 5216 οὐσία,
1360 5167 1540 5208 sensu
1565 5159 1747 5209 meta-

146 5219 384 5287 pbysico,
419 5223 520 5278 hic
554 5219 901 5290 plane'non
948 5225 1037 5275 est
1083 5221 1492 5291 cogitandum,
1541 5225 1645 5279 sed
1677 5225 1748 5280 de

150 5301 309 5364 sensu
333 5293 649 5363 populari.
678 5291 744 5347 Ut
772 5292 947 5364 igitur
969 5294 1264 5364 περιούσιος
1289 5299 1377 5347 est
1397 5293 1622 5363 largus,
1652 5311 1747 5352 co-

148 5359 352 5436 piosus;
379 5359 613 5420 deinde
646 5359 992 5436 vero—etiam
1028 5359 1386 5436 praecipuus,
1413 5359 1700 5436 excellens
1734 5387 1746 5420 :

147 5434 222 5512 ita
251 5434 510 5512 ξπιο-ἆσιος
538 5442 639 5492 est
669 5434 1062 5512 sufﬁcienshi.
1089 5450 1140 5490 e.
1173 5434 1371 5510 ἐπαρκῆ
1385 5435 1746 5512 ϋχρειώδης.

149 5499 305 5560 Beate
333 5508 690 5565 scholiasta.

403 5508 690 5590 boliasta.
727 5521 910 5590 quem
939 5504 1018 5560 ad
1047 5504 1353 5590 bucame.
1386 5504 1756 5590 51’01inmea

150 5575 213 5632 Ν.
239 5578 302 5633 Τ.
328 5580 598 5638 editione
630 5575 904 5646 laudavi,
937 5576 1192 5650 explicat
1217 5575 1454 5654 αὐτάρκη
1486 5579 1756 5639 Christus

1850 4883 1972 4924 non
2002 4867 2123 4940 egit
2166 4882 2326 4940 cum_
2353 4864 2798 4940 metaphysicis.
2833 4867 2984 4936 Ergo
3035 4866 3503 4940 Hieronymiana

1853 4937 2526 5019 supersubstantialitas,
2545 4937 2628 4992 uti
2647 4936 2909 4995 barbara
2924 4941 3030 5005 est,
3063 4938 3142 4996 ita
3159 4936 3397 5012 quoque
3417 4942 3497 4998 ab

1852 5011 1967 5067 hoc
1991 5010 2123 5065 loco
2150 5009 2365 5064 aliena.

1897 5027 1967 5066 00
1991 5023 2123 5065 1000
2150 5023 2365 5064 auena.

1924 5084 1999 5150 (i)
2032 5085 2126 5152 μή.
2159 5081 2328 5152 abest
2356 5083 2420 5134 Α.

1927 5153 2002 5223 (5)
2025 5150 2134 5217 τῆς,
2161 5150 2346 5223 addit
2364 5151 2430 5204 A.

1952 5220 2006 5292 6)
2060 5222 2288 5277 inclusa
2334 5221 2608 5290 lcgantur
2665 5221 2724 5277 in
2758 5237 2945 5292 marg.
2980 5224 3043 5277 Α.
3093 5223 3289 5282 Codex
3321 5224 3362 5279 Β
3401 5220 3504 5279 ha-

1856 5292 2038 5368 bebat
2065 5294 2126 5348 in
2153 5294 2270 5347 line
2298 5293 2799 5368 interpretationis
2823 5310 3026 5368 versus
3057 5297 3136 5362 10,
3166 5301 3300 5368 post
3333 5311 3508 5368 voca-

1857 5364 2002 5445 bqu
2051 5369 2138 5445 κκὶ
2171 5367 2240 5435 μὴ
2292 5362 2497 5425 ἐκεῖνος.
2555 5367 2694 5430 Nos,
2747 5367 3095 5431 Hentenium
3144 5362 3352 5435 secuti,
3410 5365 3506 5422 hic

1859 5451 2245 5492 1038111101118.

1933 5506 2007 5580 (7)
2037 5507 2083 5561 A
2113 5505 2421 5580 φοϐούμενοι
2461 5507 2536 5564 ad
2575 5516 2668 5562 τοῦ
2725 5515 2858 5563 Θεοῦ
2900 5508 3114 5565 omittit
3155 5508 3502 5569 Hentenius.
