3990 6206
422 229 529 290 239

499 361 637 414 Vers
695 363 775 416 13.
825 359 904 416 Et
956 375 1030 416 ne
1076 390 1144 400 —
1206 359 1597 416 tentationem.

428 462 607 503 omne
635 450 954 513 certamen,
997 447 1162 520 quod
1187 447 1478 504 daemonis
1505 447 1714 503 fraude
1744 449 2077 520 quomodo-

424 551 662 607 cunque
708 536 885 591 nobis
911 537 1222 592 inductum
1277 542 1387 601 est,
1418 552 1539 609 quo
1586 537 1802 592 animm
1860 543 2076 593 nostrae

423 624 701 681 fortitudo
754 625 1198 697 comprobatur.
1242 627 1364 681 Hoc
1412 625 1612 698 itaque
1663 641 1936 681 sermone
1969 642 2078 681 nos

424 713 676 777 instruit,
751 729 826 769 ne
883 714 956 770 de
1026 713 1352 786 nobisipsis
1413 714 1810 778 confidamus,
1883 729 2077 785 neque

420 800 728 858 temerarie
748 802 1175 858 tentationibus
1200 817 1308 857 nos
1335 802 1700 871 ingeramus,
1737 801 1843 856 sed
1883 817 2079 873 prece-

423 906 560 945 mur
594 905 670 945 ne
703 890 761 945 in
817 890 1207 945 tenta'tionem
1256 889 1629 944 inducamur.
1686 891 1820 944 Haec
1877 896 2075 944 autem

340 988 346 994 '
421 978 668 1043 docens,
692 993 803 1034 nos
823 994 1062 1050 quoque
1079 977 1303 1033 inducit
1329 977 1405 1033 ad
1424 977 1840 1033 imbecillitatis
1860 981 2077 1032 nostra)

423 1067 810 1138 agnitionem,
858 1071 915 1122 et
974 1067 1332 1122 modestiam
1376 1065 1643 1137 apponit.
1699 1065 1873 1134 Atqui
1925 1067 2079 1120 Deus

421 1155 726 1212 neminem
783 1159 984 1220 tentat,
1049 1155 1199 1210 sicut
1265 1153 1457 1226 inquit
1508 1153 1766 1210 Jacobus
1839 1157 2080 1225 aposto-

422 1243 516 1300 lus
542 1246 608 1314 1",
665 1244 973 1316 quomodo
1017 1258 1160 1312 ergo
1216 1243 1357 1298 dicit
1402 1243 1539 1299 :Ne
1576 1258 1672 1297 nos
1720 1242 1969 1298 inducas
2020 1241 2079 1295 in

425 1332 806 1389 tentationem
821 1332 848 1386 Ῥ
867 1331 1014 1386 Illud
1030 1346 1193 1397 sane,
1208 1332 1291 1386 Ne
1303 1330 1547 1386 inducas
1561 1345 1687 1397 nos,
1705 1329 2078 1386 tantumdem

421 1419 598 1486 valet,
626 1435 695 1475 ac
727 1419 778 1473 si
818 1419 1037 1475 diceret
1067 1438 1078 1472 :
1111 1422 1190 1476 Ne
1217 1419 1526 1491 permittas
1548 1435 1658 1475 nos
1688 1418 1914 1474 induci.
1961 1421 2078 1474 Hoc

423 1512 622 1564 autem
668 1506 984 1578 Scripturee
1032 1507 1259 1563 idioma
1306 1511 1409 1562 est.
1474 1511 1534 1562 In
1578 1523 1649 1562 eo
1698 1507 1856 1561 enim
1914 1507 2080 1578 quod

421 1595 724 1667 permittit,
766 1595 889 1666 ipse
913 1595 1193 1650 inducere
1231 1595 1481 1650 videtur.
1515 1595 1720 1650 Omnis
1783 1594 2076 1665 siquidem

422 1685 666 1740 tentatio
723 1701 758 1739 a
823 1683 1058 1739 diabolo
1113 1683 1474 1754 producitur.

423 1775 657 1844 attingit
677 1772 1144 1843 hominemgnisi
1166 1772 1321 1827 Deus
1349 1773 1700 1844 permiserit,
1725 1788 1860 1827 cum
1888 1787 2079 1844 neque

422 1863 619 1934 porcis
674 1877 887 1917 nocere
949 1859 1224 1932 potuerit,
1296 1860 1407 1915 nisi
1481 1861 1612 1931 ipso
1685 1861 2077 1932 permittente,

424 1949 610 2006 veluti
700 1949 1069 2004 manifestius
1139 1949 1198 2002 in
1276 1963 1596 2020 progressu
1685 1949 2074 2004 inveniemus.

430 2037 656 2110 Saapius
687 2041 888 2093 autem
913 2035 1198 2104 permittit
1219 2037 1568 2091 tentationes
1599 2036 1659 2090 in
1709 2051 1819 2091 nos
1853 2037 2076 2101 induci,

428 2132 530 2184 aut
557 2130 797 2199 propter
844 2129 1083 2196 peccata
1121 2129 1341 2194 nostra,
1393 2129 1496 2179 aut
1537 2129 1599 2178 ut
1632 2124 1945 2180 manifesta
1979 2124 2081 2180 ﬁat

427 2216 644 2272 animae
686 2221 907 2269 nostra:
955 2213 1251 2279 fortitudo,
1311 2212 1816 2285 quemadmodum
1879 2212 2082 2268 docuit

425 2305 616 2376 ipsius
639 2303 752 2358 Job
772 2302 1034 2358 historia.
1062 2301 1237 2356 Jubet
1256 2316 1397 2371 ergo
1429 2316 1539 2355 nos
1563 2299 1806 2372 quidem
1830 2300 2076 2372 precari,

427 2408 502 2448 ne
527 2393 586 2448 in
617 2391 1000 2448 tentationem
1047 2390 1402 2445 inducamur
1436 2406 1449 2454 ;
1481 2389 1607 2461 ipse
1639 2405 1774 2444 vero
1830 2405 1965 2444 cum
2007 2389 2082 2444 sit

428 2481 769 2538 animarum
789 2484 1126 2535 nostrarum
1140 2478 1502 2542 moderator,
1519 2478 1814 2533 interdum
1831 2477 2079 2550 quidem

427 2569 722 2643 permittit,
755 2567 1120 2641 quandoque
1167 2582 1308 2622 vero
1354 2566 1645 2637 prohibet,
1693 2567 1863 2637 juxta
1917 2565 2083 2637 quod

429 2664 748 2730 utrumque
798 2657 1122 2731 expediens
1195 2661 1306 2713 est.
1367 2655 1560 2723 Quare
1643 2670 1764 2711 non
1820 2653 2080 2710 inductis

429 2747 676 2820 quidem
716 2745 1260 2815 tentationibus,ab
1291 2743 1362 2799 iis
1404 2759 1612 2800 cavere
1637 2743 1926 2799 debemus
1959 2743 2034 2813 (0)
2066 2759 2077 2797 :

431 2837 530 2894 ubi
558 2841 759 2894 autem
797 2835 1054 2891 inductae
1108 2838 1264 2897 sunt,
1307 2833 1550 2889 viriliter
1589 2831 2082 2890 contrastandum

430 2930 540 2994 est,
572 2929 636 2981 ut
666 2929 722 2981 et
770 2923 1076 2981 modestim
1116 2926 1170 2980 et
1204 2921 1563 2979 fortitudinis
1599 2921 1899 2994 specimen
1937 2936 2082 2992 prae-

429 3014 707 3071 beamus.

501 3106 660 3159 Vers.
699 3104 786 3158 13.
824 3102 943 3159 Sed
969 3129 1035 3142 —-
1087 3116 1124 3158 a
1153 3102 1304 3157 malo
1331 3101 1548 3156 Malum
1589 3100 1835 3172 quidem
1875 3101 1989 3158 hoc
2021 3089 2102 3157 in?

428 3191 557 3248 loco
595 3190 902 3246 diabolum
933 3189 1281 3259 nominavit,
1309 3204 1430 3244 non
1463 3188 1626 3261 quod
1650 3194 1863 3246 natura
1889 3189 2082 3245 malus

431 3281 504 3337 sit
527 3280 630 3336 sed
656 3279 977 3335 voluntate.
1005 3282 1107 3333 Per
1130 3279 1617 3334 antonomasiam
1634 3283 1834 3333 autem
1855 3279 2080 3334 malum

429 3385 568 3425 eum
617 3367 956 3439 appellavit,
1017 3372 1308 3438 tanquam
1366 3367 1427 3421 in
1491 3372 1755 3422 extremo
1820 3367 2081 3438 positum

431 3458 689 3514 malitiae.
725 3459 783 3512 In
816 3472 886 3512 eo
928 3471 1066 3511 vero
1112 3455 1278 3526 quod
1321 3471 1429 3510 nos
1462 3457 1685 3526 precari
1709 3455 1878 3525 jubet
1903 3462 1965 3511 ut
2005 3456 2082 3512 ab

431 3561 501 3600 eo
530 3546 860 3611 liberemur,
893 3543 1153 3600 ostendit
1185 3547 1348 3614 quod
1377 3544 1808 3598 atrocissimum
1839 3560 1906 3599 ac
1941 3545 2084 3600 irre-

429 3633 797 3691 conciliabile
849 3637 1053 3689 contra
1098 3647 1208 3686 nos
1261 3637 1424 3700 gerat
1479 3631 1702 3686 bellum
1744 3631 2082 3705 ;nobisque

428 3722 632 3778 divino
652 3723 725 3777 sit
754 3737 908 3793 opus
941 3720 1177 3776 auxilio.
1203 3719 1405 3776 Solum
1427 3725 1506 3791 (p)
1536 3725 1727 3776 autem
1751 3721 2080 3792 explicavit,

427 3815 493 3868 ut
519 3811 596 3867 ab
624 3826 692 3867 eo
740 3810 976 3866 liberari
1035 3823 1356 3881 precemur,
1419 3807 1640 3864 docens
1697 3809 1891 3864 omnis
1939 3809 2081 3864 mali

426 3901 588 3958 hunc
619 3916 744 3956 esse
767 3915 1013 3954 causam
1044 3903 1134 3954 :et
1161 3898 1241 3953 ita
1269 3896 1464 3953 solum
1489 3901 1695 3953 contra
1725 3913 1862 3952 eum
1891 3897 2083 3953 inimi-

423 3990 622 4046 citiam
648 3987 924 4045 convenit
953 4003 1241 4052 exercere,
1277 3991 1331 4042 et
1356 4001 1477 4042 non
1500 3990 1706 4042 contra
1729 4001 1829 4041 eos
1869 3985 1969 4058 qui
2011 4001 2082 4040 ex

426 4078 927 4135 inconsiderantia
941 4076 1019 4133 ab
1039 4092 1108 4133 eo
1123 4075 1347 4132 inducti
1380 4080 1536 4142 sunt,
1560 4074 1853 4146 nobisque
1869 4090 2082 4130 nocue-

426 4173 600 4226 runt:
634 4183 886 4240 quorum
918 4166 1181 4222 misereri
1217 4165 1416 4237 potius
1445 4167 1693 4236 oportet,
1722 4167 1785 4218 ut
1814 4167 1974 4236 pote,
2004 4162 2081 4219 ab

427 4273 500 4315 eo
527 4261 960 4328 superatorum.

497 4346 624 4402 Alio
648 4361 892 4418 quoque
911 4342 1092 4400 modo
1108 4357 1434 4413 possumus
1452 4341 1782 4411 anagogice
1801 4341 2080 4413 interpre-

426 4436 538 4494 tari
565 4414 840 4508 quaedam
859 4434 916 4489 in
931 4431 1538 4496 Dominicaoratione,
1564 4434 1624 4486 ut
1649 4446 1870 4486 nomen
1895 4429 2080 4486 Patris
2113 4414 2157 4468 D

427 4524 503 4580 sit
534 4524 732 4579 Filius.
763 4523 989 4580 Nomen
1008 4521 1187 4585 enim,
1214 4519 1342 4590 ejus
1369 4520 1539 4590 cujus
1571 4523 1660 4574 est
1688 4533 1928 4584 nomen,
1982 4518 2081 4574 de-

430 4611 773 4668 clarativum
806 4615 894 4668 est
925 4627 938 4677 ;
986 4615 1041 4666 et
1079 4608 1164 4666 ita
1190 4607 1372 4664 Filius
1421 4607 1653 4665 Patrem
1713 4607 2074 4666 manifestat.

507 4790 549 4826 '7
579 4791 694 4848 Jac.
731 4807 765 4856 ι,
806 4791 867 4846 13

1750 229 1935 290 EUTH
1945 233 2043 291 YM
2051 233 2099 290 ΙΙ
2140 235 2461 294 ZIGABENI

1673 359 1937 415 Tentatio
1987 366 2079 417 est
2107 365 2151 418 A

3675 236 3781 297 240

2262 367 2362 415 Καὶ
2392 366 2462 434 μὴ
2504 391 2571 400 -—
2603 362 2910 433 πειρασμόν.
2970 364 3259 434 Πειρασμός
3289 359 3421 428 ἐστι,
3475 367 3571 422 πᾶς
3621 361 3777 435 ἁγὼν,

2189 451 2242 513 ἐξ
2284 451 2519 525 ἐπηρείας
2563 457 2654 502 τοῦ
2704 445 2951 521 δαίμονος
3007 447 3348 508 ὁπωσδήποτε
3402 452 3525 522 ημῖν
3574 471 3782 523 προσα-

2186 544 2416 612 γόμενος,
2448 537 2520 591 δι’
2556 535 2614 591 ού
2651 535 2996 610 δοκιμάζεται
3034 540 3064 597 ἡ
3099 535 3311 613 ἀνδρεία
3354 540 3430 610 (8)
3463 548 3558 601 τῆς
3595 540 3784 613 ψυχῆς

2187 631 2352 700 ἡμῶν.
2410 625 2654 680 Παιὸεύει
2703 631 2871 678 τοίνυν
2921 629 3060 699 ἡμᾶς
3119 630 3143 678 ὁ
3197 627 3362 699 λόγος,
3430 632 3501 700 μὴ
3578 628 3784 703 θαῤῥεῑν

2188 720 2410 784 ἑαυτοῖς,
2456 712 2853 789 μηδέπιπηδᾷν
2901 723 3006 776 τοῖς
3036 724 3345 790 πειρασμοῖς
3374 718 3472 768 ύπὸ
3521 719 3785 792 θρασύτη-

2188 825 2292 866 τος.
2324 809 2393 857 Τὸ
2423 809 2524 878 γὰρ
2562 807 2835 876 εὔχεσθαι,
2869 809 2940 876 μὴ
2981 805 3338 877 εἰσενεχθῆναι
3370 805 3441 867 εἰς
3469 809 3781 878 πειρασμόν,

2186 895 2352 945 ταῦτά
2382 912 2435 945 τε
2486 889 2745 961 παιδεύει,
2799 897 2888 944 καὶ
2938 892 3010 953 εἰς
3056 891 3331 964 ἐπίγνωσιν
3361 895 3501 965 ἡμᾶς
3531 895 3646 964 ἄγει
3692 903 3787 954 τῆς

2189 979 2454 1042 ἀσθενείας
2478 983 2644 1054 ἡμῶν,
2668 986 2756 1032 καὶ
2786 985 3228 1054 μετριοφροσύνην
3268 980 3519 1039 ἐντίθησι.
3551 987 3651 1034 Καὶ
3678 987 3784 1054 μὴν

2189 1071 2214 1121 ὀ
2248 1074 2378 1131 Θεὸς
2407 1066 2594 1122 ούὸένα
2626 1069 2881 1142 πειράζει,
2912 1072 3082 1131 καθώς
3108 1074 3263 1141 φησίν
3292 1070 3532 1132 Ἰάκωϐος
3577 1071 3601 1121 ὁ
3647 1069 3782 1123 από-

2191 1157 2389 1220 στολος.
2424 1165 2539 1220 Πῶς
2576 1155 2663 1210 οὖν
2695 1155 2821 1226 εἶπε,
2868 1163 2952 1216 Μὴ
2989 1158 3279 1230 εἰσενέγκῃς
3327 1161 3461 1231 ἡμᾶς
3499 1159 3569 1220 εἰς
3601 1179 3785 1234 πειρα-

2192 1250 2320 1318 σμόν
2365 1263 2378 1312 ;
2428 1250 2496 1299 Τὸ
2541 1253 2624 1304 Μὴ
2673 1246 2983 1318 εἰσενέγκῃς,
3040 1245 3153 1298 ἀντὶ
3213 1255 3324 1316 τοῦ,
3375 1251 3459 1305 Μὴ
3519 1267 3787 1320 παραχω-

2188 1341 2359 1408 ρήσῃς
2412 1335 2789 1406 εἰσενεχθῆναι.
2844 1331 3064 1406 Ἰὃίωμα
3112 1331 3171 1387 δὲ
3225 1343 3373 1387 τοῦτο
3417 1344 3508 1397 τῆς
3558 1341 3783 1410 Γραφῆς.

2191 1423 2270 1476 Ἐν
2302 1431 2373 1494 τῷ
2417 1431 2752 1496 παραχωρεῖν
2799 1425 2918 1495 γὰρ,
2973 1423 3127 1485 αύτός
3182 1425 3404 1495 εἰσάγειν
3455 1420 3615 1476 δοκεῖ.
3676 1431 3790 1487 Πᾶς

2188 1515 2278 1584 μεν
2331 1516 2428 1585 γὰρ
2483 1515 2772 1584 πειρασμὸς
2827 1512 2926 1563 ύπό
2984 1520 3076 1563 τοῦ
3135 1509 3380 1564 διαϐόλου
3437 1516 3783 1584 προσάγεται,

2189 1600 2292 1672 ούχ
2331 1602 2548 1652 ἅπτεται
2589 1597 2648 1652 δέ
2688 1620 2822 1662 τινος
2866 1599 3156 1674 ἀνθρώπου,
3196 1602 3237 1652 εἰ
3285 1605 3355 1672 μὴ
3409 1607 3785 1677 παραχωρησῃ

1557 1686 1770 1738 Verum
1846 1681 2078 1737 nullum

2195 1691 2214 1741 ὁ
2246 1693 2387 1750 Θεὸς.
2433 1685 2574 1743 Ούδε
2606 1691 2707 1762 γὰρ
2749 1693 2971 1761 χοίρους
2997 1688 3202 1761 βλάψαι
3235 1687 3476 1758 δύναται,
3511 1695 3582 1762 μὴ
3616 1710 3787 1763 παρα-

2188 1785 2483 1852 χωροῦντος
2539 1777 2717 1829 αὐτοῦ.
2789 1781 2889 1830 Καὶ
2955 1786 3104 1829 τούτο
3173 1783 3430 1851 προίόντες
3499 1779 3786 1850 εὑρήσομεν

2190 1873 2550 1942 φανερώτερον.
2632 1872 2951 1940 Παραχωρεί
3025 1863 3082 1918 δὲ
3165 1865 3410 1928 πολλάκις
3497 1866 3790 1937 ἐπάγεσθαι

2189 1957 2312 2028 ἡμῖν
2363 1959 2482 2017 τούς
2541 1958 2880 2029 πειρασμούς,
2949 1955 2978 2014 ἣ
3049 1958 3173 2029 πρὸς
3226 1955 3302 2027 (9)
3359 1957 3612 2028 κάθαρσιν
3687 1963 3789 2007 τῶν

2190 2046 2450 2118 ἁμαρτιῶν
2518 2047 2684 2116 ἡμῶν,
2744 2045 2772 2103 ἡ
2838 2045 2969 2117 πρὸς
3032 2048 3315 2118 φανέρωσιν
3382 2053 3474 2106 τῆς
3543 2044 3793 2116 ψυχικῆς

2189 2131 2430 2207 ἀνδρείας
2461 2133 2573 2204 (10)
2618 2135 2784 2204 ἡμῶν,
2843 2135 2906 2192 ὡς
2965 2134 2993 2188 ἡ
3057 2136 3190 2184 κατὰ
3240 2137 3326 2184 τὸν
3375 2132 3491 2186 Ἰὼϐ
3544 2129 3792 2195 ἐδιδαξεν

2193 2225 2417 2295 ἱστορία.
2468 2221 2666 2273 Κελεύει
2717 2217 2823 2285 οὖν,
2886 2223 3139 2292 εὔχεσθαι
3194 2225 3305 2293 μεν,
3363 2226 3432 2293 μὴ
3484 2221 3793 2292 εἰσενεχθῆ-

2188 2332 2272 2363 ναι
2303 2311 2370 2371 εἰς
2409 2313 2718 2384 πειρασμὸν,
2754 2306 2847 2361 διὰ
2876 2312 2970 2371 τὰς
3001 2309 3232 2385 ἀνωτέρω
3275 2311 3526 2384 ῥηθείσας
3563 2310 3742 2372 αἰτίας
3777 2329 3790 2342 ·

2191 2401 2346 2460 αὐτὸς
2387 2396 2463 2462 δὲ,
2499 2399 2766 2470 οἰκονόμος
2816 2399 2882 2449 ὢν
2937 2406 3036 2450 τῶν
3091 2401 3345 2470 ἡμετέρων
3397 2397 3608 2470 ψυχῶν,
3664 2403 3797 2452 ποτε

2191 2490 2278 2560 μὲν
2310 2495 2638 2560 παραχωρεῖ,
2699 2490 2820 2539 ποτε
2853 2483 2910 2539 δὲ
2963 2487 3166 2555 κωλύει,
3219 2491 3348 2562 πρὸς
3403 2490 3458 2539 τὸ
3501 2492 3792 2562 συμφέρον,

2191 2575 2422 2648 ἑκάτερα.
2490 2579 2582 2628 Διά
2643 2584 2815 2642 τοῦτο,
2881 2579 2951 2647 μὴ
3011 2574 3332 2648 ἐπαγομένων
3385 2578 3472 2648 μεν
3520 2585 3621 2628 τῶν
3677 2597 3796 2628 πει-

2189 2672 2427 2739 ρασμῶν,
2455 2668 2800 2739 παραιτητέον
2857 2665 3065 2731 αύτούς,
3104 2665 3423 2737 ἐπαγομένων
3455 2661 3532 2732 δὲ,
3567 2661 3799 2737 ἀνδρισ-

2190 2758 2318 2819 τέον,
2372 2754 2453 2806 ἵνα
2501 2758 2590 2806 καὶ
2634 2756 2691 2805 τὸ
2735 2758 2959 2826 μέτριον,
3010 2757 3099 2806 καὶ
3137 2757 3194 2807 τό
3241 2761 3466 2826 γενναῖον
3509 2749 3799 2815 ἐπιδειξω-

2190 2844 2343 2914 μεθα.

2261 3094 2416 3147 Ἀλλὰ
2471 3127 2538 3135 -
2591 3096 2691 3149 ἀπὸ
2770 3106 2860 3150 τοῦ
2928 3105 3177 3174 πονηροῦ.
3247 3098 3474 3173 Πονηρὸν
3541 3088 3802 3168 ἐνταῦθα,

2190 3187 2274 3235 τὸν
2326 3180 2565 3237 διάϐολον
2621 3187 2904 3258 ὠνόμασεν,
2940 3188 3043 3259 ούχ
3081 3190 3144 3248 ὡς
3193 3190 3342 3259 φύσει
3387 3192 3635 3262 πονηρόν,
3679 3187 3803 3240 ἀλλ’

2190 3276 2254 3332 ὡς
2311 3278 2629 3348 προαιρέσει.
2705 3276 2830 3328 Κατ’
2898 3276 3151 3351 ἐξαίρετον
3213 3272 3271 3328 δὲ
3336 3281 3555 3349 πονηρόν
3633 3277 3804 3328 αὐτόν

2189 3360 2442 3426 ἐκάλεσεν,
2523 3365 2590 3423 ὡς
2665 3366 2780 3416 καθ’
2849 3363 3132 3436 ὑπερϐολὴν
3209 3370 3448 3439 πονηρόν.
3509 3365 3808 3429 Ἐπιτοὶξας

2191 3447 2248 3502 δὲ
2275 3453 2398 3523 ἡμῖν
2440 3454 2691 3522 εὔχεσθαι
2741 3454 3000 3527 ῥυσοῆναι
3058 3446 3146 3505 ἁπ⁶
3203 3454 3381 3521 αὑτοῦ,
3432 3449 3649 3520 ἔδειξεν,
3724 3458 3810 3507 ὅτι

2189 3537 2451 3591 άσπονδον
2507 3547 2594 3593 καὶ
2659 3540 2953 3616 βαρύτατον
3007 3542 3120 3614 ἔχει
3171 3545 3285 3594 καθ’
3345 3545 3487 3614 ἡμῶν
3541 3542 3808 3613 πόλεμον,

2188 3633 2276 3679 καὶ
2306 3634 2464 3702 χρεία
2512 3637 2605 3690 τῆς
2661 3632 2850 3682 ἄνωθεν
2902 3637 3229 3703 συμμαχίας.
3277 3632 3546 3702 Εὕχεσθαι
3605 3628 3666 3684 δὲ
3713 3635 3816 3705 ῥυ-

2190 3719 2378 3775 σθῆναι
2411 3717 2499 3769 ἀπ’
2554 3718 2712 3772 αὑτοῦ
2765 3725 2922 3793 μόνον
2969 3720 3080 3789 (Η)
3129 3715 3438 3792 διωρίσατο,
3487 3716 3814 3789 διδάσκων,

2189 3805 2268 3857 ὃτι
2310 3810 2461 3878 μόνος
2509 3807 2657 3869 οὗτος
2703 3816 2865 3860 κακοῦ
2920 3811 3109 3869 παντὸς
3168 3811 3332 3870 αἴτιός
3389 3807 3519 3875 ἐστι,
3577 3813 3678 3861 καὶ
3725 3812 3817 3862 ὅτι

2188 3897 2311 3968 πρὸς
2337 3899 2489 3966 μόνον
2525 3903 2704 3947 τοῦτον
2734 3895 3025 3971 ἐχθραίνείν
3076 3901 3209 3970 χρὴ,
3239 3903 3326 3948 καὶ
3377 3900 3447 3968 μὴ
3500 3899 3629 3968 πρὸς
3677 3901 3820 3960 τοὺς

2188 3981 2241 4045 ἐξ
2293 3982 2587 4058 ἀφροσύνης
2658 3986 2984 4057 πειθομένους
3058 3985 3217 4055 αύτῷ,
3291 3989 3377 4036 καὶ
3457 3983 3820 4055 βλάπτοντας

2189 4073 2346 4142 ἡμᾶς,
2409 4071 2498 4135 ούς
2553 4072 2742 4144 μᾶλλον
2797 4071 2944 4125 ἐλεεῖν
2996 4082 3278 4148 προσῆκον,
3349 4075 3413 4134 ὡς
3469 4075 3818 4138 ἡττηθέντας

2190 4180 2373 4213 αυτου.

2263 4338 2399 4410 [Ἔτι
2452 4339 2564 4411 (12)
2603 4343 2692 4391 καὶ
2751 4345 2842 4391 τοῦ
2894 4338 3043 4410 ἁγίου
3098 4338 3342 4411 Μαξίμου
3393 4337 3462 4400 εἰς
3508 4341 3566 4390 τὸ
3619 4339 3828 4413 Ἅγια-

2195 4430 2370 4487 σθήτω
2400 4431 2457 4480 τὸ
2489 4429 2647 4501 ὄνομά
2681 4447 2794 4493 σου,
2853 4431 2943 4478 καὶ
2994 4430 3061 4479 τὰ
3108 4426 3244 4489 ἑξῆς.
3301 4433 3502 4500 Ὄνομα
3558 4431 3655 4500 μὲν
3721 4429 3827 4485 οὖν

2192 4524 2283 4568 τοῦ
2334 4519 2557 4590 Πατρός,
2590 4517 2614 4567 ὁ
2646 4518 2784 4577 Υἱός.
2820 4517 3061 4590 Καθάπερ
3121 4518 3218 4588 γὰρ
3273 4518 3329 4567 τό
3380 4520 3540 4588 ὄνομα
3572 4513 3832 4575 δηλωτι-

2192 4609 2280 4657 κόν
2330 4603 2442 4658 ἐστι
2478 4613 2572 4667 τῆς
2619 4607 2840 4676 φύσεως,
2899 4605 2958 4666 ἧς
3009 4607 3145 4657 ἔστιν
3190 4608 3348 4678 ὄνομα
3377 4622 3388 4634 ⁸
3431 4608 3569 4657 οὕτω
3619 4615 3724 4662 καὶ
3798 4613 3832 4665 ὁ

1642 4913 1855 4983 Variae
1885 4913 2212 4982 lectiones
2245 4920 2311 4979 et
2349 4921 2552 4982 notae.

525 5111 578 5257 8;
611 5107 802 5186 άνδρία
841 5117 902 5167 Α.

525 5190 552 5240 9
614 5186 902 5257 καθαίρεσιπ

522 5186 576 5257 9)
614 5186 918 5257 καθαίρεσιν
947 5188 1007 5235 Α.

531 5251 612 5329 10)
643 5251 861 5329 ἀνδρίας
950 5295 962 5308 .

531 5258 590 5310 10
643 5257 861 5329 ἀνδρίας
893 5257 962 5308 Α.

528 5257 613 5398 lt;
640 5329 820 5397 μόνον,
851 5323 1022 5380 abest
1048 5323 1114 5376 A.

522 5451 575 5523 ο)
605 5451 694 5506 Ab
720 5451 789 5506 iis
818 5465 1015 5507 cavere
1044 5446 1334 5504 debemus.
1370 5445 1768 5518 Deprecandaa
1799 5448 1956 5502 sunt.

496 5453 584 5602 ἐν)
609 5523 833 5589 Solum,
853 5526 966 5580 etc.
1005 5518 1254 5587 Deﬁniit,
1285 5518 1566 5592 praecepit
1593 5522 1800 5577 autem
1818 5531 1956 5591 prec

2257 5107 2366 5177 (I2)
2407 5104 2642 5160 Inclusa
2682 5104 2742 5160 in
2772 5103 3040 5230 margiiine
3066 5105 3251 5164 habet
3292 5111 3359 5163 Α.
3394 5109 3632 5168 Eadem
3672 5131 3856 5175 cuin

2257 5177 2305 5230 io
2335 5176 2531 5230 Indice
2564 5175 2884 5230 exhibebat
2963 5177 3234 5230 entenius
3283 5185 3420 5230 nost
3449 5183 3856 5230 exnlinatin-

2185 5175 2305 5235 alio
2335 5176 2531 5254 Indice
2564 5175 2884 5254 exhibebat
2915 5175 3234 5254 Hentenius
3283 5185 3420 5252 post
3449 5183 3862 5254 explicatio-

2183 5263 2324 5324 nem
2346 5248 2528 5324 partis
2552 5247 2775 5324 ultimae
2786 5262 3006 5324 versus
3032 5252 3114 5305 I3.
3143 5250 3262 5307 Nos
3284 5247 3427 5324 ergo
3455 5247 3870 5322 versionem

2184 5317 2373 5391 ipsius
2404 5318 2515 5374 huc
2550 5317 2986 5376 transtulimus.

565 5512 584 5598 )
609 5523 833 5589 Solum,
853 5526 966 5580 etc.
1005 5518 1254 5587 Deﬁniit,
1285 5512 1566 5592 praecepit
1593 5522 1800 5577 autem
1818 5514 2053 5591 precari
2079 5513 2165 5573 ab
2192 5512 2293 5572 illo
2319 5512 2448 5572 solo
2478 5513 2744 5572 liberari.
