3990 6206
76 73 247 119 τ

240 301 311 358 ΞΗ
1152 297 1520 356 COMMENT.
1563 299 1633 356 IN
1670 299 2116 358 MATTHEUM.
2156 331 2227 345 —
2265 301 2423 359 CAP.
2463 302 2555 360 VI.

3426 306 3533 363 242

236 432 323 490 Υἱός
368 424 632 489 δηλωτικός
685 433 777 479 τοῦ
829 429 1059 500 Πατρός.
1115 424 1362 480 Βασιλεία
1413 423 1472 480 δε
1505 430 1563 480 τὸ
1618 427 1748 500 ἅγιοτ

1878 429 2148 497 Regnum
2174 432 2371 484 autem
2403 427 2643 501 Spiritus
2666 430 2908 485 sanctus
2931 427 3179 495 dicatur,
3203 426 3283 486 ob
3306 427 3533 489 divino-

233 520 317 590 (l3)
349 524 549 589 Πνεῦμα,
597 513 689 568 διὰ
727 518 815 568 τόν
870 516 1087 569 πλοῦτον
1137 525 1236 567 τῶν
1296 518 1439 569 θείων
1490 518 1764 590 χαρισμά-

230 627 319 658 των.
342 608 461 659 Ἐπεί
509 601 622 658 δὲό
676 608 907 681 Χριστός
961 604 1150 676 κεφαλή
1203 604 1344 657 ἐστιν
1400 607 1565 677 ἡμῶν,
1615 605 1762 677 ἁγία.

230 698 402 768 ζομένων
455 696 609 766 ἡμῶν,
666 702 765 745 τῶν
816 693 980 765 μελῶν
1023 693 1199 760 αύτού,
1257 688 1330 745 δι’
1389 693 1616 765 ἁγνείας,
1669 694 1762 745 αύ-

227 788 289 846 τός
316 783 584 855 ἁγιάζεται,
622 787 711 834 καὶ
762 781 1093 853 ἁγιασθεῖσιν
1149 781 1389 854 ἒπιφοιτᾶ
1443 786 1501 834 τό
1556 790 1764 855 Πνεῦμα

226 877 267 926 τὸ
307 871 453 944 ἅγιον.
515 870 732 944 Θελημα
788 867 847 924 δὲ
904 878 994 923 τοῦ
1048 874 1252 945 Πατρός
1314 869 1360 922 ἓν
1416 870 1670 944 οὐρανοῖς,
1727 875 1757 931 ἡ

223 960 361 1032 λογαὲ
425 969 516 1012 τῶν
595 958 912 1035 ἐπουρανίων
987 958 1176 1023 τάξεων
1259 959 1487 1034 λατρεία.
1575 962 1762 1033 Εἵρηκε

221 1050 295 1124 γὰρ
341 1050 575 1122 καὶπρὸς
633 1052 720 1101 τὸν
775 1045 962 1101 Δαυῖδ’
1012 1052 1076 1102 Τί
1125 1050 1226 1122 γάρ
1279 1068 1369 1122 μοι
1425 1049 1655 1121 ὑπάρχει
1709 1050 1759 1099 ἓν

220 1147 272 1209 τῷ
310 1138 481 1212 οὐρανῷ
530 1141 678 1214 παρὰ
732 1144 833 1191 τῶν
894 1137 1138 1212 ἀγγέλων,
1196 1134 1346 1191 ούδὶν
1388 1139 1575 1212 ἕτερον,
1629 1137 1759 1197 πλὴν

218 1236 283 1288 τῆς
319 1227 507 1300 λογικῆς
546 1227 787 1299 λατρείας
842 1225 1120 1287 δηλονότι*
1176 1231 1265 1279 καὶ
1321 1229 1465 1302 παρὰ
1519 1234 1613 1279 σού
1666 1233 1759 1279 τοῦ

219 1316 455 1390 ἀνθρώπου,
511 1322 564 1370 τί
623 1317 856 1377 ἠθέλησα
909 1316 990 1369 ἐπὶ
1048 1324 1142 1376 τῆς
1198 1323 1337 1388 γῆς;
1395 1311 1545 1368 οὐδὲν
1593 1316 1758 1390 ἕτερον

219 1406 440 1464 ξταύτην.
497 1406 647 1465 Αὕτη
698 1407 799 1481 γὰρ
839 1408 897 1458 τὸ
955 1404 1233 1477 ἀναγκαῖον
1285 1409 1374 1457 καὶ
1434 1407 1759 1479 προηγούμε-

212 1511 291 1547 νον.
333 1497 515 1566 Λογαὴ
569 1491 633 1548 δι
685 1495 897 1569 λατρεία
942 1499 1154 1570 κυρίως,
1202 1496 1261 1547 τό
1306 1498 1482 1547 τείνειν
1512 1496 1598 1545 τὸν
1640 1501 1757 1546 νοῦν

214 1585 307 1656 πρός
361 1587 439 1635 τόν
488 1586 642 1650 Θεὸν,
701 1591 772 1656 τῷ
832 1603 886 1637 τε
946 1585 1076 1636 κατὰ
1132 1584 1309 1636 παθῶν
1355 1588 1445 1635 καὶ
1498 1580 1757 1656 δαιμόνων

212 1671 324 1741 θνμῷ
372 1676 714 1746 νευρούμενον,
785 1677 873 1726 καὶ
928 1681 989 1745 τῇ
1042 1670 1292 1745 ἐπιθυμίᾳ
1338 1681 1436 1724 τῶν
1493 1673 1596 1724 ἄνω
1650 1693 1755 1725 πυ-

1874 530 2008 572 rum
2060 516 2360 574 donorum
2404 518 2658 574 divitias.
2710 518 2863 584 Quia
2909 518 3089 590 igitur
3136 516 3400 575 Christus
3444 522 3531 577 est

1874 612 2052 677 caput
2091 610 2383 673 nostrum,
2432 606 2604 662 nobis
2644 608 2748 680 qui
2793 608 3069 664 membra
3116 608 3245 679 ejus
3294 624 3528 675 sumus,

1874 709 1980 765 per
2009 694 2142 750 vitae
2168 694 2489 767 puritatem
2520 696 2899 752 sanctiﬁcatis
2924 700 2980 751 et
3003 696 3133 767 jam
3164 696 3293 770 ipse
3320 698 3532 754 sancti-

1872 782 2121 848 ﬁcatur;
2175 783 2276 838 ubi
2325 799 2467 839 vero
2516 784 2862 840 sanctiﬁcati
2911 800 3139 852 sumus,
3178 785 3405 842 accedit
3451 786 3533 843 ad

1868 886 1981 925 nos
2024 870 2272 943 Spiritus
2314 878 2573 927 sanctus.
2610 872 2897 928 Voluntas
2932 878 3135 929 autem
3171 873 3357 931 Patris
3394 890 3531 948 quas

1869 957 1938 1013 ﬁt
1992 959 2053 1015 in
2106 958 2286 1024 caelis,
2347 964 2434 1015 est
2496 958 2801 1015 rationalis
2857 959 3188 1016 caelestium
3239 959 3530 1019 virtutum

1870 1047 2084 1103 cultus.
2129 1047 2282 1103 Dixit
2308 1048 2467 1103 enim
2500 1052 2557 1104 et
2586 1047 2664 1103 ad
2692 1047 2881 1104 David
2913 1068 2925 1107 :
2966 1047 3126 1115 Quid
3156 1050 3307 1105 mihi
3342 1056 3423 1107 est
3464 1051 3529 1108 in

1869 1139 2035 1205 caelo,
2054 1137 2126 1193 ab
2144 1136 2372 1208 angelis
2396 1135 2714 1192 videlicet?
2735 1152 2931 1209 neque
2955 1137 3114 1193 enim
3138 1136 3300 1193 aliud
3318 1142 3532 1211 praeter

1867 1224 2222 1281 rationalem
2284 1224 2548 1291 cultum;
2600 1228 2657 1281 et
2695 1240 2731 1281 a
2779 1229 2835 1281 te
2881 1224 3125 1282 homine
3173 1226 3315 1297 quid
3367 1227 3532 1284 volui

1866 1328 2041 1383 super
2058 1320 2277 1369 terram
2294 1314 2339 1348 1³
2358 1313 2385 1368 ?
2403 1313 2553 1369 Nihil
2571 1312 2735 1370 aliud
2755 1317 2968 1386 praeter
2981 1314 3263 1370 eumdem
3279 1315 3527 1385 cultum,

1867 1401 1973 1473 qui
1986 1402 2144 1458 estid
2156 1402 2319 1474 quod
2336 1402 2743 1457 necessarium
2757 1403 3096 1469 est,ca3teris
3110 1419 3526 1475 pra'emmens.

1866 1490 2193 1547 Rationalis
2248 1495 2451 1546 autem
2503 1490 2698 1546 cultus
2741 1494 2846 1557 est,
2895 1496 3155 1547 mentem
3206 1493 3284 1548 ad
3338 1493 3529 1550 Deum

1867 1579 2106 1636 tendere
2123 1580 2438 1646 intensam,
2456 1593 2525 1634 ac
2549 1595 2948 1651 supernorum
2970 1579 3259 1636 desiderio
3279 1596 3529 1637 succen-

1868 1683 2018 1738 sam,
2035 1683 2173 1723 cum
2196 1667 2381 1723 animi
2402 1666 2634 1739 impetu
2659 1667 2950 1723 adversus
2982 1669 3194 1724 mentis
3219 1668 3527 1741 perturba-

207 1764 424 1832 ρούμενον.
472 1761 530 1814 Ὀ
606 1759 657 1814 δ’
728 1762 880 1834 ἄρτος
957 1762 1101 1835 ἡμῶν
1160 1756 1409 1821 διπλούς’
1444 1762 1469 1813 6
1539 1764 1628 1834 μεν
1689 1770 1748 1835 τῇ

1875 1756 2053 1813 tiones
2076 1773 2146 1812 ac
2174 1756 2504 1812 daemones.
2541 1757 2715 1811 Panis
2745 1772 2886 1813 vero
2912 1760 3115 1813 noster
3143 1756 3364 1829 duplex
3393 1762 3483 1814 est
3507 1779 3522 1813 :

172 1836 331 1920 ὀὐσίᾳ
378 1857 464 1912 τῆς
530 1849 724 1922 ψυχῆς
777 1846 1092 1916 ἐπιτήδειος,
1148 1850 1173 1902 6
1231 1854 1534 1921 γνωστικός,
1616 1852 1757 1913 ὅστις

206 1932 556 2010 ἓπιχορηγεῖται
613 1941 748 1991 κατὰ
799 1943 887 1997 τὴν
938 1947 1037 1992 τῶν
1078 1935 1374 2011 δεχομένων
1424 1935 1645 2012 δύναμιν
1674 1958 1686 1970 ·
1730 1943 1755 1993 6

208 2016 266 2090 6'5,
298 2031 350 2095 τῇ
402 2026 555 2098 ούσίᾳ
607 2035 698 2079 τοῦ
753 2031 996 2100 σώματος
1050 2023 1325 2101 ἁρμόδιος,
1375 2028 1401 2079 6
1453 2026 1703 2090 αἰσθητός
1741 2046 1753 2062 ·

203 2114 314 2162 καὶὸ
491 2116 709 2181 ἄνωθεν,
753 2118 779 2168 6
828 2112 887 2169 δι
932 2117 1158 2169 κάτωθεν
1217 2119 1593 2188 παρεχόμενος.
1654 2119 1754 2169 Καὶ

205 2198 493 2273 όπειρᾶσμός
548 2201 613 2257 δὲ
643 2201 819 2267 διττός
844 2223 857 2236 ·
893 2206 918 2256 ό
974 2207 1064 2277 μεν
1116 2200 1373 2271 ὶνήδονος,
1411 2206 1436 2255 6
1468 2199 1527 2256 δε
1580 2201 1755 2257 ἐνόδυ-

201 2305 298 2346 νοςο
340 2294 472 2343 καὶὸ
510 2295 606 2365 μὲν
660 2292 898 2356 ἑκούσιος
955 2297 1045 2345 καὶ
1094 2298 1348 2367 γεννήτωρ
1402 2293 1599 2363 παθῶν,
1633 2292 1658 2343 6
1696 2288 1755 2345 δὲ

203 2372 416 2445 ἑκούσιος,
466 2384 556 2432 καὶ
608 2380 883 2456 ἀναιρέεης
929 2383 1131 2439 παθῶν,
1188 2383 1286 2433 Τὸν
1342 2382 1431 2453 μὲν
1470 2379 1557 2432 οὖν
1611 2378 1754 2432 ἐκού-

202 2480 287 2514 σιον
323 2469 506 2539 φεύγειν
551 2475 664 2542 χρή
695 2487 707 2499 ·
736 2474 823 2523 τόν
873 2467 924 2522 δ’
977 2468 1222 2522 ἀκούσιον
1281 2467 1610 2541 ἀπεύχεσθαι
1664 2471 1753 2541 μὲν

202 2545 274 2602 διὰ
320 2559 403 2612 τὴν
457 2555 728 2610 ἀσθένειαν
783 2560 952 2631 ἡμῶν,
1006 2557 1279 2612 ἐπελθόντα
1350 2554 1409 2611 δε
1486 2558 1754 2630 ὑπομένειν

197 2645 411 2714 γενναίως,
453 2647 522 2707 ὡς
576 2648 949 2722 καθαρτήριον.
1009 2646 1161 2701 Ἔστι
1211 2643 1269 2700 δὲ
1322 2650 1412 2699 καὶ
1465 2644 1586 2698 ἄλλο
1640 2665 1755 2698 πει-

195 2738 369 2800 ρασμῶν
406 2728 565 2802 εἶδος,
622 2737 681 2787 τό
735 2731 1171 2809 δοκιμαστήριον.
1207 2735 1336 2788 Ἀπὸ
1379 2740 1471 2787 τοῦ
1523 2738 1755 2805 πονηροῦ

196 2810 284 2876 δἐὴ
313 2826 392 2872 τοῦ
419 2818 688 2894 δαίμονος,
724 2824 753 2882 ἢ
784 2832 876 2877 τοῦ
916 2823 1279 2898 πράγματος-]

1865 1861 2020 1900 unus
2066 1844 2312 1917 quidem
2353 1859 2654 1914 congruus
2695 1843 3045 1901 substantiae
3094 1844 3335 1913 animae,
3378 1849 3541 1918 putt

1866 1934 2136 1999 scientia,
2171 1937 2225 1989 et
2256 1932 2383 1989 haec
2424 1931 2720 2006 praebetur
2753 1932 2921 2003 juxta
2959 1932 3370 2005 recipientium
3408 1933 3526 1991 vir-

1864 2025 2084 2089 tutem;
2127 2021 2280 2077 alius
2318 2037 2457 2078 vero
2497 2024 2722 2077 natura;
2766 2020 3052 2093 corporis,
3099 2019 3397 2078 sensibilis
3435 2022 3526 2079 vi-

1863 2109 2095 2166 delicet.
2140 2110 2207 2166 Et
2248 2109 2344 2165 ille
2389 2108 2637 2182 quidem
2680 2124 2940 2182 superne
2987 2108 3376 2175 ministratur,
3425 2109 3524 2167 hic

1863 2203 2066 2255 autem
2113 2197 2362 2254 inferne.
2404 2197 2670 2254 Tentatio
2708 2212 2952 2270 quoque
2996 2196 3221 2271 duplex
3257 2202 3365 2268 est,
3419 2213 3523 2256 vo-

1861 2285 2104 2358 luptatis
2142 2284 2408 2341 videlicet
2445 2300 2517 2341 ac
2551 2284 2795 2352 doloris,
2837 2288 2894 2342 et
2930 2283 3031 2343 illa
3067 2283 3313 2358 quidem
3350 2290 3523 2344 natu-

1862 2374 2001 2431 ralis
2032 2378 2139 2441 est,
2168 2389 2237 2430 ac
2263 2373 2780 2446 perturbationum
2813 2373 3155 2430 inmatarum
3181 2393 3194 2433 :
3227 2374 3355 2432 haec
3382 2390 3521 2433 vero

1863 2461 2264 2519 involuntaria
2288 2466 2395 2528 est,
2424 2466 2481 2519 et
2507 2461 3024 2535 perturbationum
3049 2465 3280 2521 naturae
3311 2463 3522 2521 adver-

1863 2551 2147 2607 santium.
2180 2550 2586 2608 Voluntariam
2615 2550 2793 2621 igitur
2832 2550 3038 2622 fugere
3068 2554 3323 2624 oportet,
3352 2552 3521 2611 invo-

1861 2640 2183 2697 luntariam
2220 2656 2358 2696 vero
2395 2639 2657 2696 devitare
2690 2638 2938 2712 quidem
2974 2646 3218 2712 propter
3245 2646 3519 2699 nostram

1861 2728 2369 2802 imbecillitatem;
2416 2733 2476 2785 at
2519 2728 2620 2784 ubi
2672 2727 2922 2797 venerit,
2968 2732 3255 2801 tanquam
3304 2745 3517 2802 purga-

1862 2817 2045 2873 tivain
2100 2816 2347 2874 viriliter
2402 2816 2711 2873 sustinere.
2770 2819 2869 2873 Est
2931 2833 3175 2890 quoque
3237 2821 3293 2875 et
3354 2818 3521 2876 aliud

1862 2907 2256 2964 tentationum
2296 2922 2509 2980 genus,
2552 2907 2864 2965 sumenda
2899 2906 3174 2964 videlicet
3212 2909 3518 2981 experien-

1862 2996 1982 3053 tiae.
2035 2998 2080 3050 A
2125 2995 2285 3052 malo
2328 3000 2548 3063 autem,
2596 2995 2869 3053 daemone
2916 2995 3139 3054 scilicet
3184 2995 3277 3054 vel
3313 3012 3517 3070 opere.

246 3067 348 3124 ὀτι
378 3105 440 3116 _
489 3076 678 3149 Ἀμήν,
738 3074 1147 3151 Ἀκροτελεύτιον
1192 3083 1290 3138 τῆς
1335 3075 1523 3148 εὐχῆς,
1566 3072 1748 3145 εὐγνω-

1930 3085 2095 3142 Vers.
2146 3087 2223 3141 t3.
2250 3086 2401 3154 Quia
2430 3116 2497 3125 —
2519 3086 2730 3143 Amen.
2766 3087 3043 3143 Extrema
3067 3067 3518 3159 orationis—pars

194 3164 357 3231 μοσύνη
432 3172 531 3217 τῶν
594 3165 903 3238 εὐχομένων,
972 3170 1063 3218 καὶ
1124 3164 1350 3238 εὐφημία
1419 3172 1511 3218 τοῦ
1587 3169 1741 3221 Θεοῦ.

192 3256 366 3305 Nostra:
405 3256 504 3328 ⁸γάρ
531 3268 544 3279 ’
584 3253 1037 3328 Πληρωθήτωσαν,
1093 3253 1129 3306 ἃ
1167 3253 1454 3327 ηὐξάμεθα,
1506 3251 1645 3306 διότι
1682 3256 1746 3306 σύ

195 3337 403 3402 Βασιλεύς
450 3345 618 3415 ἡμῶν,
671 3349 760 3396 καὶ
810 3339 1031 3404 δυνατὸς
1079 3343 1148 3406 εἰς
1192 3344 1350 3411 οῖπαν,
1396 3347 1485 3396 καὶ
1530 3338 1745 3405 δεδοξαο

195 3432 342 3498 σμένος
384 3429 477 3484 ἆεί.
530 3439 700 3485 Τοῦτο
758 3435 858 3504 γὰρ
900 3428 1053 3490 δηλοί
1090 3435 1169 3499 τό,
1224 3432 1311 3495 Εἰς
1368 3436 1490 3494 τοὺς
1536 3431 1742 3492 αἰῶνας.

193 3520 293 3589 Περὶ
317 3515 369 3571 δι
389 3528 478 3573 τοῦ
497 3521 688 3594 Ἀμὴν,
724 3519 955 3593 ἀνωτέρω
993 3525 1253 3596 εἴρηταιυ

241 3693 339 3749 Ἐὰν
373 3728 438 3739 —
494 3700 660 3773 ὑμῶν.
727 3698 1082 3766 Ἐπανέλαϐεν,
1163 3702 1228 3760 ὡς
1289 3698 1585 3772 εἰρήκαμεν,
1653 3700 1740 3752 τὸν

188 3791 282 3858 περὶ
337 3790 511 3840 τούτου
567 3788 738 3859 λόγον,
802 3787 893 3840 καί
945 3787 1186 3842 πλατύνει
1242 3796 1441 3855 τοῦτον,
1513 3785 1738 3859 δεικνύς,

187 3873 251 3924 ότι
294 3874 738 3950 περισπούδαστόν
818 3878 929 3930 ἑστι
981 3884 1093 3948 Θεῷ
1156 3879 1215 3929 τὸ
1286 3884 1515 3930 τοιοῦτον
1569 3880 1734 3952 ἔργον.

190 3965 267 4013 [αἱ
309 3965 398 4036 ὅρα
447 3985 537 4037 μοι
596 3965 977 4038 φιλανθρωπίας
1034 3964 1337 4031 ὑπερϐολήν.
1395 3965 1561 4038 Ἠμᾶς
1603 3971 1741 4019 ποιεῖ

186 4057 362 4124 mgis-6;
435 4064 524 4115 τῆς
609 4062 711 4105 τῶν
795 4053 1181 4128 ἁμαρτημάτων
1261 4056 1405 4127 ἡμῶν
1489 4053 1733 4127 ἀφέσεως.

188 4136 292 4191 Ἀλλ’
353 4145 474 4205 ἰσως
535 4142 685 4218 ἐρεῖς,
764 4145 845 4195 ὅτι
894 4142 1057 4195 πολλὰ
1112 4148 1194 4195 καὶ
1247 4142 1448 4215 μεγάλα
1502 4143 1739 4218 πεπλημ-

185 4227 362 4295 μέὶῐκιν
404 4233 429 4283 6
466 4228 734 4293 ἀδικήσας
763 4246 778 4260 ·
822 4230 949 4283 ἀλλὰ
1000 4235 1066 4284 σὺ
1113 4231 1318 4284 πλείονα
1351 4237 1442 4285 καὶ
1488 4233 1727 4305 μείζονα,

187 4318 312 4368 Κτιὶὸ
340 4322 424 4390 μὶν
451 4321 523 4382 είς
552 4325 637 4373 τόν
667 4316 974 4393 ὁμόδουλον,
1005 4323 1070 4372 σὺ
1103 4316 1160 4373 δὲ
1208 4320 1279 4381 εἰς
1325 4324 1410 4373 τὸν
1450 4326 1735 4380 Δεσπότην.

187 4407 265 4456 lati
311 4411 370 4459 σύ
406 4412 514 4481 μεν,
575 4406 811 4482 δεόμενος
865 4408 1112 4482 ἀφέσεως,
1163 4407 1377 4481 ἀφήσεις
1410 4426 1422 4439 ·
1467 4411 1492 4461 ό
1524 4406 1583 4463 δὲ
1613 4414 1738 4472 Θεὸς

185 4498 239 4558 μὲ
282 4490 525 4568 δεόμενος.
557 4498 617 4552 Εἰ
667 4502 834 4551 τοίνυν
890 4496 1130 4569 ἀφήσεις,
1193 4501 1409 4550 σεαυτόν
1445 4497 1733 4575 ἠλευθέρω-

188 4596 278 4642 σις.
304 4583 551 4649 Ἐσϐεσας
576 4590 667 4659 μὲν
690 4590 791 4661 γὰρ
830 4589 918 4638 τόν
976 4588 1155 4659 θυμόν,
1200 4585 1472 4647 ἀπήλασας
1524 4584 1583 4640 δὲ
1640 4593 1733 4648 τὴν

184 4679 514 4744 μνησικακίαν,
608 4675 883 4747 εἰσήγαγες
984 4671 1043 4727 δε
1141 4678 1235 4733 τὴν
1326 4675 1729 4747 φιλανθρωπίαν,

189 4756 360 4822 Diam;
388 4759 445 4817 δε
493 4767 579 4816 τὸν
636 4766 784 4829 θεὸν,
833 4761 1244 4839 ἕπραγματεύσω
1294 4758 1352 4817 δὲ
1403 4768 1490 4822 τὴν
1540 4764 1731 4817 οἰκείαν

186 4863 354 4917 «sua.

241 5035 357 5081 οταν
401 5063 467 5074 -
529 5036 879 5096 νηστεύοντες.
959 5036 1331 5106 Νηστεύοντες,
1412 5039 1484 5108 μὴ
1557 5035 1732 5096 ἐπιτη-

190 5110 328 5170 δεύετε
358 5128 441 5179 τήν
494 5125 922 5199 σχυθρωπότητα,
961 5125 1192 5199 καθάπερ
1251 5126 1301 5177 οἰ
1345 5121 1733 5190 σπουδάζοντες

242 5294 281 5331 ’³
301 5296 434 5357 Pal.
462 5317 634 5372 Lm,
664 5305 760 5363 25.

1860 3177 1966 3239 est,
1990 3190 2197 3230 eorum
2228 3175 2332 3246 qui
2360 3178 2533 3230 orant
2563 3174 2747 3230 animi
2769 3174 3091 3243 gratitudo,
3124 3179 3304 3247 utque
3329 3176 3518 3233 Deum

1855 3263 2233 3320 benedicant.
2290 3263 2383 3319 Sic
2435 3278 2578 3332 ergo
2628 3262 3031 3332 intelligitur:
3090 3264 3517 3335 Compleantur

1853 3352 1984 3408 haec
2030 3367 2163 3425 quae
2206 3350 2577 3426 postulamus
2614 3368 2628 3418 ;
2689 3353 2754 3406 tu
2801 3350 2962 3406 enim
3012 3353 3134 3407 Rex
3180 3358 3380 3408 noster
3428 3369 3513 3424 es,

1853 3445 2066 3513 potens
2095 3441 2172 3497 ad
2203 3457 2276 3498 ea
2307 3439 2690 3510 conferenda,
2721 3454 3079 3511 semperque
3101 3438 3418 3511 gloriosus.
3451 3432 3516 3497 Et

1851 3531 1967 3587 hoc
2004 3531 2223 3587 indicat
2260 3530 2426 3603 quod
2465 3528 2721 3595 additur,
2755 3530 2820 3585 in
2858 3531 3094 3586 secula.
3136 3531 3216 3586 De
3254 3528 3513 3588 dictione

1849 3619 2040 3676 Amen
2067 3619 2337 3692 superius
2367 3618 2595 3674 dictum
2623 3620 2734 3673 est.

1923 3710 2083 3764 Vers.
2131 3710 2215 3764 14.
2254 3707 2313 3763 Si
2350 3738 2421 3749 —
2473 3708 2634 3764 Vers.
2696 3706 2785 3762 15.
2843 3710 3061 3763 vestra.
3125 3705 3378 3775 Iteravit,
3440 3710 3509 3765 ut

1850 3795 2133 3868 diximus,
2176 3796 2251 3853 de
2288 3795 2402 3853 hac
2440 3810 2504 3852 re
2543 3810 2884 3852 sermonem
2916 3794 3239 3868 ipsumque
3279 3796 3512 3864 dilatat,

1850 3885 2171 3943 ostendens
2189 3883 2536 3957 hujusmodi
2568 3899 2724 3957 opus
2748 3899 2877 3941 esse
2908 3886 3027 3941 Deo
3056 3884 3321 3943 maxime
3345 3901 3511 3943 acce-

1850 3972 2093 4045 ptabile.
2127 3972 2453 4030 Considera
2472 3972 2650 4029 etiam
2674 3972 2843 4040 mihi,
2870 3972 3144 4039 obsecro,
3169 3972 3512 4032 humanita-

1849 4061 1923 4118 tis
1941 4060 2513 4130 magnitudinem.ln
2529 4065 2738 4118 nostra
2750 4060 3356 4135 constituitpotestate
3372 4078 3508 4136 pec-

1849 4154 2121 4205 catorum
2168 4154 2511 4205 nostrorum
2558 4149 3004 4205 remissionem.
3056 4153 3129 4206 At
3183 4150 3343 4206 dices
3395 4150 3513 4208 for-

1847 4237 2045 4303 tassis,
2098 4238 2263 4309 quod
2325 4236 2387 4292 in
2456 4237 2659 4292 multis
2724 4237 3103 4310 delinquens,
3142 4237 3392 4308 injuria
3452 4243 3510 4296 te

1847 4326 2126 4383 aﬂ'ecerit.
2175 4328 2387 4382 Verum
2448 4329 2509 4381 tu
2558 4326 2619 4381 in
2674 4324 2947 4398 pluribus
2996 4330 3053 4381 et
3103 4325 3436 4396 majoribus
3490 4344 3503 4383 :

1847 4420 1902 4472 et
1951 4414 2045 4470 ille
2103 4413 2342 4486 quidem
2404 4414 2465 4469 in
2525 4428 2903 4479 conservum,
2964 4416 3026 4469 tu
3082 4427 3225 4468 vero
3281 4411 3345 4468 in
3397 4414 3508 4471 Do-

1844 4504 2119 4569 minum;
2173 4506 2235 4561 tu
2284 4501 2563 4572 indigens
2612 4500 2966 4557 remissione
3014 4499 3298 4568 remittes,
3351 4504 3506 4559 Deus

1842 4608 1984 4649 vero
2014 4590 2239 4648 nullius
2272 4590 2540 4660 indigens
2579 4593 2687 4646 est.
2732 4589 2789 4646 Si
2826 4589 3029 4661 itaque
3066 4587 3380 4662 remiseris,
3423 4595 3505 4648 te-

1842 4681 2036 4754 ipsum
2070 4679 2332 4737 liberasti
2366 4697 2378 4732 :
2413 4677 2562 4734 iram
2597 4676 2891 4751 siquidem
2926 4676 3271 4747 exstinxisti,
3317 4679 3504 4738 malo-

1840 4786 1975 4825 rum
2009 4768 2359 4825 memoriam
2415 4765 2708 4840 expulisti,
2747 4765 3182 4839 benignitatem
3234 4767 3499 4839 induisti,

1843 4862 2030 4914 Deum
2053 4857 2155 4914 tibi
2172 4856 2500 4930 propitium
2516 4854 2828 4913 reddidisti
2846 4856 3277 4929 propriamque
3292 4858 3496 4916 remis-

1842 4949 2073 5003 sionem
2107 4944 2459 5019 procurasti.

1912 5037 2075 5093 Vers.
2116 5039 2205 5094 16.
2250 5036 2398 5092 Cum
2440 5064 2509 5076 —
2539 5036 2845 5107 jejunare.
2890 5032 2969 5091 Ne
3008 5033 3277 5093 tetricam
3327 5036 3499 5094 tristi-

1841 5125 1987 5184 tiam
2011 5123 2319 5194 affectetis,
2351 5122 2513 5182 velut
2536 5123 2598 5182 hi
2626 5124 2732 5199 qui
2759 5124 2838 5185 ob
2866 5122 3113 5184 laudem
3136 5123 3491 5194 humanam,

1356 5399 1571 5470 Variae
1607 5400 1939 5471 lectiones
1981 5408 2047 5469 et
2084 5407 2266 5468 nota:

243 5588 341 5663 (13)
364 5594 499 5654 Vide
526 5611 660 5672 qua
686 5596 813 5656 dixi
835 5597 897 5655 in
917 5596 1055 5655 edit.
1087 5596 1232 5655 Novi
1257 5580 1619 5657 Testamenti
1638 5596 1719 5657 ad
1748 5598 1887 5656 Luc.
1916 5610 1978 5671 p.
2006 5598 2132 5668 507,
2163 5601 2308 5656 nota
2338 5597 2424 5655 lt.
