3990 6206
176 293 252 349 245
1066 283 1442 346 COMMENT.
1489 287 1560 342 IN
1600 287 2047 345 MATTH/EUM.
2089 319 2157 332 -
2197 289 2355 346 CAP.
2398 291 2492 348 VI.

1421 412 1561 468 Ἴσοι
1613 414 1683 468 εὖ·

1809 415 1956 472 dixit
1989 431 2002 472 :
2034 416 2201 474 Beati
2220 417 2610 474 misericordes
2660 418 2726 473 ιο.
2778 417 2999 475 Deinde
3027 432 3050 475 .·
3076 418 3232 483 Esto,
3267 419 3461 494 inquit

174 425 249 470 εἰπε
299 431 310 444 ’
362 414 607 486 Μακάριοι
661 413 712 464 οἱ
767 410 1029 485 ἕλεήμονες
1083 427 1097 443 ⁸
1162 414 1334 467 ἔπειτα
1369 429 1383 444 ·

166 514 258 559 νοῶν
303 513 364 575 τῷ
410 499 651 574 ἀντιδίκῳ
690 521 779 554 σον
823 517 836 530 '
868 498 978 554 εἶτα
1030 517 1044 532 ⁸
1105 501 1220 556 Ἐάν
1271 522 1353 564 τις
1411 523 1496 556 σοι
1568 505 1697 558 θέλει

164 595 248 664 (Π)
298 595 534 667 κριθῆναι,
602 596 693 643 καὶ
759 593 846 643 τὸν
910 592 1114 663 χιτῶνά
1181 611 1275 644 σου
1344 591 1536 664 λαϐεῖν,
1602 590 1696 656 δὸς

163 683 266 754 aito}
290 687 365 734 καί
408 684 460 734 τὸ
515 681 716 753 ἱμάτιον
749 701 762 714 ο
800 679 1086 733 τελευταῖον
1138 676 1218 746 δὲ,
1255 683 1314 734 τὸ
1354 685 1532 754 μεῖζον
1571 682 1696 735 ἐκεί-

160 793 230 822 m
289 773 470 823 πάντων
523 769 802 842 ἐπήγαγεν.
867 770 948 822 Ἐν
1023 768 1229 830 ἐκείνοις
1285 773 1374 842 μὲν
1457 774 1558 845 γὰρ
1606 777 1696 825 καὶ

162 861 394 933 ἓλεουμένου
447 858 702 931 ἐμνήσθη,
765 862 856 910 καί
911 857 1204 924 ἀντιδίκου,
1285 863 1375 912 καὶ
1450 861 1695 933 κριθῆναί

163 950 476 1022 πιμιλλοντος
504 963 519 979 ⁸
555 947 777 1000 ἐνταῦθα
802 943 863 1000 di
913 943 1063 1000 οὐδὲν
1095 954 1329 1001 τοιοῦτον
1375 950 1497 1014 θεὶς,
1531 949 1693 1008 αὐτὴν

161 1041 245 1091 καθ’
281 1038 446 1096 ἑαυτὴν
483 1035 823 1110 ἐνομοθετησε
869 1041 960 1096 τὴν
1004 1045 1104 1089 τῶν
1163 1039 1454 1112 χρημάτων
1509 1039 1692 1113 ὑπερο-

156 1130 263 1197 ψίαν,
289 1124 496 1193 δεικνύς,
524 1127 606 1178 ὅτι
635 1126 694 1178 ού
753 1122 826 1179 δι’
867 1125 1081 1187 ἐκείνους
1124 1134 1396 1196 τοσοῦτον,
1433 1127 1553 1180 ὅσον
1599 1123 1694 1180 διὰ

158 1223 353 1268 σὲταύτα
398 1215 729 1290 προσέταξεν,
788 1215 890 1284 ἶνα,
938 1214 1037 1267 κᾶυ
1085 1212 1274 1288 μηδεὶς
1332 1215 1534 1268 ἐκείνων
1588 1215 1690 1268 Evo-

153 1305 249 1376 χλῇ,
271 1309 326 1357 σύ
351 1312 674 1379 καταφρονῇς
702 1313 801 1356 τῶν
828 1307 1002 1370 ὄντων,
1032 1309 1120 1357 καὶ
1151 1301 1402 1378 διανίμῃς
1429 1305 1564 1358 αύτὰ
1588 1313 1692 1366 τοῖς

154 1399 334 1451 πένησιν.

201 1481 327 1535 Ὠστε
370 1479 425 1536 δι
458 1483 585 1556 ῥᾷον
639 1490 840 1547 πεῖσαι,
866 1477 1117 1536 διδάσκει
1156 1486 1248 1541 τήν
1278 1502 1334 1536 τε
1364 1481 1566 1556 βλάϐην
1597 1489 1690 1535 τοῦ

150 1573 430 1645 θησαυρίζειν
482 1571 568 1625 ἐπὶ
628 1579 718 1632 τῆς
755 1579 872 1644 γῆς,
932 1577 1022 1625 καὶ
1077 1577 1172 1632 τὴν
1202 1571 1441 1644 ὠφέλειαν
1481 1579 1573 1624 τοῦ
1601 1573 1690 1630 6n-

148 1662 363 1734 σανρίξιιν
426 1659 474 1713 ἐν
526 1661 752 1736 οὐρανῷ⁸
809 1667 958 1715 Ἔστι
987 1657 1046 1714 δι
1079 1665 1178 1724 σὴς
1356 1662 1382 1712 ὁ
1444 1660 1690 1733 ὶγγεννώο

3355 296 3461 352 246

1808 504 2107 563 benevolus
2130 507 2466 565 adversario
2491 512 2590 564 tuo
2612 509 2682 564 ²¹.
2700 508 3092 566 Postmodum
3119 508 3226 569 ait:
3247 509 3313 567 Si
3335 511 3458 582 quis

1807 602 1995 653 tecum
2016 596 2236 665 judicio
2269 599 2521 654 voluerit
2555 598 2919 662 contendere,
2954 603 3007 654 et
3035 599 3278 667 auferre
3299 601 3454 656 tuni-

1806 699 1932 741 cam
1955 691 2138 749 tuam,
2163 685 2302 741 dato
2317 686 2426 756 ipsi
2444 691 2497 742 et
2507 685 2756 756 pallium
2769 689 2836 740 ³³.
2856 685 3121 742 Tandem
3141 701 3279 742 vero
3291 687 3459 760 quod

1804 772 1895 828 his
1925 772 2210 828 omnibus
2249 773 2446 844 majus
2499 780 2606 839 est,
2636 773 2856 831 intulit.
2909 774 2975 830 In
3004 773 3114 830 illis
3146 775 3362 831 etenim
3400 779 3458 833 et

1803 861 2222 918 misericordias
2235 878 2590 934 pauperum,
2605 869 2658 918 et
2673 863 3020 929 adversarii,
3035 869 3091 919 et
3102 863 3218 920 litis
3233 864 3290 920 in
3301 865 3320 936 j
3331 864 3460 921 udi-

1803 949 1894 1006 cio
1932 949 2294 1006 imminentis
2321 950 2454 1007 fecit
2484 951 2844 1007 mentionem
2874 967 2886 1005 :
2929 951 3022 1008 hic
3047 957 3246 1008 autem
3290 952 3456 1010 nullo

1803 1039 1978 1094 simili
2001 1038 2218 1110 posito,
2240 1038 2439 1110 ipsum
2459 1055 2563 1112 per
2583 1055 2644 1094 se
2663 1038 2942 1095 stabilivit
2963 1039 3312 1095 facultatum
3325 1055 3458 1096 con-

1802 1132 2116 1200 temptum,
2167 1128 2491 1184 ostendens
2547 1127 2708 1201 quod
2736 1143 2932 1200 neque
2975 1127 3077 1184 illa
3119 1133 3364 1200 propter
3393 1144 3455 1186 se

1802 1221 2034 1274 tantum
2076 1218 2356 1288 jusserat,
2390 1217 2512 1274 imo
2564 1232 2916 1290 quanquam
2974 1216 3174 1273 nullus
3218 1217 3456 1274 illorum

1800 1306 1902 1362 tibi
1926 1306 2210 1362 molestus
2246 1308 2340 1372 sit,
2368 1312 2427 1362 tu
2453 1310 2653 1362 tamen
2687 1321 2758 1362 ea
2785 1322 2916 1378 quae
2948 1305 3157 1362 mundi
3191 1310 3332 1363 sunt
3356 1306 3457 1364 de-

1801 1396 2015 1468 spicies
2051 1413 2062 1450 :
2095 1397 2349 1468 ipsaque
2379 1395 2752 1468 pauperibus
2779 1396 3098 1452 distribues
3127 1397 3231 1468 (q).

1873 1484 2043 1550 Quod
2074 1489 2138 1540 ut
2166 1483 2398 1540 facilius
2438 1482 2817 1555 persuadeat,
2851 1484 3140 1540 damnum
3171 1485 3451 1552 ostendit,

1799 1572 1966 1646 quod
2024 1588 2062 1628 a
2125 1573 2541 1629 thesaurorum
2600 1572 3006 1629 reconditione
3057 1573 3342 1644 provenit,
3398 1577 3457 1632 et

1800 1661 2120 1718 commoda
2139 1677 2274 1734 quae
2294 1677 2366 1717 ex
2395 1677 2604 1718 eorum
2626 1662 2686 1718 in
2707 1660 2867 1718 ccelis
2886 1661 3336 1718 coacervatione
3366 1677 3453 1719 se-

146 1769 257 1819 μινος
291 1750 485 1812 πολλοῖς
529 1757 634 1802 τῶν
691 1749 978 1824 χρημλτων
1036 1749 1262 1813 σκώληξ
1300 1749 1502 1825 βρῶσις
1549 1747 1683 1816 (ibi

1800 1755 2104 1824 quuntur;
2135 1755 2234 1812 σής
2265 1753 2464 1806 autem
2511 1750 2700 1823 (quod
2743 1766 2854 1807 nos
2899 1751 3117 1807 tineam
3147 1750 3451 1824 vertimus)

147 1840 268 1909 σῆψις
290 1843 370 1892 καὶ
405 1843 556 1901 ’ίωσις
585 1842 678 1891 καὶ
726 1838 841 1890 καθ’
895 1838 1080 1897 ἑαυτὴν
1128 1842 1346 1898 τοιαύτη
1393 1835 1680 1915 διαφθορά,

143 1933 188 1980 τί
218 1925 409 1996 οὖν;τό
454 1933 697 2001 χρυσίον
741 1931 841 1989 σὴς
888 1926 1166 2000 ἁφανίζει;
1201 1928 1262 1980 Εἰ
1311 1933 1401 1982 καὶ
1451 1933 1521 2002 μὴ
1579 1933 1686 1993 σὴς,

144 2016 240 2068 ἀλλὰ
275 2016 492 2071 κλέπται.
547 2024 615 2070 Τὶ
669 2013 771 2084 δξ;
804 2018 988 2079 πάντες
1025 2016 1321 2084 συλῶνται;
1354 2017 1415 2071 Εἰ
1476 2021 1566 2070 καὶ
1615 2021 1686 2090 μὴ

144 2111 300 2167 πάντες,
346 2105 445 2158 ἀλλ’
505 2108 557 2158 οἱ
617 2104 844 2166 πλείους.
894 2102 1120 2164 Ἀδηλον
1175 2103 1254 2170 δὲ,
1314 2111 1448 2168 τίνες
1503 2106 1690 2159 ἄσυλοι

145 2195 330 2263 prmia.
364 2198 438 2248 Τὰ
485 2201 619 2266 γοῦν
666 2190 1010 2266 διανεμόμενοι
1037 2201 1147 2256 τοῖς
1188 2198 1396 2257 πένησι,
1455 2204 1565 2256 πῶς
1601 2197 1691 2254 θη-

145 2289 424 2358 σαυρίζονται
465 2301 479 2351 ;
531 2287 584 2336 ἂν
647 2290 721 2354 τῷ
747 2282 968 2356 οὐρανῷ.
1024 2291 1142 2346 Πῶς
1181 2301 1194 2352 ;
1233 2283 1280 2335 ἓν
1333 2291 1406 2355 τῷ
1458 2286 1691 2357 ταμιεύε-

146 2373 238 2423 σθαι
266 2371 356 2425 ἐκεῖ
384 2376 476 2435 τὰς
509 2368 812 2432 ἀντιδόσεις
858 2375 1049 2425 τούτων
1088 2375 1317 2437 scalpra;
1363 2372 1603 2446 άμοιϐἀς,
1634 2375 1691 2426 αἱ

143 2459 456 2534 συλλεγόμεναι
501 2468 596 2516 καὶ
628 2464 1074 2538 θησαυριζόμεναι
1130 2461 1473 2535 φυλάττονται
1520 2465 1688 2535 ἀσφα-

142 2548 210 2609 λύς
234 2550 353 2621 (l8).

1799 1855 2065 1896 vermem
2119 1839 2431 1910 signiﬁcat,
2475 1839 2580 1912 qui
2621 1839 2920 1912 plerisque
2966 1839 3454 1912 possessionibus

1797 1927 2140 1984 innascitur.
2177 1926 2380 2002 βρῶσις
2433 1942 2572 1984 vero
2611 1927 2797 2000 (quod
2846 1942 2952 1982 nos
3007 1928 3452 1997 corruptionem

1799 2017 2084 2083 diximus)
2113 2015 2411 2087 signiﬁcat
2460 2015 2980 2089 putrefactionem,
3014 2015 3092 2072 ad
3117 2014 3453 2086 rubiginem

1799 2105 2213 2172 mutationem,
2245 2119 2610 2178 omnemque
2637 2104 2986 2178 hujusmodi
3019 2121 3056 2161 a
3099 2103 3301 2176 seipso
3326 2118 3452 2161 cor-

1798 2195 2136 2268 ruptionem
2174 2193 2416 2250 indicat.
2452 2193 2600 2260 Quid
2626 2208 2768 2266 ergo
2794 2193 2823 2250 ‘I
2853 2193 3034 2251 etiam
3075 2209 3289 2251 aurum
3320 2207 3451 2266 per-

1801 2285 1947 2340 dunt
2000 2298 2230 2340 vermes
2258 2283 2286 2337 ?
2340 2283 2451 2339 Etsi
2498 2298 2620 2340 non
2678 2298 2927 2350 vermes,
2980 2285 3234 2340 attamen
3263 2281 3446 2339 fures.

1801 2375 2018 2430 Omnes
2051 2372 2227 2444 igitur
2255 2371 2582 2444 spoliantur
2609 2372 2638 2429 Ἰ
2665 2371 2910 2428 Plurimi
2939 2386 3112 2428 sane.
3148 2372 3448 2428 Incertum

1799 2465 1888 2519 est
1917 2465 2136 2528 autem,
2176 2461 2282 2534 qui
2325 2477 2362 2518 a
2386 2459 2662 2518 violentia
2689 2461 2796 2518 tuti
2836 2463 3255 2533 permaneant.
3305 2461 3448 2526 Quae

1798 2567 1940 2609 vero
1969 2550 2333 2624 pauperibus
2381 2549 2833 2622 distribuuntur,
2858 2565 3130 2622 quonam
3176 2551 3356 2622 pacto
3386 2547 3450 2606 in

139 2637 252 2694 ccelo
276 2639 678 2696 reconduntur
705 2639 734 2694 7
760 2640 886 2706 Quo
917 2643 1092 2712 pacto
1120 2639 1150 2693 ‘I
1175 2643 1239 2696 In
1269 2655 1341 2697 eo
1369 2640 1532 2713 quod
1564 2641 1780 2698 horum
1805 2640 2220 2698 retributiones
2246 2654 2317 2696 ac
2349 2639 2863 2697 remunerationes
2909 2637 2992 2695 ibi
3020 2641 3395 2710 reponuntur
3429 2653 3445 2694 :

138 2742 237 2794 quae
258 2734 438 2784 autem
470 2729 552 2785 ibi
581 2728 841 2802 reposita
858 2733 996 2784 sunt
1026 2733 1082 2785 et
1103 2728 1368 2796 collecta,
1402 2745 1609 2787 secura
1630 2733 2002 2802 permanent.

189 2811 294 2868 Εἶτα
337 2817 510 2890 ὶπάγει
537 2823 634 2870 καὶ
664 2818 827 2894 ἕτερον
877 2817 1150 2890 λογισμόν,
1199 2820 1388 2872 πείθων
1443 2823 1529 2872 καὶ
1583 2817 1684 2873 ἀπό

137 2907 281 2957 τούτου
307 2908 531 2977 μάλιστα
543 2953 558 2966 ,

1869 2819 2090 2876 Deinde
2128 2821 2186 2876 et
2213 2818 2396 2876 aliam
2449 2817 2678 2875 inducit
2713 2816 3272 2885 considerationem,
3312 2829 3446 2888 quas

1795 2910 1874 2968 ab
1903 2910 2018 2966 hoc
2047 2909 2307 2966 maxime
2332 2907 2659 2973 abstrahat,
2691 2907 2896 2964 dicens
2933 2929 2946 2961 :

187 2991 350 3047 Ὀπου
391 3027 457 3038 -
505 2999 535 3055 ἡ
591 2993 789 3070 καρδία
834 2997 998 3066 ὑμῶν.
1049 2993 1285 3072 Καρδίαν
1324 2992 1564 3060 ἐνταῦθα,
1595 2999 1682 3050 τὸν

1867 3001 2031 3057 Vers.
2077 3001 2166 3053 2t.
2211 2997 2323 3056 Ubi
2345 3028 2412 3038 ——
2450 3012 2554 3054 cor
2577 3002 2851 3054 vestrum.
2900 2997 3012 3054 Cor
3047 2995 3110 3052 in
3158 2994 3275 3054 hoc
3312 2993 3445 3052 loco

135 3089 222 3133 νοῦν
261 3085 455 3138 ἐκάλεσε
497 3107 510 3119 ·
542 3086 684 3157 λέγει
741 3081 818 3150 δὲ,
883 3087 963 3138 ὅτι
1012 3087 1114 3142 Καὶ
1167 3091 1212 3138 εὶ
1267 3083 1434 3160 μηδεν
1489 3088 1682 3139 τούτων

136 3175 320 3240 γένηται,
357 3177 578 3246 πάντως,
636 3176 763 3227 ὅπου
807 3176 951 3228 εστὶν
1007 3177 1032 3226 ό
1078 3177 1341 3248 θησαυρὸς
1379 3176 1541 3248 ὑμῶν,
1581 3173 1685 3228 ἐκεῖ

135 3259 252 3313 ἐσται
287 3268 368 3316 και
395 3266 420 3316 ό
449 3271 572 3326 νοῦς
627 3265 793 3336 ὑμῶν,
855 3267 956 3317 Καὶ
1002 3263 1060 3316 ού
1107 3267 1271 3339 μικρὰ
1306 3272 1458 3318 τοῦτο
1509 3263 1678 3338 βλάϐη

133 3351 403 3423 τξςψυχῆς,
433 3357 492 3406 τό
533 3353 918 3428 προσήλῶσθαι
944 3357 1032 3406 τόν
1059 3361 1176 3406 νοῦν
1211 3353 1376 3415 αὐτῆς
1435 3352 1554 3419 ἱκεῖ,
1596 3373 1682 3426 με·

131 3449 342 3511 ριμνῶντα
386 3439 568 3496 διόλου
626 3447 745 3516 περὶ
800 3449 896 3504 τῆς
954 3449 1046 3494 τοῦ
1103 3444 1373 3517 θησαυροῦ
1427 3442 1679 3514 φυλακῆς,

132 3535 198 3580 καὶ
231 3539 281 3602 τῇ
317 3537 527 3606 τοιαύτῃ
591 3527 864 3606 τυραννίδι
908 3528 1447 3606 καταδεδουλωμένον,
1491 3536 1580 3584 καὶ
1605 3535 1676 3604 μὴ

133 3617 347 3691 τολμῶντα
373 3621 664 3694 μεταϐῆναι
693 3624 823 3696 πρὸς
853 3621 1025 3696 ἑτέραν
1049 3624 1260 3675 ἔννοιαν·

184 3707 229 3759 Ὀ
276 3711 454 3782 λύχνος
521 3742 588 3752 —
635 3714 896 3763 σκοτεινόν
947 3713 1118 3768 ἔσται.
1185 3714 1397 3784 Λύχνος
1441 3709 1603 3777 ἐστὶν,
1651 3710 1678 3762 ὁ

132 3802 320 3871 φωστὴρ
369 3801 534 3854 Εἰπὼν
591 3797 650 3853 δε
709 3803 826 3874 πιρὶ
876 3808 970 3862 τῆς
1032 3799 1245 3872 ἀγενοῦς
1307 3796 1542 3859 δουλείας
1587 3804 1678 3851 τοῦ

131 3891 213 3951 κῦ,
256 3889 300 3946 ὃς
343 3887 478 3942 ἐστιν
538 3888 804 3961 ὀφθαλμὸς
840 3897 932 3951 τῆς
981 3889 1184 3962 ψυχῆς,
1237 3887 1479 3962 βούλεται
1509 3884 1678 3951 διῖξαι

136 3980 439 4051 πικρότερον,
477 3979 559 4030 ὅτι
620 3979 650 4036 ἡ
705 3980 919 4035 τοιαύτη
976 3975 1184 4032 δουλεία
1235 3986 1326 4032 τοῦ
1383 3985 1494 4045 νοῦ,
1536 3975 1674 4049 λύμη

134 4069 199 4121 τὶς
241 4064 408 4136 ψυχῆς
475 4065 639 4119 ἐστιν,
720 4065 986 4138 Λαμϐάνει
1050 4064 1109 4120 δε
1166 4063 1525 4141 παράδειγμα,
1588 4069 1676 4118 τὸν

135 4146 342 4223 ὀῖωμὸν
368 4162 456 4206 τοῦ
507 4161 774 4226 σώματος,
812 4159 904 4206 καὶ
953 4154 1054 4208 ὰπὸ
1111 4158 1293 4208 τούτου
1349 4153 1549 4209 δίδωσι
1585 4159 1676 4207 καὶ

132 4241 178 4287 τά
200 4242 363 4294 ἑκείνου
381 4251 530 4296 νοεῖν.

1793 3091 2053 3144 mentem
2085 3085 2360 3158 appellat.
2395 3085 2542 3141 Dicit
2574 3090 2794 3152 autem,
2825 3084 2991 3158 quod
3029 3085 3106 3156 (ν)
3139 3083 3257 3140 Etsi
3297 3080 3443 3140 nihil

1790 3179 2010 3236 horum
2031 3176 2221 3242 fuerit,
2246 3176 2493 3232 omnino
2519 3179 2718 3231 tamen
2745 3174 2852 3230 ubi
2881 3177 2970 3231 est
3007 3174 3322 3230 thesaurus
3346 3187 3443 3230 ve-

1791 3271 1928 3336 ster,
1942 3265 2022 3321 ibi
2042 3264 2212 3321 eritet
2228 3279 2396 3320 mens
2414 3268 2628 3320 vestra.
2647 3266 2848 3335 Neque
2859 3277 3110 3333 parvum
3150 3261 3211 3316 id
3229 3260 3442 3318 animae

1789 3355 2221 3413 documentum
2265 3356 2372 3422 est,
2406 3356 2667 3408 mentem
2704 3349 2974 3407 videlicet
3017 3365 3192 3406 suam
3221 3347 3308 3404 ibi
3345 3363 3444 3404 ca-

1789 3449 1949 3517 ptam
1979 3459 2132 3510 esse,
2160 3446 2216 3499 et
2249 3442 2406 3498 circa
2432 3441 2693 3497 thesauri
2724 3439 3052 3496 custodiam
3081 3436 3443 3494 multimoda

1788 3549 1933 3590 cura
1959 3532 2251 3602 distringi,
2283 3530 2506 3603 talique
2557 3529 2888 3600 subjectam
2930 3543 3063 3584 esse
3109 3524 3435 3599 tyrannidi,

1787 3637 1983 3696 neque
2013 3621 2234 3679 audere
2264 3619 2344 3676 ad
2367 3619 2554 3677 aliam
2579 3616 2830 3674 transire
2859 3615 3304 3688 cogitationem.

1860 3712 2027 3767 Vers.
2053 3715 2142 3766 22.
2174 3710 2446 3766 Lucerna
2473 3739 2542 3748 —-
2581 3709 2742 3764 Vers.
2776 3710 2864 3764 23.
2904 3705 3274 3763 tenebrosum
3301 3703 3437 3764 erit.

1784 3802 2049 3858 Lucerna
2064 3803 2153 3858 est
2171 3798 2493 3856 luminare.
2512 3798 2844 3869 Postquam
2861 3810 3000 3866 ergo
3021 3793 3167 3850 dixit
3185 3793 3263 3850 de
3286 3792 3441 3850 inui-

1786 3906 1906 3962 gna
1933 3890 2212 3946 servitute
2245 3887 2478 3952 mentis,
2512 3900 2648 3958 quas
2677 3883 2890 3941 oculus
2930 3887 3018 3939 est
3048 3881 3285 3952 animle,
3309 3881 3440 3937 vult

1785 3979 2196 4035 demonstrare
2232 3974 2600 4032 manifestius
2627 3971 2790 4045 quod
2835 3970 3174 4043 hujusmodi
3225 3969 3436 4026 mentis

1786 4067 2035 4124 servitus
2064 4056 2252 4138 pestis
2273 4066 2347 4122 sit
2374 4063 2613 4122 animos.
2653 4061 2848 4117 Sumit
2867 4064 3067 4118 autem
3093 4059 3434 4132 exemplum

1785 4155 1863 4213 ab
1887 4155 2063 4212 oculo
2089 4169 2398 4227 corporeo,
2421 4169 2458 4210 a
2477 4167 2620 4226 quo,
2649 4155 2706 4208 et
2729 4165 2866 4223 quas
2889 4149 3050 4206 illius
3076 4151 3236 4214 sunt,
3260 4147 3435 4205 nobis

1783 4245 1889 4302 dat
1906 4243 2252 4314 intelligere.

187 4333 548 4405 Παρατηρητέον
598 4327 658 4384 δε
706 4338 814 4400 νῦν,
860 4332 941 4384 ὅτι
1000 4332 1191 4386 ἁπλοῦν
1242 4336 1330 4407 μὲν
1374 4332 1528 4404 λέγει,
1587 4334 1672 4384 τὸν

1854 4332 2307 4389 Observandum
2329 4334 2530 4389 autem
2559 4329 2677 4394 hic,
2708 4326 2873 4400 quod
2905 4324 3150 4416 simplex
3171 4322 3437 4396 appellat

133 4413 239 4482 ὑγιεῖ
282 4424 494 4494 πονηρὸν
556 4417 635 4485 δὲ,
691 4425 777 4472 τόν
833 4426 1060 4496 νοσερόν.
1103 4427 1240 4482 Φησὶ
1280 4419 1359 4489 δι,
1422 4423 1503 4475 ὅτι
1555 4420 1672 4475 Ἐὰν

135 4507 235 4568 guis
266 4507 513 4582 ὀφθαλμός
544 4528 640 4561 σου
673 4509 824 4580 ὑγιὴς
875 4515 975 4583 εἴη,
1022 4513 1134 4566 ὅλον
1159 4515 1217 4564 τὸ
1259 4513 1412 4585 σῶμά
1465 4531 1558 4564 σου
1584 4529 1670 4564 πε-

136 4601 395 4666 φωτισμένον
468 4601 636 4662 ἔσται,
717 4601 1060 4675 φωτιζόμενον
1134 4603 1233 4655 ύπὸ
1298 4607 1388 4654 τοῦ
1479 4601 1668 4654 οἰκείου

186 4769 424 4833 "Matth.
456 4791 513 4844 ν,
546 4781 599 4832 7.
677 4775 721 4812 ²¹
751 4773 906 4833 ibid.
945 4773 1034 4833 25.
1067 4777 1114 4812 ”
1143 4774 1270 4833 ibid
1294 4774 1384 4830 40.

1780 4423 1843 4480 id
1871 4421 2037 4496 quod
2063 4436 2275 4477 sanum
2307 4425 2395 4476 est
2428 4435 2443 4486 ;
2473 4416 2703 4474 malum
2728 4430 2870 4472 vero
2927 4413 3088 4486 quod
3116 4415 3428 4482 mgrotum.

1783 4511 1932 4568 Dicit
1961 4525 2103 4582 ergo
2134 4527 2148 4566 :
2179 4509 2236 4567 Si
2264 4508 2472 4566 oculus
2489 4511 2622 4564 tuus
2652 4520 2833 4561 sanus
2856 4502 3050 4569 fuerit,
3082 4505 3274 4558 totum
3305 4515 3434 4558 cor-

1780 4615 1894 4673 pus
1920 4603 2090 4656 tuum
2113 4596 2514 4654 illuminatum
2540 4593 2667 4660 erit,
2697 4607 2734 4650 a
2763 4589 3006 4664 proprio
3036 4587 3308 4647 videlicet
3336 4587 3431 4646 lu-

1279 4948 1505 5020 Variae
1543 4948 1872 5019 lectiones
1912 4956 1978 5018 et
2019 4955 2221 5018 notae.

312 5145 641 5300 gaiolinter
693 5217 935 5294 ἀσφαλῶς
976 5221 1068 5300 et.
1092 5215 1203 5272 εἶτα
1257 5218 1674 5300 intersemerat

136 5277 404 5345 Hénténius
433 5277 788 5364 superiora,‘
805 5277 936 5364 qua:
960 5291 1008 5346 A
1053 5289 1118 5348 in
1167 5289 1437 5364 margine
1465 5287 1668 5347 habet.

190 5461 257 5532 (ᾳ)
284 5465 622 5540 Ostendens;
653 5485 716 5526 se
746 5483 870 5525 non
922 5474 1046 5526 tam
1085 5467 1322 5525 illorum
1353 5483 1540 5540 quam
1566 5474 1670 5528 tua

135 5543 279 5589 causa
301 5537 411 5614 hac
433 5541 799 5614 praecepisse,
829 5541 909 5597 ita
938 5546 1035 5614 ut,
1051 5540 1282 5614 etiamsi
1312 5537 1510 5596 nullus
1535 5540 1670 5598 illo-

135 5614 244 5659 rum
256 5609 516 5670 molestus
527 5609 690 5684 sit,iu
699 5619 899 5669 tamen
919 5611 1155 5670 divitias
1174 5617 1527 5670 contemnas
1546 5629 1669 5671 cas-

1780 5147 1922 5276 ξιῗῃαέ
1972 5146 2104 5204 haec
2148 5144 2397 5220 quidem
2448 5143 2575 5204 sine
2603 5143 2727 5206 ullo
2776 5142 2964 5206 dubio
3005 5139 3431 5217 conjungenda

1777 5469 1889 5541 que
1909 5467 2200 5541 ditribuas
2224 5467 2447 5538 egenis.

1849 5541 1929 5612 (r)
1947 5539 2046 5598 Hic
2074 5536 2288 5598 rursus
2312 5541 2392 5594 ὅτι
2416 5541 2632 5600 frustra
2649 5536 2907 5598 reddidit
2925 5536 3102 5611 quod.
