3990 6206
394 304 500 360 247

395 426 613 486 minari
639 425 835 482 lucem
862 422 1094 480 habens
1120 438 1135 489 ;
1167 422 1433 480 siautem
1466 420 1674 478 oculus
1707 424 1844 477 tuus
1870 436 2051 491 aegro-

394 523 492 575 tus
510 517 700 587 fuerit,
727 519 916 571 totum
937 528 1155 584 corpus
1176 515 1337 567 tuum
1369 511 1744 567 tenebrosum
1769 511 1894 576 erit,
1928 526 2049 566 non

394 604 627 663 habens
678 605 756 659 ab
808 604 936 674 ipso
968 602 1182 657 lucem.
1228 602 1313 656 Ita
1362 600 1539 669 igitur
1581 605 1637 654 et
1678 615 1866 664 mens,
1917 616 2051 671 quae

396 695 606 751 oculus
628 698 715 748 est
739 691 977 755 animae,
1002 689 1218 745 defossi
1235 688 1494 745 thesauri
1518 688 1901 744 sollicitudini
1937 703 2054 744 ser-

398 784 591 847 viens,
617 785 841 849 aegrota
872 783 960 833 est
988 794 1000 843 ;
1036 779 1171 850 ipsa
1188 778 1345 833 enim
1379 777 1707 833 sollicitudo
1738 776 2052 833 inﬁrmitas

400 878 509 937 est,
539 876 595 927 et
622 870 757 926 ideo
795 869 1117 924 obscurata
1151 871 1241 922 est
1269 867 1494 922 anima.

471 962 639 1017 Vers.
670 963 759 1014 23.
781 958 850 1015 Si
872 972 1003 1028 ergo
1024 988 1092 996 —
1114 962 1352 1028 quantae
1376 956 1402 1010 ?
1428 955 1484 1011 Si
1502 970 1644 1025 ergo
1668 955 1870 1011 lumen
1892 956 2056 1028 quod

400 1052 463 1108 in
494 1054 547 1107 te
577 1052 684 1113 est,
716 1048 828 1103 hoc
859 1053 969 1109 est,
1006 1060 1195 1110 mens,
1246 1060 1382 1116 quae
1414 1044 1493 1100 ad
1519 1045 1633 1099 hoc
1691 1044 1833 1101 data
1862 1050 1964 1110 est,
1995 1048 2059 1101 ut

405 1140 671 1197 animam
698 1136 1049 1191 illuminaret
1080 1150 1149 1190 ac
1190 1138 1438 1203 regeret,
1471 1134 1723 1189 tenebras
1757 1138 1915 1199 sunt,
1948 1133 2060 1190 hoc

407 1232 513 1295 est,
561 1225 951 1283 obtenebrata
1003 1228 1111 1289 est,
1168 1223 1425 1278 tenebrae
1494 1238 1632 1294 quae
1685 1222 1762 1278 ab
1803 1222 2060 1279 affectio-

402 1318 584 1374 nibus
600 1316 943 1387 procedunt,
960 1317 1202 1385 quantae
1217 1315 1355 1367 sunt
1367 1310 1443 1367 ad
1457 1312 1723 1366 animam
1739 1311 2063 1367 obscuran-

407 1407 572 1473 dam,
599 1406 728 1477 ipso
758 1404 985 1459 lumine
1014 1402 1178 1474 quod
1201 1400 1280 1457 illi
1309 1400 1607 1456 oriebatur
1624 1400 2013 1457 obtenebrato
2034 1401 2061 1455 τ

478 1494 642 1550 Vers.
698 1496 785 1548 24.
818 1493 999 1550 Nemo
1052 1494 1487 1547 —contemnet.
1539 1488 1728 1545 Aliam
1782 1494 2065 1561 praeterea

413 1582 949 1639 considerationem
995 1579 1239 1637 adducit
1266 1576 1826 1641 formidabiliorem,
1865 1584 1923 1634 ut
1955 1578 2067 1633 for-

408 1672 567 1728 tibus
584 1671 663 1727 ab
686 1686 887 1727 amore
923 1668 1329 1741 temporalium
1364 1682 1561 1722 rerum
1582 1671 1939 1731 avertamur,
1973 1683 2065 1723 os-

1716 292 2063 351 EUTHYMII
2112 290 2445 350 ZIGABENI

3654 294 3762 350 248

2160 423 2499 491 φωταγωγοῦ·
2527 415 2609 468 ἐάν
2644 414 2701 469 δε
2739 418 2763 469 6
2794 416 3051 490 ὀφθαλμός
3083 437 3177 471 σου
3207 422 3423 493 νοσερός
3451 424 3669 488 εἶη,ὄλον
3701 431 3760 480 τὸ

2164 509 2315 580 σῶμά
2348 527 2441 559 σου
2457 505 2820 578 ἐσκοτισμένον
2836 510 3081 579 ἑσται,μὴ
3104 510 3447 581 φωτιζόμενον
3465 512 3549 563 ὑπ’
3574 514 3756 568 αὐτο).

2162 597 2319 649 Οὔπω
2345 601 2516 648 τοίνυν
2548 601 2636 647 καὶ
2665 598 2690 646 ό
2723 596 2977 668 ὀφθαλμός
3012 605 3106 658 τῆς
3135 597 3289 669 ψυχῇ
3304 620 3340 667 ς⁹
3396 600 3420 650 ὀ
3453 608 3588 669 νοῦς⁹
3639 600 3765 655 δον,

2159 685 2314 737 λεύων
2353 694 2413 757 τῇ
2450 681 2690 759 φροντίδι
2720 693 2809 737 τοῦ
2841 691 3297 759 κατορωρυγμένου
3324 690 3439 759 (19)
3466 691 3761 765 θησαυροῦ,

2160 779 2364 846 νοσερός
2408 773 2521 825 ἐστι
2556 792 2566 803 ’
2596 779 2743 834 νόσος
2769 778 2870 849 γὰρ
2912 778 2940 833 ἡ
2992 778 3208 834 τοιαύτη
3243 782 3447 852 φροντίς
3481 796 3492 808 ·
3523 784 3612 833 καὶ
3652 781 3765 834 λοι-

2163 866 2278 928 πὸν,
2312 863 2620 915 ἐσκότισται
2645 865 2674 921 ἡ
2708 863 2886 935 ψυχή.

2235 953 2294 1006 Εἰ
2322 952 2407 1005 οὖν
2439 983 2507 994 -
2544 956 2727 1006 πόσον.
2771 955 2831 1006 Εἰ
2862 948 2948 1005 οὖν
2974 956 3033 1005 τὸ
3064 961 3167 1026 φῶς
3199 957 3255 1007 τὸ
3286 954 3332 1007 ἐν
3368 961 3469 1028 σοὶ,
3508 960 3533 1011 ὅ
3564 957 3704 1012 ἐστιν
3739 962 3766 1012 6

2164 1050 2296 1108 νοῦς,
2338 1044 2364 1093 6
2396 1038 2537 1115 δωρη
2549 1043 2652 1104 θεὶς
2677 1042 2742 1103 εἰς
2767 1046 2825 1094 τὸ
2853 1043 3092 1114 φωτίζειν
3104 1048 3190 1096 καὶ
3210 1041 3417 1117 ὁδηγεῖν
3441 1052 3533 1106 τὴν
3554 1047 3765 1121 ψυχήν,

2169 1137 2346 1192 σκότος
2377 1133 2510 1199 ἐστὶ,
2538 1135 2823 1198 τουτέστιν,
2859 1131 3180 1198 ἐσκότισται,
3208 1133 3385 1187 λοιπὸν
3442 1139 3500 1187 τὸ
3559 1142 3766 1206 σκότος,

2167 1224 2225 1273 τὸ
2289 1220 2389 1273 ἀπὸ
2453 1229 2550 1273 τῶν
2594 1222 2793 1285 παθῶν,
2853 1226 3015 1274 πόσον
3073 1224 3238 1294 ἔσται,
3310 1224 3377 1285 εἰς
3412 1228 3469 1277 τό
3507 1229 3769 1288 σκοτίζειν

2168 1314 2261 1368 τὴν
2291 1309 2497 1381 ψυχὴν,
2565 1312 2926 1371 σκοτισθέντος
2958 1310 3050 1363 τού
3102 1311 3451 1375 ἁνατελλοντος
3492 1315 3603 1388 (ΞΟ)
3642 1317 3773 1371 αὐτὸ

2172 1402 2306 1471 φωτό
2323 1420 2342 1459 ς
2384 1416 2397 1465 ;

2243 1484 2437 1548 Οὐδεὶς
2494 1518 2560 1527 -
2608 1493 3016 1562 καταφρονήσει.
3081 1489 3195 1543 *Ετι
3238 1496 3328 1543 καὶ
3380 1493 3546 1565 ἕτερον
3591 1493 3775 1566 ἐπάγει

2172 1576 2423 1648 λογισμὸν
2483 1576 2845 1652 φοϐερώτερον,
2923 1579 2989 1639 εἰς
3050 1579 3396 1653 ἰσχυροτέραν
3466 1581 3775 1659 ἂπότροπὴν

2172 1674 2264 1727 τῆς
2316 1665 2760 1738 φιλοχρηματίας,
2825 1664 3089 1738 δεικνύων,
3142 1670 3222 1720 ὅτι
3272 1670 3402 1728 αῦτη
3441 1677 3529 1724 καί
3563 1682 3656 1733 τῆς
3685 1682 3776 1726 τοῦ

410 1761 661 1817 tendens
693 1760 855 1815 hunc
878 1760 978 1814 Dei
1011 1757 1301 1828 expellere
1351 1756 1708 1821 servitutem,
1758 1761 1814 1810 et
1838 1756 1896 1810 in
1924 1756 2067 1811 divi-

2191 1762 2311 1807 Θεοῦ
2363 1751 2597 1815 δουλείας
2629 1758 2763 1827 ἡμᾶς
2813 1755 3063 1822 ἐκϐάλλει,
3124 1762 3213 1810 καὶ
3250 1766 3323 1828 τῷ
3361 1759 3562 1832 πλούτῳ
3609 1783 3774 1815 κοιτα⁹

408 1850 626 1907 tiarum
656 1848 937 1904 reducere
976 1846 1338 1901 servitutem.
1375 1842 1731 1914 Simpliciter
1761 1848 1974 1908 autem,
2015 1848 2069 1899 et

412 1938 642 2009 absque
684 1937 926 1993 nomine
980 1935 1243 2007 primum
1283 1932 1436 1987 duos
1494 1931 1631 1986 dicit
1677 1932 1960 1996 dominos,
2012 1940 2071 1987 ut

414 2025 713 2082 auditores
763 2024 903 2080 dicti
949 2024 1257 2078 veritatem
1308 2024 1477 2089 cogat
1516 2020 1803 2075 conﬁteri.
1856 2021 2071 2076 Deinde

413 2113 770 2169 nominatim
796 2112 926 2168 illos
956 2112 1142 2183 ponit,
1164 2110 1238 2165 de
1264 2110 1486 2182 quibus
1508 2114 1633 2164 erat
1664 2124 1881 2164 sermo.
1913 2109 2072 2164 Duos

415 2217 554 2258 vero
579 2201 857 2257 dominos
900 2202 1059 2265 dicit,
1090 2198 1388 2255 contraria
1409 2198 1709 2269 jubentes.
1736 2198 2071 2254 Adhwrebit

424 2296 645 2355 autem,
682 2291 797 2345 hoc
828 2296 935 2356 est,
968 2288 1219 2345 Parebit.

486 2380 646 2434 Vers.
684 2380 933 2434 '24.Non
972 2408 1041 2420 -—
1096 2391 1453 2433 mammona.
1512 2378 1657 2432 Ecce
1716 2376 2071 2431 nominatim

418 2482 662 2540 quoque
675 2467 829 2524 duos
857 2466 1172 2540 praedictos
1201 2465 1480 2521 dominos
1520 2464 1867 2521 manifestat.
1897 2467 2075 2520 Mam-

419 2571 605 2612 mona
634 2562 833 2613 autem
875 2556 952 2612 ab
1006 2554 1262 2611 Hebraeis
1309 2554 1527 2609 divitiae
1575 2553 1873 2621 dicuntur,
1923 2570 2070 2625 quas

421 2644 595 2700 etiam
620 2645 935 2700 dominum
962 2642 1302 2716 appellavit,
1343 2648 1582 2714 propter
1609 2642 2072 2697 imbecillitatem

423 2730 661 2788 illorum
693 2732 797 2805 qui
824 2747 1032 2787 earum
1064 2731 1353 2786 sustinent
1394 2729 1747 2785 dominium.
1786 2729 1933 2794 Quid
1971 2730 2074 2798 igi-

423 2824 537 2887 tur,
569 2836 764 2876 nonne
814 2820 1112 2876 Abraham
1164 2819 1330 2873 dives
1360 2824 1484 2873 erat
1512 2820 1539 2873 ‘2
1570 2834 1766 2873 nonne
1790 2817 1919 2883 Job,
1955 2818 2074 2873 alii-

423 2927 540 2984 que
573 2910 794 2965 similes
826 2909 853 2963 ?
887 2909 1097 2980 Utique
1123 2906 1339 2962 divites
1371 2908 1615 2979 quidem
1647 2912 1835 2971 erant,
1872 2912 1931 2962 at
1954 2923 2075 2962 non

424 2998 784 3061 serviebant,
814 2996 918 3052 sed
948 2995 1419 3052 dominabantur
1448 2995 1679 3059 divitiis,
1738 3000 1792 3051 et
1818 2995 1983 3067 ipsas
2015 2995 2075 3050 in

425 3103 645 3159 egenos
675 3084 1078 3141 insumebant.

493 3178 629 3233 Non
674 3174 913 3243 potestis
962 3176 1079 3230 Deo
1142 3174 1360 3229 servire
1410 3180 1460 3228 et
1518 3187 1876 3243 mammona),
1934 3172 2077 3244 quia

427 3267 582 3321 Deus
612 3278 732 3319 non
765 3264 942 3319 modo
977 3262 1146 3333 jubet
1178 3262 1255 3318 ab
1285 3260 1493 3318 alienis
1532 3261 1844 3326 abstinere,
1889 3261 1990 3317 sed
2023 3266 2079 3317 et

423 3353 666 3428 propria
681 3352 931 3423 elargiri.
974 3353 1315 3407 Mammona
1344 3366 1483 3406 vero
1520 3352 1882 3407 contrarium
1917 3367 1928 3405 :
1958 3366 2076 3406 non

423 3443 603 3500 modo
642 3440 913 3497 videlicet
952 3440 1195 3512 propria
1224 3455 1347 3495 non
1408 3439 1663 3508 elargiri,
1715 3439 1818 3493 sed
1852 3454 1960 3494 nec
2001 3439 2078 3495 ab

424 3532 630 3588 alienis
674 3529 971 3585 abstinere
1023 3534 1078 3584 et
1128 3527 1222 3582 ille
1262 3528 1550 3583 Dominus
1596 3532 1859 3583 ventrem
1909 3528 2081 3598 jubet

424 3620 748 3688 astringere
770 3636 784 3686 ;
810 3618 919 3673 iste
941 3631 1076 3671 vero
1096 3616 1272 3671 ventri
1296 3616 1602 3686 indulgere
1624 3632 1637 3681 ;
1658 3616 1751 3671 illc
1774 3618 2077 3672 continen-

424 3713 542 3762 tem
568 3721 719 3769 esse,
754 3704 851 3759 hic
884 3708 1078 3760 autem
1103 3704 1372 3768 scortari,
1404 3704 1640 3775 aliaque
1662 3704 1895 3759 similia.

495 3794 657 3850 Vers.
702 3797 789 3849 25.
842 3793 1153 3863 Propterea
1209 3821 1277 3832 —
1335 3791 1697 3847 induamini.
1757 3792 2079 3863 Postquam

422 3883 623 3939 locum
654 3882 911 3939 absolvit
963 3883 1031 3936 de
1062 3896 1185 3936 non
1227 3881 1608 3936 recondendo
1642 3896 1825 3951 super
1864 3886 2081 3937 terram

422 3973 716 4037 thesauro,
750 3976 807 4025 et
835 3987 907 4027 ea
948 3986 1083 4043 quae
1140 3975 1480 4040 supersunt,
1544 3970 1909 4041 pauperibus
1968 3970 2085 4025 dis-

423 4062 676 4119 tribuere
716 4063 917 4126 suasit,
956 4060 1122 4116 docet
1156 4058 1437 4131 deinceps
1469 4059 1543 4115 de
1598 4060 1937 4115 necessario
1968 4076 2085 4115 usu

426 4167 548 4208 non
601 4166 729 4207 esse
772 4149 1108 4206 sollicitum.
1153 4150 1246 4205 Ait
1296 4148 1494 4204 enim:
1543 4149 1633 4204 Ne
1684 4150 1809 4203 sitis
1845 4150 2087 4204 solliciti

426 4241 643 4300 animae
686 4245 907 4309 vestrae,
941 4239 1000 4295 id
1049 4244 1155 4307 est,
1205 4243 1447 4309 propter
1503 4237 1767 4293 animam
1814 4245 2082 4304 vestram,

426 4330 778 4403 quidedatis,
803 4328 1056 4401 autquid
1071 4328 1298 4385 bibatis.
1316 4328 1671 4398 Quanquam
1696 4328 1859 4382 enim
1883 4328 2088 4384 anima

426 4434 621 4491 neque
652 4419 811 4483 edat,
852 4432 1047 4491 neque
1075 4416 1265 4485 bibat,
1296 4420 1539 4487 propter
1587 4416 1850 4471 animam
1883 4420 2085 4472 tamen

2180 1839 2377 1896 δουλοῖ.
2425 1843 2620 1904 Ἀπλῶς
2648 1840 2727 1909 δὲ,
2782 1849 2869 1896 καὶ
2901 1844 3196 1917 ἀνωνύμως,
3253 1843 3349 1899 δύο
3401 1854 3610 1922 κυρίους
3641 1851 3777 1923 λέγει

2180 1940 2403 2006 πρῶτον,
2461 1935 2543 1984 ἵνα
2596 1932 2725 2007 λάϐῃ
2780 1934 3257 2006 συνομολογοῦντας
3284 1941 3403 1999 τοὺς
3432 1937 3774 2014 ἀκροατὰςτῇ

2182 2020 2395 2093 ἀληθείᾳ
2444 2029 2536 2073 τοῦ
2590 2021 2909 2085 λεχθέντος·
2954 2022 3066 2075 εἶτα
3129 2027 3339 2083 τίθησιν
3381 2026 3630 2099 ὀνομαστὶ
3687 2036 3779 2083 καὶ

2181 2110 2389 2176 αὐτοὺς,
2449 2115 2565 2183 περὶ
2621 2111 2687 2162 ὧν
2733 2114 2758 2162 6
2797 2112 2941 2183 λόγος
3006 2128 3017 2138 ⁸
3074 2109 3170 2164 δύο
3222 2110 3279 2166 δὲ
3330 2121 3544 2190 κυρίους
3592 2125 3775 2189 φησὶν,

2182 2198 2385 2250 ἐναντία
2469 2202 2852 2260 ἐπιτάττοντας.
2950 2201 3221 2265 Ανθέξεται
3300 2200 3379 2271 δὲ,
3465 2202 3576 2258 ἀντὶ
3661 2216 3776 2279 τοῦ,

2181 2287 2511 2340 ’Υπακούσειο

2257 2377 2333 2428 Ού
2364 2407 2431 2417 -
2462 2383 2701 2449 μαμωνᾶ.
2731 2375 2870 2431 Ἰδοὺ
2892 2382 2979 2430 καὶ
3004 2379 3253 2451 ὀνομαστὶ
3268 2383 3385 2441 τοὺς
3401 2380 3649 2455 ῥηθέντας
3681 2382 3781 2438 δύο

2186 2470 2398 2539 κυρίους
2430 2463 2682 2523 ἐδήλωσε.
2732 2473 2991 2538 Μαμωνάς
3012 2464 3070 2520 δε
3090 2469 3210 2541 παρ’
3240 2468 3519 2539 Ἑϐραίοις,
3554 2473 3579 2522 6
3617 2472 3779 2525 πλοῦ-

2182 2574 2286 2620 τος,
2320 2556 2371 2606 ὃν
2420 2560 2508 2606 καὶ
2560 2556 2739 2628 κύριον
2777 2562 3193 2629 προσηγόρευσε,
3240 2554 3331 2609 διὰ
3383 2562 3477 2617 τὴν
3510 2557 3781 2612 ἀσθένειαν

2182 2652 2280 2694 τῶν
2312 2644 2400 2694 ὑπ’
2429 2643 2591 2696 αὐτοῦ
2636 2648 3025 2719 κυριευομένων.
3076 2646 3139 2700 Τί
3195 2644 3321 2715 of»;
3361 2646 3464 2718 οὐχ
3493 2648 3517 2697 6
3542 2646 3783 2719 Ἀϐραὰμ

2181 2731 2431 2793 πλούσιος
2457 2729 2516 2789 ἦν
2549 2751 2561 2800 ;
2603 2733 2708 2803 οὐχ
2738 2735 2762 2784 6
2789 2733 2906 2786 Ἰὼϐ
2934 2739 3023 2786 καὶ
3056 2737 3103 2786 οἱ
3162 2735 3275 2787 κατ’
3329 2734 3545 2798 ἐκείνους
3580 2780 3592 2802 ,
3626 2741 3734 2789 Ναί
3767 2754 3779 2765 '

2181 2820 2421 2873 πλούσιοι
2450 2824 2539 2892 μὲν
2577 2818 2731 2888 ἦσαν,
2765 2821 2871 2873 ἀλλ’
2895 2823 2952 2874 ού
2984 2832 3054 2893 τῷ
3088 2823 3290 2895 πλούτῳ
3319 2821 3581 2876 ἐδούλευον
3624 2842 3637 2853 ·
3674 2824 3784 2876 ἀλλ’

2184 2910 2444 2984 ἐκυρίευον
2490 2910 2637 2963 αὐτοὶ
2694 2914 2898 2977 τούτου,
2941 2916 3029 2964 καὶ
3065 2912 3133 2973 είς
3175 2917 3285 2974 τοὺς
3318 2910 3590 2986 δεομένους
3622 2915 3785 2967 αὐτὸν

2188 2999 2485 3057 ἀνήλισκον.

2258 3174 2332 3226 Οὐ
2365 3170 2593 3227 δύνασθε
2640 3172 2700 3227 δὲ
2753 3183 2866 3245 Θεῷ
2909 3172 3169 3229 δουλεύειν
3196 3182 3285 3229 καὶ
3309 3183 3550 3249 μαμωνᾶ”
3587 3175 3732 3232 διότι
3764 3182 3789 3232 6

2188 3266 2276 3335 μεν
2291 3267 2420 3324 Θεὸς
2442 3264 2720 3330 ἐπιτάττει,
2749 3269 2819 3337 μὴ
2853 3270 3005 3337 μόνον
3032 3264 3325 3337 ἀπέχεσθαι
3355 3275 3453 3318 τῶν
3484 3266 3787 3343 ἀλλοτρίων,

2188 3351 2315 3403 ἀλλά
2345 3358 2433 3403 καὶ
2462 3362 2559 3405 τῶν
2596 3353 2794 3405 οἰκείων
2844 3351 3210 3426 μεταδιδόναι,
3241 3357 3265 3407 ό
3299 3353 3358 3408 δέ
3395 3364 3645 3428 μαμωνᾶς
3670 3359 3789 3410 τούο

2188 3446 2409 3507 ναντίον,
2444 3446 2514 3513 μὴ
2558 3448 2710 3513 μόνον
2760 3447 2829 3513 μὴ
2868 3440 3227 3515 μετοδιδόναι,
3263 3452 3361 3496 τῶν
3397 3451 3629 3510 σικείων,
3663 3446 3792 3500 ἀλλὰ

2190 3527 2328 3601 μηδὲ
2357 3539 2457 3582 τῶν
2489 3529 2762 3605 ἀλλοτρίων
2787 3530 3078 3603 ἀπέχεσθαι
3113 3547 3123 3559 ’
3164 3538 3252 3586 καὶ
3274 3535 3401 3605 ὁμὲν
3433 3534 3548 3605 (21)
3580 3542 3794 3609 κρατεῖν

2189 3622 2439 3693 γαστρὸς,
2474 3621 2498 3671 6
2527 3616 2586 3671 δέ
2626 3618 2815 3691 ἐφιέναι
2843 3623 3043 3692 γαστρί
3075 3638 3086 3650 ·
3128 3626 3216 3673 καὶ
3258 3623 3283 3673 6
3321 3626 3411 3694 μὲν
3439 3622 3793 3698 σωφρονεῖν,ό

2193 3706 2252 3760 δε
2286 3711 2546 3780 πορνεύειν
2573 3714 2662 3761 καὶ
2693 3711 2759 3760 τὰ
2786 3716 3020 3761 τοιαῦτα.

2265 3799 2370 3849 Λιά
2417 3828 2484 3836 -
2543 3794 2860 3855 ἐνδύσησθε.
2929 3799 3266 3860 Ἀποστήσας
3318 3807 3411 3851 τοῦ
3453 3802 3806 3877 θησαυρίζειν

2192 3883 2274 3936 ἐπὶ
2301 3892 2391 3944 τῆς
2419 3894 2485 3955 γῆ
2500 3907 2538 3953 ς,
2572 3890 2656 3938 καὶ
2684 3893 2866 3947 πείσας
2906 3884 3164 3959 διανέμειν
3198 3892 3260 3940 τὰ
3297 3894 3585 3959 πρυσόντα,
3642 3887 3810 3943 διὸά-

2196 3993 2308 4025 σκει
2333 3974 2529 4039 λοιπὸν,
2558 3973 2696 4046 μηδὲ
2724 3982 2839 4046 περὶ
2872 3986 2962 4037 τῆς
2985 3977 3273 4047 ἀναγκαίας
3304 3982 3486 4051 χρείας
3516 3986 3809 4053 μεριμνᾷν.

2195 4067 2329 4120 Φησὶ
2373 4065 2473 4135 γάρ
2504 4080 2516 4092 ·
2551 4069 2636 4121 Μὴ
2694 4071 2970 4139 μεριμνᾶτε
3001 4074 3060 4137 τῇ
3104 4065 3258 4137 ψυχῇ
3314 4067 3473 4136 ὐμῶν,
3526 4072 3811 4137 τουτέστι,

2194 4156 2278 4209 Μὴ
2335 4158 2611 4223 μεριμνᾶτε
2661 4150 2755 4204 διὰ
2817 4158 2909 4211 τὴν
2968 4154 3153 4225 ψυχὴν
3206 4157 3370 4227 ἡμῶν,
3432 4160 3481 4206 τί
3527 4159 3745 4227 φάγητε
3783 4161 3813 4217 ἦ

2194 4246 2244 4289 τί
2302 4245 2472 4297 πίητε.
2522 4241 2580 4293 Εἰ
2626 4244 2726 4313 γὰρ
2782 4246 2872 4293 καὶ
2931 4244 2960 4300 ἠ
3025 4243 3179 4314 ψυχὴ
3252 4243 3367 4296 οὐτε
3432 4243 3617 4309 ἐσθίει,
3672 4248 3820 4301 ὀὔτε

2193 4331 2327 4380 πίνει
2362 4345 2374 4357 ·
2411 4326 2515 4380 ἀλλ’
2566 4326 2652 4381 οὖν
2684 4327 2777 4383 διὰ
2824 4336 2912 4389 τὴν
2953 4331 3140 4402 ψυχὴν
3176 4331 3417 4385 ἐσθίουσι
3436 4336 3525 4384 καὶ
3558 4340 3821 4390 πίνουσιν

2197 4416 2244 4467 οἰ
2297 4418 2580 4490 ἄνθρωποι,
2638 4424 2709 4491 μὴ
2778 4416 3072 4492 δυναμένην
3139 4420 3348 4473 ἐνοικεῖν
3396 4426 3607 4494 σώματι
3658 4428 3823 4497 ’μήτε

429 4484 611 4564 edunt
638 4524 703 4565 ac
748 4484 969 4564 bibunt
1002 4506 1277 4562 homines
1298 4484 1455 4576 iquaa
1505 4520 1723 4575 corpus
1754 4505 2071 4561 inhabitare

2197 4510 2482 4578 τρεφομένῳ
2504 4512 2635 4579 μήτε
2662 4512 2879 4576 πίνοντι,
2926 4513 3115 4581 μέχρις
3166 4510 3229 4563 ἄν
3280 4510 3371 4562 καί
3413 4519 3568 4563 τοῦτο
3597 4511 3813 4590 ἀφθαρ-

429 4611 551 4651 non
564 4600 775 4666 potest,
794 4596 960 4667 quod
980 4610 1101 4651 non
1113 4594 1388 4659 comedit,
1405 4598 1462 4650 et
1476 4593 1645 4659 bibit,
1675 4593 1864 4649 donec
1890 4594 2089 4665 ipsum

433 4698 676 4755 quoque
701 4699 920 4755 corpus
952 4682 1393 4753 incorruptibile
1425 4682 1733 4738 reddatur.

505 4770 635 4827 Alio
656 4786 898 4843 quoque
930 4771 1111 4827 modo
1139 4770 1201 4827 id
1226 4772 1416 4843 aptari
1442 4773 1511 4842 (ε)
1542 4775 1750 4843 potest,
1782 4771 1938 4843 quod
1952 4787 2090 4827 cum

434 4858 709 4919 homines
738 4859 1038 4917 interdum
1063 4859 1126 4917 in
1157 4860 1360 4917 anima
1382 4860 1540 4918 anxii
1564 4860 1700 4927 sint,
1729 4860 2092 4933 quandoque

2198 4596 2427 4653 τισθείη.

2271 4771 2415 4845 [Καὶ
2470 4772 2580 4843 (22)
2623 4773 2741 4826 καθ’
2794 4774 2960 4850 ἕτερον
3012 4772 3070 4828 δε
3096 4780 3283 4848 τρόπον
3325 4774 3693 4848 ἐρμηνευτέον,
3742 4800 3823 4834 οτι

2201 4860 2314 4914 ἐπεὶ
2370 4864 2490 4915 ποτέ
2533 4864 2621 4935 μὲν
2672 4861 2720 4915 ἐν
2768 4871 2830 4936 τῇ
2882 4862 3035 4936 ψυχῇ
3078 4874 3395 4938 μεριμνῶσιν
3442 4868 3492 4918 οἱ
3530 4868 3820 4943 ἓνθρωποι,

1670 5063 1893 5132 Variae
1917 5063 2251 5132 lectiones
2296 5077 2359 5133 et
2397 5074 2574 5134 notae

543 5287 607 5343 l9
662 5290 1061 5360 κατωρυγμένου
1100 5294 1160 5341 Α.

513 5287 1027 5431 ἓὲθζᾶναστὶλλοντος
1069 5363 1133 5415 Α.

516 5358 1027 5431 (20)ἆναστὶλλοντος
1069 5363 1133 5415 Α.
1169 5359 1335 5415 Male.
1387 5359 1495 5415 Pro
1549 5360 1672 5412 αὐτό
1731 5365 1928 5415 autem
1972 5374 2096 5415 cor-

441 5430 758 5504 rigendum
788 5430 1023 5487 videtur
1053 5431 1207 5504 αὐτῇ,
1251 5432 1285 5487 i.
1320 5446 1372 5490 e.
1395 5438 1458 5504 τῇ
1480 5430 1637 5518 ⁵ψυχῇ
1672 5434 1865 5505 Atque
1899 5433 1978 5489 ita
2007 5431 2096 5487 vi~

520 5610 593 5686 (s)
618 5590 857 5683 Aptari.
887 5609 1195 5684 Explicari.

636 5357 1027 5441 ᾁναστὶλλοντος
1169 5359 1335 5441 Male.
1387 5359 1512 5441 Pro.
1549 5360 1699 5441 αὐτόΔ
1731 5365 1928 5441 autem
1972 5374 2101 5439 cor-

2210 5289 2383 5363 detur
2412 5288 2620 5363 legisse
2646 5289 2955 5363 interpres.

2302 5360 2390 5426 “2-1)
2433 5359 2532 5411 ἀπὸ
2563 5370 2734 5414 κοινοῦ
2764 5359 2819 5415 τό
2850 5364 3127 5417 ἐπιτάττει.

2302 5361 2390 5426 21)
2433 5361 2532 5411 ἀπὸ
2563 5370 2734 5414 κοινοῦ
2764 5361 2819 5415 τό
2850 5364 3127 5417 ἐπιτάττει.

2279 5361 2391 5503 ἒέἓ)
2435 5431 2668 5488 Inclusa
2708 5434 2767 5489 in
2808 5436 3079 5506 margine
3112 5434 3311 5491 habet.
3343 5435 3416 5489 A.
