3990 6206
194 285 266 341 249
1068 282 1430 340 COMNENT.
1480 283 1550 339 ΙΝ
1603 282 2046 341 MATTH/EUM.
2090 314 2155 328 —
2199 283 2354 342 CAP.
2394 284 2490 343 VI.

3352 290 3459 344 250

187 409 368 462 ὅτικατὰ
390 413 497 460 νοῦν
538 410 684 478 μόνον
729 407 1086 482 φροντίζουσι,
1117 411 1241 461 ποτε
1292 405 1351 462 δὲ
1399 409 1448 462 ἐν
1477 418 1549 480 τῷ
1585 414 1694 462 σώ-

1841 413 2001 466 utem
2034 409 2160 466 sola
2189 414 2386 466 mente
2416 409 2644 467 solliciti
2702 411 2791 483 (t),
2829 413 3192 485 quandoque
3230 427 3368 470 vero
3401 413 3462 470 in

179 519 286 571 μασι,
315 499 386 549 ὅτε
431 501 787 549 κατατείνουσι
837 498 952 566 (23)
999 504 1151 550 τοῦτο
1197 501 1324 572 πρὸς
1373 505 1559 556 κτῆσιν
1606 506 1697 550 τοῦ

180 583 537 656 σπουδαζομένου
571 628 585 652 ,
631 592 719 637 καὶ
777 589 967 647 ταύτης
1012 585 1252 648 κάκείνης
1301 596 1390 647 τῆς
1447 592 1698 661 μερίμνης

177 673 340 745 ἀπάγων
363 675 538 736 αὐτοὺς
568 677 595 727 ὁ
621 678 830 748 Κύριος,
857 673 962 728 εἷπε
996 692 1008 705 ·
1041 681 1123 734 Μὴ
1153 682 1450 749 μεριμνᾶτε,
1474 682 1599 748 μήτε
1633 684 1693 748 τῇ

174 764 288 834 ψυχῇ
325 765 470 834 ὑμῶν,
534 769 662 836 μήτε
710 773 784 834 τῷ
839 770 1064 837 σώματι,
1120 769 1234 838 περὶ
1292 763 1556 837 βρώσεως,
1611 768 1699 818 καὶ

178 858 337 913 ποσεως,
361 857 441 904 καὶ
469 849 767 925 ἐνδύματος.
797 852 818 928 ]

225 941 423 1011 0-511—
450 939 732 1014 ἐνδύματος
766 961 780 1010 ;
811 948 976 994 Τοῦτο
1031 940 1138 994 εἷπε
1191 938 1383 1013 δηλῶν,
1439 944 1518 995 ὅτι
1569 943 1595 994 ὁ
1641 946 1701 996 τὸ

175 1027 297 1080 πλεῖον
323 1025 435 1091 δούς
464 1032 612 1104 ἡμῖν,
640 1035 730 1083 καὶ
758 1034 820 1083 τὸ
861 1030 1064 1083 ἔλαττον
1110 1026 1293 1085 δώσει.
1322 1031 1500 1084 Πλεῖον
1533 1028 1609 1098 δὲ,
1643 1035 1701 1084 τὸ

170 1119 299 1187 μεῖζον
323 1119 459 1191 λέγει.

221 1296 490 1370 Tumens
536 1331 609 1341 ——
652 1301 806 1354 αύτοί.
860 1307 971 1355 Ἵνα
1016 1305 1085 1374 μή
1138 1321 1214 1362 τις
1268 1304 1407 1375 εἴπῃ,
1469 1304 1549 1355 ὅτι
1603 1308 1703 1356 Καὶ

169 1393 248 1447 πῶς
284 1388 372 1460 ἄρα
415 1389 708 1463 ζησόμεθα,
740 1395 810 1463 μὴ
859 1400 1197 1466 μεριμνῶντες
1233 1396 1350 1466 περὶ
1396 1399 1494 1444 τῶν
1543 1391 1700 1464 ἀναγ-

164 1478 280 1526 καίων
309 1493 321 1540 ;
351 1476 450 1530 λύει
480 1483 576 1537 τὴν
607 1483 854 1538 τοιαύτην
890 1477 1149 1532 ἀντίθεσιν
1184 1478 1285 1532 ἀπὸ
1314 1488 1404 1532 τοῦ
1444 1478 1704 1556 παραδεί-

165 1583 317 1632 γματος
353 1575 444 1618 τῶν
486 1577 731 1620 πετεινῶν
768 1566 804 1620 ἆ
831 1572 901 1641 μὴ
940 1577 1262 1641 μεριμνῶντα
1302 1574 1470 1643 τρέφει
1499 1571 1524 1621 ὁ
1557 1574 1698 1631 Θεὸς.

161 1657 392 1726 ,δυνάμεως
434 1651 492 1709 δὲ
541 1656 599 1720 ἐξ
641 1655 921 1730 ἀνθρώπων
982 1656 1196 1729 ἐνεγκεῖν
1241 1662 1299 1710 τὸ
1348 1655 1701 1731 παράδειγμα,

1805 513 2046 568 corpore
2079 517 2094 554 :
2126 499 2447 572 aliquando
2475 505 2527 555 et
2556 500 2638 571 (ιι)
2666 500 2742 555 ad
2764 503 3196 572 possessiones,
3223 517 3374 574 quas
3401 501 3464 558 in

1807 588 2009 643 animo
2051 588 2294 653 habent,
2327 590 2440 644 hoc
2472 590 2793 645 extendunt
2825 606 2838 644 :
2888 596 2942 645 et
2974 590 3049 645 ab
3107 591 3240 655 hac,
3298 598 3353 645 et
3383 590 3462 646 ab

1806 667 1907 730 illa
1932 691 2091 742 cura,
2139 677 2428 733 Dominus
2485 677 2616 732 illos
2668 677 3047 744 abstrahens,
3103 678 3253 734 dixit
3309 695 3320 733 :
3379 680 3464 735 Ne

1807 766 1981 821 anxii
2007 765 2154 831 sitis,
2188 781 2380 837 neque
2428 765 2488 820 in
2529 767 2731 822 anima
2770 773 2988 830 vestra,
3019 783 3213 838 neque
3240 767 3300 823 in
3333 783 3463 823 cor-

1807 869 1970 927 pore,
2005 854 2079 909 de
2105 854 2239 909 cibo
2270 859 2323 908 et
2354 859 2517 925 potu,
2564 869 2634 909 ac
2664 855 3031 910 vestimento.

1878 941 2041 998 Vers.
2072 943 2160 997 25.
2193 943 2404 998 Nonne
2426 972 2495 982 -
2526 943 2931 998 vestimentum
2959 943 2985 997 ?
3014 943 3133 998 Hoc
3167 942 3316 998 dixit
3342 959 3465 1000 ma-

1810 1031 2125 1095 nifestans,
2169 1031 2337 1102 quod
2387 1031 2438 1086 is
2489 1031 2609 1102 qui,
2652 1032 2811 1103 quod
2863 1032 3122 1103 amplius
3162 1037 3268 1098 est,
3319 1048 3466 1104 prae-

1811 1125 1923 1177 stat
1968 1120 2160 1186 nobis,
2198 1121 2400 1192 utique
2440 1125 2496 1177 et
2546 1121 2712 1193 quod
2764 1121 2967 1176 minus
3013 1126 3105 1176 est
3154 1122 3462 1194 prestabit,

1809 1208 1950 1264 Plus
1975 1213 2175 1264 autem
2205 1207 2369 1274 dixit,
2394 1208 2508 1264 hoc
2537 1212 2639 1274 est,
2671 1208 3002 1280 pretiosius.

1879 1299 2042 1352 Vers.
2086 1298 2174 1352 26.
2207 1297 2465 1366 Aspicite
2495 1327 2558 1337 —-
2591 1296 2713 1354 illa.
2766 1299 2848 1352 Ne
2887 1298 3020 1368 quis
3051 1297 3210 1353 dicat
3241 1314 3254 1353 :
3301 1299 3459 1363 Quo-

1810 1385 1991 1442 modo
2013 1394 2210 1442 autem
2235 1385 2525 1450 vivemus,
2550 1386 2624 1440 de
2648 1385 2828 1440 rebus
2860 1387 3207 1442 necessariis
3233 1402 3347 1441 non
3369 1403 3467 1442 cu-

1809 1480 2002 1532 rantes
2024 1473 2613 1545 ?Solvithujusmodi
2638 1473 3034 1542 objectionem
3075 1475 3153 1530 ab
3193 1475 3467 1546 exemplo

1811 1564 2034 1629 avium,
2069 1579 2214 1635 quas
2244 1578 2381 1618 cum
2429 1562 2574 1617 nihil
2607 1561 2872 1618 sollicitae
2895 1563 3030 1627 sint,
3065 1565 3257 1634 pascit
3289 1565 3464 1619 Deus.

1812 1653 2013 1708 Posset
2043 1656 2240 1708 autem
2267 1655 2321 1707 et
2349 1651 2426 1708 ab
2453 1650 2800 1706 hominibus
2832 1654 3177 1723 exemplum
3211 1667 3464 1718 sumere,

161 1747 226 1793 καὶ
267 1743 404 1796 εἰπεῖν
451 1749 539 1798 τὸν
601 1746 796 1813 Ἠλίαν⁹
849 1750 938 1798 καὶ
993 1749 1076 1798 τὸν
1127 1745 1384 1815 Ἰωάννην,
1441 1751 1530 1798 καὶ
1588 1750 1704 1808 τοὺς

1839 1746 1868 1797 ιι
1916 1741 2131 1807 dicere,
2173 1740 2333 1812 quod
2367 1739 2523 1796 Elias
2567 1745 2620 1794 et
2650 1738 2934 1805 Joannes,
2969 1741 3189 1812 aliique
3221 1741 3466 1808 similes,

160 1831 246 1882 κατ’
272 1833 460 1899 αὐτούς,
503 1837 624 1888 ὅσοι
654 1832 819 1908 μηδὲν
865 1842 1093 1887 τοιοῦτον
1133 1834 1477 1909 ίμερίμνησαν
1510 1853 1522 1865 ·
1555 1843 1704 1886 τοῦτο

159 1923 224 1987 μὲν
247 1921 328 1972 οὐκ
349 1920 609 1989 ἐποίησεν,
657 1923 757 1976 ὄιπό
788 1932 887 1976 τῶν
931 1933 1168 1977 πετεινῶν
1217 1921 1275 1976 δὲ
1317 1923 1504 1996 μᾶλλον
1554 1923 1703 1976 ἐπεσ-

160 2014 300 2080 τόμισε
326 2015 409 2068 τήν
436 2013 711 2087 εἰρημένην
757 2011 1035 2076 ἀντίθεσιν,
1068 2013 1519 2089 ἐντρεπτικὼτερον
1546 2014 1705 2065 καθα-

159 2097 356 2166 ύάμενος,
386 2106 472 2153 καὶ
507 2101 755 2176 περιελὼν
787 2107 959 2153 πᾶσαν
988 2106 1262 2176 πρόφασιν.

213 2192 292 2238 Καὶ
330 2191 424 2261 γὰρ
489 2195 588 2242 καὶ
633 2192 663 2247 ἡ
722 2189 920 2242 παλαιὰ
971 2197 1168 2264 Γραφὴ,
1226 2188 1514 2262 βουλομένη
1580 2209 1708 2262 σφο-

159 2269 352 2347 δρότερον
389 2279 714 2330 καθικέσθαι
758 2287 860 2329 τῶν
892 2277 1192 2353 ἀνθρώπων,
1235 2282 1364 2352 πρὸς
1417 2283 1502 2335 τὴν
1533 2277 1706 2350 μέλισ-

161 2381 230 2412 σαν
276 2365 450 2428 αὐτούς
511 2371 729 2439 πέμπει,
799 2372 888 2419 καὶ
954 2371 1082 2440 πρὸς
1140 2371 1228 2419 τὸν
1293 2369 1562 2441 μύρμηκα,
1618 2371 1708 2418 καὶ

159 2457 252 2522 πρὸς
292 2454 412 2506 (ἦλα
464 2456 600 2515 ζῶα.
655 2458 731 2507 Τὰ
787 2460 877 2527 μὲν
925 2453 1010 2508 οὖν
1053 2458 1278 2522 πετεινὰ,
1328 2461 1610 2528 μείναντα,
1639 2459 1708 2516 ὡς

157 2539 197 2600 ἐξ
229 2539 384 2614 ἀρχῆς
440 2543 695 2615 ἐγένοντο,
751 2543 1030 2617 εὐποροῦσι
1081 2549 1171 2596 καὶ
1221 2554 1315 2606 τῆς
1364 2547 1498 2597 κατά
1553 2547 1706 2616 φύσιν

151 2637 303 2699 τροφῆς
328 2648 340 2660 ⁸
381 2633 407 2683 ὁ
438 2629 499 2685 δὲ
544 2634 814 2706 ἄνθρωπος
847 2678 861 2701 ,
910 2635 1179 2705 ἐπιτραπεὶς
1235 2633 1526 2707 ἐστέρηται.
1566 2632 1704 2691 Πλὴν

152 2717 303 2788 impr}
337 2719 431 2772 ἀπὸ
464 2722 584 2793 (24)
632 2728 723 2773 τοῦ
755 2728 888 2773 Θεοῦ
935 2719 1272 2795 ἁλλοτρίωσις
1306 2721 1494 2794 ἀφεῖλε,
1540 2730 1708 2774 ταῦτα

152 2804 271 2858 πάλιν
305 2809 330 2865 ἠ
369 2813 498 2882 πρὸς
551 2809 712 2861 αὐτὸν
747 2809 1002 2872 οἰκείωσις
1034 2807 1357 2864 ἀποδίδωσι.
1407 2813 1502 2864 Διὰ
1553 2818 1704 2864 τοῦτο

151 2899 390 2964 προσέταξε
421 2943 436 2967 ,
467 2904 542 2971 μὴ
580 2904 827 2974 μεριμνᾴν
857 2903 972 2971 περὶ
1016 2901 1206 2951 τούτων
1240 2943 1255 2970 ,
1306 2898 1432 2951 ἀλλὰ
1466 2905 1579 2974 περὶ
1612 2907 1703 2952 τοῦ

151 2983 434 3043 οἰκειωθῆναι
465 2995 609 3057 Θεῷ.

1240 2943 1255 2970 7

1812 1829 1956 1886 nihil
2007 1829 2120 1886 tale
2169 1829 2476 1884 curabant.
2518 1828 2736 1883 Verum
2787 1828 2847 1883 id
2887 1843 3008 1884 non
3047 1829 3202 1894 fecit,
3253 1830 3359 1885 sed
3392 1829 3470 1885 ab

1814 1918 2022 1976 avibus
2065 1916 2264 1988 potius
2297 1917 2518 1972 dictam
2570 1919 2848 1988 repressit
2885 1917 3305 1987 objectionem,
3346 1935 3472 1973 om-

1813 2022 1952 2063 nem
1975 2010 2322 2078 praetextum
2349 2023 2360 2061 :
2387 2005 2600 2076 majori
2619 2005 2965 2061 confusione
2988 2021 3245 2077 arguens
3273 2022 3344 2062 ac
3367 2006 3473 2062 tol-

1816 2095 1964 2152 lens.

1884 2187 2035 2240 Nam
2083 2187 2140 2239 et
2183 2185 2356 2239 vetus
2399 2182 2726 2254 Scriptura,
2775 2181 2982 2239 volens
3020 2183 3295 2240 homines
3345 2200 3469 2242 am-

1815 2273 1971 2346 plius
1993 2288 2121 2328 sese
2142 2272 2396 2345 dejicere
2412 2271 2489 2344 (v)
2511 2271 2588 2327 ad
2604 2287 2782 2344 apem
2801 2288 2868 2327 ac
2882 2271 3214 2339 formicam,
3233 2277 3470 2331 caetera-

1814 2378 1930 2435 que
1961 2361 2292 2418 animantia
2322 2361 2513 2417 mittit.
2548 2363 2700 2417 Aves
2730 2377 2869 2432 ergo
2896 2361 3107 2418 eodem
3141 2367 3316 2430 statu,
3349 2379 3473 2435 quo

1816 2467 1852 2507 a
1883 2449 2446 2523 principiofuerunt,
2482 2455 2925 2522 permanentes,
2955 2451 3084 2507 cibo
3107 2451 3206 2522 qui
3237 2452 3319 2507 eis
3343 2453 3471 2523 jux-

1815 2545 1872 2596 ta
1929 2545 2211 2596 naturam
2259 2539 2555 2606 convenit,
2605 2539 2786 2596 etiam
2848 2539 3160 2597 abundant
3224 2559 3237 2597 :
3289 2542 3472 2598 homo

1813 2643 1954 2685 vero
2001 2644 2037 2684 a
2085 2629 2202 2684 Deo
2245 2643 2518 2692 aversus,
2585 2643 2656 2684 eo
2699 2627 2988 2700 privatur.
3049 2630 3469 2686 Verumtamen

1813 2733 1948 2790 qua:
1977 2717 2222 2774 abstulit
2261 2716 2548 2774 alienatio
2588 2733 2621 2773 a
2659 2717 2802 2787 Deo,
2831 2717 2960 2773 haec
2997 2733 3235 2773 rursum
3277 2718 3474 2775 reddit

1811 2807 2086 2863 reversio.
2114 2806 2290 2862 Iubet
2319 2806 2520 2879 itaque
2553 2821 2626 2862 ne
2646 2807 2861 2862 horum
2886 2823 3093 2863 curam
3123 2807 3469 2876 habeamus,

1818 2896 1924 2952 sed
1953 2895 2032 2952 ad
2063 2897 2248 2952 Deum
2274 2895 2561 2968 peculiari
2587 2895 2769 2952 modo
2809 2902 3194 2954 revertamur.

1887 2986 2050 3041 Vers.
2077 2987 2286 3043 Nonne
2313 3017 2381 3026 —
2415 2986 2525 3042 illa
2548 2988 2577 3043 ἵ
2615 2990 2822 3043 Nonne
2851 3003 2958 3042 vos
2990 2987 3166 3057 longe
3195 2987 3469 3044 meliores

202 3074 395 3144 Ούχ-
448 3077 670 3143 αὐτῶν;
721 3078 843 3149 οὐχ
889 3079 1034 3151 ὑμεῖς
1080 3083 1346 3152 κρείττους
1394 3082 1528 3130 κατά
1574 3077 1702 3131 πολύ

1839 3073 1948 3130 ιεῐίε
1977 3074 2189 3130 avibus
2216 3074 2244 3129 ?
2277 3075 2498 3140 Quodsi
2525 3075 2738 3131 viliora
2775 3076 2876 3132 alit
2905 3078 3082 3142 Deus,
3116 3078 3304 3134 multo
3348 3093 3476 3134 ma-

150 3167 224 3209 τῶν
282 3174 509 3216 πετεινῶν
577 3164 736 3237 iam;
796 3171 896 3220 Καὶ
951 3167 995 3219 εἰ
1050 3170 1114 3220 τὰ
1191 3173 1406 3242 χείρονα
1459 3172 1622 3242 τρέφει
1678 3168 1702 3218 ὁ

148 3255 248 3312 Θεὸς
276 3294 287 3316 ,
333 3253 499 3325 πολλῷ
558 3254 750 3326 μᾶλλον
804 3260 924 3319 τούς
974 3261 1279 3330 κρείττονας.
1331 3256 1390 3308 ⁸0
1431 3259 1533 3330 γὰρ
1588 3252 1704 3309 δια-

147 3335 311 3400 πλάσας
357 3345 482 3414 ἡμῖν
544 3353 723 3416 σῶμα,
775 3343 1009 3418 δεόμενον
1061 3355 1272 3419 τροφῆς,
1329 3346 1536 3420 παρέξει
1582 3349 1706 3398 ποίν-

145 3443 221 3488 m;
245 3434 323 3482 καὶ
366 3436 458 3490 τὴν
510 3439 710 3504 τροφὴν
751 3433 931 3488 αὐτοῦ.
965 3439 1027 3486 Τί
1057 3431 1142 3486 οὖν
1172 3451 1186 3501 ;
1218 3435 1277 3486 ού
1310 3431 1394 3487 δεῖ
1423 3440 1648 3509 σπείρειν
1688 3454 1701 3503 ;

148 3516 236 3565 0'31
277 3517 390 3583 εἶπε,
441 3526 530 3578 Μὴ
597 3527 849 3594 σπείρετε,
904 3521 1048 3588 ἀλλὰ,
1104 3527 1189 3580 Μὴ
1245 3530 1535 3596 μεριμνᾶτε.
1595 3527 1705 3579 Τῶν

147 3601 307 3656 τελείων
349 3613 594 3683 μὲνγὰρ,
650 3613 710 3662 τὸ
761 3608 900 3682 μηδὲ
935 3616 1182 3683 σπείρειν,
1235 3610 1341 3663 ἀλλ’
1391 3611 1706 3684 ἐργάξεσθαι

146 3712 274 3760 Em“
320 3704 409 3755 τὴν
457 3698 667 3771 βρῶσιν
696 3703 791 3758 τὴν
839 3704 909 3772 μὴ
943 3698 1314 3773 ἀπολλυμένην,
1353 3700 1482 3773 λέγω
1514 3698 1581 3760 δὴ
1622 3703 1708 3764 τὰς

149 3777 313 3851 ἀρετὰς,
367 3789 433 3848 ὡς
487 3790 538 3840 οἱ
592 3786 894 3857 ἀπόστολοι,
947 3793 1032 3841 καὶ
1105 3791 1153 3841 οὶ
1209 3791 1564 3862 μιμησάμενοι
1617 3792 1705 3842 τὸν

151 3867 242 3939 βίον
281 3875 462 3944 αὐτῶν,
517 3882 611 3929 καὶ
660 3881 832 3940 ζητεῖν
864 3875 964 3930 ἀπὸ
1003 3885 1094 3930 τοῦ
1122 3879 1236 3947 (25)
1277 3886 1408 3931 Θεοῦ
1451 3883 1545 3936 τὴν
1587 3897 1706 3952 τρο-

153 3964 225 4025 ῖέν
261 3979 272 3988 ·
301 3967 393 4016 Τὸν
421 3967 583 4039 ἄρτον
631 3969 754 4040 γὰρ,
805 3971 956 4038 φησὶ,
1003 3970 1088 4019 τὸν
1125 3965 1388 4019 ἐπιούσιον
1443 3963 1536 4027 δὸς
1582 3968 1707 4038 ἡμῖν

150 4055 336 4123 τήμερον
369 4075 380 4086 -
413 4063 515 4106 τῶν
571 4059 740 4126 μέσων
789 4053 866 4119 δὲ,
918 4059 976 4107 τὸ
1024 4060 1250 4128 σπείρειν
1294 4058 1404 4125 μὶν,
1437 4059 1508 4127 μὴ
1556 4074 1709 4130 φρον-

147 4141 276 4197 τίζειν
303 4138 376 4206 δὲ,
409 4151 524 4204 πῶς
556 4143 614 4194 ἂν
645 4147 782 4216 φύσῃ
815 4147 875 4197 τὸ
919 4149 1145 4216 σπέρμα,
1197 4150 1286 4197 καὶ
1317 4143 1429 4216 (26)
1469 4148 1706 4197 κατατεί-

145 4245 222 4276 νειν
245 4227 448 4292 ἑαυτούς
484 4232 635 4292 ὅλους
680 4233 749 4294 εἰς
778 4235 871 4294 τὰς
912 4236 1156 4295 τοιαύτας
1195 4237 1467 4308 μερίμνας,
1508 4235 1572 4294 ὡς
1619 4229 1712 4285 διὰ

146 4320 304 4379 ταύτας
329 4317 533 4390 ἀμελεῖν
563 4329 657 4382 τῆς
699 4321 906 4393 ψυχῆς,
951 4325 1045 4374 Διά
1073 4329 1226 4374 τοῦτο
1268 4327 1437 4374 τοίνυν
1475 4325 1531 4373 τὸ
1565 4326 1710 4374 σπεί-

1815 3163 1906 3234 gis
1939 3178 2040 3219 eos
2068 3163 2172 3235 qui
2203 3163 2475 3219 meliores
2508 3169 2662 3220 sunt.
2715 3165 2826 3230 Qui
2855 3165 3015 3220 enim
3063 3181 3282 3237 corpus
3339 3167 3474 3222 cibo

1810 3252 2088 3322 indigens
2118 3250 2286 3307 vobis
2325 3251 2568 3322 aptavit,
2616 3252 2795 3322 ipsius
2850 3268 3088 3323 quoque
3120 3254 3468 3310 alimentum

1814 3340 2048 3396 omnino
2067 3338 2363 3410 praebebit.
2381 3339 2531 3404 Quid
2549 3355 2690 3409 ergo
2702 3338 2930 3410 ?neque
2943 3340 3473 3399 seminarelicitum

1813 3430 1920 3486 erit
1951 3430 1978 3486 ?
2007 3432 2133 3484 Non
2162 3427 2325 3494 dixit,
2359 3431 2440 3484 Ne
2469 3427 2791 3494 seminetis,
2826 3427 2950 3494 sed,
2993 3430 3082 3485 Ne
3107 3429 3348 3486 solliciti
3383 3434 3457 3487 si-

1816 3519 1904 3576 tis.
1948 3517 2341 3574 Perfectorum
2389 3517 2683 3590 siquidem
2717 3521 2806 3573 est
2853 3533 2974 3575 non
3015 3518 3330 3587 seminare,
3374 3521 3477 3578 sed

1814 3607 2049 3680 operari
2081 3605 2277 3663 cibum
2320 3607 2424 3679 qui
2464 3622 2584 3663 non
2617 3607 2765 3680 perit
2800 3624 2812 3662 :
2845 3607 2980 3663 dico
3031 3624 3174 3664 sane
3205 3609 3475 3677 virtutes,

1816 3697 1960 3753 sicut
1989 3695 2259 3768 apostoli,
2293 3697 2632 3768 horumque
2663 3697 2846 3752 vitam
2884 3697 3208 3762 imitantes,
3260 3714 3331 3755 ac
3378 3715 3480 3771 pe-

1816 3790 1935 3842 tere
1961 3803 1998 3842 a
2028 3786 2148 3842 Deo
2175 3784 2543 3842 alimentum.
2575 3788 2814 3848 Panem,
2839 3786 3054 3858 inquit,
3083 3793 3352 3844 nostrum
3383 3805 3481 3845 su-

1812 3875 2359 3946 permbstantialem
2379 3875 2456 3930 da
2472 3875 2630 3930 nobis
2654 3875 2820 3931 hodie
2836 3877 2905 3932 ³³.
2931 3875 3316 3932 Mediocrium
3338 3893 3477 3934 vero

1816 3969 1902 4020 est
1925 3964 2218 4019 seminare
2241 3963 2505 4035 quidem,
2541 3969 2599 4018 at
2621 3979 2743 4020 non
2769 3964 2979 4020 anxios
2999 3979 3148 4033 esse,
3168 3971 3224 4022 et
3250 3966 3478 4038 seipsos

1817 4059 1970 4114 totos
2001 4054 2061 4110 in
2100 4054 2446 4124 hujusmodi
2479 4068 2655 4109 curas
2685 4054 2960 4126 dejicere,
2997 4061 3066 4112 ut
3097 4057 3175 4112 ob
3215 4058 3324 4114 has
3356 4058 3479 4113 ani-

1819 4163 1932 4202 mae
1954 4161 2160 4202 curam
2186 4146 2511 4218 negligant.
2533 4147 2794 4220 Ideoque
2812 4150 3106 4204 seminare
3133 4166 3322 4222 neque
3351 4166 3479 4220 pro-

1819 4235 2026 4299 hibuit,
2057 4249 2250 4306 neque
2283 4235 2596 4304 concessit,
2629 4237 2731 4291 sed
2768 4237 2826 4292 in
2869 4237 3343 4309 uniuscujusque
3376 4255 3481 4293 vo-

1821 4324 2046 4379 luntate
2075 4323 2214 4378 illud
2244 4323 2722 4395 reliquit.Neque
2753 4325 2912 4380 enim
2951 4324 3010 4380 id
3041 4326 3112 4379 de
3143 4325 3358 4380 avibus
3387 4325 3478 4380 di-

145 4421 227 4470 ρειν
262 4411 373 4461 οὔτε
415 4408 674 4463 ἐκώλυσεν
705 4414 824 4463 οὔτε
863 4409 1154 4483 ἐπέτρεψεν,
1191 4409 1300 4462 ἀλλ’
1331 4409 1415 4463 ἐπὶ
1455 4419 1516 4483 τῇ
1560 4410 1705 4464 ἑκάσ-

1839 4413 1923 4478 [ἱί,
1951 4417 2015 4468 ut
2042 4412 2332 4468 seminare
2361 4412 2717 4482 prohiberet,
2753 4412 2855 4467 sed
2883 4411 2943 4467 id
2971 4417 3195 4468 tantum
3227 4412 3478 4469 demon-

149 4508 217 4542 τεν
242 4503 530 4572 προαιρέσει
558 4507 712 4552 τοῦτο
732 4499 1116 4553 καταλελοιπεν.
1147 4500 1208 4552 Εἰ
1236 4502 1336 4573 γὰρ
1363 4503 1588 4575 καὶπερὶ
1611 4508 1711 4552 τῶν

1823 4505 2001 4556 strare
2033 4500 2230 4570 voluit,
2259 4500 2423 4572 quod
2454 4501 2584 4557 illas
2616 4502 2770 4556 Deus
2806 4501 2945 4557 alat.

149 4592 351 4637 πετεινῶν
383 4584 546 4656 εἶπεν,
576 4592 658 4641 ὃτι
696 4589 756 4642 ού
798 4594 1123 4664 σπείρουσιν,
1168 4589 1276 4642 ἀλλ’
1321 4589 1414 4641 οῦκ
1463 4587 1572 4642 εἶπε
1611 4598 1786 4660 τοῦτο,
1815 4589 2025 4643 κωλύων
2063 4591 2123 4642 τὸ
2170 4594 2416 4662 σπείρειν,
2450 4588 2577 4642 ἀλλὰ
2615 4594 2766 4662 μόνον
2807 4586 2977 4653 δεῖξαι
3023 4589 3352 4664 βουλόμενος,
3401 4594 3478 4646 ὅτι

149 4670 168 4719 ὁ
193 4678 304 4733 Θεὸς
323 4681 494 4748 τρέφει
522 4677 675 4731 αὑτά.

198 4795 238 4831 ’³
283 4797 492 4858 Matth.
525 4806 691 4871 vi,u.

1285 4995 1288 4998 ρ
1351 4899 1928 4984 Variae'lectiones
1962 4906 2028 4969 et
2056 4906 2256 4970 nota.

208 5038 305 5108 (23)
325 5039 529 5114 ἀμέτρῳ
552 5042 822 5115 φιλοπονίᾳ
845 5042 973 5115 Non
1000 5041 1149 5113 cepit
1175 5041 1300 5115 vim
1327 5040 1604 5097 vocabuli
1632 5042 1716 5098 in-

153 5109 368 5195 ῑςτρτεεέ
399 5109 721 5195 ξατατείνειν
768 5109 857 5169 est
902 5109 1288 5195 idemiquod
1342 5115 1716 5195 κατατρύχειν,

150 5182 321 5256 nimiis
345 5182 652 5241 laboribus
702 5200 940 5250 vexare,
990 5182 1258 5255 affligere
1309 5200 1378 5240 ac
1411 5182 1585 5256 quasi
1605 5182 1718 5240 ‘ex-

151 5251 358 5309 tendere
390 5259 446 5310 et
471 5261 716 5313 atterere
743 5272 981 5329 corpus.

213 5391 270 5460 (ί)
305 5393 658 5469 Quandoque
685 5397 1035 5455 —solt¢'citi.
1072 5396 1321 5462 Quando
1364 5395 1492 5454 sola
1522 5400 1719 5454 mente

158 5469 276 5518 sunt
301 5467 550 5523 solliciti.

214 5531 291 5610 (α)
315 5538 647 5610 Aliquando
677 5548 752 5597 et.
785 5540 1064 5607 Quando.

218 5607 289 5677 (υ)
309 5607 570 5684 Amplius
590 5627 702 5670 sese
713 5613 981 5686 dejicere.
993 5611 1202 5669 Acrius
1215 5627 1475 5671 monere.
1494 5612 1576 5670 lta
1592 5611 1720 5669 Cin-

1920 5044 2008 5115 24)
2038 5042 2138 5096 ἀπὸ
2171 5048 2297 5097 Θεοῦ
2327 5044 2394 5098 Α.

2046 5115 2146 5167 ἀπὸ
2182 5122 2314 5169 Θεοῦ
2338 5116 2406 5170 Α.

1871 5183 2005 5274 ,(726)
2061 5187 2264 5243 Malim
2318 5183 2476 5258 μηδὲ,
2533 5186 2661 5242 loco
2739 5191 2848 5243 καί.
2916 5188 3050 5254 Aut,
3123 5186 3223 5241 ἀπὸ
3300 5195 3479 5241 κοινοῦ

1829 5275 1888 5310 το
1930 5277 2024 5329 μη.

1826 5411 2050 5475 namu_s_
2076 5397 2229 5475 d_ixit_
2261 5415 2326 5475 _p.
2378 5401 2467 5475 84)
2510 5400 2852 5475 Πικροτοίτοις
2909 5399 3068 5475 αὐτοῦ
3122 5403 3361 5453 καθίκετο
3398 5401 3480 5453 λό-

1824 5486 1957 5546 νοις.
1993 5471 2056 5523 Εἴ
2087 5468 2384 5546 [Εεοὴὶῠθε
2425 5472 2584 5528 Socr.
2612 5468 2715 5527 .111.
2748 5475 2834 5542 15,
2879 5474 2944 5524 τὰ
2976 5468 3235 5546 δυνάμενα
3272 5475 3481 5526 καθικέ-

1829 5541 1953 5594 σθαι
1982 5546 2070 5600 τῆς
2101 5539 2304 5615 ψυχῆς.
