3990 6206
431 278 531 334 251
1740 262 2087 322 EUTHYMII
2139 264 2471 321 ZIGABENI
3665 277 3763 332 252

494 403 640 457 Nam
672 399 814 472 quid
837 398 944 455 tibi
967 396 1247 471 proderit,
1282 396 1330 451 si
1355 400 1412 451 te
1442 394 1523 451 ita
1553 394 1712 450 curis
1744 391 2027 449 conﬁcias
2053 402 2055 411 ‘

2263 394 2325 447 Τί
2392 400 2516 464 γοῦν
2592 395 2892 468 ὠφελήσεις,
2979 398 3139 461 οὕτως
3211 398 3575 471 ἐπιτεταμένως
3638 421 3765 477 μερι-

424 494 785 564 Quanquam
811 491 972 546 enim
1003 494 1065 545 tu
1084 488 1294 545 millies
1326 486 1594 543 studium
1621 483 1927 551 adhibeas,
1962 499 2079 539 non

423 580 597 637 dabis
614 585 811 636 tamen
834 579 1094 650 pluviam
1116 576 1435 643 autsolem,
1450 574 1750 646 ﬂatusque
1766 578 2082 629 ventorum

419 669 634 739 quibus
674 684 878 723 semen
916 668 1171 724 fructum
1215 665 1496 739 proferat.
1543 667 1689 721 Nam
1746 663 1870 719 haec
1919 662 2081 718 solus

426 760 575 813 Deus
604 756 821 813 tribuit.
857 760 940 813 Ita
971 772 1113 826 ergo
1139 760 1195 812 et
1220 755 1295 811 de
1322 761 1487 826 potu,
1524 757 1579 809 et
1608 752 1683 808 de
1709 751 2076 818 indumento,

2191 490 2325 553 μνῶν
2360 499 2373 549 ;
2414 483 2526 555 (27)
2577 484 2682 537 Κᾶν
2725 489 2824 559 γὰρ
2873 492 3036 561 μυρία
3097 484 3431 561 σπουδάσῃς,
3485 489 3543 540 οὐ
3591 487 3765 553 δώσεις

2191 572 2355 639 ὑετὸν,
2410 571 2534 625 οὐδὲ
2587 574 2747 639 ἣλιον,
2805 572 2929 628 οὐδὲ
2981 579 3139 639 πνοὰς
3197 576 3415 651 ἀνέμων,
3462 579 3535 639 οἷς
3580 581 3604 631 6
3650 584 3764 633 σπό·

2188 679 2273 734 ρος
2325 670 2649 736 καρπογονεῖ.
2692 670 2868 716 Ταῦτα
2914 668 3014 738 γὰρ
3070 668 3093 717 6
3142 670 3272 729 Θεὸς
3327 672 3475 740 μόνος
3530 664 3762 725 δίδωσιν.

2192 750 2372 812 Οὐτως
2422 749 2509 804 οὖν
2552 756 2641 804 καὶ
2686 752 2771 805 ἐπὶ
2809 759 3058 826 πόματος,
3100 760 3189 808 καὶ
3221 755 3304 809 ἐπὶ
3350 752 3652 829 ἐνδύματος,
3679 763 3763 811 καὶ

422 846 671 917 aliisque
712 845 1030 901 similibus.

2190 847 2288 890 τῶν
2318 860 2374 892 το
2382 843 2581 893 ιούτων.

492 934 804 999 Quomodo
838 938 1039 990 autem
1069 936 1265 1005 potest
1295 931 1601 1003 quispiam
1631 929 1826 986 vivere
1862 928 1966 1000 qui
1998 935 2081 985 ta-

420 1023 502 1079 lia
530 1039 652 1079 non
683 1027 849 1078 curat
874 1024 900 1077 ‘?
928 1022 1241 1088 Quomodo
1270 1021 1298 1077 ?
1328 1021 1485 1076 Sicut
1512 1018 1778 1091 praedicti
1804 1018 2083 1074 vivebant

423 1112 637 1168 sancti.
663 1115 857 1183 Neque
883 1112 1042 1167 enim
1072 1110 1375 1183 propriam
1405 1108 1873 1165 imbecillitatem
1905 1107 2083 1164 facia-

419 1217 554 1256 mus
576 1202 852 1273 praecepti
873 1199 1427 1273 impossibilitatem.
1461 1198 1616 1254 Nihil
1647 1197 1940 1268 siquidem
1972 1196 2079 1252 im-

419 1291 706 1363 possibile
732 1291 1009 1362 praecepit
1041 1291 1194 1346 Deus
1231 1307 1245 1358 ;
1282 1289 1445 1345 novit
1477 1289 1637 1344 enim
1666 1286 2079 1360 possibilitatis

417 1381 699 1436 humanae
731 1396 1084 1445 mensuram,
1121 1395 1243 1435 non
1282 1379 1471 1435 solum
1502 1385 1566 1433 ut
1596 1381 1826 1433 creator
1866 1375 2074 1448 ipsius,

422 1470 527 1524 sed
569 1474 861 1541 tanquam
902 1470 949 1523 is
974 1484 1239 1540 quoque,
1281 1468 1387 1540 qui
1417 1483 1550 1524 eam
1580 1466 1640 1522 in
1679 1482 1740 1521 se
1794 1465 2072 1537 suscepit.

420 1560 627 1613 Verum
667 1557 775 1613 illis
817 1558 1059 1630 quidem
1101 1556 1268 1613 facile
1312 1562 1438 1613 erat
1482 1561 1860 1627 praeceptum,
1903 1553 2076 1625 quasi

419 1647 708 1719 separatis
739 1662 775 1702 a
806 1647 1052 1711 mundo,
1087 1646 1369 1717 omnique
1390 1644 1593 1701 habitu
1622 1658 1909 1715 corporeo
1934 1659 1946 1698 :
1974 1658 2076 1698 no-

416 1737 509 1793 bis
536 1742 734 1793 autem
758 1737 1127 1809 impossibile
1144 1736 1393 1799 videtur,
1423 1751 1493 1791 eo
1523 1734 1688 1807 quod
1710 1733 1786 1790 ab
1811 1735 1937 1805 ipso
1954 1749 2055 1790 nor

2188 1724 2247 1781 δὲ
2296 1733 2361 1781 τὰ
2411 1734 2612 1783 πετεινά
2662 1733 2686 1783 6
2740 1736 2879 1803 Θεὸς,
2924 1731 3083 1794 ἐνθεὶς
3127 1734 3305 1795 αὐτοῖς
3364 1743 3573 1806 γνῶσιν,
3622 1739 3763 1790 πόθεν

418 1843 629 1883 sumus
688 1826 899 1883 avulsi.
960 1830 1112 1881 Aves
1169 1841 1304 1881 vero
1352 1825 1536 1881 nutrit
1580 1826 1756 1891 Deus,
1816 1823 2055 1880 imitten:

2189 1817 2471 1883 συλλέξωσι
2499 1825 2585 1878 τὴν
2614 1827 2827 1895 τροφήν.

418 1916 534 1973 illis
602 1915 937 1972 naturalem
1013 1915 1362 1971 instinctum
1435 1914 1597 1970 unde
1654 1913 1853 1970 cibum
1917 1913 2077 1970 colli-

416 2008 649 2148 εᾶθέὶιε.
696 2094 784 2148 27.
842 2093 973 2160 Quis
1012 2091 1212 2150 autem
1260 2122 1329 2133 —
1367 2090 1603 2147 unum?
1650 2090 1874 2147 Nullus.
1919 2090 2077 2147 Sicut

2264 934 2360 981 Καὶ
2416 938 2521 991 πῶς
2568 927 2789 984 δύναταί
2842 952 2921 993 τις
2976 933 3090 1006 ζῇν,
3144 938 3215 1006 μὴ
3267 943 3522 1009 μεριμνῶν
3570 938 3631 988 τὰ
3665 956 3763 989 τοι·

2191 1024 2364 1084 αῦτα;
2416 1026 2530 1081 Πῶς
2579 1036 2592 1086 ;
2646 1019 2733 1082 Ὠς
2770 1022 2896 1081 ἔζων
2943 1024 2993 1074 οἱ
3041 1018 3354 1085 δηλωθέντες
3411 1024 3572 1094 ἅγιοι.
3627 1023 3765 1084 Mne)“:

2188 1109 2289 1180 γὰρ
2343 1112 2436 1165 τήν
2490 1108 2678 1160 ἑαυτῶν
2741 1107 3025 1177 ἀσθένειαν,
3072 1121 3296 1184 ποιῶμεν
3346 1109 3634 1185 ἀδυναμίαν
3683 1123 3767 1176 τῆς

2189 1194 2413 1257 ἐντολῆς.
2444 1193 2609 1249 Οὐδὲν
2656 1200 2756 1273 γὰρ
2810 1195 3063 1252 ἀδύνατον
3117 1202 3142 1252 6
3196 1205 3320 1262 Θεὸς
3369 1200 3618 1265 ἐπέταξεν.
3650 1200 3767 1257 Οἵδε

2186 1286 2285 1356 γὰρ
2331 1289 2388 1336 τὸ
2444 1291 2627 1361 μέτρον
2662 1295 2756 1349 τῆς
2822 1286 3148 1362 ἀνθρωπίνης
3198 1286 3484 1362 δυνάμεως,
3518 1292 3575 1344 οὐ
3626 1298 3766 1364 μόνον

2187 1375 2256 1434 ὡς
2303 1370 2629 1449 δημιουργὸς
2673 1376 2849 1444 αὐτῆς,
2909 1376 3035 1430 ἀλλὰ
3090 1382 3179 1432 καὶ
3231 1381 3294 1439 ὡς
3346 1376 3547 1441 ὑποδὺς
3594 1381 3766 1440 αὐτόν.

2187 1461 2324 1515 Ἀλλ’
2354 1461 2560 1526 ἐκείνοις
2712 1465 2933 1538 εὐχερής
2983 1467 3043 1524 ἧν
3070 1469 3099 1525 ἡ
3143 1466 3334 1533 ἔντολή,
3365 1472 3433 1529 ὡς
3461 1472 3766 1543 χωρισθεῑσι

2184 1555 2384 1623 κόσμου
2415 1557 2501 1604 καὶ
2550 1556 2723 1614 πάσης
2763 1563 3065 1627 σωματικῆς
3099 1560 3353 1627 σχέσεως*
3399 1559 3523 1629 ἡμῖν
3563 1554 3620 1611 δε
3649 1555 3765 1611 ἀδύ-

2184 1660 2334 1701 νατος
2362 1646 2615 1713 φαίνεται,
2638 1639 2673 1694 δ
2679 1645 2732 1695 ιά
2756 1646 2813 1696 τὸ
2838 1648 2910 1717 μὴ
2945 1642 3351 1703 ἀποσπασθῆναι
3378 1646 3564 1701 αὐτῶν.
3594 1652 3767 1720 Τρέφει

2255 2090 2346 2149 Τίς
2374 2083 2433 2140 δε
2461 2118 2530 2128 -
2559 2090 2645 2141 ἕνα
2672 2108 2685 2153 ;
2733 2085 2941 2152 Οὐδείς.
2973 2088 3172 2165 Ὠσπερ
3222 2086 3308 2143 οὖν
3349 2086 3622 2157 ἀδύνατον,
3652 2112 3770 2145 κατ.

2185 2177 2477 2248 ορθωθῆναι
2528 2185 2679 2229 τοῦτο
2733 2175 2827 2230 διὰ
2888 2175 3128 2240 σπουδῆς
3175 2182 3444 2252 ἡμετέρας·
3494 2182 3629 2233 οὕτω
3679 2188 3769 2235 καὶ

2184 2268 2241 2316 τό
2279 2274 2586 2337 συναγαγεῖν
2626 2272 2838 2342 τροφὴν,
2892 2267 2935 2320 εἰ
2981 2273 3052 2340 μὴ
3105 2270 3130 2320 ό
3168 2272 3297 2331 Θεὸς
3351 2268 3613 2343 ἐπινεύσῃ.
3666 2270 3768 2324 Κᾶν

2181 2355 2279 2428 γὰρ
2329 2361 2492 2427 μυρία
2551 2352 2953 2429 σπουδάσωμεν,
3000 2353 3148 2410 οὐδὲν
3203 2356 3474 2431 ἁνύσομεν,
3503 2354 3639 2431 δίχα
3678 2368 3767 2421 τῆς

2179 2450 2425 2516 προνοίας
2462 2444 2643 2502 αὐτοῦ.

2254 2534 2376 2603 [Καὶ
2433 2533 2542 2605 (28)
2604 2538 2706 2606 μὴν
2778 2531 2901 2587 οὐδέ
2969 2536 3257 2608 σπιθαμήν,
3308 2532 3432 2589 οὐδέ
3489 2532 3761 2591 δάκτυλον.

2180 2625 2374 2675 Λοιπὸν
2425 2619 2513 2675 οὖν
2570 2632 2752 2694 πῆχυν
2807 2621 2932 2692 εἶπε,
2990 2622 3130 2677 διότι
3186 2630 3374 2700 κυρίως
3432 2630 3613 2699 μέτρον
3666 2634 3765 2678 τῶν

418 2196 559 2252 ergo
585 2181 719 2250 hoc,
757 2181 954 2237 studio
998 2185 1191 2237 vestro
1216 2181 1459 2253 assequi
1498 2195 1616 2235 non
1663 2180 1907 2252 potestis
1943 2196 1955 2234 :
1992 2179 2077 2236 ita

417 2286 526 2327 nec
558 2270 759 2327 cibum
790 2285 1172 2341 congregare,
1216 2269 1327 2325 nisi
1380 2269 1491 2325 Deo
1529 2273 1845 2325 annuente.
1880 2271 2075 2334 Quan-

415 2374 601 2431 quam
614 2359 772 2415 enim
789 2357 999 2414 millies
1013 2359 1275 2415 studium
1291 2356 1861 2427 adhibeamus,nihil
1874 2362 2073 2415 tamen

414 2448 639 2520 absque
669 2448 797 2519 ejus
820 2448 1196 2518 provxdentia
1224 2447 1630 2519 proﬁciemus.
2035 2498 2049 2507 ,

485 2539 550 2593 Et
591 2542 746 2593 certe
789 2552 984 2609 neque
1014 2536 1284 2609 palmun,
1337 2552 1531 2608 neque
1564 2535 1818 2607 digitum
1850 2535 2070 2595 addere

412 2629 624 2698 potest.
651 2625 802 2683 Dixit
824 2631 1024 2683 tamen
1042 2626 1327 2692 cubitum,
1355 2625 1499 2698 quia
1524 2626 1761 2697 proprie
1785 2640 2070 2684 mensura

413 2720 649 2771 staturae
680 2720 768 2772 est
799 2715 1051 2771 cubitus.

482 2806 643 2860 Vers.
674 2804 760 2861 28.
798 2806 872 2860 Et
917 2805 989 2861 de
1017 2835 1085 2845 —
1111 2819 1289 2877 neque
1341 2810 1503 2860 nent.
1566 2802 1708 2860 Lilia
1758 2803 1873 2860 hoc
1934 2803 2065 2860 loco

410 2892 586 2949 ﬂores
618 2909 828 2951 omnes
870 2893 1221 2960 nominavit,
1273 2893 1437 2966 quod
1467 2908 1539 2949 ex
1579 2908 1649 2949 eo
1680 2892 2065 2949 manifestum

411 2988 517 3048 est,
550 2982 694 3054 quia
719 2984 865 3039 dixit
895 3000 907 3038 :
939 2983 1099 3039 Sicut
1131 2998 1312 3039 unum
1335 2983 1542 3039 horum
1582 2983 1650 3037 ³⁸.
1686 2983 1830 3037 Cum
1862 2986 2064 3038 autem

2176 2709 2388 2769 ἡλικιῶν
2411 2712 2435 2763 ὁ
2462 2714 2645 2783 πῆχύς
2674 2711 2832 2785 ἔστα]

2250 2805 2349 2854 Καὶ
2391 2806 2508 2873 περὶ
2541 2832 2609 2841 -
2637 2798 2759 2854 οὐδὲ
2787 2804 2949 2861 νήθει.
3004 2807 3166 2879 Κρίνα
3192 2811 3298 2870 νῦν,
3330 2806 3499 2857 πάντα
3524 2806 3591 2856 τὰ
3634 2805 3765 2863 ἄνθη

2176 2889 2432 2962 ὠνόμασε.
2468 2896 2567 2943 Καὶ
2591 2898 2742 2943 τοῦτο
2775 2887 2952 2960 δῆλον,
3002 2890 3101 2945 ἀπὸ
3150 2901 3241 2945 τοῦ
3272 2892 3449 2957 εἰπεῖν,
3482 2895 3557 2946 ὅτι
3602 2891 3689 2954 Ὠς
3719 2894 3768 2947 ἓν

2172 2980 2387 3033 τούτων.
2438 2978 2624 3042 Ὅντος
2672 2977 2730 3033 δε
2775 2988 2866 3033 τοῦ
2920 2982 3077 3053 λόγου
3126 2986 3244 3055 περὶ
3302 2978 3605 3055 ἐνδύματος,
3661 2992 3769 3044 πῶς

409 3077 563 3127 esset
592 3087 788 3127 sermo
818 3072 893 3128 de
922 3072 1295 3133 indumento,
1322 3072 1626 3144 quomodo
1650 3072 1789 3127 facit
1819 3073 2055 3128 mentio-

2186 3070 2306 3138 λέγει
2334 3072 2451 3141 περὶ
2482 3068 2746 3132 αὐξήσεως
2780 3090 2795 3139 ς
2833 3074 2974 3123 Διότι
3004 3074 3061 3123 τὸ
3093 3071 3294 3134 αὐξάνει
3322 3075 3453 3145 πρὸς
3478 3074 3543 3124 τὰ
3570 3072 3769 3125 πέταλα

408 3175 547 3216 nem
568 3160 643 3216 de
668 3166 969 3217 cremento
995 3161 1022 3215 ‘I
1044 3162 1190 3226 Quia
1215 3160 1536 3217 dictionem
1563 3160 1749 3227 illam,
1780 3169 2057 3228 crescant,

410 3256 649 3322 propter
677 3249 819 3306 folia
857 3250 1001 3306 dixit
1042 3267 1248 3306 eorum
1298 3266 1432 3321 quas
1479 3250 1697 3306 horum
1740 3250 2060 3323 unicuique

406 3345 542 3394 sunt
570 3338 1007 3396 indumentum.
1055 3340 1447 3407 Considerate,
1483 3338 1691 3412 inquit,
1746 3338 1861 3395 lilia
1908 3340 2055 3411 agri,

404 3427 710 3498 quomodo
727 3432 992 3485 crescant
1013 3428 1073 3483 in
1088 3428 1261 3493 foliis,
1286 3444 1421 3500 qua
1442 3432 1734 3499 quantum
1762 3433 2052 3495 crescunt,

406 3518 641 3572 tantum
670 3516 949 3573 decorem
974 3517 1314 3572 ostendunt.

476 3606 640 3662 Vers.
688 3605 777 3658 29.
828 3606 965 3659 Dico
1012 3634 1079 3645 —
1120 3607 1279 3659 Vers.
1323 3606 1412 3661 30.
1480 3606 1585 3662 Vos
1630 3610 1658 3660 ?
1698 3607 1889 3671 Quare
1934 3622 2057 3663 non

403 3706 645 3746 rursum
675 3707 711 3748 a
740 3691 1079 3747 volucribus
1109 3691 1277 3749 duxit
1303 3694 1665 3765 exemplum.
1696 3700 1799 3751 aut
1823 3694 1901 3750 ab
1926 3694 2057 3751 aliis

405 3779 769 3836 animalibus
796 3781 823 3835 ?
854 3781 1086 3837 Poterat
1111 3780 1266 3837 enim
1298 3781 1481 3838 multa
1510 3798 1731 3854 ponere
1770 3784 2055 3841 adornata

406 3884 475 3924 ac
512 3867 913 3939 pulcherrima
950 3869 978 3924 ?
1009 3871 1154 3936 Quia
1180 3871 1309 3926 vult
1338 3871 1429 3926 hic
1455 3875 1511 3927 et
1548 3870 1829 3928 vilitatem
1860 3872 2052 3930 herba

402 3958 726 4023 ostendere,
759 3976 893 4031 qua
933 3960 1016 4015 sic
1058 3977 1093 4017 a
1130 3962 1248 4016 Deo
1291 3960 1632 4032 adornatur,
1682 3968 1739 4018 et
1775 3962 2049 4020 decorem

403 4047 858 4119 pulchritudinis
886 4049 1037 4106 adeo
1066 4049 1165 4105 vili
1194 4049 1395 4106 herba;
1413 4050 1586 4107 dates.
1624 4054 1687 4108 Et
1718 4056 1856 4109 nota
1886 4054 2050 4125 quod

401 4135 658 4191 liliorum
690 4136 1001 4207 adaugens
1026 4136 1332 4202 vilitatem,
1359 4138 1611 4196 herbam
1641 4141 1702 4195 in
1737 4156 2051 4211 progressu

403 4241 473 4281 ea
515 4226 744 4282 vocavit
777 4242 789 4281 :
825 4227 1135 4300 magisque
1161 4243 1299 4283 cum
1330 4228 1496 4285 addit
1528 4246 1541 4282 :
1578 4228 1717 4296 Quae
1747 4229 1915 4285 hodie
1951 4235 2045 4298 est,

401 4322 455 4371 et
476 4331 610 4372 cras
629 4316 687 4371 in
705 4316 1003 4373 clibanum
1025 4317 1289 4373 mittitur
1318 4336 1339 4372 :
1363 4333 1499 4389 quas
1523 4317 1705 4374 ambo
1732 4318 1803 4375 ad
1830 4334 2048 4389 augen-

2172 3155 2338 3210 αὐτῶν
2388 3160 2605 3230 εἴρηκεν,
2651 3160 2803 3212 ἅτινα
2852 3156 3050 3233 ἔνδυμα
3111 3160 3312 3231 ἑκάστῳ
3364 3163 3554 3213 τούτων
3603 3160 3717 3214 ἐστί
3751 3180 3763 3192 ·

2172 3249 2525 3318 Καταμάθετε,
2571 3247 2750 3320 λέγων,
2779 3252 2845 3301 τὰ
2890 3254 3042 3323 κρίνα
3088 3258 3179 3303 τοῦ
3223 3249 3406 3322 ἀγροῦ,
3455 3258 3565 3311 πῶς
3596 3250 3768 3313 αὐξά-

2169 3354 2318 3387 νουσι
2360 3339 2495 3389 κατὰ
2541 3340 2605 3389 τὰ
2648 3336 2860 3409 πέταλα,
2913 3339 3039 3412 οἷπερ
3083 3344 3201 3392 ὅσον
3247 3338 3471 3405 αὐξάνει,
3513 3347 3768 3391 τοσοῦτον

2169 3424 2399 3497 ὼραεζει.

2240 3608 2389 3676 Λέγω
2420 3635 2487 3645 -
2530 3606 2679 3677 ὑμᾶς.
2730 3610 2878 3659 Διατί
2935 3606 3028 3659 οὐκ
3080 3606 3181 3661 ἀπὸ
3230 3616 3327 3661 τῶν
3374 3617 3611 3662 πετεινῶν
3664 3613 3772 3662 πά-

2166 3692 2243 3745 λιν
2296 3698 2456 3765 ἤγαγε
2508 3692 2871 3770 παράδειγμα,
2935 3697 2964 3755 ή
3023 3702 3112 3750 καὶ
3170 3696 3269 3750 ἀπὸ
3328 3699 3472 3759 ζώων
3527 3698 3697 3751 ἄλλων
3752 3717 3765 3767 ;

2167 3781 2296 3855 Εἶχε
2346 3786 2447 3856 γὰρ
2497 3784 2652 3837 εἰπεῖν
2706 3784 2870 3837 πολλὰ
2922 3786 3377 3860 κεκαλλωπισμένα
3431 3793 3519 3841 καὶ
3576 3792 3772 3863 ὡραιό-

2163 3892 2312 3928 τατα,
2370 3876 2509 3924 Διότι
2558 3873 2801 3945 βούλεται
2856 3873 3115 3929 κάνταῦθα
3182 3873 3370 3943 δεῖξαι,
3429 3883 3522 3935 τήν
3578 3898 3633 3930 τε
3686 3880 3771 3932 εὐ-

2164 3960 2354 4014 τέλειαν
2420 3969 2511 4013 τοῦ
2568 3966 2763 4037 χόρτου
2830 3971 2921 4015 τοῦ
2974 3963 3415 4025 καλλωπισθέντος
3476 3967 3641 4029 οὕτως
3715 3968 3774 4021 ἐκ

2166 4058 2321 4119 Θεοῦ,
2374 4056 2463 4102 καὶ
2501 4055 2594 4108 τήν
2648 4051 2941 4126 ὡραιότητα
2989 4060 3081 4105 τοῦ
3122 4049 3356 4115 δοθέντος
3412 4054 3630 4118 κάλλους
3694 4065 3773 4128 τῷ

2164 4139 2323 4200 οὕτως
2352 4140 2693 4212 εὐτελεστάτῳ
2734 4146 2934 4215 χόρτῳ.
2991 4147 3175 4195 Σκόπει
3225 4147 3347 4219 γὰρ,
3393 4145 3474 4196 ὅτι
3523 4150 3621 4204 τήν

2165 4228 2411 4281 εὐτέλειαν
2460 4236 2560 4280 τῶν
2626 4234 2812 4304 κρίνων
2860 4228 3139 4301 ἐπιτείνων,
3190 4237 3379 4305 χόρτον
3433 4233 3567 4286 αὐτὰ
3624 4255 3775 4308 προ-

2164 4322 2252 4370 ῖὼν
2310 4318 2534 4385 ἐκάλεσε,
2602 4324 2691 4371 καὶ
2757 4323 2831 4372 ἔτι
2901 4320 3111 4391 μᾶλλον,
3173 4326 3397 4396 Σήμερον
3464 4324 3589 4376 ὄντα
3672 4333 3775 4379 καὶ

400 4404 537 4460 dam
564 4404 847 4463 vilitatem
876 4405 1030 4462 dicta
1051 4411 1206 4463 sunt.
1236 4406 1516 4462 Decorem
1537 4422 1778 4479 quoque
1795 4407 2040 4479 pulchri-

2186 4412 2338 4480 εῦριον
2387 4407 2453 4467 εἰς
2522 4407 2758 4460 κλίϐανον
2808 4406 3143 4481 βαλλόμενον,
3192 4410 3226 4462 ἆ
3276 4418 3367 4464 καὶ
3428 4413 3585 4484 ἄμφω
3632 4419 3776 4488 πρὸς

400 4494 619 4549 tudinis
657 4495 919 4566 ipsorum
967 4495 1233 4552 similiter
1272 4496 1671 4567 ampliﬁcans,
1727 4512 1847 4552 non
1903 4497 2049 4555 dixit

400 4580 759 4650 simpliciter,
791 4583 956 4654 quod
978 4600 1049 4639 ea
1068 4584 1220 4639 Deus
1252 4584 1479 4649 vestiat,
1514 4584 1621 4640 sed
1651 4586 1809 4656 quod
1837 4585 1921 4642 sic
1956 4601 2047 4643 ve-

397 4666 557 4723 stiat.
592 4671 737 4723 Nam
760 4670 960 4736 dictio,
987 4672 1090 4737 sic,
1120 4672 1234 4729 hoc
1258 4671 1382 4729 loco
1409 4677 1777 4731 crementum
1803 4673 2047 4733 denotat

399 4754 874 4827 pulchritudinis.

471 4932 887 4992 Studimonem
944 4938 1147 4995 autem
1203 4939 1425 5010 posuit,
1458 4943 1746 5014 tanquam
1785 4939 2041 5013 pulchri-

471 5113 518 5149 “
547 5111 744 5171 Matth.
773 5128 854 5185 vr,
890 5115 979 5170 29.

2155 4593 2246 4638 τοῦ
2320 4586 2533 4647 κάλλους
2590 4585 2755 4637 αὐτῶν
2830 4588 3016 4658 ὁμοίως
3095 4586 3370 4659 ἐπιτείνων,

2159 4496 2394 4549 ἐπίτασιν
2448 4505 2541 4559 τῆς
2599 4497 2847 4557 εὐτελείας
2899 4501 3121 4572 εἴρηται.
3176 4504 3280 4557 Τὴν
3339 4496 3397 4553 δε
3455 4504 3779 4575 ὡραιότητα

3452 4589 3547 4642 οὐκ
3622 4589 3777 4646 εἶπεν

2155 4675 2343 4741 ἁπλῶς,
2394 4677 2473 4727 ὅτι
2536 4674 2886 4748 ἀμφιέννυσιν,
2943 4674 3047 4727 ἀλλ’
3096 4678 3175 4728 ὅτι
3207 4680 3372 4739 οὕτως
3423 4677 3773 4751 ἀμφιέννυσι.

2151 4768 2220 4818 Τὸ
2263 4767 2364 4839 γὰρ
2397 4768 2557 4827 οὕτως
2603 4763 2823 4818 ἐνταῦθα
2870 4764 3110 4819 ἐπίτασιν
3141 4764 3372 4839 ἔμφαίνει
3423 4776 3521 4829 τῆς
3571 4771 3781 4846 ὼραιὸ-

2152 4874 2215 4913 τη
2222 4873 2324 4916 τος.

2221 4946 2319 4997 Τὸν
2372 4942 2674 5017 Σολομῶντα
2726 4940 2785 4998 δε
2833 4945 3073 5014 τέθεικεν,
3140 4946 3205 5007 ὡς
3272 4946 3388 5019 (29)
3457 4947 3779 5024 φιλόκαλον,

1620 5244 1836 5314 Variae
1866 5243 2194 5316 lectiones
2230 5258 2294 5317 et
2336 5258 2538 5316 notae.

470 5438 580 5508 (27)
622 5436 669 5493 B
700 5434 881 5513 habet
908 5440 1047 5513 καίη
1060 5452 1167 5513 pro
1199 5439 1312 5505 κᾶν,
1355 5442 1411 5513 et
1437 5440 1616 5512 paulo
1634 5446 1768 5513 post
1799 5442 2040 5497 σπουδά-

400 5527 499 5582 mp;
530 5523 708 5579 supra
740 5509 951 5583 scripto
979 5528 1011 5560 α
1035 5508 1237 5565 litterae
1289 5531 1341 5583 ῃ,
1382 5508 1523 5583 ife.
1570 5508 1896 5577 σπουδάσας.
1930 5518 2042 5573 Aut

398 5580 537 5653 ergo
578 5585 666 5633 καὶ
703 5580 1037 5651 σπουδάσας,
1088 5590 1184 5638 aut
1214 5580 1307 5634 κάν
1358 5580 1667 5660 σπουδάσῃς
1693 5586 2037 5657 legendum.

2222 5445 2329 5588 E28)
2360 5444 2611 5511 Inclusa,
2642 5446 2700 5501 in
2724 5445 2991 5515 margine
3018 5447 3200 5504 habet
3225 5448 3289 5503 A.

2244 5516 2333 5588 29)
2363 5516 2662 5588 φιλόκαλλον
2696 5518 2766 5576 Β.
2816 5518 2879 5574 In
2910 5521 2955 5573 Α
3000 5534 3211 5578 rasura
3260 5538 3287 5577 S

2151 5516 2339 5645 mng
2363 5516 2662 5590 φιλόκαλλον
2696 5518 2766 5576 Β.
2816 5518 2879 5574 In
2910 5521 2955 5573 Α
3000 5534 3211 5578 rasura
3260 5519 3561 5581 sublatum
3610 5524 3786 5583 alte-
