3990 6206
515 278 621 333 255

1836 272 2127 330 EUTHYM
2137 272 2181 328 ll
2221 270 2551 330 ZIGABENI
3718 289 3810 344 256

513 401 893 476 praeceptoris
943 400 1233 468 ofﬁcium,
1281 401 1336 456 et
1369 398 1690 471 objurgare
1744 397 1887 455 dum
1909 398 2159 473 expedit,

2284 398 2442 453 κάλον
2494 403 2583 453 καὶ
2627 400 2972 472 ἐπιπλήττειν,
3016 402 3063 455 ἐν
3110 399 3184 467 οἷς
3223 407 3343 476 χρὴ,
3382 409 3466 458 καὶ
3508 411 3802 482 παρακαλεῖν,

514 497 571 548 et
600 490 915 554 consolari,
938 506 1008 546 ac
1033 490 1310 562 utrinque
1328 488 1605 545 excitare.
1621 489 1749 545 Non
1770 488 1917 543 dixit
1935 492 2170 545 autem:

512 580 635 638 Scit
655 582 831 646 Deus,
853 580 977 646 sed,
1003 579 1120 635 Scit
1140 581 1315 634 Pater
1335 584 1546 643 vester;
1582 592 1704 650 quo
1729 577 2044 633 maximam
2072 578 2177 634 ba-

510 670 694 726 beant
707 669 1010 725 ﬁduciam.
1030 670 1110 723 Ex
1129 684 1244 740 quo
1258 667 1418 723 enim
1436 670 1602 723 Pater
1629 669 1736 731 est,
1754 670 1812 723 et
1825 666 1957 723 talis
1977 666 2171 724 Pater,

508 757 661 814 ﬁlios
692 757 991 829 despicere
1034 771 1157 814 non
1204 756 1434 829 poterit,
1469 761 1525 812 et
1553 754 1677 828 pati
1719 759 1783 811 ut
1840 771 2043 811 rerum
2068 771 2173 811 ne-

513 847 911 903 cessariarum
958 844 1290 915 indigentia
1314 842 1614 909 deﬁciant,
1644 860 1783 900 cum
1823 860 2018 917 neque
2059 849 2178 901 ter-

517 936 641 992 reni
666 939 867 1007 patres
897 934 956 990 id
987 934 1340 991 sustineant.
1370 935 1436 988 Et
1463 933 1608 1005 quia
1631 931 1914 988 omnibus
1946 934 2037 989 his
2070 934 2180 993 scit

510 1040 619 1081 vos
649 1024 936 1094 indigere,
965 1022 1133 1079 dabit
1164 1022 1388 1094 utique.
1425 1024 1552 1077 Non
1581 1025 1721 1077 sunt
1766 1022 1928 1077 enim
1971 1037 2177 1093 super-

512 1112 637 1169 ﬂua
665 1112 858 1177 edere,
887 1111 1102 1180 bibere,
1136 1116 1237 1168 aut
1267 1109 1490 1176 vestiri,
1528 1112 1590 1166 ut
1614 1108 1804 1181 possit
1848 1110 2171 1181 negligere,

513 1203 619 1259 sed
644 1200 879 1274 corpori
938 1201 1120 1267 utilia,
1174 1204 1352 1273 atque
1398 1203 1627 1257 naturas
1676 1199 1869 1272 ipsius
1908 1215 2180 1256 necessa-

512 1292 620 1349 ria.
655 1292 858 1364 Itaque
888 1305 1072 1362 quam
1098 1288 1197 1345 tibi
1255 1288 1561 1345 existimas
1591 1304 1726 1344 esse
1782 1304 2030 1345 causam
2069 1288 2177 1345 sol-

511 1379 858 1442 licitudinis,
892 1378 1087 1448 magis
1114 1393 1299 1433 causa
1324 1379 1414 1433 est
1441 1376 1803 1433 securitatis.
1837 1378 1988 1442 Quia
2017 1377 2177 1432 enim

510 1470 636 1524 haec
664 1467 1002 1523 necessaria
1033 1470 1190 1531 sunt,
1232 1464 1367 1521 ideo
1421 1465 1615 1535 magis
1667 1464 1969 1521 conﬁdere
1998 1479 2179 1538 opor‘

509 1560 605 1615 tet.
632 1557 774 1623 Quis
806 1555 954 1612 enim
1000 1559 1189 1628 pater,
1221 1554 1400 1612 etiam
1428 1553 1779 1612 necessaria
1824 1554 1962 1611 ﬁliis
1993 1554 2178 1612 dene-

511 1645 677 1717 gabit
703 1647 730 1702 ?

2284 496 2373 543 καὶ
2422 489 2774 563 ἀμφοτέρωθεν
2829 488 3116 567 διεγείρειν.
3166 493 3272 545 Οὐκ
3317 491 3419 547 εἶπε
3457 491 3528 563 δὲ,
3569 499 3640 550 ὅτι
3680 496 3807 553 Οἶδεν

2285 581 2310 631 6
2357 582 2504 645 Θεὸς,
2567 579 2673 631 ἀλλ’
2728 581 2807 632 ὅτι
2864 577 3018 633 Οἶδεν
3076 583 3101 633 6
3157 586 3329 657 Πατὴρ
3383 585 3532 655 ὑμῶν,
3576 587 3691 639 ὥστε
3732 592 3809 660 μά.

2284 667 2440 721 λιστα
2493 668 2694 743 θαρρεῖν
2747 669 2954 732 αὐτούς.
3013 668 3148 723 Ἐπεὶ
3209 673 3303 745 γὰρ
3358 677 3521 746 Πατήρ
3574 672 3688 742 ἔστι,
3740 682 3809 729 καὶ

2287 761 2467 831 Πατήρ
2517 766 2765 827 τοιοῦτος,
2814 758 2873 810 ού
2932 755 3210 817 δυνήσεται
3254 756 3493 833 περιιδεῖν
3537 766 3641 823 τούς
3690 768 3807 828 υἱούς

2288 843 2458 919 ἐνδείᾳ
2542 855 2642 899 τῶν
2724 844 3017 919 ἀναγκαίων
3116 844 3563 921 διαφθειρομένους,
3651 853 3809 924 ὅτονγε

2287 931 2411 987 οὐδὲ
2481 933 2792 1008 ἀνθρώπινοι
2864 940 3076 1011 πατέρες
3148 944 3296 989 τοῦτο
3356 939 3661 1009 ὑπομένουσι.
3733 948 3808 995 Καὶ

2289 1021 2400 1075 ἐπεὶ
2462 1020 2599 1077 οἶδεν
2680 1026 2759 1076 ὅτι
2822 1030 3052 1099 χρήζετε
3118 1029 3307 1077 τούτων
3381 1025 3619 1095 ἁπάντων,
3677 1024 3808 1082 δώσει

2289 1114 2508 1173 πάντως.
2550 1113 2625 1165 Oti
2655 1116 2752 1187 γὰρ
2801 1117 3039 1187 περιττὸν
3069 1117 3126 1166 τὸ
3159 1114 3343 1168 ἐσθίειν
3372 1120 3456 1167 καὶ
3482 1121 3628 1169 πίνειν
3655 1122 3727 1169 καὶ
3752 1116 3807 1169 ἒν-

2293 1196 2664 1275 διδύσκεσθαι,
2707 1202 2789 1255 ἰνα
2826 1208 2915 1255 καὶ
2956 1200 3181 1279 παρίδῃ·
3223 1203 3347 1256 ἀλλά
3386 1208 3617 1279 χρήσιμα
3640 1212 3701 1275 τῷ
3727 1210 3805 1256 σώ·

2292 1310 2437 1363 ματι,
2493 1296 2582 1343 καὶ
2630 1289 2884 1363 ἀναγκαῖα
2939 1300 3000 1365 τῇ
3048 1294 3228 1345 τούτου
3284 1296 3446 1365 φύσει.
3493 1291 3652 1358 Ὥστε,
3699 1295 3810 1344 ὄνο-

2292 1379 2462 1452 μιζεις
2509 1383 2672 1432 αἴτιον
2721 1377 2851 1433 εἶναί
2907 1401 2991 1434 σοι
3041 1390 3137 1445 τῆς
3181 1386 3444 1455 μερίμνης,
3486 1389 3624 1434 τοῦτο
3661 1381 3809 1453 μᾶλλον

2293 1466 2429 1520 ἐστιν
2486 1471 2649 1521 αἰτιον
2716 1479 2808 1531 τῆς
2873 1469 3195 1546 ἀμεριμνίας.
3263 1471 3399 1523 Ἐπεὶ
3455 1473 3545 1545 φάρ
3604 1467 3811 1540 ἀναγκαῖα

2290 1564 2475 1625 ταῦτα,
2508 1554 2542 1609 δ
2549 1560 2602 1609 ιὰ
2642 1565 2794 1610 τοῦτο
2819 1558 3049 1631 μάλιστα
3076 1564 3187 1635 χρὴ
3223 1557 3435 1634 θαρρεῖν.
3470 1565 3605 1619 Ποῖος
3628 1561 3711 1630 γὰρ
3737 1577 3809 1609 παι

2291 1651 2388 1720 τὴρ
2438 1644 2665 1709 ἀνέξεται
2706 1651 2839 1720 μηκε
2867 1650 2934 1700 τὰ
2980 1648 3241 1720 ἀναγκαῖα
3267 1655 3506 1724 χορηγεῖν
3535 1654 3629 1707 τοῖς
3658 1651 3781 1698 παισί
3796 1663 3807 1713 ;

575 1737 734 1793 Vers.
789 1738 876 1791 33.
925 1730 1180 1802 Οιιωνίιε
1229 1764 1298 1772 —
1341 1732 1525 1790 vobis.
1569 1731 1840 1788 Primum
1880 1733 1995 1789 hoc
2069 1736 2158 1791 est

2361 1742 2571 1793 Ζητεῖτε
2627 1768 2695 1775 -
2760 1738 2898 1810 ύμῖν.
2973 1744 3206 1812 Πρῶτον,
3270 1741 3379 1790 ἀντὶ
3446 1743 3551 1808 τοῦ,
3601 1738 3688 1808 πρὸ
3735 1743 3804 1785 τῶν

507 1828 643 1881 ante
672 1839 744 1880 ea
764 1839 894 1896 quas
917 1820 1153 1893 corpori
1179 1825 1317 1878 sunt
1347 1821 1688 1878 necessaria
1718 1836 1729 1876 :
1767 1821 1858 1878 vel
1878 1822 2180 1895 praecipue

506 1912 633 1969 sive
666 1913 944 1969 maxime.
974 1914 1246 1981 Regnum
1271 1925 1406 1966 vero
1435 1910 1537 1965 Dei
1557 1913 1731 1966 vocat
1756 1910 1851 1966 hic
1876 1910 2179 1969 bonorum

505 2005 859 2058 aeternorum
882 1997 1228 2055 fruitionem
1256 2014 1270 2064 ;
1299 1997 1596 2069 justitiam
1630 2001 1834 2053 autem
1865 1998 2016 2069 ejus,
2065 1999 2177 2056 hoc

504 2096 591 2146 est
612 2089 1098 2162 justiﬁcationem
1128 2102 1265 2159 quas
1297 2101 1334 2142 a
1362 2086 1480 2142 Deo
1535 2091 1645 2153 est,
1683 2091 1745 2142 ut
1772 2102 1878 2142 vos
1905 2085 2033 2158 ipse
2056 2087 2180 2158 juS'

506 2179 703 2246 tiﬁcet,
738 2177 828 2233 vel
852 2176 1264 2250 operationem
1306 2174 1570 2247 justitias,
1606 2174 1729 2231 sive
1772 2173 1997 2230 virtutis
2049 2176 2175 2231 uni-

502 2267 768 2333 versalis,
805 2281 912 2338 per
957 2281 1143 2337 quam
1187 2263 1603 2336 justiﬁcamur.
1634 2262 1696 2318 Si
1727 2263 1889 2319 enim
1928 2264 2050 2320 htec
2074 2280 2175 2337 pe-

507 2357 709 2414 tieritis
773 2372 908 2430 quas
958 2359 1096 2411 sunt
1148 2356 1367 2411 animae
1439 2352 1806 2420 necessaria,
1864 2353 2042 2410 etiam
2098 2369 2168 2410 ea

506 2446 675 2503 dabit
726 2449 783 2501 et
831 2444 1086 2518 adjiciet,
1129 2460 1265 2517 quae
1324 2443 1559 2516 corpori
1614 2442 1952 2499 necessaria
2007 2448 2167 2500 sunt.

508 2539 657 2593 Nam
690 2534 964 2606 superius
988 2549 1252 2607 quoque,
1286 2532 1389 2588 ubi
1415 2531 1615 2588 docuit
1653 2531 1963 2604 quomodo
1998 2548 2170 2591 orare

505 2626 796 2697 oporteat,
841 2623 1105 2696 primum
1156 2621 1404 2695 quidem
1452 2620 1646 2676 dicere
1692 2620 2015 2692 praecepit:
2063 2622 2169 2677 Pa-

506 2719 596 2770 ter
642 2719 865 2778 noster,
935 2712 1040 2784 qui
1077 2727 1133 2769 es
1179 2711 1237 2766 in
1296 2710 1480 2775 caelis,
1531 2710 1922 2778 sanctiﬁeetur
1965 2726 2167 2767 nomen

508 2809 676 2858 tuum
711 2801 1017 2859 :adveniat
1064 2815 1317 2871 regnum
1362 2806 1569 2855 tuum:
1601 2800 1708 2869 ﬁat
1748 2800 2013 2855 voluntas
2063 2805 2168 2857 tua

501 2891 659 2947 sicut
685 2892 747 2946 in
776 2892 917 2947 caelo
942 2893 991 2944 et
1020 2889 1083 2943 in
1114 2896 1294 2944 terra.
1352 2887 1570 2944 Deinde
1599 2902 1741 2944 vero
1773 2903 1790 2943 :
1820 2888 2038 2945 Panem
2066 2903 2164 2944 no-

506 2986 693 3034 strum
726 2976 1349 3047 supersubstantialem
1376 2975 1451 3033 da
1482 2975 1636 3031 nobis
1661 2975 1827 3031 hodie
1850 2978 1923 3033 ³⁵.
1964 2978 2165 3049 Neque

2291 1822 2583 1897 ἀναγκαίων
2656 1833 2748 1877 τοῦ
2820 1831 3077 1898 σώματος,
3136 1830 3166 1886 ἦ
3231 1824 3342 1879 ἀντὶ
3400 1833 3507 1892 τοῦ,
3574 1821 3809 1897 ἐξαιρέτως,

2765 1913 3036 1967 Βασιλείαν
3107 1911 3166 1968 δε
3236 1922 3365 1969 Θεοῦ
3423 1914 3547 1986 λέγει
3595 1919 3687 1980 νῦν,
3741 1914 3810 1967 τὴν

3415 2003 3717 2058 Δικαιοσύνην
3769 1994 3811 2049 δι

2288 1917 2379 1965 καὶ
2430 1912 2657 1985 μάλιστα
2668 1957 2681 1969 .

2290 2000 2575 2054 ἀπόλαυσιν
2640 2011 2740 2054 τῶν
2821 2003 3037 2055 αἰωνίων
3107 2001 3335 2075 ἀγαθῶν.

2288 2090 2468 2160 αὐτοῦ,
2517 2094 2610 2149 τήν
2661 2087 2940 2143 δικαίωσιν
2984 2096 3077 2150 τὴν
3122 2091 3244 2166 παρ’
3288 2097 3465 2162 αυτοῦ,
3493 2092 3570 2142 ’ἱνα
3600 2084 3807 2156 δικαιώσῃ

2286 2179 2423 2251 ὑμᾶς
2457 2178 2630 2241 αὐτός’
2686 2178 2740 2253 [ἦ
2789 2184 2884 2237 τὴν
2935 2180 3053 2251 (34)
3099 2183 3420 2256 κατόρθωσιν
3466 2186 3554 2239 τῆς
3590 2173 3810 2230 δικαίοσύ-

2283 2287 2390 2334 νης,
2444 2272 2561 2326 ἤτοι
2589 2277 2679 2329 τῆς
2708 2268 2930 2321 καθόλου
2984 2267 3192 2342 ἀρετῆς,
3232 2266 3290 2322 δί
3335 2270 3394 2328 ἣν
3443 2264 3624 2320 δίκαιοι
3653 2267 3810 2335 γινόμε-

2288 2358 2368 2410 θα.
2395 2356 2418 2430 ]
2456 2357 2512 2410 Εἰ
2539 2359 2640 2431 γὰρ
2673 2362 2786 2432 περὶ
2820 2360 3013 2410 τούτων
3043 2358 3256 2431 αἰτεῖτε,
3285 2362 3435 2411 ὄντων
3462 2355 3719 2428 ἀναγκαίων
3743 2357 3812 2409 τῆς

2287 2443 2496 2517 ψυχῆς,
2529 2447 2694 2498 ταῦτά
2723 2465 2777 2498 τε
2822 2445 3003 2514 ὸὼσει,
3047 2452 3137 2499 καὶ
3176 2449 3469 2522 προσθήσει
3496 2448 3578 2497 ακὶ
3599 2445 3657 2495 τά
3695 2442 3814 2508 ἀναγ-

2280 2541 2405 2586 καῖα
2429 2542 2519 2587 τοῦ
2554 2539 2813 2607 σώματος.
2858 2540 2958 2588 Καὶ
2987 2537 3087 2611 γὰρ
3117 2542 3209 2588 καὶ
3241 2536 3428 2600 ὀπίσω,
3461 2532 3506 2586 ἐν
3534 2529 3599 2592 οἷς
3626 2525 3811 2591 ἐδίδαξε,

2277 2631 2387 2685 πῶς
2428 2620 2510 2676 δεῖ
2526 2626 2798 2696 εὑχεσθαι,
2832 2632 3031 2699 πρῶτον
3055 2628 3145 2698 μὲν
3177 2622 3287 2677 εἶπε
3315 2625 3492 2696 λέγειν,
3519 2623 3667 2693 Πάτερ
3697 2618 3811 2688 ἡμῶν

2279 2713 2305 2764 6
2369 2711 2417 2764 ἐν
2483 2719 2592 2775 τοῖς
2664 2712 2919 2787 οὐρανοῖς,
3003 2713 3315 2785 ἁγιασθήτω
3382 2716 3439 2765 τὸ
3508 2709 3653 2781 ὄνομά
3723 2723 3814 2768 σον,

2279 2799 2457 2854 ἐλθέτω
2529 2803 2559 2860 ἡ
2644 2800 2891 2874 βασιλεία
2957 2821 3072 2868 σου,
3150 2805 3450 2874 γενηθήτω·
3528 2801 3582 2850 τὸ
3660 2792 3817 2865 θέλημά

2284 2909 2399 2960 σον,
2455 2893 2524 2951 ὡς
2574 2889 2624 2942 ἐν
2677 2890 2876 2966 ούρανῷ
2935 2895 3024 2942 καὶ
3086 2889 3170 2943 ἐπὶ
3241 2899 3336 2953 τῆς
3389 2898 3508 2961 γῆς’
3554 2889 3705 2939 ἔπειτα
3746 2877 3807 2950 δε,

2274 2982 2373 3033 Τὸν
2426 2978 2579 3052 ἄρτον
2637 2980 2782 3052 ἡμῶν
2834 2982 2920 3031 τὸν
2973 2978 3235 3031 ἐπιούσιον
3298 2976 3388 3040 δὸς
3438 2979 3555 3049 ἡμῖν
3617 2977 3813 3045 σήμερον.

508 3067 669 3123 enim
687 3065 765 3123 ad
789 3066 903 3121 hoc
920 3064 1055 3121 facti
1081 3081 1312 3136 sumus,
1334 3069 1398 3121 ut
1423 3065 1675 3122 edamus
1694 3069 1749 3120 et
1779 3064 2063 3121 bibamus
2095 3081 2159 3121 ac

2280 3068 2353 3125 Οὔ
2404 3071 2505 3144 γὰρ
2558 3064 2652 3121 διὰ
2722 3075 2874 3120 τοῦτο
2944 3072 3248 3140 γεγόναμεν,
3307 3070 3390 3120 ἶνα
3443 3064 3687 3136 ἐσθίωμεν,
3744 3076 3812 3109 και

504 3156 867 3215 vestiamur:
901 3153 1007 3211 sed
1037 3157 1101 3210 ut
1124 3156 1241 3210 Deo
1258 3153 1718 3227 oomplacentes,
1755 3154 1985 3211 aeternis
2007 3154 2164 3210 frua-

507 3260 643 3301 mur
672 3244 869 3301 bonis.
1063 3309 1067 3312 ,

576 3335 641 3390 Et
665 3332 744 3389 ad
772 3333 887 3389 hoc
935 3332 1197 3388 maxime
1243 3331 1522 3388 convenit
1571 3332 1765 3388 vivere
1798 3331 1942 3404 (aa),
1978 3330 2157 3404 idque

511 3422 708 3493 magis
733 3421 1055 3495 postulare.
1075 3421 1195 3477 Nisi
1220 3421 1379 3477 enim
1404 3420 1518 3476 hoc
1546 3420 1912 3492 petierimus,
1937 3436 2159 3492 nequa-

507 3528 695 3586 quam
725 3510 895 3568 dabit
927 3529 940 3564 :
973 3526 1045 3567 ea
1067 3524 1202 3566 vero
1224 3525 1359 3581 quae
1386 3509 1621 3581 corpori
1644 3508 1983 3564 necessaria
2001 3513 2158 3578 sunt,

506 3606 562 3659 et
589 3605 874 3674 petentes,
907 3604 964 3655 et
1006 3614 1127 3654 non
1161 3602 1424 3670 petentes
1468 3597 1853 3670 accipiemus,
1918 3602 2160 3669 propter

506 3690 773 3763 corporis
791 3689 1311 3752 sustentationem,
1332 3686 1855 3759 quemadmodum
1882 3691 1938 3742 et
1955 3690 2160 3757 gentes

503 3779 841 3836 incredulas.
894 3779 1047 3834 Nam
1108 3776 1327 3833 idcirco
1372 3775 1519 3832 dixit
1550 3790 1562 3829 :
1591 3775 1986 3846 Adjicientur.
2032 3777 2160 3832 Non

505 3884 646 3939 ergo
675 3868 750 3923 de
776 3868 888 3924 hoc
918 3866 1236 3922 sollicitum
1288 3881 1415 3921 esse
1445 3868 1692 3937 oportet,
1751 3863 1919 3936 quod
1980 3864 2162 3922 etiam

506 3956 735 4029 absque
758 3955 1146 4011 sollicitudine
1160 3970 1371 4009 sumus
1389 3952 1710 4026 accepturi,
1740 3951 1844 4007 sed
1874 3951 1949 4009 de
1976 3952 2161 4008 altero

504 4046 686 4120 priori
737 4061 807 4102 ac
858 4046 1090 4118 potiori.
1141 4047 1353 4100 Verum
1377 4044 1425 4099 si
1454 4059 1525 4100 ea
1580 4059 1712 4114 quin
1756 4043 1989 4115 corpori
2024 4045 2163 4100 sunt

504 4135 857 4201 necessaria,
904 4133 1077 4191 nobis
1120 4133 1298 4191 etiam
1338 4149 1460 4189 non
1520 4131 1862 4206 petentibus
1914 4132 2158 4205 prabet,

504 4240 688 4300 quare
702 4238 843 4293 ergo
855 4223 1053 4295 jussit,
1074 4227 1137 4278 ut
1157 4237 1377 4295 panem
1396 4226 1665 4293 petemus
1703 4236 1912 4293 supers
1922 4221 2163 4277 ubstan-

503 4314 704 4373 tialem
734 4314 763 4371 ’ἲ
793 4317 920 4369 Non
951 4311 1132 4369 aliam
1158 4310 1237 4367 ob
1267 4326 1540 4376 causam,
1570 4325 1756 4383 quam
1783 4313 1845 4366 ut
1875 4309 1975 4366 tali
2021 4309 2163 4382 peti-

504 4405 664 4462 tione
695 4403 990 4460 fateamur
1019 4402 1216 4475 ipsum
1261 4415 1412 4468 esse,
1460 4399 1565 4471 qui
1616 4414 1727 4455 nos
1782 4398 1903 4455 alat
1934 4419 1947 4457 :
1981 4402 2160 4471 utque

502 4493 619 4549 hoc
648 4492 1014 4557 conﬁtentes,
1066 4490 1169 4548 tali
1197 4488 1385 4548 animi
1430 4487 1790 4560 gratitudine
1837 4486 2160 4543 familiares

507 4580 847 4637 efﬁciamur.

571 4670 730 4724 Vers.
763 4668 850 4724 34.
912 4669 998 4726 Ne
1018 4688 1091 4708 —'
1136 4669 1234 4723 sui
1280 4667 1484 4740 ipsius.
1545 4668 1691 4725 Cum
1724 4664 1995 4737 superius
2026 4664 2161 4719 sim-

505 4755 737 4830 pliciter
759 4755 1038 4812 dixisset:
1071 4757 1154 4812 Ne
1167 4756 1404 4813 solliciti
1419 4758 1565 4825 sitis,
1592 4753 1905 4812 videbatur
1928 4752 2159 4809 univer-

506 4845 705 4903 saliter
734 4856 974 4902 omnem
990 4861 1197 4902 eorum
1211 4861 1348 4918 quas
1374 4843 1609 4919 corpori
1641 4843 1972 4901 necessaria
1998 4846 2155 4909 sunt,

504 4939 850 5011 amputasse
900 4950 1126 4993 curam.
1180 4938 1385 5008 Itaque
1413 4934 1784 4994 manifestius
1829 4932 1925 4989 hic
1963 4931 2155 4999 docet,

582 5115 628 5152 ³⁵
667 5112 864 5173 Matth.
893 5130 970 5188 v1,
1002 5114 1148 5172 9-11.

2274 3161 2520 3231 πινώμεν,
2572 3161 2658 3208 καὶ
2726 3153 3049 3229 ὺδνὼμεθα,
3108 3156 3215 3209 ἀλλ’
3280 3160 3364 3209 ἵνα
3433 3155 3814 3230 εὐαρεστήσαντες

2275 3246 2436 3318 αὐτῷ,
2473 3254 2571 3298 τῶν
2604 3245 2819 3297 αἰωνίων
2851 3243 3221 3318 ἀπολαύσωμεν
3250 3246 3478 3318 ἀγαθῶν,

2347 3337 2441 3387 Διά
2483 3341 2637 3387 τοῦτο
2692 3332 2924 3407 μάλιστα
2976 3337 3085 3408 χρὴ
3140 3334 3316 3394 ζητεῖν
3365 3337 3453 3385 καὶ
3503 3331 3618 3403 ὑπὲρ
3669 3324 3814 3376 τούτου

2273 3422 2461 3495 μᾶλλον
2507 3423 2684 3479 αἰτεῖν.
2735 3429 2899 3476 Τοῦτο
2951 3426 3040 3494 μεν
3088 3425 3190 3494 γὰρ
3234 3420 3320 3475 ἐάν
3368 3425 3439 3495 μή
3500 3419 3730 3491 ζητῶμεν,
3773 3408 3815 3461 οὗ

2276 3508 2455 3565 δώσει·
2503 3514 2570 3564 τὰ
2619 3508 2669 3563 δ’
2728 3509 2988 3582 ἀναγκαῖα
3017 3518 3109 3563 τοῦ
3143 3516 3400 3584 σώματος,
3456 3512 3539 3561 καὶ
3585 3505 3813 3562 αἰτοῦντες,

2273 3605 2362 3653 καὶ
2418 3604 2489 3673 μή
2558 3599 2820 3662 αἰτοῦντες
2882 3598 3224 3672 λαμϐάνομεν,
3290 3597 3384 3653 διὰ
3451 3601 3541 3656 τήν
3607 3594 3818 3647 σύστασιν

2271 3696 2361 3741 τοῦ
2422 3694 2681 3760 σώματος,
2744 3690 2809 3750 ὡς
2862 3692 2951 3741 καὶ
3000 3690 3065 3740 τά
3120 3686 3323 3742 ἄπιστα
3377 3688 3521 3745 ἔθνη.
3566 3684 3651 3737 Διά
3697 3683 3813 3731 τοῦτο

2271 3779 2372 3852 γὰρ
2435 3772 2591 3848 εἶπεν,
2666 3778 2745 3829 ὅτι
2818 3777 3263 3852 Προστεθήσεται.
3336 3775 3496 3829 Ὥστε
3571 3771 3667 3842 οὐχ
3721 3766 3818 3835 im“?

2271 3868 2457 3919 τούτου
2509 3870 2619 3939 χρὴ
2674 3872 2946 3938 μεριμνᾷν,
3000 3865 3026 3917 ὅ
3076 3869 3165 3917 καὶ
3223 3870 3296 3938 μή
3348 3860 3671 3940 μεριμνῶντες
3712 3854 3820 3922 λαμ·

2273 3954 2510 4027 ϐάνομεν,
2582 3952 2686 4006 ἀλλ’
2761 3954 2888 4027 ύπερ
2960 3952 3173 4007 ἇκείνου.
3243 3959 3344 4007 Καὶ
3398 3953 3441 4005 εἰ
3498 3952 3561 4002 τά
3609 3945 3824 4016 ἀναγκαῖα

2270 4052 2362 4097 τοῦ
2431 4049 2671 4115 σώματος
2738 4047 2980 4116 παρέχει,
3036 4046 3126 4094 καὶ
3192 4047 3267 4115 μὴ
3348 4041 3617 4094 αἰτούντων
3688 4035 3822 4103 ἡμῶν,

2273 4130 2418 4185 διατί
2490 4130 2775 4206 προσέταξε
2834 4131 3005 4192 ζητεῖν
3074 4134 3160 4183 τὸν
3220 4132 3378 4205 ἄρτον
3432 4131 3517 4180 τὸν
3565 4125 3821 4185 ἐπιούσιον,

2272 4222 2501 4285 Πάντως,
2559 4226 2642 4272 ἵνα
2695 4215 2788 4272 διὰ
2855 4228 2950 4281 τῆς
2995 4220 3239 4281 τοιαύτης
3310 4219 3561 4276 αἰτήσεως
3613 4210 3826 4285 ὁμολογῶ·

2270 4328 2379 4382 μεν,
2445 4310 2525 4361 ὅτι
2579 4309 2730 4369 αὐτὸς
2786 4307 2928 4361 ἔστιν
2987 4308 3012 4359 ὁ
3069 4310 3260 4380 τρέφων
3312 4311 3473 4381 ἡμᾶς,
3527 4306 3611 4357 καί
3672 4292 3823 4368 οὖχῆ

2273 4394 2480 4456 σπουδή
2538 4399 2702 4471 ἡμῶν,
2762 4401 2850 4450 καὶ
2907 4399 2992 4448 ἵνα
3046 4402 3198 4448 τοῦτο
3256 4396 3425 4456 οὕτως
3488 4391 3825 4467 ὁμολογοῦντες»

2270 4486 2571 4559 οἰκειότεροι
2629 4486 2894 4557 γινῳμεθα
2946 4480 3040 4537 διὰ
3104 4483 3212 4556 (35)
3274 4488 3371 4543 τὴν
3442 4478 3821 4555 εὐγνωμοσύνηὶο

2340 4666 2426 4721 Μὴ
2478 4692 2548 4703 -—
2617 4661 2822 4723 ἑαυτῆς.
2887 4662 3093 4713 Ὀπίσω
3163 4660 3316 4714 εἰπών
3380 4660 3572 4730 ἁπλῶς,
3645 4655 3717 4706 ὅτι
3760 4649 3826 4702 Μὴ

2268 4755 2639 4825 μεριμνήσητε,
2700 4745 2869 4803 ἐδόκει
2942 4750 3198 4812 παντελῶς
3266 4749 3531 4804 ἐκκόπτειν
3607 4747 3693 4802 τὴν
3755 4737 3830 4810 μέ·

2267 4861 2453 4915 ριμναν
2528 4847 2628 4893 τῶν
2701 4838 2989 4912 ἀναγκαίων
3048 4846 3142 4891 τοῦ
3215 4844 3474 4912 σώματος·
3549 4834 3712 4888 λοιπόν
3759 4822 3831 4876 οὖν

2268 4929 2486 4984 ἐνταῦθα
2541 4924 2791 4983 διδάσκει
2844 4933 3204 5003 φανερώτερον,
3257 4929 3338 4982 ὃτι
3381 4932 3474 4986 τὴν
3533 4926 3618 4999 μὲν
3665 4916 3739 4973 έπί
3779 4917 3829 4985 τῇ

1707 5207 1931 5278 Variae
1962 5206 2287 5275 lectiones
2320 5211 2388 5274 et
2424 5214 2625 5273 noue.

578 5355 694 5429 (34)
712 5354 950 5429 inclusa
997 5352 1210 5429 omittit
1246 5354 1304 5429 Β.
1338 5351 1646 5429 Eademin
1684 5350 1958 5429 margine
1985 5350 2166 5429 inve-

508 5422 674 5486 nerat
704 5426 1043 5483 Hentenius.
1068 5427 1220 5497 Ergo
1250 5425 1310 5481 in
1337 5425 1456 5480 ﬁne
1477 5425 1661 5495 hujus
1682 5422 1892 5481 scholii
1922 5422 2166 5480 addide-

2272 5352 2384 5407 rat.
2417 5346 2845 5406 Revocavimus
2873 5359 3015 5416 ergo
3045 5344 3126 5402 ad
3152 5358 3331 5403 suum
3355 5343 3587 5402 locum.

2347 5420 2459 5492 (35)
2496 5428 2585 5481 τῆς
2614 5418 3034 5492 εὐγνωμοσύνης.
3068 5421 3137 5474 Α.

586 5605 708 5679 (aa)
736 5604 812 5661 Et
849 5603 931 5662 ad
954 5602 1065 5661 hoc
1088 5634 1156 5645 —
1177 5604 1398 5661 vivere.
1438 5601 1759 5675 Propterea
1784 5601 1897 5660 hoc
1919 5600 2183 5659 maxime
2208 5600 2443 5673 oportet
2467 5611 2755 5671 quaerere.
