3990 6206
190 218 255 281 ΞΊ

1097 200 1465 265 COMMENT.
1510 204 1579 261 ΙΝ
1617 202 2062 261 ΜΑΤΤΗιΕἱΙΜ.
2105 231 2172 242 -
2211 200 2367 257 CAP.
2408 198 2529 255 VII.

3332 192 3437 249 258

185 350 363 417 sessum;
407 345 562 415 ἡμέρᾳ
601 345 892 413 συγχωρεῖ,
942 341 1012 401 ὡς
1057 336 1363 408 ἀναγκαίαν,
1421 329 1513 386 διὰ
1584 335 1712 390 τήν.

1832 329 1951 385 uoci
1981 342 2116 384 eam
2155 341 2321 392 sane,
2359 337 2495 397 quae
2526 323 2601 379 de
2632 322 2915 381 hodierno
2957 321 3053 379 die
3092 325 3203 387 est,
3232 337 3440 379 curam

184 438 374 489 ἐσέένειαν
416 439 498 484 τοῦ
552 435 783 500 σώματος
840 433 935 486 τὴν
994 424 1051 480 δὲ
1103 434 1196 488 τῆς
1250 428 1427 496 αὔριον
1477 422 1677 492 ἀπαγο-

174 528 284 601 ρώει,
331 526 388 583 ὡς
440 523 696 591 περιττήν.
736 517 794 569 Ἠ
850 520 948 591 γὰρ
998 519 1176 588 αὔριον
1214 516 1384 587 ἡμέρα
1435 510 1533 572 ἔξει
1586 512 1677 560 καὶ

176 597 267 669 δτι
308 609 437 662 πάλιν
481 612 570 666 τὴν
625 610 876 680 μέριμναν
928 613 1025 656 τῶν
1087 603 1294 668 ἑαυτῆς,
1360 603 1543 670 ἤγουν,
1611 597 1678 648 ὧν

173 699 329 769 ἐντεῖτῇ
355 696 533 771 χρηζει
579 696 605 746 ὀ
649 696 941 769 ἅνθρωπος.
989 694 1128 752 Τινὲς
1175 687 1236 743 δέ
1283 708 1459 761 φασιν,
1509 686 1680 740 ὀπίσω

175 785 481 861 priameia};
514 783 734 853 ἐκκόψαι
790 787 886 840 τὴν
944 786 1213 856 μέριμναν,
1273 775 1367 831 διὰ
1416 780 1535 837 τοὺς
1589 771 1683 828 δυ-

172 878 334 936 νατούςθ
360 873 565 927 ἐκταῦθα
601 869 684 940 δε,
731 878 1088 944 συγχωρῆσαι
1119 873 1215 928 τὴν
1253 875 1344 928 τῆς
1393 864 1685 925 ἐνεστώσης

174 967 327 1036 ἡμέρας,
358 960 439 1016 διὰ
465 965 578 1022 τοὺς
607 960 1020 1035 ἀσθενεστέρους.

222 1200 409 1275 ’Δριιτόν
444 1232 510 1242 --
560 1197 744 1261 αὐτῆς.
816 1201 1011 1252 Κακίαν
1080 1193 1302 1248 ἐνταῦθα
1366 1193 1522 1266 λέγει,
1596 1196 1688 1251 τὴν

172 1296 375 1366 μέριμναν,
434 1294 516 1343 τὸν
596 1294 780 1355 κόπον,
859 1288 951 1348 τὰς
1012 1284 1367 1357 ἐπιγινομένας
1447 1282 1692 1337 ἑκάστοτε

174 1382 395 1453 ascopa;
439 1380 564 1452 ἅπερ
616 1376 869 1453 ἀρκοῦσιν
919 1375 1069 1448 αὐτῇ,
1121 1378 1211 1426 καὶ
1260 1373 1318 1425 οὐ
1369 1378 1478 1447 χρὴ
1527 1393 1691 1447 προσ-

171 1472 285 1521 θεῖναι
330 1473 407 1521 καὶ
461 1474 553 1526 τήν
609 1471 867 1540 μέριμναν
918 1473 1013 1525 τῆς
1070 1467 1270 1538 αὔριον,
1326 1467 1415 1514 καὶ
1463 1461 1693 1515 καταϐα-

166 1561 287 1628 ρύνειν
323 1557 490 1627 αὐτὴν,
539 1559 605 1616 ὡς
634 1559 709 1629 μὴ
753 1551 1014 1607 δύνασθαι
1052 1554 1397 1626 χρησιμεύειν
1448 1553 1574 1624 ἡμῖν
1626 1551 1695 1612 εἰς

1784 416 2104 490 permittat,
2120 418 2402 486 tanquam
2424 418 2665 485 propter
2687 412 2949 484 corporis
2968 410 3440 468 imbecillitatem

1786 504 2192 562 necessariam
2223 519 2236 558 :
2265 518 2401 558 eam
2432 516 2567 557 vero
2598 517 2733 574 quae
2775 501 2849 557 de
2882 499 3140 557 crastino
3171 504 3280 565 est,
3316 504 3445 555 tan-

1787 609 1970 665 quam
2004 591 2371 665 superﬂuam
2395 591 2671 659 denegat.
2701 589 3003 646 Crastinus
3039 589 3199 659 enim
3216 588 3365 654 dies,
3389 590 3446 644 et

1786 685 1919 755 ipse
1946 698 2153 738 rursus
2184 681 2276 736 sui
2305 679 2495 752 ipsius
2536 694 2743 735 curam
2776 678 3044 745 habebit,
3082 677 3206 733 sive
3236 693 3445 734 eorum

1788 770 2011 843 quibus
2041 770 2103 825 in
2135 770 2266 840 ipso
2297 784 2453 839 opus
2506 766 2612 822 erit
2644 767 2886 823 homini.
2938 766 3192 831 Quidam
3245 770 3447 823 autem

1791 858 2012 925 dicunt,
2054 856 2328 929 superius
2355 854 2595 926 quidem
2619 869 2858 910 omnem
2886 852 3293 910 universaliter
3323 869 3449 910 am-

1792 953 2032 1019 putasse
2075 960 2299 1009 curam,
2350 942 2534 1015 idque
2563 942 2640 998 ad
2690 941 3062 1013 perfectiores
3105 941 3299 1013 dirigi.
3347 941 3448 997 Hic

1796 1038 1996 1092 autem
2014 1049 2147 1090 eam
2172 1031 2517 1097 concedere,
2544 1046 2676 1104 quae
2705 1030 3008 1103 praesentis
3039 1036 3123 1087 est
3145 1030 3285 1095 diei,
3314 1044 3450 1102 pro-

1796 1128 1926 1197 pter
1954 1122 2280 1178 imbecilles
2294 1166 2308 1179 .

1870 1213 2030 1267 Vers.
2058 1211 2154 1267 34.
2192 1209 2433 1280 Sufﬁcit
2463 1241 2530 1249 —
2554 1224 2747 1275 suum.
2778 1207 2995 1264 Malum
3022 1207 3118 1267 hic
3149 1213 3314 1264 vocat
3351 1222 3457 1265 cu-

1798 1317 1952 1367 ram,
1982 1299 2275 1357 miseriam
2302 1304 2356 1355 et
2386 1298 2740 1355 calamitates
2772 1313 2908 1370 quas
2938 1297 3205 1369 undique
3251 1312 3457 1368 prove-

1800 1391 1992 1455 niunt,
2026 1388 2262 1463 ipsique
2292 1387 2613 1452 sufﬁciunt,
2654 1402 2764 1443 nec
2797 1389 3022 1458 oportet
3046 1385 3163 1441 diei
3197 1386 3456 1442 crastino

1803 1479 1973 1537 etiam
2004 1478 2226 1535 addere
2256 1475 2731 1542 sollicitudinem,
2760 1474 3080 1546 ipsumque
3106 1488 3455 1544 aggravare,

1806 1584 1945 1625 cum
1962 1567 2023 1623 id
2056 1566 2231 1623 nobis
2262 1565 2402 1622 utile
2430 1580 2565 1620 esse
2594 1578 2718 1619 non
2758 1561 2946 1634 possit
2966 1560 3045 1618 ad
3074 1577 3316 1633 operam
3344 1562 3461 1633 spi-

166 1646 356 1719 ἐργασίαν
401 1648 775 1717 πνευματικήν.
832 1647 1004 1695 Κακία
1030 1644 1131 1716 γὰρ
1197 1641 1420 1712 λέγεται,
1474 1640 1533 1692 οὐ
1594 1640 1695 1714 μό-

1830 1657 2100 1714 itualem.
2136 1655 2357 1711 Dicitur
2385 1653 2545 1710 enim
2596 1652 2823 1708 malum
2853 1655 2909 1706 et
2956 1650 3121 1722 quod
3162 1650 3260 1707 hic
3302 1655 3463 1704 κακία

163 1736 281 1791 νονή
329 1738 562 1807 πονηρία,
606 1731 738 1785 ἀλλὰ
801 1735 891 1783 καὶ
940 1733 1003 1782 τὰ
1046 1730 1288 1803 ῥηθέντα.
1330 1734 1429 1782 Καὶ
1459 1731 1557 1803 γὰρ
1610 1734 1698 1781 καὶ

167 1820 366 1882 sitiat;
414 1825 615 1896 εῖρηται
669 1824 849 1885 κακία,
903 1821 932 1877 η
996 1818 1240 1879 θεήλατος
1290 1817 1418 1892 ὀργὴ
1471 1822 1561 1870 καὶ
1601 1820 1699 1889 μά·

167 1910 265 1972 στιξ.
313 1910 412 1962 Οὐκ
464 1912 577 1963 ἐστι
638 1912 763 1983 γὰρ,
817 1912 968 1981 φησὶ,
1035 1912 1196 1960 κακία
1259 1905 1306 1958 ἐν
1390 1906 1551 1974 πόλει,
1640 1905 1699 1964 ἣν

167 2002 307 2074 Κύριος
349 1998 435 2050 οὐκ
485 1998 723 2056 ἐποίησε.
760 2001 861 2050 Καὶ
903 1996 1054 2058 αὖθις
1085 2010 1099 2025 ’
1136 1995 1289 2067 Ἐγὼ,
1341 1999 1489 2068 φησὶ,
1542 2002 1701 2048 ποιῶν

166 2088 322 2158 εἰρήνην
373 2093 459 2140 καὶ
516 2087 716 2148 κτίζων
786 2089 943 2154 κακὰ,
1007 2083 1120 2137 ἀντὶ
1186 2092 1297 2152 τοῦ,
1373 2084 1559 2157 λιμούς
1615 2088 1703 2136 καὶ

164 2174 324 2245 λοιμοὺς
372 2180 458 2228 καὶ
510 2179 579 2228 τὰ
648 2182 884 2228 τοιαῦτα.
945 2178 1045 2227 Καὶ
1097 2174 1195 2248 γὰρ
1260 2173 1507 2246 εἰώθαμεν
1569 2175 1707 2225 κακὰ

164 2261 395 2333 ὄνομὶζειν,
427 2270 516 2318 καὶ
544 2268 614 2318 τὰ
637 2263 851 2339 λυπηρὰ
890 2268 978 2316 καὶ
1015 2264 1307 2321 κακωτικά,

216 2443 280 2497 lii:
307 2472 367 2481 —
395 2443 634 2517 κριθῆτε.
692 2439 882 2514 [Φησιν
921 2441 1035 2511 (36)
1067 2441 1092 2491 ὁ
1128 2442 1532 2514 Χρυσὸστομος,
1564 2436 1610 2491 ἐν
1642 2446 1703 2511 τῇ

164 2524 354 2602 ipsaista
405 2539 502 2603 τῇς
558 2534 691 2604 πρὸς
745 2527 1014 2603 Ἐϐραίους
1069 2527 1397 2594 Ἐπιστολῆς,
1459 2528 1540 2579 ὅτι
1604 2531 1660 2580 τό
1690 2544 1704 2559 ⁸

160 2619 222 2674 Μὴ
268 2623 460 2691 κρίνετε,
520 2620 606 2671 ἱνα
669 2622 740 2691 μή
803 2620 1037 2692 κριθῆτε,
1091 2622 1209 2691 περὶ
1253 2614 1377 2689 βίον
1439 2614 1600 2684 ἐστὶν,
1650 2615 1709 2668 οὐ

161 2709 244 2776 περὶ
298 2712 531 2769 πίστεως.
588 2707 812 2780 Ὁμοίως
874 2702 933 2759 δὲ
998 2710 1086 2758 καὶ
1134 2709 1213 2778 τὸ,
1279 2707 1458 2758 Πάντα
1501 2706 1601 2758 ὅσα
1651 2703 1711 2756 ἂν

161 2789 331 2862 Εγωσιν
354 2796 473 2868 ὑμῖν
517 2802 710 2866 ποιεῖν,
761 2802 978 2852 ποιεῖτε.
1024 2796 1094 2849 Τὸ
1142 2797 1267 2870 γὰρ,
1316 2800 1502 2864 ποιεῖν,
1551 2796 1711 2866 ἔργων

160 2877 282 2949 ἐστὶν,
309 2882 414 2936 ἀλλ’
441 2884 501 2937 οὐ
532 2889 783 2948 πίστεως.
805 2883 830 2957 ]

212 3067 370 3139 Κρίσιν
412 3060 471 3120 δὲ
523 3060 773 3137 ἐνταῦθα,
806 3068 899 3125 τὴν
929 3065 1238 3141 κατάκρισιν
1262 3069 1469 3125 νόησον.
1510 3068 1713 3126 Ταύτην

276 3152 619 3228 ἔφιρμηνεύων
652 3157 679 3207 ὁ
724 3160 934 3219 Λουκᾶς
990 3152 1131 3208 εἶπε·
1166 3159 1251 3214 Μὴ
1311 3151 1712 3223 καταδικάζετε,

159 3246 226 3293 καὶ
266 3243 317 3295 εὖ
359 3251 428 3317 μὴ
483 3240 947 3302 καταδικασθῆτε.
990 3249 1091 3298 Καὶ
1145 3243 1188 3297 εἰ
1237 3248 1308 3317 μὴ
1368 3240 1717 3297 καταδικάσει

160 3346 218 3387 τις
261 3335 336 3383 τὸν
382 3333 772 3408 ἁμαρτάνοντα,
832 3330 935 3386 οἷον
980 3334 1162 3405 ἅρχων
1205 3335 1297 3406 μὶν
1350 3336 1435 3385 τὸν
1491 3331 1719 3408 ἀρχόμε-

158 3437 240 3487 νον,
274 3427 431 3495 πατὴρ
486 3421 549 3476 δὲ
608 3426 696 3475 τὸν
758 3424 890 3494 υἱὸν,
946 3419 1209 3484 δεσπότης
1264 3419 1323 3476 δὲ
1373 3426 1458 3475 τὸν
1510 3419 1717 3489 δοῦλον,

160 3505 370 3563 ἐπιδώσει
405 3514 616 3573 πάντως
648 3513 680 3571 ἡ
720 3515 900 3579 κακία,
940 3517 1029 3564 καὶ
1072 3514 1220 3565 ἔσται
1260 3515 1552 3584 σύγχυσις,
1582 3511 1717 3564 Ἀλλ’

160 3595 205 3648 οὐ
230 3603 327 3673 περὶ
368 3604 566 3665 ταύτης
619 3610 710 3662 τὶς
757 3605 1111 3675 κατακρίσεως
1161 3601 1297 3673 λέγει
1347 3610 1455 3669 νῦν,
1505 3609 1601 3663 τῆς
1644 3621 1723 3674 φι-

157 3683 349 3755 λαγάθου
402 3696 492 3743 καὶ
550 3687 911 3765 διορθωτικῆς
952 3706 965 3720 ·
1020 3695 1212 3763 προῖὼν
1268 3692 1366 3764 γὰρ
1425 3688 1721 3757 ἱνετείλατο,

158 3775 465 3850 καὶὶὶέγχειν
506 3780 673 3849 οὕτω,
728 3784 816 3832 καί
874 3776 1083 3851 δεσμεῖν
1113 3797 1125 3809 ³
1157 3779 1355 3851 ’Υπαγε
1396 3780 1517 3854 γὰρ,
1573 3785 1725 3852 φησι,

160 3870 231 3917 καὶ
286 3867 477 3938 ἔλεγξον
536 3869 700 3922 αὐτόν
734 3884 747 3896 ·
801 3874 890 3921 καὶ
948 3865 1101 3930 αὖθις
1137 3885 1151 3900 ο
1212 3875 1352 3923 Ὅσα
1411 3868 1471 3921 ἂν
1526 3866 1729 3928 δήσητε

166 3951 228 4005 ἐπὶ
271 3963 359 4017 τῆς
403 3966 526 4028 γῆς,
588 3960 743 4010 ἔσται
806 3953 1056 4030 δεδεμένα
1101 3957 1150 4010 ἐν
1206 3966 1279 4030 τῷ
1344 3957 1566 4034 οὐρανῷ.
1621 3965 1728 4012 Νῦν

165 4036 419 4116 διόλόγος
466 4047 527 4098 οὐ
568 4050 700 4120 πρὸς
750 4047 862 4117 (37)
916 4050 1037 4107 τοὺς
1087 4048 1351 4121 ἄρχοντάς
1396 4049 1557 4117 ἐστιν,
1604 4046 1733 4101 ἀλλὰ

168 4131 271 4199 πρὸς
316 4135 432 4194 τοὺς
479 4131 836 4206 ἀρχομένους,
880 4142 1142 4208 παραινῶν
1182 4139 1253 4206 μὴ
1307 4133 1421 4187 ἀντὶ
1472 4142 1564 4187 τοῦ
1609 4132 1731 4207 βλέε-

165 4236 253 4269 xm
305 4222 367 4273 τὰ
405 4222 594 4287 οἰκεῖοι,
646 4226 737 4273 καὶ
777 4218 1153 4282 καταδικάζειν
1207 4221 1443 4291 ἑαυτοὺς,
1492 4225 1617 4299 ὁρᾷν
1668 4228 1736 4279 τὰ

167 4303 391 4382 ἀλλότρια,
420 4316 513 4363 καὶ
540 4315 873 4384 κατακρίνειν
914 4310 1140 4385 ἑτέρους,

1806 1746 2042 1811 dicitur,
2056 1759 2177 1801 non
2208 1743 2403 1800 solum
2431 1741 2660 1805 vitium,
2694 1743 2800 1796 sed
2830 1744 2887 1796 et
2907 1754 2979 1795 ea
3007 1755 3142 1810 quas
3173 1740 3354 1796 modo
3380 1740 3463 1795 di-

1810 1839 1907 1891 cta
1936 1838 2101 1890 sunt.
2131 1830 2442 1904 Siquidem
2472 1829 2534 1884 in
2564 1827 2691 1885 aliis
2724 1843 2960 1900 quoque
3001 1827 3149 1883 locis
3169 1826 3384 1883 dicitur
3406 1832 3465 1883 et

1811 1926 1991 1987 κακία,
2042 1919 2154 1983 ira,
2212 1919 2333 1975 sive
2384 1917 2689 1987 ﬂagellum
2718 1932 2754 1972 a
2812 1916 2932 1971 Deo
2956 1915 3464 1972 incitatum:Non

1812 2017 1913 2075 est,
1935 2008 2147 2081 inquit,
2184 2011 2428 2077 malum,
2469 2006 2629 2077 quod
2682 2004 2967 2060 Dominus
3020 2019 3137 2060 non
3160 2005 3367 2073 fecerit
3396 2006 3463 2059 ²⁶.

1815 2103 1881 2156 Et
1909 2114 2116 2155 rursus
2151 2114 2161 2151 :
2194 2096 2331 2167 Ego,
2372 2095 2470 2161 ait,
2513 2095 2738 2164 faciens
2775 2108 2976 2162 pacem
3015 2098 3069 2149 et
3103 2108 3305 2148 creans
3344 2108 3469 2149 ma-

1816 2188 1935 2244 lum
1966 2189 2035 2255 ³⁷,
2078 2186 2205 2253 hoc
2249 2189 2355 2252 est,
2392 2184 2601 2249 fames,
2635 2186 2828 2254 pestes
2865 2197 2936 2239 ac
2971 2181 3204 2238 similia.
3255 2181 3470 2237 Tristia

1816 2276 1975 2334 enim
2026 2279 2084 2332 et
2112 2273 2497 2332 afﬂictionem
2547 2270 2873 2337 aﬁ'erentia,
2929 2271 3348 2328 consuevimus
3382 2269 3468 2325 di.

1817 2381 1948 2422 cere
1974 2363 2156 2420 mala.

1891 2456 2034 2525 Cap.
2055 2453 2172 2520 VII,
2192 2465 2343 2507 vers.
2367 2451 2419 2505 1.
2437 2448 3056 2519 Nolite—judicemini.
3086 2449 3128 2518 -ξ-
3145 2448 3473 2521 DicitChry-

1821 2547 2126 2600 sostomus
2184 2541 2246 2597 in
2303 2538 2670 2612 expositione
2730 2537 3003 2609 Epistolis
3059 2537 3139 2593 ad
3194 2538 3473 2594 Hebraeos

1823 2631 2014 2687 illud:
2049 2630 2250 2688 Nolite
2280 2629 2560 2699 judicare
2605 2641 2675 2684 ne
2717 2626 3071 2697 judiccmini
3111 2626 3182 2692 ³⁸,
3235 2626 3311 2683 de
3356 2627 3477 2682 vita

1823 2719 1955 2786 diei,
2025 2735 2150 2776 non
2212 2718 2287 2775 de
2317 2718 2462 2775 ﬁde.
2493 2715 2771 2772 Similiter
2823 2719 2881 2771 et
2926 2714 3073 2771 illud
3125 2731 3140 2770 :
3189 2714 3478 2782 Qucecun-

1821 2824 1930 2881 que
1975 2808 2246 2866 dixerint
2294 2805 2449 2864 vobis
2480 2810 2545 2861 ut
2592 2804 2841 2871 servetis,
2891 2810 3123 2862 servate
3167 2810 3221 2861 et
3266 2804 3473 2874 facite,

1823 2901 1872 2935 ³ο
1902 2899 2170 2964 verbum,
2197 2901 2267 2953 ut
2315 2894 2578 2960 servetis,
2611 2893 2686 2950 de
2726 2893 3004 2965 operibus
3040 2909 3188 2959 esse,
3243 2909 3366 2951 non
3403 2893 3478 2950 de

1824 2988 1967 3046 ﬁde.

1898 3078 1927 3132 J
1935 3075 2199 3132 udicium
2222 3075 2338 3131 hoc
2363 3073 2495 3129 loco
2532 3088 2643 3145 pro
2674 3072 3170 3129 condemnatione
3205 3072 3477 3146 accipito.

1828 3167 1925 3224 Sic
1954 3164 2113 3221 enim
2145 3164 2564 3235 interpretatur
2601 3161 2814 3229 Lucas,
2845 3160 3048 3217 dicens
3081 3179 3094 3217 :
3125 3162 3320 3219 Nolite
3348 3177 3483 3218 con—

1827 3256 2117 3320 demnare,
2170 3257 2225 3310 et
2280 3266 2400 3308 non
2434 3248 2971 3307 condemnabimini
3001 3250 3074 3304 3°.
3110 3251 3324 3304 Verum
3365 3249 3482 3304 nisi

1828 3342 2192 3401 condemnet
2224 3339 2355 3412 quis
2403 3354 2541 3395 eum
2585 3338 2690 3410 qui
2741 3336 3019 3407 peccavit,
3056 3335 3227 3392 veluti
3276 3337 3323 3392 is
3379 3337 3483 3408 qui

1830 3433 2039 3504 praeest
2057 3426 2378 3493 subditum,
2396 3429 2563 3497 pater
2575 3422 2778 3489 ﬁlium,
2797 3422 3189 3479 autdominus
3208 3437 3444 3479 servum
3466 3441 3480 3476 :

1832 3517 2213 3589 augebuntur
2241 3514 2489 3572 omnino
2514 3513 2679 3580 vitia,
2712 3511 2938 3584 eritque
2966 3526 3164 3567 rerum
3189 3511 3483 3568 confusio.

1835 3609 1949 3666 Sed
1967 3606 2065 3664 hic
2093 3621 2216 3662 non
2246 3604 2509 3677 loquitur
2523 3603 2598 3660 de
2617 3601 2957 3674 hujusmodi
2982 3601 3487 3659 condemnatione

1835 3713 1973 3770 quae
1992 3696 2222 3752 bonum
2253 3698 2435 3759 amat,
2459 3696 2515 3749 et
2542 3691 2702 3765 quod
2728 3706 2983 3765 pravum
3019 3694 3109 3747 est
3136 3692 3394 3763 corrigit.
3426 3694 3491 3747 In

1837 3784 2226 3858 sequentibus
2247 3783 2406 3840 enim
2431 3780 2796 3855 jubetetiam
2819 3795 3065 3852 arguere
3082 3780 3198 3838 hoc
3221 3782 3407 3838 modo
3420 3796 3491 3837 ac

1838 3873 2060 3944 ligare:
2101 3873 2232 3938 Abi,
2265 3871 2478 3944 inquit,
2515 3874 2569 3928 et
2619 3884 2801 3941 argue
2843 3885 2970 3926 eum
3000 3870 3043 3906 ³1
3079 3873 3176 3936 ;et
3213 3884 3486 3926 rursum:

1842 3962 2205 4033 Qumcunque
2256 3960 2577 4032 ligaveritis
2631 3974 2812 4029 super
2840 3964 3050 4016 terram
3079 3965 3254 4016 erunt
3304 3958 3497 4030 ligata

1839 4050 1900 4105 in
1940 4050 2075 4107 caelo
2104 4051 2172 4103 ει.
2209 4048 2311 4104 Hic
2348 4054 2550 4104 autem
2580 4063 2779 4104 sermo
2809 4062 2932 4104 non
2962 4047 3040 4104 ad
3072 4063 3169 4103 eos
3202 4047 3308 4119 qui
3349 4064 3499 4120 pras-
3592 4046 3599 4047 ⁷

1843 4143 1982 4195 sunt
2036 4137 2328 4208 dirigitur,
2370 4136 2476 4194 sed
2528 4136 2607 4195 ad
2661 4135 2933 4193 subditos
2962 4152 3244 4192 :monens
3290 4152 3357 4193 ne
3391 4137 3494 4209 qui

1842 4226 2089 4301 propria
2114 4225 2336 4282 debent
2362 4225 2675 4297 inspicere,
2707 4240 2777 4281 ac
2799 4224 3025 4296 seipsos
3055 4224 3500 4295 dijudicare,in~

1845 4316 2103 4390 spiciant
2130 4314 2345 4381 aliena,
2370 4330 2442 4371 ac
2481 4314 2561 4384 dij
2575 4314 2808 4370 udicent
2827 4313 2998 4369 alios.

221 4401 342 4455 hci
392 4402 493 4474 γὰρ
552 4405 651 4452 καὶ
703 4399 897 4461 Παῦλος
932 4401 957 4451 ὁ
1006 4398 1313 4471 ἀπόστολος,
1369 4402 1449 4454 ὃτι
1499 4401 1558 4455 Εἰ
1604 4401 1712 4479 ἐκρί

1877 4381 1899 4390 ⁸
1917 4408 2063 4462 Nam
2094 4408 2151 4461 et
2175 4403 2393 4459 Paulus
2415 4381 2724 4475 apostolus
2750 4401 2891 4457 dicit
2923 4416 2934 4455 :
2960 4400 3028 4457 Si
3040 4416 3142 4458 nos
3161 4401 3317 4471 ipsos
3342 4401 3502 4472 diju-

171 4501 289 4555 νομεν
359 4488 596 4554 ἑαυτοὺς,
674 4488 768 4541 οὐκ
838 4488 897 4540 ἂν
980 4487 1300 4562 ἐκρινόμεθα.
1378 4488 1535 4543 Ἐστι
1593 4488 1652 4545 δὲ
1712 4495 1737 4545 ὁ

170 4568 294 4644 λογος
317 4584 401 4630 καὶ
448 4581 588 4652 πρὸς
638 4580 754 4638 τοὺς
807 4575 1005 4650 μεγάλα
1050 4580 1143 4651 μεν
1195 4577 1601 4653 ἁμαρτάνοντας,
1650 4601 1740 4635 κα-

168 4668 468 4734 τακρίνοντας
498 4663 563 4719 δὲ
605 4669 728 4728 τοὺς
776 4668 943 4741 μικρὰ
985 4666 1384 4740 σφαλλομένους.
1431 4674 1587 4740 Λέγει
1636 4674 1738 4745 γὰρ

1846 4497 2191 4557 dicaremus,
2219 4507 2594 4564 nequaquam
2625 4491 3091 4561 dijudicaremur
3120 4494 3191 4544 ³³.
3221 4490 3504 4562 Dirigitur

1847 4599 2092 4658 quoque
2114 4597 2313 4639 sermo
2346 4586 2405 4638 et
2432 4581 2511 4638 ad
2541 4597 2644 4638 eos
2671 4580 2770 4653 qui
2801 4596 2939 4636 cum
2969 4579 3030 4636 in
3059 4580 3390 4652 majoribus
3420 4581 3506 4638 of-

1849 4674 2116 4745 fendant,
2158 4672 2561 4729 condemnant
2583 4686 2687 4727 eos
2732 4669 2837 4742 qui
2872 4669 2937 4726 in
2965 4670 3167 4742 parvis
3204 4670 3502 4730 labuntur.

171 4744 316 4820 ἐφεξῆς
344 4768 359 4782 ⁸
388 4758 449 4809 Τί
514 4753 731 4828 βλέπεις
790 4758 848 4807 τὸ
904 4756 1099 4829 κάρφος
1153 4758 1212 4810 τὸ
1267 4755 1315 4809 ἐν
1371 4766 1444 4829 τῷ
1498 4757 1712 4833 ὀφθαλμι

1852 4762 2002 4819 Dicit
2042 4744 2201 4819 enim
2249 4760 2449 4818 statim
2498 4760 2562 4816 in
2605 4758 3040 4831 sequentibus:
3073 4759 3224 4828 Quid
3262 4760 3506 4832 inspicis

175 4846 247 4891 τοῦ
271 4838 487 4917 ἀδελφοῦ
544 4863 666 4914 σου,
704 4848 799 4903 τήν
860 4840 920 4898 δε
961 4843 1008 4897 ἓν
1050 4853 1123 4919 τῷ
1169 4853 1245 4919 σῷ
1297 4845 1544 4921 ὀφθαλμῷ
1586 4845 1742 4903 δοκὸν

232 5020 484 5081 "Amos
524 5039 615 5090 ω,
675 5026 725 5079 6.
787 5023 858 5094 f7
917 5020 1030 5081 Isa.
1085 5040 1215 5094 xcv,
1276 5026 1334 5083 7.

183 5086 251 5144 l5.
273 5094 315 5128 ³³
339 5094 484 5152 ibid.
517 5086 611 5153 18.
638 5096 685 5133 ³⁸
716 5097 741 5152 I
770 5092 908 5153 Cor.
928 5110 1012 5162 ιι,
1045 5098 1136 5153 31.

1411 5026 1459 5064 ³⁸
1489 5028 1695 5089 Matth.
1747 5045 1912 5104 mn,
1934 5030 1989 5087 3.

1851 4851 2140 4924 festucam
2178 4851 2241 4908 in
2293 4850 2464 4908 oculo
2486 4849 2697 4920 fratris
2729 4848 2834 4919 tui,
2879 4849 3107 4908 trabem
3143 4858 3337 4909 autem
3378 4865 3506 4924 qua:

2068 5033 2116 5068 ³ο
2145 5029 2298 5090 ibid.
2355 5029 2409 5087 Ἰ.
2487 5029 2534 5067 ³ο
2566 5030 2807 5100 Luc.v1,
2840 5034 2930 5089 37.
3009 5032 3053 5070 ³¹
3080 5031 3289 5093 Matth.
3347 5047 3509 5105 xvm,

1352 5242 1575 5315 Variae
1610 5243 1942 5316 lectiones
1991 5256 2059 5318 et
2092 5256 2294 5317 notae.

240 5428 343 5512 (με)
368 5435 609 5512 Inclusa
635 5434 694 5512 in
719 5436 988 5512 margine
1012 5437 1190 5512 habet
1210 5442 1276 5512 Α.
1304 5439 1525 5512 Eadem
1548 5440 1611 5498 in
1627 5438 1749 5500 ﬁne

183 5498 343 5575 hujus
359 5507 561 5565 scholii
578 5498 1232 5581 adjeceratHentenius,
1252 5511 1464 5570 itidem
1487 5528 1561 5570 ex
1591 5498 1753 5574 mar;

1858 5443 1994 5516 gine
2024 5442 2117 5500 sui
2145 5441 2388 5516 codicis.

1930 5515 2046 5588 (37)
2078 5519 2214 5584 τοὶς,
2252 5514 2433 5574 abest
2466 5516 2535 5576 A.
2561 5512 2650 5573 Ita
2675 5529 2919 5589 quoque
2946 5515 3130 5589 paulo
3158 5519 3316 5590 post.
