3990 6206
494 240 598 295 259

1803 238 2145 296 EUTHYMII
2200 240 2531 296 ZIGABANI
3723 249 3819 306 260

490 364 553 420 in
591 366 755 421 oculo
777 370 874 422 tuo
901 372 993 433 est,
1040 381 1155 421 non
1212 366 1541 421 consideras
1569 365 1616 399 ⁸⁴
1646 363 1674 419 ἳ
1703 367 1902 437 Κάρφος
1933 369 2116 421 auten

2251 366 2309 417 οῦ
2366 374 2664 435 κατανοεῖς;
2727 370 2839 421 ἔστι
2898 366 2955 422 δὲ
3013 390 3227 444 καρφος,
3288 372 3614 446 ἀπόσπασμα
3681 374 3819 437 ξύλου

489 452 676 525 (quod
701 456 1181 526 vertitinterpres
1210 456 1494 523 festucam
1541 456 1643 511 aut
1667 452 1958 524 stipulam)
2010 468 2142 525 prov

489 543 769 613 prieligni
789 544 1079 615 particula
1109 544 1466 600 brevissima
1492 547 1597 609 est,
1632 546 1687 599 et
1712 542 1957 615 pulchre
1988 541 2145 598 trabi

490 634 832 702 opponitur.

560 719 724 774 Vers.
753 722 812 778 2.
836 722 959 788 Quo
982 751 1053 762 --
1070 722 1497 790 judicabimini.
1524 721 1745 776 Eadem
1783 720 2143 775 condemna-

486 808 663 873 tiobe,
689 824 811 881 qua
826 809 1261 865 condemnabis
1280 809 1536 875 fratrem,
1564 808 2061 865 condemnaberis
2088 812 2145 864 et

488 901 549 951 tu
585 898 730 953 :boc
761 903 867 965 est,
898 899 953 953 Si
975 897 1165 953 levem
1198 900 1325 968 ejus
1353 898 1590 969 lapsum
1617 897 2141 968 curioseinquisie-

485 986 586 1050 ris,
621 987 797 1041 etiam
820 992 875 1041 et
904 991 967 1041 tu
1005 986 1527 1055 condemnaberis,
1561 992 1617 1040 et
1644 984 1798 1040 levia
1823 990 2013 1040 errata
2042 992 2144 1040 tua

488 1074 661 1129 anxie
701 1074 1124 1147 disquirentur,
1180 1091 1249 1130 ac
1296 1080 1556 1146 tempore
1601 1074 1895 1130 tremendi
1938 1073 2139 1144 judicii

486 1162 1069 1218 condemnabuntur.

558 1253 715 1306 Vers.
763 1251 815 1304 2.
872 1253 948 1306 Et
980 1251 1236 1306 —vobis.
1295 1254 1361 1306 Et
1400 1265 1679 1305 mensura
1734 1265 1855 1322 qua
1905 1251 2140 1305 curiosa

488 1339 797 1394 exactione
822 1339 1064 1407 metiris,
1094 1344 1236 1410 puta
1266 1338 1431 1410 quod
1456 1346 1573 1393 tum
1603 1337 1868 1393 utilitatis
1900 1337 2133 1393 debuis-

485 1432 571 1481 set
598 1426 820 1481 babere
846 1431 1201 1497 respectum,
1230 1432 1332 1481 aut
1356 1442 1564 1482 cavere
1587 1442 1660 1480 ne
1682 1431 1737 1481 te
1781 1425 2133 1483 offenderet:

483 1514 690 1569 eadem
722 1530 1003 1570 mensura
1023 1515 1404 1570 remetientur
1421 1519 1475 1569 et
1502 1514 1602 1569 tibi
1629 1520 1794 1569 tuam
1826 1529 2137 1569 conversa-

484 1603 725 1658 tionem.
756 1602 885 1657 Vult
906 1609 1107 1658 autem
1138 1618 1353 1668 sermo,
1382 1602 1546 1674 quod
1566 1607 1855 1674 quantam
1912 1603 2137 1674 expetis

482 1690 561 1745 ob
618 1706 688 1746 eo
722 1692 1112 1755 exactionem,
1159 1696 1386 1747 tantam
1441 1696 1497 1746 et
1548 1694 1702 1746 Deus
1733 1696 1964 1763 expetet
1995 1696 2131 1746 ate.
2173 1715 2212 1769 Β

484 1780 794 1836 Advertere
823 1787 1009 1836 autem
1039 1785 1282 1851 Oportet,
1318 1780 1481 1852 quod
1534 1780 2054 1852 quemadmodum
2086 1781 2133 1835 si

478 1870 884 1923 remiserimus
911 1868 1277 1924 debitoribus
1304 1870 1540 1934 nostris,
1577 1870 1832 1925 remittet
1853 1869 2029 1925 nobis
2080 1873 2136 1924 et

2254 454 2613 529 βραχύτατον.

2323 701 2405 753 Ἐν
2460 725 2497 773 ῳ
2537 733 2607 741 -
2658 705 2993 774 κριθήσεσθε.
3049 704 3127 758 Ἐν
3158 707 3294 778 ᾗτινι
3350 706 3612 783 καταδίκῃ
3671 733 3823 766 κατα-

2254 786 2486 851 δικάζεις
2543 795 2628 843 τὸν
2687 789 2925 865 ἀδελφὸν,
2978 793 3029 845 ἐν
3076 798 3236 868 ταύτῃ
3298 799 3520 871 κριθὴσῃ
3581 806 3666 853 καὶ
3718 807 3816 854 σύσ

2250 883 2539 939 τουτέστιν,
2581 886 2641 932 Ei
2670 883 2728 933 τὸ
2775 881 2955 933 λεπτόν
3006 883 3165 936 αὐτοῦ
3214 886 3424 958 σφάλμα
3480 888 3822 963 πολυπραγμο-

2251 974 2347 1028 νεῖς
2394 974 2483 1019 καὶ
2532 976 2877 1043 κατακρίνεις,
2910 976 3001 1023 καὶ
3036 976 3104 1024 τὰ
3149 972 3308 1025 λεπτὰ
3344 978 3411 1027 τὰ
3466 978 3535 1028 σὰ
3582 979 3823 1055 πολυπρα-

2250 1059 2672 1127 γμονηθὴσονται
2732 1064 2820 1111 καὶ
2888 1063 3368 1133 κατακριθήσονται
3432 1062 3480 1115 ἐν
3538 1076 3692 1141 καιρῷ
3741 1078 3822 1129 τῆς

2252 1143 2469 1218 φοϐερᾶς
2502 1150 2740 1218 κρίσεως.

2324 1240 2422 1286 Καὶ
2468 1266 2533 1276 —
2582 1237 2721 1307 ὑμῖν.
2778 1242 2875 1290 Καὶ
2928 1238 2976 1290 ἐν
3111 1244 3280 1312 μέτρῳ
3341 1239 3607 1317 ἀκριϐείας
3642 1254 3825 1319 μετρεῐς

2250 1321 2385 1391 αὐτῷ
2425 1328 2517 1380 τὴν
2566 1323 2843 1391 πολιτείαν,
2898 1328 3023 1395 οἷον,
3078 1330 3155 1380 ὅτι
3209 1335 3362 1381 τόσον
3426 1332 3601 1403 ὤφειλε
3651 1341 3825 1409 προσέ-

2247 1429 2364 1481 χειν
2396 1410 2509 1481 (38)
2534 1430 2544 1441 '
2582 1411 2628 1463 ἐν
2663 1415 2822 1484 τούτῳ
2872 1418 3255 1489 μετρηθήσεται
3285 1424 3372 1470 καὶ
3416 1425 3498 1472 σοὶ
3529 1422 3556 1478 ἠ
3603 1427 3662 1479 σὴ
3694 1422 3829 1475 πολι-

2248 1504 2376 1552 τεία.
2418 1500 2573 1557 Δηλοῖ
2605 1498 2663 1552 δὲ
2702 1503 2727 1552 6
2766 1502 2935 1573 λόγος,
2980 1506 3059 1556 ὃτι
3086 1504 3254 1563 Ὀσην
3296 1506 3559 1581 ἀκρίϐειαν
3607 1509 3827 1574 ἀπαιτεῖς

2249 1588 2420 1651 αὐτὸν,
2457 1592 2719 1646 τοσαύτην
2757 1589 3098 1666 ἀπαιτηθήσῃ
3140 1600 3228 1646 καὶ
3274 1600 3337 1647 σὺ
3376 1602 3517 1672 παρά
3554 1608 3642 1651 τοῦ
3679 1608 3821 1655 Θεοῦ.

2250 1683 2358 1750 Χρὴ
2422 1674 2480 1729 δὲ
2537 1683 2837 1750 προσέχειν,
2899 1683 2977 1734 ὅτι
3040 1685 3211 1759 ὥσπερ
3271 1684 3354 1737 ἐὰν
3414 1688 3559 1759 ἡμεῖς
3615 1687 3821 1762 ἀφίωμεν

2248 1773 2353 1826 τοῖς
2415 1764 2691 1837 ὀφειλέταις
2748 1769 2913 1839 ἡμῶν,
2996 1770 3185 1843 ἀφίησι
3266 1779 3354 1826 καὶ
3409 1776 3434 1827 6
3493 1779 3623 1838 Θεὸς
3672 1780 3817 1849 ἡμῖν·

2247 1854 2404 1914 οῦτως
2480 1853 2562 1906 ἐὰν
2629 1857 2775 1927 ἡμεῖς
2836 1857 2893 1909 οῦ
2972 1866 3353 1935 κατακρίνωμεν
3433 1867 3518 1916 τόν
3598 1862 3828 1937 ἀδελφὸν,

2246 1940 2369 1995 οὐδὲ
2417 1944 2442 1994 6
2497 1948 2623 2005 Θεὸς
2684 1948 2839 2017 ἡμᾶς.
2891 1946 2959 1999 Ὠ
3004 1950 3310 2021 θαυμαστῆς
3368 1951 3577 2004 ἐντολῶν
3624 1950 3827 2021 Ῑυάδος,

2244 2029 2442 2105 ῥαδίων
2483 2036 2572 2104 μὲν
2614 2034 2685 2094 εἰς
2722 2039 2779 2086 τό
2833 2038 3244 2109 κατορθωθῆναι,
3281 2040 3512 2112 μεγάλης
3563 2039 3621 2094 δὲ
3672 2062 3831 2101 σωτη-

2245 2126 2364 2194 ρίας
2392 2121 2646 2194 προξένων
2672 2123 2684 2174 Ῑ

482 1958 747 2024 Deus,ita
766 1956 813 2010 si
839 1957 1078 2012 fratrem
1109 1972 1231 2011 non
1274 1957 1897 2023 condemnaverimus,
1940 1972 2134 2029 neque

481 2046 628 2098 Deus
647 2059 751 2098 nos
770 2044 1215 2100 condemnabit.
1251 2046 1294 2100 Ο
1324 2044 1680 2099 admiranda
1700 2050 2133 2115 praeceptorum

478 2132 681 2197 virtus,
713 2147 848 2203 quas
873 2131 1068 2187 facilia
1093 2132 1337 2203 quidem
1379 2137 1521 2186 sunt
1551 2132 1628 2188 ad
1660 2134 2131 2202 exsequendum,

479 2235 766 2290 magnam
795 2225 989 2275 tamen
1022 2220 1195 2275 nobis
1222 2220 1530 2275 conciliant
1560 2219 1801 2276 salutem
1834 2220 1848 2275 ι

550 2308 702 2374 Quid
728 2308 905 2378 igitur
931 2307 958 2362 ?
987 2308 1035 2363 si
1066 2308 1245 2363 frater
1265 2307 1593 2364 fornicatus
1625 2307 1794 2365 fuerit
1843 2312 1947 2365 aut
1971 2308 2137 2365 aliud

476 2397 592 2457 tale
621 2397 934 2470 quidpiam
977 2397 1310 2469 deliquerit,
1351 2413 1427 2453 an
1456 2399 1616 2453 hunc
1654 2413 1774 2452 non
1817 2397 2132 2480 corrigam,

479 2485 584 2542 sed
614 2486 821 2542 tacebo
850 2488 877 2542 ‘I
909 2487 1143 2554 Corrige
1170 2501 1313 2541 sane
1336 2486 1665 2547 salubriter,
1710 2491 1767 2542 et
1809 2485 1984 2558 quasi
2014 2502 2135 2540 me-

478 2574 660 2630 dicus.
729 2573 931 2645 Neque
986 2575 1145 2629 enim
1208 2574 1353 2629 dixit
1388 2590 1400 2628 :
1433 2594 1457 2624 (ι
1492 2577 1570 2629 Ne
1610 2573 1893 2630 cohibeas
1949 2573 2136 2628 delin-

476 2670 781 2737 quentem,
807 2684 836 2717 »
860 2664 982 2729 sed,
1024 2665 1110 2720 Ne
1142 2664 1397 2733 judices.
1438 2663 1593 2719 Dixit
1632 2668 1833 2719 autem
1886 2668 1942 2718 et
1990 2663 2136 2718 Pau-

476 2754 569 2808 lus
599 2770 610 2807 :
644 2755 729 2808 Tu
748 2769 856 2809 cur
856 2753 1087 2822 judicas
1098 2754 1353 2822 fratrem
1373 2756 1555 2817 tuum,
1580 2760 1679 2807 aut
1696 2759 1760 2807 tu
1786 2767 1893 2807 cur
1910 2752 2135 2821 spernis

470 2843 725 2911 fratrem
738 2850 902 2897 tuum
919 2841 1004 2896 ’5?
1019 2844 1246 2896 Etcerte
1260 2856 1380 2897 non
1395 2840 1691 2896 subditum
1706 2839 2129 2906 condemnare,

474 2931 691 2986 animae
722 2935 810 2985 est
835 2930 1208 3000 pharisaicm,
1242 2935 1296 2984 et
1323 2929 2004 3000 seipsumjustiﬁcantis.

474 3020 629 3079 θενεῖς
670 3022 755 3070 τόν
789 3015 1004 3089 ἀδελφόν
1043 3037 1136 3071 σου
1167 3035 1181 3085 ;
1217 3023 1316 3072 Καὶ
1366 3021 1518 3078 ὄντως
1572 3022 1628 3069 τὸ
1662 3023 1989 3091 κατακρίνειν
2041 3020 2127 3070 τὸν
2173 3018 2244 3088 μὴ
2283 3014 2609 3082 ῦπεξούσιον,
2643 3013 2827 3085 ψυχῆς
2858 3014 2969 3067 ἔστι
3017 3025 3352 3088 φαρισαῐκῆς,
3390 3024 3478 3072 καὶ
3519 3017 3842 3083 δικαιουσης

475 3107 675 3166 ἑαυτήν.

545 3197 703 3252 Vers.
747 3201 797 3253 3.
835 3197 989 3264 Quid
1029 3204 1223 3253 autem
1252 3227 1316 3238 -—
1378 3196 1705 3254 consideras
1736 3198 1764 3252 ?
1789 3196 1898 3253 Per
1951 3196 2116 3252 festu-

2311 3196 2372 3247 Τί
2403 3188 2461 3244 δε
2491 3222 2557 3232 -
2587 3199 2854 3253 κατανοεῖς
2885 3208 2897 3257 ;
2929 3194 3022 3244 Διὰ
3084 3202 3174 3246 τοῦ
3203 3196 3433 3268 κάρφους
3460 3200 3571 3269 μὲν,
3624 3201 3684 3250 τό
3726 3199 3841 3253 ἐλά-

472 3301 603 3341 cam
635 3291 954 3357 peccatum
1012 3285 1329 3341 minimum
1380 3286 1705 3353 indicavit;
1739 3302 1846 3357 per
1898 3284 2116 3341 trabem

2249 3301 2428 3353 χιστον
2476 3280 2761 3354 ἁμάρτημα
2818 3279 3016 3353 ἐνέφῃνε
3053 3298 3065 3311 ·
3118 3279 3211 3335 διὰ
3258 3292 3352 3345 τῆς
3402 3281 3560 3337 δοκοῦ
3627 3283 3708 3354 δὲ,
3772 3293 3830 3341 τὸ

472 3390 607 3429 vero
638 3374 991 3429 maximum.
1024 3376 1119 3430 Est
1138 3374 1297 3430 enim
1322 3374 1483 3430 trabs
1510 3375 1740 3444 lignum
1772 3374 2116 3444 oblongum.

2249 3376 2519 3442 αέγιστονο
2577 3368 2724 3431 ξύλον
2776 3371 2876 3443 γὰρ
2921 3368 3169 3442 ἐπίμηκες
3220 3373 3248 3429 ἡ
3304 3368 3477 3434 δοκὸς.
3537 3379 3695 3445 Λέγει
3750 3373 3829 3442 δὲ,

472 3462 601 3518 Vult
631 3469 828 3518 autem
848 3464 1046 3518 dicere
1081 3480 1093 3517 :
1120 3463 1433 3528 Quomodo
1464 3463 1699 3533 lapsum
1727 3460 2116 3517 minimumin

2249 3461 2317 3511 ὅτι
2361 3463 2505 3511 Διατί
2557 3462 2611 3510 τὸ
2642 3462 2731 3530 μὲν
2763 3456 2809 3508 ἐν
2861 3466 2919 3529 τῇ
2970 3458 3124 3531 ψυχῇ
3171 3468 3262 3511 τοῦ
3311 3458 3533 3533 ἀδελφοῦ
3587 3482 3682 3515 σου
3725 3463 3838 3517 ἐλα-

468 3551 671 3606 anima
702 3551 895 3606 fratris
922 3552 1007 3604 tui
1035 3557 1205 3605 acute
1228 3550 1553 3621 conspicis,
1574 3549 1997 3619 gravissimum
2031 3565 2127 3604 ve-

467 3654 534 3693 ro
578 3638 639 3693 in
689 3643 789 3693 tua
828 3654 949 3693 non
981 3639 1222 3693 intueris
1249 3638 1277 3691 ‘f
1309 3639 1571 3710 Quisque
1616 3639 1776 3693 enim
1835 3654 1974 3709 quae
2016 3653 2125 3692 sua

469 3730 606 3781 sunt
636 3726 828 3795 magis
858 3726 1036 3791 videt,
1088 3742 1270 3797 quam
1302 3742 1373 3781 ea
1421 3742 1550 3797 quae
1581 3726 1818 3781 alterius
1862 3742 1875 3780 :
1909 3731 1965 3781 et
1994 3742 2121 3782 ma-

462 3814 597 3885 jora
643 3814 836 3885 magis
870 3814 1046 3878 videt,
1077 3830 1261 3885 quam
1290 3830 1359 3869 ea
1389 3830 1525 3886 quae
1558 3816 1789 3869 minora
1820 3820 1978 3870 sunt.

2317 2307 2379 2353 Τί
2411 2299 2536 2368 οὖνς
2569 2302 2651 2355 ἐὰν
2685 2305 2709 2355 6
2742 2300 2959 2375 ἁδελφὸς
2992 2308 3232 2380 πορνεῦῃ,
3265 2309 3295 2366 ἡ
3328 2316 3558 2361 τοιοῦτον
3611 2311 3731 2363 ἄλλο
3783 2332 3833 2364 τι

2247 2390 2517 2464 πλημμελῇ
2542 2410 2559 2462 ;
2620 2396 2831 2465 πότερον
2884 2394 2941 2445 οῦ
3001 2391 3277 2469 διορθώσω
3336 2404 3537 2466 τοῦτον,
3586 2398 3713 2452 ἀλλὰ
3760 2421 3835 2453 σι·-

2244 2485 2437 2549 γὴσω;
2498 2482 2790 2553 Διόρθωσον
2842 2484 2931 2553 μὶν
3010 2483 3269 2555 ἰατρικῶς,
3326 2488 3390 2546 ὡς
3451 2483 3707 2559 ἀδελφόν·
3761 2493 3832 2560 μὴ

2245 2571 2521 2640 κατάκρινε
2553 2566 2611 2621 δὲ
2643 2568 2901 2641 ἀπεχθῶς,
2940 2574 3008 2632 ὡς
3050 2578 3418 2645 μεμισημένον.
3472 2576 3547 2627 Οῦ
3578 2580 3675 2649 γὰρ
3708 2575 3833 2637 εἷπε,

2246 2663 2329 2715 Μὴ
2390 2661 2596 2730 παύσῃς
2640 2661 3038 2731 ἀμαρτάνοντα’
3083 2660 3227 2727 ἀλλὰ,
3280 2668 3365 2721 Μὴ
3433 2669 3632 2739 κρίνῃς,
3702 2674 3839 2724 (eum

2244 2749 2344 2818 γάρ
2372 2752 2460 2798 καὶ
2490 2748 2722 2807 Παῦλος’
2767 2753 2831 2799 Σὺ
2885 2753 2966 2809 τίς
3017 2745 3114 2801 εἶό
3154 2755 3338 2823 κρίνων
3393 2751 3655 2828 ἀλλότριον
3708 2756 3841 2808 οἰκέ-

2244 2855 2336 2893 την
2364 2853 2375 2900 ;
2406 2844 2477 2905 τῷ
2512 2833 2631 2907 ἰδίῳ
2661 2842 2821 2909 κυρίῳ
2860 2844 3041 2895 στήκει
3071 2840 3099 2897 ἡ
3147 2845 3344 2894 πίπτει.
3390 2843 3487 2895 Καὶ
3517 2843 3665 2895 πάλιν
3698 2863 3708 2873 '
3771 2850 3838 2897 Σῦ

2246 2924 2303 2977 δὲ
2352 2930 2402 2975 τί
2460 2930 2651 2996 κρίνεις
2702 2929 2788 2976 τόν
2839 2922 3055 2999 ἀδελφόν
3096 2944 3227 2994 σου;
3261 2929 3289 2986 ἦ
3332 2935 3421 2982 καὶ
3479 2936 3566 2994 σύ,
3598 2938 3649 2984 τί
3693 2933 3841 2996 ἔξου-

2237 3553 2483 3620 φρότατον
2517 3547 2727 3618 σφάλμα
2758 3546 2960 3618 βλέπεις
2992 3548 3140 3610 ὀξέως
3173 3567 3183 3578 ’
3218 3552 3273 3600 τὸ
3298 3546 3356 3601 δὲ
3391 3548 3438 3600 ἓν
3466 3558 3525 3622 τῇ
3564 3559 3629 3623 σῇ
3667 3550 3839 3627 βαρύο

2232 3656 2379 3687 τατον
2428 3636 2532 3707 οὐχ
2582 3638 2741 3709 όρᾶς;
2783 3642 2890 3697 Πᾶς
2940 3638 3038 3711 γὰρ
3079 3640 3145 3689 τὰ
3191 3637 3375 3690 ἑαυτοῦ
3430 3639 3619 3711 μᾶλλον
3668 3638 3836 3708 οἶδεν,

2234 3725 2262 3783 ἦ
2314 3727 2378 3775 τὰ
2432 3724 2622 3796 ἑτέρου,
2686 3728 2771 3775 xui
2840 3727 2903 3776 τὰ
2958 3728 3121 3796 μείζω
3178 3724 3357 3797 βλέπει
3415 3727 3626 3799 μᾶλλον,
3686 3730 3718 3787 ἦ
3774 3733 3843 3783 τὰ

2233 3811 2422 3865 ἐλάττω
2436 3858 2447 3869 ,

540 3903 703 3958 Vers.
731 3905 785 3959 4.
804 3904 912 3957 Aut
940 3933 1007 3941 —
1038 3910 1157 3958 tuo.
1190 3904 1342 3968 Sive,
1371 3902 1678 3975 quomodo
1708 3902 1959 3959 tentabis
1984 3918 2117 3958 eum

466 4006 693 4056 curare,
727 4006 863 4047 cum
906 3989 1027 4061 ipse
1070 3991 1329 4047 maxime
1378 3990 1649 4061 indigeas
1701 3990 1889 4047 salute
1918 3991 1945 4046 ?
1974 3994 2118 4047 Ecce

464 4079 623 4136 enim
658 4080 821 4135 trabs
852 4080 911 4134 in
942 4079 1116 4135 oculo
1140 4087 1239 4135 tuo
1270 4085 1383 4138 est.

539 4170 696 4225 Vers.
750 4169 808 4225 5.
876 4169 1430 4238 Hypocrt‘ta—tui.
1485 4169 1868 4243 Hypocritam
1925 4168 2116 4225 nomi-

463 4258 626 4315 navit
678 4257 875 4327 talem,
922 4264 1123 4330 utpote
1167 4258 1379 4314 medici
1422 4275 1640 4314 munus
1688 4259 2110 4323 vindicantem,

463 4348 668 4418 aegroti
702 4363 843 4403 vero
872 4346 1070 4403 locum
1101 4348 1470 4414 retinentem,
1504 4347 1613 4413 vel,
1648 4352 1933 4419 tanquam
1966 4363 2114 4418 prae.

458 4442 619 4495 textu
648 4437 1030 4494 correctionis
1072 4436 1333 4492 alienum
1388 4438 1625 4508 lapsum
1682 4437 1911 4492 curiose
1943 4436 2111 4492 inda-

461 4532 722 4596 gantem,
756 4526 860 4582 sed
893 4526 951 4581 id
986 4526 1293 4598 proposito
1332 4525 1779 4582 condemnandi
1811 4532 2107 4594 agentem.

2249 4532 2403 4593 rxon
2477 4519 2509 4574 δ
2515 4542 2534 4574 ε
2591 4528 2942 4595 κοτακρίσεῶς

462 4614 516 4669 Si
549 4616 708 4670 enim
760 4614 1008 4670 curandi
1033 4614 1226 4670 fratris
1276 4613 1573 4670 desiderio
1616 4614 1730 4669 hoc
1780 4612 1928 4684 agis,
1970 4628 2113 4669 cura

461 4701 627 4771 prius
658 4702 932 4772 teipsum,
993 4702 1094 4774 qui
1140 4701 1276 4774 plus
1317 4702 1413 4758 illo
1450 4701 1751 4773 deliquisti
1792 4717 1807 4768 ;
1848 4700 2009 4774 quod
2064 4700 2112 4756 si

459 4790 838 4861 temetipsum
869 4790 1149 4861 despicis,
1186 4791 1556 4847 manifestum
1588 4796 1695 4858 est,
1724 4791 1888 4863 quod
1918 4805 2113 4863 neque

459 4879 628 4936 illum
660 4894 830 4935 amas
859 4896 872 4945 ;
907 4879 1097 4949 magis
1127 4880 1287 4935 enim
1334 4881 1594 4952 seipsum
1634 4881 1886 4953 quisque
1926 4884 2107 4945 amat,

460 4984 643 5043 quam
665 4967 928 5024 fratrem.
959 4972 1158 5040 Itaque
1177 4984 1296 5024 non
1313 4969 1390 5026 ad
1416 4968 1887 5035 emendandum,
1916 4968 2021 5024 sed
2033 4968 2113 5025 ad

540 5150 586 5185 “
611 5147 806 5205 Matth.
844 5164 938 5204 v11.
974 5150 1029 5206 3.
1107 5147 1152 5185 ³⁵
1180 5150 1351 5205 Rom.
1381 5163 1497 5217 xxv,
1530 5148 1690 5215 4,10.

2300 3901 2367 3954 Ἦ
2396 3932 2465 3941 -—
2496 3909 2609 3955 σοῦ.
2644 3900 2710 3953 ’Ἠ
2759 3910 2866 3963 πῶς
2919 3900 3272 3977 ἐπιχειρήσεις
3331 3904 3601 3977 ἰατρεῦσαι
3649 3908 3839 3977 αὐτὸν,

2229 3990 2386 4050 αὐτὸς
2434 3990 2663 4061 μάλιστα
2706 3986 2939 4061 δεόμενος
2990 3991 3245 4065 ὶατρείας;
3280 3989 3419 4045 Ἰδοὺ
3447 3996 3548 4069 γὰρ
3591 3997 3621 4054 ἡ
3677 3993 3849 4059 δοκὸς

2228 4078 2275 4130 ἐν
2312 4088 2383 4150 τῷ
2416 4078 2659 4150 ὀφθαλμῷ
2695 4097 2787 4130 σου
2822 4079 2983 4134 ἐστίν.

2295 4166 2572 4241 ’Υποκριτὰ
2656 4198 2725 4208 —
2806 4187 2920 4222 σου,
3004 4168 3332 4241 ’Υποκριτὴη
3414 4175 3500 4224 τόν
3594 4181 3850 4228 τοιοῦτον

2227 4257 2511 4329 ὠνόμασεν,
2556 4259 2624 4317 ὡς
2684 4257 2862 4330 ἰατροῦ
2902 4277 2990 4329 μεν
3045 4259 3188 4321 τάξιν
3244 4260 3563 4332 ἁρπάζοντα,
3617 4272 3853 4316 νοσοῦν·

3004 4168 3332 4243 ’Υποκριτὴη
3414 4175 3500 4224 τόν

2225 4365 2307 4405 τος
2359 4344 2417 4397 δε
2464 4350 2618 4397 τόπον
2677 4345 2975 4416 ἐπέχοντα·
3038 4349 3066 4406 ἡ
3110 4351 3181 4409 ὡς
3233 4352 3487 4423 προφάσει
3543 4355 3633 4423 μὲν
3687 4349 3855 4428 διορ-

2228 4436 2428 4494 θώσεως
2501 4437 2559 4485 τὸ
2637 4433 2900 4509 ἀλλότριον
2986 4435 3197 4508 σφάλμα
3269 4438 3853 4513 πολυπραγμονοῦντα,

3024 4532 3177 4577 τοῦτο
3260 4535 3533 4583 παιοῦντα.
3612 4530 3684 4581 Εἰ
3740 4534 3856 4607 γὰρ

2222 4608 2508 4683 κηδόμενος
2574 4618 2666 4663 τοῦ
2739 4608 2964 4684 ἀδελφοῦ
3028 4631 3122 4664 σου
3178 4622 3329 4667 τοῦτο
3380 4624 3563 4683 ποιεῖς,
3624 4627 3856 4692 πρῶτον

2221 4696 2390 4758 κήδου
2444 4707 2682 4771 σεαυτοῦ,
2739 4701 2915 4773 μεῖζον
2971 4700 3165 4755 ἐκείνου
3214 4703 3628 4777 πλημμελήσας’
3692 4709 3741 4759 εἰ
3792 4705 3860 4762 δὲ

2223 4796 2441 4841 σεαυτοῦ
2490 4797 2848 4863 καταφρονεῖς,
2890 4786 3178 4863 πρόδηλον,
3222 4795 3288 4855 ὡς
3339 4790 3455 4845 οὐδ’
3503 4792 3704 4849 ἐκεῖνον
3764 4818 3859 4869 φι-

2219 4877 2341 4941 λεῖς.
2386 4884 2492 4940 Πᾶς
2538 4881 2639 4953 γὰρ
2699 4879 2878 4931 ἑαυτὸν
2924 4879 3057 4951 φιλεῖ
3099 4880 3310 4952 μᾶλλον,
3359 4882 3387 4941 ἦ
3439 4886 3531 4935 τὸν
3582 4881 3860 4957 ἀδελφόν.

2224 4972 2326 5021 Καὶ
2378 4966 2558 5021 λοιπὸν
2588 4972 2647 5021 οὺ
2702 4964 3084 5043 διορθούμενος,
3127 4968 3253 5023 ἀλλὰ
3281 4977 3605 5048 κατακρίνων
3640 4972 3865 5048 ἐκπομ-

1665 5271 1889 5341 Variae
1918 5272 2247 5341 lectiones
2274 5279 2341 5340 et
2373 5282 2577 5340 notae.

533 5419 647 5493 (38)
676 5421 806 5493 πρὸς
830 5422 924 5477 τὴν
968 5416 1153 5471 ἑαυτοῦ
1207 5416 1463 5473 πολιτείαν
1512 5421 1601 5470 καὶ
1660 5414 1795 5469 ϐίον.
1853 5415 2116 5473 Hentenii

2249 5414 2445 5487 luplici
2505 5415 2673 5472 modo
2715 5416 2991 5484 reddidit,
3046 5432 3156 5474 nec
3204 5422 3404 5476 tamen
3474 5422 3865 5480 sententiam

459 5496 760 5551 assecutus
786 5496 896 5549 est.
