  <div class='ocr_page' id='page_1' title='image "/cluster/home/n/w/nwhite01/storage/ocr_20150623/129/hvd.32044073502395/136.png"; bbox 0 0 3990 6206; ppageno 0'>
   <div class='ocr_carea' id='block_1_1' title="bbox 227 217 2502 281">
    <p class='ocr_par' dir='ltr' id='par_1_1' title="bbox 227 217 2502 281">
     <span class='ocr_line' id='line_1_1' title="bbox 227 217 2502 281; baseline 0.001 -3"><span class='ocrx_word' id='word_1_1' title='bbox 227 223 287 279; x_wconf 60' lang='lat' dir='ltr'><strong>ﬁt</strong></span> <span class='ocrx_word' id='word_1_2' title='bbox 1066 219 1433 276; x_wconf 88' lang='lat' dir='ltr'><strong>COMMENT.</strong></span> <span class='ocrx_word' id='word_1_3' title='bbox 1475 219 1547 276; x_wconf 92' lang='lat' dir='ltr'><strong>IN</strong></span> <span class='ocrx_word' id='word_1_4' title='bbox 1587 217 2030 277; x_wconf 63' lang='lat' dir='ltr'><strong>MATTHZEUM.</strong></span> <span class='ocrx_word' id='word_1_5' title='bbox 2070 251 2140 264; x_wconf 92' lang='lat'><em>-</em></span> <span class='ocrx_word' id='word_1_6' title='bbox 2179 222 2338 278; x_wconf 89' lang='lat' dir='ltr'><strong>CAP.</strong></span> <span class='ocrx_word' id='word_1_7' title='bbox 2381 224 2502 281; x_wconf 87' lang='lat' dir='ltr'><strong>VII.</strong></span> 
     </span>
    </p>
   </div>
   <div class='ocr_carea' id='block_1_2' title="bbox 3362 239 3468 293">
    <p class='ocr_par' dir='ltr' id='par_1_2' title="bbox 3362 239 3468 293">
     <span class='ocr_line' id='line_1_2' title="bbox 3362 239 3468 293; baseline -0.019 0"><span class='ocrx_word' id='word_1_8' title='bbox 3362 239 3468 293; x_wconf 86' lang='lat'><strong>262</strong></span> 
     </span>
    </p>
   </div>
   <div class='ocr_carea' id='block_1_3' title="bbox 224 343 1716 431">
    <p class='ocr_par' dir='ltr' id='par_1_3' title="bbox 224 343 1700 420">
     <span class='ocr_line' id='line_1_3' title="bbox 224 343 1700 420; baseline 0.001 -22"><span class='ocrx_word' id='word_1_9' title='bbox 224 350 326 406; x_wconf 66' lang='grc' dir='ltr'>εινιις</span> <span class='ocrx_word' id='word_1_10' title='bbox 361 346 464 415; x_wconf 85' lang='grc'><strong>(39).</strong></span> <span class='ocrx_word' id='word_1_11' title='bbox 506 343 674 417; x_wconf 76' lang='grc' dir='ltr'>Ὁρᾷς,</span> <span class='ocrx_word' id='word_1_12' title='bbox 725 343 818 397; x_wconf 78' lang='grc' dir='ltr'><strong>οὐκ</strong></span> <span class='ocrx_word' id='word_1_13' title='bbox 871 343 1094 398; x_wconf 77' lang='grc' dir='ltr'>ἐκώλυσε</span> <span class='ocrx_word' id='word_1_14' title='bbox 1143 348 1437 419; x_wconf 75' lang='grc' dir='ltr'><strong>θεραπεύειν</strong></span> <span class='ocrx_word' id='word_1_15' title='bbox 1482 346 1700 420; x_wconf 82' lang='grc' dir='ltr'>ἑτέρους,</span> 
     </span>
    </p>
   </div>
   <div class='ocr_carea' id='block_1_4' title="bbox 1833 343 3467 431">
    <p class='ocr_par' dir='ltr' id='par_1_4' title="bbox 1833 345 3467 431">
     <span class='ocr_line' id='line_1_4' title="bbox 1833 345 3467 431; baseline 0.01 -30"><span class='ocrx_word' id='word_1_16' title='bbox 1833 345 2341 404; x_wconf 80' lang='lat' dir='ltr'><strong>:ondemnandum</strong></span> <span class='ocrx_word' id='word_1_17' title='bbox 2371 349 2709 407; x_wconf 87' lang='lat' dir='ltr'><strong>convitiaris</strong></span> <span class='ocrx_word' id='word_1_18' title='bbox 2759 353 2898 424; x_wconf 80' lang='grc' dir='ltr'><strong>(ὸὺ),</strong></span> <span class='ocrx_word' id='word_1_19' title='bbox 2933 353 3103 412; x_wconf 83' lang='lat' dir='ltr'><strong>Vides</strong></span> <span class='ocrx_word' id='word_1_20' title='bbox 3129 371 3271 428; x_wconf 89' lang='lat' dir='ltr'><strong>ergo</strong></span> <span class='ocrx_word' id='word_1_21' title='bbox 3300 361 3467 431; x_wconf 91' lang='lat' dir='ltr'><strong>quod</strong></span> 
     </span>
    </p>
   </div>
   <div class='ocr_carea' id='block_1_5' title="bbox 222 432 1705 508">
    <p class='ocr_par' dir='ltr' id='par_1_5' title="bbox 222 432 1705 508">
     <span class='ocr_line' id='line_1_5' title="bbox 222 432 1705 508; baseline 0.001 -22"><span class='ocrx_word' id='word_1_22' title='bbox 222 436 414 486; x_wconf 74' lang='grc' dir='ltr'>ήτοῦτου</span> <span class='ocrx_word' id='word_1_23' title='bbox 469 435 665 495; x_wconf 85' lang='grc' dir='ltr'>πάντως</span> <span class='ocrx_word' id='word_1_24' title='bbox 735 432 1019 507; x_wconf 73' lang='grc' dir='ltr'><strong>ἐπιθυμεῖς·</strong></span> <span class='ocrx_word' id='word_1_25' title='bbox 1080 433 1184 487; x_wconf 79' lang='grc' dir='ltr'>ἀλλ’</span> <span class='ocrx_word' id='word_1_26' title='bbox 1254 434 1483 487; x_wconf 76' lang='grc' dir='ltr'>ἐκέλευσε</span> <span class='ocrx_word' id='word_1_27' title='bbox 1561 437 1705 508; x_wconf 81' lang='grc' dir='ltr'>θερα·</span> 
     </span>
    </p>
   </div>
   <div class='ocr_carea' id='block_1_6' title="bbox 214 521 1706 600">
    <p class='ocr_par' dir='ltr' id='par_1_6' title="bbox 214 521 1706 600">
     <span class='ocr_line' id='line_1_6' title="bbox 214 521 1706 600; baseline 0.001 -25"><span class='ocrx_word' id='word_1_28' title='bbox 214 526 327 575; x_wconf 67' lang='grc' dir='ltr'>πεᾶειν</span> <span class='ocrx_word' id='word_1_29' title='bbox 365 525 544 574; x_wconf 81' lang='grc' dir='ltr'>σεαυτὸν</span> <span class='ocrx_word' id='word_1_30' title='bbox 614 525 714 597; x_wconf 87' lang='grc' dir='ltr'>πρὸ</span> <span class='ocrx_word' id='word_1_31' title='bbox 774 521 994 577; x_wconf 78' lang='grc' dir='ltr'><strong>ἐκείνων.</strong></span> <span class='ocrx_word' id='word_1_32' title='bbox 1052 528 1167 597; x_wconf 78' lang='grc' dir='ltr'><strong>Χρὴ</strong></span> <span class='ocrx_word' id='word_1_33' title='bbox 1222 526 1323 600; x_wconf 83' lang='grc' dir='ltr'><strong>γάρ</strong></span> <span class='ocrx_word' id='word_1_34' title='bbox 1388 528 1474 577; x_wconf 87' lang='grc' dir='ltr'>τὸν</span> <span class='ocrx_word' id='word_1_35' title='bbox 1534 524 1706 598; x_wconf 82' lang='grc' dir='ltr'>ἰατρὸν</span> 
     </span>
    </p>
   </div>
   <div class='ocr_carea' id='block_1_7' title="bbox 213 607 1702 686">
    <p class='ocr_par' dir='ltr' id='par_1_7' title="bbox 213 607 1702 686">
     <span class='ocr_line' id='line_1_7' title="bbox 213 607 1702 686; baseline 0.003 -24"><span class='ocrx_word' id='word_1_36' title='bbox 213 613 404 678; x_wconf 70' lang='grc' dir='ltr'>ὑγιαίνειν.</span> <span class='ocrx_word' id='word_1_37' title='bbox 458 617 628 662; x_wconf 84' lang='grc' dir='ltr'>Ταῦτα</span> <span class='ocrx_word' id='word_1_38' title='bbox 671 607 731 663; x_wconf 73' lang='grc' dir='ltr'><strong>δὲ</strong></span> <span class='ocrx_word' id='word_1_39' title='bbox 787 617 878 665; x_wconf 85' lang='grc' dir='ltr'>καὶ</span> <span class='ocrx_word' id='word_1_40' title='bbox 931 615 994 664; x_wconf 81' lang='grc' dir='ltr'>τὰ</span> <span class='ocrx_word' id='word_1_41' title='bbox 1037 619 1257 666; x_wconf 87' lang='grc' dir='ltr'>τοιαῦτα</span> <span class='ocrx_word' id='word_1_42' title='bbox 1297 615 1702 686; x_wconf 80' lang='grc' dir='ltr'>νενομοθέτηκεν,</span> 
     </span>
    </p>
   </div>
   <div class='ocr_carea' id='block_1_8' title="bbox 208 697 1705 777">
    <p class='ocr_par' dir='ltr' id='par_1_8' title="bbox 208 697 1705 777">
     <span class='ocr_line' id='line_1_8' title="bbox 208 697 1705 777; baseline 0.002 -26"><span class='ocrx_word' id='word_1_43' title='bbox 208 700 270 751; x_wconf 68' lang='grc' dir='ltr'><strong>οὐκ</strong></span> <span class='ocrx_word' id='word_1_44' title='bbox 310 697 578 773; x_wconf 70' lang='grc' dir='ltr'><strong>ἀνατρέπων,</strong></span> <span class='ocrx_word' id='word_1_45' title='bbox 623 702 689 760; x_wconf 81' lang='grc' dir='ltr'><strong>ὡς</strong></span> <span class='ocrx_word' id='word_1_46' title='bbox 738 704 956 774; x_wconf 79' lang='grc' dir='ltr'>εἴρηται,</span> <span class='ocrx_word' id='word_1_47' title='bbox 1022 704 1080 753; x_wconf 85' lang='grc' dir='ltr'>τὸ</span> <span class='ocrx_word' id='word_1_48' title='bbox 1147 699 1392 777; x_wconf 77' lang='grc' dir='ltr'><strong>διορθοῦν</strong></span> <span class='ocrx_word' id='word_1_49' title='bbox 1439 701 1705 763; x_wconf 76' lang='grc' dir='ltr'>ἀλλήλους’</span> 
     </span>
    </p>
   </div>
   <div class='ocr_carea' id='block_1_9' title="bbox 209 786 1709 864">
    <p class='ocr_par' dir='ltr' id='par_1_9' title="bbox 209 786 1709 864">
     <span class='ocr_line' id='line_1_9' title="bbox 209 786 1709 864; baseline 0.003 -26"><span class='ocrx_word' id='word_1_50' title='bbox 355 786 642 840; x_wconf 57' lang='grc' dir='ltr'>ἀναστελλων</span> <span class='ocrx_word' id='word_1_51' title='bbox 729 793 791 842; x_wconf 83' lang='grc' dir='ltr'><strong>τό</strong></span> <span class='ocrx_word' id='word_1_52' title='bbox 883 799 981 842; x_wconf 86' lang='grc' dir='ltr'>τῶν</span> <span class='ocrx_word' id='word_1_53' title='bbox 1054 791 1252 843; x_wconf 78' lang='grc' dir='ltr'>οἰκείων</span> <span class='ocrx_word' id='word_1_54' title='bbox 1325 791 1709 864; x_wconf 74' lang='grc' dir='ltr'><strong>ἁμαρτημάτων</strong></span> 
     </span>
    </p>
   </div>
   <div class='ocr_carea' id='block_1_10' title="bbox 207 874 1710 953">
    <p class='ocr_par' dir='ltr' id='par_1_10' title="bbox 207 874 1710 953">
     <span class='ocr_line' id='line_1_10' title="bbox 207 874 1710 953; baseline 0.005 -27"><span class='ocrx_word' id='word_1_55' title='bbox 207 874 360 948; x_wconf 64' lang='grc' dir='ltr'>ἀμελεῖν.</span> <span class='ocrx_word' id='word_1_56' title='bbox 399 876 553 936; x_wconf 81' lang='grc' dir='ltr'>Λιπλῆ</span> <span class='ocrx_word' id='word_1_57' title='bbox 587 880 688 950; x_wconf 80' lang='grc' dir='ltr'>γὰρ</span> <span class='ocrx_word' id='word_1_58' title='bbox 727 875 1037 942; x_wconf 82' lang='grc' dir='ltr'>’καταδίκη,</span> <span class='ocrx_word' id='word_1_59' title='bbox 1093 883 1152 932; x_wconf 89' lang='grc' dir='ltr'>τὸ</span> <span class='ocrx_word' id='word_1_60' title='bbox 1184 883 1269 932; x_wconf 83' lang='grc' dir='ltr'><strong>τόν</strong></span> <span class='ocrx_word' id='word_1_61' title='bbox 1322 879 1566 953; x_wconf 83' lang='grc' dir='ltr'>μεγάλοις</span> <span class='ocrx_word' id='word_1_62' title='bbox 1595 879 1710 933; x_wconf 80' lang='grc' dir='ltr'>ἀτο-</span> 
     </span>
    </p>
   </div>
   <div class='ocr_carea' id='block_1_11' title="bbox 206 965 1708 1044">
    <p class='ocr_par' dir='ltr' id='par_1_11' title="bbox 206 965 1708 1044">
     <span class='ocr_line' id='line_1_11' title="bbox 206 965 1708 1044; baseline 0.005 -27"><span class='ocrx_word' id='word_1_63' title='bbox 206 972 372 1036; x_wconf 71' lang='grc' dir='ltr'>πήμασιν</span> <span class='ocrx_word' id='word_1_64' title='bbox 415 966 706 1037; x_wconf 77' lang='grc' dir='ltr'>ὑπεύθυνον,</span> <span class='ocrx_word' id='word_1_65' title='bbox 763 965 1014 1030; x_wconf 76' lang='grc' dir='ltr'><strong><em>ἐξετάζειν</em></strong></span> <span class='ocrx_word' id='word_1_66' title='bbox 1074 970 1140 1021; x_wconf 83' lang='grc' dir='ltr'>τὰ</span> <span class='ocrx_word' id='word_1_67' title='bbox 1196 969 1376 1044; x_wconf 76' lang='grc' dir='ltr'>ἐτέρων</span> <span class='ocrx_word' id='word_1_68' title='bbox 1429 969 1708 1043; x_wconf 81' lang='grc' dir='ltr'>ἐλάχιστα.</span> 
     </span>
    </p>
   </div>
   <div class='ocr_carea' id='block_1_12' title="bbox 248 1143 1711 1223">
    <p class='ocr_par' dir='ltr' id='par_1_12' title="bbox 248 1143 1711 1223">
     <span class='ocr_line' id='line_1_12' title="bbox 248 1143 1711 1223; baseline 0.005 -28"><span class='ocrx_word' id='word_1_69' title='bbox 248 1147 308 1199; x_wconf 71' lang='grc' dir='ltr'><strong>Μή</strong></span> <span class='ocrx_word' id='word_1_70' title='bbox 338 1175 390 1184; x_wconf 92' lang='grc'><strong>-</strong></span> <span class='ocrx_word' id='word_1_71' title='bbox 432 1149 645 1218; x_wconf 87' lang='grc' dir='ltr'>χοίρων.</span> <span class='ocrx_word' id='word_1_72' title='bbox 698 1143 880 1218; x_wconf 78' lang='grc' dir='ltr'>’Δγιον</span> <span class='ocrx_word' id='word_1_73' title='bbox 931 1151 1021 1200; x_wconf 77' lang='grc' dir='ltr'>καὶ</span> <span class='ocrx_word' id='word_1_74' title='bbox 1075 1153 1405 1221; x_wconf 86' lang='grc' dir='ltr'>μαργαρίτας</span> <span class='ocrx_word' id='word_1_75' title='bbox 1459 1150 1711 1223; x_wconf 84' lang='grc' dir='ltr'>ὠνόμασε,</span> 
     </span>
    </p>
   </div>
   <div class='ocr_carea' id='block_1_13' title="bbox 202 1235 1713 1310">
    <p class='ocr_par' dir='ltr' id='par_1_13' title="bbox 202 1235 1713 1310">
     <span class='ocr_line' id='line_1_13' title="bbox 202 1235 1713 1310; baseline 0.007 -29"><span class='ocrx_word' id='word_1_76' title='bbox 202 1235 240 1282; x_wconf 81' lang='grc' dir='ltr'><strong>τό</strong></span> <span class='ocrx_word' id='word_1_77' title='bbox 276 1239 512 1306; x_wconf 74' lang='grc' dir='ltr'>μνστόριον</span> <span class='ocrx_word' id='word_1_78' title='bbox 570 1242 664 1296; x_wconf 77' lang='grc' dir='ltr'>τῆς</span> <span class='ocrx_word' id='word_1_79' title='bbox 743 1240 968 1298; x_wconf 81' lang='grc' dir='ltr'>πίστεως</span> <span class='ocrx_word' id='word_1_80' title='bbox 1023 1238 1189 1308; x_wconf 78' lang='grc' dir='ltr'>ἡμῶνο</span> <span class='ocrx_word' id='word_1_81' title='bbox 1268 1239 1420 1309; x_wconf 77' lang='grc' dir='ltr'>ἅγιον</span> <span class='ocrx_word' id='word_1_82' title='bbox 1475 1242 1588 1310; x_wconf 71' lang='grc' dir='ltr'>μεν,</span> <span class='ocrx_word' id='word_1_83' title='bbox 1645 1241 1713 1301; x_wconf 86' lang='grc' dir='ltr'>ὡς</span> 
     </span>
    </p>
   </div>
   <div class='ocr_carea' id='block_1_14' title="bbox 203 1319 1706 1400">
    <p class='ocr_par' dir='ltr' id='par_1_14' title="bbox 203 1319 1706 1400">
     <span class='ocr_line' id='line_1_14' title="bbox 203 1319 1706 1400; baseline 0.007 -29"><span class='ocrx_word' id='word_1_84' title='bbox 203 1322 303 1372; x_wconf 62' lang='lat' dir='ltr'><strong>irier</strong></span> <span class='ocrx_word' id='word_1_85' title='bbox 340 1328 644 1395; x_wconf 77' lang='grc' dir='ltr'>μαργαρίτας</span> <span class='ocrx_word' id='word_1_86' title='bbox 679 1319 760 1391; x_wconf 74' lang='grc' dir='ltr'><strong>δὲ,</strong></span> <span class='ocrx_word' id='word_1_87' title='bbox 794 1320 830 1376; x_wconf 85' lang='grc' dir='ltr'><em>δ</em></span> <span class='ocrx_word' id='word_1_88' title='bbox 833 1326 888 1376; x_wconf 78' lang='grc' dir='ltr'>ιὰ</span> <span class='ocrx_word' id='word_1_89' title='bbox 914 1326 982 1377; x_wconf 82' lang='grc' dir='ltr'><strong>τὰ</strong></span> <span class='ocrx_word' id='word_1_90' title='bbox 1009 1327 1057 1378; x_wconf 71' lang='grc' dir='ltr'><strong>εν</strong></span> <span class='ocrx_word' id='word_1_91' title='bbox 1088 1325 1229 1378; x_wconf 79' lang='grc' dir='ltr'>αὐτῶ</span> <span class='ocrx_word' id='word_1_92' title='bbox 1258 1331 1410 1398; x_wconf 80' lang='grc' dir='ltr'>τίμια</span> <span class='ocrx_word' id='word_1_93' title='bbox 1436 1323 1706 1400; x_wconf 82' lang='grc' dir='ltr'>δόγματα.</span> 
     </span>
    </p>
   </div>
   <div class='ocr_carea' id='block_1_15' title="bbox 201 1409 1718 1488">
    <p class='ocr_par' dir='ltr' id='par_1_15' title="bbox 201 1409 1718 1488">
     <span class='ocr_line' id='line_1_15' title="bbox 201 1409 1718 1488; baseline 0.009 -28"><span class='ocrx_word' id='word_1_94' title='bbox 201 1409 268 1461; x_wconf 69' lang='grc' dir='ltr'><strong>[εἰ</strong></span> <span class='ocrx_word' id='word_1_95' title='bbox 303 1409 446 1476; x_wconf 79' lang='grc' dir='ltr'>πάλιν,</span> <span class='ocrx_word' id='word_1_96' title='bbox 509 1414 668 1472; x_wconf 75' lang='grc' dir='ltr'>κύνας</span> <span class='ocrx_word' id='word_1_97' title='bbox 722 1416 813 1484; x_wconf 65' lang='grc' dir='ltr'>μὲν</span> <span class='ocrx_word' id='word_1_98' title='bbox 865 1419 954 1466; x_wconf 78' lang='grc' dir='ltr'><strong>καὶ</strong></span> <span class='ocrx_word' id='word_1_99' title='bbox 1027 1419 1240 1488; x_wconf 86' lang='grc' dir='ltr'>χοίρους</span> <span class='ocrx_word' id='word_1_100' title='bbox 1316 1415 1430 1486; x_wconf 82' lang='grc'><strong>(40)</strong></span> <span class='ocrx_word' id='word_1_101' title='bbox 1487 1415 1718 1474; x_wconf 70' lang='grc' dir='ltr'>ἐκάλεσεν</span> 
     </span>
    </p>
   </div>
   <div class='ocr_carea' id='block_1_16' title="bbox 193 1497 1723 1598">
    <p class='ocr_par' dir='ltr' id='par_1_16' title="bbox 193 1497 1723 1598">
     <span class='ocr_line' id='line_1_16' title="bbox 193 1497 1723 1598; baseline 0.005 -48"><span class='ocrx_word' id='word_1_102' title='bbox 193 1503 276 1560; x_wconf 70' lang='grc' dir='ltr'>τοὺς</span> <span class='ocrx_word' id='word_1_103' title='bbox 313 1497 516 1561; x_wconf 72' lang='grc' dir='ltr'>ἀνιάτους</span> <span class='ocrx_word' id='word_1_104' title='bbox 555 1499 605 1552; x_wconf 75' lang='grc' dir='ltr'>ἐν</span> <span class='ocrx_word' id='word_1_105' title='bbox 658 1497 963 1574; x_wconf 79' lang='grc' dir='ltr'>δυσσεϐείᾳ·</span> <span class='ocrx_word' id='word_1_106' title='bbox 1019 1506 1174 1565; x_wconf 72' lang='grc' dir='ltr'>κύνας</span> <span class='ocrx_word' id='word_1_107' title='bbox 1229 1506 1340 1576; x_wconf 68' lang='grc' dir='ltr'>μὲν,</span> <span class='ocrx_word' id='word_1_108' title='bbox 1390 1507 1456 1566; x_wconf 86' lang='grc' dir='ltr'>ὡς</span> <span class='ocrx_word' id='word_1_109' title='bbox 1492 1505 1723 1598; x_wconf 46' lang='grc' dir='ltr'>καθυλαξ</span> 
     </span>
    </p>
   </div>
   <div class='ocr_carea' id='block_1_17' title="bbox 192 1588 1696 1668">
    <p class='ocr_par' dir='ltr' id='par_1_17' title="bbox 192 1588 1696 1668">
     <span class='ocr_line' id='line_1_17' title="bbox 192 1588 1696 1668; baseline 0.005 -29"><span class='ocrx_word' id='word_1_110' title='bbox 192 1595 375 1649; x_wconf 61' lang='lat' dir='ltr'><strong>moi-ara;</strong></span> <span class='ocrx_word' id='word_1_111' title='bbox 398 1597 479 1642; x_wconf 86' lang='grc' dir='ltr'>τοῦ</span> <span class='ocrx_word' id='word_1_112' title='bbox 502 1597 761 1664; x_wconf 76' lang='grc' dir='ltr'>Χριστοῦ·</span> <span class='ocrx_word' id='word_1_113' title='bbox 788 1595 1008 1666; x_wconf 81' lang='grc' dir='ltr'>χοίρους</span> <span class='ocrx_word' id='word_1_114' title='bbox 1035 1588 1114 1658; x_wconf 76' lang='grc' dir='ltr'><strong>δὲ,</strong></span> <span class='ocrx_word' id='word_1_115' title='bbox 1147 1594 1213 1653; x_wconf 82' lang='grc' dir='ltr'>ὡς</span> <span class='ocrx_word' id='word_1_116' title='bbox 1241 1601 1313 1644; x_wconf 86' lang='grc' dir='ltr'>τῶ</span> <span class='ocrx_word' id='word_1_117' title='bbox 1341 1591 1584 1668; x_wconf 81' lang='grc' dir='ltr'>βορϐόρῳ</span> <span class='ocrx_word' id='word_1_118' title='bbox 1622 1615 1696 1647; x_wconf 90' lang='grc' dir='ltr'><strong>τω</strong></span> 
     </span>
    </p>
   </div>
   <div class='ocr_carea' id='block_1_18' title="bbox 1814 433 3469 510">
    <p class='ocr_par' dir='ltr' id='par_1_18' title="bbox 1814 433 3469 510">
     <span class='ocr_line' id='line_1_18' title="bbox 1814 433 3469 510; baseline 0.008 -19"><span class='ocrx_word' id='word_1_119' title='bbox 1814 433 1962 492; x_wconf 89' lang='lat' dir='ltr'><strong>alios</strong></span> <span class='ocrx_word' id='word_1_120' title='bbox 1983 451 2190 492; x_wconf 85' lang='lat' dir='ltr'><strong>curare</strong></span> <span class='ocrx_word' id='word_1_121' title='bbox 2223 452 2344 492; x_wconf 91' lang='lat' dir='ltr'><strong>non</strong></span> <span class='ocrx_word' id='word_1_122' title='bbox 2380 438 2706 510; x_wconf 80' lang='lat' dir='ltr'><strong>prohibuit,</strong></span> <span class='ocrx_word' id='word_1_123' title='bbox 2742 442 2790 497; x_wconf 89' lang='lat' dir='ltr'><strong>si</strong></span> <span class='ocrx_word' id='word_1_124' title='bbox 2813 441 2874 497; x_wconf 91' lang='lat' dir='ltr'><strong>id</strong></span> <span class='ocrx_word' id='word_1_125' title='bbox 2897 444 3145 501; x_wconf 87' lang='lat' dir='ltr'><strong>omnino</strong></span> <span class='ocrx_word' id='word_1_126' title='bbox 3170 446 3276 502; x_wconf 82' lang='lat' dir='ltr'>tibi</span> <span class='ocrx_word' id='word_1_127' title='bbox 3302 449 3469 506; x_wconf 91' lang='lat' dir='ltr'><strong>cordi</strong></span> 
     </span>
    </p>
   </div>
   <div class='ocr_carea' id='block_1_19' title="bbox 1815 524 3458 605">
    <p class='ocr_par' dir='ltr' id='par_1_19' title="bbox 1815 524 3458 605">
     <span class='ocr_line' id='line_1_19' title="bbox 1815 524 3458 605; baseline 0.008 -26"><span class='ocrx_word' id='word_1_128' title='bbox 1815 528 1938 594; x_wconf 89' lang='lat' dir='ltr'><strong>est;</strong></span> <span class='ocrx_word' id='word_1_129' title='bbox 1959 524 2064 581; x_wconf 91' lang='lat' dir='ltr'><strong>sed</strong></span> <span class='ocrx_word' id='word_1_130' title='bbox 2086 526 2414 594; x_wconf 83' lang='lat' dir='ltr'><strong>admonuit,</strong></span> <span class='ocrx_word' id='word_1_131' title='bbox 2445 531 2509 584; x_wconf 89' lang='lat' dir='ltr'><strong>ut</strong></span> <span class='ocrx_word' id='word_1_132' title='bbox 2533 533 2586 584; x_wconf 91' lang='lat' dir='ltr'><strong>te</strong></span> <span class='ocrx_word' id='word_1_133' title='bbox 2615 529 2784 602; x_wconf 90' lang='lat' dir='ltr'><strong>prius</strong></span> <span class='ocrx_word' id='word_1_134' title='bbox 2820 548 3010 598; x_wconf 91' lang='lat' dir='ltr'><strong>cures,</strong></span> <span class='ocrx_word' id='word_1_135' title='bbox 3034 533 3260 605; x_wconf 44' lang='lat' dir='ltr'><strong>deinde,</strong></span> <span class='ocrx_word' id='word_1_136' title='bbox 3282 535 3415 592; x_wconf 91' lang='lat' dir='ltr'><strong>illos</strong></span> <span class='ocrx_word' id='word_1_137' title='bbox 3444 553 3458 603; x_wconf 88' lang='lat'><strong>;</strong></span> 
     </span>
    </p>
   </div>
   <div class='ocr_carea' id='block_1_20' title="bbox 1816 613 3465 698">
    <p class='ocr_par' dir='ltr' id='par_1_20' title="bbox 1816 613 3465 698">
     <span class='ocr_line' id='line_1_20' title="bbox 1816 613 3465 698; baseline 0.01 -31"><span class='ocrx_word' id='word_1_138' title='bbox 1816 613 2118 670; x_wconf 90' lang='lat' dir='ltr'><strong>medicum</strong></span> <span class='ocrx_word' id='word_1_139' title='bbox 2141 631 2405 688; x_wconf 85' lang='lat' dir='ltr'><strong>namque</strong></span> <span class='ocrx_word' id='word_1_140' title='bbox 2437 633 2655 676; x_wconf 90' lang='lat' dir='ltr'><strong>sanum</strong></span> <span class='ocrx_word' id='word_1_141' title='bbox 2687 635 2816 676; x_wconf 92' lang='lat' dir='ltr'><strong>esse</strong></span> <span class='ocrx_word' id='word_1_142' title='bbox 2833 627 3083 693; x_wconf 81' lang='lat' dir='ltr'><strong>oportet.</strong></span> <span class='ocrx_word' id='word_1_143' title='bbox 3119 623 3254 680; x_wconf 75' lang='lat' dir='ltr'><strong>Haec</strong></span> <span class='ocrx_word' id='word_1_144' title='bbox 3285 631 3465 698; x_wconf 89' lang='lat' dir='ltr'><strong>atque</strong></span> 
     </span>
    </p>
   </div>
   <div class='ocr_carea' id='block_1_21' title="bbox 1818 701 3470 779">
    <p class='ocr_par' dir='ltr' id='par_1_21' title="bbox 1818 701 3470 779">
     <span class='ocr_line' id='line_1_21' title="bbox 1818 701 3470 779; baseline 0.009 -23"><span class='ocrx_word' id='word_1_145' title='bbox 1818 701 2033 758; x_wconf 88' lang='lat' dir='ltr'>similia</span> <span class='ocrx_word' id='word_1_146' title='bbox 2063 705 2280 770; x_wconf 80' lang='lat' dir='ltr'><strong>statuit,</strong></span> <span class='ocrx_word' id='word_1_147' title='bbox 2315 721 2435 761; x_wconf 91' lang='lat' dir='ltr'><strong>non</strong></span> <span class='ocrx_word' id='word_1_148' title='bbox 2468 712 2765 776; x_wconf 89' lang='lat' dir='ltr'><strong>avertens,</strong></span> <span class='ocrx_word' id='word_1_149' title='bbox 2799 711 3110 767; x_wconf 90' lang='lat' dir='ltr'><strong>utdictum</strong></span> <span class='ocrx_word' id='word_1_150' title='bbox 3131 718 3236 779; x_wconf 90' lang='lat' dir='ltr'><strong>est,</strong></span> <span class='ocrx_word' id='word_1_151' title='bbox 3271 729 3308 769; x_wconf 93' lang='lat' dir='ltr'><strong>a</strong></span> <span class='ocrx_word' id='word_1_152' title='bbox 3335 730 3470 770; x_wconf 88' lang='lat' dir='ltr'><strong>mu-</strong></span> 
     </span>
    </p>
   </div>
   <div class='ocr_carea' id='block_1_22' title="bbox 1819 792 3462 867">
    <p class='ocr_par' dir='ltr' id='par_1_22' title="bbox 1819 792 3462 867">
     <span class='ocr_line' id='line_1_22' title="bbox 1819 792 3462 867; baseline 0.01 -23"><span class='ocrx_word' id='word_1_153' title='bbox 1819 794 1922 845; x_wconf 90' lang='lat' dir='ltr'><strong>tua</strong></span> <span class='ocrx_word' id='word_1_154' title='bbox 1960 792 2342 857; x_wconf 84' lang='lat' dir='ltr'><strong>correctione,</strong></span> <span class='ocrx_word' id='word_1_155' title='bbox 2396 794 2502 849; x_wconf 90' lang='lat' dir='ltr'><strong>sed</strong></span> <span class='ocrx_word' id='word_1_156' title='bbox 2533 797 2911 867; x_wconf 91' lang='lat' dir='ltr'><strong>propriorum</strong></span> <span class='ocrx_word' id='word_1_157' title='bbox 2960 800 3329 858; x_wconf 85' lang='lat' dir='ltr'><strong>delictorum&#39;</strong></span> <span class='ocrx_word' id='word_1_158' title='bbox 3360 818 3462 859; x_wconf 90' lang='lat' dir='ltr'><strong>ne-</strong></span> 
     </span>
    </p>
   </div>
   <div class='ocr_carea' id='block_1_23' title="bbox 1821 877 3468 955">
    <p class='ocr_par' dir='ltr' id='par_1_23' title="bbox 1821 877 3468 955">
     <span class='ocr_line' id='line_1_23' title="bbox 1821 877 3468 955; baseline 0.01 -23"><span class='ocrx_word' id='word_1_159' title='bbox 1821 877 2168 948; x_wconf 88' lang='lat' dir='ltr'><strong>gligentiam</strong></span> <span class='ocrx_word' id='word_1_160' title='bbox 2213 880 2560 952; x_wconf 85' lang='lat' dir='ltr'><strong>reprimens.</strong></span> <span class='ocrx_word' id='word_1_161' title='bbox 2591 884 2818 955; x_wconf 86' lang='lat' dir='ltr'><strong>Duplex</strong></span> <span class='ocrx_word' id='word_1_162' title='bbox 2858 886 3018 942; x_wconf 91' lang='lat' dir='ltr'><strong>enim</strong></span> <span class='ocrx_word' id='word_1_163' title='bbox 3048 890 3468 948; x_wconf 79' lang='lat' dir='ltr'><strong>condemnatio</strong></span> 
     </span>
    </p>
   </div>
   <div class='ocr_carea' id='block_1_24' title="bbox 1821 965 3470 1042">
    <p class='ocr_par' dir='ltr' id='par_1_24' title="bbox 1821 965 3470 1042">
     <span class='ocr_line' id='line_1_24' title="bbox 1821 965 3470 1042; baseline 0.008 -20"><span class='ocrx_word' id='word_1_164' title='bbox 1821 965 1988 1022; x_wconf 90' lang='lat' dir='ltr'><strong>illum</strong></span> <span class='ocrx_word' id='word_1_165' title='bbox 2035 973 2356 1038; x_wconf 82' lang='lat' dir='ltr'><strong>exspectat,</strong></span> <span class='ocrx_word' id='word_1_166' title='bbox 2403 969 2506 1040; x_wconf 88' lang='lat' dir='ltr'><strong>qui</strong></span> <span class='ocrx_word' id='word_1_167' title='bbox 2559 985 2696 1026; x_wconf 92' lang='lat' dir='ltr'><strong>cum</strong></span> <span class='ocrx_word' id='word_1_168' title='bbox 2736 975 2970 1042; x_wconf 82' lang='lat' dir='ltr'><strong>magnis</strong></span> <span class='ocrx_word' id='word_1_169' title='bbox 3015 991 3152 1032; x_wconf 89' lang='lat' dir='ltr'><strong>reus</strong></span> <span class='ocrx_word' id='word_1_170' title='bbox 3204 981 3470 1035; x_wconf 83' lang='lat' dir='ltr'><strong>teneatur</strong></span> 
     </span>
    </p>
   </div>
   <div class='ocr_carea' id='block_1_25' title="bbox 1823 1053 3339 1122">
    <p class='ocr_par' dir='ltr' id='par_1_25' title="bbox 1823 1053 3339 1122">
     <span class='ocr_line' id='line_1_25' title="bbox 1823 1053 3339 1122; baseline 0.008 -12"><span class='ocrx_word' id='word_1_171' title='bbox 1823 1053 2020 1122; x_wconf 90' lang='lat' dir='ltr'><strong>malis,</strong></span> <span class='ocrx_word' id='word_1_172' title='bbox 2059 1055 2212 1111; x_wconf 90' lang='lat' dir='ltr'><strong>levia</strong></span> <span class='ocrx_word' id='word_1_173' title='bbox 2241 1056 2496 1112; x_wconf 89' lang='lat' dir='ltr'><strong>aliorum</strong></span> <span class='ocrx_word' id='word_1_174' title='bbox 2535 1065 2728 1115; x_wconf 87' lang='lat' dir='ltr'><strong>errata</strong></span> <span class='ocrx_word' id='word_1_175' title='bbox 2759 1062 2988 1118; x_wconf 86' lang='lat' dir='ltr'><strong>curiose</strong></span> <span class='ocrx_word' id='word_1_176' title='bbox 3026 1070 3339 1122; x_wconf 84' lang='lat' dir='ltr'><strong>scrutatur.</strong></span> 
     </span>
    </p>
   </div>
   <div class='ocr_carea' id='block_1_26' title="bbox 1894 1145 3471 1224">
    <p class='ocr_par' dir='ltr' id='par_1_26' title="bbox 1894 1145 3471 1224">
     <span class='ocr_line' id='line_1_26' title="bbox 1894 1145 3471 1224; baseline 0.01 -26"><span class='ocrx_word' id='word_1_177' title='bbox 1894 1145 2059 1209; x_wconf 88' lang='lat' dir='ltr'><strong>Vers,</strong></span> <span class='ocrx_word' id='word_1_178' title='bbox 2087 1145 2140 1199; x_wconf 90' lang='lat'><strong>6.</strong></span> <span class='ocrx_word' id='word_1_179' title='bbox 2165 1145 2260 1206; x_wconf 76' lang='lat' dir='ltr'><strong>Na</strong></span> <span class='ocrx_word' id='word_1_180' title='bbox 2285 1175 2352 1186; x_wconf 90' lang='lat'>--</span> <span class='ocrx_word' id='word_1_181' title='bbox 2368 1161 2589 1216; x_wconf 81' lang='lat' dir='ltr'><strong>porcos.</strong></span> <span class='ocrx_word' id='word_1_182' title='bbox 2608 1147 2893 1206; x_wconf 91' lang='lat' dir='ltr'><strong>Sanctum</strong></span> <span class='ocrx_word' id='word_1_183' title='bbox 2911 1155 2969 1207; x_wconf 89' lang='lat' dir='ltr'><strong>et</strong></span> <span class='ocrx_word' id='word_1_184' title='bbox 2993 1155 3353 1224; x_wconf 81' lang='lat' dir='ltr'><strong>margaritas</strong></span> <span class='ocrx_word' id='word_1_185' title='bbox 3369 1172 3471 1214; x_wconf 92' lang='lat' dir='ltr'><strong>vo-</strong></span> 
     </span>
    </p>
   </div>
   <div class='ocr_carea' id='block_1_27' title="bbox 1827 1232 3467 1315">
    <p class='ocr_par' dir='ltr' id='par_1_27' title="bbox 1827 1232 3467 1315">
     <span class='ocr_line' id='line_1_27' title="bbox 1827 1232 3467 1315; baseline 0.007 -26"><span class='ocrx_word' id='word_1_186' title='bbox 1827 1233 1982 1290; x_wconf 80' lang='lat' dir='ltr'><strong>cavit</strong></span> <span class='ocrx_word' id='word_1_187' title='bbox 2010 1232 2149 1288; x_wconf 86' lang='lat' dir='ltr'><strong>ﬁdei</strong></span> <span class='ocrx_word' id='word_1_188' title='bbox 2214 1238 2433 1291; x_wconf 71' lang='lat' dir='ltr'><strong>nostra:</strong></span> <span class='ocrx_word' id='word_1_189' title='bbox 2475 1238 2862 1308; x_wconf 83' lang='lat' dir='ltr'><strong>mysterium:</strong></span> <span class='ocrx_word' id='word_1_190' title='bbox 2889 1246 3160 1297; x_wconf 90' lang='lat' dir='ltr'><strong>sanctum</strong></span> <span class='ocrx_word' id='word_1_191' title='bbox 3201 1243 3467 1315; x_wconf 87' lang='lat' dir='ltr'><strong>quidem,</strong></span> 
     </span>
    </p>
   </div>
   <div class='ocr_carea' id='block_1_28' title="bbox 1829 1321 3473 1404">
    <p class='ocr_par' dir='ltr' id='par_1_28' title="bbox 1829 1321 3473 1404">
     <span class='ocr_line' id='line_1_28' title="bbox 1829 1321 3473 1404; baseline 0.009 -28"><span class='ocrx_word' id='word_1_192' title='bbox 1829 1325 2034 1393; x_wconf 87' lang='lat' dir='ltr'><strong>utpote</strong></span> <span class='ocrx_word' id='word_1_193' title='bbox 2059 1321 2357 1389; x_wconf 87' lang='lat' dir='ltr'><strong>divinum;</strong></span> <span class='ocrx_word' id='word_1_194' title='bbox 2383 1325 2734 1394; x_wconf 83' lang='lat' dir='ltr'><strong>margaritas</strong></span> <span class='ocrx_word' id='word_1_195' title='bbox 2756 1342 2917 1396; x_wconf 90' lang='lat' dir='ltr'><strong>vero,</strong></span> <span class='ocrx_word' id='word_1_196' title='bbox 2946 1337 3186 1402; x_wconf 87' lang='lat' dir='ltr'><strong>propter</strong></span> <span class='ocrx_word' id='word_1_197' title='bbox 3210 1333 3473 1404; x_wconf 90' lang='lat' dir='ltr'><strong>pretiosa</strong></span> 
     </span>
    </p>
   </div>
   <div class='ocr_carea' id='block_1_29' title="bbox 1831 1409 3470 1486">
    <p class='ocr_par' dir='ltr' id='par_1_29' title="bbox 1831 1409 3470 1486">
     <span class='ocr_line' id='line_1_29' title="bbox 1831 1409 3470 1486; baseline 0.007 -21"><span class='ocrx_word' id='word_1_198' title='bbox 1831 1425 1967 1482; x_wconf 60' lang='lat' dir='ltr'><strong>quas</strong></span> <span class='ocrx_word' id='word_1_199' title='bbox 1988 1409 2050 1464; x_wconf 90' lang='lat' dir='ltr'><strong>in</strong></span> <span class='ocrx_word' id='word_1_200' title='bbox 2079 1424 2150 1465; x_wconf 92' lang='lat' dir='ltr'><strong>eo</strong></span> <span class='ocrx_word' id='word_1_201' title='bbox 2173 1410 2478 1466; x_wconf 91' lang='lat' dir='ltr'><strong>recondita</strong></span> <span class='ocrx_word' id='word_1_202' title='bbox 2503 1418 2640 1468; x_wconf 89' lang='lat' dir='ltr'><strong>sunt</strong></span> <span class='ocrx_word' id='word_1_203' title='bbox 2664 1412 2968 1486; x_wconf 83' lang='lat' dir='ltr'><strong>dogmata.</strong></span> <span class='ocrx_word' id='word_1_204' title='bbox 3002 1419 3069 1472; x_wconf 86' lang='lat' dir='ltr'><strong>Et</strong></span> <span class='ocrx_word' id='word_1_205' title='bbox 3100 1433 3349 1486; x_wconf 88' lang='lat' dir='ltr'><strong>rursum,</strong></span> <span class='ocrx_word' id='word_1_206' title='bbox 3374 1437 3470 1480; x_wconf 87' lang='lat' dir='ltr'><strong>ca-</strong></span> 
     </span>
    </p>
   </div>
   <div class='ocr_carea' id='block_1_30' title="bbox 1832 1499 3473 1573">
    <p class='ocr_par' dir='ltr' id='par_1_30' title="bbox 1832 1499 3473 1573">
     <span class='ocr_line' id='line_1_30' title="bbox 1832 1499 3473 1573; baseline 0.007 -20"><span class='ocrx_word' id='word_1_207' title='bbox 1832 1513 1938 1554; x_wconf 87' lang='lat' dir='ltr'><strong>nes</strong></span> <span class='ocrx_word' id='word_1_208' title='bbox 1959 1503 2010 1554; x_wconf 82' lang='lat' dir='ltr'><strong>et</strong></span> <span class='ocrx_word' id='word_1_209' title='bbox 2039 1513 2256 1568; x_wconf 91' lang='lat' dir='ltr'><strong>porcos</strong></span> <span class='ocrx_word' id='word_1_210' title='bbox 2297 1499 2628 1556; x_wconf 88' lang='lat' dir='ltr'><strong>nominavit</strong></span> <span class='ocrx_word' id='word_1_211' title='bbox 2677 1516 2781 1556; x_wconf 93' lang='lat' dir='ltr'><strong>eos</strong></span> <span class='ocrx_word' id='word_1_212' title='bbox 2809 1503 2912 1573; x_wconf 89' lang='lat' dir='ltr'><strong>qui</strong></span> <span class='ocrx_word' id='word_1_213' title='bbox 2943 1503 3366 1563; x_wconf 90' lang='lat' dir='ltr'><strong>immedicabili</strong></span> <span class='ocrx_word' id='word_1_214' title='bbox 3393 1515 3473 1566; x_wconf 89' lang='lat' dir='ltr'><strong>te-</strong></span> 
     </span>
    </p>
   </div>
   <div class='ocr_carea' id='block_1_31' title="bbox 1831 1586 3472 1664">
    <p class='ocr_par' dir='ltr' id='par_1_31' title="bbox 1831 1586 3472 1664">
     <span class='ocr_line' id='line_1_31' title="bbox 1831 1586 3472 1664; baseline 0.007 -22"><span class='ocrx_word' id='word_1_215' title='bbox 1831 1586 2396 1658; x_wconf 90' lang='lat' dir='ltr'><strong>nenturimpietate;</strong></span> <span class='ocrx_word' id='word_1_216' title='bbox 2428 1602 2608 1644; x_wconf 90' lang='lat' dir='ltr'><strong>canes</strong></span> <span class='ocrx_word' id='word_1_217' title='bbox 2629 1589 2895 1660; x_wconf 90' lang='lat' dir='ltr'><strong>quidem,</strong></span> <span class='ocrx_word' id='word_1_218' title='bbox 2926 1596 3211 1664; x_wconf 91' lang='lat' dir='ltr'><strong>tanquam</strong></span> <span class='ocrx_word' id='word_1_219' title='bbox 3246 1596 3472 1654; x_wconf 86' lang='lat' dir='ltr'><strong>Christo</strong></span> 
     </span>
    </p>
   </div>
   <div class='ocr_carea' id='block_1_32' title="bbox 190 1675 1716 1759">
    <p class='ocr_par' dir='ltr' id='par_1_32' title="bbox 190 1675 1716 1759">
     <span class='ocr_line' id='line_1_32' title="bbox 190 1675 1716 1759; baseline 0.005 -30"><span class='ocrx_word' id='word_1_220' title='bbox 190 1679 318 1730; x_wconf 71' lang='grc' dir='ltr'>παθῶν</span> <span class='ocrx_word' id='word_1_221' title='bbox 362 1675 870 1752; x_wconf 72' lang='grc' dir='ltr'>ἐγκαλινδουμένους.</span> <span class='ocrx_word' id='word_1_222' title='bbox 929 1680 1130 1734; x_wconf 80' lang='grc' dir='ltr'>Κελεὺει</span> <span class='ocrx_word' id='word_1_223' title='bbox 1179 1685 1371 1749; x_wconf 84' lang='grc' dir='ltr'>τοίνυν,</span> <span class='ocrx_word' id='word_1_224' title='bbox 1424 1688 1496 1755; x_wconf 83' lang='grc' dir='ltr'>μή</span> <span class='ocrx_word' id='word_1_225' title='bbox 1549 1703 1716 1759; x_wconf 87' lang='grc' dir='ltr'>παρα-</span> 
     </span>
    </p>
   </div>
   <div class='ocr_carea' id='block_1_33' title="bbox 1833 1675 3473 1759">
    <p class='ocr_par' dir='ltr' id='par_1_33' title="bbox 1833 1675 3473 1752">
     <span class='ocr_line' id='line_1_33' title="bbox 1833 1675 3473 1752; baseline 0.006 -20"><span class='ocrx_word' id='word_1_226' title='bbox 1833 1675 2198 1732; x_wconf 88' lang='lat' dir='ltr'><strong>oblatrantes</strong></span> <span class='ocrx_word' id='word_1_227' title='bbox 2231 1693 2244 1744; x_wconf 92' lang='lat'><strong>;</strong></span> <span class='ocrx_word' id='word_1_228' title='bbox 2277 1690 2494 1746; x_wconf 90' lang='lat' dir='ltr'><strong>porcos</strong></span> <span class='ocrx_word' id='word_1_229' title='bbox 2533 1692 2694 1746; x_wconf 85' lang='lat' dir='ltr'><strong>vero,</strong></span> <span class='ocrx_word' id='word_1_230' title='bbox 2739 1679 2913 1750; x_wconf 90' lang='lat' dir='ltr'><strong>quari</strong></span> <span class='ocrx_word' id='word_1_231' title='bbox 2953 1683 3473 1752; x_wconf 89' lang='lat' dir='ltr'><strong>perturbationum</strong></span> 
     </span>
    </p>
   </div>
   <div class='ocr_carea' id='block_1_34' title="bbox 190 1762 1719 1844">
    <p class='ocr_par' dir='ltr' id='par_1_34' title="bbox 190 1762 1719 1844">
     <span class='ocr_line' id='line_1_34' title="bbox 190 1762 1719 1844; baseline 0.005 -27"><span class='ocrx_word' id='word_1_232' title='bbox 190 1762 347 1819; x_wconf 72' lang='grc' dir='ltr'>διδόναι</span> <span class='ocrx_word' id='word_1_233' title='bbox 391 1776 483 1828; x_wconf 85' lang='grc' dir='ltr'>τοῖς</span> <span class='ocrx_word' id='word_1_234' title='bbox 535 1771 794 1830; x_wconf 67' lang='grc' dir='ltr'>τοιούτοις</span> <span class='ocrx_word' id='word_1_235' title='bbox 847 1772 904 1822; x_wconf 89' lang='grc' dir='ltr'>τό</span> <span class='ocrx_word' id='word_1_236' title='bbox 960 1775 1253 1842; x_wconf 73' lang='grc' dir='ltr'>μυστήριον</span> <span class='ocrx_word' id='word_1_237' title='bbox 1299 1779 1398 1823; x_wconf 87' lang='grc' dir='ltr'>τῶν</span> <span class='ocrx_word' id='word_1_238' title='bbox 1445 1768 1719 1844; x_wconf 75' lang='grc' dir='ltr'><strong>δογμάτων</strong></span> 
     </span>
    </p>
   </div>
   <div class='ocr_carea' id='block_1_35' title="bbox 187 1854 1717 1934">
    <p class='ocr_par' dir='ltr' id='par_1_35' title="bbox 187 1854 1717 1934">
     <span class='ocr_line' id='line_1_35' title="bbox 187 1854 1717 1934; baseline -0.002 -25"><span class='ocrx_word' id='word_1_239' title='bbox 187 1863 252 1916; x_wconf 70' lang='grc' dir='ltr'>τῆς</span> <span class='ocrx_word' id='word_1_240' title='bbox 279 1861 480 1919; x_wconf 80' lang='grc' dir='ltr'>πίστεως.</span> <span class='ocrx_word' id='word_1_241' title='bbox 521 1862 608 1915; x_wconf 77' lang='grc' dir='ltr'><strong>Μή</strong></span> <span class='ocrx_word' id='word_1_242' title='bbox 636 1855 834 1930; x_wconf 83' lang='grc' dir='ltr'>βάλητε</span> <span class='ocrx_word' id='word_1_243' title='bbox 868 1854 948 1923; x_wconf 75' lang='grc' dir='ltr'>δε,</span> <span class='ocrx_word' id='word_1_244' title='bbox 991 1857 1104 1911; x_wconf 83' lang='grc' dir='ltr'>ἀντὶ</span> <span class='ocrx_word' id='word_1_245' title='bbox 1127 1867 1240 1926; x_wconf 82' lang='grc' dir='ltr'>τοῦ,</span> <span class='ocrx_word' id='word_1_246' title='bbox 1279 1863 1364 1918; x_wconf 81' lang='grc' dir='ltr'><strong>Μὴ</strong></span> <span class='ocrx_word' id='word_1_247' title='bbox 1406 1861 1518 1932; x_wconf 81' lang='grc'><strong>(41)</strong></span> <span class='ocrx_word' id='word_1_248' title='bbox 1546 1881 1717 1934; x_wconf 80' lang='grc' dir='ltr'>παρα-</span> 
     </span>
    </p>
   </div>
   <div class='ocr_carea' id='block_1_36' title="bbox 189 1945 1706 2022">
    <p class='ocr_par' dir='ltr' id='par_1_36' title="bbox 189 1945 1706 2022">
     <span class='ocr_line' id='line_1_36' title="bbox 189 1945 1706 2022; baseline 0.005 -26"><span class='ocrx_word' id='word_1_249' title='bbox 189 1945 322 2000; x_wconf 66' lang='lat' dir='ltr'><strong>(uiset.</strong></span> <span class='ocrx_word' id='word_1_250' title='bbox 350 1945 555 2009; x_wconf 81' lang='grc' dir='ltr'>Ἀνάξιοι</span> <span class='ocrx_word' id='word_1_251' title='bbox 609 1948 712 2020; x_wconf 87' lang='grc' dir='ltr'><strong>γάρ</strong></span> <span class='ocrx_word' id='word_1_252' title='bbox 763 1947 868 1999; x_wconf 78' lang='grc' dir='ltr'>εἰσι</span> <span class='ocrx_word' id='word_1_253' title='bbox 919 1949 1166 2011; x_wconf 79' lang='grc' dir='ltr'>τοιαύτης</span> <span class='ocrx_word' id='word_1_254' title='bbox 1220 1951 1356 2022; x_wconf 85' lang='grc' dir='ltr'>ἱερᾶς</span> <span class='ocrx_word' id='word_1_255' title='bbox 1386 1947 1706 2022; x_wconf 83' lang='grc' dir='ltr'>ἀκροάσεως,</span> 
     </span>
    </p>
   </div>
   <div class='ocr_carea' id='block_1_37' title="bbox 189 2028 928 2106">
    <p class='ocr_par' dir='ltr' id='par_1_37' title="bbox 189 2028 928 2106">
     <span class='ocr_line' id='line_1_37' title="bbox 189 2028 928 2106; baseline 0.011 -24"><span class='ocrx_word' id='word_1_256' title='bbox 189 2028 280 2083; x_wconf 78' lang='grc' dir='ltr'>Εἶτα</span> <span class='ocrx_word' id='word_1_257' title='bbox 301 2037 594 2106; x_wconf 83' lang='grc' dir='ltr'>προστίθησι</span> <span class='ocrx_word' id='word_1_258' title='bbox 619 2039 708 2086; x_wconf 80' lang='grc' dir='ltr'><strong>καὶ</strong></span> <span class='ocrx_word' id='word_1_259' title='bbox 736 2035 928 2090; x_wconf 80' lang='grc' dir='ltr'>αἰτίαν.</span> 
     </span>
    </p>
   </div>
   <div class='ocr_carea' id='block_1_38' title="bbox 233 2126 1716 2199">
    <p class='ocr_par' dir='ltr' id='par_1_38' title="bbox 233 2126 1716 2199">
     <span class='ocr_line' id='line_1_38' title="bbox 233 2126 1716 2199; baseline 0.003 -23"><span class='ocrx_word' id='word_1_260' title='bbox 233 2128 408 2180; x_wconf 71' lang='grc' dir='ltr'>Μήποτε</span> <span class='ocrx_word' id='word_1_261' title='bbox 464 2156 512 2164; x_wconf 93' lang='grc'><strong>-</strong></span> <span class='ocrx_word' id='word_1_262' title='bbox 609 2126 765 2196; x_wconf 76' lang='grc' dir='ltr'>ὑμᾶς.</span> <span class='ocrx_word' id='word_1_263' title='bbox 851 2130 1092 2199; x_wconf 85' lang='grc' dir='ltr'>Κρείττόν</span> <span class='ocrx_word' id='word_1_264' title='bbox 1163 2126 1324 2194; x_wconf 73' lang='grc' dir='ltr'>ἐστιν,</span> <span class='ocrx_word' id='word_1_265' title='bbox 1399 2127 1716 2199; x_wconf 69' lang='grc' dir='ltr'>ἀγνοηθῆναι</span> 
     </span>
    </p>
   </div>
   <div class='ocr_carea' id='block_1_39' title="bbox 189 2214 1717 2291">
    <p class='ocr_par' dir='ltr' id='par_1_39' title="bbox 189 2214 1717 2291">
     <span class='ocr_line' id='line_1_39' title="bbox 189 2214 1717 2291; baseline 0.006 -30"><span class='ocrx_word' id='word_1_266' title='bbox 189 2219 308 2262; x_wconf 75' lang='grc' dir='ltr'>ταῦτα</span> <span class='ocrx_word' id='word_1_267' title='bbox 328 2215 434 2286; x_wconf 80' lang='grc' dir='ltr'>παρ’</span> <span class='ocrx_word' id='word_1_268' title='bbox 486 2214 677 2279; x_wconf 71' lang='grc' dir='ltr'>αὐτῶν,</span> <span class='ocrx_word' id='word_1_269' title='bbox 729 2215 759 2272; x_wconf 77' lang='grc' dir='ltr'>ἡ</span> <span class='ocrx_word' id='word_1_270' title='bbox 818 2216 1190 2287; x_wconf 83' lang='grc' dir='ltr'>γνωρισθῆναι,</span> <span class='ocrx_word' id='word_1_271' title='bbox 1245 2221 1447 2288; x_wconf 78' lang='grc' dir='ltr'>μήποτε</span> <span class='ocrx_word' id='word_1_272' title='bbox 1504 2219 1717 2291; x_wconf 79' lang='grc' dir='ltr'>ὑποκρι-</span> 
     </span>
    </p>
   </div>
   <div class='ocr_carea' id='block_1_40' title="bbox 187 2301 1712 2380">
    <p class='ocr_par' dir='ltr' id='par_1_40' title="bbox 187 2301 1712 2380">
     <span class='ocr_line' id='line_1_40' title="bbox 187 2301 1712 2380; baseline 0.005 -30"><span class='ocrx_word' id='word_1_273' title='bbox 187 2301 306 2362; x_wconf 73' lang='grc' dir='ltr'>Θὲντες</span> <span class='ocrx_word' id='word_1_274' title='bbox 353 2302 634 2369; x_wconf 77' lang='grc' dir='ltr'>ἐπιείκειαν,</span> <span class='ocrx_word' id='word_1_275' title='bbox 704 2307 795 2354; x_wconf 82' lang='grc' dir='ltr'><strong>καὶ</strong></span> <span class='ocrx_word' id='word_1_276' title='bbox 851 2304 1099 2374; x_wconf 74' lang='grc' dir='ltr'>μαθόντες</span> <span class='ocrx_word' id='word_1_277' title='bbox 1183 2303 1319 2357; x_wconf 71' lang='grc' dir='ltr'>αὐτὰ</span> <span class='ocrx_word' id='word_1_278' title='bbox 1371 2305 1494 2380; x_wconf 87' lang='grc' dir='ltr'>παρ’</span> <span class='ocrx_word' id='word_1_279' title='bbox 1547 2307 1712 2378; x_wconf 82' lang='grc' dir='ltr'>ἡμῶν,</span> 
     </span>
    </p>
   </div>
   <div class='ocr_carea' id='block_1_41' title="bbox 186 2386 1713 2471">
    <p class='ocr_par' dir='ltr' id='par_1_41' title="bbox 186 2386 1713 2471">
     <span class='ocr_line' id='line_1_41' title="bbox 186 2386 1713 2471; baseline 0.007 -33"><span class='ocrx_word' id='word_1_280' title='bbox 186 2386 569 2462; x_wconf 66' lang='grc' dir='ltr'>ἔμπαροινιξσωσιν</span> <span class='ocrx_word' id='word_1_281' title='bbox 626 2391 804 2454; x_wconf 71' lang='grc' dir='ltr'>αὐτοῖς</span> <span class='ocrx_word' id='word_1_282' title='bbox 863 2395 952 2444; x_wconf 77' lang='grc' dir='ltr'><strong>καὶ</strong></span> <span class='ocrx_word' id='word_1_283' title='bbox 1015 2388 1336 2467; x_wconf 82' lang='grc' dir='ltr'>διασύρωσι.</span> <span class='ocrx_word' id='word_1_284' title='bbox 1397 2401 1561 2448; x_wconf 84' lang='grc' dir='ltr'>Τοῦτο</span> <span class='ocrx_word' id='word_1_285' title='bbox 1615 2397 1713 2471; x_wconf 83' lang='grc' dir='ltr'><strong>γὰρ</strong></span> 
     </span>
    </p>
   </div>
   <div class='ocr_carea' id='block_1_42' title="bbox 184 2471 1716 2554">
    <p class='ocr_par' dir='ltr' id='par_1_42' title="bbox 184 2471 1716 2554">
     <span class='ocr_line' id='line_1_42' title="bbox 184 2471 1716 2554; baseline 0.003 -23"><span class='ocrx_word' id='word_1_286' title='bbox 184 2471 298 2531; x_wconf 61' lang='grc' dir='ltr'><strong>ἔπλεί</strong></span> <span class='ocrx_word' id='word_1_287' title='bbox 313 2481 363 2531; x_wconf 86' lang='grc' dir='ltr'>τὸ</span> <span class='ocrx_word' id='word_1_288' title='bbox 412 2485 862 2539; x_wconf 83' lang='grc' dir='ltr'>Καταπατήσωσι.</span> <span class='ocrx_word' id='word_1_289' title='bbox 909 2476 1085 2541; x_wconf 77' lang='grc' dir='ltr'>Πόὸας</span> <span class='ocrx_word' id='word_1_290' title='bbox 1133 2476 1192 2533; x_wconf 74' lang='grc' dir='ltr'>δε</span> <span class='ocrx_word' id='word_1_291' title='bbox 1239 2481 1406 2533; x_wconf 79' lang='grc' dir='ltr'>αὐτῶν</span> <span class='ocrx_word' id='word_1_292' title='bbox 1443 2481 1594 2554; x_wconf 82' lang='grc' dir='ltr'>λέγει,</span> <span class='ocrx_word' id='word_1_293' title='bbox 1622 2488 1716 2542; x_wconf 80' lang='grc' dir='ltr'>τὴν</span> 
     </span>
    </p>
   </div>
   <div class='ocr_carea' id='block_1_43' title="bbox 184 2561 1713 2642">
    <p class='ocr_par' dir='ltr' id='par_1_43' title="bbox 184 2561 1713 2642">
     <span class='ocr_line' id='line_1_43' title="bbox 184 2561 1713 2642; baseline 0.009 -27"><span class='ocrx_word' id='word_1_294' title='bbox 184 2561 376 2619; x_wconf 69' lang='grc' dir='ltr'>ἀπιστίαν</span> <span class='ocrx_word' id='word_1_295' title='bbox 428 2569 612 2635; x_wconf 72' lang='grc' dir='ltr'>αὐτῶν,</span> <span class='ocrx_word' id='word_1_296' title='bbox 692 2566 766 2621; x_wconf 83' lang='grc' dir='ltr'><strong>δι’</strong></span> <span class='ocrx_word' id='word_1_297' title='bbox 809 2570 872 2629; x_wconf 81' lang='grc' dir='ltr'>ἧς</span> <span class='ocrx_word' id='word_1_298' title='bbox 944 2566 1265 2642; x_wconf 79' lang='grc' dir='ltr'>βαδίζουσιν</span> <span class='ocrx_word' id='word_1_299' title='bbox 1321 2570 1390 2632; x_wconf 83' lang='grc' dir='ltr'><strong>εἰς</strong></span> <span class='ocrx_word' id='word_1_300' title='bbox 1443 2568 1713 2628; x_wconf 76' lang='grc' dir='ltr'>ἀπώλειαν.</span> 
     </span>
    </p>
   </div>
   <div class='ocr_carea' id='block_1_44' title="bbox 177 2649 1718 2730">
    <p class='ocr_par' dir='ltr' id='par_1_44' title="bbox 177 2649 1718 2730">
     <span class='ocr_line' id='line_1_44' title="bbox 177 2649 1718 2730; baseline 0.005 -25"><span class='ocrx_word' id='word_1_301' title='bbox 177 2649 270 2706; x_wconf 76' lang='grc' dir='ltr'>εἶτα</span> <span class='ocrx_word' id='word_1_302' title='bbox 307 2663 589 2730; x_wconf 71' lang='grc' dir='ltr'>στραφέντες</span> <span class='ocrx_word' id='word_1_303' title='bbox 645 2657 747 2710; x_wconf 82' lang='grc' dir='ltr'><strong>ἀπὸ</strong></span> <span class='ocrx_word' id='word_1_304' title='bbox 805 2667 898 2720; x_wconf 83' lang='grc' dir='ltr'>τῆς</span> <span class='ocrx_word' id='word_1_305' title='bbox 959 2657 1278 2712; x_wconf 77' lang='grc' dir='ltr'>ἔπεπλάστου</span> <span class='ocrx_word' id='word_1_306' title='bbox 1327 2657 1601 2722; x_wconf 73' lang='grc' dir='ltr'>ἐπιεικείας</span> <span class='ocrx_word' id='word_1_307' title='bbox 1646 2660 1718 2721; x_wconf 83' lang='grc' dir='ltr'><strong>εἰς</strong></span> 
     </span>
    </p>
   </div>
   <div class='ocr_carea' id='block_1_45' title="bbox 179 2745 1718 2824">
    <p class='ocr_par' dir='ltr' id='par_1_45' title="bbox 179 2745 1718 2824">
     <span class='ocr_line' id='line_1_45' title="bbox 179 2745 1718 2824; baseline 0.005 -30"><span class='ocrx_word' id='word_1_308' title='bbox 179 2746 346 2817; x_wconf 62' lang='grc' dir='ltr'>φανερὰν</span> <span class='ocrx_word' id='word_1_309' title='bbox 396 2745 708 2815; x_wconf 78' lang='grc' dir='ltr'>ἐναντίωσιν,</span> <span class='ocrx_word' id='word_1_310' title='bbox 763 2746 993 2821; x_wconf 79' lang='grc' dir='ltr'>ῥήξωσιν</span> <span class='ocrx_word' id='word_1_311' title='bbox 1049 2749 1207 2819; x_wconf 79' lang='grc' dir='ltr'>ὑμᾶς,</span> <span class='ocrx_word' id='word_1_312' title='bbox 1265 2753 1525 2818; x_wconf 79' lang='grc' dir='ltr'>τουτέστι,</span> <span class='ocrx_word' id='word_1_313' title='bbox 1558 2768 1718 2824; x_wconf 90' lang='grc' dir='ltr'>προσ-</span> 
     </span>
    </p>
   </div>
   <div class='ocr_carea' id='block_1_46' title="bbox 177 2828 1715 2912">
    <p class='ocr_par' dir='ltr' id='par_1_46' title="bbox 177 2828 1715 2912">
     <span class='ocr_line' id='line_1_46' title="bbox 177 2828 1715 2912; baseline 0.005 -32"><span class='ocrx_word' id='word_1_314' title='bbox 177 2828 371 2904; x_wconf 74' lang='grc' dir='ltr'>ϐάλωσιν,</span> <span class='ocrx_word' id='word_1_315' title='bbox 425 2834 728 2891; x_wconf 76' lang='grc' dir='ltr'>ἁντιστῶσι.</span> <span class='ocrx_word' id='word_1_316' title='bbox 793 2840 877 2893; x_wconf 80' lang='grc' dir='ltr'><strong>Μὴ</strong></span> <span class='ocrx_word' id='word_1_317' title='bbox 932 2832 1206 2907; x_wconf 77' lang='grc' dir='ltr'>δυνάμενοι</span> <span class='ocrx_word' id='word_1_318' title='bbox 1262 2857 1362 2912; x_wconf 89' lang='grc' dir='ltr'><strong>γαρ</strong></span> <span class='ocrx_word' id='word_1_319' title='bbox 1428 2838 1715 2910; x_wconf 76' lang='grc' dir='ltr'><strong>θεοπρεπῶς</strong></span> 
     </span>
    </p>
   </div>
   <div class='ocr_carea' id='block_1_47' title="bbox 176 2923 1716 2999">
    <p class='ocr_par' dir='ltr' id='par_1_47' title="bbox 176 2923 1716 2999">
     <span class='ocr_line' id='line_1_47' title="bbox 176 2923 1716 2999; baseline 0.006 -29"><span class='ocrx_word' id='word_1_320' title='bbox 176 2928 270 2972; x_wconf 74' lang='grc' dir='ltr'>νοεῖν</span> <span class='ocrx_word' id='word_1_321' title='bbox 308 2927 363 2974; x_wconf 78' lang='grc' dir='ltr'>τὰ</span> <span class='ocrx_word' id='word_1_322' title='bbox 414 2927 520 2978; x_wconf 83' lang='grc' dir='ltr'>θεῖα</span> <span class='ocrx_word' id='word_1_323' title='bbox 586 2923 854 2998; x_wconf 83' lang='grc' dir='ltr'>δόγματα,</span> <span class='ocrx_word' id='word_1_324' title='bbox 911 2927 1306 2999; x_wconf 79' lang='grc' dir='ltr'>προσάπτουσιν</span> <span class='ocrx_word' id='word_1_325' title='bbox 1355 2926 1533 2988; x_wconf 78' lang='grc' dir='ltr'>αὐτοῖς</span> <span class='ocrx_word' id='word_1_326' title='bbox 1579 2925 1716 2999; x_wconf 79' lang='grc' dir='ltr'>ἒμπά</span> 
     </span>
    </p>
   </div>
   <div class='ocr_carea' id='block_1_48' title="bbox 1828 1763 3474 1845">
    <p class='ocr_par' dir='ltr' id='par_1_48' title="bbox 1828 1763 3474 1845">
     <span class='ocr_line' id='line_1_48' title="bbox 1828 1763 3474 1845; baseline 0.006 -25"><span class='ocrx_word' id='word_1_327' title='bbox 1828 1763 2303 1832; x_wconf 68' lang='grc' dir='ltr'>Ιυιοζοὺνοιιιίοε.</span> <span class='ocrx_word' id='word_1_328' title='bbox 2317 1766 2343 1818; x_wconf 85' lang='lat' dir='ltr'><strong>J</strong></span> <span class='ocrx_word' id='word_1_329' title='bbox 2352 1764 2490 1820; x_wconf 92' lang='lat' dir='ltr'><strong>ubet</strong></span> <span class='ocrx_word' id='word_1_330' title='bbox 2501 1765 2678 1835; x_wconf 88' lang='lat' dir='ltr'><strong>igitur</strong></span> <span class='ocrx_word' id='word_1_331' title='bbox 2688 1782 2762 1823; x_wconf 91' lang='lat' dir='ltr'><strong>ne</strong></span> <span class='ocrx_word' id='word_1_332' title='bbox 2773 1767 2992 1824; x_wconf 89' lang='lat' dir='ltr'><strong>talibus</strong></span> <span class='ocrx_word' id='word_1_333' title='bbox 3006 1771 3315 1828; x_wconf 90' lang='lat' dir='ltr'><strong>tradamus</strong></span> <span class='ocrx_word' id='word_1_334' title='bbox 3329 1775 3474 1845; x_wconf 93' lang='lat' dir='ltr'><strong>dog-</strong></span> 
     </span>
    </p>
   </div>
   <div class='ocr_carea' id='block_1_49' title="bbox 1827 1852 3475 1927">
    <p class='ocr_par' dir='ltr' id='par_1_49' title="bbox 1827 1852 3475 1927">
     <span class='ocr_line' id='line_1_49' title="bbox 1827 1852 3475 1927; baseline 0.007 -19"><span class='ocrx_word' id='word_1_335' title='bbox 1827 1859 2059 1909; x_wconf 84' lang='lat' dir='ltr'><strong>matum</strong></span> <span class='ocrx_word' id='word_1_336' title='bbox 2089 1852 2228 1907; x_wconf 86' lang='lat' dir='ltr'><strong>ﬁdei</strong></span> <span class='ocrx_word' id='word_1_337' title='bbox 2258 1853 2560 1924; x_wconf 88' lang='lat' dir='ltr'><strong>mysteria.</strong></span> <span class='ocrx_word' id='word_1_338' title='bbox 2593 1855 2680 1911; x_wconf 89' lang='lat' dir='ltr'><strong>Ne</strong></span> <span class='ocrx_word' id='word_1_339' title='bbox 2731 1857 3063 1927; x_wconf 68' lang='lat' dir='ltr'><strong>proﬁciatis</strong></span> <span class='ocrx_word' id='word_1_340' title='bbox 3093 1865 3315 1927; x_wconf 90' lang='lat' dir='ltr'><strong>autem,</strong></span> <span class='ocrx_word' id='word_1_341' title='bbox 3359 1863 3475 1920; x_wconf 90' lang='lat' dir='ltr'><strong>hoc</strong></span> 
     </span>
    </p>
   </div>
   <div class='ocr_carea' id='block_1_50' title="bbox 1826 1941 3476 2018">
    <p class='ocr_par' dir='ltr' id='par_1_50' title="bbox 1826 1941 3476 2018">
     <span class='ocr_line' id='line_1_50' title="bbox 1826 1941 3476 2018; baseline 0.007 -21"><span class='ocrx_word' id='word_1_342' title='bbox 1826 1946 1930 1997; x_wconf 88' lang='lat' dir='ltr'><strong>est.</strong></span> <span class='ocrx_word' id='word_1_343' title='bbox 1955 1944 2035 1997; x_wconf 92' lang='lat' dir='ltr'><strong>Ne</strong></span> <span class='ocrx_word' id='word_1_344' title='bbox 2063 1941 2402 2013; x_wconf 89' lang='lat' dir='ltr'><strong>apponatis.</strong></span> <span class='ocrx_word' id='word_1_345' title='bbox 2439 1941 2671 2011; x_wconf 87' lang='lat' dir='ltr'><strong>lndigni</strong></span> <span class='ocrx_word' id='word_1_346' title='bbox 2696 1948 2836 2000; x_wconf 88' lang='lat' dir='ltr'><strong>sunt</strong></span> <span class='ocrx_word' id='word_1_347' title='bbox 2859 1945 3019 2002; x_wconf 90' lang='lat' dir='ltr'><strong>enim</strong></span> <span class='ocrx_word' id='word_1_348' title='bbox 3058 1949 3160 2018; x_wconf 92' lang='lat' dir='ltr'><strong>qui</strong></span> <span class='ocrx_word' id='word_1_349' title='bbox 3192 1949 3334 2006; x_wconf 89' lang='lat' dir='ltr'><strong>talia</strong></span> <span class='ocrx_word' id='word_1_350' title='bbox 3371 1967 3476 2008; x_wconf 91' lang='lat' dir='ltr'><strong>au-</strong></span> 
     </span>
    </p>
   </div>
   <div class='ocr_carea' id='block_1_51' title="bbox 1825 2028 2842 2088">
    <p class='ocr_par' dir='ltr' id='par_1_51' title="bbox 1825 2028 2842 2088">
     <span class='ocr_line' id='line_1_51' title="bbox 1825 2028 2842 2088; baseline 0 -2"><span class='ocrx_word' id='word_1_351' title='bbox 1825 2030 2008 2086; x_wconf 91' lang='lat' dir='ltr'><strong>diant.</strong></span> <span class='ocrx_word' id='word_1_352' title='bbox 2043 2029 2262 2084; x_wconf 89' lang='lat' dir='ltr'><strong>Deinde</strong></span> <span class='ocrx_word' id='word_1_353' title='bbox 2294 2028 2462 2084; x_wconf 90' lang='lat' dir='ltr'><strong>addit</strong></span> <span class='ocrx_word' id='word_1_354' title='bbox 2488 2034 2544 2084; x_wconf 91' lang='lat' dir='ltr'><strong>et</strong></span> <span class='ocrx_word' id='word_1_355' title='bbox 2573 2046 2842 2088; x_wconf 88' lang='lat' dir='ltr'><strong>causam.</strong></span> 
     </span>
    </p>
   </div>
   <div class='ocr_carea' id='block_1_52' title="bbox 1899 2118 3477 2190">
    <p class='ocr_par' dir='ltr' id='par_1_52' title="bbox 1899 2118 3477 2190">
     <span class='ocr_line' id='line_1_52' title="bbox 1899 2118 3477 2190; baseline 0.008 -17"><span class='ocrx_word' id='word_1_356' title='bbox 1899 2121 2052 2173; x_wconf 89' lang='lat' dir='ltr'><strong>Vers.</strong></span> <span class='ocrx_word' id='word_1_357' title='bbox 2087 2122 2139 2174; x_wconf 90' lang='lat'><strong>6.</strong></span> <span class='ocrx_word' id='word_1_358' title='bbox 2171 2118 2262 2174; x_wconf 89' lang='lat' dir='ltr'><strong>Ne</strong></span> <span class='ocrx_word' id='word_1_359' title='bbox 2311 2119 2548 2190; x_wconf 84' lang='lat' dir='ltr'><strong>quando</strong></span> <span class='ocrx_word' id='word_1_360' title='bbox 2571 2150 2640 2158; x_wconf 97' lang='lat'><strong>—</strong></span> <span class='ocrx_word' id='word_1_361' title='bbox 2670 2135 2786 2177; x_wconf 84' lang='lat' dir='ltr'><strong>vos.</strong></span> <span class='ocrx_word' id='word_1_362' title='bbox 2814 2122 3012 2179; x_wconf 84' lang='lat' dir='ltr'><strong>Melius</strong></span> <span class='ocrx_word' id='word_1_363' title='bbox 3060 2126 3218 2182; x_wconf 92' lang='lat' dir='ltr'><strong>enim</strong></span> <span class='ocrx_word' id='word_1_364' title='bbox 3245 2132 3332 2184; x_wconf 89' lang='lat' dir='ltr'><strong>est</strong></span> <span class='ocrx_word' id='word_1_365' title='bbox 3373 2144 3477 2186; x_wconf 92' lang='lat' dir='ltr'><strong>eos</strong></span> 
     </span>
    </p>
   </div>
   <div class='ocr_carea' id='block_1_53' title="bbox 1823 2206 3479 2288">
    <p class='ocr_par' dir='ltr' id='par_1_53' title="bbox 1823 2206 3479 2288">
     <span class='ocr_line' id='line_1_53' title="bbox 1823 2206 3479 2288; baseline 0.007 -25"><span class='ocrx_word' id='word_1_366' title='bbox 1823 2207 1952 2263; x_wconf 78' lang='lat' dir='ltr'><strong>haec</strong></span> <span class='ocrx_word' id='word_1_367' title='bbox 1988 2206 2282 2278; x_wconf 88' lang='lat' dir='ltr'><strong>ignorare,</strong></span> <span class='ocrx_word' id='word_1_368' title='bbox 2315 2222 2502 2279; x_wconf 90' lang='lat' dir='ltr'><strong>quam</strong></span> <span class='ocrx_word' id='word_1_369' title='bbox 2534 2223 2912 2278; x_wconf 85' lang='lat' dir='ltr'><strong>cognoscere,</strong></span> <span class='ocrx_word' id='word_1_370' title='bbox 2944 2227 3021 2269; x_wconf 86' lang='lat' dir='ltr'><strong>ne</strong></span> <span class='ocrx_word' id='word_1_371' title='bbox 3043 2216 3289 2286; x_wconf 88' lang='lat' dir='ltr'><strong>quando</strong></span> <span class='ocrx_word' id='word_1_372' title='bbox 3318 2223 3479 2288; x_wconf 92' lang='lat' dir='ltr'><strong>post-</strong></span> 
     </span>
    </p>
   </div>
   <div class='ocr_carea' id='block_1_54' title="bbox 1824 2295 3478 2374">
    <p class='ocr_par' dir='ltr' id='par_1_54' title="bbox 1824 2295 3478 2374">
     <span class='ocr_line' id='line_1_54' title="bbox 1824 2295 3478 2374; baseline 0.007 -23"><span class='ocrx_word' id='word_1_373' title='bbox 1824 2311 2010 2368; x_wconf 90' lang='lat' dir='ltr'><strong>quam</strong></span> <span class='ocrx_word' id='word_1_374' title='bbox 2041 2295 2318 2351; x_wconf 87' lang='lat' dir='ltr'><strong>simulata</strong></span> <span class='ocrx_word' id='word_1_375' title='bbox 2347 2295 2639 2368; x_wconf 88' lang='lat' dir='ltr'><strong>probitate</strong></span> <span class='ocrx_word' id='word_1_376' title='bbox 2678 2313 2714 2354; x_wconf 93' lang='lat' dir='ltr'><strong>a</strong></span> <span class='ocrx_word' id='word_1_377' title='bbox 2742 2298 2908 2354; x_wconf 89' lang='lat' dir='ltr'><strong>vobis</strong></span> <span class='ocrx_word' id='word_1_378' title='bbox 2937 2316 3008 2357; x_wconf 91' lang='lat' dir='ltr'><strong>ea</strong></span> <span class='ocrx_word' id='word_1_379' title='bbox 3031 2303 3362 2374; x_wconf 87' lang='lat' dir='ltr'><strong>didicerint,</strong></span> <span class='ocrx_word' id='word_1_380' title='bbox 3391 2305 3478 2362; x_wconf 91' lang='lat' dir='ltr'><strong>lu-</strong></span> 
     </span>
    </p>
   </div>
   <div class='ocr_carea' id='block_1_55' title="bbox 1824 2385 3480 2460">
    <p class='ocr_par' dir='ltr' id='par_1_55' title="bbox 1824 2385 3480 2460">
     <span class='ocr_line' id='line_1_55' title="bbox 1824 2385 3480 2460; baseline 0.007 -19"><span class='ocrx_word' id='word_1_381' title='bbox 1824 2385 2018 2442; x_wconf 89' lang='lat' dir='ltr'><strong>dibrio</strong></span> <span class='ocrx_word' id='word_1_382' title='bbox 2047 2385 2312 2442; x_wconf 84' lang='lat' dir='ltr'><strong>habeant</strong></span> <span class='ocrx_word' id='word_1_383' title='bbox 2333 2401 2403 2442; x_wconf 91' lang='lat' dir='ltr'><strong>ac</strong></span> <span class='ocrx_word' id='word_1_384' title='bbox 2423 2386 2739 2444; x_wconf 87' lang='lat' dir='ltr'><strong>detrahant</strong></span> <span class='ocrx_word' id='word_1_385' title='bbox 2768 2388 2933 2460; x_wconf 88' lang='lat' dir='ltr'><strong>ipsis.</strong></span> <span class='ocrx_word' id='word_1_386' title='bbox 2965 2391 3027 2447; x_wconf 91' lang='lat' dir='ltr'><strong>Id</strong></span> <span class='ocrx_word' id='word_1_387' title='bbox 3056 2393 3216 2449; x_wconf 89' lang='lat' dir='ltr'><strong>enim</strong></span> <span class='ocrx_word' id='word_1_388' title='bbox 3254 2394 3480 2454; x_wconf 89' lang='lat' dir='ltr'><strong>indicat</strong></span> 
     </span>
    </p>
   </div>
   <div class='ocr_carea' id='block_1_56' title="bbox 1824 2474 3475 2554">
    <p class='ocr_par' dir='ltr' id='par_1_56' title="bbox 1824 2474 3475 2554">
     <span class='ocr_line' id='line_1_56' title="bbox 1824 2474 3475 2554; baseline 0.007 -24"><span class='ocrx_word' id='word_1_389' title='bbox 1824 2474 1991 2546; x_wconf 91' lang='lat' dir='ltr'><strong>quod</strong></span> <span class='ocrx_word' id='word_1_390' title='bbox 2013 2474 2252 2531; x_wconf 85' lang='lat' dir='ltr'><strong>additur</strong></span> <span class='ocrx_word' id='word_1_391' title='bbox 2283 2491 2297 2541; x_wconf 88' lang='lat'>;</span> <span class='ocrx_word' id='word_1_392' title='bbox 2333 2475 2900 2534; x_wconf 82' lang='lat' dir='ltr'><strong>Conculcent.Pedes</strong></span> <span class='ocrx_word' id='word_1_393' title='bbox 2927 2495 3069 2537; x_wconf 92' lang='lat' dir='ltr'><strong>vero</strong></span> <span class='ocrx_word' id='word_1_394' title='bbox 3099 2481 3369 2554; x_wconf 89' lang='lat' dir='ltr'><strong>ipsorum</strong></span> <span class='ocrx_word' id='word_1_395' title='bbox 3386 2485 3475 2541; x_wconf 87' lang='lat' dir='ltr'><strong>di-</strong></span> 
     </span>
    </p>
   </div>
   <div class='ocr_carea' id='block_1_57' title="bbox 1825 2561 3478 2642">
    <p class='ocr_par' dir='ltr' id='par_1_57' title="bbox 1825 2561 3478 2642">
     <span class='ocr_line' id='line_1_57' title="bbox 1825 2561 3478 2642; baseline 0.007 -24"><span class='ocrx_word' id='word_1_396' title='bbox 1825 2563 1902 2618; x_wconf 91' lang='lat' dir='ltr'><strong>cit</strong></span> <span class='ocrx_word' id='word_1_397' title='bbox 1923 2561 2334 2618; x_wconf 83' lang='lat' dir='ltr'><strong>inﬁdelitatem</strong></span> <span class='ocrx_word' id='word_1_398' title='bbox 2354 2578 2585 2631; x_wconf 92' lang='lat' dir='ltr'><strong>eorum,</strong></span> <span class='ocrx_word' id='word_1_399' title='bbox 2605 2579 2728 2635; x_wconf 89' lang='lat' dir='ltr'><strong>qua</strong></span> <span class='ocrx_word' id='word_1_400' title='bbox 2751 2565 2830 2621; x_wconf 88' lang='lat' dir='ltr'><strong>ad</strong></span> <span class='ocrx_word' id='word_1_401' title='bbox 2857 2567 3252 2637; x_wconf 87' lang='lat' dir='ltr'><strong>perditionem</strong></span> <span class='ocrx_word' id='word_1_402' title='bbox 3283 2573 3478 2642; x_wconf 90' lang='lat' dir='ltr'><strong>gradi-</strong></span> 
     </span>
    </p>
   </div>
   <div class='ocr_carea' id='block_1_58' title="bbox 1826 2650 3476 2725">
    <p class='ocr_par' dir='ltr' id='par_1_58' title="bbox 1826 2650 3476 2725">
     <span class='ocr_line' id='line_1_58' title="bbox 1826 2650 3476 2725; baseline 0.006 -19"><span class='ocrx_word' id='word_1_403' title='bbox 1826 2656 2027 2706; x_wconf 90' lang='lat' dir='ltr'><strong>untur.</strong></span> <span class='ocrx_word' id='word_1_404' title='bbox 2060 2650 2282 2706; x_wconf 89' lang='lat' dir='ltr'><strong>Deinde</strong></span> <span class='ocrx_word' id='word_1_405' title='bbox 2311 2651 2582 2708; x_wconf 90' lang='lat' dir='ltr'><strong>conversi</strong></span> <span class='ocrx_word' id='word_1_406' title='bbox 2621 2668 2658 2707; x_wconf 88' lang='lat' dir='ltr'><strong>a</strong></span> <span class='ocrx_word' id='word_1_407' title='bbox 2687 2651 2827 2710; x_wconf 76' lang='lat' dir='ltr'><strong>ficta</strong></span> <span class='ocrx_word' id='word_1_408' title='bbox 2848 2655 3142 2725; x_wconf 86' lang='lat' dir='ltr'><strong>probitate</strong></span> <span class='ocrx_word' id='word_1_409' title='bbox 3168 2659 3247 2713; x_wconf 89' lang='lat' dir='ltr'><strong>ad</strong></span> <span class='ocrx_word' id='word_1_410' title='bbox 3290 2661 3476 2716; x_wconf 90' lang='lat' dir='ltr'><strong>mani-</strong></span> 
     </span>
    </p>
   </div>
   <div class='ocr_carea' id='block_1_59' title="bbox 1824 2738 3478 2820">
    <p class='ocr_par' dir='ltr' id='par_1_59' title="bbox 1824 2738 3478 2820">
     <span class='ocr_line' id='line_1_59' title="bbox 1824 2738 3478 2820; baseline 0.005 -25"><span class='ocrx_word' id='word_1_411' title='bbox 1824 2738 2037 2796; x_wconf 88' lang='lat' dir='ltr'><strong>festam</strong></span> <span class='ocrx_word' id='word_1_412' title='bbox 2063 2741 2542 2812; x_wconf 89' lang='lat' dir='ltr'><strong>repugnantiam,</strong></span> <span class='ocrx_word' id='word_1_413' title='bbox 2569 2740 2830 2798; x_wconf 89' lang='lat' dir='ltr'><strong>lacerent</strong></span> <span class='ocrx_word' id='word_1_414' title='bbox 2851 2757 2976 2807; x_wconf 89' lang='lat' dir='ltr'><strong>vos,</strong></span> <span class='ocrx_word' id='word_1_415' title='bbox 3027 2745 3138 2801; x_wconf 91' lang='lat' dir='ltr'><strong>hoc</strong></span> <span class='ocrx_word' id='word_1_416' title='bbox 3187 2747 3478 2820; x_wconf 86' lang='lat' dir='ltr'><strong>estimpe-</strong></span> 
     </span>
    </p>
   </div>
   <div class='ocr_carea' id='block_1_60' title="bbox 1826 2827 3475 2905">
    <p class='ocr_par' dir='ltr' id='par_1_60' title="bbox 1826 2827 3475 2905">
     <span class='ocr_line' id='line_1_60' title="bbox 1826 2827 3475 2905; baseline 0.007 -22"><span class='ocrx_word' id='word_1_417' title='bbox 1826 2833 1953 2884; x_wconf 86' lang='lat' dir='ltr'><strong>tum</strong></span> <span class='ocrx_word' id='word_1_418' title='bbox 1989 2827 2209 2884; x_wconf 86' lang='lat' dir='ltr'><strong>faciant</strong></span> <span class='ocrx_word' id='word_1_419' title='bbox 2237 2845 2307 2884; x_wconf 92' lang='lat' dir='ltr'><strong>ac</strong></span> <span class='ocrx_word' id='word_1_420' title='bbox 2328 2829 2606 2886; x_wconf 84' lang='lat' dir='ltr'><strong>resistant</strong></span> <span class='ocrx_word' id='word_1_421' title='bbox 2632 2830 2830 2887; x_wconf 90' lang='lat' dir='ltr'><strong>vobis.</strong></span> <span class='ocrx_word' id='word_1_422' title='bbox 2862 2834 2983 2888; x_wconf 87' lang='lat' dir='ltr'><strong>Non</strong></span> <span class='ocrx_word' id='word_1_423' title='bbox 3011 2838 3279 2905; x_wconf 91' lang='lat' dir='ltr'><strong>potentes</strong></span> <span class='ocrx_word' id='word_1_424' title='bbox 3311 2852 3475 2894; x_wconf 86' lang='lat' dir='ltr'><strong>nam-</strong></span> 
     </span>
    </p>
   </div>
   <div class='ocr_carea' id='block_1_61' title="bbox 1826 2917 3478 2992">
    <p class='ocr_par' dir='ltr' id='par_1_61' title="bbox 1826 2917 3478 2992">
     <span class='ocr_line' id='line_1_61' title="bbox 1826 2917 3478 2992; baseline 0.008 -21"><span class='ocrx_word' id='word_1_425' title='bbox 1826 2932 1944 2989; x_wconf 88' lang='lat' dir='ltr'><strong>que</strong></span> <span class='ocrx_word' id='word_1_426' title='bbox 1967 2917 2170 2972; x_wconf 89' lang='lat' dir='ltr'><strong>divina</strong></span> <span class='ocrx_word' id='word_1_427' title='bbox 2194 2917 2502 2987; x_wconf 89' lang='lat' dir='ltr'><strong>dogmata,</strong></span> <span class='ocrx_word' id='word_1_428' title='bbox 2529 2934 2703 2976; x_wconf 90' lang='lat' dir='ltr'><strong>sacra</strong></span> <span class='ocrx_word' id='word_1_429' title='bbox 2731 2921 3011 2992; x_wconf 91' lang='lat' dir='ltr'><strong>quadam,</strong></span> <span class='ocrx_word' id='word_1_430' title='bbox 3038 2926 3104 2979; x_wconf 89' lang='lat' dir='ltr'><strong>ut</strong></span> <span class='ocrx_word' id='word_1_431' title='bbox 3130 2924 3323 2991; x_wconf 90' lang='lat' dir='ltr'><strong>docet,</strong></span> <span class='ocrx_word' id='word_1_432' title='bbox 3354 2942 3478 2985; x_wconf 90' lang='lat' dir='ltr'><strong>ma-</strong></span> 
     </span>
    </p>
   </div>
   <div class='ocr_carea' id='block_1_62' title="bbox 179 3005 1716 3090">
    <p class='ocr_par' dir='ltr' id='par_1_62' title="bbox 179 3009 1714 3090">
     <span class='ocr_line' id='line_1_62' title="bbox 179 3009 1714 3090; baseline 0.008 -32"><span class='ocrx_word' id='word_1_433' title='bbox 179 3009 297 3082; x_wconf 78' lang='grc' dir='ltr'>θειαν,</span> <span class='ocrx_word' id='word_1_434' title='bbox 339 3013 596 3069; x_wconf 72' lang='grc' dir='ltr'>κάντεῦθεν</span> <span class='ocrx_word' id='word_1_435' title='bbox 645 3015 994 3088; x_wconf 79' lang='grc' dir='ltr'>ὁπλιζόμενοι,</span> <span class='ocrx_word' id='word_1_436' title='bbox 1045 3012 1365 3088; x_wconf 72' lang='grc' dir='ltr'>κωμῳδοῦσι</span> <span class='ocrx_word' id='word_1_437' title='bbox 1423 3019 1512 3090; x_wconf 70' lang='grc' dir='ltr'>μὲν</span> <span class='ocrx_word' id='word_1_438' title='bbox 1561 3016 1714 3084; x_wconf 73' lang='grc' dir='ltr'>αὐτὰ,</span> 
     </span>
    </p>
   </div>
   <div class='ocr_carea' id='block_1_63' title="bbox 1833 3005 3470 3090">
    <p class='ocr_par' dir='ltr' id='par_1_63' title="bbox 1833 3005 3470 3080">
     <span class='ocr_line' id='line_1_63' title="bbox 1833 3005 3470 3080; baseline 0.007 -19"><span class='ocrx_word' id='word_1_439' title='bbox 1833 3006 2029 3077; x_wconf 88' lang='lat' dir='ltr'><strong>iestate</strong></span> <span class='ocrx_word' id='word_1_440' title='bbox 2061 3005 2382 3076; x_wconf 87' lang='lat' dir='ltr'><strong>intelligere</strong></span> <span class='ocrx_word' id='word_1_441' title='bbox 2403 3006 2650 3064; x_wconf 82' lang='lat' dir='ltr'><strong>affectus</strong></span> <span class='ocrx_word' id='word_1_442' title='bbox 2670 3008 2973 3066; x_wconf 91' lang='lat' dir='ltr'><strong>humanos</strong></span> <span class='ocrx_word' id='word_1_443' title='bbox 2997 3010 3108 3067; x_wconf 84' lang='lat' dir='ltr'><strong>illis</strong></span> <span class='ocrx_word' id='word_1_444' title='bbox 3129 3015 3470 3080; x_wconf 85' lang='lat' dir='ltr'><strong>attribuunt,</strong></span> 
     </span>
    </p>
   </div>
   <div class='ocr_carea' id='block_1_64' title="bbox 175 3102 824 3177">
    <p class='ocr_par' dir='ltr' id='par_1_64' title="bbox 175 3102 824 3177">
     <span class='ocr_line' id='line_1_64' title="bbox 175 3102 824 3177; baseline 0.006 -22"><span class='ocrx_word' id='word_1_445' title='bbox 175 3104 554 3174; x_wconf 64' lang='grc' dir='ltr'>προσαράσσουσι</span> <span class='ocrx_word' id='word_1_446' title='bbox 585 3102 648 3158; x_wconf 67' lang='grc' dir='ltr'><strong>δὲ</strong></span> <span class='ocrx_word' id='word_1_447' title='bbox 676 3106 824 3177; x_wconf 80' lang='grc' dir='ltr'>ἡμῖν.</span> 
     </span>
    </p>
   </div>
   <div class='ocr_carea' id='block_1_65' title="bbox 224 3277 1718 3354">
    <p class='ocr_par' dir='ltr' id='par_1_65' title="bbox 224 3277 1718 3354">
     <span class='ocr_line' id='line_1_65' title="bbox 224 3277 1718 3354; baseline 0.004 -24"><span class='ocrx_word' id='word_1_448' title='bbox 224 3277 387 3334; x_wconf 74' lang='grc' dir='ltr'>Αἰτεῖτε</span> <span class='ocrx_word' id='word_1_449' title='bbox 456 3314 511 3324; x_wconf 92' lang='grc'><strong><em>-</em></strong></span> <span class='ocrx_word' id='word_1_450' title='bbox 565 3283 713 3354; x_wconf 76' lang='grc' dir='ltr'>ὑμῖν.</span> <span class='ocrx_word' id='word_1_451' title='bbox 769 3277 978 3340; x_wconf 75' lang='grc' dir='ltr'>Ἐπειδὴ</span> <span class='ocrx_word' id='word_1_452' title='bbox 1038 3281 1239 3353; x_wconf 77' lang='grc' dir='ltr'>μεγάλα</span> <span class='ocrx_word' id='word_1_453' title='bbox 1291 3285 1407 3336; x_wconf 82' lang='grc' dir='ltr'>τινὰ</span> <span class='ocrx_word' id='word_1_454' title='bbox 1459 3286 1548 3335; x_wconf 84' lang='grc' dir='ltr'><strong>καὶ</strong></span> <span class='ocrx_word' id='word_1_455' title='bbox 1596 3285 1718 3336; x_wconf 87' lang='grc' dir='ltr'>θαυ-</span> 
     </span>
    </p>
   </div>
   <div class='ocr_carea' id='block_1_66' title="bbox 175 3370 1719 3443">
    <p class='ocr_par' dir='ltr' id='par_1_66' title="bbox 175 3370 1719 3443">
     <span class='ocr_line' id='line_1_66' title="bbox 175 3370 1719 3443; baseline 0.003 -22"><span class='ocrx_word' id='word_1_456' title='bbox 175 3371 313 3436; x_wconf 65' lang='grc' dir='ltr'>μαστὰ</span> <span class='ocrx_word' id='word_1_457' title='bbox 357 3372 658 3443; x_wconf 80' lang='grc' dir='ltr'>προσέταξε,</span> <span class='ocrx_word' id='word_1_458' title='bbox 738 3372 942 3424; x_wconf 82' lang='grc' dir='ltr'>πάντων</span> <span class='ocrx_word' id='word_1_459' title='bbox 1006 3373 1097 3443; x_wconf 69' lang='grc' dir='ltr'><strong>μεν</strong></span> <span class='ocrx_word' id='word_1_460' title='bbox 1150 3378 1250 3422; x_wconf 85' lang='grc' dir='ltr'>τῶν</span> <span class='ocrx_word' id='word_1_461' title='bbox 1298 3373 1475 3424; x_wconf 85' lang='grc' dir='ltr'>παθῶν</span> <span class='ocrx_word' id='word_1_462' title='bbox 1529 3370 1719 3425; x_wconf 78' lang='grc' dir='ltr'>ἀνωτέ-</span> 
     </span>
    </p>
   </div>
   <div class='ocr_carea' id='block_1_67' title="bbox 171 3457 1713 3532">
    <p class='ocr_par' dir='ltr' id='par_1_67' title="bbox 171 3457 1713 3532">
     <span class='ocr_line' id='line_1_67' title="bbox 171 3457 1713 3532; baseline 0.004 -24"><span class='ocrx_word' id='word_1_463' title='bbox 171 3474 264 3526; x_wconf 63' lang='grc' dir='ltr'>ρους</span> <span class='ocrx_word' id='word_1_464' title='bbox 285 3462 504 3529; x_wconf 79' lang='grc' dir='ltr'>γίνεσθαι</span> <span class='ocrx_word' id='word_1_465' title='bbox 557 3465 684 3522; x_wconf 83' lang='grc' dir='ltr'>τοὺς</span> <span class='ocrx_word' id='word_1_466' title='bbox 730 3461 984 3532; x_wconf 83' lang='grc' dir='ltr'>μαθητὰς,</span> <span class='ocrx_word' id='word_1_467' title='bbox 1041 3462 1351 3532; x_wconf 76' lang='grc' dir='ltr'>ομοιοῦσθαι</span> <span class='ocrx_word' id='word_1_468' title='bbox 1382 3457 1441 3513; x_wconf 69' lang='grc' dir='ltr'>δι</span> <span class='ocrx_word' id='word_1_469' title='bbox 1487 3468 1558 3532; x_wconf 90' lang='grc' dir='ltr'>τῷ</span> <span class='ocrx_word' id='word_1_470' title='bbox 1587 3465 1713 3532; x_wconf 81' lang='grc' dir='ltr'>Θεῷ,</span> 
     </span>
    </p>
   </div>
   <div class='ocr_carea' id='block_1_68' title="bbox 174 3539 1718 3622">
    <p class='ocr_par' dir='ltr' id='par_1_68' title="bbox 174 3539 1718 3622">
     <span class='ocr_line' id='line_1_68' title="bbox 174 3539 1718 3622; baseline 0.003 -24"><span class='ocrx_word' id='word_1_471' title='bbox 174 3539 404 3619; x_wconf 71' lang='grc' dir='ltr'>διακρίνειν</span> <span class='ocrx_word' id='word_1_472' title='bbox 433 3547 490 3603; x_wconf 70' lang='grc' dir='ltr'>δε</span> <span class='ocrx_word' id='word_1_473' title='bbox 543 3555 665 3611; x_wconf 83' lang='grc' dir='ltr'>τοὺς</span> <span class='ocrx_word' id='word_1_474' title='bbox 712 3549 972 3615; x_wconf 83' lang='grc' dir='ltr'>ἀναξίους,</span> <span class='ocrx_word' id='word_1_475' title='bbox 1005 3551 1086 3602; x_wconf 82' lang='grc' dir='ltr'>ἵνα</span> <span class='ocrx_word' id='word_1_476' title='bbox 1135 3553 1207 3622; x_wconf 80' lang='grc' dir='ltr'>μὴ</span> <span class='ocrx_word' id='word_1_477' title='bbox 1242 3546 1370 3622; x_wconf 64' lang='grc' dir='ltr'>δόξῃ</span> <span class='ocrx_word' id='word_1_478' title='bbox 1421 3550 1630 3622; x_wconf 81' lang='grc' dir='ltr'>χαλεπὰ</span> <span class='ocrx_word' id='word_1_479' title='bbox 1653 3551 1718 3602; x_wconf 81' lang='grc' dir='ltr'>τὰ</span> 
     </span>
    </p>
   </div>
   <div class='ocr_carea' id='block_1_69' title="bbox 170 3639 1719 3711">
    <p class='ocr_par' dir='ltr' id='par_1_69' title="bbox 170 3639 1719 3711">
     <span class='ocr_line' id='line_1_69' title="bbox 170 3639 1719 3711; baseline 0.005 -28"><span class='ocrx_word' id='word_1_480' title='bbox 170 3639 519 3709; x_wconf 64' lang='grc' dir='ltr'>προστάγματα,</span> <span class='ocrx_word' id='word_1_481' title='bbox 584 3641 780 3692; x_wconf 77' lang='grc' dir='ltr'>τέθεικε</span> <span class='ocrx_word' id='word_1_482' title='bbox 829 3643 920 3711; x_wconf 76' lang='grc' dir='ltr'><strong>μεν</strong></span> <span class='ocrx_word' id='word_1_483' title='bbox 979 3639 1186 3700; x_wconf 80' lang='grc' dir='ltr'>ἱκανοὺς</span> <span class='ocrx_word' id='word_1_484' title='bbox 1244 3642 1547 3710; x_wconf 78' lang='grc' dir='ltr'>λογισμοὺς,</span> <span class='ocrx_word' id='word_1_485' title='bbox 1605 3643 1719 3691; x_wconf 90' lang='grc' dir='ltr'>πεί-</span> 
     </span>
    </p>
   </div>
   <div class='ocr_carea' id='block_1_70' title="bbox 173 3723 1716 3803">
    <p class='ocr_par' dir='ltr' id='par_1_70' title="bbox 173 3723 1716 3803">
     <span class='ocr_line' id='line_1_70' title="bbox 173 3723 1716 3803; baseline 0 -24"><span class='ocrx_word' id='word_1_486' title='bbox 173 3723 425 3788; x_wconf 67' lang='grc' dir='ltr'>θωτας,ὃτι</span> <span class='ocrx_word' id='word_1_487' title='bbox 468 3726 637 3802; x_wconf 69' lang='grc' dir='ltr'>ῥᾴδια</span> <span class='ocrx_word' id='word_1_488' title='bbox 684 3735 865 3780; x_wconf 83' lang='grc' dir='ltr'>ταῦτα·</span> <span class='ocrx_word' id='word_1_489' title='bbox 898 3727 1131 3800; x_wconf 71' lang='grc' dir='ltr'>μάλιστα</span> <span class='ocrx_word' id='word_1_490' title='bbox 1183 3723 1242 3780; x_wconf 77' lang='grc' dir='ltr'>δε</span> <span class='ocrx_word' id='word_1_491' title='bbox 1289 3729 1582 3803; x_wconf 77' lang='grc' dir='ltr'>προσέθηκε</span> <span class='ocrx_word' id='word_1_492' title='bbox 1623 3731 1716 3786; x_wconf 84' lang='grc' dir='ltr'>τὴν</span> 
     </span>
    </p>
   </div>
   <div class='ocr_carea' id='block_1_71' title="bbox 169 3811 1716 3889">
    <p class='ocr_par' dir='ltr' id='par_1_71' title="bbox 169 3811 1716 3889">
     <span class='ocr_line' id='line_1_71' title="bbox 169 3811 1716 3889; baseline 0.003 -28"><span class='ocrx_word' id='word_1_493' title='bbox 169 3811 384 3884; x_wconf 72' lang='grc' dir='ltr'>κορωνίδα</span> <span class='ocrx_word' id='word_1_494' title='bbox 418 3825 512 3880; x_wconf 82' lang='grc' dir='ltr'>τῆς</span> <span class='ocrx_word' id='word_1_495' title='bbox 557 3816 812 3888; x_wconf 74' lang='grc' dir='ltr'>εὐκολίας,</span> <span class='ocrx_word' id='word_1_496' title='bbox 855 3821 988 3889; x_wconf 75' lang='grc' dir='ltr'>φημὶ</span> <span class='ocrx_word' id='word_1_497' title='bbox 1015 3812 1108 3883; x_wconf 79' lang='grc' dir='ltr'><strong>δὴ,</strong></span> <span class='ocrx_word' id='word_1_498' title='bbox 1147 3820 1241 3875; x_wconf 77' lang='grc' dir='ltr'>τὴν</span> <span class='ocrx_word' id='word_1_499' title='bbox 1289 3815 1388 3868; x_wconf 78' lang='grc' dir='ltr'><strong>ἀπὸ</strong></span> <span class='ocrx_word' id='word_1_500' title='bbox 1418 3824 1517 3868; x_wconf 86' lang='grc' dir='ltr'>τῶν</span> <span class='ocrx_word' id='word_1_501' title='bbox 1544 3816 1716 3888; x_wconf 79' lang='grc' dir='ltr'>εὐχῷν</span> 
     </span>
    </p>
   </div>
   <div class='ocr_carea' id='block_1_72' title="bbox 172 3911 459 3975">
    <p class='ocr_par' dir='ltr' id='par_1_72' title="bbox 172 3911 459 3975">
     <span class='ocr_line' id='line_1_72' title="bbox 172 3911 459 3975; baseline 0.031 -25"><span class='ocrx_word' id='word_1_502' title='bbox 172 3911 434 3975; x_wconf 71' lang='grc' dir='ltr'>συμμαχίαν</span> <span class='ocrx_word' id='word_1_503' title='bbox 445 3949 459 3961; x_wconf 94' lang='grc'><strong>.</strong></span> 
     </span>
    </p>
   </div>
   <div class='ocr_carea' id='block_1_73' title="bbox 221 3991 1712 4069">
    <p class='ocr_par' dir='ltr' id='par_1_73' title="bbox 221 3991 1712 4069">
     <span class='ocr_line' id='line_1_73' title="bbox 221 3991 1712 4069; baseline 0.001 -25"><span class='ocrx_word' id='word_1_504' title='bbox 221 3997 314 4066; x_wconf 78' lang='grc' dir='ltr'><strong>Χρὴ</strong></span> <span class='ocrx_word' id='word_1_505' title='bbox 338 3997 431 4068; x_wconf 77' lang='grc' dir='ltr'>γὰρ</span> <span class='ocrx_word' id='word_1_506' title='bbox 455 4000 527 4068; x_wconf 76' lang='grc' dir='ltr'>μὴ</span> <span class='ocrx_word' id='word_1_507' title='bbox 560 4001 718 4069; x_wconf 85' lang='grc' dir='ltr'>μόνον</span> <span class='ocrx_word' id='word_1_508' title='bbox 764 3991 1084 4057; x_wconf 76' lang='grc' dir='ltr'>σπουδάζειν</span> <span class='ocrx_word' id='word_1_509' title='bbox 1117 3999 1237 4058; x_wconf 81' lang='grc' dir='ltr'>τοὺς</span> <span class='ocrx_word' id='word_1_510' title='bbox 1285 3993 1712 4067; x_wconf 79' lang='grc' dir='ltr'>ἀγωνιζομένους,</span> 
     </span>
    </p>
   </div>
   <div class='ocr_carea' id='block_1_74' title="bbox 169 4075 1717 4157">
    <p class='ocr_par' dir='ltr' id='par_1_74' title="bbox 169 4075 1717 4157">
     <span class='ocr_line' id='line_1_74' title="bbox 169 4075 1717 4157; baseline 0.004 -27"><span class='ocrx_word' id='word_1_511' title='bbox 300 4089 380 4135; x_wconf 77' lang='grc' dir='ltr'><strong>καὶ</strong></span> <span class='ocrx_word' id='word_1_512' title='bbox 439 4091 530 4143; x_wconf 79' lang='grc' dir='ltr'>τήν</span> <span class='ocrx_word' id='word_1_513' title='bbox 581 4087 771 4138; x_wconf 80' lang='grc' dir='ltr'>ἄνωθεν</span> <span class='ocrx_word' id='word_1_514' title='bbox 841 4084 1201 4138; x_wconf 75' lang='grc' dir='ltr'>ἐπικαλεῖσθαι</span> <span class='ocrx_word' id='word_1_515' title='bbox 1275 4083 1545 4157; x_wconf 81' lang='grc' dir='ltr'>βοήθειαν.</span> <span class='ocrx_word' id='word_1_516' title='bbox 1617 4088 1717 4136; x_wconf 83' lang='grc' dir='ltr'><strong>Καὶ</strong></span> 
     </span>
    </p>
   </div>
   <div class='ocr_carea' id='block_1_75' title="bbox 169 4169 1717 4247">
    <p class='ocr_par' dir='ltr' id='par_1_75' title="bbox 169 4169 1717 4247">
     <span class='ocr_line' id='line_1_75' title="bbox 169 4169 1717 4247; baseline -0.006 -14"><span class='ocrx_word' id='word_1_517' title='bbox 169 4169 327 4233; x_wconf 64' lang='grc' dir='ltr'>πάντως</span> <span class='ocrx_word' id='word_1_518' title='bbox 369 4172 493 4242; x_wconf 68' lang='grc' dir='ltr'>ἣξει,</span> <span class='ocrx_word' id='word_1_519' title='bbox 569 4180 664 4226; x_wconf 78' lang='grc' dir='ltr'><strong>καὶ</strong></span> <span class='ocrx_word' id='word_1_520' title='bbox 716 4173 994 4247; x_wconf 82' lang='grc' dir='ltr'>παρίσται,</span> <span class='ocrx_word' id='word_1_521' title='bbox 1049 4178 1134 4226; x_wconf 72' lang='grc' dir='ltr'><strong>καὶ</strong></span> <span class='ocrx_word' id='word_1_522' title='bbox 1199 4171 1569 4245; x_wconf 66' lang='grc' dir='ltr'>συνεφάψεται,</span> <span class='ocrx_word' id='word_1_523' title='bbox 1629 4177 1717 4224; x_wconf 80' lang='grc' dir='ltr'><strong>καὶ</strong></span> 
     </span>
    </p>
   </div>
   <div class='ocr_carea' id='block_1_76' title="bbox 167 4259 1713 4338">
    <p class='ocr_par' dir='ltr' id='par_1_76' title="bbox 167 4259 1713 4338">
     <span class='ocr_line' id='line_1_76' title="bbox 167 4259 1713 4338; baseline 0.001 -28"><span class='ocrx_word' id='word_1_524' title='bbox 167 4259 298 4310; x_wconf 72' lang='grc' dir='ltr'>πάντα</span> <span class='ocrx_word' id='word_1_525' title='bbox 321 4267 522 4320; x_wconf 76' lang='grc' dir='ltr'>ποιησει</span> <span class='ocrx_word' id='word_1_526' title='bbox 545 4259 733 4338; x_wconf 73' lang='grc' dir='ltr'>ῥᾴδια.</span> <span class='ocrx_word' id='word_1_527' title='bbox 787 4266 881 4316; x_wconf 85' lang='grc' dir='ltr'><strong>Διά</strong></span> <span class='ocrx_word' id='word_1_528' title='bbox 931 4269 1085 4315; x_wconf 82' lang='grc' dir='ltr'>τοῦτο</span> <span class='ocrx_word' id='word_1_529' title='bbox 1124 4267 1214 4315; x_wconf 79' lang='grc' dir='ltr'><strong>καὶ</strong></span> <span class='ocrx_word' id='word_1_530' title='bbox 1261 4262 1422 4314; x_wconf 84' lang='grc' dir='ltr'>αἰτεῖν</span> <span class='ocrx_word' id='word_1_531' title='bbox 1463 4259 1713 4331; x_wconf 71' lang='grc' dir='ltr'>ἐκέλευσε,</span> 
     </span>
    </p>
   </div>
   <div class='ocr_carea' id='block_1_77' title="bbox 169 4347 1794 4434">
    <p class='ocr_par' dir='ltr' id='par_1_77' title="bbox 169 4347 1794 4434">
     <span class='ocr_line' id='line_1_77' title="bbox 169 4347 1794 4434; baseline -0.002 -30"><span class='ocrx_word' id='word_1_532' title='bbox 169 4349 235 4395; x_wconf 66' lang='grc' dir='ltr'><strong>αἱ</strong></span> <span class='ocrx_word' id='word_1_533' title='bbox 264 4352 344 4404; x_wconf 64' lang='grc' dir='ltr'>τὴν</span> <span class='ocrx_word' id='word_1_534' title='bbox 372 4347 519 4402; x_wconf 77' lang='grc' dir='ltr'>δόσιν</span> <span class='ocrx_word' id='word_1_535' title='bbox 559 4353 844 4424; x_wconf 79' lang='grc' dir='ltr'>ὑπέσχετο.</span> <span class='ocrx_word' id='word_1_536' title='bbox 877 4351 1018 4410; x_wconf 79' lang='grc' dir='ltr'>Πλὴν</span> <span class='ocrx_word' id='word_1_537' title='bbox 1048 4355 1118 4424; x_wconf 78' lang='grc' dir='ltr'>μὴ</span> <span class='ocrx_word' id='word_1_538' title='bbox 1151 4350 1321 4411; x_wconf 82' lang='grc' dir='ltr'>ἁπλῶς</span> <span class='ocrx_word' id='word_1_539' title='bbox 1359 4349 1536 4416; x_wconf 83' lang='grc' dir='ltr'>αἰτεῖν,</span> <span class='ocrx_word' id='word_1_540' title='bbox 1591 4348 1720 4402; x_wconf 79' lang='grc' dir='ltr'><strong>ἀλλὰ</strong></span> <span class='ocrx_word' id='word_1_541' title='bbox 1749 4380 1794 4434; x_wconf 83' lang='lat' dir='ltr'>D</span> 
     </span>
    </p>
   </div>
   <div class='ocr_carea' id='block_1_78' title="bbox 167 4434 1718 4515">
    <p class='ocr_par' dir='ltr' id='par_1_78' title="bbox 167 4434 1718 4515">
     <span class='ocr_line' id='line_1_78' title="bbox 167 4434 1718 4515; baseline 0.001 -25"><span class='ocrx_word' id='word_1_542' title='bbox 167 4434 249 4502; x_wconf 61' lang='grc' dir='ltr'>μετ’</span> <span class='ocrx_word' id='word_1_543' title='bbox 294 4437 530 4512; x_wconf 70' lang='grc' dir='ltr'>ἐπιμονῆς</span> <span class='ocrx_word' id='word_1_544' title='bbox 591 4448 683 4494; x_wconf 73' lang='grc' dir='ltr'><strong>καὶ</strong></span> <span class='ocrx_word' id='word_1_545' title='bbox 748 4441 995 4504; x_wconf 77' lang='grc' dir='ltr'>εὐτονίας.</span> <span class='ocrx_word' id='word_1_546' title='bbox 1065 4448 1226 4493; x_wconf 82' lang='grc' dir='ltr'>Τοῦτο</span> <span class='ocrx_word' id='word_1_547' title='bbox 1281 4442 1380 4515; x_wconf 85' lang='grc' dir='ltr'><strong>γὰρ</strong></span> <span class='ocrx_word' id='word_1_548' title='bbox 1441 4435 1596 4498; x_wconf 78' lang='grc' dir='ltr'>δηλοῖ</span> <span class='ocrx_word' id='word_1_549' title='bbox 1660 4442 1718 4491; x_wconf 85' lang='grc' dir='ltr'>τὸ</span> 
     </span>
    </p>
   </div>
   <div class='ocr_carea' id='block_1_79' title="bbox 172 4525 1715 4604">
    <p class='ocr_par' dir='ltr' id='par_1_79' title="bbox 172 4525 1715 4604">
     <span class='ocr_line' id='line_1_79' title="bbox 172 4525 1715 4604; baseline -0.001 -22"><span class='ocrx_word' id='word_1_550' title='bbox 172 4525 350 4584; x_wconf 60' lang='grc' dir='ltr'>ζητεῖτε.</span> <span class='ocrx_word' id='word_1_551' title='bbox 383 4535 481 4582; x_wconf 72' lang='grc' dir='ltr'><strong>Καὶ</strong></span> <span class='ocrx_word' id='word_1_552' title='bbox 531 4535 606 4604; x_wconf 78' lang='grc' dir='ltr'>μὴ</span> <span class='ocrx_word' id='word_1_553' title='bbox 661 4535 812 4603; x_wconf 80' lang='grc' dir='ltr'>μόνον</span> <span class='ocrx_word' id='word_1_554' title='bbox 849 4531 960 4604; x_wconf 88' lang='grc' dir='ltr'>μετ’</span> <span class='ocrx_word' id='word_1_555' title='bbox 1029 4529 1272 4602; x_wconf 75' lang='grc' dir='ltr'>ὶπιμονῆς</span> <span class='ocrx_word' id='word_1_556' title='bbox 1323 4533 1412 4580; x_wconf 80' lang='grc' dir='ltr'><strong>καὶ</strong></span> <span class='ocrx_word' id='word_1_557' title='bbox 1465 4527 1715 4597; x_wconf 78' lang='grc' dir='ltr'>εὐτονίας,</span> 
     </span>
    </p>
   </div>
   <div class='ocr_carea' id='block_1_80' title="bbox 166 4607 1718 4693">
    <p class='ocr_par' dir='ltr' id='par_1_80' title="bbox 166 4607 1718 4693">
     <span class='ocr_line' id='line_1_80' title="bbox 166 4607 1718 4693; baseline 0.003 -28"><span class='ocrx_word' id='word_1_558' title='bbox 166 4607 368 4669; x_wconf 59' lang='lat' dir='ltr'><strong>illam</strong></span> <span class='ocrx_word' id='word_1_559' title='bbox 422 4623 556 4692; x_wconf 76' lang='grc' dir='ltr'>μετὰ</span> <span class='ocrx_word' id='word_1_560' title='bbox 613 4621 921 4693; x_wconf 83' lang='grc' dir='ltr'>θερμότητος</span> <span class='ocrx_word' id='word_1_561' title='bbox 968 4623 1060 4672; x_wconf 78' lang='grc' dir='ltr'><strong>καὶ</strong></span> <span class='ocrx_word' id='word_1_562' title='bbox 1107 4614 1492 4691; x_wconf 76' lang='grc' dir='ltr'>σφοδρότητος.</span> <span class='ocrx_word' id='word_1_563' title='bbox 1555 4622 1718 4670; x_wconf 85' lang='grc' dir='ltr'>Τοῦτο</span> 
     </span>
    </p>
   </div>
   <div class='ocr_carea' id='block_1_81' title="bbox 163 4702 841 4783">
    <p class='ocr_par' dir='ltr' id='par_1_81' title="bbox 163 4702 841 4783">
     <span class='ocr_line' id='line_1_81' title="bbox 163 4702 841 4783; baseline 0.013 -28"><span class='ocrx_word' id='word_1_564' title='bbox 262 4702 510 4775; x_wconf 77' lang='grc' dir='ltr'>βούλεται,</span> <span class='ocrx_word' id='word_1_565' title='bbox 532 4715 594 4762; x_wconf 86' lang='grc' dir='ltr'><strong>τό</strong></span> <span class='ocrx_word' id='word_1_566' title='bbox 616 4713 841 4783; x_wconf 74' lang='grc' dir='ltr'>κρούετε.</span> 
     </span>
    </p>
   </div>
   <div class='ocr_carea' id='block_1_82' title="bbox 220 4884 1717 4962">
    <p class='ocr_par' dir='ltr' id='par_1_82' title="bbox 220 4884 1717 4962">
     <span class='ocr_line' id='line_1_82' title="bbox 220 4884 1717 4962; baseline -0.003 -21"><span class='ocrx_word' id='word_1_567' title='bbox 220 4886 307 4946; x_wconf 75' lang='grc' dir='ltr'><strong>Πᾶς</strong></span> <span class='ocrx_word' id='word_1_568' title='bbox 351 4917 416 4928; x_wconf 91' lang='grc'><strong>-</strong></span> <span class='ocrx_word' id='word_1_569' title='bbox 467 4887 828 4960; x_wconf 77' lang='grc' dir='ltr'>ἀνοιγήσεται.</span> <span class='ocrx_word' id='word_1_570' title='bbox 891 4885 916 4962; x_wconf 92' lang='grc'>[</span> <span class='ocrx_word' id='word_1_571' title='bbox 965 4886 1024 4940; x_wconf 78' lang='lat'><strong>&#39;0</strong></span> <span class='ocrx_word' id='word_1_572' title='bbox 1080 4885 1197 4960; x_wconf 72' lang='grc'><strong>(42)</strong></span> <span class='ocrx_word' id='word_1_573' title='bbox 1259 4887 1429 4961; x_wconf 82' lang='grc' dir='ltr'>χωρὶς</span> <span class='ocrx_word' id='word_1_574' title='bbox 1514 4884 1717 4947; x_wconf 84' lang='grc' dir='ltr'>πάθους</span> 
     </span>
    </p>
   </div>
   <div class='ocr_carea' id='block_1_83' title="bbox 1827 3093 3477 3170">
    <p class='ocr_par' dir='ltr' id='par_1_83' title="bbox 1827 3093 3477 3170">
     <span class='ocr_line' id='line_1_83' title="bbox 1827 3093 3477 3170; baseline 0.008 -20"><span class='ocrx_word' id='word_1_575' title='bbox 1827 3100 1882 3150; x_wconf 92' lang='lat' dir='ltr'><strong>et</strong></span> <span class='ocrx_word' id='word_1_576' title='bbox 1908 3093 2046 3150; x_wconf 91' lang='lat' dir='ltr'><strong>inde</strong></span> <span class='ocrx_word' id='word_1_577' title='bbox 2077 3096 2310 3159; x_wconf 89' lang='lat' dir='ltr'><strong>armati,</strong></span> <span class='ocrx_word' id='word_1_578' title='bbox 2343 3094 2439 3150; x_wconf 86' lang='lat' dir='ltr'><strong>illa</strong></span> <span class='ocrx_word' id='word_1_579' title='bbox 2466 3096 2714 3167; x_wconf 89' lang='lat' dir='ltr'><strong>quidem</strong></span> <span class='ocrx_word' id='word_1_580' title='bbox 2738 3098 3078 3170; x_wconf 86' lang='lat' dir='ltr'><strong>suggillant,</strong></span> <span class='ocrx_word' id='word_1_581' title='bbox 3111 3117 3219 3158; x_wconf 91' lang='lat' dir='ltr'><strong>vos</strong></span> <span class='ocrx_word' id='word_1_582' title='bbox 3279 3110 3477 3162; x_wconf 91' lang='lat' dir='ltr'><strong>autem</strong></span> 
     </span>
    </p>
   </div>
   <div class='ocr_carea' id='block_1_84' title="bbox 1827 3181 2115 3252">
    <p class='ocr_par' dir='ltr' id='par_1_84' title="bbox 1827 3181 2115 3252">
     <span class='ocr_line' id='line_1_84' title="bbox 1827 3181 2115 3252; baseline -0.01 -12"><span class='ocrx_word' id='word_1_583' title='bbox 1827 3181 2115 3252; x_wconf 79' lang='lat' dir='ltr'><strong>afﬂigunt.</strong></span> 
     </span>
    </p>
   </div>
   <div class='ocr_carea' id='block_1_85' title="bbox 1899 3270 3477 3351">
    <p class='ocr_par' dir='ltr' id='par_1_85' title="bbox 1899 3270 3477 3351">
     <span class='ocr_line' id='line_1_85' title="bbox 1899 3270 3477 3351; baseline 0.007 -26"><span class='ocrx_word' id='word_1_584' title='bbox 1899 3273 2061 3327; x_wconf 85' lang='lat' dir='ltr'><strong>Vers.</strong></span> <span class='ocrx_word' id='word_1_585' title='bbox 2085 3276 2138 3326; x_wconf 88' lang='lat'><strong>&#39;7.</strong></span> <span class='ocrx_word' id='word_1_586' title='bbox 2180 3270 2370 3328; x_wconf 78' lang='lat' dir='ltr'><strong>Petite</strong></span> <span class='ocrx_word' id='word_1_587' title='bbox 2393 3300 2463 3312; x_wconf 98' lang='lat'><strong>—</strong></span> <span class='ocrx_word' id='word_1_588' title='bbox 2491 3271 2672 3327; x_wconf 81' lang='lat' dir='ltr'><strong>vobis.</strong></span> <span class='ocrx_word' id='word_1_589' title='bbox 2709 3273 3034 3346; x_wconf 87' lang='lat' dir='ltr'><strong>Postquam</strong></span> <span class='ocrx_word' id='word_1_590' title='bbox 3063 3292 3286 3346; x_wconf 88' lang='lat' dir='ltr'><strong>magna</strong></span> <span class='ocrx_word' id='word_1_591' title='bbox 3312 3295 3477 3351; x_wconf 72' lang='lat' dir='ltr'><strong>quaa-</strong></span> 
     </span>
    </p>
   </div>
   <div class='ocr_carea' id='block_1_86' title="bbox 1827 3360 3478 3437">
    <p class='ocr_par' dir='ltr' id='par_1_86' title="bbox 1827 3360 3478 3437">
     <span class='ocr_line' id='line_1_86' title="bbox 1827 3360 3478 3437; baseline 0.005 -21"><span class='ocrx_word' id='word_1_592' title='bbox 1827 3360 1970 3417; x_wconf 90' lang='lat' dir='ltr'><strong>dam</strong></span> <span class='ocrx_word' id='word_1_593' title='bbox 1997 3365 2053 3416; x_wconf 92' lang='lat' dir='ltr'><strong>et</strong></span> <span class='ocrx_word' id='word_1_594' title='bbox 2083 3360 2443 3416; x_wconf 91' lang='lat' dir='ltr'><strong>admiranda</strong></span> <span class='ocrx_word' id='word_1_595' title='bbox 2461 3360 2746 3430; x_wconf 87' lang='lat' dir='ltr'><strong>jusserat,</strong></span> <span class='ocrx_word' id='word_1_596' title='bbox 2777 3368 2922 3434; x_wconf 90' lang='lat' dir='ltr'><strong>puta</strong></span> <span class='ocrx_word' id='word_1_597' title='bbox 2942 3369 3004 3419; x_wconf 90' lang='lat' dir='ltr'><strong>ut</strong></span> <span class='ocrx_word' id='word_1_598' title='bbox 3032 3365 3308 3437; x_wconf 88' lang='lat' dir='ltr'><strong>discipuli</strong></span> <span class='ocrx_word' id='word_1_599' title='bbox 3337 3384 3478 3424; x_wconf 91' lang='lat' dir='ltr'><strong>cun-</strong></span> 
     </span>
    </p>
   </div>
   <div class='ocr_carea' id='block_1_87' title="bbox 1827 3447 3479 3521">
    <p class='ocr_par' dir='ltr' id='par_1_87' title="bbox 1827 3447 3479 3521">
     <span class='ocr_line' id='line_1_87' title="bbox 1827 3447 3479 3521; baseline 0.004 -15"><span class='ocrx_word' id='word_1_600' title='bbox 1827 3450 1938 3507; x_wconf 92' lang='lat' dir='ltr'><strong>ctis</strong></span> <span class='ocrx_word' id='word_1_601' title='bbox 1977 3448 2164 3506; x_wconf 91' lang='lat' dir='ltr'><strong>animi</strong></span> <span class='ocrx_word' id='word_1_602' title='bbox 2201 3447 2516 3505; x_wconf 76' lang='lat' dir='ltr'><strong>affectibus</strong></span> <span class='ocrx_word' id='word_1_603' title='bbox 2537 3451 2873 3521; x_wconf 88' lang='lat' dir='ltr'><strong>superiores</strong></span> <span class='ocrx_word' id='word_1_604' title='bbox 2902 3451 3116 3519; x_wconf 74' lang='lat' dir='ltr'><strong>effecti,</strong></span> <span class='ocrx_word' id='word_1_605' title='bbox 3157 3454 3278 3511; x_wconf 90' lang='lat' dir='ltr'><strong>Deo</strong></span> <span class='ocrx_word' id='word_1_606' title='bbox 3301 3456 3362 3512; x_wconf 90' lang='lat' dir='ltr'><strong>in</strong></span> <span class='ocrx_word' id='word_1_607' title='bbox 3392 3457 3479 3512; x_wconf 90' lang='lat' dir='ltr'><strong>di-</strong></span> 
     </span>
    </p>
   </div>
   <div class='ocr_carea' id='block_1_88' title="bbox 1822 3537 3480 3614">
    <p class='ocr_par' dir='ltr' id='par_1_88' title="bbox 1822 3537 3480 3614">
     <span class='ocr_line' id='line_1_88' title="bbox 1822 3537 3480 3614; baseline 0.004 -19"><span class='ocrx_word' id='word_1_608' title='bbox 1822 3537 2166 3611; x_wconf 88' lang='lat' dir='ltr'><strong>judicandis</strong></span> <span class='ocrx_word' id='word_1_609' title='bbox 2192 3537 2387 3607; x_wconf 89' lang='lat' dir='ltr'><strong>dignis</strong></span> <span class='ocrx_word' id='word_1_610' title='bbox 2413 3537 2838 3609; x_wconf 88' lang='lat' dir='ltr'><strong>assimileutur,</strong></span> <span class='ocrx_word' id='word_1_611' title='bbox 2856 3540 2967 3612; x_wconf 88' lang='lat' dir='ltr'><strong>(cc)</strong></span> <span class='ocrx_word' id='word_1_612' title='bbox 2989 3542 3134 3598; x_wconf 90' lang='lat' dir='ltr'><strong>nein</strong></span> <span class='ocrx_word' id='word_1_613' title='bbox 3161 3546 3366 3614; x_wconf 85' lang='lat' dir='ltr'><strong>gravia</strong></span> <span class='ocrx_word' id='word_1_614' title='bbox 3388 3547 3480 3602; x_wconf 89' lang='lat' dir='ltr'><strong>vi-</strong></span> 
     </span>
    </p>
   </div>
   <div class='ocr_carea' id='block_1_89' title="bbox 1827 3626 3474 3705">
    <p class='ocr_par' dir='ltr' id='par_1_89' title="bbox 1827 3626 3474 3705">
     <span class='ocr_line' id='line_1_89' title="bbox 1827 3626 3474 3705; baseline 0.005 -21"><span class='ocrx_word' id='word_1_615' title='bbox 1827 3627 2081 3684; x_wconf 90' lang='lat' dir='ltr'><strong>deantur</strong></span> <span class='ocrx_word' id='word_1_616' title='bbox 2120 3626 2426 3692; x_wconf 89' lang='lat' dir='ltr'><strong>mandata,</strong></span> <span class='ocrx_word' id='word_1_617' title='bbox 2458 3632 2628 3700; x_wconf 89' lang='lat' dir='ltr'><strong>aptas</strong></span> <span class='ocrx_word' id='word_1_618' title='bbox 2671 3628 2902 3685; x_wconf 89' lang='lat' dir='ltr'><strong>addidit</strong></span> <span class='ocrx_word' id='word_1_619' title='bbox 2950 3631 3474 3705; x_wconf 89' lang='lat' dir='ltr'><strong>considerationes,</strong></span> 
     </span>
    </p>
   </div>
   <div class='ocr_carea' id='block_1_90' title="bbox 1826 3716 3478 3790">
    <p class='ocr_par' dir='ltr' id='par_1_90' title="bbox 1826 3716 3478 3790">
     <span class='ocr_line' id='line_1_90' title="bbox 1826 3716 3478 3790; baseline 0.006 -18"><span class='ocrx_word' id='word_1_620' title='bbox 1826 3733 1960 3790; x_wconf 79' lang='lat' dir='ltr'><strong>quae</strong></span> <span class='ocrx_word' id='word_1_621' title='bbox 1989 3717 2119 3772; x_wconf 75' lang='lat' dir='ltr'><strong>haec</strong></span> <span class='ocrx_word' id='word_1_622' title='bbox 2150 3732 2279 3773; x_wconf 89' lang='lat' dir='ltr'><strong>esse</strong></span> <span class='ocrx_word' id='word_1_623' title='bbox 2319 3716 2521 3772; x_wconf 86' lang='lat' dir='ltr'><strong>facilia</strong></span> <span class='ocrx_word' id='word_1_624' title='bbox 2549 3721 2972 3789; x_wconf 86' lang='lat' dir='ltr'><strong>persuadeant.</strong></span> <span class='ocrx_word' id='word_1_625' title='bbox 3005 3721 3256 3778; x_wconf 80' lang='lat' dir='ltr'><strong>Maxime</strong></span> <span class='ocrx_word' id='word_1_626' title='bbox 3278 3731 3478 3781; x_wconf 91' lang='lat' dir='ltr'><strong>autem</strong></span> 
     </span>
    </p>
   </div>
   <div class='ocr_carea' id='block_1_91' title="bbox 1826 3805 3477 3881">
    <p class='ocr_par' dir='ltr' id='par_1_91' title="bbox 1826 3805 3477 3881">
     <span class='ocr_line' id='line_1_91' title="bbox 1826 3805 3477 3881; baseline 0.005 -20"><span class='ocrx_word' id='word_1_627' title='bbox 1826 3805 2120 3862; x_wconf 88' lang='lat' dir='ltr'><strong>facilitatis</strong></span> <span class='ocrx_word' id='word_1_628' title='bbox 2159 3806 2440 3878; x_wconf 90' lang='lat' dir='ltr'><strong>apposuit</strong></span> <span class='ocrx_word' id='word_1_629' title='bbox 2489 3805 2836 3862; x_wconf 89' lang='lat' dir='ltr'><strong>coronidem</strong></span> <span class='ocrx_word' id='word_1_630' title='bbox 2881 3807 3003 3864; x_wconf 88' lang='lat' dir='ltr'><strong>sive</strong></span> <span class='ocrx_word' id='word_1_631' title='bbox 3041 3809 3273 3881; x_wconf 89' lang='lat' dir='ltr'><strong>apicem</strong></span> <span class='ocrx_word' id='word_1_632' title='bbox 3304 3829 3317 3866; x_wconf 89' lang='lat'><strong>:</strong></span> <span class='ocrx_word' id='word_1_633' title='bbox 3344 3813 3477 3869; x_wconf 90' lang='lat' dir='ltr'><strong>dico</strong></span> 
     </span>
    </p>
   </div>
   <div class='ocr_carea' id='block_1_92' title="bbox 1827 3894 3155 3967">
    <p class='ocr_par' dir='ltr' id='par_1_92' title="bbox 1827 3894 3155 3967">
     <span class='ocr_line' id='line_1_92' title="bbox 1827 3894 3155 3967; baseline 0.003 -17"><span class='ocrx_word' id='word_1_634' title='bbox 1827 3910 1992 3964; x_wconf 88' lang='lat' dir='ltr'><strong>sane,</strong></span> <span class='ocrx_word' id='word_1_635' title='bbox 2024 3895 2188 3967; x_wconf 92' lang='lat' dir='ltr'><strong>quod</strong></span> <span class='ocrx_word' id='word_1_636' title='bbox 2214 3894 2292 3951; x_wconf 91' lang='lat' dir='ltr'><strong>ab</strong></span> <span class='ocrx_word' id='word_1_637' title='bbox 2324 3894 2700 3952; x_wconf 89' lang='lat' dir='ltr'><strong>orationibus</strong></span> <span class='ocrx_word' id='word_1_638' title='bbox 2733 3899 2821 3951; x_wconf 90' lang='lat' dir='ltr'><strong>est</strong></span> <span class='ocrx_word' id='word_1_639' title='bbox 2842 3897 3155 3954; x_wconf 82' lang='lat' dir='ltr'><strong>auxilium.</strong></span> 
     </span>
    </p>
   </div>
   <div class='ocr_carea' id='block_1_93' title="bbox 1898 3985 3479 4060">
    <p class='ocr_par' dir='ltr' id='par_1_93' title="bbox 1898 3985 3479 4060">
     <span class='ocr_line' id='line_1_93' title="bbox 1898 3985 3479 4060; baseline 0.004 -20"><span class='ocrx_word' id='word_1_640' title='bbox 1898 3985 2196 4040; x_wconf 89' lang='lat' dir='ltr'><strong>Certantes</strong></span> <span class='ocrx_word' id='word_1_641' title='bbox 2221 3985 2378 4039; x_wconf 91' lang='lat' dir='ltr'><strong>enim</strong></span> <span class='ocrx_word' id='word_1_642' title='bbox 2410 3999 2531 4040; x_wconf 91' lang='lat' dir='ltr'><strong>non</strong></span> <span class='ocrx_word' id='word_1_643' title='bbox 2563 3988 2796 4040; x_wconf 88' lang='lat' dir='ltr'><strong>tantum</strong></span> <span class='ocrx_word' id='word_1_644' title='bbox 2820 3990 3088 4056; x_wconf 90' lang='lat' dir='ltr'><strong>satagere</strong></span> <span class='ocrx_word' id='word_1_645' title='bbox 3110 3993 3358 4060; x_wconf 89' lang='lat' dir='ltr'><strong>oportet,</strong></span> <span class='ocrx_word' id='word_1_646' title='bbox 3382 4007 3479 4047; x_wconf 87' lang='lat' dir='ltr'><strong>ve-</strong></span> 
     </span>
    </p>
   </div>
   <div class='ocr_carea' id='block_1_94' title="bbox 1825 4072 3478 4147">
    <p class='ocr_par' dir='ltr' id='par_1_94' title="bbox 1825 4072 3478 4147">
     <span class='ocr_line' id='line_1_94' title="bbox 1825 4072 3478 4147; baseline 0.005 -19"><span class='ocrx_word' id='word_1_647' title='bbox 1825 4087 1961 4128; x_wconf 89' lang='lat' dir='ltr'><strong>rum</strong></span> <span class='ocrx_word' id='word_1_648' title='bbox 1978 4073 2156 4128; x_wconf 89' lang='lat' dir='ltr'><strong>etiam</strong></span> <span class='ocrx_word' id='word_1_649' title='bbox 2172 4087 2428 4144; x_wconf 90' lang='lat' dir='ltr'><strong>superne</strong></span> <span class='ocrx_word' id='word_1_650' title='bbox 2445 4072 2733 4128; x_wconf 87' lang='lat' dir='ltr'><strong>auxilium</strong></span> <span class='ocrx_word' id='word_1_651' title='bbox 2748 4089 2994 4145; x_wconf 91' lang='lat' dir='ltr'><strong>poscere</strong></span> <span class='ocrx_word' id='word_1_652' title='bbox 3016 4090 3027 4128; x_wconf 90' lang='lat'><strong>:</strong></span> <span class='ocrx_word' id='word_1_653' title='bbox 3048 4077 3211 4147; x_wconf 92' lang='lat' dir='ltr'><strong>quod</strong></span> <span class='ocrx_word' id='word_1_654' title='bbox 3231 4079 3478 4138; x_wconf 89' lang='lat' dir='ltr'><strong>omnino</strong></span> 
     </span>
    </p>
   </div>
   <div class='ocr_carea' id='block_1_95' title="bbox 1825 4160 3480 4236">
    <p class='ocr_par' dir='ltr' id='par_1_95' title="bbox 1825 4160 3480 4236">
     <span class='ocr_line' id='line_1_95' title="bbox 1825 4160 3480 4236; baseline 0.006 -21"><span class='ocrx_word' id='word_1_655' title='bbox 1825 4161 2043 4226; x_wconf 89' lang='lat' dir='ltr'><strong>veniet,</strong></span> <span class='ocrx_word' id='word_1_656' title='bbox 2072 4167 2127 4216; x_wconf 90' lang='lat' dir='ltr'><strong>et</strong></span> <span class='ocrx_word' id='word_1_657' title='bbox 2150 4161 2358 4227; x_wconf 89' lang='lat' dir='ltr'><strong>aderit,</strong></span> <span class='ocrx_word' id='word_1_658' title='bbox 2379 4177 2448 4217; x_wconf 88' lang='lat' dir='ltr'><strong>ac</strong></span> <span class='ocrx_word' id='word_1_659' title='bbox 2473 4160 2804 4232; x_wconf 86' lang='lat' dir='ltr'><strong>adjuvabit,</strong></span> <span class='ocrx_word' id='word_1_660' title='bbox 2825 4164 3150 4236; x_wconf 89' lang='lat' dir='ltr'><strong>omniaque</strong></span> <span class='ocrx_word' id='word_1_661' title='bbox 3170 4167 3480 4225; x_wconf 84' lang='lat' dir='ltr'><strong>reddetfa-</strong></span> 
     </span>
    </p>
   </div>
   <div class='ocr_carea' id='block_1_96' title="bbox 1828 4247 3480 4324">
    <p class='ocr_par' dir='ltr' id='par_1_96' title="bbox 1828 4247 3480 4324">
     <span class='ocr_line' id='line_1_96' title="bbox 1828 4247 3480 4324; baseline 0.005 -21"><span class='ocrx_word' id='word_1_662' title='bbox 1828 4247 1960 4304; x_wconf 86' lang='lat' dir='ltr'><strong>cilia</strong></span> <span class='ocrx_word' id='word_1_663' title='bbox 1995 4264 2008 4302; x_wconf 89' lang='lat'>:</span> <span class='ocrx_word' id='word_1_664' title='bbox 2032 4248 2289 4321; x_wconf 89' lang='lat' dir='ltr'><strong>ideoque</strong></span> <span class='ocrx_word' id='word_1_665' title='bbox 2313 4247 2496 4305; x_wconf 86' lang='lat' dir='ltr'><strong>etiam</strong></span> <span class='ocrx_word' id='word_1_666' title='bbox 2521 4255 2719 4322; x_wconf 90' lang='lat' dir='ltr'><strong>petere</strong></span> <span class='ocrx_word' id='word_1_667' title='bbox 2739 4250 2939 4321; x_wconf 89' lang='lat' dir='ltr'><strong>jussit,</strong></span> <span class='ocrx_word' id='word_1_668' title='bbox 2965 4257 3022 4307; x_wconf 92' lang='lat' dir='ltr'><strong>et</strong></span> <span class='ocrx_word' id='word_1_669' title='bbox 3046 4252 3214 4324; x_wconf 90' lang='lat' dir='ltr'><strong>quod</strong></span> <span class='ocrx_word' id='word_1_670' title='bbox 3237 4254 3480 4313; x_wconf 89' lang='lat' dir='ltr'><strong>dabitur</strong></span> 
     </span>
    </p>
   </div>
   <div class='ocr_carea' id='block_1_97' title="bbox 1827 4335 3476 4410">
    <p class='ocr_par' dir='ltr' id='par_1_97' title="bbox 1827 4335 3476 4410">
     <span class='ocr_line' id='line_1_97' title="bbox 1827 4335 3476 4410; baseline 0.004 -17"><span class='ocrx_word' id='word_1_671' title='bbox 1827 4335 2119 4410; x_wconf 89' lang='lat' dir='ltr'><strong>promisit,</strong></span> <span class='ocrx_word' id='word_1_672' title='bbox 2155 4352 2275 4392; x_wconf 91' lang='lat' dir='ltr'><strong>non</strong></span> <span class='ocrx_word' id='word_1_673' title='bbox 2331 4341 2532 4393; x_wconf 92' lang='lat' dir='ltr'><strong>tamen</strong></span> <span class='ocrx_word' id='word_1_674' title='bbox 2585 4343 2886 4409; x_wconf 89' lang='lat' dir='ltr'><strong>utcunque</strong></span> <span class='ocrx_word' id='word_1_675' title='bbox 2917 4344 3134 4410; x_wconf 88' lang='lat' dir='ltr'><strong>petere,</strong></span> <span class='ocrx_word' id='word_1_676' title='bbox 3191 4342 3299 4397; x_wconf 89' lang='lat' dir='ltr'><strong>sed</strong></span> <span class='ocrx_word' id='word_1_677' title='bbox 3338 4357 3476 4402; x_wconf 91' lang='lat' dir='ltr'><strong>cum</strong></span> 
     </span>
    </p>
   </div>
   <div class='ocr_carea' id='block_1_98' title="bbox 1828 4425 3473 4500">
    <p class='ocr_par' dir='ltr' id='par_1_98' title="bbox 1828 4425 3473 4500">
     <span class='ocr_line' id='line_1_98' title="bbox 1828 4425 3473 4500; baseline 0.004 -18"><span class='ocrx_word' id='word_1_678' title='bbox 1828 4425 2267 4499; x_wconf 86' lang='lat' dir='ltr'><strong>perseverantia</strong></span> <span class='ocrx_word' id='word_1_679' title='bbox 2291 4431 2345 4482; x_wconf 88' lang='lat' dir='ltr'><strong>et</strong></span> <span class='ocrx_word' id='word_1_680' title='bbox 2373 4425 2748 4483; x_wconf 81' lang='lat' dir='ltr'><strong>assiduitate.</strong></span> <span class='ocrx_word' id='word_1_681' title='bbox 2777 4428 2925 4481; x_wconf 88' lang='lat' dir='ltr'><strong>Nam</strong></span> <span class='ocrx_word' id='word_1_682' title='bbox 2963 4427 3077 4482; x_wconf 90' lang='lat' dir='ltr'><strong>hoc</strong></span> <span class='ocrx_word' id='word_1_683' title='bbox 3109 4430 3473 4500; x_wconf 90' lang='lat' dir='ltr'><strong>manifestat,</strong></span> 
     </span>
    </p>
   </div>
   <div class='ocr_carea' id='block_1_99' title="bbox 1828 4514 3480 4592">
    <p class='ocr_par' dir='ltr' id='par_1_99' title="bbox 1828 4514 3480 4592">
     <span class='ocr_line' id='line_1_99' title="bbox 1828 4514 3480 4592; baseline 0.004 -21"><span class='ocrx_word' id='word_1_684' title='bbox 1828 4514 1993 4588; x_wconf 90' lang='lat' dir='ltr'><strong>quod</strong></span> <span class='ocrx_word' id='word_1_685' title='bbox 2013 4514 2250 4571; x_wconf 88' lang='lat' dir='ltr'><strong>additur</strong></span> <span class='ocrx_word' id='word_1_686' title='bbox 2281 4533 2295 4570; x_wconf 87' lang='lat'><strong>:</strong></span> <span class='ocrx_word' id='word_1_687' title='bbox 2332 4515 2608 4582; x_wconf 73' lang='lat' dir='ltr'><strong>Quaerite.</strong></span> <span class='ocrx_word' id='word_1_688' title='bbox 2641 4517 2754 4569; x_wconf 88' lang='lat' dir='ltr'><strong>Nec</strong></span> <span class='ocrx_word' id='word_1_689' title='bbox 2807 4514 3001 4571; x_wconf 91' lang='lat' dir='ltr'><strong>solum</strong></span> <span class='ocrx_word' id='word_1_690' title='bbox 3029 4531 3165 4573; x_wconf 91' lang='lat' dir='ltr'><strong>cum</strong></span> <span class='ocrx_word' id='word_1_691' title='bbox 3205 4534 3480 4592; x_wconf 85' lang='lat' dir='ltr'><strong>perseve-</strong></span> 
     </span>
    </p>
   </div>
   <div class='ocr_carea' id='block_1_100' title="bbox 1827 4603 3479 4670">
    <p class='ocr_par' dir='ltr' id='par_1_100' title="bbox 1827 4603 3479 4670">
     <span class='ocr_line' id='line_1_100' title="bbox 1827 4603 3479 4670; baseline 0.004 -8"><span class='ocrx_word' id='word_1_692' title='bbox 1827 4605 2021 4662; x_wconf 88' lang='lat' dir='ltr'><strong>rantia</strong></span> <span class='ocrx_word' id='word_1_693' title='bbox 2051 4603 2489 4670; x_wconf 85' lang='lat' dir='ltr'><strong>etassiduitate,</strong></span> <span class='ocrx_word' id='word_1_694' title='bbox 2518 4603 2622 4659; x_wconf 91' lang='lat' dir='ltr'><strong>sed</strong></span> <span class='ocrx_word' id='word_1_695' title='bbox 2653 4603 2824 4659; x_wconf 86' lang='lat' dir='ltr'><strong>etiam</strong></span> <span class='ocrx_word' id='word_1_696' title='bbox 2855 4619 2993 4660; x_wconf 90' lang='lat' dir='ltr'><strong>cum</strong></span> <span class='ocrx_word' id='word_1_697' title='bbox 3026 4605 3254 4664; x_wconf 85' lang='lat' dir='ltr'><strong>fervore</strong></span> <span class='ocrx_word' id='word_1_698' title='bbox 3280 4625 3351 4668; x_wconf 90' lang='lat' dir='ltr'><strong>ac</strong></span> <span class='ocrx_word' id='word_1_699' title='bbox 3384 4628 3479 4669; x_wconf 89' lang='lat' dir='ltr'><strong>ve-</strong></span> 
     </span>
    </p>
   </div>
   <div class='ocr_carea' id='block_1_101' title="bbox 1824 4691 3470 4769">
    <p class='ocr_par' dir='ltr' id='par_1_101' title="bbox 1824 4691 3470 4769">
     <span class='ocr_line' id='line_1_101' title="bbox 1824 4691 3470 4769; baseline 0.005 -19"><span class='ocrx_word' id='word_1_700' title='bbox 1824 4692 2152 4751; x_wconf 89' lang='lat' dir='ltr'><strong>hementia.</strong></span> <span class='ocrx_word' id='word_1_701' title='bbox 2173 4693 2234 4750; x_wconf 82' lang='lat' dir='ltr'><strong>Id</strong></span> <span class='ocrx_word' id='word_1_702' title='bbox 2255 4693 2416 4749; x_wconf 89' lang='lat' dir='ltr'><strong>enim</strong></span> <span class='ocrx_word' id='word_1_703' title='bbox 2441 4691 2666 4749; x_wconf 91' lang='lat' dir='ltr'><strong>indicat</strong></span> <span class='ocrx_word' id='word_1_704' title='bbox 2693 4693 2860 4765; x_wconf 91' lang='lat' dir='ltr'><strong>quod</strong></span> <span class='ocrx_word' id='word_1_705' title='bbox 2879 4695 3008 4766; x_wconf 91' lang='lat' dir='ltr'><strong>subj</strong></span> <span class='ocrx_word' id='word_1_706' title='bbox 3019 4695 3202 4769; x_wconf 89' lang='lat' dir='ltr'><strong>ungit,</strong></span> <span class='ocrx_word' id='word_1_707' title='bbox 3225 4697 3428 4758; x_wconf 89' lang='lat' dir='ltr'><strong>dicens</strong></span> <span class='ocrx_word' id='word_1_708' title='bbox 3451 4714 3470 4767; x_wconf 90' lang='lat'>:</span> 
     </span>
    </p>
   </div>
   <div class='ocr_carea' id='block_1_102' title="bbox 1825 4780 2086 4842">
    <p class='ocr_par' dir='ltr' id='par_1_102' title="bbox 1825 4780 2086 4842">
     <span class='ocr_line' id='line_1_102' title="bbox 1825 4780 2086 4842; baseline -0.011 0"><span class='ocrx_word' id='word_1_709' title='bbox 1825 4780 2086 4842; x_wconf 80' lang='lat' dir='ltr'><strong>Pulsate.</strong></span> 
     </span>
    </p>
   </div>
   <div class='ocr_carea' id='block_1_103' title="bbox 1897 4871 3476 4952">
    <p class='ocr_par' dir='ltr' id='par_1_103' title="bbox 1897 4871 3476 4952">
     <span class='ocr_line' id='line_1_103' title="bbox 1897 4871 3476 4952; baseline -0.004 -18"><span class='ocrx_word' id='word_1_710' title='bbox 1897 4879 2062 4934; x_wconf 90' lang='lat' dir='ltr'><strong>Vers.</strong></span> <span class='ocrx_word' id='word_1_711' title='bbox 2103 4877 2134 4930; x_wconf 94' lang='lat'><strong>8</strong></span> <span class='ocrx_word' id='word_1_712' title='bbox 2173 4873 2368 4931; x_wconf 72' lang='lat' dir='ltr'><strong>Omnis</strong></span> <span class='ocrx_word' id='word_1_713' title='bbox 2391 4904 2461 4915; x_wconf 90' lang='lat'>—</span> <span class='ocrx_word' id='word_1_714' title='bbox 2506 4872 2813 4944; x_wconf 79' lang='lat' dir='ltr'><strong>aperietur</strong></span> <span class='ocrx_word' id='word_1_715' title='bbox 2839 4871 2887 4942; x_wconf 64' lang='grc'><strong>’1-</strong></span> <span class='ocrx_word' id='word_1_716' title='bbox 2918 4875 3026 4941; x_wconf 90' lang='lat' dir='ltr'><strong>Qui</strong></span> <span class='ocrx_word' id='word_1_717' title='bbox 3081 4876 3313 4952; x_wconf 90' lang='lat' dir='ltr'><strong>absque</strong></span> <span class='ocrx_word' id='word_1_718' title='bbox 3353 4881 3476 4940; x_wconf 87' lang='lat' dir='ltr'><strong>ani.</strong></span> 
     </span>
    </p>
   </div>
   <div class='ocr_carea' id='block_1_104' title="bbox 1350 5060 2252 5136">
    <p class='ocr_par' dir='ltr' id='par_1_104' title="bbox 1350 5060 2252 5136">
     <span class='ocr_line' id='line_1_104' title="bbox 1350 5060 2252 5136; baseline -0.014 0"><span class='ocrx_word' id='word_1_719' title='bbox 1350 5064 1566 5136; x_wconf 66' lang='lat' dir='ltr'><strong>Varia</strong></span> <span class='ocrx_word' id='word_1_720' title='bbox 1593 5060 1923 5132; x_wconf 90' lang='lat' dir='ltr'><strong>lectiones</strong></span> <span class='ocrx_word' id='word_1_721' title='bbox 1955 5066 2022 5126; x_wconf 90' lang='lat' dir='ltr'><strong>et</strong></span> <span class='ocrx_word' id='word_1_722' title='bbox 2049 5064 2252 5125; x_wconf 75' lang='lat' dir='ltr'><strong>notae.</strong></span> 
     </span>
    </p>
   </div>
   <div class='ocr_carea' id='block_1_105' title="bbox 215 5205 1431 5344">
    <p class='ocr_par' dir='ltr' id='par_1_105' title="bbox 215 5205 1431 5344">
     <span class='ocr_line' id='line_1_105' title="bbox 215 5205 1431 5344; baseline 0.002 -79"><span class='ocrx_word' id='word_1_723' title='bbox 215 5205 313 5344; x_wconf 49' lang='grc' dir='ltr'>ξεν)</span> <span class='ocrx_word' id='word_1_724' title='bbox 348 5212 524 5272; x_wconf 88' lang='lat' dir='ltr'><strong>intell.</strong></span> <span class='ocrx_word' id='word_1_725' title='bbox 551 5215 626 5268; x_wconf 78' lang='grc' dir='ltr'>τὰ</span> <span class='ocrx_word' id='word_1_726' title='bbox 650 5211 926 5288; x_wconf 65' lang='grc' dir='ltr'>σφάλματα</span> <span class='ocrx_word' id='word_1_727' title='bbox 944 5217 1036 5267; x_wconf 82' lang='grc' dir='ltr'>τοῦ</span> <span class='ocrx_word' id='word_1_728' title='bbox 1061 5206 1288 5285; x_wconf 74' lang='grc' dir='ltr'>ἀδελφοῦ</span> <span class='ocrx_word' id='word_1_729' title='bbox 1317 5228 1431 5267; x_wconf 87' lang='grc' dir='ltr'>σου.</span> 
     </span>
     <span class='ocr_line' id='line_1_106' title="bbox 238 5283 691 5344; baseline 0.02 -11"><span class='ocrx_word' id='word_1_730' title='bbox 238 5283 315 5344; x_wconf 59' lang='grc'><strong>40)</strong></span> <span class='ocrx_word' id='word_1_731' title='bbox 349 5284 601 5344; x_wconf 64' lang='grc' dir='ltr'>ὠνόμασε.</span> <span class='ocrx_word' id='word_1_732' title='bbox 629 5292 691 5342; x_wconf 85' lang='grc' dir='ltr'>Δ.</span> 
     </span>
    </p>
   </div>
   <div class='ocr_carea' id='block_1_106' title="bbox 238 5283 691 5357">
    <p class='ocr_par' dir='ltr' id='par_1_106' title="bbox 238 5283 691 5357">
     <span class='ocr_line' id='line_1_107' title="bbox 238 5283 691 5357; baseline 0.02 -24"><span class='ocrx_word' id='word_1_733' title='bbox 349 5284 601 5357; x_wconf 65' lang='grc' dir='ltr'>ὠνόμασε.</span> <span class='ocrx_word' id='word_1_734' title='bbox 629 5283 691 5342; x_wconf 67' lang='grc' dir='ltr'>Δ.</span> 
     </span>
    </p>
   </div>
   <div class='ocr_carea' id='block_1_107' title="bbox 219 5351 1707 5430">
    <p class='ocr_par' dir='ltr' id='par_1_107' title="bbox 219 5351 1707 5430">
     <span class='ocr_line' id='line_1_108' title="bbox 219 5351 1707 5430; baseline -0.003 -19"><span class='ocrx_word' id='word_1_735' title='bbox 219 5351 316 5424; x_wconf 76' lang='grc'><strong>(41)</strong></span> <span class='ocrx_word' id='word_1_736' title='bbox 353 5351 492 5424; x_wconf 80' lang='lat' dir='ltr'><strong>Imb,</strong></span> <span class='ocrx_word' id='word_1_737' title='bbox 524 5360 818 5430; x_wconf 77' lang='grc' dir='ltr'>παραθῆτε.</span> <span class='ocrx_word' id='word_1_738' title='bbox 845 5360 959 5414; x_wconf 83' lang='lat' dir='ltr'><strong>Nec</strong></span> <span class='ocrx_word' id='word_1_739' title='bbox 987 5356 1148 5413; x_wconf 90' lang='lat' dir='ltr'><strong>enim</strong></span> <span class='ocrx_word' id='word_1_740' title='bbox 1184 5353 1386 5413; x_wconf 91' lang='lat' dir='ltr'><strong>medio</strong></span> <span class='ocrx_word' id='word_1_741' title='bbox 1413 5356 1502 5410; x_wconf 84' lang='lat' dir='ltr'><strong>est</strong></span> <span class='ocrx_word' id='word_1_742' title='bbox 1528 5366 1707 5426; x_wconf 84' lang='lat' dir='ltr'><strong>Opus.</strong></span> 
     </span>
    </p>
   </div>
   <div class='ocr_carea' id='block_1_108' title="bbox 221 5474 1393 5618">
    <p class='ocr_par' dir='ltr' id='par_1_108' title="bbox 221 5474 1393 5618">
     <span class='ocr_line' id='line_1_109' title="bbox 221 5474 1393 5618; baseline -0.006 -76"><span class='ocrx_word' id='word_1_743' title='bbox 221 5474 310 5618; x_wconf 46' lang='grc' dir='ltr'><strong>ὶδδ)</strong></span> <span class='ocrx_word' id='word_1_744' title='bbox 339 5481 722 5540; x_wconf 78' lang='lat' dir='ltr'><strong>Conviciaris.</strong></span> <span class='ocrx_word' id='word_1_745' title='bbox 753 5481 1061 5540; x_wconf 85' lang='lat' dir='ltr'><strong>Patetacis.</strong></span> <span class='ocrx_word' id='word_1_746' title='bbox 1096 5479 1393 5563; x_wconf 76' lang='lat' dir='ltr'><strong>divulgas.</strong></span> 
     </span>
     <span class='ocr_line' id='line_1_110' title="bbox 241 5550 1393 5618; baseline -0.006 0"><span class='ocrx_word' id='word_1_747' title='bbox 241 5551 309 5618; x_wconf 71' lang='grc' dir='ltr'><strong>σε)</strong></span> <span class='ocrx_word' id='word_1_748' title='bbox 333 5550 434 5609; x_wconf 76' lang='lat' dir='ltr'><strong>Dea</strong></span> <span class='ocrx_word' id='word_1_749' title='bbox 453 5584 524 5596; x_wconf 91' lang='lat'>—</span> <span class='ocrx_word' id='word_1_750' title='bbox 553 5553 979 5612; x_wconf 70' lang='lat' dir='ltr'><strong>assimilentur.</strong></span> <span class='ocrx_word' id='word_1_751' title='bbox 1007 5553 1342 5612; x_wconf 80' lang='lat' dir='ltr'><strong>Assumlarl</strong></span> <span class='ocrx_word' id='word_1_752' title='bbox 1370 5567 1393 5611; x_wconf 76' lang='grc' dir='ltr'><strong>ε</strong></span> 
     </span>
    </p>
   </div>
   <div class='ocr_carea' id='block_1_109' title="bbox 1828 5196 3044 5279">
    <p class='ocr_par' dir='ltr' id='par_1_109' title="bbox 1828 5196 3044 5279">
     <span class='ocr_line' id='line_1_111' title="bbox 1828 5196 3044 5279; baseline 0 -21"><span class='ocrx_word' id='word_1_753' title='bbox 1828 5202 2017 5279; x_wconf 77' lang='lat' dir='ltr'><strong>Atque</strong></span> <span class='ocrx_word' id='word_1_754' title='bbox 2041 5201 2122 5258; x_wconf 89' lang='lat' dir='ltr'><strong>ita</strong></span> <span class='ocrx_word' id='word_1_755' title='bbox 2141 5200 2339 5279; x_wconf 68' lang='lat' dir='ltr'><strong>etiam</strong></span> <span class='ocrx_word' id='word_1_756' title='bbox 2374 5196 2706 5279; x_wconf 72' lang='lat' dir='ltr'><strong>respondet</strong></span> <span class='ocrx_word' id='word_1_757' title='bbox 2727 5204 2799 5279; x_wconf 58' lang='grc' dir='ltr'>τῷ</span> <span class='ocrx_word' id='word_1_758' title='bbox 2826 5196 3044 5279; x_wconf 65' lang='grc' dir='ltr'>βάλητε.</span> 
     </span>
    </p>
   </div>
   <div class='ocr_carea' id='block_1_110' title="bbox 1899 5269 2980 5347">
    <p class='ocr_par' dir='ltr' id='par_1_110' title="bbox 1899 5269 2980 5347">
     <span class='ocr_line' id='line_1_112' title="bbox 1899 5269 2980 5347; baseline 0 -18"><span class='ocrx_word' id='word_1_759' title='bbox 1899 5269 2011 5347; x_wconf 59' lang='grc' dir='ltr'><strong>(Μ)</strong></span> <span class='ocrx_word' id='word_1_760' title='bbox 2041 5273 2270 5330; x_wconf 88' lang='lat' dir='ltr'><strong>Inclusa</strong></span> <span class='ocrx_word' id='word_1_761' title='bbox 2299 5272 2359 5328; x_wconf 91' lang='lat' dir='ltr'><strong>in</strong></span> <span class='ocrx_word' id='word_1_762' title='bbox 2388 5269 2662 5342; x_wconf 81' lang='lat' dir='ltr'><strong>margine</strong></span> <span class='ocrx_word' id='word_1_763' title='bbox 2689 5269 2878 5329; x_wconf 85' lang='lat' dir='ltr'><strong>habet</strong></span> <span class='ocrx_word' id='word_1_764' title='bbox 2905 5273 2980 5330; x_wconf 83' lang='lat' dir='ltr'><strong>A.</strong></span> 
     </span>
    </p>
   </div>
   <div class='ocr_carea' id='block_1_111' title="bbox 241 5543 2492 5621">
    <p class='ocr_par' dir='ltr' id='par_1_111' title="bbox 241 5543 2492 5621">
     <span class='ocr_line' id='line_1_113' title="bbox 241 5543 2492 5621; baseline -0.004 -10"><span class='ocrx_word' id='word_1_765' title='bbox 241 5551 309 5621; x_wconf 76' lang='lat' dir='ltr'><strong>cc)</strong></span> <span class='ocrx_word' id='word_1_766' title='bbox 333 5550 434 5609; x_wconf 79' lang='lat' dir='ltr'><strong>Dea</strong></span> <span class='ocrx_word' id='word_1_767' title='bbox 453 5584 524 5596; x_wconf 91' lang='lat'>—</span> <span class='ocrx_word' id='word_1_768' title='bbox 553 5553 979 5612; x_wconf 72' lang='lat' dir='ltr'><strong>assimilentur.</strong></span> <span class='ocrx_word' id='word_1_769' title='bbox 1007 5543 1342 5612; x_wconf 62' lang='lat' dir='ltr'><strong>Assimilari</strong></span> <span class='ocrx_word' id='word_1_770' title='bbox 1370 5553 1572 5611; x_wconf 86' lang='lat' dir='ltr'><strong>autem</strong></span> <span class='ocrx_word' id='word_1_771' title='bbox 1600 5548 1722 5607; x_wconf 87' lang='lat' dir='ltr'><strong>Deo</strong></span> <span class='ocrx_word' id='word_1_772' title='bbox 1741 5548 1798 5606; x_wconf 85' lang='lat' dir='ltr'><strong>et</strong></span> <span class='ocrx_word' id='word_1_773' title='bbox 1831 5543 1912 5619; x_wconf 86' lang='lat' dir='ltr'><strong>dij</strong></span> <span class='ocrx_word' id='word_1_774' title='bbox 1925 5544 2164 5604; x_wconf 83' lang='lat' dir='ltr'><strong>udicare</strong></span> <span class='ocrx_word' id='word_1_775' title='bbox 2191 5543 2492 5618; x_wconf 84' lang='lat' dir='ltr'><strong>indignos.</strong></span> 
     </span>
    </p>
   </div>
  </div>
