3990 6206
0 28 59 3401 ἓ

6 3710 15 3759 1
40 3700 53 3759 Ξ

10 3822 55 4031 ,ξ

539 228 643 281 263

1841 224 2187 281 EUTHYMII
2236 223 2591 282 ZAGABENI
3787 225 3883 281 264

541 352 623 406 mi
651 348 1000 419 aegritudine
1019 350 1327 421 qui:lpiam
1356 349 1433 405 ad
1460 349 1611 406 bene
1633 350 2003 422 operandum
2027 351 2187 423 petit,

2320 352 2454 404 ιίτῶν
2514 351 2563 403 ἐν
2618 359 2677 423 τῇ
2754 358 3013 424 πρακτικῇ
3080 351 3374 423 φιλοσοφίᾳ,
3434 350 3680 422 λαμϐάνει
3736 352 3881 423 χάριν

541 439 794 509 gratiam
826 439 1037 511 accipit
1065 439 1297 494 virtutis
1325 439 1402 495 ad
1426 440 1832 511 operationem
1868 445 2189 513 praecepto-

540 543 696 582 rum.
724 530 788 581 Et
804 528 907 598 qui
924 527 1153 598 absque
1172 528 1356 582 animi
1371 528 1838 599 perturbatione,
1855 530 2068 601 quaerit
2092 530 2192 586 ali-

540 617 684 689 quid
715 618 774 671 in
800 622 1027 672 naturae
1059 617 1483 688 speculatione,
1508 618 1731 674 invenit
1759 635 1959 674 rerum
1982 619 2189 677 verita-

540 710 677 761 tem.
712 706 1002 761 Praaterea
1027 707 1130 777 qui
1160 705 1363 761 animo
1408 722 1529 761 non
1574 713 1901 771 commoto,
1931 708 2189 763 scientiae

534 795 783 865 januam
799 794 998 866 pulsat
1032 794 1093 848 in
1117 795 1450 864 theologica
1472 795 1808 868 disciplina,
1832 798 2127 867 aperietur
2139 796 2191 851 ei

540 884 799 953 cognitio
831 882 1275 938 reconditorum
1294 886 1737 954 mysteriorum.
1768 886 1877 952 Qui
1905 902 2045 942 vero
2069 886 2193 942 ani-

542 990 661 1037 mo,
692 974 896 1045 aliqua
924 973 1235 1029 aﬂectione
1265 975 1610 1045 perturbato
1641 977 1805 1047 petit,
1848 978 2063 1048 quaerit
2092 981 2194 1032 aut

541 1063 756 1134 pulsat,
791 1078 913 1117 non
962 1067 1377 1133 consequetur.
1420 1064 1633 1119 Pelttis
1662 1064 1835 1130 enim,
1896 1065 2109 1137 inquit,
2140 1073 2192 1122 et

542 1167 661 1207 non
690 1151 979 1220 accipitis,
1009 1166 1069 1205 eo
1090 1151 1243 1222 quod
1269 1152 1422 1208 male
1444 1152 1649 1221 petatis
1670 1154 1738 1209 ³⁸.

615 1243 747 1295 Haec
772 1240 830 1294 in
862 1239 1374 1296 confirmationem
1402 1242 1823 1311 promissionis
1839 1242 2100 1298 addidit:
2134 1246 2195 1297 ut

546 1329 737 1384 sinon
786 1330 984 1384 statim
1026 1331 1344 1400 acceperis,
1377 1345 1451 1385 ne
1481 1330 1753 1395 desistas,
1791 1330 1893 1385 sed
1922 1346 2191 1402 perseve-

542 1434 638 1473 res
702 1433 770 1473 ac
798 1417 1149 1473 incalescas.
1182 1419 1319 1474 Ideo
1350 1420 1507 1473 enim
1536 1435 1657 1475 non
1685 1420 1883 1476 statim
1902 1420 2005 1475 dat
2031 1419 2197 1492 quod

544 1507 714 1578 petis,
748 1511 809 1561 ut
840 1521 1067 1577 quaeras
1102 1523 1114 1571 ;
1149 1511 1205 1562 et
1249 1506 1470 1561 idcirco
1500 1522 1621 1563 non
1654 1509 1848 1564 statim
1894 1509 2082 1579 aperit
2104 1509 2196 1579 ja-

545 1610 726 1649 nuam
754 1599 819 1649 ut
868 1594 1091 1665 pulses.
1129 1595 1301 1666 Apud
1352 1596 1627 1651 homines
1666 1597 1848 1661 enim,
1895 1597 1943 1652 si
1975 1611 2194 1667 urgens

2303 438 2570 512 δυνάμεως
2636 441 2707 500 εἰς
2775 440 2960 511 πρᾶξιν
3020 449 3118 490 τῶν
3196 439 3423 492 ἐντολῶν·
3490 444 3579 490 καὶ
3633 439 3659 489 ό
3730 441 3882 499 ζητῶν

2302 528 2511 590 ἀπαθῶς
2556 528 2695 600 ἐντῇ
2760 537 2952 601 φυσικῇ
3021 530 3227 602 θεωρίᾳ,
3280 530 3489 601 εὑρήσει
3531 532 3624 585 τὴν
3684 525 3731 577 ἐν
3788 534 3884 586 τοῖς

2301 613 2447 669 οὖσιν
2488 616 2748 675 ἀλήθειαν·
2802 623 2890 669 καὶ
2939 626 3010 668 τῶ
3066 621 3299 688 κρούοντι
3350 616 3559 677 ἀπαθῶς
3617 620 3709 673 τὴν
3740 617 3883 687 θύραν

2300 714 2391 765 τῆς
2434 711 2674 776 γνώσεως
2731 705 2778 756 ἐν
2828 714 2889 777 τῇ
2945 705 3208 777 θεολογικῇ
3269 709 3636 777 μυσταγωγίᾳι
3693 706 3885 774 6“"0'7‘5‘

3760 792 3816 843 '0
3836 789 3884 844 δὲ

2302 885 2429 953 μετά
2480 901 2615 943 τινος
2672 884 2871 943 πάθους
2925 883 3098 948 αἰτῶν,
3160 884 3187 940 ἦ
3246 883 3434 947 ζητῶν,
3484 883 3513 940 ἡ
3561 883 3778 954 κρούων,
3807 881 3885 932 οὐκ

2304 971 2639 1033 ἐπιτεύξεται.
2694 972 2890 1024 Αἰτεῖτε
2945 974 3065 1045 γὰρ,
3128 977 3278 1041 φησὶ,
3337 976 3427 1023 καὶ
3485 974 3542 1023 οὐ
3599 970 3881 1043 λαμϐάνετε,

2307 1056 2448 1111 διότι
2477 1069 2648 1122 κακῶς
2688 1060 2933 1115 αἰτεῖσθε.
2963 1060 2985 1133 ]

2306 812 2452 845 σεται
2508 796 2537 851 ἡ
2586 802 2781 864 γνῶσις
2830 804 2928 845 τῶν
2999 793 3303 867 ἀποκρύφων
3354 798 3676 867 μυστηρίων.

2374 1244 2549 1290 Ταῦτα
2577 1235 2636 1290 δὲ
2664 1240 2982 1311 προσέθηκεν
3005 1237 3077 1299 εἰς
3108 1236 3393 1309 βεϐαίωσιν
3424 1247 3519 1298 τῆς
3541 1240 3883 1309 ὑποσχέσεως,

2308 1334 2407 1392 ἱνα,
2437 1327 2479 1379 εἰ
2508 1332 2577 1398 μὴ
2612 1330 2913 1399 παραυτίκα
2938 1324 3123 1399 λάϐῃς,
3155 1331 3225 1397 μὴ
3270 1324 3520 1398 ἀποστῇς,
3556 1326 3662 1379 ἀλλ’
3694 1331 3883 1399 ἐπιμεί-

2305 1435 2395 1487 νης
2452 1420 2541 1466 καὶ
2597 1417 2903 1487 θερμανθῇς.
2963 1417 3056 1467 Διά
3096 1422 3246 1466 τοῦτο
3292 1418 3390 1486 γὰρ
3448 1415 3710 1477 αἰτοῦντος
3770 1418 3880 1487 (43),

2306 1504 2400 1554 οὐκ
2452 1503 2604 1564 εὐθὺς
2653 1500 2901 1565 δίδωσιν,
2982 1506 3063 1555 ἵνα
3136 1504 3395 1565 ζητήσης·
3459 1509 3547 1555 καὶ
3605 1501 3699 1556 διὰ

2307 1592 2401 1643 οὐκ
2458 1594 2641 1652 ευθέως
2705 1591 2899 1662 ἀνοίγει
2949 1598 3041 1649 τὴν
3102 1594 3277 1665 θύραν,
3342 1594 3423 1645 ἵνα
3468 1597 3719 1667 κρούσῃς.
3787 1593 3885 1645 Ἐπὶ

3756 1514 3886 1557 τοῦτο

543 1684 923 1756 petitionibus
945 1684 1207 1747 insistas,
1236 1700 1340 1739 eos
1369 1684 1445 1740 ad
1476 1685 1626 1741 iram
1653 1701 1949 1758 provocas
1980 1703 1992 1741 :
2035 1685 2197 1757 apud

2320 1684 2395 1733 κεν
2444 1683 2542 1755 γὰρ
2592 1680 2893 1749 ἀνθρώπων,
2970 1679 3054 1732 ἐὰν
3120 1679 3386 1754 ἐπιμείνης
3452 1681 3742 1754 ἐγκείμενος
3791 1689 3885 1742 ταῖς

546 1774 731 1827 Deum
757 1787 917 1835 vero,
964 1772 1158 1842 potius
1198 1787 1337 1827 eum
1386 1772 1601 1837 irritas,
1655 1774 1771 1828 nisi
1811 1774 1926 1828 hoc
1990 1773 2194 1829 facias.

546 1864 692 1916 Nam
741 1861 983 1932 exquirit
1039 1877 1072 1916 a
1104 1864 1155 1915 te
1186 1860 1599 1917 assiduitatem
1632 1866 1687 1917 et
1721 1862 2155 1917 vehementiam
2178 1880 2194 1932 ;

544 1954 719 2021 teque
752 1949 871 2003 vult
900 1954 1341 2019 perseveranter
1367 1949 1543 2005 simul
1570 1966 1639 2005 ac
1658 1950 1951 2006 ferventer
1979 1955 2197 2021 petere.

549 2039 657 2103 Qui
688 2038 846 2093 enim
877 2040 1035 2110 petit,
1067 2054 1175 2093 nec
1206 2039 1438 2110 accipit,
1470 2044 1571 2094 aut
1620 2040 1864 2109 indigne
1897 2038 2063 2111 petit,
2097 2043 2201 2094 aut

546 2142 668 2182 non
695 2132 1047 2198 perseverat,
1069 2132 1168 2183 aut
1188 2128 1378 2198 tepide
1400 2128 1561 2199 petit.
1584 2130 1729 2184 Nam
1748 2128 1858 2185 tria
1873 2128 1998 2183 hinc
2030 2143 2198 2199 opor-

548 2220 627 2272 tet
659 2231 1031 2271 concurrere.

619 2396 781 2448 Vers.
802 2398 851 2448 9.
881 2394 1295 2465 Anquisquam
1326 2396 1467 2449 —V.
1494 2394 1576 2449 10.
1607 2394 1749 2450 Illi?
1778 2395 1940 2450 Ponit
1961 2410 2198 2450 rursum

550 2482 1085 2539 considerationem
1117 2484 1254 2540 facit
1274 2484 1523 2539 humani
1565 2502 1578 2538 :
1607 2488 1665 2539 et
1690 2484 1767 2539 ab
1799 2484 2072 2555 exemplo
2095 2500 2200 2540 au-

550 2572 800 2628 ditorem
833 2572 1076 2638 inducit,
1107 2582 1171 2628 ut
1212 2573 1305 2628 his
1347 2589 1481 2645 quae
1507 2573 1667 2629 dicta
1717 2577 1854 2628 sunt
1888 2572 2196 2628 assentiat.

552 2663 793 2734 Oportet
819 2667 1018 2718 autem
1065 2668 1121 2718 et
1166 2667 1461 2734 petentem
1510 2662 1698 2718 ﬁlium
1731 2678 1880 2727 esse,
1930 2666 2201 2733 etpetere

552 2766 688 2823 quae
708 2755 935 2823 patrem
951 2752 1194 2822 quidem
1210 2752 1371 2815 dare,
1401 2751 1589 2807 ﬁlium
1606 2756 1803 2807 autem
1817 2751 2086 2823 accipere
2103 2750 2200 2806 de-

552 2845 702 2896 ceat.

627 2930 789 2983 Vers.
825 2928 912 2984 11.
944 2928 1087 2983 Si—
1117 2927 1188 2981 ab
1210 2943 1271 2983 co
1300 2932 1327 2983 ἵ
1360 2927 1537 2983 Malos
1564 2928 1730 3000 ipsos
1757 2928 1920 2995 dixit,
1943 2943 2065 2984 non
2097 2929 2201 2984 hu-

2308 1770 2575 1833 αἰτήσεσι,
2645 1770 2982 1842 παροργίζεις
3058 1769 3265 1832 αὐτούς·
3318 1769 3401 1823 ἐπὶ
3458 1768 3515 1823 δε
3582 1780 3673 1824 τοῦ
3755 1779 3884 1837 Θεοῦ,

2308 1857 2496 1931 μᾶλλον
2562 1864 2989 1932 παραπικραίνεις
3038 1858 3210 1922 αὐτόν,
3263 1857 3345 1911 ἐὰν
3410 1865 3481 1931 μὴ
3530 1869 3681 1913 τοῦτο
3730 1869 3886 1933 ποιῇς.

2310 1947 2586 2018 Δοκιμάζει
2618 1950 2718 2021 γάρ
2765 1966 2859 1999 σου
2893 1952 2985 2005 τὴν
3016 1947 3242 2000 εὐτονίαν
3272 1954 3360 2000 καὶ
3409 1954 3501 2006 τὴν
3552 1947 3886 2022 σφοδρότητα,

2310 2041 2398 2086 καὶ
2446 2034 2691 2107 βούλεταί
2758 2054 2815 2087 σε
2868 2037 3025 2087 αἰτεῖν
3076 2036 3326 2108 ἑπιμόνως
3373 2038 3483 2108 ἅμα
3544 2045 3632 2091 καὶ
3688 2041 3888 2112 θερμῶς,

2310 2128 2399 2175 καὶ
2432 2126 2636 2185 πάντως
2671 2121 2921 2181 δίδωσιν,
2961 2125 3017 2177 Ὀ
3070 2128 3167 2198 γὰρ
3220 2126 3445 2188 αἰτήσας
3483 2132 3570 2179 καὶ
3610 2134 3682 2199 μὴ
3714 2127 3885 2191 λαϐὼν,

2310 2212 2340 2270 ἡ
2390 2211 2606 2275 ἀναξίως
2637 2218 2846 2277 ἤτησεν,
2881 2215 2909 2271 ἡ
2945 2214 3036 2265 οὐκ
3079 2214 3352 2286 ἐπέμεινεν,
3396 2216 3424 2273 ἢ
3460 2216 3692 2291 χλιαρῶς
3724 2222 3886 2275 ᾔτησε.

2311 2306 2396 2353 Δεῖ
2427 2304 2527 2375 γὰρ
2557 2299 2874 2377 συνδραμεῖν
2898 2306 2961 2354 τὰ
2990 2305 3127 2375 τρία.

2380 2389 2397 2407 ⁴
2423 2397 2461 2441 Η
2496 2396 2576 2451 τίς
2606 2422 2673 2432 -—
2726 2393 2898 2455 αὐτ-ὠς
2932 2394 3123 2449 Τίθησι
3153 2392 3303 2444 πάλιν
3354 2393 3599 2467 λογισμόν
3654 2394 3892 2470 ἀνθρωπί-

2309 2498 2397 2531 νου
2446 2481 2768 2553 πρεὶγματος,
2828 2486 2916 2532 καὶ
2980 2479 3078 2532 ἀπὸ
3126 2479 3551 2555 παραδείγματος
3602 2483 3769 2555 ἐνάγει
3818 2488 3893 2535 τόν

2309 2569 2570 2641 ἀκροατὴν
2622 2568 2693 2629 εἰς
2744 2572 2801 2620 τό
2856 2568 3078 2643 θαρρεῖν,
3130 2575 3247 2643 περὶ
3304 2571 3370 2622 ὧν
3424 2576 3613 2646 εἶρηκε.
3676 2578 3789 2645 Χρὴ
3844 2570 3895 2624 δε

2310 2659 2396 2708 τὸν
2450 2655 2709 2721 αἰτοῦντα,
2774 2662 2862 2708 καὶ
2929 2660 3039 2709 υἱὸν
3092 2655 3239 2723 εἶναι,
3302 2665 3391 2711 καί
3438 2661 3594 2713 αἰτεῖν
3650 2662 3780 2735 οἷπερ
3834 2670 3897 2712 τῶ

2311 2751 2470 2818 πατρὶ
2509 2749 2598 2817 μεν
2630 2750 2809 2819 πρέπει
2840 2742 3043 2812 δοῦναι,
3076 2755 3148 2799 τῶ
3195 2752 3291 2800 υίῶ
3317 2745 3375 2800 δὲ
3420 2754 3666 2825 συμφέρει
3706 2749 3888 2805 λαϐεῖν.

2388 2914 2445 2967 Εἰ
2474 2946 2538 2955 -
2573 2914 2764 2982 αὐτόν;
2800 2919 3058 2989 [Ιονηρούς
3104 2916 3293 2978 αὐτοὺς
3324 2914 3477 2983 εἶπεν,
3530 2918 3588 2970 οὗ
3623 2915 3655 2971 δ
3662 2917 3899 2971 ιαϐάλλων

552 3032 798 3071 manam
817 3016 1245 3072 calumniando
1264 3021 1560 3083 naturam,
1583 3017 1686 3073 sed
1712 3017 1787 3074 ad
1809 3018 2199 3074 differentiam

2320 3008 2406 3061 τὴν
2440 3002 2763 3078 ἀνθρωπίνην
2811 3008 2986 3077 φύσιν,
3042 3004 3169 3057 ἀλλὰ
3210 3010 3335 3077 πρὸς
3378 3003 3782 3066 ἁντιδιαστολὴν
3818 3015 3900 3066 τῆς

551 3105 832 3160 bonitatis
851 3104 1067 3160 divinae
1092 3122 1104 3171 ;
1128 3106 1394 3161 humana
1413 3121 1675 3178 namque
1704 3106 1941 3163 bonitas
1966 3107 2043 3162 ad
2063 3107 2207 3163 divi-

550 3209 714 3263 nam,
736 3194 961 3249 malitia
990 3210 1117 3249 esse
1137 3194 1366 3249 videtur
1390 3212 1402 3259 ;
1431 3199 1714 3265 tantaque
1738 3195 2058 3250 estharum
2092 3195 2207 3250 dis-

549 3282 770 3352 tinctio,
791 3288 1083 3354 quantum
1100 3283 1284 3338 homo
1298 3283 1492 3339 differt
1510 3300 1544 3339 a
1557 3285 1691 3339 Deo.
1710 3284 2034 3340 Considera
2046 3300 2203 3348 vero,

550 3371 859 3444 quomodo
876 3388 1033 3427 nunc
1053 3372 1300 3444 quidem
1319 3373 1660 3429 exhortatur
1682 3374 1760 3430 ad
1788 3374 2048 3429 studiose
2068 3389 2206 3445 ope-

549 3460 829 3525 randum,
851 3477 1010 3516 nunc
1027 3467 1226 3517 autem
1250 3477 1418 3517 orare
1440 3463 1725 3517 admonet
1753 3478 1764 3516 Σ
1786 3478 2023 3516 rursum
2046 3476 2207 3517 nunc

550 3550 628 3605 ab
658 3550 771 3605 hoc
801 3550 879 3606 ad
905 3550 1048 3606 illud
1070 3550 1336 3619 transire,
1359 3566 1519 3605 nunc
1542 3566 1682 3606 vero
1702 3551 1778 3606 ab
1799 3550 1896 3605 illo
1919 3550 1997 3606 ad
2024 3550 2202 3605 istud.

552 3643 669 3694 Hoc
700 3645 899 3695 autem
933 3640 1071 3696 facit
1094 3639 1339 3707 docens,
1368 3639 1533 3711 quod
1566 3655 1758 3712 neque
1790 3639 1863 3694 de
1879 3639 2005 3694 solo
2038 3639 2201 3695 bono

552 3743 729 3800 opere
758 3744 1001 3785 securos
1028 3744 1158 3783 esse
1186 3732 1476 3799 oporteat,
1503 3744 1697 3800 neque
1724 3744 1961 3783 rursum
1984 3728 2057 3784 de
2077 3727 2207 3784 sola

550 3818 836 3881 oratione,
873 3818 977 3872 sed
1011 3821 1067 3873 et
1095 3833 1231 3888 quas
1263 3822 1466 3872 nostra
1506 3821 1643 3872 sunt
1696 3816 2094 3883 conferamus,
2151 3823 2207 3872 et

553 3906 784 3961 coalitus
818 3907 1107 3962 auxilium
1165 3905 1569 3977 imploremus.
1625 3904 1755 3960 Haec
1793 3905 1943 3960 enim
1998 3909 2206 3961 mutuo

553 3994 772 4050 auxilio
813 3995 1162 4064 pugnantia,
1204 4010 1560 4067 prosperum
1610 3994 1920 4051 habebunt
1978 4010 2207 4051 succes-

558 4100 786 4211 suillam.
824 4155 907 4211 l2.
940 4155 1140 4211 Omnia
1172 4186 1238 4197 --
1286 4155 1443 4225 ipsis.
1486 4155 1701 4212 Omnia
1738 4170 1873 4227 quas
1927 4157 2093 4228 prius
2134 4155 2207 4211 de

554 4243 866 4299 dilectione
898 4248 1201 4314 statuerat,
1240 4243 1407 4299 brevi
1441 4259 1601 4299 nunc
1634 4244 1813 4299 verbo
1855 4245 2204 4301 summatim

554 4331 804 4402 collegit,
831 4349 901 4388 ac
921 4333 1217 4388 succincte
1240 4332 1459 4398 docuit,
1477 4347 1708 4402 ponens
1729 4348 1854 4387 rem
1878 4332 2113 4389 facilem
2137 4349 2206 4388 ac

546 4422 939 4494 justissimam
958 4439 968 4475 :
989 4422 1209 4490 Omnia,
1230 4420 1436 4491 inquit,
1465 4435 1817 4491 quaecunque
1837 4421 2124 4477 volueritis
2146 4430 2207 4477 ut
2240 4394 2285 4447 D

552 4512 795 4581 faciant
814 4512 966 4569 vobis
992 4509 1269 4575 homines,
1297 4515 1351 4565 et
1385 4524 1482 4565 vos
1495 4510 1686 4579 facite
1706 4510 1866 4578 ipsis.
1893 4510 1981 4566 Ita
2009 4518 2207 4566 autem

557 4599 684 4654 haec
711 4600 851 4670 ipsis
881 4600 1073 4663 facite,
1110 4598 1260 4654 sicut
1285 4597 1457 4653 vultis
1489 4602 1552 4652 ut
1582 4596 1697 4668 ipsi
1759 4598 1929 4653 vobis
1967 4598 2207 4655 faciant.

558 4689 623 4743 Et
650 4687 765 4742 hoc
794 4687 953 4743 idem
976 4692 1084 4755 est,
1125 4686 1291 4758 quod
1322 4702 1524 4744 amare
1557 4687 1900 4759 proximum
1955 4686 2108 4745 sicut
2147 4703 2210 4744 se

559 4776 779 4848 ipsum.
816 4776 953 4831 Ideo
992 4776 1172 4831 etiam
1211 4776 1498 4831 subdidit.

637 4957 793 5011 Vers.
825 4956 908 5010 t2.
946 4956 1036 5011 Ita
1068 4985 1133 4995 —
1152 4953 1478 5025 prophetae.
1530 4958 1618 5011 Ita
1663 4953 1758 5010 lex
1779 4957 1944 5010 vetus
1971 4958 2025 5012 et
2079 4970 2214 5027 pro-

640 5137 685 5171 "
713 5135 839 5193 Jac.
872 5150 949 5203 1v,
980 5134 1034 5189 3.

2316 3090 2635 3162 ἀγαθότητος
2696 3102 2783 3145 τοῦ
2839 3092 3079 3145 8509.1!
3124 3097 3221 3168 γὰρ
3282 3094 3572 3168 ἀνθρωπίνη
3627 3096 3899 3167 ἀγαθότης.

2314 3184 2440 3254 πρὸς
2471 3185 2562 3238 τὴν
2597 3183 2756 3247 θείαν,
2787 3187 2946 3233 κακία
2999 3179 3162 3247 δοκεῖ,
3196 3188 3284 3235 καὶ
3339 3192 3585 3237 τοσοῦτον
3632 3184 3819 3259 ἀμφοῖν
3853 3187 3900 3235 τὸ

2317 3266 2587 3341 διάφορον,
2639 3272 2758 3321 ὅσον
2810 3269 3080 3343 ἀνθρώπου
3128 3274 3258 3346 πρὸς
3314 3276 3459 3327 Θεὸν.
3492 3266 3510 3288 ’
3542 3280 3658 3347 Ορα
3700 3271 3759 3327 δε
3808 3281 3902 3330 πῶς

2312 3362 2436 3409 ποτε
2467 3362 2555 3429 μεν
2615 3364 2954 3431 προτρέπεται
3023 3359 3338 3431 ἐργάζεσθαι
3389 3366 3483 3419 τὴν
3542 3362 3746 3435 ἀρετήν,
3796 3364 3902 3415 ποτε

2317 3443 2375 3499 δε
2400 3456 2641 3519 παραινεῖ
2690 3450 2961 3517 εὔχεσθαι,
3002 3454 3099 3500 Καὶ
3137 3458 3223 3499 νῦν
3276 3454 3363 3521 μεν
3422 3450 3509 3502 ἀπ’
3542 3450 3740 3504 ἐκείνου
3789 3455 3903 3524 πρός

2313 3544 2463 3587 τοῦτο
2522 3535 2835 3607 μεταϐαίνει·
2914 3546 3000 3588 νυν
3056 3534 3114 3589 δε
3164 3537 3264 3590 ἀπὸ
3322 3542 3503 3592 τούτου
3578 3545 3710 3614 πρὸς
3761 3540 3901 3592 ἐκεῖνο

2313 3632 2628 3698 μεταχωρεῖ.
2685 3632 2848 3678 Τοῦτο
2892 3622 2951 3677 δε
2986 3634 3143 3692 ποιεῖ,
3204 3624 3495 3694 διδάσκων,
3548 3633 3626 3681 ὅτι
3686 3633 3799 3683 οὔτε
3846 3635 3898 3699 τῇ

2314 3713 2479 3784 οἰκείᾳ
2510 3709 2716 3785 σπουδῇ
2777 3718 3032 3787 προσήκει
3061 3720 3193 3788 μόνη
3247 3716 3469 3790 θαρρεῖν,
3522 3722 3645 3771 οὔτε
3676 3724 3803 3791 μόνῃ
3848 3726 3899 3788 τῇ

2315 3801 2446 3873 εὐχῇ
2482 3802 2654 3865 πάλιν,
2689 3802 2815 3854 αλλὰ
2866 3808 2955 3855 καὶ
3014 3806 3080 3855 τὰ
3126 3806 3248 3878 παρ’
3298 3806 3492 3857 ἑαυτῶν
3540 3812 3903 3881 συνεισφέρειν,

2314 3896 2402 3942 καὶ
2440 3896 2533 3949 τὴν
2581 3892 2769 3943 ἄνωθεν
2817 3890 3173 3945 ἐπικαλεῖσθαι
3232 3892 3497 3965 βοήθειαν.
3552 3896 3631 3947 Δι’
3690 3896 3906 3954 ἀλλήλων

2314 3982 2415 4054 γὰρ
2444 3987 2611 4032 ταῦτα
2641 3982 3062 4054 συμμαχούμενα
3089 3985 3485 4056 κατορθοῦνται.

2390 4160 2565 4211 Πάντα
2621 4190 2687 4199 -
2744 4157 2940 4221 αὐτοῖς.
3020 4158 3152 4214 Ὀσα
3199 4168 3315 4236 περὶ
3382 4161 3589 4236 ἀγάπης
3650 4162 3910 4239 προλαϐὼν

2317 4248 2675 4319 ἐνομοθέτησε,
2712 4251 2881 4301 πάντα
2937 4258 3023 4301 νῦν
3067 4252 3116 4301 ἐν
3170 4261 3240 4303 τῶ
3300 4251 3498 4325 βραχεῖ
3551 4257 3724 4326 τούτῳ
3788 4255 3914 4324 λόγῳ

2318 4336 2816 4409 ἁνεκεφαλαιῶσατο,
2898 4344 2989 4390 καὶ
3063 4345 3326 4411 συντόμως
3408 4338 3622 4405 ἐδίδαξε
3705 4350 3915 4416 πρᾶγμα

2315 4423 2500 4499 ῥᾴδιον
2556 4446 2607 4477 τε
2658 4432 2746 4478 καὶ
2790 4423 3145 4494 δικαιότατον,
3206 4431 3379 4494 εἰπὼν,
3431 4435 3506 4483 ὅτι
3563 4435 3765 4497 Πάντα,
3823 4434 3918 4485 ὅσα

2316 4514 2377 4566 ἂν
2437 4514 2632 4580 θελητε,
2711 4517 2792 4568 ἶνα
2847 4525 3067 4569 ποιῶσιν
3136 4520 3257 4591 ὑμῖν
3334 4522 3381 4571 οἱ
3451 4521 3749 4593 ἄνθρωποι,
3830 4526 3915 4573 καὶ

2317 4605 2464 4676 ὑμεῖς
2516 4611 2729 4671 ποιεῖτε,
2774 4605 2972 4668 αὐτοῖς.
3042 4608 3193 4659 Οὐτω
3247 4604 3305 4660 δε
3355 4608 3533 4669 αὐτοῖς
3582 4618 3759 4663 ταῦτα
3814 4629 3917 4662 ποι-

2318 4700 2436 4763 εῖτε,
2494 4695 2561 4753 ὡς
2630 4693 2791 4745 θελετε
2854 4694 3074 4755 ἐκείνους
3138 4696 3256 4767 (44)
3309 4704 3474 4750 ταῦτα
3554 4706 3729 4752 ποιεῖν
3782 4702 3914 4772 ὑμῖν,

2318 4783 2438 4854 ὅπερ
2482 4781 2671 4833 ταύτόν
2711 4780 2841 4851 ἐστι,
2887 4783 2956 4853 τῷ
2999 4782 3202 4855 ἀγαπᾷν
3251 4789 3335 4837 τόν
3390 4786 3636 4853 πλησίον,
3689 4791 3755 4850 ὡς
3813 4787 3923 4841 ἑαν-

2318 4873 2425 4922 τόν.
2458 4872 2546 4923 Διὸ
2570 4875 2659 4925 καὶ
2691 4869 2972 4943 ἇπήγαγεν.

2389 4958 2568 5020 Οὕτως
2613 4988 2683 5000 —-
2732 4968 3012 5035 προφῆται.
3074 4961 3226 5016 Οὕτω
3283 4962 3395 5037 (45)
3446 4960 3804 5040 διαλαμϐανει
3842 4968 3924 5018 καὶ

1787 5232 2005 5302 Variae
2044 5231 2369 5304 lectiones
2401 5245 2465 5304 et
2495 5246 2703 5306 notae.

666 5474 754 5536 44)
776 5474 1061 5536 κάκείνους,
1097 5480 1155 5527 Α.

666 5405 753 5462 43)
783 5402 969 5459 lntell.
1000 5420 1115 5456 σου.

666 5405 754 5546 ’13;
783 5403 969 5488 Intell.
1000 5420 1115 5456 σου.

666 5480 731 5531 44
776 5480 1061 5536 κακείνους,
1097 5480 1155 5527 Α.

640 5403 753 5625 its»)
784 5548 894 5604 Pro
933 5548 1115 5608 οὕτως.
1156 5545 1296 5603 dedi
1327 5546 1483 5601 οὕτω.
1519 5545 1586 5603 In
1615 5545 1914 5619 plerisque
1929 5545 2108 5605 codd.

2326 5406 2503 5488 etiam
2531 5412 2668 5488 ante
2698 5424 3051 5488 consonam
3083 5412 3364 5488 reperitur
3393 5408 3574 5476 οὕτως.
3630 5416 3931 5488 Euthymii

2324 5491 2466 5546 ergo
2477 5483 2880 5557 interpretatio
2894 5483 3696 5557 vindicatlectionem,quam
3710 5483 3930 5545 habent

2323 5562 2422 5606 om
2430 5564 2537 5607 nes
2552 5551 2724 5625 probi
2737 5552 2993 5612 codices.
3008 5556 3147 5629 Ejus
3156 5559 3357 5616 autem
3368 5551 3708 5619 auctoritas
3727 5576 3801 5620 eo
3812 5574 3935 5619 ωας
