3990 6206
205 208 271 263 285
1056 198 1423 257 COMMENT.
1463 196 1532 253 IN
1572 194 2024 253 MATTHEUM.
2073 225 2142 237 —
2181 193 2335 252 CAP.
2377 194 2498 252 VII.

3345 194 3449 250 266

201 328 395 388 ὀπαλαιὸς
440 330 596 398 νόμος,
648 330 737 378 καὶ
791 326 842 378 οἱ
889 330 1170 399 προφῆται.
1198 323 1256 375 Ὀ
1276 326 1365 396 μὲν
1394 324 1495 397 γὰρ
1533 324 1690 394 νόμος

1822 320 1989 376 >hetse
2030 319 2447 376 determinant.
2488 319 2599 376 Lex
2657 317 2952 390 siquidem
2993 317 3176 374 dicit:
3225 316 3450 388 Diliges

200 422 319 488 φησίν·
358 416 649 486 ’Δγαπήσεις
707 417 795 467 τὸν
855 413 1075 470 πλησίον
1144 431 1259 479 σου,
1319 413 1384 471 ὡς
1452 415 1686 464 σεᾶυτόνο

190 509 224 558 οἱ
258 513 467 579 προίξῆται
521 500 579 556 δέ
611 503 764 556 πάλιν
823 503 983 555 πολλὰ
1020 506 1138 577 περὶ
1200 496 1538 573 φιλαδελφῖας
1588 506 1692 559 τοῖς

189 592 398 654 Ἰουδαίοις
446 597 754 666 παρῄνεσαν.
815 591 970 646 Ἀλλὰ
1024 595 1111 642 καὶ
1166 593 1296 664 πρὸς
1343 592 1432 641 τόν
1481 591 1692 660 νομικόν

187 683 461 756 imparati)
493 683 519 733 ὁ
559 685 809 753 Χριστὸς,
866 679 1280 754 ἐπερωτήσαντα,
1345 682 1471 730 ποία
1524 676 1694 734 ἐντολὴ

186 772 330 842 μεγάλη
377 770 418 821 ἐν
463 779 532 840 τῷ
579 775 738 842 νόμῳ,
775 769 1088 842 ἀποκριθεὶς,
1121 772 1238 840 περί
1267 786 1319 819 τε
1344 776 1432 826 τῆς
1472 767 1540 827 εἰς
1566 769 1694 819 Θεὸν

185 862 350 931 ἀγάπης,
377 863 453 910 καὶ
486 863 603 932 περὶ
640 867 735 918 τῆς
761 859 833 919 εἰς
877 861 964 908 τόν
1012 856 1253 921 πλησίον,
1301 854 1563 927 ἄπὴνεσγκε,
1616 859 1696 906 ὅτε

182 951 242 1004 Ἐν
279 951 464 1009 ταύταις
498 954 611 1008 ταῖς
657 943 815 999 δυσὶν
858 945 1078 1008 ἐντολαῖς
1120 941 1146 997 ὅ
1190 963 1339 1016 νόμος
1382 943 1493 1006 ὅλος
1530 944 1698 996 κοίὶοὶ

184 1045 398 1111 τηρῆται,
418 1041 716 1110 κρέμανται,
744 1039 1007 1104 τουτέστι,
1029 1043 1128 1086 τῶν
1161 1030 1259 1086 δύο
1288 1036 1481 1086 τούτων
1509 1032 1697 1106 μᾶλλον

178 1125 463 1198 ἐκκρίμανται,
492 1130 612 1198 περὶ
647 1133 748 1177 τῶν
801 1121 897 1176 δύο
938 1126 1129 1176 τούτων
1185 1118 1528 1196 διαφερόντως
1576 1116 1697 1175 δια-ἓ

178 1213 452 1284 λαμϐάνουσι,
490 1218 583 1266 καί
613 1215 997 1287 προηγούμενον
1047 1213 1242 1264 σκοπόν
1296 1213 1486 1281 ἔχουσι
1544 1206 1697 1263 διδοί-

177 1302 237 1363 ξαι
280 1307 382 1364 τοὺς
435 1301 734 1376 ἀνθρώπους
789 1299 994 1373 ἀγαπᾷν
1028 1302 1118 1373 μὲν
1174 1303 1261 1352 τὸν
1303 1302 1450 1364 Θεὸν,
1515 1317 1563 1350 εν
1626 1306 1697 1369 τῷ

175 1389 364 1442 εὐσεϐεῖν·
619 1387 679 1444 δέ
697 1394 789 1443 καὶ
814 1389 1061 1451 ἀλλήλους
1089 1387 1138 1440 ἓν
1157 1396 1228 1460 τῷ
1275 1393 1346 1460 μή
1381 1384 1582 1440 ἀδικεῖν
1612 1391 1698 1440 τὸν

170 1478 347 1533 πλνσίον.

222 1567 347 1620 Ἐστι
373 1564 428 1621 δὲ
455 1573 546 1621 καὶ
586 1567 770 1643 ἑτέρως
821 1566 997 1634 εἰπεῖν,
1037 1567 1118 1618 ὅτι
1146 1564 1258 1626 ὅλος
1287 1566 1313 1617 ό
1362 1569 1516 1638 νόμος
1541 1570 1631 1618 καὶ⁵
1651 1567 1698 1619 οἱ

1799 410 2140 479 proximum
2164 416 2317 465 tuum
2335 409 2483 466 sicut
2505 416 2558 465 te
2580 409 2772 478 ipsum
2802 410 2868 463 ³⁷.
2889 407 3194 478 Propheta;
3210 423 3451 480 quoque

1803 498 1989 552 multa
2018 497 2092 552 de
2120 498 2378 554 fraterno
2408 513 2611 553 amore
2657 497 2892 553 Iudaeos
2941 496 3231 553 exhortati
3268 502 3450 564 sunt;

1803 585 1908 641 sed
1934 592 1992 642 et
2028 587 2290 642 Christus
2341 587 2401 642 in
2433 586 2820 659 sequentibus
2866 585 3254 655 interroganti
3283 585 3456 655 legis-

1804 676 2014 746 perito,
2036 676 2201 748 quod
2218 681 2372 732 esset
2397 676 2750 732 mandatum
2778 691 3066 746 magnum
3096 676 3155 731 in
3186 675 3335 746 lege,
3353 675 3456 731 ubi

1804 763 1879 818 de
1902 765 1999 818 Dei
2020 780 2090 819 ac
2107 764 2362 836 proximi
2382 780 2585 820 amore
2607 764 3037 836 respondisset,
3065 764 3326 820 subdidit
3356 780 3367 820 :
3391 764 3456 819 In

1807 853 1899 908 his
1928 852 2138 907 duobus
2181 854 2480 909 mandatis
2518 854 2784 910 universa
2837 855 2935 910 lea:
2965 854 3180 922 pendet
3226 859 3280 909 et
3309 868 3449 922 pro-

1803 941 1992 1012 phetae
2016 943 2061 975 ³⁸
2088 941 2204 996 hoc
2235 947 2340 1005 est,
2364 942 2454 997 his
2485 941 2720 998 duobus
2750 942 2944 1012 magis
2966 957 3236 1014 appensa
3285 944 3456 997 sunt:

1808 1028 1961 1084 circa
1988 1029 2115 1084 haec
2144 1030 2266 1084 duo
2293 1032 2486 1100 magis
2513 1031 2742 1102 egregie
2783 1035 3034 1086 tractant
3071 1047 3142 1086 ac
3175 1033 3455 1088 narrant:

1806 1116 1868 1172 id
1894 1131 2002 1188 pro
2033 1133 2211 1190 scopo
2239 1118 2553 1186 habentes,
2593 1125 2656 1175 ut
2685 1119 2959 1175 homines
2993 1119 3249 1175 doceant
3274 1122 3460 1175 Deum

1807 1205 2056 1263 colendo
2088 1223 2312 1273 amare,
2353 1223 2424 1265 ac
2454 1224 2515 1265 se
2546 1208 2824 1280 invicem,
2857 1208 2918 1264 in
2967 1207 3131 1266 nullo
3161 1207 3325 1266 alteri
3358 1223 3462 1264 no-

1808 1294 2022 1354 cendo.

1879 1567 2075 1620 Potest
2102 1579 2344 1636 quoque
2381 1567 2440 1620 et
2468 1564 2583 1620 alio
2637 1564 2818 1621 modo
2879 1563 3013 1631 dici,
3062 1565 3225 1638 quod
3263 1564 3462 1623 omnis

169 1665 375 1728 προφῆται
399 1658 488 1718 τὰς
516 1653 617 1708 δύο
646 1655 852 1716 ἐντολὰς
887 1656 1076 1715 ταύτας
1103 1658 1378 1713 κέκτηνται
1405 1654 1578 1727 ῥίζαν,
1610 1658 1699 1706 καὶ

1822 1668 1898 1709 ex
1936 1669 2008 1709 ac
2049 1653 2358 1724 prophetae
2401 1653 2529 1709 haec
2559 1653 2681 1710 duo
2710 1660 3011 1726 praecepta
3053 1653 3279 1712 habent
3325 1660 3460 1712 tan-

165 1746 314 1810 αὲτίαν,
339 1751 417 1798 καὶ
442 1745 698 1819 ἀφορμήν.

217 1833 446 1887 Εὶσίλθετε
505 1865 578 1875 -
661 1832 850 1895 πύλης.
910 1836 1092 1891 Στενὴν
1155 1831 1320 1890 πύλην
1382 1831 1545 1896 καλεῖ,
1604 1837 1699 1891 τὴν

164 1924 346 1982 ἄσκησιν
396 1931 492 1976 τῶν
544 1923 757 1996 ἀρετῶν⁹
817 1921 982 1979 πύλην
1013 1923 1125 1994 μὲν,
1171 1923 1241 1981 ὡς
1293 1921 1608 1992 εἰσάγουσαν
1634 1921 1701 1982 εἰς

165 2018 231 2068 τὴν
256 2013 376 2072 ζωὴν
402 2016 488 2070 τὴν
533 2011 762 2064 αἰώνιον·
813 2015 984 2068 στενὴν
1045 2006 1124 2075 δε,
1156 2011 1226 2072 ὡς
1269 2011 1701 2082 παρασκευάζου-

164 2119 234 2151 σαν
256 2106 356 2161 τοὺς
382 2101 782 2176 εἰσερχομένους
844 2105 1034 2165 πονεῖν,
1092 2102 1181 2150 καὶ
1231 2093 1432 2172 ἱδροῦν,
1476 2103 1564 2150 καὶ
1595 2099 1701 2151 θλί-

163 2188 321 2254 ϐεσθαι,
369 2195 553 2262 μέχρις
599 2188 659 2240 ἃν
701 2185 970 2253 διελθωσι,
1027 2191 1114 2240 καὶ
1172 2190 1242 2249 ὡς
1296 2191 1366 2259 μὴ
1418 2193 1702 2261 χωροῦσαν

159 2282 249 2338 τούς
293 2286 470 2350 παχεῖς
509 2285 624 2338 ταῖς
670 2277 968 2350 ἁμαρτίαις,
1028 2273 1121 2329 διὰ
1161 2279 1254 2334 τὴν
1304 2274 1590 2333 λεπτότητα
1613 2282 1704 2336 τῆς

159 2363 377 2439 ἀκριϐείας
437 2367 622 2438 αὐτῆς,
669 2367 765 2427 ἕως
820 2365 881 2418 ἂν
935 2364 1228 2419 ἀπόθωνταε
1279 2368 1338 2416 τὸ
1388 2366 1565 2435 πάχος
1614 2372 1704 2425 τῆς

157 2453 388 2529 ἁμαρτίας.

208 2639 307 2686 ’Θτι
333 2665 392 2676 —
422 2633 612 2696 αὐτῆς.
656 2632 817 2686 Πάλιν
847 2632 1082 2704 ὠνόμασε
1118 2629 1284 2688 πύλην
1322 2635 1413 2683 καὶ
1445 2627 1589 2695 ὁδὸν,
1615 2633 1705 2687 τὴν

153 2719 431 2790 φιληδονίαν·
455 2723 626 2780 πύλην
777 2725 868 2773 καὶ
898 2717 1043 2786 ὁδόν,
1071 2723 1140 2782 ὡς
1182 2719 1489 2790 ἁπάγουσαν
1520 2719 1588 2778 εἰς
1615 2722 1707 2776 τὴν

152 2809 346 2861 κόλασιν·
378 2814 574 2868 ταύτην
622 2812 726 2882 γάρ
764 2818 850 2861 νῦν
898 2809 1151 2861 ἀπωλειαν
1180 2808 1340 2879 λέγει·
1385 2806 1627 2859 πλατεῖαν
1649 2803 1707 2858 δὲ

150 2905 219 2949 καὶ
274 2899 589 2974 εὐρύχωρον,
650 2901 722 2959 ὡς
768 2894 970 2970 μηδένα
1021 2901 1172 2950 πόνον
1208 2895 1549 2970 παρέχουσαν
1603 2902 1708 2955 τοῖς

150 2990 492 3060 εἰσερχομένοις
549 2985 628 3040 δι’
659 2986 840 3050 αύτῆς,
893 2983 1072 3039 διὰτὸ
1130 2984 1368 3039 ἁόοιστον
1418 2988 1582 3046 αὐτῆς
1617 2987 1707 3036 καὶ

148 3075 289 3128 ἄνετον
311 3081 396 3128 καὶ
422 3076 855 3149 ἀπαρατήρητον.

199 3251 252 3306 Τί
283 3257 425 3311 στενή
459 3284 528 3293 -
559 3253 723 3313 ζωήν.
769 3254 838 3305 Τὸ
882 3255 955 3321 τί,
986 3249 1100 3303 ἀντὶ
1140 3251 1252 3322 (47)
1282 3256 1375 3303 τοῦ
1423 3250 1577 3303 πάνυ.
1610 3255 1709 3303 Με-

148 3338 319 3405 γαλύνει
343 3343 443 3414 γὰρ
483 3346 584 3400 τήν
642 3345 926 3398 στενότητα
956 3343 1043 3392 καί
1081 3342 1140 3392 τὸ
1169 3338 1396 3415 θλιϐερόν
1419 3338 1548 3397 αὐτῆ
1560 3358 1600 3402 ς,
1627 3339 1710 3390 ἵνα

149 3431 472 3499 προμαθόντες
497 3430 641 3483 αύτὰ
671 3427 1012 3504 διεγερθῶμεν
1037 3428 1112 3490 εἰς
1140 3427 1339 3500 ἀγῶνας
1385 3432 1474 3480 καὶ
1508 3445 1710 3502 παρασ-

145 3520 438 3590 κευασθῶμεν
466 3519 537 3580 εἰς
569 3521 837 3587 ὑπομονὴν
875 3521 964 3570 καὶ
988 3520 1262 3590 καρτερίαν
1290 3524 1389 3568 τῶν
1410 3520 1603 3573 πόνων.
1640 3519 1709 3568 Τό

145 3606 224 3679 γὰρ
278 3612 706 3680 προεγνωσμένου
767 3610 858 3658 καὶ
921 3601 1412 3680 προσδεδοκημένον
1458 3604 1708 3677 λυπηρὸν,

148 3692 477 3770 εὐχερέστερον
515 3701 611 3749 καὶ
658 3699 964 3770 κουφότερον
1009 3695 1154 3747 εἴωθε
1191 3697 1556 3768 προσπίπτειν.
1588 3699 1710 3745 Βου-

146 3778 317 3852 hanc;
345 3787 432 3856 μὶν
474 3781 567 3836 οὖν
608 3783 916 3856 ἐναγωνίους
945 3787 1034 3835 καὶ
1062 3785 1394 3855 καρτερικούς
1424 3777 1550 3833 εἶναι
1591 3786 1714 3844 τοὺς

145 3872 364 3937 μαθητὰς,
417 3870 664 3932 ἐδήλωσε
705 3876 763 3924 τὸ
823 3875 1144 3944 στενόχωρον
1195 3875 1285 3922 καὶ
1333 3865 1594 3923 ἐπώδυνον
1623 3879 1714 3932 τῆς

148 3957 348 4030 εἰρημένη
361 3981 381 4022 ς
407 3958 565 4016 ὀδοῦ.

199 4139 662 4210 Παραριυθοᾶμενος
712 4132 772 4190 δὲ
813 4140 908 4196 την
958 4134 1181 4189 ἐντεῦθεν
1225 4136 1592 4203 κακοπάθειαν,
1625 4140 1714 4189 καὶ

145 4225 366 4294 κουφίζων
397 4230 455 4279 τό
506 4225 757 4278 ἐπίπονον
781 4225 964 4292 αὐτῆς,
1005 4220 1237 4290 ἐδίδαξε,
1264 4232 1364 4277 ποῦ
1391 4223 1600 4296 ἁπὰγει,
1637 4226 1716 4279 ὅτι

143 4309 198 4370 εἰς
223 4317 305 4370 τήν
335 4315 497 4380 ζωὴν,
549 4311 772 4372 δηλαδὴ
822 4318 915 4372 τὴν
944 4313 1168 4366 αἰώνιον·
1205 4315 1306 4379 ἵνα,
1359 4315 1476 4366 ὅταν
1514 4311 1714 4385 βλέπων

1806 1757 1989 1814 quam
2017 1741 2303 1810 radicem,
2326 1757 2434 1798 can
2445 1757 2576 1798 sam
2597 1746 2654 1797 et
2677 1751 3122 1811 argumentum.

1881 1833 2040 1886 Vers.
2077 1831 2159 1886 13.
2204 1832 2433 1887 Intrate
2470 1860 2539 1871 —
2562 1837 2802 1901 portam.
2852 1831 3182 1902 Angustam
3221 1837 3461 1903 portam

1807 1923 1980 1975 vocat
2044 1918 2330 1974 virtutum
2395 1919 2823 1990 operationem.
2894 1921 3132 1975 Portam
3191 1919 3456 1991 quidem,

1809 2011 2101 2079 tanquam
2130 2007 2209 2062 ad
2251 2011 2436 2062 vitam
2477 2010 2753 2062 aeternam
2807 2006 3280 2064 introducentem
3311 2024 3324 2075 ;
3358 2024 3462 2066 an-

1809 2100 2048 2167 gustam
2079 2110 2236 2162 vero,
2284 2100 2351 2151 ut
2401 2110 2536 2167 quae
2577 2094 2979 2166 ingredientes
3037 2101 3333 2169 praeparet
3383 2098 3461 2154 ad

1809 2185 2048 2242 labores
2109 2199 2180 2240 ac
2236 2181 2589 2239 afﬂictiones
2639 2188 2832 2240 donec
2883 2186 2957 2241 ad
3032 2185 3217 2242 ﬁnem
3260 2201 3463 2258 perve-

1812 2276 1997 2330 niant.
2022 2272 2171 2338 Quia
2201 2271 2353 2329 enim
2381 2277 2546 2328 arcta
2574 2276 2662 2328 est
2705 2273 2784 2330 ob
2811 2289 2984 2330 suam
3011 2273 3456 2347 perfectionem,

1813 2362 2089 2418 dicuntur
2151 2361 2310 2416 illam
2366 2376 2490 2417 non
2560 2377 2741 2434 posse
2801 2362 3051 2433 ingredi,
3116 2364 3217 2436 qui
3272 2365 3462 2422 crassi

1815 2456 1954 2506 sunt
1977 2449 2256 2520 peccatis,
2303 2449 2490 2506 donec
2543 2455 2925 2522 peccatorum
2957 2467 2994 2509 a
3041 2468 3102 2509 se
3153 2453 3460 2525 pinguedi-

1811 2555 1951 2596 nem
1980 2538 2293 2610 expellant.

1886 2631 2041 2684 Vers.
2077 2628 2162 2681 13.
2199 2628 2344 2695 Quia
2384 2659 2455 2670 —
2493 2644 2645 2686 eam.
2680 2629 2956 2687 Similiter
2997 2629 3156 2686 viam
3215 2645 3284 2686 ac
3330 2647 3465 2703 por-

1815 2720 1939 2773 tam
1981 2716 2305 2772 nominavit
2357 2718 2725 2789 voluptatum
2764 2735 3029 2775 amorem
3085 2723 3370 2793 tanquam
3404 2722 3464 2777 in

1818 2806 2177 2878 supplicium
2211 2805 2647 2862 abducentem:
2683 2807 2743 2862 id
2793 2807 2949 2863 enim
3005 2814 3176 2864 vocat
3201 2809 3299 2864 hic
3339 2825 3464 2882 per-

1816 2894 2120 2950 ditionem.
2183 2896 2385 2951 l.atam
2419 2900 2619 2951 autem
2665 2899 2721 2952 et
2767 2898 3115 2969 spatiosam,
3147 2899 3291 2971 quia
3336 2900 3467 2956 nul-

1815 2983 1940 3039 lum
1970 2983 2198 3054 praebet
2221 2983 2486 3040 laborem
2519 2985 2989 3055 ingredientibus
3014 3003 3116 3056 per
3137 3002 3293 3054 eam,
3327 3004 3464 3045 cum

1812 3071 2131 3141 indulgens
2150 3072 2240 3136 sit,
2260 3073 2424 3128 nullo
2445 3074 2656 3130 clausa
2672 3076 2943 3145 termino,
2963 3076 3126 3133 nullo
3151 3078 3468 3136 observata

1814 3161 2081 3217 custode.

1885 3249 2044 3304 Vers.
2097 3251 2178 3304 14.
2237 3249 2422 3316 Quam
2453 3258 2706 3320 angusta
2759 3283 2826 3293 —
2873 3253 3077 3309 vitam.
3136 3257 3228 3319 Τὸ,
3260 3270 3464 3326 quam,

1815 3351 1924 3410 pro
1953 3337 2124 3393 valde
2158 3338 2421 3409 ponitur.
2465 3340 2796 3407 Exaggerat
2824 3340 2982 3395 enim
3011 3340 3356 3412 angustiam
3395 3357 3467 3399 ac

1817 3425 2295 3481 constrictionem
2312 3425 2521 3498 ipsius,
2546 3431 2609 3482 ut
2625 3427 2714 3483 his
2739 3429 3036 3500 congnitis
3057 3429 3136 3485 ad
3168 3434 3471 3487 certamen

1817 3515 2163 3579 excitemur,
2181 3519 2237 3571 et
2257 3531 2650 3587 przeparemur
2679 3517 2756 3572 ad
2782 3517 3056 3574 laborum
3090 3518 3470 3577 tolerantiam

1819 3618 1888 3658 ac
1934 3603 2353 3660 constantiam.
2406 3605 2555 3661 Nam
2597 3605 2762 3677 quod
2817 3620 2889 3661 ex
2939 3621 3003 3661 se
3055 3607 3216 3663 triste
3271 3612 3383 3675 est,
3423 3609 3474 3665 si

1818 3691 2246 3764 praecognitum
2279 3691 2448 3749 fuerit
2476 3709 2546 3750 ac
2571 3694 3044 3767 praecogitatum,
3078 3696 3183 3752 ubi
3211 3697 3476 3769 contige-

1817 3781 1912 3847 rit,
1942 3779 2174 3838 facilius
2209 3797 2279 3838 ac
2326 3781 2518 3838 levius
2547 3782 2779 3839 tolerari
2829 3783 2998 3840 solet.
3032 3784 3245 3842 Volens
3274 3786 3475 3859 itaque

1820 3869 2167 3942 discipulos,
2195 3871 2588 3927 certaminum
2607 3872 2964 3945 prmvalidos
2989 3873 3112 3929 fieri
3142 3875 3473 3947 praefectos,

1820 3957 2224 4014 manifestavit
2245 3958 2402 4015 viam
2421 3960 2762 4032 praedictam
2785 3977 2913 4017 esse
2933 3967 3254 4035 angustam
3283 3981 3352 4022 ac
3371 3966 3474 4023 do-

1818 4046 1938 4102 lore
1966 4046 2228 4118 plenam.

1893 4134 2152 4206 Cupiens
2181 4139 2380 4191 autem
2404 4152 2505 4193 eos
2538 4139 2855 4209 consolari,
2899 4140 2978 4196 ob
3008 4156 3144 4198 eam
3171 4159 3308 4216 quae
3337 4143 3476 4200 inde

1822 4222 2089 4295 sequitur
2132 4221 2553 4281 aﬂlictionem:
2607 4231 2666 4281 et
2703 4227 2991 4284 allevians
3052 4232 3218 4301 quod
3283 4232 3344 4286 in
3405 4249 3476 4289 ea.

1820 4311 2191 4369 laboriosum
2243 4315 2352 4378 est,
2416 4313 2753 4374 manifestat
2779 4332 2902 4388 quo
2977 4317 3166 4384 ducat,
3209 4323 3350 4390 puta
3398 4321 3477 4377 ad

141 4397 191 4460 εἰς
209 4405 313 4463 τούς
341 4406 554 4468 πόνους,
595 4402 846 4475 ἰλιγγιᾷς,
887 4400 1178 4473 ἀποϐλέψας
1207 4401 1275 4463 εἰς
1294 4404 1352 4454 τό
1377 4382 1524 4463 τέλος
1548 4401 1705 4456 αὐτῶν

1822 4402 2028 4472 vitam,
2071 4400 2344 4458 videlicet
2401 4407 2702 4471 aeternam,
2760 4410 2822 4461 ut
2878 4407 3022 4462 dum
3062 4406 3205 4462 visis
3262 4408 3476 4465 labori-

143 4490 451 4563 παροξυνθῇς,
483 4499 611 4553 ταῖς
651 4499 739 4552 τῆς
791 4487 1101 4552 ἀντιδόσεως
1148 4489 1321 4544 ἕλπίσι
1362 4494 1710 4566 νευρούμενος.

144 4575 201 4625 0-5
243 4583 396 4653 μικρὰ
455 4577 519 4634 δὲ
564 4584 894 4652 παρηγορία,
946 4583 1035 4632 καὶ
1115 4582 1174 4632 τὸ
1236 4579 1454 4632 καλέσαι
1519 4583 1713 4638 ταύτην

139 4663 276 4722 πύὶιῖν
302 4675 387 4722 καὶ
411 4666 564 4724 ὁδόν.
605 4673 710 4722 Καὶ
752 4668 905 4741 ἄμφω
945 4671 1046 4743 γὰρ
1086 4664 1497 4742 παροδευόμενὰ,
1538 4673 1627 4721 καὶ
1655 4669 1712 4720 οὐ

138 4770 314 4827 μσνιμο.

197 5021 234 5058 ⁸⁷
263 5025 444 5085 Levit.
474 5042 594 5098 nx,
637 5025 703 5083 18
779 5024 827 5062 ³⁸
853 5023 1058 5083 Matth.
1103 5038 1242 5091 χιιι,
1273 5022 1361 5092 36,
1391 5021 1480 5081 40.

1818 4490 1934 4546 bus
1986 4489 2270 4557 anxiaris,
2331 4490 2386 4546 in
2434 4491 2608 4547 ﬁnem
2663 4493 2925 4564 ipsorum
2993 4494 3315 4567 respiciens
3379 4513 3479 4554 ex-

1823 4579 2040 4649 citeris,
2140 4580 2365 4637 viribus
2450 4597 2486 4637 a
2572 4597 2678 4653 spe
2746 4583 3142 4639 retributionis
3236 4585 3474 4642 additis.

1820 4670 2025 4740 Neque
2100 4670 2348 4726 minima
2422 4671 2748 4727 consolatio
2815 4677 2925 4739 est,
2993 4689 3204 4731 vocare
3283 4675 3479 4749 ipsam

1820 4762 2062 4830 portam
2090 4774 2160 4815 ac
2189 4759 2352 4816 viam
2385 4776 2398 4816 :
2427 4763 2642 4818 neutra
2685 4761 2978 4835 siquidem
3012 4773 3342 4837 permanet,
3377 4765 3481 4824 sed

1823 4847 2057 4905 transit.

1338 5143 1566 5218 Variae
1603 5148 1932 5218 lectiones
1977 5159 2267 5221 etnotae.

137 5337 223 5419 lor
243 5348 325 5419 est
360 5343 472 5405 hoc
514 5346 684 5419 loco,
725 5344 890 5419 quod
921 5360 960 5402 ο.
988 5344 1402 5419 Chrysostomo
1432 5345 1723 5415 dissentit,

137 5416 647 5543 φῗὲῗτέςὲἓιιιιίὲ.
683 5416 978 5543 ἑ).
1014 5416 1120 5475 291'
1153 5417 1310 5489 ;vu,
1336 5433 1398 5492 p.
1430 5419 1558 5477 451.

463 5509 594 5543 εστο
633 5532 653 5543 -
945 5529 958 5543 .

194 5485 299 5561 (66)
325 5491 356 5543 ὅ
379 5494 653 5564 Χρεστός,
687 5488 863 5546 abest
889 5485 978 5562 Ᾰ..

324 5577 584 5638 Ριτιιοι.
631 5577 751 5636 Gn.
794 5574 1062 5636 CXXIX.

1832 5347 2080 5428 (47)]Γὸ
2153 5353 2206 5402 τι
2278 5349 2473 5428 possit
2553 5351 2726 5411 etiam
2803 5353 2988 5428 accipi

3072 5369 3182 5430 pro
3265 5357 3349 5422 ὡς,
3415 5357 3480 5418 ὡς

1837 5423 2012 5489 στενή,
2041 5435 2227 5494 quam
2256 5424 2538 5494 angusta.

3160 5585 3198 5642 9
