3990 6206
58 28 97 69 ἕ.

40 86 93 131 Ῑνλ

42 168 61 185 ι-

42 240 81 307 ἑ.

44 314 77 341 16

32 364 79 407 κέλ

30 842 87 877 ,ξ’

0 984 37 1035 ἔτ
92 1016 99 1021 -

0 1038 45 1095 ‘r‘t

482 188 585 249 267

473 405 742 479 jucunda
797 410 883 463 est
934 411 991 463 et
1033 408 1159 464 sine
1199 407 1442 464 labore:
1510 408 1607 463 hic
1665 413 1865 463 autem
1926 408 2126 479 pauci,

480 493 627 567 quia
654 494 907 551 difﬁcilis
951 502 1041 552 est
1079 513 1149 553 ac
1197 496 1515 553 laboriosa.
1567 496 1728 553 Scire
1760 500 1961 552 autem
1993 510 2127 551 con-

478 583 655 649 venit,
705 584 869 656 quod
933 600 1094 641 nunc
1154 591 1468 657 angustam
1524 601 1595 642 ac
1656 584 1915 641 strictam
1968 584 2128 639 viam

478 672 730 728 caelestis
778 672 909 729 vita:
980 674 1144 742 dixit,
1185 680 1420 748 pr0pter
1468 675 1895 747 temporariam
1937 673 2126 745 ipsius

480 759 904 832 aﬁlictionem;
946 762 1090 819 alibi
1127 780 1270 820 vero
1300 780 1483 820 suave
1526 763 1668 820 dicit
1701 763 1916 834 jugum
1957 777 2127 817 man-

478 849 758 907 datorum
800 867 1069 922 suorum,
1120 857 1177 909 et
1205 868 1358 909 onus
1408 858 1844 926 prteceptorum
1880 865 2128 907 suorum

475 937 605 996 leve
646 940 717 1005 ιθ,
773 939 853 997 01)
905 956 1075 1013 spem
1124 946 1487 999 aeternorum
1539 941 1853 997 bonorum.
1937 939 2127 996 Virtus

478 1026 638 1083 enim
679 1028 876 1097 gravis
926 1028 1173 1101 quidem
1222 1034 1309 1086 est
1380 1037 1623 1102 propter
1683 1029 1951 1086 laborum
2003 1042 2128 1083 mo-

476 1115 729 1181 lestiam,
760 1116 904 1173 levis
934 1123 1129 1175 autem
1167 1123 1410 1192 propter
1444 1118 1886 1175 retributionem
1920 1135 1934 1173 :
1996 1130 2125 1171 sen-

479 1220 730 1277 sumque
755 1205 980 1263 doloris
1018 1208 1247 1278 mitigat
1276 1224 1345 1266 ac
1375 1212 1654 1265 extenuat
1703 1207 1881 1264 futuri
1908 1220 2127 1278 exspe-

479 1293 656 1350 ctatio
682 1294 908 1364 gaudii.

549 1381 712 1438 Vers.
750 1388 841 1442 i5.
879 1384 1175 1441 Cavete—
1218 1400 1481 1455 rapaces.
1542 1388 1861 1458 Postquam
1913 1384 1987 1440 de
2032 1383 2130 1440 via

479 1468 642 1535 dixit,
688 1471 854 1527 addit
894 1477 951 1529 et
1001 1473 1075 1528 de
1116 1472 1207 1528 his
1260 1489 1395 1545 quae
1426 1489 1532 1544 per
1574 1474 1734 1529 viam
1784 1472 1845 1527 in
1897 1471 2128 1528 insidiis

476 1563 783 1632 ponuntur
845 1564 909 1616 ut
947 1561 1286 1617 attentiores
1338 1578 1408 1617 ac
1464 1561 1866 1632 vigilantiores
1919 1561 2124 1616 simus.

1794 191 2152 253 EUTHYMII
2187 190 2514 251 ZIGABENI

550 317 716 373 Vers.
762 321 847 373 14.
896 318 976 374 Et
1014 349 1081 359 —-
1129 333 1279 376 eam.
1340 318 1427 375 Ibi
1472 317 1719 391 quidem
1772 318 1944 374 multi
1982 317 2130 389 quia
2160 319 2207 373 A

2318 322 2417 369 Καὶ
2445 348 2504 356 -
2538 315 2715 375 αὐτὴν.
2748 316 2882 369 Ἐκεῖ
2900 319 2989 388 μεν
3019 314 3219 385 πολλοὶ,
3246 311 3340 368 διὰ
3358 316 3416 365 τό
3447 309 3553 371 ἡδὺ
3588 317 3677 364 καὶ
3700 313 3824 364 ἄπο-

2236 424 2339 459 νον·
2369 405 2587 458 ἐνταῦθα
2610 402 2669 458 δε
2699 405 2881 477 ὀλίγοι,
2916 402 3011 458 διὰ
3068 408 3126 457 τό
3176 408 3359 478 πικρόν
3390 408 3481 455 καὶ
3517 400 3817 474 ἐπίμοχθον.

2239 500 2502 569 Προσὴκει
2533 491 2592 546 δε
2619 500 2915 565 γινώσκειν,
2942 495 3021 546 ὅτι
3049 502 3135 545 νῦν
3167 496 3257 565 μὲν
3286 496 3466 550 στενὴν
3490 496 3580 543 καὶ
3628 489 3825 561 τεθλιμ-

2236 589 2390 657 μένην
2416 588 2507 641 τὴν
2539 581 2702 641 πύλην
2731 588 2821 635 καὶ
2859 587 2951 641 τὴν
2982 580 3103 635 ὁὸὁν
3150 590 3238 642 τῆς
3286 585 3494 632 αἰωνίου
3528 580 3661 640 ζωῆς
3688 581 3823 649 εἶρηο

2236 693 2311 737 κε,
2357 670 2451 725 διὰ
2500 677 2594 731 τὴν
2639 675 2960 746 πύοσκαιρον
2992 672 3154 733 αὐτῆς
3177 671 3544 723 κακοπάθειαν·
3591 663 3823 739 ἀλλαχοῦ

2237 758 2296 815 δὲ
2315 766 2555 837 χρηστὸν
2598 761 2730 833 λέγει
2777 765 2862 813 τόν
2904 762 3061 832 ζυγόν
3114 768 3214 812 τῶν
3268 758 3477 812 ἐντολῶν
3534 758 3691 810 αὐτοῦ
3735 760 3824 807 καὶ

2236 855 2293 904 τό
2326 856 2529 925 φορτίον
2560 859 2658 902 τῶν
2713 850 3074 923 ἐπιταγμάτων
3118 849 3276 901 αὐτοῦ
3320 847 3553 921 ίλαφρόν,
3598 842 3690 898 διὰ
3730 850 3823 901 τήν

2234 942 2408 1013 χαρὰν
2467 936 2561 1001 τῆς
2601 935 2805 1000 ἐλπίδος
2855 948 2955 991 τῶν
2995 938 3238 991 αἰωνίωνο
3272 936 3506 1009 ἀγαθῶν.
3556 934 3615 987 Ἠ
3667 932 3817 1005 ἁρετή

2234 1033 2332 1102 γὰρ
2390 1027 2578 1103 βαρεῖα
2767 1027 2897 1094 ἔστι,
2963 1024 3056 1080 διά
3101 1031 3160 1080 τό
3215 1028 3439 1098 ἒπαχθὲς
3489 1033 3589 1076 τῶν
3636 1028 3815 1076 πόνων

2236 1117 2427 1191 ἐλαφρὰ
2456 1114 2534 1183 δε,
2567 1113 2659 1169 διὰ
2700 1122 2793 1175 τὴν
2841 1113 3131 1183 ἀντίδοσιν,
3178 1120 3267 1169 καὶ
3314 1120 3408 1173 τὴν
3456 1115 3703 1170 αἴσθησιν
3730 1119 3818 1172 τῆς

2237 1204 2559 1282 δριμύτητος
2588 1207 2801 1279 πραΰνει
2825 1211 2915 1259 καὶ
2943 1206 3129 1259 λεαίνει
3166 1207 3196 1264 ἠ
3242 1200 3541 1279 προσδοκία
3580 1210 3673 1264 τῆς
3708 1199 3819 1273 μελ-

2236 1295 2433 1357 λούσης
2460 1302 2654 1371 χαρᾶς.

2309 1390 2604 1460 Προσέχετε
2666 1416 2735 1427 -
2799 1385 3047 1459 ἅρπαγες,
3110 1384 3283 1438 Εἰπὼν
3341 1387 3459 1458 περὶ
3515 1390 3607 1443 τῆς
3673 1376 3818 1445 ὀδοῦ,

2236 1476 2559 1547 προστίθησι
2584 1478 2672 1525 καὶ
2698 1477 2813 1547 περὶ
2838 1481 2935 1525 τῶν
2961 1471 3387 1525 ἐπιϐουλευόντων
3404 1473 3535 1523 κατὰ
3555 1474 3648 1527 τὴν
3678 1465 3820 1537 ὀδόν,

2238 1564 2322 1615 ἳνα
2385 1568 2852 1635 προσεκτικώτεροι
2930 1567 3018 1615 καὶ
3087 1561 3455 1634 νηφαλεῶτεροι
3512 1556 3663 1631 ὦμεν⁸
3719 1556 3822 1609 ἀλλ’

479 1648 547 1705 Ει
592 1649 654 1705 in
677 1650 1149 1721 praecedentibus
1178 1650 1445 1724 quidem,
1485 1651 1561 1707 de
1590 1651 1841 1708 canibus
1878 1666 1947 1707 ac
2003 1666 2129 1722 por-

2252 1652 2408 1704 Ξπίσω
2459 1653 2549 1723 μεν
2598 1655 2715 1723 περὶ
2774 1659 2938 1702 κυνῶν
2976 1654 3066 1703 καὶ
3094 1654 3291 1723 χοίρων
3322 1645 3578 1710 ἐδίδαξεν·
3607 1646 3822 1699 ἐνταῦθα

480 1736 563 1793 cis
615 1738 818 1795 docuit
850 1755 864 1804 ;
895 1738 992 1794 hic
1042 1755 1182 1796 vero
1230 1739 1393 1796 aliud
1457 1755 1697 1812 quoque
1742 1755 1929 1811 genus
1980 1739 2131 1812 peri-

479 1827 737 1885 culosius
783 1827 1031 1893 inducit,
1088 1829 1373 1902 luporum
1439 1828 1713 1884 videlicet
1763 1828 1939 1885 ovina
1978 1827 2130 1899 pelle

480 1920 872 1974 coniectorum
906 1936 918 1975 :
950 1916 1094 1988 quia
1121 1917 1206 1972 illi
1246 1920 1401 1973 certe
1455 1916 1777 1985 manifesti,
1837 1917 1895 1973 hi
1929 1922 2131 1974 autem

483 2004 815 2063 absconditi
844 2009 977 2060 sunt
1003 2008 1060 2060 et
1093 2004 1325 2061 occulti.

555 2094 766 2149 Dicunt
785 2108 926 2165 ergo
954 2093 1197 2165 quidam
1222 2092 1333 2150 hos
1363 2109 1489 2149 esse
1519 2093 1864 2164 prodigiosa
1895 2098 1951 2150 et
1981 2093 2133 2150 falsa

482 2182 813 2254 loquentes,
867 2196 937 2237 ac
992 2180 1268 2237 homines
1317 2182 1613 2252 quosdam
1666 2182 1791 2237 sine
1843 2182 1984 2249 Deo,
2030 2188 2134 2254 qui

484 2270 750 2328 fallendo
794 2270 1101 2342 plurimos,
1144 2269 1581 2339 obambulant;
1614 2271 1950 2342 nuncupari
1992 2286 2135 2328 vero

487 2359 670 2418 falsos
712 2359 1051 2431 prophetas,
1086 2363 1286 2430 utpote
1337 2359 1537 2415 futura
1579 2359 2023 2416 subindicantes
2064 2375 2133 2416 ac

485 2447 913 2522 praedicentes;
946 2448 1140 2504 venire
1171 2452 1373 2505 autem
1422 2447 1483 2503 in
1514 2448 1876 2504 vestimentis
1906 2449 2130 2516 ovium,

486 2542 775 2610 tanquam
827 2537 890 2593 in
919 2537 1115 2609 ﬁgura
1163 2536 1543 2594 rationalium
1584 2538 1810 2607 ovium,
1856 2553 1988 2610 quae
2020 2537 2132 2597 sub

487 2627 716 2684 Christo
767 2631 1003 2699 pastore
1046 2628 1414 2699 procedunt;
1465 2643 1596 2683 esse
1640 2643 1781 2683 vero
1825 2628 2001 2700 lupos
2042 2643 2132 2684 ra—

486 2733 692 2790 paces,
733 2716 848 2772 hoc
878 2720 984 2785 est,
1017 2716 1192 2772 tacite
1230 2720 1286 2772 et
1310 2716 1578 2773 clanculo
1609 2715 1973 2788 simplicium
2012 2717 2135 2773 ani-

488 2822 621 2863 mas
658 2804 943 2870 fallentes,
979 2808 1037 2860 et
1059 2805 1119 2860 in
1151 2804 1542 2875 perditionem
1574 2804 1993 2876 subripientes.

560 2894 1015 2966 Chrysostomus
1031 2898 1230 2949 autem
1260 2893 1371 2949 hoc
1400 2893 1541 2949 dicit
1577 2908 1709 2950 esse
1748 2893 2133 2957 Christianos,

489 2983 669 3039 vitam
696 2981 939 3053 quidem
966 2981 1252 3038 habentes
1281 2981 1558 3038 nocivam
1587 2998 1657 3039 ac
1714 2982 2132 3054 perniciosam,

489 3070 839 3127 simulantes
865 3074 1066 3127 autem
1092 3070 1422 3127 bonitatem
1453 3087 1523 3127 ac
1553 3072 1847 3143 pietatem,
1876 3088 2135 3145 quorum

489 3160 787 3232 colloquia
839 3165 1232 3232 corrumpunt
1278 3176 1475 3216 mores
1521 3160 1735 3217 bonos.
1787 3160 2137 3233 Exprimens

487 3248 691 3321 itaque
722 3249 978 3306 Christus
1020 3249 1416 3306 differentiam
1465 3265 1502 3305 a
1546 3250 1847 3321 praedictis
1887 3249 2138 3306 canibus

488 3354 559 3397 ac
589 3340 805 3410 porcis,
843 3338 1019 3409 jussit
1071 3338 1189 3395 illis
1242 3338 1490 3411 quidem
1546 3339 1800 3411 mystica
1853 3339 2139 3408 dogmata

487 3443 612 3485 non
650 3428 1027 3493 concredere,
1086 3428 1161 3483 ab
1189 3427 1281 3482 his
1326 3432 1528 3484 autem
1578 3443 1786 3484 cavere
1842 3442 1917 3483 ne
1942 3426 2136 3499 perni-

489 3517 640 3573 ciem
707 3518 971 3587 ipsorum
1064 3516 1487 3586 participemus,
1561 3520 1851 3588 tanquam
1902 3531 1939 3571 a
1998 3514 2137 3572 feris

488 3605 819 3661 venenatis.
883 3607 962 3660 Ne
1041 3604 1351 3660 turbentur
1405 3609 1605 3661 autem
1678 3604 2002 3670 auditores,
2066 3619 2137 3660 eo

491 3692 650 3763 quod
692 3707 810 3748 non
855 3691 1022 3748 facile
1073 3696 1503 3762 cognoscantur
1552 3692 1899 3764 hujusmodi
1946 3692 2138 3749 homi-

487 3795 617 3845 nes,
670 3779 843 3836 docet
894 3779 1072 3836 etiam
1129 3795 1252 3852 quo
1314 3784 1493 3852 pacto
1545 3780 1707 3853 ipsos
1751 3786 2132 3855 cognoscant,

490 3868 694 3924 dicens
723 3891 734 3923 :

560 3966 717 4022 Vers.
762 3967 847 4021 16.
878 3967 927 4021 Α
950 3966 1247 4035 fructibus
1277 3997 1345 4009 -
1374 3982 1485 4024 eos.
1521 3969 1897 4039 Quanquam,
1925 3968 2134 4041 inquit,

487 4054 668 4113 latere
725 4054 1057 4121 videantur,
1123 4061 1387 4113 attamen
1441 4056 1610 4113 facile
1669 4062 2010 4129 arguentur.
2059 4061 2140 4115 Ea

488 4142 648 4198 enim
672 4142 768 4199 via
814 4159 930 4215 qua
969 4159 1132 4200 meos
1163 4144 1481 4217 discipulos
1525 4145 1797 4201 incedere
1833 4147 2005 4217 jussi,
2058 4147 2140 4203 la-

487 4230 724 4289 boriosa
770 4238 857 4288 est
900 4249 970 4288 ac
1008 4232 1282 4302 difﬁcilis,
1342 4248 1450 4290 nec
1508 4237 1761 4305 possunt
1806 4234 2138 4307 hypocrita

485 4337 589 4393 per
618 4337 754 4379 eam
781 4321 1077 4378 incedere.
1111 4322 1631 4388 Quemadmodum
1673 4322 1832 4378 enim
1865 4323 2029 4381 bona
2069 4338 2139 4380 ac

486 4427 778 4482 generosa
798 4411 997 4479 arbor,
1030 4426 1153 4467 non
1183 4427 1219 4468 a
1275 4410 1547 4480 ﬂoribus,
1588 4410 1688 4467 sed
1733 4428 1769 4467 a
1816 4411 2010 4468 fructu
2040 4427 2136 4467 co-

487 4500 791 4570 gnoscitur
824 4517 835 4555 :
868 4502 951 4557 ita
975 4517 1117 4557 sane
1148 4504 1204 4557 et
1238 4500 1350 4556 hos
1381 4516 1502 4556 non
1533 4516 1571 4556 a
1603 4501 1997 4568 sermonibus,
2032 4500 2139 4558 sed

489 4587 567 4643 ab
606 4589 889 4659 operibus
941 4606 1149 4645 eorum
1190 4604 1651 4659 cognoscemus.
1695 4592 1773 4645 De
1821 4590 2043 4661 quibus
2082 4594 2139 4646 et

495 4674 715 4731 Paulus
741 4678 1052 4749 apostolus
1102 4679 1263 4749 dixit,
1313 4678 1464 4750 quod
1504 4694 1610 4751 per
1664 4678 1869 4734 dulces
1917 4693 2138 4735 sermo-

490 4778 596 4819 nes
627 4763 934 4837 decipiunt
979 4765 1155 4822 corda
1194 4765 1557 4839 simplicium
1613 4769 1678 4823 ‘0.
1712 4767 1931 4826 Deinde
1969 4767 2138 4839 ponit

563 4943 608 4979 ⁸³
640 4941 834 5001 Matth.
858 4958 940 5010 x1,
969 4945 1057 4999 30.
1137 4942 1185 4979 ⁴⁰
1214 4941 1382 4999 Rom.
1406 4960 1516 5013 xw,
1552 4945 1642 5001 18.

2241 1738 2300 1794 δε
2339 1742 2505 1813 ἕτερον
2537 1736 2677 1800 εἶδος
2706 1740 3065 1814 χαλεπώτερον
3109 1739 3326 1811 εἰσάγει,
3376 1742 3432 1790 τὸ
3482 1744 3585 1789 τῶν
3637 1736 3813 1799 λύκων,

2239 1838 2338 1883 τῶν
2369 1828 2847 1902 έπεκεκαλυμμένων
2884 1836 2997 1890 ταῖς
3026 1838 3124 1881 τῶν
3173 1828 3443 1903 προϐάτων
3472 1824 3672 1899 δοραῖς·
3706 1828 3821 1877 ὅσον

2241 1923 2421 1973 ἐκεῖνοι
2449 1921 2559 1992 μὲν,
2586 1923 2794 1994 φανεροί
2818 1908 2977 1986 εἰσιν,
3005 1918 3148 1971 οὗτοι
3181 1914 3239 1971 δε
3276 1922 3498 1992 κρυπτοὶ
3525 1920 3614 1968 καὶ
3643 1914 3825 1967 λανθά-

2240 2027 2402 2069 νοντες
2414 2040 2426 2048 -

2314 2100 2447 2150 Φασὶ
2478 2093 2512 2149 δ
2516 2100 2537 2148 ί
2564 2116 2714 2162 τινες,
2749 2100 2964 2158 τούτους
2994 2094 3121 2149 εἶναι
3149 2095 3517 2171 τερατολόγους
3533 2100 3621 2148 καὶ
3649 2094 3827 2155 ἀθέους

2240 2187 2377 2245 τινὰς
2404 2183 2720 2259 ἀνθρώπους,
2747 2190 3039 2261 περιιόντας
3063 2190 3149 2237 καὶ
3170 2184 3564 2246 ἁποπλανῶντας
3588 2184 3822 2246 πολλούς·

2244 2273 2598 2344 ὀνομασθῆναι
2621 2270 2679 2325 δὲ
2707 2271 3143 2349 ψευδοπροφήτας
3164 2277 3275 2346 μὲν,
3302 2276 3369 2336 ὡς
3399 2276 3830 2348 ὑποκρινομένους

2242 2366 2331 2414 καὶ
2357 2361 2619 2436 προλέγειν
2658 2365 2724 2414 τὰ
2768 2362 3030 2435 μέλλοντα·
3058 2362 3369 2436 ἐρχομένους
3402 2360 3458 2415 δὲ
3497 2361 3544 2414 ἐν
3571 2358 3831 2435 ἐνδύμασι

2241 2449 2532 2523 προϐάτων,
2592 2454 2679 2516 ὡς,
2723 2450 2771 2503 ἐν
2814 2457 3059 2524 σχήματι
3110 2451 3379 2527 προϐάτων
3431 2451 3667 2523 λογικῶν,
3722 2459 3836 2510 ταῖς

2238 2545 2331 2593 τοῦ
2394 2546 2628 2613 Χριστοῦ
2678 2544 2921 2613 ποίμναις
2984 2544 3455 2615 προσερχομένους
3521 2540 3707 2602 λύκους
3776 2537 3837 2593 δε

2242 2630 2498 2702 ἅρπαγας,
2553 2633 2615 2690 ὡς
2668 2630 2835 2702 ἠρέμα
2884 2635 2973 2683 καὶ
3033 2630 3315 2692 λεληθότως
3367 2632 3458 2691 τὰς
3504 2628 3686 2701 ψυχὰς
3734 2638 3837 2681 τῶν

2244 2720 2603 2793 ἁπλουστέρων
2630 2719 3011 2786 ἐξαπατῶντας,
3039 2724 3128 2772 καὶ
3154 2721 3551 2793 ὑφαρπάζοντας
3589 2719 3655 2779 εἰς
3696 2719 3840 2771 ἀπω-

2243 2808 2400 2863 λειαν.

2313 2897 2371 2948 Ὀ
2426 2894 2485 2950 δε
2530 2900 2906 2969 Χρυσόστομος
2965 2895 3075 2968 (48)
3125 2898 3340 2957 τούτους
3394 2895 3526 2967 λέγει
3578 2903 3841 2970 Χριστια-

2245 2989 2381 3051 νούς,
2412 2984 2528 3057 βίον
2568 2990 2657 3057 μεν
2710 2988 2930 3056 ἔχοντας
2980 2988 3201 3058 πονηρόν
3256 2990 3345 3037 καὶ
3394 2984 3669 3058 βλαϐερὸν,
3713 2986 3843 3038 ὑπο-

2246 3078 2573 3149 κρινομένους
2618 3070 2675 3126 δε
2720 3073 2939 3126 ἀκακίαν
2986 3079 3075 3126 καὶ
3117 3073 3401 3142 εὐλάϐειαν,
3457 3075 3524 3125 ὧν
3556 3077 3611 3125 αὶ
3636 3075 3845 3146 ὁμιλίαι

2249 3166 2543 3237 φθείρουσιν
2571 3165 2673 3221 ἤθη
2700 3165 2939 3235 χρηστά.
2965 3162 3251 3234 Ἐμφαίνων
3275 3160 3333 3215 δε
3353 3167 3411 3215 τό
3438 3159 3689 3237 διάφορον
3720 3168 3842 3216 τούς

2245 3272 2345 3305 των
2373 3272 2425 3305 τε
2452 3256 2542 3304 καὶ
2561 3249 2657 3304 τῶν
2688 3256 3066 3325 προειρημένων
3098 3260 3259 3304 κυνῶν
3281 3257 3368 3305 καὶ
3389 3256 3588 3325 χοίρων
3615 3255 3641 3304 ό
3671 3261 3845 3327 Χρισο

2245 3345 2349 3407 τὸς,
2386 3341 2594 3403 ἐκείνοις
2633 3344 2743 3413 μεν,
2798 3346 2870 3414 μὴ
2910 3344 3308 3394 καταπιστεύειν
3337 3344 3571 3414 μυστικὰ
3594 3338 3847 3415 δόγματα

2244 3430 2573 3504 προσέταξεν·
2606 3428 2704 3482 ἀπὸ
2742 3433 2932 3482 τούτων
2972 3426 3032 3483 δε
3069 3435 3370 3505 προσέχειν,
3411 3433 3543 3484 ὥστε
3585 3436 3659 3503 μὴ
3688 3451 3849 3503 μετα-

2244 3519 2416 3572 λαϐεῖν
2449 3518 2637 3591 λύμης,
2661 3522 2730 3580 ὡς
2756 3518 2855 3571 ἀπὸ
2886 3521 3077 3592 θηρίων
3104 3519 3332 3577 ἰοϐόλων.
3356 3519 3468 3573 Ἰνα
3499 3516 3558 3572 δε
3579 3524 3651 3592 μὴ
3682 3522 3849 3593 θορυ-

2248 3608 2479 3667 ϐηθῶσιν
2504 3612 2552 3661 οἱ
2606 3608 2856 3683 ἀκροαταὶ
2916 3605 3009 3661 διὰ
3037 3612 3093 3662 τό
3125 3605 3561 3680 δυσδιάγνωστον
3609 3618 3713 3662 τῶν
3763 3608 3853 3662 ὄιν-

2248 3700 2485 3771 θρωπων,
2560 3694 2809 3752 διδάσκει
2868 3703 2957 3751 καὶ
3021 3706 3129 3761 πῶς
3187 3698 3375 3760 αὐτούς
3440 3698 3851 3771 ἐπιγνώσονται,

2246 3786 2421 3859 λέγων·

2320 3965 2450 4020 Ἀπὸ
2510 3973 2606 4017 τῶν
2661 3972 2870 4039 καρπῶν
2919 3997 2988 4006 -
3048 3965 3255 4028 αύτούς.
3326 3966 3386 4020 Εἰ
3440 3970 3529 4018 καὶ
3598 3963 3857 4033 δοκοῦσι,

2250 4060 2398 4127 φησὶ,
2460 4056 2739 4120 λανθάνειν,
2811 4053 2914 4106 ἀλλ’
2977 4056 3111 4127 ὅμως
3175 4052 3370 4128 ρᾳδίως
3407 4053 3857 4126 ἐλεγχθήσονται.

2247 4146 2473 4201 Τοιαύτη
2501 4144 2601 4214 γὰρ
2633 4144 2663 4215 ᾖ
2703 4138 2845 4209 ὁδός,
2877 4144 2938 4201 ἧν
2982 4140 3222 4195 ἐκέλευσα
3265 4139 3508 4216 βαδίζειν
3541 4147 3671 4205 τοὺς
3698 4141 3868 4214 ἐμοὺς

2248 4234 2500 4305 μαθητὰς,
2542 4230 2781 4292 ἐπίπονος
2836 4236 2924 4284 καὶ
2969 4228 3346 4304 δυσπρόσιτος,
3380 4234 3446 4294 ὡς
3474 4236 3547 4303 μὴ
3579 4229 3871 4291 δύνασθαι

2248 4325 2365 4383 τοὺς
2413 4323 2697 4395 ὑποκριτὰς
2747 4316 2992 4392 βαδίζειν
3039 4317 3113 4373 δι’
3167 4330 3346 4383 αυτῆς
3397 4327 3576 4396 Ωσπερ
3629 4324 3735 4397 γὰρ
3798 4328 3871 4376 τὸ

2249 4409 2443 4482 ἀγαθόν
2487 4405 2722 4485 δένδρον,
2753 4412 2938 4478 εἶτουν,
2997 4412 3054 4462 τὸ
3095 4410 3308 4482 εὐγενὲς,
3358 4410 3452 4463 οὐκ
3510 4408 3566 4462 ἐκ
3622 4420 3725 4463 τῶν
3764 4410 3877 4464 ἂν,

2251 4502 2392 4564 θέων,
2439 4497 2546 4551 ἀλλ’
2607 4497 2706 4551 ἀπὸ
2754 4506 2853 4549 τῶν
2905 4507 3114 4572 καρπῶν
3164 4500 3496 4573 γνωρίζεται’
3539 4500 3705 4561 οὕτως
3745 4502 3883 4574 ἄρα

2246 4594 2337 4642 καὶ
2375 4591 2611 4654 τούτους,
2668 4587 2761 4639 οὐκ
2798 4586 2852 4639 ἐκ
2912 4596 3010 4640 τῶν
3061 4587 3245 4659 λόγων,
3302 4587 3409 4640 ἀλλ’
3444 4586 3545 4640 ἀπὸ
3584 4597 3687 4640 τῶν
3732 4589 3879 4661 (49)

2248 4680 2408 4751 ἔργων
2451 4676 2843 4749 πέιγνωσόμεθα
2881 4676 3013 4749 (50).
3069 4683 3195 4751 Περὶ
3234 4678 3301 4728 ὧν
3362 4682 3451 4730 καὶ
3498 4679 3523 4730 ὁ
3552 4680 3886 4742 ἀπόστολος

2248 4766 2448 4830 Παῦλος
2504 4766 2689 4839 ἔλεγεν,
2733 4768 2810 4820 ὅτι
2867 4773 2929 4839 τῇ
2997 4766 3361 4839 χρηστολογίᾳ
3389 4767 3507 4839 (51)
3544 4766 3893 4831 ἐξαπατῶσι

1726 5068 1949 5140 Variae
1987 5070 2309 5141 lectiones
2341 5080 2405 5142 et
2426 5082 2627 5142 notae.

559 5266 670 5337 (is)
696 5262 859 5322 Tom.
898 5264 1011 5340 vin,
1042 5281 1101 5340 ρ.
1134 5264 1260 5340 293.

489 5406 512 5425 ι
557 5340 671 5409 (49)
704 5342 885 5425 Etiam
938 5338 1387 5425 lnidlegebatur;
1431 5346 1662 5425 xlatpzraiw.
1694 5339 1987 5412 Rescripsi
2035 5354 2147 5411 ego

487 5408 669 5484 ἔργων,
704 5410 779 5464 uti
809 5408 1342 5484 Hentenius'etiam
1372 5408 1574 5467 habet.

558 5480 670 5555 (50)
701 5482 1008 5554 γνωσόμεθα
1033 5485 1095 5537 Δ.

2329 5269 2439 5340 (Si)
2469 5268 3312 5347 Euthymius_e_rgo,ut_rnultis
3337 5274 3628 5347 exemplis
3650 5276 3917 5339 doceri

2254 5339 2591 5412 potest,non
2608 5339 2679 5395 ex
2708 5339 3447 5412 codicibusN.Testamenti
3465 5339 3578 5401 ista
3611 5349 3917 5407 Littera.—

2255 5411 2392 5493 rum
2421 5426 2727 5493 sacrarum
2751 5411 3231 5493 localaudat,_se_d
3247 5416 3643 5493 e15_codicibus
3669 5419 3922 5493 (μμ-γ-

2258 5483 2530 5540 sostomi.
2559 5483 2643 5539 Ita
2672 5484 2831 5541 enim
2852 5481 3149 5556 Chrysost.
3182 5488 3222 5542 t.
3267 5486 3382 5558 vn,
3420 5501 3487 5559 p.
3524 5481 3921 5553 293.1dein
