3990 6206
234 242 302 298 269

234 371 289 427 τὰς
325 361 510 440 καρδίας
538 372 636 416 τῶν
671 362 898 419 ἀκάκων.
942 360 1071 420 Εἶτα
1110 367 1294 423 τίθησι
1327 368 1415 416 καὶ
1463 363 1734 436 λογισμὸν,
1770 367 1814 419 Α

230 455 299 506 ἀπὸ
343 449 752 527 παραδείγματος,
807 453 879 513 εἰς
952 453 1322 528 εὐχερεστέραν
1377 453 1544 505 αὐτῶν
1620 449 1738 504 διά-

223 563 376 615 γιωσιν.
1377 599 1381 604 .

273 636 482 689 Μήτι-
525 632 708 696 rixa;
754 635 843 688 Μή
903 650 973 696 τι,
1022 629 1136 683 ἀντὶ
1174 637 1286 684 τοῦ.
1336 629 1494 704 Ἀρα,
1551 628 1738 705 ἐρωτη-

219 728 409 791 ματικῶς.
435 723 579 790 Λέγει
629 721 750 792 γὰρ,
784 720 865 771 ὃτι
893 718 1028 792 Ἀρα
1081 727 1346 792 τρυγῶσιν
1399 719 1449 770 οἰ
1479 720 1743 790 ἄνθρωποι

222 808 294 860 ἀπὸ
316 807 510 860 ἀκανθῶν
543 807 807 880 σταφυλήν
837 824 850 875 ;
883 811 972 860 καὶ
1001 809 1067 860 τὰ
1117 806 1254 869 ἑξῆς.
1292 803 1448 869 Εἶδος
1479 803 1540 860 δὲ
1587 808 1742 858 ἀκάν-

221 899 288 959 θης
309 900 397 949 ἐστὶ
417 902 494 948 καὶ
521 897 638 968 (52)
677 899 708 955 ἠ
742 895 992 970 τρίϐολος.

268 987 496 1046 Οὗτως-
547 993 706 1038 ποιεῖ.
754 985 1056 1060 Ἐρωτὴσας
1105 990 1327 1059 πρᾶγμα
1367 985 1511 1058 παρὰ
1567 987 1742 1056 φύσιν,

215 1079 278 1127 καὶ
315 1071 389 1126 διὰ
421 1081 565 1126 τοῦτο
624 1070 901 1141 ἀδύνατον,
960 1073 1161 1145 ἐπάγει.
1224 1075 1305 1125 ὅτι
1356 1075 1529 1147 ὥσπερ
1588 1071 1745 1124 ἐκεῖνο

213 1165 396 1233 γενέσθαι
435 1163 521 1215 οὐκ
563 1159 856 1235 ἐνδέχεται,
889 1159 983 1216 διὰ
1029 1166 1088 1214 τὸ
1137 1161 1266 1214 εἶναι
1313 1164 1403 1221 τὰς
1454 1164 1544 1233 μὲν
1587 1160 1746 1213 ἀκάν-

219 1253 282 1310 θας
323 1256 398 1303 καὶ
433 1251 694 1325 τριϐόλους
747 1254 973 1326 σαπρᾶς,
1033 1253 1059 1303 ὅ
1103 1250 1263 1320 ἐστιν,
1316 1250 1621 1325 ἀχρήστους
1677 1251 1748 1312 εἰς

212 1345 500 1414 καρποφορίαν
531 1336 816 1413 ἐδώδιμον·
849 1345 944 1398 τὴν
975 1338 1033 1393 δὲ
1088 1339 1353 1412 σταφυλὴν
1383 1359 1472 1390 και
1501 1341 1566 1390 τὰ
1611 1341 1750 1390 σύκα

213 1431 304 1500 πρὸς
344 1427 524 1502 βρῶσιν
585 1426 881 1487 ἐπιτήδειαο
927 1429 1061 1481 οὕτω
1119 1429 1231 1500 (53)
1271 1433 1360 1480 καὶ
1392 1434 1500 1480 Πᾶν
1533 1424 1747 1501 δένδρον

207 1514 374 1586 ἀγαθὸν,
404 1521 629 1590 καρποὺς
675 1518 866 1580 καλοὺς
911 1525 1066 1584 ποιεῖ,
1117 1522 1206 1569 καὶ
1253 1520 1318 1569 τὰ
1365 1516 1502 1579 ἑξῆς.
1545 1520 1745 1589 Σαπρὸν

204 1608 280 1678 γὰρ
315 1605 490 1676 λέγεται
527 1606 590 1658 οὐ
646 1611 800 1678 μόνον
851 1609 906 1658 τὸ
969 1611 1310 1679 σεπμμένον,
1371 1604 1498 1658 ἀλλὰ
1552 1609 1642 1657 καὶ
1691 1608 1747 1656 τὸ

200 1694 443 1764 ἄχρηστον.
484 1700 640 1767 Λέγει
687 1692 748 1748 δὲ
775 1703 862 1746 νῦν
905 1692 1100 1767 δένδρα
1132 1697 1329 1768 σαπρὰ,
1362 1697 1484 1756 τοὺς
1511 1713 1750 1781 προειρη-
1778 1727 1817 1781 Β

201 1787 346 1844 μένους
368 1785 666 1857 ὑποκριτὰς,
691 1785 761 1836 ὧν
805 1787 854 1836 οἱ
889 1789 1104 1857 καρποὶ,
1135 1788 1425 1851 τουτέστιν,
1455 1785 1510 1835 αἱ
1542 1780 1751 1856 πράξεις

195 1869 308 1932 ἄξιαι
331 1880 417 1933 τῆς
445 1873 611 1925 αὐτῶν
641 1878 885 1948 σαπρίας.

1136 235 1501 295 COMMENT.
1543 233 1614 293 IN
1654 233 2082 293 ΜΑΤΤΗᾹΞΟΜ.
2119 266 2188 276 -
2219 233 2373 292 CAP.
2414 231 2543 293 VII.

3383 232 3488 292 270

1849 361 2024 418 etiam
2054 359 2598 418 considerationem
2623 358 2703 418 ab
2753 359 3045 434 exemplo,
3085 361 3151 418 ut
3171 357 3236 416 hi
3261 359 3490 418 facilius

1848 451 2298 522 dignoscantur.

1921 628 2082 684 Vers.
2108 628 2177 686 16
2205 629 2504 700 Numquid
2533 658 2598 670 —
2623 629 2767 700 ﬁcus
2792 627 2821 683 7
2849 632 2934 687 Μή
2976 648 3047 697 τι,
3078 627 3400 702 numquid,
3430 627 3496 686 id

1849 719 1955 781 est,
1991 721 2210 782 utrum,
2245 717 2428 774 modo
2450 717 2893 787 interrogativo.
2915 717 3058 775 Dicit
3078 733 3219 789 ergo
3250 737 3262 777 :
3290 717 3495 774 Utrum

1851 804 2139 873 colligunt
2161 804 2438 860 homines
2459 804 2533 860 de
2563 804 2748 877 spinis
2770 820 2952 862 uvam
2977 805 3005 860 ?
3033 809 3141 863 etc.
3176 808 3272 864 Est
3295 809 3496 864 autem

1853 897 1909 949 et
1940 891 2192 947 tribulus
2223 892 2532 965 spinarum
2563 908 2778 963 genus.

1923 983 2060 1037 Vers
2089 982 2175 1036 17.
2209 981 2302 1038 Sic
2330 1013 2400 1022 —
2419 983 2587 1052 facit.
2641 983 2748 1038 Ubi
2787 998 2916 1040 rem
2945 987 3162 1055 printer
3195 988 3496 1050 naturam,

1853 1069 2134 1142 factuque
2164 1071 2600 1142 impossibilem
2632 1070 3072 1143 interrogasset,
3093 1073 3295 1131 subdit
3334 1073 3503 1146 quod

1853 1157 2006 1213 sicut
2029 1157 2175 1214 illud
2201 1159 2330 1215 ﬁeri
2376 1174 2498 1216 non
2527 1163 2737 1231 potest,
2791 1176 2862 1217 eo
2891 1160 3055 1232 quod
3082 1161 3272 1234 spinae
3303 1177 3374 1219 ac
3403 1163 3503 1219 tri-

1853 1246 1980 1302 buli
2008 1247 2244 1304 inutilia
2304 1247 2439 1314 sint,
2480 1248 2596 1305 hoc
2655 1251 2764 1313 est,
2817 1249 3022 1318 inepta
3059 1250 3137 1306 ad
3191 1250 3505 1308 ferendum

1855 1333 2115 1390 fructum
2172 1336 2277 1406 qui
2335 1335 2406 1392 sit
2438 1340 2613 1408 aptus
2643 1336 2769 1392 esui
2803 1353 2817 1402 ;
2849 1352 2965 1392 uva
3011 1342 3211 1394 autem
3242 1354 3313 1395 ac
3353 1339 3506 1395 ﬁcus

1859 1423 1937 1479 ad
1981 1423 2186 1479 cibum
2230 1424 2592 1481 conveniunt
2629 1441 2642 1491 ;
2699 1425 2780 1480 ita
2808 1441 3051 1497 quoque
3097 1430 3278 1484 omnis
3330 1428 3510 1484 arbor

1861 1511 2008 1566 bona
2057 1511 2288 1580 fructus
2318 1511 2490 1566 bonos
2545 1511 2721 1580 facit,
2775 1517 2886 1569 etc.
2943 1517 3142 1585 Σαπρόν
3207 1513 3340 1586 (pro
3383 1531 3508 1587 quo

1859 1599 2111 1666 Vulgata
2132 1599 2314 1656 editio
2340 1599 2524 1656 habet
2572 1601 2816 1666 malum,
2867 1605 2924 1656 et
2952 1601 3152 1672 potius
3180 1603 3511 1660 marcidum

1861 1687 2154 1758 signiﬁcat
2184 1693 2288 1744 aut
2314 1688 2655 1760 patricium)
2680 1703 2802 1744 non
2855 1688 3046 1745 solum
3074 1689 3288 1748 dicitur
3329 1692 3514 1764 putri-

1861 1775 2030 1841 dum,
2087 1791 2293 1832 verum
2349 1776 2525 1834 etiam
2610 1776 2909 1849 quidquid
2962 1777 3244 1836 vitiosum
3308 1785 3365 1836 et
3425 1780 3514 1837 in-

1865 1863 2022 1920 utile.
2055 1867 2221 1920 Nunc
2271 1879 2413 1934 ergo
2468 1868 2644 1921 vocat
2673 1864 2919 1921 arbores
2965 1865 3265 1923 marcidas
3296 1872 3400 1924 aut
3427 1869 3511 1926 vi-

194 1959 340 2015 tiosas
364 1963 672 2032 praedictos
709 1961 1078 2034 hypocritas,
1109 1977 1370 2034 quorum
1402 1961 1648 2024 fructus,
1689 1957 1805 2014 hoc
1833 1956 1938 2019 est,
1971 1951 2240 2010 actiones
2270 1951 2536 2026 aequales
2557 1956 2702 2010 sunt
2729 1969 2791 2010 m
2811 1953 3082 2011 arcedini
3118 1958 3222 2012 aut
3243 1954 3525 2014 inutilitat

192 2045 432 2118 ipsorum.

247 2136 310 2190 Οὐ
331 2169 393 2178 -
419 2145 602 2193 ποιιίν.
651 2144 764 2192 Ἵνα
808 2142 880 2211 μὴ
913 2137 1145 2212 ὑπολάϐῃ
1182 2158 1276 2209 τις,
1327 2139 1406 2191 ὅτι
1438 2134 1659 2191 δύναται
1687 2138 1746 2188 τὸ

197 2219 351 2295 ἆγαθόν
379 2223 592 2302 δένδρον
622 2232 715 2279 καὶ
762 2231 991 2302 καρποὺς
1040 2231 1317 2301 πονηροὺς,
1365 2231 1545 2298 ἤγουν,
1574 2225 1747 2300 ἀχρή-

195 2331 314 2374 στους
337 2325 494 2369 ποιιίν
523 2361 540 2386 ,
571 2321 666 2369 καί
704 2320 763 2369 τὸ
797 2320 995 2390 σαπρὸν
1033 2316 1240 2388 καλοὺς,
1284 2314 1635 2388 ἀποφαίνεται,
1672 2317 1754 2368 ὅτι

192 2400 236 2450 οὗ
261 2399 478 2460 δύναται.

245 2496 328 2543 Καὶ
363 2502 468 2556 πῶς
491 2495 518 2545 6
546 2496 640 2566 μὲν
684 2491 873 2562 Δαυῖδ,
908 2492 1102 2566 ἂγαθόν
1145 2490 1361 2568 δένδρον
1407 2495 1495 2564 ὢν,
1525 2497 1755 2568 καρποὺς

186 2585 401 2651 πονηροὺς
445 2581 684 2649 ἐποίησε,
743 2587 982 2655 μοιχείαν
1031 2588 1124 2636 καὶ
1180 2587 1328 2655 φόνον
1368 2601 1381 2650 ;
1427 2585 1452 2635 6
1509 2580 1568 2635 δὲ
1621 2590 1761 2636 Παῦ-

183 2664 270 2735 λος,
305 2666 512 2745 δένδρον
565 2676 767 2746 σαπρὸν
813 2674 1090 2744 ὑπάρχων,
1131 2673 1322 2734 καλοὺς
1355 2676 1586 2746 καρποὺς
1616 2675 1759 2743 ἣνεγο

184 2773 246 2822 au,
298 2766 468 2822 σκεῦος
525 2760 746 2832 ἐκλογῆς
818 2769 891 2831 τῷ
947 2769 1164 2835 Χριστῷ
1220 2765 1536 2834 γενόμενος;
1595 2768 1760 2837 Πῶς;

180 2849 298 2897 Διότι
344 2848 761 2918 μετεϐλήθησαν,
794 2852 820 2901 6
869 2853 978 2922 μὲν,
1031 2848 1132 2902 ἀπὸ
1179 2858 1275 2911 τῆς
1333 2849 1515 2922 ἀρετῆς
1569 2850 1640 2910 εἰς
1670 2869 1764 2902 κα-

180 2936 292 2983 κίαν
341 2935 367 2986 ὀ
425 2933 504 3002 δέ,
540 2936 647 2989 ἀπὸ
699 2945 795 2998 τῆς
848 2943 1032 2998 κακίας
1083 2937 1154 2998 εἰς
1203 2937 1404 3010 ἀρετήν.
1455 2939 1586 2999 Ἕως
1645 2934 1760 2990 δ’ἃν
1799 2960 1840 3018 C

180 3017 391 3093 ἐνέμενον,
417 3026 442 3077 6
473 3024 650 3078 Δαυὶδ
680 3029 769 3096 μὲν
808 3033 868 3097 τῇ
903 3025 1082 3098 ἀρετῇ,
1117 3028 1143 3077 6
1170 3022 1229 3078 di
1260 3026 1461 3088 Παῦλος
1485 3035 1546 3099 τῇ
1575 3031 1754 3098 κακίᾳ,

179 3108 258 3161 οὐκ
283 3108 540 3169 ἠδύναντο
569 3118 805 3188 καρποὺς
843 3117 1104 3175 τοιούτους
1139 3122 1324 3171 ποιεῖν.
1357 3114 1516 3168 Ὠστε
1537 3118 1594 3168 τὸ
1625 3112 1757 3167 ἀδύ-

177 3215 302 3251 νατον
324 3201 408 3253 ἐπὶ
435 3210 540 3254 τῶν
571 3202 942 3276 ἀμεταϐλήτων
972 3207 1159 3278 εἴρηκε.

230 3463 326 3511 Πᾶν
372 3490 442 3502 -
499 3459 782 3534 βάλλεται.
837 3458 1048 3520 Ἐπειδὴ
1110 3461 1345 3524 κολάζειν
1407 3465 1496 3535 μὲν
1577 3462 1764 3524 αὐτοὺς

177 3545 225 3594 οὐ
273 3551 579 3621 προσέταξε,
636 3553 919 3626 προσέχειν
969 3547 1028 3603 δί
1082 3555 1234 3624 μόνον
1289 3550 1375 3604 ἀπ’
1426 3551 1613 3620 αὐτῶν,
1651 3552 1762 3622 (54)

170 3630 408 3708 ἐπέρησε
455 3642 670 3700 τούτοις
724 3642 818 3696 τήν
885 3636 1263 3711 ἁφειδεστάτην
1321 3641 1537 3712 ἐκτομὴν
1566 3648 1658 3701 τῆς
1690 3639 1764 3692 ἕν-

173 3725 320 3776 ταῦθα
360 3727 524 3791 ζωῆς,
565 3733 662 3780 καὶ
709 3732 804 3785 τὴν
848 3735 939 3779 τοῦ
995 3726 1253 3782 ἀσϐέστου
1310 3733 1474 3804 πυρός
1525 3728 1761 3797 κόλασιν,

171 3809 281 3879 ὁμοῦ
321 3820 436 3876 τοὺς
463 3819 562 3888 μὲν
597 3815 1042 3889 ὶπηριαζομένους
1084 3817 1170 3870 ὑπ’
1215 3818 1384 3870 αὐτῶν
1428 3819 1766 3892 παραμυθού-

172 3917 316 3971 μενος,
342 3903 567 3965 ἐκιίνους
602 3901 665 3958 δὲ
696 3903 942 3977 ἐκφοϐῶν.

225 4074 410 4150 "Aper/1
462 4110 522 4121 —-
592 4080 808 4141 αὐτούς.
867 4082 1024 4132 Τουτὶ
1080 4080 1139 4130 τὸ
1195 4074 1348 4149 Ἀρα,
1400 4072 1763 4131 ἀποδεικτικὸν

171 4160 309 4232 ἐστιν,
345 4165 461 4220 ἀντὶ
492 4176 614 4235 τοῦ,
673 4170 904 4230 Πάντως.
963 4171 1079 4227 Θαὶς
1125 4168 1223 4238 γὰρ
1268 4165 1548 4238 λογισμοὺς
1594 4187 1769 4241 παρα-

168 4246 464 4324 δειγμάτων,
526 4262 629 4308 καὶ
693 4253 997 4326 ἀποδείξας,
1071 4257 1150 4308 ὅτι
1219 4253 1591 4325 ἐπιγνώσονται
1647 4259 1766 4318 τοὺς
1797 4287 1841 4341 D

167 4346 429 4413 τοιούτους,
492 4345 711 4417 ἐπάγει,
781 4347 862 4397 ὃτι
930 4347 1154 4414 Πάντως,
1226 4347 1294 4406 ὡς
1368 4340 1762 4416 ἀποδέδεικται,

165 4436 472 4500 firmatae:
540 4435 767 4501 αὐτοὺς,
827 4433 930 4487 ἀπὸ
986 4442 1082 4487 τῶν
1131 4432 1334 4506 φαύλων
1395 4433 1627 4506 πράξεων
1669 4433 1762 4486 αὐ-

170 4533 277 4575 τω,

228 4725 268 4761 ⁸¹
296 4731 417 4786 Act.
443 4744 528 4795 ιι,
569 4729 670 4784 15.

1924 2130 2084 2185 Vers.
2134 2133 2216 2185 18.
2256 2131 2380 2186 Νοη
2419 2161 2488 2171 -
2519 2131 2742 2201 facere.
2793 2133 2874 2188 Ne
2911 2131 3047 2203 quis
3098 2132 3500 2206 suspicaretur

1854 2217 2021 2290 quod
2046 2221 2246 2290 posset
2272 2217 2435 2277 bona
2458 2218 2636 2276 arbor
2648 2219 2842 2277 malos
2871 2219 3096 2277 fructus
3125 2226 3229 2279 aut
3263 2222 3500 2280 inutiles

1857 2305 2212 2379 producere,
2260 2311 2317 2364 et
2371 2307 2553 2364 arbor
2597 2308 2808 2366 vitiosa
2857 2308 3055 2367 bonos
3091 2328 3104 2367 :
3158 2311 3521 2380 manifestat,

1863 2395 2028 2468 quod
2057 2395 2170 2450 hoc
2203 2395 2331 2452 ﬁeri
2358 2412 2481 2452 non
2512 2398 2720 2469 possit.

1937 2485 2151 2539 Verum
2183 2485 2388 2556 David,
2423 2501 2559 2540 cum
2583 2485 2748 2543 bona
2774 2491 2928 2543 esset
2978 2486 3172 2552 arbor,
3204 2488 3513 2561 quomodo

1869 2571 2094 2628 fructus
2120 2573 2316 2629 malos
2361 2574 2666 2646 produxit,
2700 2575 3056 2632 adulterium
3119 2578 3393 2636 videlicet
3449 2595 3520 2636 ac

1871 2660 2305 2717 homicidium?
2336 2663 2552 2718 Paulus
2583 2669 2794 2728 autem,
2826 2679 2965 2719 cum
2993 2665 3212 2722 vitiosa
3244 2671 3402 2723 esset
3430 2683 3522 2723 ur-

1870 2748 1997 2817 bor,
2023 2747 2250 2805 fructus
2279 2750 2474 2806 bonos
2490 2750 2752 2822 protulit,
2772 2751 3013 2808 effectus
3029 2753 3256 2810 Christo
3279 2770 3382 2812 vas
3403 2755 3520 2811 ele-

1871 2839 2033 2893 ctum
2060 2839 2103 2873 ⁶¹
2128 2837 2156 2892 ἳ
2187 2838 2502 2904 Quomodo
2526 2839 2554 2894 ?
2571 2838 2724 2906 Quia
2743 2841 2952 2896 mutati
2974 2846 3130 2910 sunt,
3154 2841 3253 2898 hic
3273 2843 3521 2915 quidem

1871 2940 1906 2981 a
1936 2927 2224 2996 pravitate
2276 2928 2355 2982 ad
2408 2928 2708 2993 virtutem,
2769 2928 2863 2984 ille
2919 2944 3060 2985 vero
3108 2946 3146 2986 a
3196 2932 3412 2989 virtute
3443 2932 3523 2989 ad

1870 3014 2244 3084 pravitatem.
2264 3018 2457 3072 Donec
2497 3022 2695 3072 autem
2710 3021 3059 3074 manserunt
3074 3018 3260 3075 David
3277 3020 3524 3092 quidem

1871 3100 1934 3156 in
1954 3101 2188 3167 virtute,
2250 3103 2465 3159 Paulus
2493 3119 2634 3160 vero
2678 3105 2741 3160 in
2795 3107 3099 3177 pravitate,
3153 3123 3274 3164 non
3308 3115 3522 3181 potue-

1869 3192 2014 3249 runt
2058 3190 2395 3263 hujusmodi
2450 3192 2676 3248 fructus
2730 3195 3082 3265 producere.
3151 3195 3303 3252 Dixit
3383 3213 3524 3267 ergo

1869 3277 1986 3334 hoc
2016 3294 2144 3336 esse
2170 3279 2537 3352 impossibile
2569 3279 2632 3336 in
2661 3281 2750 3337 his
2769 3282 2874 3354 qui
2897 3283 3198 3341 immutati
3213 3299 3528 3356 permane-

1869 3369 2018 3422 rent.

1946 3458 2102 3512 Vers.
2135 3455 2224 3513 19.
2251 3455 2453 3513 Omnis
2480 3487 2549 3498 —-
2569 3456 2845 3515 mittitur.
2875 3457 3008 3515 Illos
3037 3459 3286 3532 quidem
3315 3461 3530 3533 punire

1871 3559 1995 3601 non
2049 3545 2246 3616 jussit,
2279 3544 2387 3602 sed
2417 3549 2650 3603 tantum
2676 3546 2755 3603 ab
2787 3547 2869 3603 eis
2899 3563 3125 3605 cavere.
3151 3548 3295 3622 Ipsis
3325 3555 3531 3608 tamen

1871 3638 2101 3690 metum
2157 3633 2405 3692 incussit
2466 3635 2858 3692 atrocissimas
2919 3652 2991 3692 ex
3044 3637 3161 3694 hac
3205 3639 3328 3696 vita
3381 3640 3530 3697 exci-

1873 3723 2061 3779 sionis
2117 3723 2544 3795 impendentis,
2589 3740 2662 3782 ac
2706 3725 2982 3798 supplicii
3031 3725 3188 3797 ignis
3253 3728 3533 3786 inexstin-

1873 3811 2164 3881 guibilis;
2213 3811 2392 3868 simul
2447 3813 2691 3886 quidem
2767 3813 2898 3871 illos
2943 3815 3045 3887 qui
3097 3816 3252 3873 male
3305 3816 3384 3875 ab
3445 3817 3580 3890 eis._

1873 3900 2245 3972 accipiuntur
2303 3902 2696 3969 consolando,
2752 3909 2808 3958 et
2879 3903 3057 3960 simul
3101 3904 3269 3978 ipsos
3349 3911 3533 3965 exter-

1873 3988 2080 4044 rendo.

1946 4078 2106 4133 Vers.
2139 4078 2228 4132 20.
2259 4077 2559 4150 Itaque—
2609 4094 2722 4136 eos.
2775 4079 2996 4155 "Apays,
3045 4081 3259 4154 itaque,
3307 4083 3530 4155 utique,

1873 4181 2036 4234 sane,
2093 4167 2576 4224 conﬁrmativum
2607 4174 2713 4232 est,
2747 4185 2816 4225 ac
2845 4171 2894 4225 si
2920 4170 3232 4240 diceretur,
3255 4175 3521 4231 omnino.
3573 4240 3578 4243 I

1877 4254 2088 4311 Positis
2137 4254 2298 4311 enim
2341 4257 2754 4328 exemplorum
2803 4257 3402 4325 considerationibus,
3460 4275 3532 4316 ac

1875 4343 2287 4400 demonstrato
2333 4345 2644 4416 quomodo
2694 4344 2842 4402 tales
2865 4347 3260 4416 cognoscendi
3303 4352 3530 4415 essent,

1875 4431 2078 4488 subdit
2120 4447 2132 4487 :
2184 4433 2440 4490 Omnino
2484 4433 2638 4490 sicut
2684 4433 2852 4506 prius
2900 4433 3365 4492 demonstratum
3420 4439 3530 4502 est,

1875 4521 2248 4592 cognoscetis
2280 4521 2446 4594 ipsos
2476 4538 2514 4580 a
2543 4522 2739 4595 pravis
2759 4522 3093 4579 actionibus
3118 4538 3348 4581 eorum.

1392 4825 1618 4895 Variae
1643 4824 1977 4894 lectiones
2004 4835 2070 4893 et
2100 4836 2304 4896 notae.

167 5025 490 5105 con-venitin
501 5021 1776 5105 Thepphyactum.SimiliterChrysostomus

167 5094 448 5169 inultoties
473 5094 779 5169 exprimit
804 5095 1114 5169 Origenem
1142 5095 1204 5151 in
1246 5094 1624 5169 recensendis
1647 5094 1778 5169 istis

163 5161 311 5241 iocis,
327 5184 465 5241 cum
491 5161 632 5241 ejus
651 5161 933 5241 sequitur
943 5165 1510 5241 interpretationem.
1533 5165 1779 5237 Cyrillus

169 5234 292 5308 item
310 5240 492 5296 modo
511 5234 589 5296 ἐκ
611 5234 898 5307 Origene,
914 5234 1180 5294 modo—ex
1197 5234 1627 5308 Chrysostomo
1640 5251 1782 5308 pen-

167 5303 272 5361 det.
284 5311 474 5374 Quam
499 5303 837 5380 diligentes
859 5315 1056 5380 autem
1080 5309 1195 5365 sint
1216 5303 1502 5378 Origenes
1526 5314 1581 5364 ct
1602 5303 1781 5378 Chry-

167 5385 446 5438 sostomus
468 5383 535 5439 in
560 5379 855 5438 notandis
887 5379 1033 5435 locis
1065 5381 1417 5436 Litterarum
1449 5395 1778 5442 sacrarum,

167 5451 328 5506 etiam
359 5459 512 5520 tum,
547 5467 707 5509 cum
736 5451 881 5522 data
909 5465 1094 5522 opera
1126 5450 1326 5522 locum
1370 5451 1694 5522 explicant,
1725 5448 1784 5504 id

169 5528 370 5594 gerunt
387 5539 636 5588 omnes,
659 5523 770 5594 qui
791 5521 1102 5594 diligenter
1122 5522 1202 5577 ad
1224 5521 1356 5578 illos
1380 5521 1780 5594 attenderunt,

169 5589 386 5652 Vanum
405 5613 552 5668 ergo
579 5589 862 5668 profecto
877 5593 1144 5651 studium
1162 5609 1368 5651 eorum
1391 5594 1497 5668 qui
1517 5609 1588 5650 ex
1608 5593 1788 5651 Patri-

1884 5021 2000 5078 bus
2029 5026 2236 5097 contra
2269 5022 2514 5097 codices
2545 5022 2614 5078 N.
2642 5023 3002 5097 Testamenti
3042 5024 3369 5097 disputant.
3419 5025 3535 5084 Sed

1886 5094 2155 5169 nonnulli
2200 5093 2562 5169 negligentia
2587 5098 2645 5150 et
2671 5093 2907 5169 levitate
2949 5093 3185 5153 Patrum
3208 5113 3318 5169 pro
3345 5099 3537 5154 muni-

1886 5167 2103 5291 :nentis
2131 5165 2310 5238 atque
2341 5167 2524 5222 armis
2547 5165 2864 5238 impietatis
2887 5170 2945 5223 et
2970 5165 3249 5240 nequitias
3279 5169 3534 5226 abutun-

1915 5251 2004 5291 ur.

1915 5251 2004 5292 ur.

1988 5309 2074 5380 52)
2107 5306 2220 5380 Sic.
2258 5307 2460 5380 Vulgo,
2498 5308 2524 5359 6
2554 5306 2808 5380 τρίϐολος.

1990 5378 2075 5442 53)
2109 5378 2298 5434 Etiam
2327 5377 2424 5434 hic
2453 5377 2787 5442 erat'oﬁmg.

1965 5378 2052 5449 (53
2109 5378 2298 5434 Etiam
2327 5378 2424 5434 hic
2453 5378 2787 5442 erat‘oﬁmg.

1894 5378 2077 5577 28(754)
2119 5453 2200 5507 Ita
2251 5447 2474 5523 ἔπκρτᾷν
2524 5449 2676 5523 φόϐον
2733 5455 2854 5520 τινί,
2911 5451 3215 5510 Eschines
3239 5453 3438 5511 orator
3473 5465 3535 5525 Ρ.
