3990 6206
428 239 527 295 271
1742 236 2086 294 EUTHYMII
2126 234 2455 293 ZIGABENI
3670 234 3766 287 272

502 362 664 415 Vers.
693 361 781 414 21.
806 362 936 417 Νοη
965 360 1229 432 --quiin
1252 361 1401 417 caelis
1426 367 1527 419 est.
1559 360 1700 417 Vide
1734 362 1879 434 quid
1924 376 2084 418 nunc
2114 364 2157 416 A

427 449 606 504 dicat.
635 451 760 505 Non
783 450 984 505 omnis
1012 452 1113 521 qui
1145 451 1331 507 credit
1358 452 1419 507 in
1451 468 1563 516 me,
1609 450 1975 521 ingredietur
2006 452 2081 506 ad

427 538 722 594 bonorum
751 540 1087 597 cmlestium
1119 540 1482 607 fruitionem,
1512 541 1625 596 nisi
1665 542 1840 597 etiam
1882 540 2083 595 fecerit

428 642 565 699 quae
606 627 783 696 dico;
832 628 914 684 ita
964 629 1191 702 quippe
1232 630 1455 686 addidit
1508 632 1694 686 Lucas
1744 630 1810 684 η.
1885 631 2082 700 Neque

427 716 590 773 enim
621 716 749 773 sola
784 716 932 774 ﬁdes
977 718 1055 774 ad
1104 719 1356 774 salutem
1406 718 1645 784 sufﬁcit,
1692 719 1806 774 nisi
1853 724 1907 775 et
1965 718 2082 774 vita

426 806 545 862 ﬁde
588 806 772 877 digna
820 807 1229 879 adjungatur;
1265 823 1455 878 neque
1483 808 1604 863 vita
1652 808 1841 863 solum
1883 807 2081 863 virtuti

428 894 773 959 conformis,
832 896 879 950 si
936 911 1059 953 non
1111 896 1293 953 etiam
1349 896 1467 952 ﬁde
1514 896 1921 963 ditescamus;
1974 895 2082 952 sed

427 988 749 1055 utrumque
797 984 975 1040 simul
1008 984 1299 1055 adjuuxit,
1360 990 1424 1041 ut
1470 1001 1592 1041 non
1650 988 1955 1057 separetur
2001 984 2081 1040 al-

428 1077 621 1130 terum
650 1074 728 1130 ab
755 1074 957 1131 altero.
1000 1077 1139 1131 Nam
1165 1075 1365 1147 ipsum
1392 1074 1693 1147 appellare
1734 1073 2076 1139 Dominum,

427 1163 569 1218 ﬁdei
594 1167 824 1219 tantum
853 1168 958 1219 est.
1012 1163 1327 1231 Quomodo
1378 1169 1577 1220 autem
1608 1179 1728 1220 non
1762 1163 1928 1219 dixit.
1963 1163 2080 1218 Sed

428 1252 534 1323 qui
561 1250 697 1308 facit
712 1252 1074 1309 voluntatem
1099 1268 1295 1309 meam
1324 1252 1351 1307 ‘?
1370 1256 1439 1309 Ut
1466 1254 1699 1309 Patrem
1721 1253 2042 1309 honoraret
2065 1273 2076 1307 :

429 1346 487 1396 et
551 1341 691 1411 quia
764 1356 886 1397 non
958 1341 1077 1397 alia
1123 1336 1209 1397 εει
1274 1342 1458 1398 Patris
1526 1341 1805 1397 voluntas
1869 1341 1947 1396 ab
2009 1356 2081 1397 ea

428 1445 559 1501 quae
589 1428 714 1485 Filii
731 1434 817 1487 est
849 1447 863 1497 ;
884 1430 1156 1487 voluntas
1179 1433 1380 1487 autem
1401 1431 1614 1495 Patris,
1639 1430 1761 1487 Filii
1783 1435 2081 1502 praecepta

431 1524 587 1575 sunt.

500 1610 658 1663 Vers.
718 1612 803 1663 22.
857 1608 1038 1665 Multi
1092 1640 1162 1651 —-
1222 1611 1382 1666 Vers.
1447 1613 1512 1665 23
1568 1609 1957 1680 iniquitatem.
2013 1608 2080 1663 In

2266 362 2340 413 Ού
2381 393 2447 401 —
2501 365 2591 411 τοῦ
2644 358 2691 410 ἐν
2740 365 2848 418 τοῖς
2894 358 3147 430 ούρανοῖς.
3198 358 3335 432 Ὀρα
3376 364 3427 410 τί
3485 357 3623 428 λέγει
3666 365 3763 422 νῦν,

2193 452 2269 501 ὅτι
2317 450 2391 501 Οὐ
2444 456 2545 510 πᾶς
2584 450 2608 500 6
2662 450 2916 500 πιστεύων
2952 447 3024 509 εἰς
3077 448 3163 520 ἐμὲ
3215 447 3557 500 εἰσελεύσεται
3594 447 3655 507 εἰς
3682 451 3765 504 τὴν

2193 538 2480 591 ἀπόλαυσιν
2528 547 2626 590 τῶν
2692 537 2939 610 οὐρανίων
2993 536 3216 607 ἀγαθῶν,
3279 538 3320 589 εἰ
3374 541 3443 607 μὴ
3503 541 3593 588 καὶ
3645 543 3768 589 ποιεῖ

2190 626 2225 678 ἆ
2282 626 2431 699 λέγω.
2492 628 2642 679 Ούτω
2694 630 2791 699 γὰρ
2868 628 3183 699 προσέθηκεν
3260 628 3285 677 6
3363 631 3590 685 Λουκᾶς.
3647 626 3768 676 Οὖτε

2190 718 2287 789 γὰρ
2343 720 2517 776 πίστις
2567 721 2719 786 μόνον
2778 714 2925 787 ἀρκεῖ
2968 718 3096 787 πρὸς
3148 719 3431 783 σωτηρίαν,
3482 714 3524 765 εἰ
3570 719 3639 785 μὴ
3684 718 3768 765 καὶ

2193 804 2309 877 βίος
2362 805 2506 868 ἄξιος
2552 814 2645 867 τῆς
2692 810 2909 864 πίστεως
2965 808 3261 878 πρόσεστιν,
3301 807 3419 855 οὔτε
3467 802 3585 873 βίος
3629 807 3767 873 μόνον

2191 893 2441 967 ἐνάρετος,
2502 894 2543 946 εἰ
2596 898 2666 965 μὴ
2732 898 2820 945 καὶ
2880 897 3059 945 πίστιν
3111 892 3338 946 πλουτεῖ.
3402 898 3653 966 Προσὴκει
3715 889 3769 943 δε

2189 982 2455 1057 ἀμφότερα
2509 983 2892 1053 συζευχθῆναι,
2952 986 3040 1034 καὶ
3100 986 3169 1054 μὴ
3219 980 3587 1053 ἀπολειφθῆναι
3638 982 3766 1032 θατέ-

2188 1091 2282 1147 ρου
2337 1074 2564 1146 θάτερον.
2621 1076 2690 1124 T6
2742 1074 2839 1146 γὰρ
2898 1071 3166 1143 ὀνομάζειν
3220 1070 3373 1122 αὐτὸν
3432 1074 3636 1144 Κύριον,
3686 1074 3766 1122 πί-

3392 1159 3519 1213 Ἀλλ’
3551 1161 3577 1210 6
3620 1168 3766 1211 ποιῶν

2832 1252 2926 1301 Διά
2978 1253 3035 1301 τὸ
3088 1255 3243 1321 τιμᾲν
3294 1252 3381 1301 τὸν
3440 1251 3658 1320 Πατέρα,
3686 1253 3769 1299 καὶ

2191 1179 2347 1222 στεως
2376 1166 2535 1232 μόνης
2566 1160 2699 1215 ἐστί.
2742 1165 2842 1213 Καὶ
2885 1168 2992 1221 πῶς
3021 1161 3115 1211 οῦκ
3141 1157 3275 1212 εἶπεν
3326 1177 3338 1189 ·

2188 1255 2245 1302 τὸ
2280 1250 2475 1322 θέλημα
2522 1254 2579 1301 τὸ
2620 1249 2736 1321 ἐμόν
2771 1266 2783 1313 ;

2190 1336 2284 1392 διά
2319 1344 2377 1391 τὸ
2408 1345 2478 1411 μὴ
2525 1341 2693 1413 ἕτερον
2738 1335 2866 1390 εἶναι
2913 1342 2969 1391 τὸ
3001 1346 3091 1390 τοῦ
3144 1340 3347 1413 Πατρός
3395 1338 3607 1409 θέλημα,
3638 1340 3771 1411 παρὰ

2189 1431 2247 1480 τὸ
2279 1436 2369 1481 τοῦ
2399 1432 2538 1482 Υὶοῦ.
2587 1428 2794 1501 Θελημα
2843 1424 2901 1480 δὲ
2952 1435 3043 1480 τοῦ
3089 1430 3308 1501 Πατρός,
3360 1429 3414 1479 αἱ
3456 1425 3649 1478 ἐντολαὶ
3687 1434 3771 1479 τοῦ

2192 1520 2337 1573 Υὶοῡ.

2262 1604 2445 1657 Πολλοὶ
2499 1603 2731 1677 ἀνομίαν,
2780 1603 2903 1661 Ὀτι
2948 1608 3037 1676 μεν
3095 1603 3303 1664 κόλασις
3360 1600 3621 1666 ἐκδέξεται
3667 1608 3773 1665 τούς

428 1697 895 1769 praecedentibus
934 1698 1177 1771 quidem
1209 1698 1483 1755 docendo
1506 1699 1716 1765 innuit,
1749 1699 1915 1771 quod
1945 1713 2079 1770 pec-

2200 1693 2542 1766 Ξιμαρτωλούς,
2569 1693 2838 1766 προλαϐὼν
2874 1690 3086 1755 ἐδίδαξε
3117 1710 3129 1722 ·
3159 1699 3246 1743 νῦν
3292 1689 3351 1745 δε
3402 1692 3554 1763 λέγει,
3582 1699 3670 1744 καὶ
3698 1699 3771 1753 τίς

431 1791 660 1843 catores
705 1792 1083 1859 excepturum
1143 1787 1219 1844 sit
1272 1788 1678 1860 supplicium:
1720 1803 1883 1844 nunc
1934 1802 2079 1843 vero

430 1876 692 1948 apertius
724 1876 785 1931 id
827 1876 991 1933 dicit.
1025 1877 1166 1941 Quis
1217 1880 1308 1931 est
1351 1881 1551 1932 autem
1610 1877 1714 1948 qui
1743 1876 1915 1948 punit
1971 1875 2081 1932 im-

431 1964 585 2036 pios,
640 1963 755 2019 nisi
803 1964 927 2036 ipse
959 1966 987 2021 ?
1044 1964 1159 2021 Sed
1208 1981 1342 2020 cum
1383 1971 1559 2022 antea
1603 1966 1845 2021 dixisset
1887 1984 1900 2020 :
1952 1967 2080 2021 Non

431 2054 629 2108 omnis
653 2052 758 2124 qui
788 2053 975 2109 credit
1003 2054 1064 2109 in
1095 2070 1190 2109 me
1244 2054 1609 2123 ingredietur
1660 2070 1916 2123 regnum
1965 2069 2081 2109 cce-

430 2141 645 2209 lorum,
678 2140 791 2197 nisi
822 2147 881 2197 et
907 2143 1087 2197 vitam
1122 2142 1488 2212 condignam
1509 2142 1732 2198 habere
1763 2143 2076 2207 curaverit,

431 2245 595 2287 nunc
638 2233 694 2286 et
738 2230 901 2286 aliud
956 2230 1123 2301 quod
1162 2230 1494 2287 mirabilius
1534 2234 1640 2297 est,
1693 2231 1876 2299 addit,
1914 2231 2081 2303 quod

431 2334 626 2391 neque
656 2318 830 2388 signa
866 2323 922 2374 et
953 2318 1245 2376 miracula
1281 2319 1540 2385 edentes,
1592 2335 1661 2376 eo
1682 2334 1868 2390 regno
1916 2319 2080 2389 digni

433 2407 833 2474 habebuntur,
857 2407 970 2463 nisi
999 2409 1176 2464 etiam
1200 2412 1257 2464 et
1286 2408 1409 2465 vita
1434 2407 1895 2480 correspondeat
1917 2408 2078 2463 ﬁdei.

441 2499 585 2553 Ecce
609 2496 767 2553 enim
799 2500 855 2552 et
898 2496 961 2551 hi
1016 2496 1203 2553 multa
1232 2497 1374 2553 talia
1418 2497 1648 2570 operati
1692 2495 1944 2563 fuerant,
1979 2495 2082 2553 ab-

432 2584 711 2654 jicientur
739 2588 964 2653 tamen,
990 2601 1061 2641 eo
1087 2585 1251 2658 quod
1277 2586 1456 2642 vitam
1491 2602 1663 2642 suam
1693 2586 2079 2655 neglexerint.

438 2673 618 2744 Multi,
650 2674 861 2747 inquit,
901 2674 974 2730 ab
1023 2690 1093 2731 eo
1116 2676 1279 2747 quod
1330 2679 1554 2731 rectum
1584 2679 1673 2730 est
1720 2674 2079 2739 excidentes,

437 2761 566 2819 haec
597 2767 653 2819 et
674 2763 773 2820 illa
817 2763 960 2819 mihi
990 2763 1204 2820 dicent.
1264 2763 1433 2820 Illum
1474 2763 1718 2836 quidem
1763 2763 1945 2831 diem,
1998 2763 2084 2818 di-

439 2852 522 2909 xit
550 2852 709 2908 diem
734 2852 943 2925 judicii
968 2873 980 2907 :
1014 2867 1227 2924 nempe
1245 2858 1550 2922 cognitum
1564 2857 1620 2908 et
1649 2855 2079 2924 exspectatum.

441 2946 587 2997 tum.
636 2940 890 2997 Virtutes
933 2944 1133 2997 autem
1199 2942 1527 2998 nominavit
1582 2942 1755 3012 signa
1806 2946 1863 2997 et
1928 2938 2234 2997 miracula.
2295 2937 2621 3005 Conﬁtebor
2674 2952 2818 2991 sane
2871 2938 2950 2993 eis
2996 2936 3109 2991 hoc
3167 2941 3275 3001 est,

440 3045 564 3087 COS.

2190 1786 2336 1836 ἔσται
2366 1784 2391 1833 6
2421 1782 2673 1848 κολάζων,
2707 1784 2789 1834 ὃτι
2817 1782 2987 1841 αὐτὸς.
3019 1783 3189 1833 Εἰπὼν
3213 1777 3293 1844 δὲ,
3315 1782 3394 1832 ὅτι
3418 1780 3492 1831 Ού
3516 1787 3615 1842 πᾶς
3645 1783 3669 1832 ὃ
3695 1801 3769 1832 πι-

2194 1875 2385 1924 στεύων
2417 1871 2489 1932 εἰς
2540 1870 2624 1943 ἐμὲ
2669 1870 3008 1923 εἰσελεύσεται
3052 1870 3116 1930 εἰς
3145 1874 3237 1927 τὴν
3270 1868 3540 1941 βασιλείαν
3570 1878 3667 1921 τῶν
3693 1870 3771 1921 66-

2191 1972 2377 2036 ρανῶν,
2406 1962 2449 2014 εἰ
2480 1966 2548 2032 μὴ
2584 1966 2672 2013 καὶ
2715 1960 2834 2033 βίου
2865 1965 3155 2033 κρείττονος
3180 1959 3540 2031 ἐπιμελήσεται
3569 1982 3581 1992 θ
3610 1980 3775 2032 παρα-

2193 2048 2465 2124 δοξότερον
2497 2052 2571 2101 ἔτι
2602 2055 2776 2121 φησὶν,
2808 2052 2888 2100 ὅτι
2917 2046 3056 2101 Οὐδὲ
3104 2051 3151 2100 οἱ
3198 2054 3388 2120 σημεῖα
3411 2053 3500 2100 καὶ
3544 2051 3779 2120 θαύματα

2191 2146 2455 2200 ποιοῦντες
2528 2137 2911 2200 ἀξιωθήσονται
2988 2146 3077 2197 τῆς
3157 2140 3400 2196 τοιαύτης
3489 2136 3775 2209 βασᾶείας,

2192 2227 2276 2280 ἐάν
2318 2228 2521 2290 ἀνάξιον
2554 2226 2670 2298 βίον
2702 2230 2925 2298 ἔχωσιν.
2963 2223 3105 2279 Ἰδού
3138 2228 3238 2299 γὰρ
3269 2230 3357 2277 καὶ
3406 2226 3570 2287 οὗτοι,
3625 2226 3780 2278 πολλά

2192 2326 2409 2371 τοιαῦτα
2480 2321 2813 2381 ποιήσαντες,
2897 2318 3031 2386 ὅμως
3107 2314 3619 2386 ἀποπεμφθήσονται,
3694 2312 3783 2367 διὰ

2192 2410 2277 2459 τὸν
2338 2405 2652 2477 ἠμελημένον
2723 2403 2838 2477 βίον
2906 2404 3089 2457 αὐτῶν.
3160 2403 3366 2470 Πολλοὶ,
3427 2408 3601 2474 φησὶν,
3643 2402 3778 2455 ἐκπί-

2192 2514 2400 2556 πτοντες
2430 2493 2607 2567 ἑροῦσί
2634 2513 2724 2564 μοι
2754 2489 2881 2544 τάδε
2928 2496 3016 2544 καὶ
3046 2488 3175 2544 τάδε
3214 2492 3325 2563 (55)
3359 2510 3372 2523 ⁶
3420 2491 3615 2563 ἡμέραν
3669 2492 3783 2562 (56)

2196 2579 2283 2636 οὖν
2315 2582 2507 2640 ἐκείνην
2540 2585 2645 2634 εἰπε
2677 2582 2835 2653 (56'),
2876 2586 2970 2639 τήν
3015 2589 3107 2642 τῆς
3142 2586 3381 2653 κρίσεως,
3437 2582 3504 2642 ὡς
3534 2579 3789 2651 ἐγνωσμέο

2192 2692 2283 2731 νην
2340 2676 2428 2723 καὶ
2502 2667 3023 2746 προσδεδόκημένην.
3095 2672 3341 2741 Δυνάμεις
3400 2666 3457 2722 δε
3530 2670 3789 2741 ὠνομασε,

2194 2764 2259 2814 τά
2310 2767 2502 2832 σημεῖα
2548 2765 2637 2811 καὶ
2681 2762 2743 2811 τά
2776 2762 3036 2821 θαύματα.
3094 2763 3162 2811 T6
3213 2756 3272 2812 δε
3314 2758 3651 2830 Ὁμολογήσω
3702 2759 3793 2810 αῦα

2196 2856 2321 2911 τοῖς,
2360 2847 2468 2900 ἀντὶ
2493 2856 2585 2900 τοῦ
2627 2848 3099 2921 ’Δποκριθὴσομαι.

3358 2937 3789 2992 Condemnabo

512 3118 659 3174 Cum
678 3120 878 3176 autem
901 3118 1077 3175 etiam
1093 3134 1198 3191 per
1216 3134 1437 3175 nomen
1452 3118 2083 3190 ejus’multafecissent,

2274 3121 2373 3170 Καὶ
2419 3112 2596 3173 ἐπειδὴ
2655 3114 2702 3167 ἐν
2758 3124 2829 3186 τῷ
2882 3114 3092 3188 ὀνόματι
3138 3114 3296 3168 αὐτοῦ
3335 3118 3503 3168 πάντα
3559 3114 3795 3188 ἐποίουν,

438 3208 747 3279 quomodo
770 3223 872 3263 eos
885 3208 1117 3279 ignorat
1134 3208 1159 3262 ‘I
1175 3208 1321 3273 Quia
1334 3210 1518 3264 vitam
1536 3208 1843 3264 habebant
1864 3214 2095 3264 contra-

440 3296 612 3351 riam.
647 3295 804 3351 Scire
830 3296 988 3352 enim
1017 3300 1265 3367 oportet,
1294 3297 1457 3368 quod
1486 3297 1647 3369 apud
1667 3299 1851 3353 Deum
1873 3297 2095 3368 duplex

441 3388 526 3441 est
556 3384 799 3440 scientia
832 3404 844 3443 :
873 3400 991 3441 una
1009 3385 1255 3456 quidem
1281 3386 1594 3451 naturalis,
1622 3401 1738 3457 qua
1767 3386 1971 3441 omnia
1992 3401 2097 3446 no-

440 3473 537 3537 vit,
572 3476 767 3543 utpote
796 3473 1067 3529 omnium
1090 3478 1443 3546 conspector
1478 3476 1871 3546 omniumque
1903 3476 2092 3547 prius-

439 3577 626 3634 quam
656 3562 863 3618 ﬁerent
893 3564 1162 3633 cognitor
1190 3581 1207 3633 ;
1243 3563 1427 3620 altera
1444 3579 1585 3619 vero
1610 3563 1801 3633 magis
1830 3564 2096 3634 peculia-

438 3651 543 3720 ris,
567 3667 688 3722 qua
714 3652 873 3707 solos
918 3652 1110 3723 justos
1139 3653 1461 3723 cognoscit.
1494 3652 1688 3717 Novit,
1724 3652 1937 3724 inquit,
1986 3655 2094 3709 Do-

438 3740 1157 3811 minusm‘amjustorum‘3
1172 3746 1287 3806 ;et:
1312 3741 1623 3811 Cognoscit
1651 3741 1933 3798 Dominus
1970 3742 2092 3799 vias

436 3830 813 3887 innocentum
836 3832 882 3865 “
913 3848 925 3896 ;
960 3835 1040 3886 et:
1064 3832 1242 3887 Novit
1258 3830 1539 3886 Dominus
1566 3831 1671 3901 qui
1692 3836 1829 3885 sunt
1860 3833 1986 3899 ejus
2019 3833 2089 3887 ιδ.

438 3922 549 3975 Eos
580 3924 780 3975 autem
808 3920 910 3991 qui
935 3920 1120 3977 vitam
1145 3920 1372 3977 habent
1398 3920 1891 3987 contaminatam,
1920 3920 2089 3989 igno-

438 4023 570 4063 rare
632 4023 695 4063 se
748 4008 1004 4075 simulat,
1046 4013 1250 4081 utpote
1301 4009 1637 4080 cognitione
1693 4025 1803 4065 sua
1846 4009 2088 4081 indigne

437 4100 881 4153 conversantes.

506 4184 656 4241 Alibi
674 4200 918 4257 quoque
936 4190 1113 4256 negat
1133 4186 1282 4253 illos,
1310 4191 1374 4243 ut
1399 4188 1502 4260 qui
1519 4203 1654 4243 eum
1684 4187 1966 4259 operibus
1987 4202 2087 4243 ne-

436 4280 742 4343 gaverunt.
776 4275 927 4331 Dixit
951 4276 1105 4331 enim
1138 4292 1240 4348 per
1266 4277 1619 4348 prophetam
1646 4293 1656 4330 :
1681 4276 1938 4348 Papulas
1990 4276 2085 4333 hic

436 4362 605 4419 labiis
619 4380 707 4421 me
728 4364 1003 4432 honorat,
1023 4370 1327 4421 corautem
1340 4380 1540 4422 eorum
1567 4367 1731 4436 longe
1749 4372 1835 4421 est
1849 4380 1884 4421 a
1905 4380 1996 4421 me
2012 4366 2079 4419 ιο.

2201 3214 2309 3268 πῶς
2340 3206 2509 3278 ἀγνοεῖ
2560 3205 2743 3265 αύτούς
2777 3224 2789 3267 ;
2824 3210 2963 3257 Διότι
3017 3203 3133 3276 βίον
3181 3202 3324 3277 εἶχον
3378 3204 3618 3261 ἐναντίον.
3676 3211 3796 3281 Χρή

2201 3298 2297 3369 γάρ
2352 3300 2643 3365 γινώσκειν,
2697 3296 2775 3345 ὅτι
2825 3291 2973 3351 διττή
3030 3292 3166 3345 ἐστιν
3211 3294 3240 3351 ἡ
3286 3304 3477 3364 γνῶσις
3526 3297 3671 3368 παρὰ
3726 3304 3800 3364 τῷ

2204 3391 2317 3453 Θεῷ
2352 3400 2362 3412 ·
2397 3384 2425 3440 ἡ
2460 3386 2567 3454 μεν,
2618 3386 2752 3434 κατά
2805 3386 2981 3454 φύσιν,
3024 3383 3141 3435 καθ’
3197 3384 3256 3440 ἢν
3314 3379 3424 3435 οἶδε
3476 3386 3668 3451 πάντα,
3729 3389 3802 3446 ως

2204 3476 2586 3537 παντεπόπτης,
2645 3476 2734 3522 καὶ
2788 3474 2856 3533 ὡς
2911 3474 3077 3523 πάντα
3134 3468 3304 3540 εἰδὼς,
3376 3476 3499 3544 πρὶν
3547 3477 3805 3543 γενέσεως

2203 3563 2371 3614 αὐτῶν
2401 3580 2411 3590 ⁸
2446 3563 2475 3619 ἡ
2511 3557 2585 3630 δὲ,
2633 3561 2743 3612 κατ’
2797 3560 3056 3612 οἰκείωσιν
3099 3606 3113 3631 ,
3159 3561 3271 3613 καθ’
3326 3560 3387 3618 ἢν
3445 3558 3557 3614 οἶδε
3608 3567 3806 3633 μόνους

2200 3656 2316 3713 τούς
2374 3649 2631 3712 δικαίους.
2688 3650 2827 3718 "On,
2883 3656 3030 3723 φησὶ.
3082 3657 3325 3722 γινώσκει
3396 3654 3586 3725 Κύριος
3673 3651 3806 3705 ὁδὸν

2200 3739 2417 3795 δικαίων
2475 3756 2487 3769 ⁸
2546 3746 2634 3792 καὶ
2686 3758 2700 3771 ο
2760 3746 3008 3792 Γινώσκει
3061 3744 3247 3812 Κύριος
3317 3744 3409 3802 τάς
3484 3737 3640 3801 ὁδούς
3701 3752 3809 3795 τῶν

2200 3832 2423 3903 ἀμώμων
2485 3848 2496 3859 ·
2549 3836 2637 3881 καί
2682 3848 2693 3860 ’
2750 3829 2916 3901 Ἔγνω
2981 3832 3169 3905 Κύριος
3226 3833 3341 3889 τούς
3410 3833 3553 3889 ὄντας
3595 3831 3800 3887 αὑτοῦ.

2195 3925 2327 3981 Τοὺς
2367 3917 2425 3973 δε
2484 3918 2600 3992 βίον
2660 3922 2873 3991 ἔχοντας
2951 3916 3320 3992 διεφθαρμένον
3374 3917 3573 3989 ἀγνοεῖν
3630 3940 3813 3995 προσ-

2195 4018 2439 4080 ποιεῖται,
2501 4011 2565 4069 ως
2638 4008 3100 4080 πολιτευσαμένους
3181 4006 3398 4070 ἀναξίως
3468 4017 3560 4070 τῆς
3634 4008 3812 4061 αὑτοῦ

2193 4105 2447 4171 γνώσεως.

2267 4193 2366 4241 Καὶ
2413 4188 2591 4261 ἑτέρως
2648 4184 2705 4240 δε
2758 4185 2983 4263 ἀρνεῖται
3033 4186 3239 4251 αὐτοὺς,
3282 4188 3351 4248 ὡς
3402 4184 3820 4261 ἀρνησαμένους

2192 4277 2343 4330 αὐτὸν
2397 4284 2507 4338 τοῖς
2562 4279 2751 4351 ἔργοις.
2813 4280 2997 4350 Εῖρηκε
3044 4276 3144 4349 γάρ
3214 4273 3305 4329 διὰ
3358 4285 3448 4328 τοῦ
3498 4283 3815 4351 προφήτου,

2191 4368 2267 4419 ὅτι
2313 4364 2371 4418 Ὀ
2422 4365 2540 4425 λαός
2593 4364 2741 4426 οὗτος
2808 4373 2917 4426 τοῖς
2985 4365 3188 4437 χείλεσί
3254 4385 3316 4437 με
3389 4372 3538 4437 τιμᾷ,
3609 4374 3679 4439 τῇ
3750 4365 3820 4421 δὲ

433 4451 540 4519 Qui
569 4453 729 4509 enim
758 4458 1056 4526 prascepta
1082 4453 1268 4525 ipsius
1301 4454 1545 4525 spernit,
1591 4455 1790 4526 ipsum
1820 4454 2075 4526 spernit:

2200 4450 2387 4526 ιαρδίᾳ
2449 4453 2624 4527 πορῥω
2696 4452 2883 4525 ἀπέχει
2953 4452 3039 4504 ἀπ’
3118 4452 3263 4525 ἐμοῦ.
3319 4451 3378 4505 Ὀ
3428 4456 3531 4528 γὰρ
3599 4453 3821 4507 ἀθετῶν

432 4538 567 4595 ideo
600 4556 839 4613 quoque
861 4542 1074 4598 merito
1106 4542 1419 4613 spernitur.

505 4716 711 4771 Verum
734 4718 780 4772 si
810 4718 1039 4789 indigni
1057 4723 1241 4783 erant,
1272 4718 1578 4791 quomodo
1598 4718 1659 4773 in
1686 4717 1769 4773 eis
1791 4718 2079 4787 operaba-

432 4808 525 4860 tur
557 4804 801 4876 Spiritus
824 4811 1063 4863 sanctus
1092 4806 1120 4860 ?
1157 4807 1409 4863 Omnino
1432 4812 1673 4879 propter
1703 4807 1823 4864 duo
1853 4808 2079 4865 ﬁebant

427 4892 540 4950 ista
573 4898 749 4964 :puta
771 4900 833 4951 ut
846 4894 1047 4966 gratiae
1076 4895 2076 4968 Deiliberalitasetiaminindignos

498 5070 542 5105 “
566 5071 700 5125 Luc.
730 5085 807 5142 τι,
837 5070 925 5127 46.
1040 5072 1085 5107 ⁴³
1117 5071 1271 5129 Psal.
1306 5071 1428 5138 1,6.

1543 5072 1588 5106 “
1614 5070 1766 5127 Psal.
1802 5088 1987 5141 xxxn,
2024 5074 2108 5130 l8.

2189 4541 2393 4603 ἐντολὰς
2463 4541 2642 4605 αὐτοῦ,
2718 4539 2873 4592 αὐτὸν
2946 4539 3113 4594 ἀθετεῖ
3190 4539 3275 4594 διὸ
3348 4547 3440 4593 καὶ
3530 4541 3823 4597 ἀθετεῖται

2191 4628 2433 4692 δικαίως.

2261 4724 2361 4771 Καὶ
2421 4716 2527 4770 ἐπεὶ
2587 4716 2785 4779 ἀνάξιοι
2839 4716 2992 4783 ἦσαν,
3053 4726 3163 4780 πῶς
3219 4717 3502 4791 ἐνήργησεν
3576 4719 3653 4779 εἰς
3716 4719 3827 4772 αὐ-

2186 4810 2303 4867 τούς
2333 4810 2389 4859 τὸ
2442 4814 2649 4879 Πνεῦμα
2698 4810 2755 4858 τό
2798 4806 2945 4877 ἅγιον
2990 4823 3002 4873 ;
3038 4812 3248 4869 Πάντως
3309 4804 3402 4860 διὰ
3468 4804 3566 4859 δύο
3603 4816 3826 4877 ταῦτα,

2189 4896 2410 4969 ἱνα
2470 4892 2527 4948 δε
2580 4898 2609 4954 ἡ
2667 4894 2935 4968 φιλοτιμία
2979 4903 3073 4958 τῆς
3106 4898 3327 4969 χάριτος
3376 4905 3468 4950 τοῦ
3521 4902 3657 4951 Θεοῦ
3694 4894 3830 4953 δειο

2222 5072 2269 5108 ⁴⁵
2306 5070 2352 5125 ΙΙ
2379 5070 2524 5127 Tim.
2549 5085 2609 5138 ιι,
2643 5071 2729 5126 19.
2842 5072 2889 5108 ⁴⁶
2913 5072 3026 5130 Isa.
3060 5088 3256 5141 xxxnx,
3287 5073 3380 5132 l5.

1629 5248 1853 5319 Varias
1882 5250 2210 5321 lectiones
2251 5260 2545 5321 etnotae.

492 5446 605 5594 £55)
638 5451 726 5501 καὶ
755 5444 882 5530 τάδε
913 5448 1126 5508 omittit
1164 5448 1230 5506 B.

518 5520 583 5576 56
633 5524 724 5594 μέν
744 5520 911 5578 addlt
950 5523 1015 5577 Α.

518 5520 605 5592 56)
633 5524 724 5594 μέν
744 5520 911 5578 addit
950 5523 1015 5577 Α.

2278 5448 2383 5521 ὅθ’)
2423 5449 2584 5521 Idem
2611 5448 2783 5521 εἰπών.

2278 5450 2383 5521 56')
2423 5450 2584 5505 Idem
2611 5450 2783 5503 εἰπών.

2251 5450 2366 5599 ἕδη
2403 5520 2599 5579 Malim
2619 5540 2696 5590 τε,
2726 5520 2861 5581 Ιοοο
2884 5516 2965 5576 δέ·
