3990 6206
86 73 261 164 Ἦ

226 314 295 374 273
1091 311 1471 370 COMMENT.
1520 310 1590 366 IN
1629 305 2077 364 MATTH/EUM.
2121 334 2183 348 —
2228 305 2388 363 CAP.
2438 307 2556 364 VII.

3393 311 3498 368 274

219 447 354 515 χθιίη,
395 446 599 514 χιομένη
636 446 724 496 καὶ
768 442 841 504 εἰς
878 446 998 504 τοὺς
1046 440 1303 508 ἀναξίους,
1345 444 1435 491 καὶ
1467 439 1550 490 ἶνα
1578 439 1731 510 ἕτεροι

1851 433 2109 490 diffundi
2135 431 2680 504 demonstraretur;
2709 434 2763 489 et
2785 434 2848 489 ut
2877 448 2983 505 per
3013 433 3214 506 ipsum
3239 433 3368 492 aliis
3399 435 3499 494 be-

215 531 269 585 δι’
310 531 446 584 αὐτῶν
497 531 848 603 ὠφεληθῶσιν,
899 533 1012 584 ὅσοι
1067 550 1118 583 τε
1175 531 1296 603 παρ’
1350 529 1515 581 αὐτῶν
1564 526 1738 601 ἐθερα-

214 625 394 681 πεύοντο,
437 625 519 672 καὶ
566 622 681 672 ὅσοι
731 619 1001 693 βλέποντες
1056 623 1143 680 τὰς
1212 620 1455 680 τοιαύτας
1511 619 1740 689 θαυματο

210 715 388 782 ονργίας,
441 708 701 761 ἐπίστευον
754 718 827 780 τῷ
875 715 1117 784 Χριστῷ.
1179 709 1253 762 Οὐ
1309 713 1417 782 χρὴ
1471 707 1557 758 οὗν
1616 707 1737 757 Θαυ-

211 800 349 871 μάζειν
395 798 566 859 αὐτοὺς
635 801 1181 874 θαυματουργοῦντας.
1241 795 1410 851 Οὐδὲν
1459 800 1559 871 γὰρ
1613 796 1736 871 παρ’

210 889 354 942 ἑαυτῶν
404 888 716 959 εἰσήνεγκαν,
778 887 905 941 ἀλλὰ
954 893 1039 941 τὸν
1094 891 1243 957 Θεέν,
1300 890 1386 938 τὸν
1444 883 1733 950 δεδωκότα,

209 980 403 1040 τοιούτοις
453 972 603 1030 οὖσιν
661 977 856 1043 αὐτοῖς,
911 981 1004 1036 τήν
1054 979 1236 1051 χάριν.
1302 982 1546 1036 Τοιοῦτος
1596 971 1657 1033 ἧν
1710 975 1736 1026 6

210 1069 255 1119 τὰ
297 1063 510 1139 δαιμόνια
581 1065 858 1136 ἐκϐάλλων,
934 1070 1022 1118 καὶ
1074 1071 1144 1138 μὴ
1221 1067 1288 1117 ὢν
1368 1065 1478 1138 μετ’
1552 1063 1730 1117 αὐτοῦ.

205 1163 390 1216 Τοιοῦτος
439 1158 495 1214 ἧν
551 1160 644 1208 καὶ
686 1157 712 1207 6
758 1151 1023 1229 προδότης
1079 1151 1305 1216 Ἰούδας.
1354 1154 1580 1216 Ἀνάξιοι
1631 1159 1732 1224 γὰρ

207 1245 322 1308 ὄντες,
360 1244 518 1298 ἔλαϐον
580 1249 915 1317 χαρίσματα.
959 1249 1059 1298 Καὶ
1099 1243 1149 1296 ἓν
1203 1253 1264 1316 τῇ
1323 1243 1530 1314 Παλαιᾷ
1569 1240 1628 1294 δὲ
1664 1242 1735 1302 εἰς

205 1334 368 1397 πολλοὺς
422 1333 662 1397 ἀναξίους
717 1335 746 1393 ἡ
798 1336 909 1387 Θεία
972 1337 1130 1407 χάρις
1170 1333 1476 1407 ἐνήργησεν,
1530 1333 1612 1383 ἶνα
1659 1328 1732 1384 δι’

204 1423 327 1473 αὐτῶν
371 1423 538 1485 ἄλλους
604 1423 940 1498 εὐεργετήσῃ.
994 1422 1130 1476 Ἀλλ’
1201 1423 1343 1475 οὗτοι
1404 1426 1492 1494 μέν
1551 1422 1735 1482 πάντες

199 1515 334 1562 πίστιν
369 1515 481 1572 τέως
510 1519 680 1582 εἰχον,
721 1512 767 1564 εἰ
815 1516 906 1563 καὶ
945 1510 1068 1584 βίου
1109 1508 1242 1569 ἦσαν
1285 1513 1728 1582 κατεγνῶσμένου.

201 1597 364 1670 Βαλαὰμ
403 1596 456 1652 ὁὶ
481 1604 573 1651 καὶ
618 1604 839 1660 πίστεως
885 1605 971 1653 καὶ
1034 1599 1290 1659 πολιτείας
1329 1599 1547 1674 ἀρίστης
1591 1597 1733 1650 ἀλλό-

1847 523 2126 579 neﬁcium
2156 522 2537 588 conferretur,
2563 523 2666 594 qui
2698 521 2967 579 videlicet
2987 522 3064 579 ab
3091 523 3176 579 eis
3206 523 3499 582 curaban-

1846 615 1961 681 tur,
2019 612 2111 668 vel
2180 612 2278 683 qui
2348 626 2535 683 opera
2614 611 2714 668 illa
2779 611 3136 669 admiranda
3204 613 3499 671 intuentes

1847 701 2170 756 credebant
2212 701 2269 756 in
2323 699 2641 756 Christum.
2693 704 2819 756 Non
2866 716 3009 770 ergo
3065 717 3166 758 eos
3215 703 3499 761 admirari

1845 793 2098 862 oportet,
2139 789 2241 860 qui
2289 789 2583 845 miracula
2621 789 3049 860 operabantur,
3095 807 3286 862 neque
3338 793 3499 850 enim

1845 879 2183 952 quidquam
2213 894 2249 935 a
2275 893 2336 934 se
2384 879 2532 950 ipsis
2561 878 2945 935 conferebant
2975 897 2988 944 ;
3019 881 3123 936 sed
3152 884 3358 949 Deum,
3396 883 3500 955 qui

1846 984 1976 1024 cum
2010 967 2090 1023 illi
2139 967 2280 1023 tales
2320 971 2536 1032 essent,
2563 967 2818 1038 gratiam
2851 971 3051 1024 tamen
3085 968 3196 1024 illis
3226 971 3500 1040 praestite-

1842 1061 1953 1115 rat.
1985 1057 2137 1114 Talis
2169 1060 2311 1123 erat,
2345 1055 2447 1128 qui
2486 1056 2788 1113 dmmonia
2835 1056 3124 1127 ejiciebat,
3153 1073 3264 1114 nec
3297 1062 3499 1117 tamen

1841 1147 2036 1213 ipsum
2092 1145 2456 1217 sequebatur
2485 1161 2498 1210 ;
2531 1143 2667 1201 talis
2698 1150 2824 1201 erat
2869 1149 2926 1202 et
2961 1145 2989 1200 J
3000 1145 3149 1202 udas
3195 1148 3488 1218 proditor.

1841 1235 2136 1292 Namlicet
2156 1234 2606 1304 indigniessent,
2628 1235 2882 1305 gratiam
2900 1238 3099 1291 tamen
3122 1245 3494 1308 acceperant.

1841 1326 1904 1378 In
1956 1324 2142 1380 Veteri
2171 1339 2414 1396 quoque
2470 1327 2844 1380 Testamento
2884 1324 2946 1379 in
2976 1325 3178 1380 multis
3229 1326 3496 1396 indignis

1843 1412 2032 1482 gratia
2051 1412 2429 1484 operabatur,
2459 1416 2643 1483 utper
2668 1427 2769 1466 eos
2802 1411 2931 1466 aliis
2962 1413 3320 1469 beneﬁcium
3351 1430 3499 1485 prae-

1842 1505 2042 1556 staret.
2094 1501 2206 1556 Sed
2241 1500 2303 1556 hi
2352 1499 2598 1572 quidem
2660 1499 2842 1554 ﬁdem
2887 1501 3125 1557 interim
3170 1502 3494 1571 habebant,

1841 1603 2196 1660 quanquam
2256 1587 2374 1643 vita
2423 1587 2922 1658 reprehensibiles
2970 1593 3187 1646 essent.
3255 1590 3498 1647 Balaam

196 1705 301 1758 τριος
344 1687 422 1755 ὢν,
479 1693 853 1762 προεφήτευσε.
913 1692 1012 1741 Καὶ
1051 1697 1122 1758 τῷ
1179 1693 1364 1763 Φαραὼ
1406 1685 1484 1752 δὴ,
1517 1692 1605 1739 καὶ
1660 1694 1731 1757 τῷ

1847 1681 2042 1732 autem
2089 1675 2431 1732 cumafide
2489 1678 2545 1732 et
2598 1676 3051 1733 conversatione
3119 1677 3282 1734 bona
3347 1681 3499 1735 esset

195 1773 643 1850 Ναϐουχοδονόσορ,
684 1782 775 1828 καὶ
817 1783 888 1846 τῷ
931 1779 1027 1847 υἱῷ
1058 1777 1217 1829 αὐτοῦ
1264 1776 1558 1848 Βαλτάσαρ,
1610 1774 1734 1828 ἀσε-

196 1860 282 1916 ϐέσι
321 1871 395 1918 καὶ
441 1869 896 1939 παρανομωτάτοις
949 1863 1113 1931 οὖσιν,
1169 1861 1358 1928 ἰδειξεν
1414 1867 1439 1916 6
1493 1868 1623 1926 Θεὸς
1668 1866 1734 1916 τὰ

195 1952 390 2021 gillo-ara
441 1951 531 2008 διὰ
570 1960 668 2014 τὴν
721 1956 900 2028 ἐτέρων
950 1954 1271 2027 οἰκονομίαν.
1337 1958 1440 2008 Καὶ
1496 1959 1549 2006 τί
1600 1953 1733 2024 λέγω

197 2047 281 2113 περὶ
326 2041 627 2118 ἀνθρώπων;
670 2044 760 2106 Εἰς
802 2048 897 2102 τὴν
948 2047 1057 2096 ὦρον
1105 2049 1196 2095 τοῦ
1251 2042 1463 2114 Βαλαὰμ
1505 2043 1535 2100 ἡ
1575 2044 1734 2115 χάρις

193 2134 242 2181 τὰ
304 2131 469 2194 ἑαυτῆς
553 2129 878 2200 ἐπεδείξατο,
958 2136 1126 2204 φωνὴν
1203 2131 1524 2206 ἀνθρωπίνην
1599 2131 1729 2203 αὐτῇ

197 2213 507 2292 δωρησαμένη,
577 2225 702 2295 ηρὸς
748 2225 806 2273 τὸ
862 2225 1128 2274 συνετίσαι
1187 2223 1273 2273 τὸν
1332 2219 1584 2279 ὶπιϐάτην
1644 2219 1732 2272 αὖα

192 2316 274 2368 τῆς·

242 2395 358 2450 ἐπεὶ
433 2403 623 2465 τοίνυν,
713 2400 868 2474 ὀρθοῦ
950 2398 1071 2471 βίου
1139 2403 1209 2471 μὴ
1284 2402 1556 2471 παρόντος,
1619 2397 1734 2450 οὔτε

190 2489 322 2546 πίστις
353 2492 460 2541 οὔτι
509 2491 756 2560 θαύματα
815 2492 996 2552 σώζειν
1063 2484 1336 2552 δύνανται,
1379 2486 1501 2560 βίου
1546 2486 1734 2558 μᾶλλον

192 2573 468 2642 ἐπιμελητέον
545 2580 695 2650 ἡμῖν.
773 2580 850 2630 Τὰ
918 2574 974 2630 δὲ
1063 2579 1324 2648 θαύματα,

187 2667 257 2729 μὲν
290 2661 594 2730 ἀποδεκτέον,
654 2671 726 2738 μή
783 2671 1148 2739 παρεχομένων
1190 2662 1248 2718 δὲ
1298 2670 1369 2738 μὴ
1424 2664 1733 2738 ἀθυμητέον.

189 2755 222 2800 0
279 2755 364 2823 γὰρ
433 2757 682 2828 ἐνάρετος,
768 2759 858 2807 καὶ
925 2761 994 2827 μὴ
1060 2757 1490 2827 θαυματουργῶν,
1577 2751 1734 2806 οὐδὲν

187 2836 366 2894 ἐντεῦθεν
419 2842 733 2900 ἠλάττωται.
797 2848 896 2896 Καί
945 2847 1046 2916 γὰρ
1106 2845 1131 2894 6
1186 2848 1276 2916 μὲν
1337 2842 1530 2916 ἀγαθὸς
1594 2842 1730 2916 βίος,

1402 2581 1737 2648 παρεχόμενα

1841 1764 2526 1837 alienus,prophetabat.
2542 1765 2695 1830 Quin
2714 1768 2771 1821 et
2793 1764 3082 1822 Pharaoni
3108 1769 3165 1822 et
3192 1766 3498 1823 Nabuchoo

1841 1852 2105 1909 donosor
2119 1857 2174 1908 et
2194 1852 2314 1908 ﬁlio
2328 1853 2455 1924 ejus
2482 1852 2761 1917 Baltasar,
2787 1869 2926 1908 cum
2948 1854 3499 1926 essentimpiissimi

1843 1957 1914 1999 ac
1939 1941 2400 2006 sceleratissimi,
2447 1942 2613 1998 Deus
2644 1941 2844 1998 futura
2875 1942 3325 2008 demonstravit,
3363 1959 3499 2014 pro-

1841 2035 1973 2103 pter
1985 2029 2234 2086 aliorum
2248 2029 2760 2101 gubernationem.
2781 2029 2893 2086 Sed
2904 2030 3055 2102 quid
3067 2029 3140 2086 de
3155 2029 3498 2088 hominibus

1844 2119 1995 2189 dico,
2023 2133 2165 2174 cum
2185 2122 2241 2174 et
2269 2118 2330 2174 in
2356 2118 2530 2175 asina
2545 2119 2786 2176 Balaam
2815 2133 2990 2175 suam
3005 2119 3500 2179 demonstraverit

1842 2209 2136 2272 virtutem,
2163 2222 2307 2264 voce
2335 2207 2606 2265 humana
2633 2208 2748 2281 ipsi
2776 2207 3009 2274 collata,
3051 2212 3115 2266 ut
3149 2224 3284 2267 eam
3316 2209 3498 2282 ipsius

1845 2311 2128 2354 ascensor
2155 2295 2551 2368 intelligeret?

1916 2394 2064 2461 Quia
2102 2409 2244 2465 ergo
2273 2400 2436 2451 recta
2463 2395 2561 2451 via
2585 2393 2916 2466 deﬁciente,
2951 2410 3147 2469 neque
3195 2395 3366 2462 ﬁdes,
3394 2412 3501 2453 ne-

1844 2498 1961 2556 que
1991 2482 2279 2538 miracula
2310 2482 2512 2539 salvos
2555 2483 2749 2539 facere
2770 2487 3040 2555 possunt,
3077 2483 3255 2540 nobis
3285 2485 3359 2540 de
3376 2485 3501 2544 vita

1846 2571 2040 2643 magis
2071 2572 2404 2627 curandum
2419 2574 2508 2627 est
2537 2570 2731 2643 :quod
2753 2571 2799 2626 si
2831 2571 3024 2628 facere
3041 2589 3286 2644 quoque
3325 2574 3500 2643 signa

1845 2659 2033 2724 detur,
2111 2659 2552 2732 suscipiendum
2603 2663 2730 2726 est;
2785 2659 2834 2714 si
2884 2665 3082 2716 autem
3140 2676 3262 2717 non
3308 2662 3497 2729 detur,

1847 2749 2214 2806 constristari
2255 2764 2379 2805 non
2409 2753 2660 2820 oportet.
2688 2750 2837 2805 Nam
2876 2748 2980 2820 qui
3021 2749 3228 2805 virtute
3281 2751 3499 2822 praedi-

1846 2844 1938 2892 tus
1968 2843 2080 2904 est,
2105 2839 2212 2894 etsi
2255 2838 2540 2894 miracula
2565 2851 2688 2893 non
2715 2837 2871 2902 edat,
2925 2837 3070 2893 nihil
3115 2838 3251 2894 inde
3279 2839 3501 2911 patitur

187 2929 350 2991 πάντως
394 2933 546 2992 σώζει
583 2935 673 2983 τὸν
726 2937 911 2984 πιστόν
941 2949 952 2962 ⁸
994 2935 1058 2984 τὰ
1108 2935 1352 3005 θαύματα
1396 2929 1454 2985 δὲ
1511 2933 1570 2984 οὐ
1609 2933 1731 2984 πάν-

1847 2926 2202 2990 detrimenti,
2248 2925 2410 2982 bona
2452 2925 2752 2998 siquidem
2798 2927 2920 2984 vita
2957 2925 3197 2984 ﬁdelem
3251 2929 3500 2986 omnino

187 3032 274 3076 τως.
334 3024 421 3071 Καὶ
488 3028 576 3072 τοῦ
659 3024 750 3092 μὶν
806 3023 1039 3092 ἐναρέτου
1120 3020 1242 3093 βίου
1317 3020 1534 3093 ἀμοιϐὰς
1608 3023 1732 3091 ἡμῖν

186 3116 403 3177 χροιιστεί
462 3115 627 3170 Θεόις⁹
689 3117 789 3160 τῶν
845 3105 903 3161 δὲ
978 3111 1252 3180 θαυμάτων
1322 3111 1470 3182 ἡμεῖς
1543 3109 1732 3182 μᾶλλον

187 3193 318 3263 τᾶτῷ.
363 3199 459 3258 Τὰς
498 3198 674 3259 αἰτίας
721 3193 799 3260 δὲ,
855 3194 926 3249 δι’
976 3197 1037 3260 ἃς
1079 3202 1191 3250 οὔτε
1231 3205 1363 3250 πᾶσι
1411 3206 1514 3258 τοῖς
1563 3197 1734 3269 ἁγίοις

185 3289 362 3356 παρέχη
387 3292 477 3344 τήν
523 3290 689 3360 χάριν
719 3294 818 3337 τῶν
876 3288 1151 3359 Θαυμάτων
1182 3288 1207 3339 6
1239 3290 1382 3352 Θεὸς,
1437 3289 1553 3340 οὔτε
1599 3293 1732 3340 πᾶσι

185 3377 266 3431 τοίς
320 3375 553 3439 ἀναξίοις,
628 3380 785 3447 μόνος
842 3374 992 3436 αὐτὸς
1057 3372 1200 3428 οῖδευ
1255 3376 1434 3451 ὀρθῶς,
1490 3378 1516 3428 6
1565 3379 1732 3430 πάντα

183 3463 287 3511 κατὰ
314 3461 453 3534 λόγον
479 3473 642 3517 ποτῶν
657 3507 669 3520 ,

235 3642 326 3699 Πᾶς
368 3672 429 3682 -—
481 3661 735 3715 φρονίμῳ.
794 3643 1120 3716 Ἀπαρτίσας
1191 3647 1282 3701 τὴν
1355 3639 1729 3708 διδασκαλίαν,

179 3722 320 3778 λοιπὸν
363 3731 747 3806 παραθαρῥύνει
804 3735 922 3793 τοὺς
962 3733 1219 3803 μαθητὰς,
1277 3731 1347 3793 εἰς
1394 3736 1450 3784 τὸ
1501 3727 1731 3803 βαδίσαι

179 3816 250 3867 τὴν
312 3825 472 3877 στενὴν
540 3827 636 3871 καὶ
705 3819 1046 3891 τιθλιμμένην
1104 3817 1247 3889 ὀδόν,
1317 3821 1733 3892 ὑπισχνούμενος

179 3907 374 3966 γενέσθαι
428 3909 601 3969 αὐτοῖς
658 3908 924 3981 ἀρκοῦσαν
982 3907 1284 3980 ἀσφάλειαν,
1347 3912 1440 3966 τὴν
1504 3909 1732 3980 φυλακὴν

182 3995 255 4038 ’ὧν
296 3993 486 4047 έντῡλὼν
518 3998 700 4052 adre-3.
757 4004 882 4065 Πᾶς,
939 4003 1119 4068 φησὶν,
1163 3999 1187 4049 6
1238 3995 1435 4049 ἀκούων
1465 4017 1566 4070 μου
1614 4004 1735 4063 τοὺς

178 4075 319 4146 ὶηθνς
357 4088 580 4150 τούτους,
625 4091 744 4146 ἦτοι
796 4089 885 4147 τὰς
943 4086 1168 4153 ἐντολάς,
1200 4085 1262 4148 ἃς
1311 4084 1552 4150 ἐπέταξα.
1611 4091 1736 4142 Τινὰ

1843 3016 2074 3072 salvum
2118 3014 2276 3080 facit,
2311 3013 2601 3072 miracula
2630 3031 2764 3072 vero
2803 3031 2927 3072 non
2979 3032 3235 3089 semper.
3263 3017 3500 3075 Praeter-

1841 3119 1913 3160 ea
1941 3103 2118 3159 bona:
2149 3104 2282 3159 vitae
2299 3103 2850 3161 remunerationem
2896 3105 3075 3162 nobis
3107 3105 3283 3164 debet
3308 3108 3498 3174 Deus;

1841 3191 2268 3248 miraculorum
2320 3195 2540 3258 autem,
2585 3207 2698 3248 nos
2751 3193 2952 3265 potius
2993 3193 3110 3265 ipsi
3185 3195 3499 3254 debemus.

1841 3283 2064 3338 Causas
2114 3295 2253 3336 vero
2296 3285 2531 3352 propter
2555 3295 2724 3352 quas,
2773 3296 2968 3353 neque
3016 3283 3234 3338 sanctis
3306 3285 3497 3338 omni-

1841 3369 1957 3426 bus
1988 3368 2215 3442 praabet
2240 3367 2397 3424 Deus
2445 3368 2699 3438 gratiam
2742 3369 3191 3436 miraculorum,
3243 3384 3439 3442 neque
3465 3386 3497 3427 e

1839 3458 2076 3515 diverso
2106 3457 2390 3514 omnibus
2429 3456 2713 3526 indignis,
2765 3456 2928 3514 solus
2980 3458 3104 3530 ipse
3146 3458 3326 3524 novit,
3355 3459 3500 3532 quia

1840 3548 2043 3606 omnia
2071 3547 2232 3618 justa
2259 3545 2492 3602 ratione
2521 3544 2678 3602 facit.

1912 3649 2075 3703 Vers.
2127 3649 2216 3702 24.
2263 3644 2466 3702 Omnis
2497 3675 2564 3684 ——
2590 3642 2890 3714 prudenti.
2937 3644 3182 3718 Expleta
3224 3643 3496 3705 doctrina

1841 3736 2193 3794 adhortatur
2231 3734 2510 3806 deinceps
2548 3733 2893 3805 discipulos,
2937 3739 3002 3791 ut
3040 3749 3144 3806 per
3195 3734 3357 3792 viam
3389 3751 3498 3793 an-

1843 3829 2077 3896 gustam
2129 3827 2186 3880 et
2239 3824 2501 3880 strictam
2559 3822 2904 3893 gradientur
2935 3824 3324 3896 :promittens
3381 3823 3496 3880 illis

1843 3913 2236 3970 sufﬁcientem
2258 3911 2462 3968 adfore
2490 3911 3118 3982 securitatem,nempe
3135 3911 3332 3984 ipsam
3350 3927 3495 3984 prm-

1843 4008 2153 4075 ceptorum
2183 4001 2682 4059 observationem.
2736 4003 2959 4070 Omnis,
2996 4001 3204 4074 inquit,
3258 4002 3360 4074 qui
3390 4018 3496 4058 au-

1844 4091 1930 4148 dit
1957 4092 2070 4148 hos
2103 4105 2410 4147 sermones
2451 4105 2630 4160 meos,
2662 4090 2784 4146 sive
2829 4091 2958 4147 haec
2987 4106 3116 4163 quae
3141 4090 3297 4162 jussi
3342 4106 3494 4162 prae-

179 4172 248 4235 μὲι
284 4167 359 4222 οὖν
413 4183 511 4226 τῶν
730 4175 1079 4250 ἀντιγράφων,
1127 4175 1545 4247 Ὀμοιωθήσεται
1610 4180 1731 4250 γρά-

1847 4185 2016 4252 cepta
2043 4200 2056 4236 :
2082 4178 2368 4251 quaedam
2395 4179 2688 4252 siquidem
2704 4179 3068 4252 exemplaria
3087 4181 3490 4252 ὁμοιωθήσεται,

1380 4301 1600 4370 Varias
1626 4302 1952 4371 lectiones
1977 4312 2042 4370 et
2063 4312 2264 4370 notae.

231 4436 326 4514 (_5_8)
347 4439 576 4497 Discant
587 4441 708 4514 hoc
724 4439 863 4514 loco
873 4440 1050 4514 crisin
1063 4441 1203 4498 Novi
1215 4441 1724 4514 Testamenti,qui,

184 4505 260 4584 ubi
276 4505 580 4584 ismng
600 4511 667 4568 ﬁt
689 4513 929 4584 mentio,
945 4511 1168 4584 ubique
1188 4513 1454 4582 cogitant
1473 4513 1546 4568 de
1568 4505 1727 4568 codi-

183 4576 311 4656 Icilius
333 4576 877 4656 'T._C_ujusmodi
898 4576 1036 4653 ergo
1068 4576 1304 4656 codices
1343 4585 1726 4656 ὁμοιωθήσεται

183 4605 311 4634 ωυυδ
333 4605 390 4636 Π.
433 4605 487 4640 ι.
521 4605 877 4656 υιῃυδωυυι
898 4605 1036 4653 ergo
1068 4605 1304 4640 COUICBS
1343 4605 1366 4636 ο
1413 4605 1718 4642 οιωσησεται

179 4644 653 4734 μδεριῖβεὶιὶοθι
699 4653 1131 4734 (ξξιιυχνετιοειεπιιίλ
1161 4660 1313 4734 _t_om.
1363 4605 1478 4724 {;ll,
1523 4673 1586 4734 .p.
1622 4660 1718 4734 391

182 4715 269 4771 bis.
293 4723 429 4796 Quid
474 4731 678 4781 autem
718 4715 1074 4796 Euthymius
1103 4724 1132 4779 ?
1160 4729 1310 4782 Num
1339 4715 1722 4796 examinavit,

182 4792 462 4868 qualectio
486 4811 593 4868 per
613 4795 850 4868 codices
873 4792 940 4850 N.
968 4797 1323 4852 Testamenti
1357 4795 1728 4867 praeferenda

184 4860 270 4939 §il?_
290 4860 676 4939 Minime'vero.
696 4865 806 4922 Sed
831 4871 1130 4939 utramque
1149 4860 1407 4939 admittit.
1432 4868 1727 4939 Theophy:

185 4929 350 5010 lactus,
398 4939 495 5009 qui
521 4938 1005 5010 etiamgtractavit
1036 4929 1286 4994 ‘codices
1308 4929 1727 5010 Chrysostomi

185 5007 483 5080 lantextu'et
528 5010 587 5065 in
630 5008 896 5080 scholio,
946 5010 1190 5079 ὁμοιώσω
1229 5007 1602 5080 habet,'pag.
1633 5009 1726 5063 41.

186 5069 296 5151 Οιιρε
321 5079 483 5151 _crisis
508 5085 594 5136 est
619 5079 686 5151 h.
719 5079 758 5134 l.
807 5069 1114 5151 wetstenii
1138 5079 1165 5134 ?
1208 5086 1286 5135 Ex
1333 5069 1509 5135 versu
1547 5069 1615 5134 §6
1647 5080 1731 5151 ing-

185 5148 300 5222 quit.
320 5148 473 5205 Recte
493 5150 788 5222 profecto.
818 5152 966 5206 Nam
985 5150 1441 5222 Chrysostomus
1461 5154 1517 5206 et
1537 5150 1728 5222 caeteri

186 5219 477 5288 mlerpretes
495 5219 712 5278 millies
733 5220 965 5276 diversa
981 5219 1114 5278 loca
1136 5220 1530 5278 confundunt.
1559 5221 1730 5278 Unde

188 5289 347 5364 aptam
365 5289 419 5345 in
441 5293 773 5364 versionem
793 5294 1004 5364 Syram
1026 5297 1083 5348 et
1105 5292 1410 5364 Vulgatam
1429 5291 1586 5364 venit
1602 5291 1729 5364 ?7Ac

189 5366 224 5438 il
247 5360 346 5438 istae
365 5362 656 5419 versiones
676 5378 797 5418 non
823 5360 1046 5438 centies
1069 5378 1138 5420 ac
1164 5360 1376 5434 saepius
1398 5363 1730 5438 exscholiis

186 5424 361 5504 grecis
383 5439 571 5490 essent
600 5434 990 5503 corruptm.Si
1016 5439 1217 5490 autem
1239 5424 1441 5504 postea
1463 5433 1731 5504 Origenis

190 5492 608 5560 Commentarius
625 5505 705 5560 ad
719 5492 874 5561 hunc
887 5504 1087 5561 locum
1102 5521 1172 5562 ex
1187 5492 1552 5562 bibliothecis
1563 5492 1728 5562 Erue-

189 5567 279 5638 tur,
318 5576 368 5628 et
409 5574 499 5632 ille
554 5591 801 5652 quoque
853 5576 1274 5650 comprobabit
1324 5577 1728 5650 ὁμοιωθήσεται,

1835 4442 2052 4498 scilicet
2075 4445 2217 4498 tunc
2242 4440 2560 4498 accesseris
2585 4439 2664 4497 ad
2690 4439 2914 4497 fontem
2962 4439 3202 4498 erroris.
3244 4443 3323 4496 Ex
3353 4442 3488 4500 cod.

1836 4514 2045 4570 Wetst.
2073 4517 2119 4578 1,
2136 4511 2881 4584 propemodumsuspicor,
2897 4513 2976 4567 ita
2988 4511 3149 4584 illum
3164 4513 3487 4583 scripsisse.

1835 4585 1973 4650 Quis
2001 4583 2267 4640 vero’hic’
2294 4600 2364 4638 ex
2394 4583 2719 4655 editoribus
2749 4586 2814 4638 Ν.
2843 4585 2902 4655 Τ.
2944 4599 3012 4638 ex
3056 4583 3490 4655 Chrysostomo

1834 4655 2459 4728 notavitépocmeimrgc
2479 4653 2506 4706 ?
2534 4653 3067 4728 Dixeritquispiam
3097 4672 3110 4709 :
3146 4653 3492 4728 Sedparum

1833 4727 2097 4798 interest,
2150 4731 2348 4782 utrum
2405 4727 2666 4798 ὁμοιώσω,
2698 4741 2778 4798 an
2825 4727 3211 4798 ὀμοιωθήσςται
3261 4727 3492 4797 legatur

1835 4797 2052 4869 Criticze
2079 4795 2641 4869 sacraersine'dubio
2693 4795 3118 4869 interest._Sed
3173 4795 3490 4869 theologia:

1835 4868 2190 4936 dogmaticae
2215 4868 2309 4923 hic
2342 4883 2559 4936 parum
2593 4868 2848 4924 interest.
2910 4867 3093 4936 Igitur
3121 4869 3301 4926 etiam
3327 4867 3490 4928 hunc

1835 4939 2035 4995 locum
2067 4939 2307 5010 arripui.
2334 4938 2388 4995 Si
2421 4938 2582 4993 enim
2623 4938 2713 5010 de
2743 4939 2974 4997 Christo
3004 4945 3226 5010 ageret,
3258 4941 3490 4999 silentio

1836 5009 2364 5084 praetermisissem.
2392 5010 2662 5084 Sedame
2702 5009 3018 5084 impetrare
3034 5028 3306 5084 nequeo,
3343 5014 3490 5084 quin

1836 5080 1958 5138 duo
2006 5082 2226 5137 inedita
2276 5081 2353 5137 ad
2423 5080 2580 5137 hunc
2636 5080 2836 5138 locum
2887 5082 3113 5139 scholia
3147 5080 3234 5138 'ex
3285 5080 3490 5140 codice

1840 5153 2246 5222 Mosquensie.
2268 5151 2373 5208 fol.
2398 5152 2490 5218 63,
2511 5151 2754 5209 addam.
2806 5153 3066 5210 Alterum
3109 5153 3297 5210 Photii
3323 5159 3411 5210 est
3435 5158 3492 5212 et

1838 5223 2098 5279 defendit
2145 5223 2460 5280 lectionem
2510 5222 2812 5294 vulgatam
2848 5223 3135 5290 ;alterum
3195 5224 3488 5294 Origenis,

1838 5294 2243 5367 quodineptas
2260 5295 2307 5364 ej
2321 5311 2388 5349 us
2413 5293 2856 5367 explicationes,
2878 5311 2948 5352 ex
2965 5293 3366 5367 parallelismo
3385 5310 3491 5351 seu

1837 5364 1906 5422 ex
1935 5381 2057 5420 suae
2087 5364 2272 5420 aetatis
2302 5364 2742 5422 concordantiis
2769 5364 3051 5423 declarat.

1911 5440 2127 5488 Φωτίου⁶
2186 5441 2500 5507 Σημείωσαι,
2559 5437 2638 5488 ὅτι
2686 5440 2742 5490 τὸ
2791 5440 2880 5510 μὲν
2931 5439 3174 5510 ’γενέσθαι
3216 5440 3487 5510 φρόνιμον,

1839 5505 1933 5558 οὐκ
1984 5509 2122 5558 ἔστιν
2171 5505 2287 5581 ἄνευ
2315 5515 2407 5568 τῆς
2452 5514 2542 5559 του
2575 5515 2708 5560 Θεοῦ
2759 5505 3031 5581 συνεργίας
3073 5527 3162 5560 και
3205 5505 3485 5581 ἐπιπνοίας,

1839 5581 1925 5631 Διό
1983 5596 2161 5652 φησιν.
2231 5577 2505 5651 Ὀμοιώσω
2588 5579 2742 5631 αὑτὸν
2823 5576 2978 5653 ἀνδρὶ
3056 5583 3306 5652 φρονίμῳ,
3375 5576 3490 5630 ἀντί
