3990 6206
209 329 281 384 277
1093 318 1467 380 COMMENT.
1515 318 1590 374 IN
1627 315 2076 376 MATTH/EUM-
2115 348 2185 364 -—
2223 317 2388 377 CAP.
2435 319 2560 378 VII.

3366 324 3472 380 278

203 453 342 515 λοπες,
384 449 435 503 ού
483 447 722 502 δυνανται
784 447 1090 502 καταϐαλεῖν
1164 452 1253 500 καὶ
1318 444 1571 500 διαλῦσαι
1624 447 1712 504 τὴν

1835 445 2094 512 nitantes,
2147 461 2269 503 non
2321 448 2636 518 potuerunt
2689 445 2941 519 dejicere
2991 449 3094 505 aut
3150 446 3474 508 dissolvere

198 538 420 613 οἰκοδομὴν
489 539 644 600 αὐτῆς
713 580 729 605 ,
821 534 960 592 διότι
1037 536 1396 609 τεθεμελίωται
1490 535 1715 610 στεῤῥῶς

198 629 260 682 isi
309 634 467 703 πέτραν
517 671 530 696 ,
599 631 760 701 ἤγουν
820 669 834 694 ,
885 627 968 682 ἰπὶ
1020 625 1301 700 ἀσφάλειαν
1347 664 1364 691 ,
1431 627 1500 686 ὡς
1579 628 1716 699 εἴρη-

195 737 275 773 ται.

247 810 326 860 Καὶ
379 808 465 880 ὅρα
513 826 599 880 μοι
653 810 773 870 τοὺς
839 805 1158 868 ἀποστόλους
1228 803 1425 871 εὐθέως,
1501 802 1575 877 ἐφ’
1629 803 1718 866 οὒς

194 894 332 948 πολλαί
377 899 457 966 μιν
501 895 770 949 ἐπιϐουλαὶ
817 897 1078 968 χεθεῖσαι,
1132 898 1314 970 μυρίοι
1357 890 1416 946 δὲ
1468 901 1718 966 χειμῶνες

197 993 413 1057 συμφορῶν
464 984 887 1061 καταῤῥαγέντες,
956 985 1050 1038 οὐκ
1115 986 1354 1056 ἴσχυσαν
1412 981 1718 1057 περιτρέψαι

193 1078 254 1124 τόν
293 1076 462 1148 πύργον
493 1083 585 1137 τῆς
630 1074 814 1147 ψυχῆς
865 1074 1052 1130 αὐτῶν.
1105 1072 1257 1139 ἀλλὰ,
1293 1079 1410 1126 ,τῶν
1466 1072 1715 1143 σωμάτων

192 1163 321 1222 circi;
346 1159 764 1238 διαφθειρομένων
799 1205 814 1222 .
842 1167 1164 1237 μεμενήκασι
1210 1163 1305 1223 τὰς
1347 1166 1552 1234 γνώμας
1600 1162 1716 1211 άνλ-

190 1249 303 1304 λωτοι
325 1256 396 1304 καὶ
428 1251 695 1312 ἀήττητοι.

243 1346 318 1393 Καὶ
343 1371 398 1382 -
447 1350 622 1415 μωρῷ.
677 1337 889 1400 Ἐπειδή
942 1361 1068 1402 τινες
1115 1348 1214 1393 τῶν
1263 1338 1525 1414 ἀκροατῶν
1572 1335 1715 1409 ἔμελ-

187 1425 248 1479 λον
280 1426 468 1480 ἐπαινεῖν
517 1431 609 1502 μὲν
669 1431 736 1482 τὰ
787 1429 1051 1503 εἰρημένα,
1099 1432 1171 1501 μὴ
1227 1433 1389 1480 ποιεῖν
1441 1423 1500 1478 δὲ
1558 1425 1710 1491 αὐτὰ,

184 1516 630 1589 προκαταλαμϐάνων
696 1517 899 1591 ἐκφοϐεῖ
963 1520 1174 1579 τούτους
1241 1513 1334 1568 διὰ
1395 1512 1712 1587 παραϐολῆς.

183 1602 313 1675 Ἔργα
343 1602 396 1659 ο⁹ε
439 1612 684 1680 φρονίμου
732 1611 823 1660 καὶ
864 1613 1041 1680 μωροῦ
1089 1607 1212 1670 θεὶς,
1251 1610 1342 1658 τοῦ
1384 1605 1474 1677 μὲν
1507 1604 1712 1667 συνετὰ,

181 1700 248 1745 τοῦ
291 1690 341 1746 δὲ
400 1697 592 1767 μάταια
659 1737 674 1762 ,
735 1694 1092 1770 ἀμφοτέρωθεν
1162 1692 1544 1753 κατασκευάζει
1609 1697 1718 1753 τοῖς

1823 551 1979 603 eam,
2003 535 2144 608 quia
2163 535 2414 592 fundata
2439 539 2566 592 erat
2584 536 2834 592 ﬁrmiter
2859 551 3039 609 super
3066 540 3319 610 petram,
3351 539 3473 598 sive

1825 640 2007 698 super
2044 625 2421 692 soliditatem,
2452 629 2516 682 ut
2545 624 2774 682 dictum
2811 629 2921 683 est.

1897 802 2108 860 Statim
2147 803 2346 876 itaque
2398 803 2702 874 apostolos
2732 803 2878 860 mihi
2925 805 3172 871 intuere,
3204 804 3265 861 in
3319 821 3474 879 quos

1824 891 2088 964 plurimm
2114 891 2490 948 deﬂuxerunt
2508 891 2762 960 insidim,
2794 908 2865 948 ac
2889 892 3214 950 innumerae
3238 894 3478 950 calami-

1824 984 2013 1038 tatum
2064 980 2292 1036 hiemes
2324 979 2674 1036 deciderunt
2715 997 2728 1035 :
2761 995 2873 1036 nec
2902 979 3220 1037 valuerunt
3247 982 3475 1039 anima-

1823 1086 1956 1125 rum
2005 1085 2213 1126 eorum
2268 1069 2477 1125 turrim
2531 1072 2812 1132 evertere,
2869 1070 2975 1126 sed
3025 1069 3272 1141 perditis
3317 1073 3475 1125 certe

1823 1158 2175 1231 corporibus
2193 1158 2394 1215 animo
2405 1163 2873 1230 permanserunt
2889 1157 3383 1232 inexpugnabiles
3401 1173 3472 1216 ac

1823 1247 2281 1319 insuperabiles.

1894 1337 2056 1393 Vers.
2078 1337 2164 1393 26.
2179 1338 2257 1392 Et
2275 1336 2700 1406 —fatuo.Quia
2712 1337 2988 1394 nonnulli
3002 1336 3478 1394 auditorumlau-

1823 1425 2020 1482 daturi
2061 1429 2227 1482 erant
2266 1441 2402 1496 quae
2432 1425 2684 1493 dixerat,
2733 1442 2843 1482 nec
2882 1429 3085 1482 tamen
3114 1440 3186 1482 ea
3214 1425 3474 1483 facturi:

1823 1529 1931 1586 per
1951 1513 2322 1586 {parabolam
2367 1514 2477 1570 bos
2519 1513 2904 1585 anticipando
2945 1514 3216 1570 deterret.
3262 1513 3478 1570 Positis

1824 1607 2026 1660 autem
2056 1601 2364 1674 prudentis
2394 1605 2574 1674 atque
2607 1601 2752 1659 fatui
2782 1602 3065 1675 operibus
3112 1619 3126 1658 :
3164 1601 3320 1658 illius
3348 1603 3478 1675 qui-

1825 1691 1966 1748 dem
2028 1691 2245 1748 rationi
2287 1691 2564 1748 consonis
2624 1694 2682 1747 et
2721 1691 3010 1757 honestis,
3052 1691 3234 1763 hujus
3275 1695 3479 1750 autem

180 1784 393 1851 μαθηταῖς
432 1789 522 1842 τήν
569 1788 857 1860 σωτηρίαν,
903 1781 996 1838 διά
1023 1803 1078 1837 τε
1117 1789 1209 1836 τοῦ
1263 1781 1423 1843 ζήλου
1471 1788 1566 1842 τῆς
1595 1799 1714 1832 συν-

1835 1780 1994 1838 vanis
2019 1797 2034 1836 :
2057 1780 2337 1852 utrinque
2361 1780 2796 1853 discipulorum
2808 1780 3183 1837 conﬁrmavit
3202 1780 3478 1846 salutem,

178 1875 313 1937 ίσεως,
360 1878 442 1926 καὶ
485 1880 578 1927 τοῦ
624 1878 813 1947 μίσους
863 1880 958 1936 τῆς
1009 1874 1403 1945 ματαιοπονίας.
1452 1876 1616 1923 Τοῦτο
1659 1865 1719 1922 δί

605 2005 622 2028 ,
668 1966 966 2037 προτρέπων
1028 1961 1095 2023 εἰς
1172 1960 1356 2035 ἀρετὴν
1411 2001 1426 2026 ,
1504 1957 1605 2012 ἀπό
1664 1976 1720 2012 τε

177 2053 398 2119 μιμήσεως
445 2060 543 2104 τῶν
612 2051 808 2118 καλῶν,
853 2055 944 2104 καὶ
997 2051 1096 2104 ἀπὸ
1155 2054 1347 2123 μίσους
1397 2056 1497 2101 τῶν
1544 2051 1720 2120 χειρό-

178 2158 270 2194 νων,

178 1960 368 2022 πολλάκις
421 1971 555 2016 ποιεῖ

228 2225 380 2291 Ὀστις
427 2261 492 2271 -
543 2233 722 2288 ἔπεσε,
784 2233 1004 2291 Δικαίως
1054 2231 1225 2302 μωρὸν
1280 2226 1436 2280 αὐτόν
1490 2225 1716 2279 ἓκάλεσε.

174 2318 221 2365 Τί
397 2316 731 2392 ἀνοητότερον
801 2325 894 2371 τοῦ
953 2318 1218 2378 κτίζοντος
1272 2315 1440 2368 οἰκίαν
1493 2313 1577 2367 ἐπὶ
1632 2318 1720 2372 τὴν

176 2403 322 2475 ἅμμον,
375 2413 460 2459 καὶ
513 2411 604 2460 τὸν
800 2410 951 2458 πόνον
1007 2409 1368 2478 ὑπομένοντος,
1423 2410 1518 2464 τῆς
1560 2399 1619 2456 δὲ
1650 2402 1725 2454 ἄν·

173 2494 307 2546 τεῦθεν
351 2493 681 2558 ἀπολαύσεως
746 2493 1210 2568 ἀποστερουμένου.
1271 2498 1436 2546 Τοῦτο
1485 2488 1543 2544 δε
1594 2489 1725 2563 βού-

174 2580 282 2634 λεται
319 2592 398 2636 νῦν
438 2586 617 2651 εἰπεῖν,
677 2586 751 2638 ὅτι
811 2590 920 2647 Πᾶς
969 2585 996 2636 ό
1039 2586 1218 2657 μαθὼν
1247 2585 1338 2644 τὰς
1367 2580 1572 2642 ἐντολάς
1600 2599 1722 2653 μου,

169 2676 238 2722 καὶ
275 2678 336 2743 μή
382 2673 462 2727 ἐπὶ
523 2677 767 2738 ταύταις,
829 2675 899 2735 ὡς
959 2675 1042 2725 ἐπὶ
1098 2671 1309 2744 θεμελίῳ
1370 2669 1582 2745 στερρῷ,
1636 2671 1726 2730 τὰς

173 2757 320 2812 ἑαυτοῦ
365 2763 573 2835 πράξεις
631 2759 941 2835 οἰκοδομῶν,
996 2765 1254 2826 τουτέστι,
1306 2763 1378 2832 μὴ
1445 2762 1512 2820 ὡς
1570 2757 1726 2810 αὗται

169 2859 435 2920 παραινοῦσι
478 2853 893 2924 πολιτευόμενος,
947 2849 1052 2902 ἀλλ’
1095 2850 1266 2925 ἑτέραν
1297 2845 1420 2901 ὀδόν
1461 2844 1724 2920 βαδίζων,

169 2943 300 3009 μωρὸς
342 2938 467 3007 ἐστι,
520 2943 694 3013 μάτην
752 2941 978 3012 κάμνων.
1041 2942 1313 2998 Παντοίοις
1384 2939 1484 3010 γὰρ
1551 2953 1729 3007 πειρα-

169 3034 290 3095 (WG
328 3027 376 3080 ἓν
422 3038 592 3104 καιρῷ
647 3029 997 3103 περιστάσεως
1037 3027 1286 3086 εὐάλωτος
1315 3023 1534 3097 γίνεταί.
1584 3022 1726 3076 Ἐπεὶ

1826 1873 1885 1925 et
1911 1883 2019 1941 per
2045 1869 2236 1925 zelum
2261 1868 2600 1940 prudentiae,
2628 1871 2684 1925 et
2707 1884 2814 1941 per
2837 1868 3045 1925 odium
3069 1868 3211 1926 vani
3231 1868 3477 1926 laboris.

1825 1957 1944 2014 Hoc
1980 1960 2183 2014 autem
2214 1956 2555 2030 frequenter
2591 1956 2731 2014 facit
2773 1973 2787 2012 :
2820 1956 2896 2012 ad
2937 1957 3239 2016 virtutem.
3265 1957 3480 2014 adhor-

1827 2049 1980 2111 t‘ans,
2021 2049 2078 2103 et
2117 2045 2192 2102 ab
2227 2044 2559 2104 imitatione
2599 2045 2920 2117 bonorum,
2955 2048 3012 2102 et
3055 2044 3130 2103 ab
3177 2045 3315 2103 odio
3348 2061 3482 2105 ma-

1825 2133 2044 2192 lorum.

1897 2225 2054 2280 Vers.
2086 2221 2175 2279 26.
2211 2222 2324 2290 Qui
2350 2253 2420 2264 —
2447 2225 2608 2280 Vers.
2637 2222 2726 2280 27.
2755 2221 2977 2280 cecidit.
3008 2223 3212 2282 Merito
3233 2223 3481 2282 stultum

1828 2311 1994 2368 illum
2016 2311 2371 2370 nominavit.
2395 2311 2547 2378 Quid
2571 2311 2736 2369 enim
2755 2311 3136 2384 insipientius
3163 2328 3233 2370 eo
3250 2314 3357 2386 qui
3376 2313 3482 2370 do-

1829 2416 1999 2458 mum
2021 2416 2194 2458 suam
2217 2415 2396 2473 super
2412 2415 2660 2458 arenam
2679 2400 2958 2468 aediﬁcat,
2977 2404 3189 2459 etcum
3207 2402 3481 2460 laborem

1831 2489 2136 2555 sustineat,
2193 2489 2461 2562 privatur
2517 2493 2718 2546 tamen
2745 2489 2941 2547 fructu
2982 2506 3167 2563 quem
3194 2491 3335 2548 inde
3364 2491 3482 2549 col-

1831 2579 2008 2650 ligere
2037 2580 2362 2654 oportuit?
2408 2582 2509 2635 Est
2535 2594 2678 2650 ergo
2706 2580 3106 2646 tantumdem,
3148 2595 3218 2636 ac
3249 2581 3298 2636 si
3327 2581 3487 2640 dice-

1831 2673 1920 2725 ret
1968 2687 1982 2725 :
2018 2669 2221 2726 Omnis
2258 2669 2357 2741 qui
2389 2672 2711 2741 postquam
2749 2672 3049 2740 praecepta
3088 2683 3222 2725 mea
3251 2668 3479 2737 didicit,

1835 2773 2012 2830 super
2066 2773 2138 2815 ea
2199 2757 2381 2830 quasi
2435 2767 2619 2828 super
2672 2755 2934 2813 solidum
2994 2756 3481 2826 fundamentum,

1835 2862 1975 2904 suas
2007 2847 2271 2904 actiones
2309 2861 2431 2902 non
2463 2845 2729 2916 aediﬁcat,
2763 2845 2877 2902 hoc
2906 2851 2995 2902 est
3022 2859 3144 2901 non
3173 2860 3485 2904 conversa-

1834 2938 1928 2992 tur
1951 2936 2126 3007 juxta
2160 2935 2220 2992 id
2265 2935 2430 3008 quod
2459 2934 2562 2990 illa
2591 2934 2940 2998 admonent,
2975 2933 3083 2990 sed
3110 2933 3227 2991 alia
3265 2933 3485 2992 incedit

1835 3024 1953 3094 via,
1983 3025 2199 3080 stultus
2224 3028 2314 3081 est
2342 3027 2399 3080 et
2446 3038 2602 3080 vane
2647 3022 2905 3089 laborat,
2967 3023 3082 3079 hoc
3139 3025 3248 3093 est,
3301 3022 3483 3080 variis

169 3110 213 3166 δε
248 3117 270 3167 ὁ
309 3126 530 3180 τοιοῦτος
588 3114 664 3171 δι’
708 3113 860 3170 ούδεν
903 3117 1070 3189 ἕτερον
1120 3117 1444 3188 παρατρέχει
1487 3113 1583 3173 τὰς
1634 3118 1717 3164 τοῦ

1836 3112 2278 3176 tentationibus,
2313 3111 2649 3170 aﬂlictionis
2680 3116 2949 3184 tempore
2978 3110 3148 3169 facile
3177 3111 3486 3185 superabi-

164 3207 354 3276 Σωτῆρος
403 3205 625 3274 ἐντολὰς,
665 3206 695 3264 ἣ
743 3202 836 3258 διὰ
863 3210 1022 3275 μόνην
1060 3208 1150 3262 τὴν
1189 3207 1370 3261 στενήν
1400 3205 1490 3254 καὶ
1521 3200 1730 3273 τεθλιμ,

163 3297 284 3360 μὲηεν
307 3291 421 3347 ὀδόν
467 3296 662 3363 αὐτῶν,
713 3298 790 3352 εἴη
831 3293 891 3344 ἆν
941 3294 1109 3364 ἅμμος
1138 3293 1169 3350 ἦ
1204 3287 1504 3364 φιληδονία,
1558 3287 1634 3362 ἐφ’
1664 3290 1727 3348 ἣν

167 3378 390 3454 οἰκοδομεῖ
437 3389 530 3444 τήν
581 3384 766 3437 ἑαυτοῦ
816 3381 1103 3436 πολιτείαν.
1143 3384 1230 3433 Διὸ
1279 3384 1369 3433 καὶ
1429 3396 1726 3472 πειρασμοῦ

158 3469 544 3540 προσϐαλλόντος,
609 3477 790 3526 πίπτει
841 3470 908 3531 εἰς
970 3471 1210 3544 ἄρνησιν,
1269 3473 1341 3541 μὴ
1425 3472 1586 3540 φέρων
1621 3469 1724 3543 ﬁt;

162 3563 350 3631 πικρίαν,
379 3559 463 3614 οἶα
508 3566 583 3635 μὴ
637 3561 1022 3632 συνειθισμένος
1067 3562 1240 3619 πόνοις
1277 3561 1368 3610 καὶ
1417 3556 1720 3629 σκληραγω.

156 3664 285 3712 ταις.

213 3827 298 3876 [αἱ
339 3855 404 3866 —
443 3824 668 3898 μεγάλη.
727 3824 938 3884 Πάντως
1002 3821 1222 3895 μεγάλη.
1287 3825 1388 3874 Καὶ
1466 3821 1568 3892 γὰρ
1622 3818 1715 3872 οὐκ

157 3908 237 3961 ἀπὸ
279 3909 429 3976 δόξης
470 3917 760 3978 πέπτωκεν,
822 3908 937 3964 οὐδ’
981 3914 1081 3963 ἀπὸ
1128 3910 1370 3974 πλούτου,
1403 3913 1492 3962 καὶ
1540 3910 1716 3961 τοιαύ-

159 4013 227 4057 της
267 4000 409 4062 ἄλλης
465 4000 800 4074 ἀνθρωπίνης
851 3999 1148 4073 εὐημερίας,
1196 3996 1304 4050 ἀλλ’
1359 3996 1459 4048 ἀπὸ
1498 4003 1589 4056 τῆς
1642 3994 1714 4056 εἰς

159 4090 347 4158 Χριστὸν
396 4108 641 4149 πίστεως.
699 4088 758 4141 Ὀ
810 4089 900 4160 μὶν
956 4089 1058 4161 γὰρ
1113 4085 1353 4155 ἁπιστος,
1406 4084 1464 4136 ού
1512 4099 1708 4136 πιπτει·

157 4179 292 4225 κεῖται
334 4180 432 4249 γὰρ
489 4174 584 4229 διὰ
626 4179 810 4236 παντὸς
838 4179 887 4227 ἐν
944 4182 1016 4245 τῷ
1072 4172 1246 4246 βόθρῳ
1293 4180 1384 4234 τῆς
1428 4171 1644 4233 πλάνης·
1686 4170 1713 4223 ὁ

157 4256 201 4311 δε
238 4268 410 4326 ταύτης
445 4266 773 4339 ὑπεραρθεὶς,
825 4268 916 4316 καὶ
970 4260 1217 4334 ἀναχθεὶς
1268 4265 1351 4314 ἐπὶ
1405 4264 1465 4314 τό
1509 4270 1600 4321 τῆς
1629 4263 1714 4312 πί·

159 4362 288 4410 πως
307 4352 448 4422 ὕψος,
481 4351 594 4406 εἶτα
620 4351 966 4425 μτακλιθεὶς,
997 4350 1148 4413 οὗτος
1171 4354 1368 4416 πίπτει,
1407 4354 1497 4402 καὶ
1535 4347 1716 4402 ἐκπίπ-

156 4451 213 4487 τει
236 4448 314 4500 τῆς
335 4442 544 4495 αἰωνίου
575 4443 733 4502 ζωῆς.

215 4530 297 4578 Καὶ
340 4558 404 4571 —
461 4530 652 4584 αὐτοῦ.
731 4528 883 4590 Ἐθος
953 4526 1096 4580 ἔστὶν
1144 4524 1429 4601 Ἑϐραίοις,
1499 4525 1548 4579 ἐν
1605 4532 1717 4587 ταῖς

157 4608 312 4684 ἀρχαῖς
350 4617 602 4680 πολλάκις
649 4625 750 4671 τῶν
804 4614 1102 4688 διηγήσεων
1161 4615 1330 4676 ἁπλῶς
1384 4617 1581 4669 τιθέναι
1631 4617 1713 4682 τὸ,

152 4698 358 4768 Ἐγένετο.
411 4711 479 4760 Σὺ
540 4704 600 4760 δέ
648 4726 740 4780 μοι
793 4708 1062 4778 θαύμασον
1115 4708 1174 4757 τό
1226 4704 1446 4778 φλήκοον
1497 4713 1599 4757 τῶν
1663 4709 1714 4758 6'-

156 4787 284 4858 χλω,
315 4801 397 4848 καὶ
426 4799 486 4848 τό
512 4798 816 4869 καρτερικὸν
837 4794 886 4846 ἒν
910 4801 1025 4856 ταῖς
1053 4792 1386 4866 ἀκροάσεσιν.
1416 4794 1590 4869 ’Ἄχρι
1609 4795 1716 4865 γὰρ

159 4882 479 4957 συνεπλήρωσε
556 4891 678 4948 τούς
751 4885 934 4955 λόγους
1005 4890 1093 4942 τῆς
1155 4879 1526 4948 διδασκαλίας,
1584 4891 1718 4956 παρ’

156 4971 294 5036 έμενον
333 4969 495 5034 ἡδέως
550 4974 835 5034 ἀκούοντες.
887 4971 1290 5034 Ἐξεπ).ἡσσοντο
1335 4969 1412 5037 δὲ,
1465 4975 1533 5034 ὡς
1571 4970 1712 5024 ἐλεύ-

157 5059 268 5127 θεροι
309 5065 487 5131 φθόνου
517 5069 606 5117 καὶ
638 5068 913 5136 πονηρίας.
955 5059 1082 5115 Εἶτα
1127 5061 1262 5133 λέγει
1293 5065 1382 5113 καὶ
1417 5065 1511 5119 τὴν
1541 5061 1710 5114 αἰτίαν

154 5153 229 5207 τῆς
253 5147 542 5213 ἐκπλήξεως.

211 5235 292 5288 Ἠν
353 5270 408 5279 -
457 5247 796 5313 γραμματεῖς.
852 5238 950 5292 Ἤν
1000 5235 1272 5292 διδάσκων
1315 5241 1445 5311 μετά
1500 5237 1706 5314 παῤῥη-

157 5327 268 5386 σίας,
314 5332 399 5379 καὶ
427 5328 484 5379 οὗ
516 5329 624 5399 μεθ’
673 5327 986 5389 ὑποστολῆς,
1044 5329 1108 5387 ὡς
1163 5329 1212 5379 οἱ
1257 5333 1599 5401 ι’ραμματεῖς.
1647 5328 1706 5380 Ἠ

155 5406 273 5464 διότι
310 5417 355 5466 οἱ
391 5422 715 5491 Γραμματεῖς
752 5420 844 5488 μὲν
893 5415 964 5475 εἰς
1010 5418 1098 5467 τόν
1142 5419 1295 5487 νόμον
1336 5435 1425 5468 και
1478 5415 1544 5475 εἰς
1593 5419 1709 5477 τοὺς

155 5507 390 5569 προφήτας
431 5503 662 5579 ἁνίγερον
713 5503 750 5558 ἃ
806 5501 1112 5568 ἐδίδασκον,
1167 5505 1268 5557 οἷον
1324 5505 1405 5556 ὅτι
1451 5503 1510 5558 Ὀ
1559 5509 1710 5577 νόμος

155 5583 317 5640 uiris:
381 5589 531 5661 τάδε,
591 5599 682 5647 καὶ
741 5596 791 5647 οἱ
851 5600 1115 5669 προφῆται
1169 5589 1296 5647 τάδε
1351 5597 1523 5669 φασίν·
1574 5594 1600 5646 ό
1651 5588 1710 5646 δὲ

1837 3203 1948 3257 tur.
1991 3200 2136 3256 Cum
2169 3203 2372 3255 autem
2407 3199 2542 3258 talis
2581 3199 2662 3256 ob
2701 3199 2865 3256 aliud
2903 3199 3045 3256 nihil
3074 3201 3486 3272 prmtermittat

1838 3286 2046 3345 salutis
2086 3289 2406 3359 praecepta,
2452 3301 2639 3358 quam
2686 3289 2931 3359 propter
2963 3286 3126 3342 viam
3165 3291 3391 3343 arctam
3425 3291 3484 3345 et

1835 3379 2172 3446 angustam,
2205 3374 2312 3431 erit
2340 3388 2484 3431 sane
2535 3389 2714 3431 arena
2752 3373 3125 3447 voluptatum
3153 3388 3344 3442 amor,
3385 3389 3484 3432 su-

1833 3479 2140 3537 perquam
2163 3477 2338 3520 suam
2361 3461 2612 3520 aediﬁcat
2637 3462 3148 3520 conversationem
3177 3477 3190 3517 :
3224 3461 3482 3534 ideoque

1829 3552 2142 3624 ingruente
2169 3553 2508 3619 tentatione,
2536 3551 2598 3608 in
2625 3551 3012 3622 negationem
3040 3550 3216 3616 cadit,
3248 3565 3373 3608 non
3401 3550 3483 3608 fe-

1824 3657 1964 3699 rens
2001 3641 2408 3706 acerbitatem,
2434 3656 2506 3698 eo
2537 3640 2703 3714 quod
2739 3639 3043 3699 laboribus
3071 3638 3354 3712 durisque
3389 3655 3482 3698 as-

1824 3729 2176 3803 peritatibus
2222 3744 2343 3786 non
2382 3729 2456 3786 sit
2485 3732 2780 3786 assuetus.

1894 3822 2057 3876 Vers.
2098 3821 2188 3875 27.
2228 3819 2308 3876 Et
2357 3849 2426 3860 —
2476 3833 2717 3889 magna.
2754 3818 2969 3888 Magna
3011 3817 3236 3892 utique.
3277 3819 3480 3891 Neque

1821 3908 1979 3966 enim
2019 3907 2099 3965 ab
2135 3908 2362 3965 honore
2411 3907 2625 3964 excidit
2653 3910 2759 3964 aut
2788 3906 3020 3973 divitiis,
3077 3923 3185 3964 seu
3215 3906 3333 3964 alia
3370 3906 3480 3963 hu-

1817 3997 2085 4070 jusmodi
2114 3997 2383 4054 humana
2409 3996 2794 4069 prosperitate
2823 4013 2836 4052 :
2867 3995 2972 4053 sed
3001 4011 3038 4053 a
3073 3995 3192 4052 ﬁde
3221 3995 3282 4053 in
3313 3994 3480 4054 Chri-

1823 4090 2002 4143 stum.
2070 4088 2218 4141 Nam
2282 4085 2387 4158 qui
2453 4084 2714 4142 inﬁdelis
2767 4087 2872 4153 est,
2931 4100 3052 4141 non
3113 4085 3288 4150 cadit,
3372 4084 3479 4141 sed

1818 4177 1976 4248 jacet
2002 4174 2238 4247 penitus
2287 4175 2347 4231 in
2381 4173 2554 4232 fovea
2593 4175 2854 4242 erroris;
2903 4175 3006 4247 qui
3057 4190 3198 4232 vero
3238 4175 3313 4230 ab
3359 4175 3476 4231 hac

1823 4266 2143 4332 extractus,
2170 4267 2225 4320 et
2246 4265 2325 4320 ad
2360 4263 2502 4320 ﬁdei
2529 4263 2900 4322 altitudinem
2924 4261 3284 4329 sublevatus,
3309 4266 3474 4334 post-

1824 4368 1898 4410 ea
1924 4355 2240 4410 revocatur
2270 4371 2284 4412 :
2315 4351 2414 4408 hic
2441 4351 2618 4416 cadit,
2647 4354 2705 4408 et
2733 4366 2770 4408 a
2813 4350 2936 4408 vita
2974 4350 3189 4407 excidit
3225 4351 3472 4408 eterna.

1897 4531 2053 4587 Vers.
2084 4530 2172 4587 28.
2209 4529 2290 4586 Et
2321 4557 2392 4574 —
2418 4529 2630 4598 ipsius.
2683 4527 2912 4586 Habent
2938 4527 3165 4586 Hebraei
3194 4542 3304 4601 pro
3333 4541 3474 4586 con-

1826 4619 2134 4676 suetudine
2158 4619 2221 4675 in
2247 4617 2538 4691 principio
2571 4617 2827 4691 alicujus
2855 4617 3216 4676 narrationis
3245 4618 3474 4692 simpli-

1826 4707 1969 4764 citer
1995 4722 2217 4780 ponere
2273 4723 2286 4762 ε
2314 4708 2393 4764 Et
2427 4707 2658 4777 factum
2698 4712 2802 4766 est.
2831 4709 2912 4764 Tu
2942 4710 3142 4765 autem
3169 4706 3471 4767 admirare

1826 4797 1972 4853 mihi
1993 4796 2303 4854 turbarum
2323 4796 2709 4852 attentionem
2735 4811 2805 4854 ac
2829 4796 3203 4854 tolerantiam
3223 4797 3286 4854 in
3306 4798 3472 4856 audi-

1824 4885 1980 4943 endo
2027 4902 2038 4942 :
2081 4901 2216 4957 quae
2258 4884 2451 4941 donec
2498 4885 2938 4958 complerentur
2991 4887 3196 4949 omnia
3246 4887 3469 4946 doctri-

1822 4989 1916 5032 na;
1980 4973 2181 5044 verba,
2257 4973 2508 5030 libenter
2576 4973 3063 5048 perseverabant.
3140 4975 3468 5050 Obstupue-

1819 5067 1959 5120 runt
1982 5078 2145 5128 vero,
2185 5066 2478 5135 tanquam
2507 5062 2585 5120 ab
2627 5063 2855 5120 invidia
2893 5078 2964 5120 ac
2999 5063 3230 5123 malitia
3267 5065 3462 5123 alieni.

1821 5150 2039 5208 Deinde
2065 5167 2316 5208 causam
2341 5165 2578 5224 quoque
2603 5151 2774 5224 ponit
2803 5151 3085 5225 stuporis.

1888 5240 2048 5296 Vers.
2082 5241 2170 5295 29.
2212 5241 2361 5297 Erat
2401 5271 2471 5282 —
2507 5240 2746 5298 Scriba.
2793 5241 3055 5299 Docebat
3093 5255 3234 5298 cum
3279 5241 3464 5300 incre-

1815 5327 2001 5400 pandi
2023 5327 2262 5394 ﬁducia,
2297 5331 2353 5385 et
2384 5343 2506 5386 non
2537 5344 2676 5387 cum
2721 5333 2902 5398 metu,
2945 5329 3463 5403 quemadmodum

1817 5415 2056 5472 Scribse.
2094 5416 2208 5481 Vel,
2243 5416 2386 5489 quia
2415 5417 2634 5474 Scribae
2672 5433 2710 5476 a
2735 5418 2868 5490 lege
2915 5423 2972 5475 et
2999 5418 3304 5491 prophetis
3335 5433 3463 5490 pro-

1815 5503 2081 5562 ferebant
2108 5519 2181 5562 ea
2219 5522 2357 5579 quas
2397 5505 2714 5574 docebant,
2754 5509 2954 5580 utpote
2984 5506 3246 5563 dicentes
3282 5524 3296 5563 :
3329 5509 3462 5564 Haec

1814 5593 1990 5652 Jubet
2025 5593 2120 5650 lex
2161 5611 2174 5651 :
2222 5594 2336 5653 ista
2375 5595 2582 5654 dicunt
2609 5595 2959 5669 prophetat;
3007 5594 3272 5653 Christus
3319 5608 3461 5655 vero
