3990 6206
469 317 574 373 279

1768 296 2121 354 EUTHYMII
2162 295 2486 355 ZIGABENI

3714 301 3821 357 280

470 444 721 513 accepta
767 454 804 496 a
848 436 1050 508 seipse
1105 428 1471 493 auctoritate,
1512 425 1786 492 docebat,
1817 440 1888 482 ac
1923 424 2117 494 legem

2258 427 2451 499 [ριστὸς
2512 425 2595 499 ἀφ’
2654 426 2855 497 ἑαυτοῦ,
2911 428 3026 481 κατ’
3099 426 3336 490 ἐξουσίαν
3392 420 3662 493 ἐδίδασκε,
3722 432 3821 479 καὶ

473 532 713 596 ferebat,
773 530 829 585 et
886 524 1168 583 continue
1228 517 1489 576 addebat
1523 533 1535 571 :
1567 517 1696 585 Ego
1748 520 1938 570 autem
1994 514 2117 569 dico

475 621 655 685 vobis,
690 622 747 675 et
770 622 1062 687 tanquam
1094 610 1273 668 futuri
1298 608 1483 681 judex
1510 604 1725 669 saeculi,
1777 603 1953 659 bouis
1992 602 2119 675 qui-

472 712 610 767 dem
624 704 1005 781 promittebat
1016 695 1474 768 salutem,malis
1486 710 1623 751 vero
1638 690 2120 749 comminabatur

471 796 863 872 supplicium.

934 881 1087 938 CAP.
1122 879 1213 934 Vl.
1246 876 1329 932 De
1361 875 1616 944 leproso.

541 977 695 1032 CAP.
744 974 895 1029 V111.
960 972 1125 1026 Vers.
1186 968 1237 1023 1.
1299 966 1442 1021 Cum
1495 968 1691 1020 autem
1746 959 2123 1018 descendisset

472 1096 541 1110 —-
552 1066 755 1123 multa
767 1108 780 1121 .
810 1066 857 1119 A
868 1055 1361 1118 doctrinatransit
1377 1054 1454 1110 ad
1470 1052 1779 1110 miracula.
1796 1051 1945 1117 Quia
1963 1048 2123 1105 enim

469 1164 763 1228 tanquam
792 1149 1203 1208 auctoritatem
1242 1144 1475 1201 habens
1517 1142 1792 1206 docebat,
1838 1155 1913 1196 ne
1939 1139 2125 1211 jacta-

472 1244 717 1302 bundus
742 1256 870 1297 esse
895 1242 1134 1311 putetur
1159 1238 1216 1291 et
1239 1247 1548 1299 arrogans,
1576 1229 1857 1303 operibus
1881 1244 2125 1302 quoque

475 1349 653 1390 suam
700 1328 956 1388 ostendit
995 1326 1369 1398 potestatem,
1422 1324 1479 1377 et
1527 1334 1833 1375 sermones
1888 1333 1951 1374 re
1992 1318 2125 1390 ipsa

471 1421 811 1481 conﬁrmat-
860 1415 1183 1473 Considera
1208 1412 1388 1468 etiam
1430 1409 1742 1466 turbarum
1773 1407 2125 1463 benevolen-

474 1513 618 1568 tiam
645 1526 658 1566 :
690 1508 803 1582 ipsi
848 1504 1144 1578 siquidem
1170 1500 1501 1558 doctrinam
1533 1497 1852 1553 sublimem
1886 1496 1989 1568 (ee)
2022 1511 2125 1551 au-

473 1601 640 1658 ribus
670 1594 1077 1671 percipiebant
1106 1595 1161 1647 et
1190 1587 1658 1652 admirabantur,
1697 1584 2021 1641 credebant
2053 1599 2124 1640 ac

474 1689 903 1763 sequebantur.
946 1681 1251 1753 Principes
1280 1681 1479 1735 autem
1512 1677 1782 1747 ipsorum
1812 1679 1871 1731 et
1905 1674 2123 1731 Scribaa

2230 513 2534 587 ἐνομοθέτει,
2565 521 2652 568 καὶ
2685 526 2920 588 συνεχῶς
2965 520 3259 590 προσετίθει
3304 518 3384 567 τό·
3443 514 3578 585 Ἐγὼ
3610 516 3724 587 (63)
3761 513 3824 569 δξ

2229 602 2359 675 λέγω
2395 606 2533 675 ύμῖνσ
2586 610 2675 656 καὶ
2720 608 2788 666 ὡς
2821 611 3006 679 κριτὴς
3035 614 3126 658 τοῦ
3173 607 3431 679 μέλλοντος
3461 606 3664 669 αἰῶνος,
3711 611 3823 665 τοῖς

2232 698 2320 766 μὲν
2356 692 2569 765 ἀγαθοῖς
2615 694 2948 766 ἐπηγγέλλετο
3002 700 3276 770 σωτηρίαν*
3326 703 3429 756 τοῖς
3460 701 3707 769 πονηροῖς
3762 690 3824 747 δε

2232 782 2428 841 imam:
2464 782 2696 843 κόλασιν.

2625 882 2775 934 ΚΕΦ.
2815 898 2878 941 ς.
2914 878 3039 952 Περὶ
3084 883 3175 929 τοῦ
3221 876 3429 951 λεπροῦ.

2309 963 2605 1019 Καταϐάντι
2648 962 2707 1019 δε
2757 964 2897 1037 αὐτῷ
2952 997 3020 1007 -
3075 966 3275 1024 πολλοί.
3325 966 3460 1020 Ἀπὸ
3517 971 3614 1026 τῆς
3667 959 3827 1018 διδα-

2239 1051 2471 1118 σκαλίας,
2534 1053 2616 1108 ἐπὶ
2670 1056 2737 1107 τὰ
2794 1057 3036 1127 θαύματα
3105 1054 3413 1127 μεταϐαίνει,
3482 1052 3624 1108 Ἐπεὶ
3694 1051 3822 1125 γὰρ,

2237 1144 2306 1202 ὡς
2363 1142 2594 1205 ἐξουσίαν
2646 1146 2781 1216 ἔχων
2825 1136 3123 1210 ἐδίδασκεν,
3178 1145 3261 1196 ἶνα
3315 1148 3385 1216 μὴ
3438 1144 3659 1215 νομισθῇ
3696 1161 3826 1213 κομ-

2235 1233 2417 1294 πάζειν
2479 1235 2567 1285 καὶ
2626 1231 3043 1301 ἀλαζονεύεσθαι,
3108 1229 3340 1286 δείκνυσι
3415 1236 3509 1291 τὴν
3584 1230 3826 1294 ἐξουσίαν

2236 1318 2393 1373 αὐτοῦ
2435 1325 2525 1373 καὶ
2578 1320 2623 1372 ἐν
2676 1329 2781 1384 τοῖς
2837 1325 3028 1395 ἔργοις,
3067 1326 3157 1375 καὶ
3209 1320 3414 1394 βεϐαιοῖ
3468 1324 3589 1381 τοὺς
3638 1320 3829 1391 λόγους

2236 1408 2337 1461 ἀπὸ
2388 1418 2487 1462 τῶν
2554 1412 2800 1486 πράξεων.
2857 1417 3039 1465 Σκόπει
3094 1408 3153 1464 δε
3213 1415 3303 1463 καὶ
3349 1414 3442 1468 τὴν
3497 1417 3597 1461 τῶν
3653 1409 3828 1481 ὄχλων

2238 1499 2649 1573 εὐγνωμοσύνην,
2691 1502 2769 1553 ὅτι
2806 1502 2954 1553 αὐτοὶ
3002 1503 3109 1573 μεν,
3172 1499 3351 1571 ψιλούς
3397 1499 3583 1571 λόγους
3638 1499 3828 1556 ἠνωτι-

2239 1590 2470 1660 σάμενοι,
2503 1594 2591 1642 καὶ
2638 1588 2936 1662 ἐθαύμασαν
2980 1594 3069 1641 καὶ
3125 1587 3439 1646 ἐπείσθησαν
3488 1592 3577 1638 καὶ
3608 1586 3828 1643 ἠκολού-

2241 1680 2426 1736 θησαν·
2460 1681 2508 1731 οἱ
2563 1680 2814 1750 ἄρχοντες
2863 1676 2922 1732 δε
2961 1678 3126 1731 αὐτῶν
3155 1683 3244 1730 καὶ
3276 1680 3325 1730 οἱ
3380 1683 3705 1751 Γραμματεῖς
3740 1681 3827 1726 καὶ

475 1762 998 1854 promulgantibus
1017 1784 1259 1843 quoque
1282 1767 1558 1823 virtutem
1572 1764 1698 1837 ejus
1716 1764 1920 1835 signis,
1942 1762 2126 1820 offen-

2258 1775 2334 1818 ’ῶν
2363 1772 2587 1841 σημείων
2614 1768 3060 1844 ἀνακηρυττόντων
3086 1772 3179 1826 τὴν
3202 1766 3357 1820 αὐτοῦ
3379 1762 3621 1838 δύναμιν,
3648 1764 3830 1817 ἐσκαν-

472 1870 768 1926 debantur
793 1879 863 1921 ac
888 1860 1295 1918 irritabantur.

548 1958 712 2014 Vers.
742 1959 798 2011 2.
837 1953 917 2008 Et
960 1965 1091 2007 ecce
1141 1978 1209 1989 —
1270 1944 1583 2003 mundare.
1643 1946 1772 2001 Non
1817 1942 1958 1999 dixit
2011 1960 2025 1999 :
2070 1943 2126 2001 Si

466 2049 669 2103 Deum
692 2039 1060 2098 invocaveris
1091 2055 1104 2097 :
1142 2035 1270 2100 sed,
1303 2034 1363 2090 Si
1384 2034 1485 2097 vis,
1510 2032 1674 2105 quod
1705 2035 2127 2101 argumentum

481 2140 567 2194 est
587 2132 933 2190 indubitatae
945 2128 1104 2184 ﬁdei.
1133 2126 1279 2181 Cum
1304 2123 1465 2180 enim
1482 2122 1746 2178 audisset
1764 2122 1839 2177 de
1859 2122 2130 2178 doctrina

484 2241 555 2283 ac
589 2220 855 2296 potentia
896 2218 1042 2287 ejus,
1096 2212 1343 2271 credidit
1384 2214 1572 2267 Deum
1608 2225 1737 2267 esse
1782 2210 1888 2281 qui
1927 2210 2130 2267 omnia

481 2315 700 2388 posset.
758 2308 888 2364 ldeo
944 2304 1125 2361 etiam
1183 2318 1322 2357 cum
1378 2300 1602 2356 fervore
1655 2298 1925 2357 accessit.
1982 2301 2130 2355 Nam

484 2402 648 2476 quod
671 2394 1017 2469 simpliciter
1057 2390 1199 2448 dixit
1236 2389 1545 2446 Matthaaus
1578 2404 1591 2443 :
1635 2388 1964 2453 Adorabat,
2006 2402 2130 2443 ma-

468 2488 755 2550 nifestius
784 2486 862 2542 ait
886 2486 1116 2540 Marcus
1151 2496 1163 2537 :
1199 2479 1447 2537 Genibus
1476 2480 1823 2550 provolutus
1846 2479 1913 2533 η.
1948 2479 2133 2534 Lucas

485 2595 625 2639 vero
652 2576 940 2639 similiter,
979 2571 1145 2645 quod
1172 2568 1427 2642 procidit
1452 2568 1516 2624 in
1544 2567 1753 2639 faciem
1783 2573 1837 2624 et
1863 2567 2135 2639 depreca-

495 2671 673 2729 batur
700 2665 964 2738 ipsum“.

563 2758 730 2814 Vers.
762 2757 815 2810 3.
848 2754 929 2810 Et
961 2781 1032 2795 --
1071 2752 1241 2819 lepra
1281 2748 1429 2819 ejus.
1473 2745 1686 2803 Volens
1726 2760 1874 2803 sane
1920 2745 2140 2819 leprosi

494 2846 851 2905 conﬁrmare
894 2839 1209 2913 judicium,
1254 2837 1413 2910 quod
1460 2838 1617 2892 recte
1664 2836 1944 2908 opinatus
1991 2838 2142 2892 esset

495 2937 691 3008 ipsum
738 2948 867 2990 esse
912 2931 1101 2986 Deum
1154 2926 1645 2998 omnipotentem,
1693 2924 2001 2997 turbisque
2048 2940 2143 2981 os-

495 3024 737 3082 tendere
761 3018 1093 3094 potentiam
1122 3031 1318 3080 suam,
1350 3014 1501 3070 sicut
1522 3013 1805 3082 diximus,
1833 3014 1947 3070 ait:
1990 3013 2140 3077 Volo.

2239 1852 2513 1917 δαλίζοντο
2542 1862 2631 1911 καὶ
2657 1859 2944 1933 ἠγρίαινον.

2310 1949 2411 1999 Καὶ
2451 1943 2567 1999 ἰδού
2600 1978 2664 1988 -
2699 1949 3010 2019 καθαρίσαι.
3072 1946 3182 1999 Ούκ
3230 1945 3385 2011 εἶπεν,
3433 1944 3549 1999 Ἐὰν
3593 1963 3836 2019 παρακα-

2237 2033 2390 2107 λὲσης
2441 2038 2526 2086 τόν
2584 2038 2711 2089 Θεὸν
2770 2034 2896 2105 ἀλλ’,
2950 2034 3063 2089 Ἐὰν
3139 2035 3304 2107 θέλῃς,
3362 2036 3482 2107 ὅπερ
3561 2030 3836 2095 ἀπόδειξίς

2242 2122 2379 2175 ἐστιν
2425 2120 2745 2176 ἀδιστάκτου
2795 2129 3039 2184 πίστεως,
3100 2126 3291 2177 Μαθὼν
3320 2124 3421 2198 γὰρ
3470 2128 3587 2195 περὶ
3620 2130 3715 2182 τῆς
3749 2119 3835 2174 δι-

2243 2208 2536 2274 δασκαλίας
2570 2216 2657 2264 καὶ
2687 2210 2954 2284 δυνάμεως
2985 2212 3161 2277 αὐτοῦ,
3211 2212 3533 2279 ἐπίστευσεν,
3583 2210 3664 2261 ὁτι
3706 2214 3836 2270 Θεὸς

2241 2300 2385 2361 οὗτός
2438 2300 2551 2353 ἐστι
2601 2296 3015 2374 παντοδύναμος.
3071 2305 3156 2353 Διὸ
3212 2305 3301 2352 καὶ
3343 2302 3473 2370 μετά
3513 2300 3835 2372 θερμότητος

2240 2390 2554 2462 προσῆλθεν.
2616 2390 2673 2443 Ὀ
2730 2393 2817 2462 μεν
2863 2393 2961 2463 γὰρ
3017 2392 3281 2449 Ματθαῖος
3338 2387 3511 2448 ἁπλῶς
3550 2384 3705 2451 εἶπεν,
3759 2389 3840 2440 ὅτι

2247 2480 2575 2553 Προσεκύνει·
2608 2479 2633 2531 ό
2673 2476 2731 2532 δι
2760 2480 2985 2552 Μάρκος,
3021 2483 3385 2552 φανερώτερον,
3438 2478 3515 2528 ὅτι
3541 2482 3839 2546 ’γονυπετῶν

2246 2567 2327 2627 ἧν·
2350 2574 2440 2621 καὶ
2470 2571 2496 2621 ό
2524 2574 2725 2630 Λουκᾶς
2756 2564 2832 2632 δε,
2878 2569 3083 2640 ὁμοίως,
3111 2568 3189 2620 ὅτι
3216 2570 3392 2619 Πεσὼν
3423 2562 3507 2616 ἐπὶ
3556 2568 3842 2638 πρόσωπον

2247 2655 2430 2717 ἐδεήθη
2464 2658 2644 2715 αὑτοῦ.

2318 2751 2417 2801 Καὶ
2474 2776 2541 2788 -
2598 2746 2756 2799 αὐτοῦ
2813 2748 2842 2804 ἠ
2901 2745 3082 2819 λέπρα.
3152 2743 3455 2814 Βουλόμενος
3536 2739 3847 2794 ἐτιίϐεϐαιιῖί»⁹

2251 2855 2340 2887 σαι
2391 2837 2479 2907 μεν
2529 2839 2619 2887 καὶ
2668 2842 2757 2887 τοῦ
2803 2834 2990 2907 λεπροῦ
3036 2838 3129 2891 τὴν
3180 2829 3485 2902 διάγνωσιν,
3536 2830 3616 2882 ὃτι
3674 2829 3849 2903 ὀρθῶς

2249 2923 2515 2988 ὑπέλαϐεν,
2571 2921 2699 2976 εἶναι
2737 2923 2889 2975 αὐτὸν
2956 2925 3083 2976 Θεὸν
3139 2922 3311 2974 πάντα
3376 2916 3678 2991 δυνάμενον·
3735 2921 3849 2971 ἐπες

2252 3010 2420 3075 δεῖξαι
2452 3009 2510 3065 δὲ
2546 3017 2635 3064 καὶ
2677 3019 2786 3072 τοῖς
2831 3010 3013 3083 ὄχλοις
3042 3014 3135 3068 τὴν
3184 3009 3422 3072 ἐξουσίαν
3457 3008 3640 3075 αὐτοῦ,
3671 3009 3848 3067 καθὼς

496 3092 803 3171 mundare.
831 3110 932 3165 Hic
957 3110 1158 3165 autem
1204 3126 1217 3160 :
1253 3104 1414 3169 Volo,
1450 3102 1827 3175 benignitatis
1854 3102 2139 3159 indicium

2258 3101 2547 3176 εἰρήκαμεν,
2579 3097 2705 3168 εἶπε,
2759 3100 2914 3165 Θέλω,
2942 3099 3313 3173 καθαρίσθητι.
3347 3097 3601 3151 Ἐνταῦθα
3647 3092 3733 3163 δὲ,
3787 3099 3846 3147 τὸ

500 3206 629 3270 est;
661 3199 962 3259 Mundare
988 3210 1125 3254 vero
1158 3191 1462 3267 potentia.

573 3381 719 3436 Cum
749 3380 949 3435 autem
978 3375 1139 3431 hunc
1167 3371 1348 3429 verbo
1387 3372 1646 3438 sanaret,
1687 3384 1872 3442 quam
1902 3371 1980 3426 ob
2011 3385 2146 3427 cau-

502 3486 632 3527 sam
664 3484 850 3525 manu
879 3480 1121 3539 quoque
1151 3465 1389 3519 extenta
1424 3459 1611 3530 tetigit
1642 3474 1779 3515 eum
1810 3459 1838 3515 ?
1878 3459 2026 3527 Quia
2055 3459 2149 3515 lex

502 3562 627 3616 erat
640 3574 768 3630 qum
781 3556 1078 3628 leprosum
1094 3557 1194 3608 tan
1202 3565 1336 3622 gere
1350 3547 1725 3622 prohibebat.
1737 3546 1945 3603 Volens
1958 3551 2148 3604 autem

505 3647 767 3705 Christus
780 3644 1083 3701 ostendere
1099 3640 1261 3714 quod
1284 3643 1572 3710 tanquam
1590 3637 1745 3693 Deus
1762 3652 1944 3708 supra
1960 3636 2147 3707 legem

507 3741 662 3793 esset
702 3736 866 3806 (nam
905 3732 1034 3787 haec
1077 3729 1361 3786 adversus
1397 3724 1596 3782 nudos
1624 3725 1898 3781 homines
1935 3727 2150 3781 statuta

506 3824 672 3897 erat),
716 3821 996 3879 audacter
1033 3817 1241 3889 tetigit,
1288 3830 1397 3871 nec
1443 3814 1599 3870 ullus
1638 3828 1669 3869 e
1712 3812 1887 3870 turba
1924 3815 2149 3870 contra-

505 3914 671 3971 dixit.
694 3914 774 3967 Ex
802 3907 1128 3984 praemissis
1159 3905 1320 3963 enim
1350 3904 1491 3960 certi
1519 3904 1705 3968 erant,
1738 3901 1902 3974 quod
1947 3902 2152 3959 omnia

506 4002 767 4074 legitime
813 3999 1051 4056 faceret.
1095 3992 1283 4053 Simul
1325 3992 1501 4049 etiam
1550 3990 1822 4056 docebat,
1856 4006 1976 4046 non
2008 3990 2153 4047 abo-

508 4090 861 4151 minandam
906 4102 1039 4144 esse
1088 4082 1459 4157 corporalem
1512 4081 1743 4153 lepram
1793 4095 1999 4135 eorum
2050 4078 2154 4151 qui

508 4181 780 4255 ejusdem
793 4180 935 4233 sunt
944 4174 1198 4246 generis.
1216 4172 1415 4230 Solam
1427 4169 1925 4242 namquelepram
1939 4167 2155 4224 animus

511 4269 787 4329 convenit
815 4263 1126 4330 exsecrari,
1161 4278 1297 4336 quae
1328 4264 1415 4317 est
1439 4264 1770 4333 peccatum.
1802 4261 1926 4313 Non
1958 4257 2155 4313 solum

489 4361 673 4418 -enim
698 4372 916 4415 manus
946 4354 1136 4426 ipsius
1163 4350 1560 4422 impuritatem
1586 4362 1708 4404 non
1748 4346 2041 4403 contraxit
2080 4346 2156 4403 ad

512 4451 856 4508 contactum
924 4441 1189 4515 corporis
1252 4437 1492 4511 leprosi,
1560 4438 1709 4509 quin
1763 4436 1957 4508 potius
2012 4434 2154 4489 illud

513 4536 881 4597 emundavit.
898 4532 1047 4600 Quia
1060 4530 1238 4601 igitur
1253 4525 1691 4601 pulchritudine
1709 4525 1925 4580 animm
1942 4528 2158 4579 nostris

512 4627 680 4698 lepra
699 4620 927 4679 deletur
944 4618 1173 4693 peccati
1190 4618 1317 4688 (ff),
1340 4613 1698 4672 accedamus
1723 4612 1801 4668 ad
1822 4626 2159 4667 sermonem

512 4716 951 4788 praceptorum
994 4706 1219 4772 Christi,
1262 4710 1328 4762 ut
1370 4710 1693 4778 postquam
1730 4716 1843 4758 nos
1888 4698 2158 4770 tetigerit,

516 4804 713 4877 ipsam
752 4798 1061 4857 emundet.

586 4892 749 4949 Vere.
798 4888 851 4945 3.
892 4888 972 4943 Et
1007 4915 1077 4931 ιι·
1113 4882 1347 4941 dixeris.
1402 4879 1676 4952 Praecepit
1722 4881 1784 4935 ut
1842 4880 2073 4941 taceret,
2110 4880 2164 4933 et

519 4987 647 5057 ipse
666 4978 907 5040 laudem
918 4976 1153 5049 fugiens
1176 4971 1340 5046 apud
1360 4970 1653 5034 homines,
1674 4970 1730 5024 et
1750 4982 1850 5024 eos
1868 4965 2163 5022 instruens

593 5135 639 5172 "
677 5135 849 5191 Marc.
879 5146 898 5186 ι
928 5132 1015 5196 40,
1092 5128 1138 5163 ⁴⁹
1180 5127 1315 5183 Luc.
1342 5138 1401 5190 v,
1440 5122 1528 5178 t2.

2256 3193 2364 3261 μὲν,
2394 3189 2555 3256 Θέλω,
2579 3188 2959 3263 φιλανθρωπίας
2986 3186 3121 3239 ἐστὶν
3156 3182 3439 3248 ἀπόδειξις·
3463 3188 3521 3237 τὸ
3554 3180 3633 3249 δὲ,
3670 3186 3852 3237 Καθα-

2254 3279 2489 3352 ρίσθητι,
2515 3274 2801 3349 δυνάμεως.

2330 3370 2429 3419 Καὶ
2466 3364 2572 3417 ἐπεὶ
2619 3364 2753 3436 λόγῳ
2809 3364 2994 3415 ἰάσατο
3045 3370 3246 3431 τοῦτον,
3297 3366 3427 3422 τίνος
3482 3362 3640 3413 ἕνεκεν
3695 3359 3858 3412 ἐκτεί-

2255 3473 2345 3515 νας
2390 3457 2481 3510 τὴν
2527 3459 2686 3527 χεῖρα
2733 3451 2904 3522 ἥψατο
2950 3451 3161 3515 αὐτοῦς
3216 3453 3357 3503 Διότι
3404 3453 3559 3521 νόμος
3606 3448 3696 3517 ἧν,
3754 3468 3861 3499 κως

2254 3541 2386 3594 λύων
2421 3541 2677 3594 ἅπτεσθαι
2714 3540 2920 3613 λεπροῦ.
2964 3539 3134 3603 Δεῖξαι
3188 3535 3247 3592 δὲ
3282 3536 3586 3611 βουλόμενος
3632 3538 3660 3587 ὁ
3725 3544 3859 3609 Χρι-

2260 3635 2397 3696 στὸς,
2450 3633 2527 3683 ότι
2574 3632 2637 3690 ὡς
2670 3633 2794 3690 Θεὸς
2849 3630 3148 3701 ὑπέρκειται
3193 3635 3283 3679 τοῦ
3334 3630 3511 3698 νόμου·
3566 3628 3707 3677 κατὰ
3754 3627 3859 3695 γὰρ

2256 3729 2355 3773 τῶν
2393 3719 2555 3790 ψιλῶν
2610 3718 2887 3793 ἀνθρώπων
2940 3717 3085 3777 οὗτος
3130 3717 3514 3788 νενομοθέτητο·
3560 3712 3864 3787 θαρραλέως

2258 3809 2452 3880 ἥψατο,
2492 3811 2580 3859 καὶ
2612 3804 2785 3867 οὐδεὶς
2829 3805 3057 3858 ἀντεῖπεν
3095 3804 3198 3857 ἀπὸ
3251 3812 3349 3855 τῶν
3398 3807 3569 3874 ὄχλων
3597 3819 3609 3831 ·
3664 3801 3869 3856 πεπλη-

2258 3902 2542 3971 ροφόρηντο
2597 3899 2695 3969 γὰρ
2750 3894 2803 3947 ἐκ
2849 3903 2948 3947 τῶν
2986 3893 3364 3966 προλαϐόντων,
3413 3894 3495 3943 ὅτι
3536 3891 3869 3961 κατὰλόγον

2260 3989 2427 4040 πάντα
2464 3993 2618 4053 ποιεῖ,
2662 3989 2752 4036 καὶ
2799 3984 2909 4056 οἶμα
2938 3979 3168 4048 ἐδίδαξε,
3211 3986 3281 4053 μὴ
3339 3977 3728 4053 βδελύττεσθαι
3772 3984 3874 4036 τὴν

2264 4080 2566 4149 σωματικὴν
2619 4074 2807 4148 λέπραν
2854 4080 2953 4124 τῶν
3010 4070 3295 4143 ὁμοφύλων.
3352 4072 3464 4139 Χρή
3536 4069 3636 4140 ’γὰρ
3700 4071 3876 4137 μόνην

2266 4164 2533 4236 φοϐεῖσθαι
2579 4167 2672 4220 τὴν
2720 4160 2832 4232 (64)
2881 4160 3138 4232 ψυχικὴν,
3189 4161 3301 4218 ητις
3352 4155 3492 4209 ἐστὶν
3539 4158 3569 4213 ἠ
3606 4154 3877 4228 ἁμαρτία.

2268 4258 2367 4306 Καὶ
2407 4255 2507 4326 γὰρ
2557 4252 2615 4304 οῦ
2663 4255 2815 4323 μόνον
2867 4249 2925 4301 οῦ
2983 4246 3249 4320 μετέλαϐεν
3298 4244 3620 4319 ἀκαθαρσίας
3656 4246 3689 4301 ἡ
3752 4246 3883 4296 τούο

2266 4361 2355 4393 του
2404 4346 2545 4413 χεὶρ,
2600 4338 2836 4410 ἁψαμένη
2890 4344 2982 4390 τοῦ
3024 4337 3211 4408 λεπροῦ
3272 4340 3532 4406 σώματος,
3586 4331 3721 4383 ἀλλὰ
3784 4336 3885 4383 καὶ

2267 4429 2454 4503 μᾶλλον
2503 4427 2779 4499 ἐκαθάρισε
2808 4433 2982 4481 τοῦτο.
3044 4424 3178 4477 Ἐπεὶ
3228 4426 3396 4475 τοίνυν
3440 4426 3530 4472 καὶ
3576 4427 3651 4489 τῷ
3692 4420 3886 4473 κάλλει

2266 4528 2359 4578 τῆς
2388 4517 2572 4588 ψυχῆς
2624 4517 2769 4586 ἡμῶν
2814 4516 2844 4572 ἡ
2894 4514 3057 4587 λέπρα
3111 4520 3207 4573 τῆς
3256 4510 3513 4585 ἁμαρτίας
3554 4507 3889 4579 ἐλυμήνατο,

2268 4607 2626 4681 προσέλθωμεν
2670 4612 2741 4674 τῷ
2771 4603 2906 4673 λόγῳ
2954 4610 3052 4654 τῶν
3083 4599 3293 4651 ἐντολῶν
3324 4605 3415 4650 τοῦ
3472 4604 3734 4670 Χριστοῦ,
3794 4601 3893 4649 καὶ

2272 4696 2531 4767 ἁψάμενος
2550 4696 2693 4767 ἡμῶν
2723 4694 2995 4765 καθαρίσει
3024 4691 3237 4745 ταύτην.

2346 4878 2445 4926 Καὶ
2482 4901 2550 4915 --
2598 4874 2761 4943 εἴπης.
2813 4865 3158 4941 Παρὴγγειλεν
3198 4863 3338 4935 αὐτῷ
3394 4868 3569 4933 σιγᾷν,
3611 4860 3776 4922 αὐτός
3838 4882 3901 4917 τι

2277 4965 2474 5035 φεύγων
2524 4964 2611 5012 τὸν
2656 4960 2799 5033 παρὰ
2849 4964 2948 5009 τῶν
3005 4954 3282 5028 ἀνθρώπων
3337 4955 3565 5019 ἔπαινον,
3622 4955 3716 5002 καὶ
3766 4972 3901 5005 παι-

1797 5212 2016 5282 Variaa
2041 5210 2369 5280 lectiones
2404 5218 2465 5276 et
2492 5216 2695 5276 notae.

592 5403 709 5479 (63)
743 5398 822 5469 δέ,
861 5394 1078 5456 omittit
1110 5395 1176 5449 Α.

613 5571 673 5614 ee
721 5549 1060 5609 Doctrinam
1089 5540 1416 5599 sublimem.
1449 5536 1585 5594 Sola
1616 5535 1819 5592 verba.

589 5554 699 5705 ξῃζ
725 5616 1177 5682 Pulchritudine
1192 5643 1261 5656 -
1268 5609 1508 5686 peccati.
1529 5607 1676 5664 Cum
1693 5622 1819 5678 ergc

725 5602 1177 5682 ﬁuicltritudine
1192 5643 1261 5656 —
1268 5609 1508 5686 peccati.
1529 5607 1676 5664 Cum
1693 5622 1833 5678 ergo
1851 5602 2172 5678 pulchriut-

2354 5379 2468 5452 (64)
2508 5378 2595 5434 Ita
2624 5373 2874 5442 correxi,
2906 5369 3035 5429 loco
3064 5370 3269 5443 ψυχήν.

2278 5526 2650 5655 1diutinentis
2702 5526 2918 5581 nostra:
2970 5518 3134 5599 lepra
3179 5517 3401 5597 peccati
3451 5518 3917 5578 detrimentosa

2305 5614 2482 5655 ueri.

2305 5614 2482 5655 uerit.
