3990 6206
209 321 275 377 281
1100 314 1469 372 COMMENT.
1523 315 1592 370 ΠΝ
1632 313 2075 370 MATTH/EUM.
2115 344 2182 354 —-
2221 311 2380 371 CAP.
2432 313 2584 371 VIII.

3377 315 3481 368 282

203 444 321 499 δεύων
391 448 494 505 τοὺς
569 443 978 517 εὐεργετοῦντας,
1051 451 1222 516 μισεῖν
1296 445 1354 494 τὸ
1427 441 1714 514 φιλότιμον

1849 439 1929 512 [ui
1963 439 2258 496 beneﬁcia
2295 437 2356 494 in
2389 437 2622 510 aliquen
2649 437 2980 504 conferunt,
3013 439 3078 494 ut
3098 436 3481 495 ambitionem

195 543 326 587 καίτοι
371 541 530 605 σαφῶς
581 532 876 604 ἐγίνωσκεν,
928 536 1006 586 ὅτι
1063 533 1120 585 ού
1167 537 1400 605 σιγήσει,
1450 530 1579 582 ἀλλὰ
1629 535 1718 583 καὶ

195 631 346 697 τρανῶς
395 621 688 696 ἀνακηρύξει
753 625 840 674 τὸν
906 621 1192 695 εὐεργέτην·
1279 622 1412 691 ὅμως
1497 623 1556 672 τὸ
1646 620 1718 671 οἰ-

190 720 292 764 κείον
340 718 462 763 ποιεῖ
505 711 596 762 καὶ
649 709 1016 785 παραγγέλλει.
1047 716 1159 784 Χρὴ
1214 713 1315 782 γὰρ
1349 713 1437 761 τὸν
1462 713 1551 781 μεν
1577 709 1719 783 εὐερ-

191 808 385 870 γετοῦντα
465 799 837 874 παραγγέλλειν
922 805 1094 870 σιγᾷν,
1187 795 1281 852 διὰ
1346 799 1718 870 μετριοφροσύ-

187 906 269 946 νην
287 892 356 941 τόν
383 885 437 942 ὁὶ
463 888 882 963 εὐεργετούμενον
917 891 1190 964 κηρύττειν
1222 885 1294 940 δι’
1324 887 1718 960 εὐγνωμοσύνην

192 978 290 1048 (65).

236 1157 343 1211 Ἀλλ’
399 1186 463 1202 —
513 1163 768 1218 Μωύσῆς.
831 1155 1079 1210 Ἐκέλευεν
1121 1158 1147 1209 6
1196 1160 1371 1230 νόμος,
1430 1158 1516 1208 τὸν
1558 1155 1718 1206 καθα-

184 1248 379 1320 ρισθέντα
419 1246 599 1320 λεπρόν
644 1251 716 1318 μὴ
751 1253 855 1306 τοῖς
901 1245 1083 1298 ἑαυτοῦ
1121 1249 1382 1298 πιστεύειν
1413 1244 1715 1316 ὀφθαλμοῖς,

183 1334 276 1386 ἀλλὰ
298 1341 391 1396 τοῖς
417 1341 504 1386 τοῦ
541 1337 708 1406 ἱερέως
732 1332 996 1386 ἀναθεῖναι
1014 1339 1108 1392 τὴν
1136 1338 1312 1407 κρίσιν
1342 1341 1434 1386 τοῦ
1463 1334 1718 1405 καθαρισ-

181 1430 270 1493 μοῦ,
295 1423 372 1474 καί
396 1427 463 1495 μή
493 1425 747 1498 πρότερον
774 1422 1087 1496 ἀναμιγῆναι
1131 1429 1241 1484 τοῖς
1277 1424 1545 1494 καθαροῖς,
1581 1423 1622 1473 εἰ
1643 1423 1714 1492 μή

179 1513 414 1583 έμγανισθῇ
445 1515 632 1584 τούτῳ,
679 1512 769 1564 καί
800 1516 944 1585 παρὰ
986 1515 1170 1564 τούτου
1199 1511 1419 1584 λογισθῇ
1457 1513 1710 1584 καθαρὸς⁶

178 1595 261 1650 εἶτα
306 1601 575 1673 προσάγειν
627 1597 796 1673 δῶρον
841 1602 966 1673 ὑπερ
1018 1599 1317 1672 ἓξιλασμοῦ,
1370 1601 1538 1658 καθὼς
1574 1596 1620 1648 ἐν
1652 1605 1713 1669 τῇ

175 1685 304 1759 βίϐλῳ
350 1696 434 1741 τοῦ
472 1696 754 1742 Λευίτικοῡ
795 1694 1106 1762 γέγραπται.
1159 1696 1274 1750 Πῶς
1321 1685 1408 1740 οὖν
1440 1685 1594 1751 εἶπεν,
1636 1689 1718 1738 ότι

1825 532 2221 584 exsecrentur.
2307 528 2480 599 Atqui
2561 527 2868 584 manifeste
2926 527 3151 584 sciebat
3197 527 3478 593 Christus,

1825 617 1986 690 quod
2017 617 2301 672 taciturus
2323 632 2438 672 non
2465 621 2639 682 esset,
2674 618 2781 672 sed
2805 616 3240 672 benefactorem
3276 616 3482 688 palam

1824 706 2302 778 praedicaturus;
2356 712 2618 762 attamen
2647 707 2812 778 quod
2857 723 3032 762 suum
3078 711 3200 762 este
3257 705 3396 762 facit
3427 710 3484 762 et

1827 795 2113 867 praecipit.
2158 796 2398 866 Oportet
2448 795 2607 850 enim
2652 810 2754 851 eos
2803 796 2906 867 qui
2953 795 3242 852 beneﬁcia
3281 794 3484 851 confe-

1826 888 1981 951 runt,
2030 884 2336 940 modestiae
2395 899 2581 939 causa
2618 884 2936 956 praecipere
2989 884 3332 949 silentium;
3379 900 3482 939 eos

1824 989 1986 1040 vero,
2011 973 2116 1045 qui
2139 971 2432 1028 beneﬁcio
2460 977 2600 1028 sunt
2643 971 2856 1038 affecti,
2889 973 3214 1044 praedicare
3246 978 3486 1044 propter

1827 1061 2275 1132 gratitudinem.

1895 1152 2060 1207 Vers.
2101 1150 2281 1206 4.Sed
2321 1151 2622 1207 -—Moses.
2665 1149 2846 1205 Jussit
2901 1148 3011 1214 lex,
3067 1165 3141 1204 ne
3193 1148 3242 1204 is
3291 1150 3397 1220 qui
3447 1164 3484 1205 ο.

1823 1239 1989 1312 lepra
2035 1239 2360 1294 mundatus
2398 1244 2552 1294 esset
2609 1239 2895 1311 suiipsius
2942 1237 3128 1293 oculis
3197 1239 3482 1308 crederet,

1827 1328 1930 1384 sed
1956 1327 2142 1383 oculis
2174 1327 2501 1384 sacerdotis
2527 1327 2819 1398 judicium
2857 1327 3298 1382 emendationis
3325 1343 3486 1382 com-

1827 1417 2100 1484 mitteret,
2133 1431 2322 1488 neque
2353 1417 2518 1488 prius
2556 1417 2647 1471 his
2673 1417 2774 1488 qui
2830 1417 3040 1471 mundi
3080 1421 3277 1471 essent
3324 1432 3486 1471 com-

1828 1505 2194 1568 misceretur,
2225 1520 2410 1577 quam
2455 1521 2519 1559 se
2573 1504 2651 1559 illi
2682 1505 3134 1568 manifestasset,
3190 1508 3246 1558 et
3287 1503 3364 1559 ab
3415 1520 3485 1560 eo

1827 1592 2637 1663 fuissetmundusjudicatus
2664 1612 2680 1663 ;
2710 1592 2926 1648 deinde
2946 1609 3167 1648 munus
3191 1607 3298 1664 pro
3329 1593 3484 1664 puri-

1828 1683 2103 1738 ﬁcatione
2122 1682 2464 1745 adduceret,
2498 1682 2646 1737 sicut
2667 1682 2727 1737 in
2753 1681 2903 1737 libro
2940 1682 3173 1737 Levitici
3205 1681 3486 1752 scriptum

172 1784 220 1828 '0
239 1779 490 1851 προσέταξε
518 1786 752 1840 Μωυσῆς
785 1797 798 1846 ;
850 1781 876 1831 ὁ
907 1783 1031 1840 Θεὸς
1076 1783 1175 1852 γὰρ
1227 1787 1379 1831 τούτο
1412 1777 1712 1854 προσέταξε.

1849 1778 1938 1828 ast.
1984 1771 2293 1837 Quomodo
2347 1787 2488 1843 ergo
2528 1771 2714 1827 dicit:
2769 1773 2970 1826 Munus
3022 1771 3180 1842 quod
3207 1771 3486 1841 pracepit

172 1872 280 1918 Διότι
314 1871 585 1940 νομοθέτης
632 1868 837 1940 λέγεται
883 1873 973 1920 καὶ
1002 1869 1028 1919 6
1057 1874 1308 1932 Μωύσῆς,
1365 1871 1433 1929 ὡς
1487 1866 1715 1942 γράψας,

172 1957 248 2005 ὅσα
291 1957 315 2006 6
361 1959 486 2017 Θεὸς
563 1955 919 2029 ἰνομοθέτησε.
973 1961 1077 2014 Τὴν
1142 1959 1232 2028 μὶν
1295 1954 1382 2008 οὖν
1450 1957 1722 2030 θεραπείαν

173 2045 292 2106 αὐτὸς
329 2045 629 2117 εἰργάσατο,
674 2051 770 2104 τὴν
825 2043 1142 2118 δοκιμασίαν
1175 2043 1234 2098 δι
1264 2048 1454 2105 ταύτης
1500 2043 1572 2116 τῷ
1604 2052 1726 2117 ιερεί

171 2134 471 2205 παρέπεμψεν,
522 2136 608 2188 ἱνα
675 2140 748 2206 μὴ
793 2130 922 2196 δόξῃ
964 2137 1021 2185 τό
1051 2143 1150 2186 τῶν
1185 2137 1351 2209 ἱερέων
1403 2134 1723 2206 ὑφαρπάζειν

175 2220 359 2296 ἀξίωμα.

224 2405 299 2466 Εἰς
327 2435 387 2445 -
418 2405 618 2468 αὐτοῖς.
674 2404 761 2466 Εἰς
817 2403 1032 2476 ἔλεγχον
1070 2404 1258 2466 αὐτῶν,
1311 2407 1443 2476 φημὶ
1492 2400 1584 2469 δὴ,
1624 2411 1723 2455 τῶν

171 2493 321 2562 ἱερέων.
378 2497 681 2569 Μαρτύριον
707 2496 810 2566 γὰρ
850 2501 957 2558 νύν,
1003 2496 1090 2545 τὸν
1140 2492 1354 2566 ἔλεγχον
1396 2492 1550 2564 λέγει.
1581 2493 1724 2544 Ἐπεὶ

169 2583 244 2651 Ἱᾶιρ
273 2582 402 2634 οὗτοι
451 2585 759 2656 παράνομον
812 2582 966 2634 αύτόν
1021 2582 1306 2652 ὠνόμαζον,
1355 2586 1615 2655 παρήνεσε
1653 2578 1724 2651 τῷ

165 2671 494 2744 καθαρισθέντι
519 2671 694 2744 λεπρῷ
737 2679 968 2744 τηρῆσαι
997 2675 1083 2722 τόν
1137 2675 1308 2743 νόμον,
1350 2675 1439 2722 καὶ
1478 2678 1720 2735 ποιῆσαι,

166 2757 245 2808 ὅσα
269 2758 440 2820 ἐκεῖνος
471 2761 784 2835 προσέταξε.
814 2767 978 2813 Τοῦτο
1009 2755 1067 2812 δε
1096 2778 1380 2833 παρῃνεσεν
1412 2759 1482 2820 εἰς
1507 2758 1721 2830 ἔλεγχον

162 2846 314 2901 αἰτῶν.
346 2855 458 2911 Πῶς
490 2852 598 2923 γὰρ
649 2848 711 2901 ἂν
768 2852 1028 2924 παρῄνεσε
1073 2857 1305 2922 τηρῆσαι
1351 2852 1436 2901 τόν
1465 2853 1640 2920 νόμον,
1679 2849 1722 2901 εὶ

162 2938 418 3010 παράνομος
448 2935 513 2996 ἦν
545 2958 560 3006 ;

215 3118 308 3184 Χρή
365 3118 423 3168 οἱ
459 3122 806 3188 παρατηρεῖν,
864 3123 975 3177 πῶς
1030 3117 1152 3167 ποτε
1203 3117 1291 3187 μὲν
1335 3114 1586 3190 παραλύει
1634 3118 1721 3168 τόν
1759 3149 1799 3206 C

157 3205 299 3270 νόμον,
349 3199 612 3256 ὁδοποιῶν
664 3212 726 3276 τῇ
783 3207 914 3276 μετά
967 3205 1182 3257 θάνατον
1239 3203 1400 3257 αὐτοῦ
1447 3204 1722 3277 φιλοσοφῖᾳ

156 3295 227 3338 ui
281 3290 510 3365 πολιτείᾳ
556 3301 659 3345 τῶν
720 3295 1068 3366 Χριστιανῶν,
1126 3296 1214 3344 καὶ
1261 3297 1724 3366 προοιμιαζόμενος

159 3381 234 3430 τήν
280 3377 358 3431 ἐπὶ
409 3383 615 3444 ταύτης
671 3381 962 3434 ἀνάπαυσιν
1018 3389 1110 3433 τοῦ
1161 3381 1387 3434 παλαιοῦ
1434 3387 1520 3434 καὶ
1573 3401 1725 3454 γεγη-

159 3471 345 3534 ρακότος
389 3474 580 3540 νόμου·
636 3473 760 3523 ποτε
809 3465 869 3522 δι
922 3469 1156 3541 φυλάττει
1214 3478 1416 3535 τοῦτον,
1465 3489 1728 3541 συγκατα-

164 3551 397 3629 Sabaei-Iri;
436 3557 685 3630 ἀσθενείᾳ
714 3567 813 3611 τῶν
846 3555 1135 3623 Ἰουδαίων,
1172 3561 1254 3611 ἵνα
1290 3565 1361 3631 μὴ
1399 3557 1723 3632 σκανδαλίσῃ

159 3646 335 3706 αὐτούς.

447 3739 605 3790 ΚΕΦ.
638 3735 706 3790 Ζ’.
739 3741 865 3810 Περὶ
898 3743 989 3788 τοῦ
1012 3737 1406 3809 ἐκατοντάρχον.

211 3818 491 3876 Εὲσελθόντι
522 3821 588 3876 δε
617 3824 759 3896 αὐτῷ
789 3855 859 3866 —-
891 3823 1328 3898 βασανιζόμενος.
1361 3854 1424 3869 ~—
1458 3825 1727 3894 Βέϐληται,

163 3902 257 3957 ἀντὶ
284 3918 390 3974 τοῦ,
425 3910 726 3985 Ἐῤῥιπται.

213 4000 299 4049 Καὶ
324 4028 387 4039 -
408 3999 597 4053 αὐτόν.
622 4005 772 4054 Διατί
801 4004 874 4072 μὴ
906 3999 1110 4062 κληθεὶς
1135 4001 1206 4064 εἰς
1233 4006 1329 4060 τήν
1369 4003 1558 4071 οἰκίαν,
1588 4005 1730 4056 αύτε-

157 4084 409 4153 ππὲγγιλτος
441 4087 611 4142 ἰλθείν
659 4089 794 4161 λέγει
823 4106 838 4156 ;
871 4093 1010 4142 Διότι
1070 4094 1302 4162 προέγνω
1351 4093 1502 4144 αὐτόν
1546 4111 1732 4145 πεπισ-

162 4178 364 4239 frmat,
399 4178 481 4229 ὅτι
509 4181 648 4238 Θεός
669 4176 800 4247 ἐστι,
851 4183 940 4230 καὶ
972 4177 1150 4230 λοιπὸν
1172 4179 1393 4237 ἠθέλησε
1421 4185 1516 4239 τὴν
1541 4181 1730 4240 πολλὴν

162 4259 291 4312 τὶτοῠ
338 4271 518 4317 πίστιν
576 4265 961 4339 ἐκκαλυφθῆναι
991 4271 1082 4319 καὶ
1111 4274 1221 4329 τοῖς
1248 4266 1614 4337 ἀκολουθοῦσι,
1643 4275 1732 4323 καὶ

159 4352 358 4421 κράδαις
383 4361 497 4416 τοῖς
525 4354 671 4416 ἑξῆς.

218 4529 303 4577 Καὶ
340 4559 408 4569 —
454 4550 586 4600 μου·
632 4559 699 4572 -
740 4535 850 4584 Οὔκ
906 4532 1030 4604 εἰμι,
1085 4539 1264 4606 φησιν,
1323 4535 1484 4601 ἄξιος,
1542 4533 1635 4589 διὰ
1673 4539 1730 4589 τό

161 4606 267 4664 εἷναί
297 4634 348 4668 σε
378 4620 494 4670 θεὸν
549 4634 564 4648 ⁸
619 4616 728 4669 ἀλλ’
762 4622 830 4680 ὡς
871 4618 1283 4692 παντοδύναμος,
1332 4623 1439 4676 εἰπὲ
1509 4624 1556 4676 έν
1595 4625 1730 4697 λόγῳ

159 4697 289 4768 ψιλῷ,
317 4703 341 4754 6
369 4704 575 4776 βούλει,
607 4712 698 4759 καὶ
738 4707 928 4760 αὐτίκα
973 4711 999 4760 6
1040 4709 1192 4780 λόγος
1247 4714 1394 4783 ἔργον
1423 4718 1724 4783 γενήσεται.

324 4796 540 4864 μέγεθος
600 4800 847 4856 πίστεως.
906 4799 1002 4850 Διὰ
1035 4805 1190 4851 τοῦτο
1237 4805 1405 4852 τοίνυν
1444 4803 1470 4852 6
1503 4807 1733 4876 Χριστὸς

161 4871 286 4947 εἶτε-δ,
369 4884 451 4933 ὅτι
550 4883 691 4954 Ἐγὼ
780 4882 932 4937 ἢθών
1021 4888 1324 4962 θεραπεύσω
1414 4890 1589 4955 αὐτόν,
1652 4900 1734 4944 ἵνα

159 4966 250 5037 tim;
295 4968 319 5020 6
366 4969 780 5045 ἑκατόνταρχος,
840 4975 938 5040 ὅτι,
995 4980 1104 5028 Οὔκ
1154 4977 1261 5050 εἰμι
1315 4978 1476 5044 ἄξιος,
1530 4985 1617 5033 καὶ
1668 4984 1734 5034 τὰ

158 5053 266 5119 ἐξὲξ.
325 5065 410 5112 καὶ
463 5061 611 5114 οὕτω
681 5064 947 5136 φανερωθῇ
1004 5071 1165 5118 πᾶσιν
1231 5068 1261 5125 ἡ
1325 5068 1486 5129 πολλὴ
1552 5075 1734 5134 πίστις

157 5140 308 5199 xire}.
345 5148 402 5202 Ei
432 5153 542 5224 γὰρ
594 5155 669 5222 μὴ
711 5151 739 5202 ό
765 5155 1000 5224 Χριστὸς
1043 5151 1200 5207 ἐκεῖνο
1245 5154 1398 5221 εἶπεν,
1446 5157 1540 5210 ούιι
1591 5161 1652 5211 ἄν
1705 5161 1732 5212 ό

157 5238 502 5309 αιτὺτταρχος
538 5246 700 5292 τοῦτο
758 5243 949 5313 εἴρηκε,
1018 5248 1107 5295 καὶ
1173 5246 1374 5308 πάντως
1435 5246 1612 5301 ἔλαθεν
1670 5251 1732 5302 οἶν

161 5321 254 5380 τοὺς
305 5323 574 5400 ἑπομένους
616 5329 648 5386 ἠ
676 5331 908 5388 τοσαύτη
963 5338 1054 5384 τοῦ
1098 5329 1287 5408 ἀνδρὸς
1343 5339 1546 5399 πίστις.
1611 5343 1731 5392 Σκό-

1830 1863 2026 1924 Moses,
2063 1877 2202 1916 cum
2235 1861 2291 1916 id
2330 1861 2572 1931 jusserit
2603 1864 2753 1916 Deus
2781 1861 2810 1916 ?
2840 1860 2993 1926 Quia
3023 1862 3211 1916 Moses
3257 1860 3486 1930 legisla-

1833 1956 1924 2009 tor
1948 1951 2181 2020 dicitur,
2223 1953 2426 2021 utpote
2456 1949 2558 2022 qui
2590 1949 2849 2021 scripsit,
2893 1965 3029 2021 quae
3063 1952 3213 2005 Deus
3268 1955 3486 2005 statue-

1833 2046 1940 2096 rat.
1976 2041 2302 2097 Sanitatem
2349 2039 2553 2110 itaque
2601 2039 2727 2111 ipse
2785 2043 3064 2111 operatus
3108 2044 3216 2105 est,
3267 2053 3484 2110 appro-

1833 2129 2132 2186 bationem
2185 2143 2327 2184 vero
2389 2127 2600 2200 ipsius,
2665 2127 2958 2184 sacerdoti
3023 2127 3339 2193 commisit,
3410 2141 3485 2182 ne

1833 2218 2213 2275 sacerdotum
2265 2232 2482 2273 munus
2535 2217 2645 2272 sibi
2701 2217 2951 2274 latenter
3017 2231 3218 2289 rapere
3261 2215 3486 2271 videre-

1833 2312 1948 2364 tur.

1903 2399 2068 2453 Vers.
2093 2400 2144 2452 4.
2178 2397 2334 2452 1η-
2361 2395 2506 2452 illis.
2541 2397 2626 2451 Ad
2681 2395 3170 2464 redargutionem
3198 2393 3433 2451 illorum
3469 2412 3481 2462 ;

1832 2485 1964 2542 dico
2011 2499 2154 2542 sane
2204 2483 2639 2542 sarcerdotum.
2707 2487 2850 2540 Nam
2896 2486 3199 2558 μαρτύριον,
3259 2483 3318 2537 id
3372 2487 3484 2546 est,

1836 2574 2262 2640 testimonium,
2295 2577 2469 2630 vocat
2497 2571 2987 2643 redargutionem.
3033 2572 3180 2637 Quia
3212 2571 3372 2626 enim
3404 2571 3482 2625 illi

1831 2667 2337 2734 transgressorem
2366 2661 2515 2732 legis
2546 2676 2680 2716 eum
2735 2661 3052 2716 dicebant:
3086 2659 3479 2715 emundatum

1830 2752 2124 2824 leprosum
2163 2752 2446 2808 admonet
2483 2755 2548 2806 ut
2595 2753 2859 2806 servaret
2903 2749 3120 2820 legem,
3169 2753 3226 2804 et
3270 2747 3484 2804 faceret

1829 2855 2203 2914 quaecunque
2232 2839 2323 2894 lex
2350 2845 2732 2912 prmceperat.
2777 2838 2899 2894 Hoc
2929 2843 3127 2893 autem
3179 2836 3257 2892 ad
3288 2835 3483 2892 redar-

1830 2931 2136 3000 gutionem
2166 2928 2400 2984 illorum
2429 2930 2728 2984 admonet.
2758 2931 2905 2984 Nam
2953 2926 3262 2999 quomodo
3287 2926 3482 2996 legem

1829 3033 2066 3075 servare
2092 3016 2459 3073 admoneret.
2495 3017 2544 3072 si
2576 3017 2724 3087 legis
2753 3021 3118 3088 trangressor
3140 3018 3313 3072 esset.

1901 3105 2347 3164 Observandum
2381 3121 2520 3161 vero
2553 3122 2675 3177 quo
2707 3113 2881 3178 pacto
2911 3105 3211 3162 interdum
3237 3104 3484 3176 quidem

1828 3199 2020 3267 legem
2071 3194 2255 3260 solvit,
2313 3193 2472 3250 viam
2529 3195 2798 3265 aperiens
2858 3194 3255 3265 philosophias
3307 3198 3485 3264 atque

1833 3284 2265 3342 conversationi
2291 3283 2653 3348 Christianae,
2677 3299 2858 3353 quam
2878 3288 3012 3354 post
3039 3287 3288 3337 mortem
3316 3296 3486 3335 suam

1833 3375 2031 3445 vigere
2060 3371 2394 3446 oportebat,
2437 3387 2506 3428 ac
2553 3387 2896 3444 praeparans
2938 3369 3332 3425 cessationem
3371 3366 3488 3436 legi

1833 3463 2033 3528 veteri,
2063 3463 2312 3535 jamque
2344 3461 2667 3517 senescenti
2693 3477 2706 3526 ;
2737 3459 3104 3532 quandoque
3134 3473 3276 3514 vero
3322 3455 3486 3512 illam

1838 3559 2052 3619 servat,
2086 3551 2382 3607 demitens
2413 3565 2476 3606 se
2502 3548 2580 3606 ad
2611 3547 3078 3605 imbecillitatem
3115 3545 3484 3610 Judaaorum,

1837 3655 1912 3697 ne
1937 3657 2040 3697 eos
2062 3639 2404 3697 offenderet.

2262 3735 2418 3791 CAP.
2458 3734 2573 3790 VII.
2603 3736 2686 3792 De
2710 3735 3065 3791 centurione.

1908 3836 2066 3890 Vers.
2102 3837 2158 3890 5.
2188 3833 2244 3889 6.
2278 3833 2425 3890 Cum
2456 3839 2653 3890 autem
2671 3833 2970 3903 ingressus
2996 3837 3140 3888 esset
3163 3863 3230 3871 —
3261 3830 3492 3886 discru-

1839 3923 2050 3980 ciatur.
2083 3924 2271 3989 Jacet,
2313 3922 2426 3979 hoc
2460 3927 2565 3986 est,
2599 3922 2899 3993 projectus
2931 3925 3036 3977 est.

1909 4013 2073 4066 Vers.
2102 4015 2154 4066 7.
2191 4011 2274 4066 Ει
2325 4041 2393 4052 -
2424 4026 2575 4066 eum.
2621 4012 2810 4076 Quare
2842 4025 2963 4066 non
3008 4014 3259 4066 vocatus
3297 4008 3357 4064 in
3391 4007 3495 4062 do-

1839 4115 2030 4164 mum,
2055 4115 2161 4154 sua
2185 4103 2394 4170 sponte
2414 4104 2736 4154 venturum
2763 4115 2826 4154 se
2857 4099 3047 4154 dicit?
3097 4099 3245 4164 Quia
3271 4112 3492 4170 praeco-

1842 4188 2046 4258 gnovit
2079 4187 2244 4242 illum
2266 4187 2392 4257 jam
2434 4187 2673 4243 credere
2704 4188 2869 4259 quod
2917 4189 3068 4242 Deus
3097 4191 3252 4243 esset
3284 4202 3295 4240 :
3335 4191 3389 4240 et
3415 4185 3496 4241 ita

1840 4275 2028 4332 voluit
2068 4290 2354 4344 magnam
2394 4275 2524 4345 ejus
2571 4274 2753 4330 ﬁdem
2801 4275 2892 4330 his
2925 4276 3105 4330 etiam
3154 4274 3257 4346 qui
3287 4286 3492 4344 seque-

1839 4365 2079 4429 bantur,
2130 4363 2425 4432 detegere.
2475 4363 2716 4419 lntende
2748 4377 2888 4432 ergo
2929 4363 3001 4418 iis
3047 4379 3182 4434 quae
3237 4375 3491 4433 sequun-

1844 4457 1953 4510 tur.

1914 4542 2076 4596 Vers.
2103 4541 2155 4595 8.
2209 4541 2288 4595 Et
2317 4554 2582 4595 —mcus.
2625 4542 2752 4594 Non
2797 4554 2954 4605 sum,
2985 4538 3195 4610 inquit,
3250 4538 3493 4608 dignus,

1840 4629 1984 4701 quia
2000 4632 2063 4684 tu
2079 4628 2228 4684 Deus
2250 4644 2313 4683 es
2335 4647 2347 4684 :
2369 4627 2473 4683 sed
2491 4630 2781 4700 tanquam
2801 4627 3182 4698 omnipotens
3204 4627 3299 4682 dic
3329 4627 3494 4684 nudo

1839 4717 2024 4774 verbo
2056 4717 2221 4790 quod
2242 4717 2344 4781 vis,
2374 4721 2428 4772 et
2445 4716 2636 4788 ipsum
2659 4731 2903 4788 quoque
2930 4715 3180 4771 verbum
3201 4731 3356 4788 opus
3373 4717 3495 4776 fiet.

1840 4805 2015 4861 Vides
2043 4804 2182 4860 ﬁdei
2215 4804 2724 4875 magnitudinem?
2743 4805 2982 4876 Propter
3022 4805 3136 4861 hoc
3164 4820 3306 4876 ergo
3350 4805 3498 4862 dixit

1839 4895 2102 4951 Christus
2130 4911 2142 4949 :
2170 4894 2290 4966 Ego
2322 4896 2546 4951 veniam
2582 4899 2636 4951 et
2661 4894 2876 4950 curabo
2911 4909 3056 4966 eum,
3083 4900 3147 4950 ut
3172 4894 3330 4951 dicat
3368 4909 3498 4950 cen-

1839 4983 1991 5041 turio
2027 4985 2190 5041 :Non
2212 5000 2339 5040 sum
2392 4983 2628 5054 dignus,
2690 4987 2823 5048 etc.,
2859 4988 2914 5039 et
2966 4982 3046 5039 ita
3090 4983 3496 5040 manifestetur

1839 5074 2123 5131 omnibus
2176 5089 2402 5145 magna
2457 5073 2610 5130 ﬁdes
2666 5073 2815 5144 ejus.
2875 5073 2995 5130 Nisi
3042 5074 3202 5130 enim
3232 5074 3493 5129 Christus

1837 5161 1985 5218 illud
2009 5161 2272 5232 dixisset,
2305 5177 2694 5235 nequaquam
2719 5161 2834 5219 hoc
2857 5163 3122 5219 centurio
3161 5160 3494 5234 respondis-

1839 5255 1927 5308 set
1948 5257 2004 5309 et
2025 5269 2126 5309 eos
2147 5252 2250 5326 qui
2272 5251 2680 5326 sequebantur
2707 5253 2955 5309 omnino
2976 5251 3240 5309 latuisset
3268 5254 3495 5323 quanta

1840 5345 1966 5398 erat
1994 5341 2103 5398 viri
2124 5341 2293 5398 ﬁdes.
2317 5341 2462 5398 Vide
2493 5356 2732 5414 quoque
2776 5341 3136 5398 centurionis
3154 5339 3493 5411 verbagquie

1360 5513 1579 5584 Variae
1610 5515 1938 5587 lectiones
1971 5526 2034 5584 et
2077 5522 2281 5586 notae.

224 5639 325 5710 (55)
363 5644 734 5719 εὐγνωμοσύνη
745 5667 784 5710 ς.
815 5648 882 5706 Α.
