3990 6206
495 298 601 352 283
1797 293 2147 351 EUTYHMII
2186 293 2515 352 ZIGABENI
3740 301 3835 358 284

499 422 824 493 sequuntur
863 421 942 477 ad
972 420 1031 477 id
1058 420 1301 484 directa,
1329 420 1492 493 quod
1543 420 1708 477 nudo
1737 419 1920 477 etiam
1960 420 2143 478 verbo

2263 439 2335 473 πει
2366 416 2424 472 δὲ
2464 421 2642 472 καὶτὰ
2671 416 2849 491 ἐφεξῆς
2904 425 2996 472 τοῦ
3036 418 3422 496 ἑκατοντάρχου
3464 423 3693 497 ῥήματα,
3722 444 3835 477 κατ-

498 526 715 567 sanare
745 514 961 582 posset.

2263 508 2626 579 κσκευάξοντα,
2662 510 2742 560 ὅτι
2775 513 2863 560 καὶ
2893 508 2949 560 ἐκ
2980 508 3136 578 ψιλοῦ
3164 509 3319 582 λόγου
3355 506 3598 567 δύναται.

566 599 729 653 Vers.
775 600 829 653 9.
865 599 1018 654 Nam
1067 603 1124 654 et
1151 628 1220 638 —
1249 602 1306 654 et
1346 598 1520 668 facit.
1572 596 1662 653 Ab
1712 597 1977 670 exemplo
2015 597 2145 668 ejus

496 687 659 759 quod
677 687 833 743 circa
852 702 913 742 se
947 686 1350 757 contingebat,
1386 686 1792 753 conﬁrmabat,
1825 686 1991 760 quod
2019 686 2144 742 solo

495 776 671 831 etiam
692 775 871 831 verbo
889 791 1103 831 sanare
1121 779 1344 847 posset.
1368 778 1684 847 Postquam
1702 776 1860 831 enim
1882 775 2141 831 dixerat:

492 864 599 919 Dic
628 865 822 932 verbo,
864 864 1209 935 subjunxit:
1250 864 1401 920 Nam
1432 870 1486 921 et
1516 880 1619 933 ego
1665 865 1824 920 homo
1852 880 2006 933 sum,
2035 864 2145 919 sub

492 954 652 1009 ducis
674 953 967 1009 exercitus
994 959 1283 1022 potestate
1303 954 1674 1015 constitutus,
1698 953 1920 1010 habens
1932 953 2038 1008 sub
2055 968 2146 1009 me

492 1041 707 1097 milites
739 1046 790 1097 et
818 1057 1028 1106 servos,
1049 1047 1104 1097 et
1128 1041 1287 1113 quod
1303 1042 1509 1113 cuique
1534 1041 1685 1105 dico,
1720 1042 1769 1098 is
1797 1042 2146 1098 incunctan-

496 1137 585 1187 ter
605 1130 707 1187 hoc
734 1129 894 1199 facit.
930 1130 1061 1185 Haec
1092 1134 1293 1186 autem
1319 1129 1575 1196 dicebat,
1610 1130 1952 1195 ostendens,
1980 1130 2145 1203 quod

2323 602 2424 651 Καὶ
2471 600 2571 672 γὰρ
2628 628 2697 637 -
2778 602 2868 649 καὶ
2924 605 3079 650 ποιεῖ.
3139 598 3265 652 Ἀπὸ
3317 607 3409 652 τοῦ
3484 600 3600 654 καθ’
3666 602 3834 655 ἑαυτὸν

2250 684 2635 758 ύποδείγματος
2688 688 3087 753 κατασκευάζει,
3146 689 3226 740 ὃτι
3254 694 3343 741 καὶ
3398 688 3533 762 λόγῳ
3589 694 3727 763 μόνῳ
3753 689 3835 744 δύο

2251 796 2428 833 ναται,
2493 776 2728 848 Εἰρηκὼς
2782 779 2904 849 γὰρ,
2967 777 3049 828 ὅτι
3106 777 3227 830 Εἰπὲ
3280 778 3439 850 λόγῳ,
3500 785 3837 854 προσεπήγα-

2250 885 2357 937 γεν,
2422 866 2501 917 ὅτι
2557 867 2660 919 Καὶ
2706 867 2804 939 γὰρ
2853 864 2954 936 ἐγὼ
3011 867 3281 937 ἄνθρωπός
3332 867 3435 938 εἰμι
3474 869 3573 920 {me
3612 867 3836 932 ἐξουσίαν

2252 960 2343 1005 τοῦ
2444 961 2762 1027 στρατηγοῦ,
2834 956 2969 1025 ἔχων
3054 954 3138 1007 ὑπ’
3220 954 3439 1026 ἐμαυτόν
3525 965 3837 1031 στρατιώτας

2251 1045 2341 1093 καὶ
2416 1037 2648 1103 δούλους·
2724 1046 2813 1094 καὶ
2877 1042 2902 1093 ὃ
2968 1042 3099 1115 λέγω
3178 1043 3400 1116 ἑκάστῳ,
3470 1044 3837 1121 ἁναντιρῥήτως

2252 1136 2403 1183 τοῦτο
2467 1138 2623 1187 ποιεῖ.
2677 1138 2855 1184 Ταῦτα
2920 1128 2979 1184 δε
3060 1132 3233 1199 εἰπὼν,
3295 1132 3540 1206 ἐνέφηνεν,
3597 1136 3678 1187 ὄτι
3731 1135 3835 1189 Ἐὰν

495 1219 552 1275 Si
574 1234 681 1287 ego
704 1218 887 1274 homo
916 1217 1079 1273 alteri
1129 1218 1432 1289 subjectus
1462 1218 1541 1275 ob
1572 1218 1876 1275 modicam
1929 1218 2143 1290 princi-

491 1312 667 1380 patus
701 1307 1073 1377 dignitatem,
1107 1307 1233 1362 solo
1258 1307 1442 1362 verbo
1496 1311 1707 1379 potens
1761 1324 1916 1372 sum,
1961 1307 2144 1364 multo

492 1396 681 1466 magis
711 1402 787 1459 tu,
822 1396 924 1467 qui
952 1396 1106 1451 Deus
1128 1412 1209 1459 es,
1237 1394 1479 1451 inﬁnitas
1520 1396 1831 1467 potestatis
1860 1412 1929 1452 ac
1957 1396 2147 1466 digni-

492 1486 648 1543 tatis.
670 1485 875 1555 Itaque
890 1485 938 1539 si
959 1484 1175 1540 dixeris
1199 1484 1369 1540 morti
1395 1490 1455 1539 ul
1474 1485 1664 1551 abeat,
1690 1484 1908 1551 abibit;
1938 1486 1986 1540 si
2004 1501 2145 1542 vero

490 1579 555 1630 ut
578 1574 787 1639 veniat,
829 1573 1043 1629 veniet.
1076 1572 1277 1645 Neque
1316 1572 1476 1628 enim
1531 1572 1868 1644 simpliciter
1906 1573 2147 1631 subdita

491 1667 597 1729 est,
619 1678 831 1719 verum
861 1662 1040 1719 etiam
1057 1660 1288 1726 ancilla,
1325 1677 1461 1734 quas
1488 1662 1783 1733 majorem
1808 1662 1987 1719 habet
2014 1664 2147 1719 sub-

486 1751 834 1825 jectionem.
2179 1764 2223 1820 Β

563 1842 729 1896 Vers.
760 1840 842 1895 10.
869 1840 999 1896 Hoc
1028 1838 1235 1895 audito
1276 1869 1346 1878 —
1372 1838 1590 1895 inveni.
1641 1838 1983 1896 Admiratus
2033 1843 2141 1895 est.

493 1930 639 1984 Cum
667 1928 827 1984 enim
858 1943 1052 1999 neque
1082 1927 1344 1983 Israelita
1379 1932 1553 1993 esset,
1583 1943 1777 1999 neque
1814 1928 2146 2000 Scripturas

494 2032 626 2093 quae
658 2016 732 2070 de
766 2016 894 2086 ipso
932 2020 1100 2070 erant
1138 2014 1395 2085 legisset,
1427 2014 1578 2071 adeo
1621 2015 1799 2072 facile
1849 2016 2144 2072 credebat.

498 2108 611 2161 Nec
642 2103 839 2160 solum
871 2103 1204 2159 admiratus
1230 2108 1336 2167 est,
1368 2118 1570 2159 verum
1597 2105 1777 2160 etiam
1807 2104 1991 2160 ﬁdem
2022 2105 2148 2177 ejus

496 2192 789 2266 praeconio
820 2191 1231 2262 promulgavit,
1272 2195 1337 2246 ut
1376 2190 1473 2247 alii
1520 2191 1681 2248 hunc
1732 2191 2145 2249 imitarentur:

499 2283 700 2352 Neque
715 2285 871 2337 inter
890 2281 1211 2345 Israelitas,
1240 2279 1455 2353 inquit,
1480 2284 1707 2337 tantam
1732 2281 1929 2337 inveni
1953 2282 2145 2353 ﬁdem,

502 2370 606 2443 qui
636 2370 900 2442 quotidie
931 2368 1370 2440 Scripturarum
1407 2369 1613 2440 legunt
1632 2370 1988 2437 testimonia,
2021 2386 2152 2443 quae

504 2459 578 2515 de
595 2472 693 2514 me
710 2457 1049 2530 loquuntur.
1066 2457 1130 2512 In
1148 2457 1620 2530 praecedentibus
1645 2465 1846 2515 autem
1867 2458 2148 2525 diximus,

507 2548 665 2620 quod
693 2549 877 2604 Amen
933 2547 1094 2613 dico;
1127 2547 1500 2604 tantumdem
1546 2551 1637 2604 est
1665 2563 1735 2604 ac
1785 2548 1833 2602 si
1874 2548 2101 2604 dicatur
2132 2565 2145 2604 :

507 2637 652 2694 Vere
698 2652 765 2692 ac
792 2636 1040 2692 ﬁrmiter
1064 2635 1195 2693 dico
1220 2652 1235 2704 ;
1267 2652 1463 2709 neque
1498 2653 1654 2710 opus
1717 2642 1805 2694 est
1850 2637 1964 2694 hoc
1993 2636 2152 2693 dein-

507 2742 646 2799 ceps
666 2726 1052 2799 interpretari.

577 2819 743 2873 Vers.
771 2818 1025 2875 1!.Dico
1053 2848 1121 2856 —-
1144 2816 1473 2873 Abraham.
1504 2815 1667 2872 Multi
1695 2815 1864 2883 tales,
1892 2815 2006 2873 hoc
2042 2820 2149 2885 est,

506 2921 539 2962 θ
568 2905 865 2976 gentibus.
917 2906 1014 2959 Per
1057 2905 1261 2962 Oriens
1313 2921 1453 2961 vero
1492 2909 1549 2960 et
1586 2904 1892 2970 Occidens,
1947 2907 2146 2962 omnia

2263 2902 2436 2958 ἐθνῶν.
2505 2906 2599 2956 Διά
2649 2900 2706 2955 δὲ
2756 2911 2845 2963 τῆς
2904 2903 3175 2963 Ἀνατολῆς
3204 2909 3293 2955 καὶ
3348 2904 3458 2976 (66)
3512 2912 3605 2964 τῆς
3636 2905 3845 2967 Δύσεως,

504 2993 638 3051 loca
667 2995 844 3050 totius
870 2994 1128 3050 universi
1165 2994 1541 3064 significavit.
1573 2994 1821 3049 Venient
1849 2999 2046 3050 autem
2074 2995 2146 3050 ad

2263 2994 2427 3044 πάντα
2463 2997 2615 3045 τόπον
2669 3001 2762 3053 τῆς
2823 2991 3123 3065 οἰκουμένης
3184 2989 3464 3050 ἐδήλωσεν.
3521 2990 3744 3054 Ἠξουσι
3796 2987 3849 3042 δὲ

509 3098 603 3138 me
636 3081 906 3138 videlicet
942 3099 1048 3155 per
1083 3083 1284 3139 ﬁdem.
1339 3084 1628 3139 Praeterea
1667 3082 2042 3149 accumbent,
2087 3083 2146 3139 id

2263 3086 2386 3154 πρός
2440 3100 2523 3153 με,
2607 3078 2701 3132 διὰ
2762 3084 3007 3141 πίστεως.
3072 3080 3537 3138 Ἀνακλιθὴσονται
3595 3077 3676 3147 δὲ,
3742 3078 3847 3131 ἀντὶ

2253 1218 2352 1291 ἐγὼ
2382 1221 2651 1293 ἅνθρωπος
2703 1220 3029 1287 ύπεξούσιος,
3087 1218 3181 1273 διὰ
3227 1226 3320 1277 τὴν
3369 1222 3547 1294 ὀλίγην
3584 1225 3832 1297 ὑπεροχὴν

2251 1317 2347 1369 τῆς
2387 1306 2581 1382 ἀρχῆς,
2640 1308 2772 1381 λόγῳ
2826 1314 2962 1381 μόνῳ
3015 1306 3263 1382 δύναμαι.
3314 1310 3483 1382 μολλῷ
3531 1312 3718 1365 πᾶλλον
3756 1318 3831 1381 σὺ,

2254 1400 2381 1459 Θεὸς
2431 1398 2497 1448 ὡν
2554 1398 2919 1460 παντεξούσιος
2974 1402 3065 1450 καὶ
3104 1404 3487 1471 πανυπέροχος.
3530 1406 3619 1453 καὶ
3648 1400 3831 1468 λοιπόν,

2255 1485 2416 1557 εἰμὲν
2457 1489 2601 1558 εἴπῃς
2659 1489 2974 1560 πορευθῆναι
3022 1490 3107 1541 τὸν
3158 1488 3396 1556 Θάνατον,
3451 1491 3835 1561 πορωθήσεται,

2254 1573 2297 1625 εἰ
2354 1571 2413 1627 δὲ
2460 1574 2639 1642 ἐλθεῖν,
2689 1574 2969 1630 ἐλεύσεται.
3032 1580 3125 1629 Καὶ
3175 1578 3277 1649 γὰρ
3331 1576 3437 1649 οὐχ
3490 1576 3664 1639 ἁπλῶς
3711 1577 3833 1632 ἔστιν

2254 1662 2498 1731 ὑπήκοος,
2533 1662 2661 1717 ἀλλὰ
2688 1668 2778 1716 καὶ
2826 1661 3030 1729 δοῦλος,
3064 1664 3089 1717 ὂ
3119 1665 3358 1737 μείζονος
3403 1664 3542 1719 ἔστιν
3581 1666 3825 1727 ὑπακοῆς.

2325 1837 2583 1901 Ἀκούσας
2667 1870 2733 1879 -
2803 1839 2970 1913 εὗρον.
3058 1839 3402 1913 Ἐθαύμασεν,
3473 1842 3554 1894 ὅτι
3620 1846 3693 1913 μὴ
3778 1842 3836 1893 ὢν

2256 1928 2606 2002 Ἰσραηλίτης,
2652 1925 2792 2000 μηδὲ
2845 1931 2939 1990 τὰς
2966 1933 3084 2003 περὶ
3139 1929 3295 1983 αὐτοῦ
3340 1932 3547 2002 Γραφὸις
3592 1938 3694 1982 τῶν
3726 1930 3841 1983 Ἴου·
3924 1990 3939 2005 β

2257 2013 2418 2069 δαίων
2462 2013 2632 2079 εἰδὼς,
2689 2014 2889 2091 ῥᾳδίως
2941 2017 3235 2073 ἐπίστευσε.
3291 2024 3380 2071 καὶ
3409 2018 3468 2071 ού
3506 2024 3660 2091 μόνον
3708 2017 3842 2071 ἐθαύ-

2255 2125 2439 2178 μασεν,
2489 2104 2617 2157 ἀλλὰ
2672 2111 2760 2158 καὶ
2820 2106 3096 2179 ἀνεκήρυξε
3147 2111 3241 2165 τὴν
3303 2112 3482 2160 πίστιν
3533 2107 3713 2172 αὐτοῦ,
3770 2110 3843 2159 ἶνα

2256 2199 2345 2247 καὶ
2393 2194 2536 2246 ἄλλοι
2591 2202 2771 2247 τοῦτον
2828 2195 3155 2258 ζηλὼσωσιν.
3200 2192 3341 2249 Οὐδὲ
3396 2199 3446 2248 ἑν
3502 2204 3612 2257 τοῖς
3642 2197 3841 2269 Ἰσραη-

2255 2281 2435 2348 λίταις,
2465 2288 2643 2355 φησὶν,
2699 2284 2841 2355 εὗρον
2900 2288 3161 2343 τοσαύτην
3215 2288 3415 2349 πίστιν,
3465 2291 3574 2346 τοῖς
3602 2284 3845 2356 ἀναγινιζμ

2261 2391 2475 2424 σκουσιν
2558 2372 2803 2425 ἑκάστοτε
2879 2375 2969 2435 τὰς
3047 2376 3159 2448 περὶ
3214 2371 3336 2446 ἐμοῦ
3406 2379 3700 2448 μαρτυρίας
3751 2381 3840 2425 τῶν

2259 2466 2489 2535 Γραφῶν.
2556 2466 2867 2534 Ιιροείρηται
2916 2457 2975 2514 δε
3032 2463 3178 2533 ἡμῖν,
3246 2465 3327 2515 ὃτι
3366 2466 3445 2527 τό,
3485 2462 3651 2534 Ἀμὴν
3698 2461 3841 2533 λέγω,

2260 2552 2374 2601 ἀντὶ
2411 2557 2523 2613 τοῦ,
2573 2549 2805 2613 Ἀληθῶς
2844 2555 2933 2603 καὶ
2985 2549 3205 2622 βεϐαίως
3260 2551 3410 2623 λέγω,
3443 2553 3685 2606 τέθειται.
3750 2554 3844 2604 Καὶ

2258 2638 2350 2689 οὐκ
2375 2640 2450 2691 ἔτι
2473 2643 2583 2713 χρὴ
2605 2646 2755 2692 τοῦτο
2787 2635 3156 2713 διιρμηνεύειν.

2330 2819 2479 2886 Λέγω
2536 2846 2604 2856 -
2648 2814 2902 2889 Ἀϐραάμ.
2947 2814 3132 2867 Πολλοὶ
3181 2821 3425 2881 τοιοῦτοι,
3474 2818 3763 2883 τουτέστιν,
3801 2814 3848 2876 ἐξ

507 3176 617 3237 est,
647 3172 1035 3243 requiescent.
1067 3171 1371 3228 Abraham
1400 3186 1538 3227 vero
1578 3172 1639 3227 in
1664 3171 1927 3228 medium
1963 3172 2149 3228 addu-

504 3259 606 3327 xit,
624 3276 747 3332 quo
773 3260 1037 3317 maxime
1063 3261 1301 3317 Iudaeos
1326 3261 1641 3327 morderet,
1672 3260 2016 3333 adoptando
2044 3261 2151 3317 sci-

503 3346 635 3405 licet
665 3349 779 3421 ipsi
821 3348 1123 3405 Abraham
1168 3365 1268 3406 eos
1311 3350 1414 3422 qui
1472 3366 1506 3405 ιι
1536 3349 1812 3419 gentibus
1870 3350 2150 3422 procede-

505 3442 653 3494 rent.
678 3438 851 3494 Sinus
887 3438 1026 3494 item
1048 3437 1375 3504 Abraham,
1399 3437 1824 3509 dixitrequiem
1838 3453 1908 3493 ac
1926 3437 2148 3494 fruitio-

503 3541 630 3583 nem
640 3526 963 3598 justorum,
983 3530 1377 3597 mutuamque
1393 3526 1735 3583 societatem
1757 3531 1814 3583 et
1836 3541 2149 3583 conversa-

502 3615 746 3680 tionem,
786 3630 921 3686 quaa
942 3629 1191 3684 regnum
1212 3618 1301 3669 est
1326 3613 1635 3670 caelorum.

576 3702 722 3768 Quia
747 3706 947 3759 autem
970 3702 1097 3773 jam
1120 3701 1445 3757 credebant
1469 3701 1772 3758 Abraham
1799 3702 1859 3757 in
1890 3701 2147 3758 ineffabi-

504 3791 662 3849 libus
686 3790 902 3861 degere
918 3790 1112 3857 bonis,
1132 3805 1241 3862 pro
1266 3805 1452 3860 regno
1465 3790 1749 3847 caelorum
1781 3790 1943 3846 sinus
1963 3790 2146 3848 Abra-

2256 3177 2367 3235 τοῦ,
2426 3170 2862 3223 Ἀναπαύσονται.
2916 3173 3012 3221 Τόν
3054 3167 3289 3241 Ἀϐραὰμ
3343 3165 3401 3222 δὲ
3460 3169 3531 3230 εἰς
3580 3172 3641 3221 τὸ
3701 3172 3848 3242 μέσον

2258 3262 2467 3330 ἤγαγεν,
2533 3260 2614 3310 ἵνα
2660 3257 2892 3329 μάλιστα
2929 3257 3236 3329 καθάψηται
3287 3266 3385 3309 τῶν
3443 3253 3742 3318 Ἰουδαίων,
3793 3258 3850 3315 ὡς

2258 3348 2499 3399 υἱοθετῶν
2527 3345 2667 3417 αὐτῷ
2706 3351 2823 3407 τοὺς
2858 3346 2912 3409 ἐξ
2967 3345 3139 3399 ἐθνῶν.
3177 3346 3408 3407 Κόλπους
3443 3342 3502 3398 δὲ
3530 3353 3622 3397 τοῦ
3664 3344 3849 3416 Ἀϐρα-

2258 3438 2330 3507 ὰμ
2388 3436 2643 3507 ὠνόμασε,
2695 3439 2815 3505 ⁵τὴν
2901 3434 3191 3488 ἀνάπαυσιν
3269 3439 3358 3487 καὶ
3412 3432 3701 3487 ἀπόλαυσιν
3758 3440 3849 3485 τῶν

2259 3521 2493 3591 δικαίων,
2561 3528 2650 3575 καὶ
2698 3528 2791 3582 τὴν
2844 3527 2966 3597 πρὸς
3032 3523 3220 3586 αὐτοὺς
3264 3525 3529 3576 κοινωνίὰν
3586 3527 3681 3575 καὶ
3740 3540 3849 3573 συν-

2232 3604 2548 3684 ¹διαγωγὴν,
2582 3615 2698 3674 ἣτις
2723 3611 2864 3665 ἐστὶν
2895 3614 2924 3671 ἡ
2961 3610 3206 3684 βασιλεία
3234 3621 3332 3664 τῶν
3354 3612 3601 3685 οὐρανῶν.

2327 3698 2540 3759 Ἐπειδὴ
2624 3704 2724 3775 γὰρ
2806 3700 3073 3754 ἐπίστευον
3152 3700 3200 3753 ἐν
3279 3700 3593 3775 ἀπορρήτοις
3645 3698 3853 3771 ἀγαθοῖς

2258 3788 2458 3862 διάγειν
2498 3794 2583 3842 τὸν
2652 3788 2906 3865 Ἀϐραὰμ,
2964 3790 3078 3843 ἀντὶ
3128 3790 3243 3861 (67)
3269 3792 3381 3850 ’τῆς
3439 3787 3709 3861 βασιλείας
3761 3794 3851 3839 τῶν

2256 3879 2500 3952 οὐρανῶν,
2563 3882 2684 3940 τοὺς
2732 3878 2952 3941 κόλπους
3008 3886 3098 3931 τοῦ
3150 3877 3389 3952 Ἀϐραὰμ
3434 3878 3609 3946 ἔθηκε,
3651 3874 3749 3929 διὰ
3802 3879 3855 3927 τὸ

2254 3973 2658 4043 γνωριμώτερον·
2720 3966 2831 4039 ἅμα
2883 3964 2941 4020 δε
2991 3971 3106 4034 καὶ,
3183 3968 3265 4019 ἶνα
3321 3970 3391 4038 μὴ
3436 3962 3565 4036 δόξῃ
3638 3964 3856 4022 ἐναντίος

2254 4065 2313 4129 τῇ
2348 4056 2545 4127 παλαιᾷ
2600 4055 2833 4127 πολιτεία
2887 4063 2987 4107 τῶν
3046 4055 3324 4130 φιλαρέτων
3391 4050 3620 4127 ἀνδρῶν.
3669 4052 3729 4105 Ὁ
3758 4054 3855 4123 γὰρ

2256 4146 2389 4199 οὕτω
2444 4145 2722 4218 θαυμάζων
2780 4147 2865 4197 τὸν
2924 4142 3179 4217 ’Δϐραὸμ,
3227 4147 3291 4204 ὡς
3347 4147 3436 4195 καὶ
3481 4145 3603 4204 τοὺς
3666 4141 3856 4193 ἐκείνου

2256 4234 2492 4299 κόλπους,
2553 4232 2844 4286 ἀνάπαυσιν
2891 4232 3095 4284 αἰώνιον
3157 4230 3446 4305 ὀνομάζειν,
3503 4229 3655 4292 ἐκτὸς
3717 4233 3858 4302 γίνε-

503 3880 647 3936 ham
674 3881 890 3951 posuit,
928 3882 1216 3951 tanquam
1245 3894 1373 3935 rem
1397 3878 1687 3935 notiorem
1707 3897 1725 3950 ς
1755 3878 1932 3934 simul
1967 3880 2144 3935 etiam

505 3986 580 4027 ne
609 3969 703 4025 his
731 3969 1060 4026 contrarius
1099 3984 1228 4025 esse
1256 3969 1565 4036 videretur,
1596 3969 1700 4041 qui
1727 3968 1786 4025 in
1826 3968 2013 4025 Veteri
2043 3971 2145 4024 'l‘e-

505 4064 799 4115 stamento
824 4057 1095 4115 virtutem
1126 4057 1328 4114 sectati
1350 4064 1504 4114 sunt.
1538 4061 1684 4114 Nam
1714 4058 1817 4131 qui
1848 4057 2145 4114 Abraham

503 4148 585 4206 ita
613 4149 971 4215 honorabat,
1005 4153 1071 4204 ut
1098 4146 1275 4204 etiam
1304 4148 1468 4203 sinus
1503 4147 1659 4203 illius
1689 4148 1951 4219 requiem
1983 4152 2147 4204 aster-

502 4254 647 4295 nam
666 4238 1021 4305 nominaret,
1040 4253 1204 4295 omni
1220 4236 1320 4310 huj
1334 4237 1568 4295 usmodi
1592 4237 1927 4311 suspicione
1945 4252 2146 4294 carere

504 4328 778 4385 debebat.

2263 4343 2341 4375 ται
2369 4325 2615 4383 τοιαύτης
2637 4322 2900 4383 ὑπονοίας.

577 4417 825 4486 Quidam
856 4416 1057 4473 dicunt
1080 4415 1245 4490 quod
1273 4415 1427 4473 sicut
1452 4415 1734 4489 quaedam
1760 4413 2146 4488 profundiora

2323 4411 2482 4485 [Φασὶ
2566 4413 2677 4483 (68)
2730 4407 2789 4463 δέ
2852 4429 2999 4477 τινες,
3055 4412 3135 4463 ὅτι
3182 4410 3413 4482 καθάπερ
3480 4410 3600 4461 τινὰ
3656 4405 3856 4476 πελάγη

1716 4591 1940 4661 Variae
1976 4589 2303 4660 lectiones
2334 4599 2398 4658 et
2436 4597 2638 4656 notae.

2254 4787 2423 4841 Lucas
2454 4784 2758 4840 Lazarum.
2792 4784 2939 4860 Nam
2973 4795 3115 4860 pag_.
3154 4782 3278 4860 209,
3303 4778 3407 4860 ubi
3439 4778 3716 4860 primum
3735 4777 3861 4860 hinc

2250 4861 2485 4922 tractat,
2516 4862 2836 4926 utrumque
2860 4850 3061 4926 locum
3081 4852 3290 4926 junxit,
3325 4850 3488 4926 hunc
3517 4851 3780 4905 Matthazi
3808 4852 3863 4926 et

2256 4930 2424 4983 Lucae
2453 4943 2570 4991 xvr,
2598 4929 2685 4980 22.
2712 4921 2977 4979 Haerebat
2999 4921 3140 4991 ergo
3170 4921 3369 4978 adhuc
3392 4921 3445 4976 ei
3471 4921 3531 4976 in
3561 4921 3863 4991 memoria

2253 4996 2416 5054 locus
2462 4990 2647 5053 Lucae.
2682 4998 2829 5051 Nam
2887 4990 3172 5050 correctio
3212 5008 3271 5064 p.
3305 4996 3428 5064 315,
3458 4991 3631 5064 haud
3679 4990 3863 5048 dubie

2255 5069 2522 5143 profecta
2542 5072 2633 5143 est
2655 5082 2691 5121 a
2713 5065 2940 5143 scribis,
2965 5062 3661 5143 calamocxcipientibus
3684 5064 3865 5143 Chry-

2255 5133 2503 5196 sostomi
2530 5137 2779 5193 dicentis
2799 5136 3004 5193 verba.
3036 5134 3336 5193 Scholium
3359 5133 3780 5206 Anepigraphi
3806 5133 3864 5187 in

2254 5210 2560 5267 codicibus
2592 5208 3063 5280 Mosquensibus,
3086 5206 3251 5280 quod
3272 5203 3741 5280 incipit,'I_IoD.et,
3775 5222 3867 5276 φη-

2257 5288 2361 5350 σὶν,
2407 5284 2494 5349 ὡς,
2557 5276 2755 5337 servat
2796 5276 3125 5349 vulgatam'
3168 5276 3481 5333 lectionem
3538 5276 3866 5347 integram.

2256 5356 2441 5410 Etiam
2474 5353 2754 5421 Origenes
2782 5350 2869 5415 1V,
2913 5365 2971 5421 p.
2998 5352 3128 5421 210,
3170 5351 3295 5421 258.

2326 5370 2441 5409 tam
2474 5368 2566 5409 Ul‘l
2614 5368 2754 5407 enes
2784 5368 2869 5415 ιγ,
2913 5368 2971 5421 p.
3005 5368 3128 5415 2w,
3170 5368 3295 5403 κου.

2326 5426 2437 5499 (68)_
2470 5368 2704 5499 Incfusa
2727 5422 2788 5499 in
2821 5420 3089 5499 margine
3113 5419 3295 5499 habet
3324 5420 3387 5474 A.
3418 5416 3756 5476 Hentenius
3781 5433 3867 5475 ea-

2255 5490 2393 5554 dem
2420 5490 2486 5551 in
2510 5492 2804 5568 principio
2834 5490 3043 5549 schelii
3063 5490 3319 5548 exhibet.

575 4790 683 4858 (66)
708 4794 801 4851 τῆς
827 4788 1039 4844 omittit
1066 4790 1133 4843 A.

579 4861 687 4934 (67)
703 4861 919 4934 Parum
932 4860 1027 4934 hic
1046 4862 1301 4934 attentus
1322 4859 1429 4916 fuit
1449 4858 1789 4934 Euthymius
1818 4859 1896 4915 ad
1921 4863 2144 4916 textum

506 4930 826 5005 Evangelii,
847 4930 952 5005 sed
971 4936 1127 4985 totus
1146 4931 1453 5005 pendete}:
1487 4930 1927 5005 Chrysostomo,
1962 4945 2143 5005 quem

506 4946 952 5014 Evangeliasea
971 4946 1453 5055 tctusgenaetex
1487 4946 1927 5013 unrysostomo,
1962 4946 2143 5011 quem

504 5005 636 5060 Vide
690 5010 746 5074 ι.
786 5002 898 5067 VII,
955 5019 1007 5074 p.
1067 5006 1190 5074 20‘.
1249 5003 1311 5060 C.
1362 5003 1483 5057 36L
1546 5003 1886 5074 Qu1n_1mo
1933 5005 2146 5056 omittit

504 5076 685 5131 etiam
738 5072 1192 5139 Ἰσαὰκ-Ἰακώϐ,
1248 5090 1384 5145 quas
1431 5081 1651 5145 tamen
1683 5072 2145 5145 Chrysostomus

501 5146 699 5218 habet.
737 5145 1218 5218 _Chry_sostomu_s
1268 5141 1346 5201 ad
1407 5160 1469 5200 se
1518 5141 1813 5218 reditﬂp.
1864 5143 1987 5218 315,
2043 5141 2146 5199 ubi

506 5217 702 5295 solum
730 5216 776 5295 ἐν
800 5213 1027 5295 rigata.
1066 5235 1112 5270 τ.
1140 5216 1370 5295 οὐρανρν
1408 5216 1641 5295 omittit.
1677 5213 2144 5295 Theophylactus

502 5289 564 5345 in
638 5293 800 5343 textu
836 5284 990 5344 'nihil
1027 5284 1235 5342 mutat.
1296 5288 1359 5340 In
1401 5287 1624 5343 scholio
1670 5284 1865 5341 autem
1903 5284 1976 5341 de
2017 5284 2146 5340 solo

504 5360 849 5415 Abrahamo
870 5360 1013 5415 dicit
1032 5375 1090 5429 p.
1125 5359 1212 5414 43.
1248 5356 1573 5427 Vulgatum
1599 5358 1764 5414 etiam
1786 5355 2147 5429 propagavit

504 5430 666 5521 Cyri].
711 5436 748 5487 t.
800 5431 892 5496 1V,
943 5447 997 5501 p.
1032 5426 1174 5485 1&0.
1240 5429 1478 5484 omissis
1535 5434 1733 5485 tamen
1776 5426 1826 5481 ἐν
1881 5426 1943 5501 τῇ
2094 5446 2143 5481 τ.

504 5510 747 5555 ουοανῶν.
808 5500 1123 5555 Ouomodo
1164 5504 1358 5555 autem
1409 5500 1874 5555 Chrvsostomus
1915 5501 1988 5555 de
2014 5502 2143 5555 atus

500 5500 747 5579 ούρανῷν.
808 5500 1123 5579 Quomodo
1164 5504 1358 5556 autem
1409 5500 2147 5579 Chrysostomusdelatus

504 5570 592 5633 est
646 5574 712 5636 εἰς
788 5577 903 5636 τοὺς
972 5572 1189 5634 κόλπους
1248 5579 1339 5624 τοῦ
1415 5570 1707 5645 Ἀϐραᾶμῖ
1772 5570 1997 5628 Scilicet
2043 5584 2149 5642 per
