3990 6206
187 296 252 352 Ξῶ
1057 296 1428 357 COMMENT.
1468 298 1539 355 IN
1582 297 2019 358 MATTHJEUM.
2051 330 2120 341 —
2151 299 2314 358 CAP.
2352 299 2505 358 VIII.

3331 303 3437 357 286

184 429 244 472 τῶν
278 420 527 490 Halanus,
590 420 772 474 κόλποι
813 418 1011 475 τοιοίδε
1049 426 1078 482 ἤ
1115 419 1313 476 τοιοίδε
1373 423 1679 496 ὠνομάσθη-

1794 425 1975 482 maris
2003 425 2156 492 loca,
2200 430 2302 482 aut
2346 441 2522 482 curva
2554 425 2752 483 littora
2788 425 2936 483 tales
2971 425 3067 483 vel
3096 424 3243 483 tales
3273 425 3438 482 sinus

178 525 272 562 m'
305 510 441 571 οὕτως
478 511 578 583 ἄρα
622 514 711 562 καὶ
745 513 811 562 τὰ
857 511 1052 582 πελάγη
1092 520 1190 564 τῶν
1237 511 1588 579 ἀπολαύσεων,
1631 512 1680 566 ἐν

174 600 231 658 αἷς
261 597 371 650 ἔστιν
409 600 430 649 6
477 597 729 672 Ἀϐραὰμ,
780 598 964 652 κόλποι
1004 597 1096 652 τοῦ
1153 599 1396 674 Ἀϐραὰμ
1454 600 1678 660 ἐκλήθη-

173 706 254 739 σαν.
304 687 373 748 Ὠς
413 685 781 761 ἕπισημοτέρου
842 685 902 740 δε
958 691 1160 741 πάντων
1228 689 1349 764 παρ’
1420 689 1680 764 Ἑϐραίοις

169 780 272 836 ὄντος
323 782 400 826 τοῦ
453 773 704 848 Ἀϐραὰμ,
763 773 943 838 ida/.6»;
1006 784 1098 830 τοῦ
1170 776 1408 854 Ἀϐραὰμ
1471 782 1679 840 τούτους

170 864 381 936 ὠνόμασεν.
409 862 431 937 ]

216 955 264 1004 Οἱ
299 949 346 1005 δε
385 955 474 1005 οἱοὶ
519 985 587 995 -
636 951 887 1011 ὀδόντων.
941 955 1240 1009 Βασιλλείαν
1283 964 1391 1023 νῦν,
1425 959 1512 1010 τὸν
1551 961 1678 1011 Θεὸν

170 1047 318 1113 νοοῦμεν
340 1057 351 1070 '
375 1043 504 1104 υἱοὺς
545 1039 606 1096 δὲ
634 1044 814 1112 αὐτοῦ,
858 1047 980 1105 τοὺς
1021 1045 1366 1118 Ἰσραηλίτας.
1407 1050 1525 1107 Υίὸς
1553 1049 1676 1119 γὰρ,

169 1135 272 1200 φησι,
309 1135 613 1204 πρωτότοκός
659 1153 760 1204 μου
815 1133 1045 1208 Ἰσραήλ.
1101 1133 1168 1186 Ἦ
1229 1133 1502 1207 βασιλείαν
1565 1139 1678 1206 μὲν,

167 1224 229 1274 τὴν
260 1218 426 1271 αἰώνων
467 1219 763 1274 ἀνάπαυσιν
786 1242 799 1255 ·
832 1224 972 1284 υἱοὺς
1006 1219 1065 1276 δε
1112 1223 1295 1295 αὐτῆς,
1345 1232 1434 1276 νῦν
1479 1223 1682 1283 κληθῆ-

165 1326 223 1357 νιι
244 1311 337 1367 τοὺς
374 1305 676 1376 Ἰουδαίους,
729 1313 798 1372 ὡς
824 1309 1229 1385 προσδοκῶντας
1272 1320 1446 1374 τοῦτο,
1491 1309 1585 1365 διὰ
1623 1316 1680 1366 τὸ

168 1392 256 1446 εἶναι
291 1401 470 1470 σπέρμα
515 1406 611 1452 τοῦ
656 1398 910 1473 ’Δϐραάμ.
963 1403 1027 1454 Οἱ
1057 1397 1326 1463 δοκοῦντες
1371 1399 1447 1472 δὲ,
1501 1406 1678 1473 φησὶν,

163 1479 253 1535 εἶναι
294 1487 383 1538 υἱοὶ
441 1495 535 1550 τῆς
595 1486 889 1560 βασιλείας,
945 1487 1356 1548 ίκϐληθήσονται
1430 1486 1521 1543 διὰ
1588 1495 1681 1549 τὴν

161 1570 348 1625 ἀπιστίαν
391 1574 575 1631 αὐτῶν.
629 1580 699 1629 Τό
759 1573 818 1630 δε
875 1576 1345 1641 Ἐκϐληθήσονται,
1407 1576 1520 1631 ἀντὶ
1566 1586 1680 1647 τοῦ,

163 1660 550 1721 Inidia-avrai.
605 1670 787 1726 Σκότος
840 1662 898 1719 δὲ
943 1669 1002 1718 τὸ
1055 1666 1316 1741 ἐξώτερον,
1363 1672 1516 1728 τόπος
1568 1667 1682 1721 ἰστὶ

155 1749 356 1814 κολάσεως
386 1753 788 1824 χαλεπωτάτης.

203 1843 345 1891 Ταῦτα
394 1837 448 1893 o‘k
496 1842 608 1895 εἷπε
653 1842 1008 1896 καταστέλλων
1060 1846 1150 1916 μεν
1206 1849 1297 1897 καὶ
1366 1849 1453 1898 τὸν
1525 1851 1680 1916 τῦφον

154 1934 223 1976 τῶν
261 1925 522 2000 Ἰουδαίων,
589 1930 1029 2003 ἁλαξονευομένων
1086 1931 1170 1986 ἐπὶ
1241 1941 1311 2003 τῷ
1361 1933 1488 1986 εἶναι
1537 1937 1682 2004 ’γένος

154 2021 214 2064 τοῦ
241 2014 477 2090 ’Δϐραάμ-
522 2028 837 2094 παρηγορῶν
888 2017 947 2073 δε
988 2026 1076 2072 καὶ
1118 2024 1239 2082 τοὺς
1279 2019 1334 2083 ἐξ
1377 2020 1551 2085 ἐθνῶν,
1593 2024 1682 2073 καὶ

153 2107 240 2174 ῖρὸς
276 2110 356 2162 τὴν
399 2107 463 2167 εἰς
511 2107 670 2160 αὐτὸν
711 2113 892 2160 πίστιν
939 2107 1281 2181 ἐφελκόμενος.
1340 2109 1682 2161 Ἠκολούθουν

153 2195 222 2263 γὰρ
270 2193 390 2263 αὐτῷ
439 2195 620 2249 πολ)οὶ
677 2201 766 2249 καὶ
823 2195 924 2250 ἀπὸ
968 2205 1066 2249 τῶν
1128 2196 1181 2260 ἐξ
1240 2196 1415 2261 ἐθνῶν,
1469 2194 1562 2250 διὰ
1618 2201 1684 2250 τὰ

153 2287 312 2351 nuda.
362 2288 456 2337 Καὶ
497 2287 707 2346 τούτοις
755 2281 834 2352 δε,
890 2284 1143 2348 κάκείνοις
1190 2285 1362 2338 πλέκει
1406 2291 1500 2345 τὴν
1554 2286 1682 2358 ὠφέ-

149 2365 264 2433 lum,
322 2371 396 2422 ἱνα
468 2378 603 2443 μήτε
679 2363 858 2426 οὗτοι
905 2373 1165 2448 θαρῥῶσιν
1244 2373 1476 2442 ἑστῶτες,
1551 2379 1682 2448 μήτε

148 2452 283 2509 ὶκεῐνοι
307 2456 754 2532 ἀπογινώσκωσιν,
783 2465 851 2524 ὡς
880 2466 1122 2534 κείμενοι.

197 2549 428 2618 Θεὼρησον
471 2545 555 2618 δέ,
597 2551 681 2602 ὅτι
724 2551 750 2602 6
789 2554 879 2622 μὲν
931 2550 1312 2624 ἑκατόνταρχος
1358 2551 1507 2624 λόγον
1554 2549 1681 2612 ἀζή-

148 2649 291 2688 τεο-η’
339 2638 363 2688 6
407 2633 466 2690 δε
509 2638 716 2709 λεπρὸς,
777 2637 970 2712 θέλημα
1022 2645 1195 2710 μόνον,
1245 2641 1272 2692 ὃ
1327 2641 1506 2713 μεῖζόν
1544 2639 1681 2692 ἔστιν

144 2720 386 2780 εἰςπίστιν.
434 2732 555 2788 Πῶς
601 2725 692 2779 οὖν
737 2726 1044 2800 ἐθαυμάσθη
1084 2728 1274 2801 μᾶλλον
1304 2729 1330 2781 6
1377 2728 1683 2800 ἑκατόνταρ-

139 2827 242 2877 χθς;
276 2817 404 2865 Διότι
443 2816 468 2866 ό
509 2818 603 2887 μὲν
647 2815 853 2889 λεπρὸς,
899 2813 1156 2878 Ἰουδαῖος
1198 2818 1286 2886 ὧν,
1337 2820 1574 2890 ἔμπειρος
1621 2813 1681 2874 ἦν

140 2905 210 2947 τῶν
255 2907 357 2973 περὶ
422 2912 514 2955 τοῦ
574 2911 810 2978 Χριστοῦ
885 2914 1258 2979 μαρτυρουσῶν
1319 2905 1531 2978 βίϐλων,
1589 2909 1679 2957 καὶ

141 2985 284 3044 πολλὴν
310 2989 526 3044 ἐντεῦθεν
563 2991 708 3064 εἶχεν
756 2993 1021 3066 εὐχέρειαν
1071 2995 1142 3055 εἰς
1189 2998 1248 3047 τό
1300 3003 1582 3048 πιστεῦσαι
1607 3011 1618 3024 ·
1655 2995 1680 3046 6

138 3070 178 3124 ’ἴε
219 3076 598 3154 ἑκατόνταρχος,
658 3080 855 3142 ἐθνικὸς
910 3083 1186 3156 ὑπάρχων,
1240 3083 1499 3146 παντελῶς
1549 3081 1680 3154 ἀμύ-

139 3180 227 3223 ητος
269 3170 447 3219 τούτων
506 3166 590 3239 ἧν,
652 3175 740 3223 καὶ
802 3167 1090 3243 οὐδαμόθεν
1142 3171 1350 3226 ἄλλοθεν
1421 3169 1677 3243 ὡὸηγὴθη

136 3255 230 3318 πρὸς
264 3261 349 3312 τὴν
391 3262 594 3328 πίστιν,
650 3259 680 3316 ἢ
730 3257 833 3311 ἀπὸ
885 3264 1048 3331 μόνης
1092 3266 1300 3333 γνώμης
1351 3259 1534 3335 ὀρθῆς.
1593 3264 1680 3314 Διό

135 3344 200 3390 ui
234 3343 489 3414 ὑπερετίθη
549 3355 655 3398 τῶν
703 3350 1093 3401 πιστευσάντων
1150 3348 1203 3412 ἕξ
1255 3349 1488 3422 Ἰσραήλ.
1540 3349 1682 3403 Ἐπεὶ

135 3422 176 3478 οἳ
203 3432 250 3480 τὸ
275 3438 382 3506 περὶ
419 3443 480 3493 τῆ
493 3455 516 3496 ς
563 3433 955 3507 ἁντεισαγωγῆς
997 3445 1095 3488 τών
1143 3437 1199 3500 ἐξ
1236 3436 1388 3490 ἰθνῶν
1428 3442 1516 3491 καὶ
1547 3437 1680 3490 ἁπο-

132 3514 254 3579 εολῆς
290 3530 380 3572 τῶν
410 3521 709 3590 Ἰουδαίων,
759 3522 1020 3596 ἀπόφασις
1051 3522 1129 3589 ἦν,
1176 3524 1382 3598 βεϐαιοῖ
1411 3535 1558 3580 τοῦτο
1589 3525 1684 3580 διὰ

133 3613 327 3676 ταμείου.
352 3615 536 3664 Σκόπει
565 3614 696 3684 γάρ.

185 3700 264 3747 Καὶ
310 3695 437 3750 εἶπεν
493 3731 564 3741 -
616 3719 722 3755 σοι.
791 3698 1020 3765 Ἔδειξεν
1074 3703 1101 3755 ὁ
1156 3707 1380 3776 Χριστὸς
1432 3703 1679 3772 ἐντεῦθεν,

129 3781 187 3830 ὅτι
252 3787 440 3856 μεγάλα
521 3788 873 3862 συμϐάλλεται
950 3793 1081 3864 πρὸς
1156 3793 1578 3866 θαυματουργίαν
1646 3795 1677 3853 ἠ

125 3876 268 3934 πίστις
308 3884 393 3928 τοῦ
445 3873 697 3950 δεομένου
764 3878 951 3940 αὐτῆς,
1007 3878 1091 3940 Ὠς
1141 3879 1472 3950 ἐπίστευσας,
1527 3888 1676 3954 φησὶ,

130 3962 455 4030 inﬁnite-mor,
508 3970 807 4034 τουτέστιν,
871 3972 1090 4041 Επείπερ
1135 3968 1466 4039 ἐπίστευσας,
1520 3967 1680 4024 δύνα-

131 4048 224 4099 σθαί
257 4071 332 4121 με,
372 4059 462 4106 καὶ
508 4060 581 4114 μὴ
637 4053 846 4108 ἐλθόντα
898 4056 970 4118 εἰς
1026 4061 1112 4108 τὸν
1168 4054 1307 4110 οἶκόν
1354 4078 1470 4127 σου,
1531 4061 1681 4132 θερα-

128 4143 280 4188 πεῦσαι
303 4144 386 4191 τόν
415 4145 726 4214 πάσχοντα,
752 4147 1022 4215 γενηθήτω
1047 4146 1228 4209 οὕτως.

146 4230 262 4318 ⁹Καὶ
323 4228 438 4288 ἰάθη
504 4263 571 4273 -
647 4231 832 4306 ἐκείνη.
917 4233 1116 4308 Ὠσπερ
1183 4233 1264 4287 ἰπὶ
1341 4244 1434 4289 τοῦ
1492 4237 1681 4312 λεπροῦ

127 4317 229 4363 um
271 4317 294 4366 6
332 4317 725 4391 εὐαγγελιστής,
771 4324 850 4374 ὅτι
903 4323 1087 4385 εὐθέως
1133 4323 1456 4397 ἐκαθαρίσθη
1485 4342 1497 4356 ·
1547 4327 1680 4378 οὕτω

125 4405 192 4451 ui
212 4409 302 4476 νῦν,
341 4408 419 4460 ότι
462 4408 589 4468 ἰάθη
623 4409 672 4461 ἐν
719 4418 780 4482 τῇ
813 4412 923 4486 ὥρᾳ
955 4413 1146 4485 ἐκείνη.
1200 4416 1378 4469 Ταῦτα
1409 4411 1468 4468 δε
1514 4435 1680 4488 προσ-

129 4489 286 4578 ξθτιεν,
337 4495 406 4557 εἰς
457 4498 689 4561 αὔξησιν
732 4507 829 4551 τῶν
888 4502 1185 4572 θαυμάτων.
1246 4502 1320 4554 Οὐ
1370 4508 1522 4575 μόνον
1579 4506 1678 4579 ⁹γὰρ

131 4574 248 4628 ἐτελει
298 4581 593 4655 παράδοξα,
667 4585 794 4639 ἀλλὰ
859 4593 946 4640 καὶ
993 4588 1041 4640 ἐν
1104 4574 1420 4665 βραχυτάτη
1494 4574 1679 4665 καιρου

125 4674 227 4735 .547;
255 4675 333 4726 τὴν
360 4673 556 4726 οἰκείαν
597 4671 821 4748 δύναμιν
860 4673 1208 4730 ἐπεδείκνυτο.
1253 4684 1388 4732 Φασὶ
1423 4676 1481 4732 δὲ
1523 4699 1675 4746 τινες,

128 4766 264 4820 ετερω
310 4754 430 4810 εἶναι
488 4766 576 4814 τόν
652 4762 1032 4837 ἑκατόνταρχον
1078 4774 1281 4836 τοῦτον,
1355 4773 1442 4820 καὶ
1510 4769 1677 4841 ἕτερον

128 4854 192 4887 τστ
217 4849 340 4915 παρὰ
369 4858 440 4918 τῷ
489 4857 678 4922 Λουκᾴ
707 4853 819 4925 (69)
850 4859 1308 4928 μνημονευόμενον.
1350 4859 1546 4909 Τούτου
1587 4861 1676 4930 μὲν

180 5017 219 5052 ⁵³
243 5021 407 5081 Exod.
437 5042 518 5092 ιγ,
553 5030 650 5084 22.
765 5028 809 5066 ⁸¹
842 5029 979 5086 Luc.
1010 5045 1112 5096 vn,
1143 5035 1177 5086 2
1207 5046 1381 5105 seqq.

1789 514 2074 587 appellati
2093 519 2231 572 sunt
2257 531 2269 570 :
2295 515 2376 572 ita
2406 531 2548 572 sane
2577 520 2634 570 et
2657 515 2843 572 abditi
2868 516 3213 572 fruitionum
3237 530 3438 571 reces-

1790 620 1912 675 sus,
1947 607 2006 659 in
2037 603 2257 676 quibus
2289 610 2376 660 est
2406 604 2732 670 Abraham,
2767 605 2931 660 sinus
2959 605 3262 661 Abraham
3294 604 3437 661 dicti

1788 697 1944 748 sunt.
1975 695 2123 750 Nam
2152 693 2295 764 quia
2324 693 2614 762 insignior
2644 698 2770 750 erat
2798 693 3101 750 Abraham
3131 694 3294 765 apud
3325 698 3434 750 He-

1786 781 1999 845 braeos,
2025 780 2161 838 ideo
2181 797 2282 837 eos
2299 781 2537 852 proprie
2556 780 2744 853 ipsius
2764 783 3065 839 Abraham
3085 782 3432 839 nominavit.

1857 872 2021 927 Vers.
2056 871 2145 925 12.
2171 871 2316 926 Filii
2341 877 2539 927 autem
2569 901 2636 910 —
2661 871 2940 928 dentium.
2978 873 3243 944 Regnum
3274 887 3437 928 nunc

1789 962 1975 1015 Deum
2016 959 2398 1029 intelligimus
2440 974 2452 1014 :
2495 959 2643 1014 ﬁlios
2690 964 2890 1015 autem
2937 961 3087 1030 ejus,
3125 961 3432 1018 Israelitas.

1787 1048 2003 1114 Filius,
2047 1047 2258 1120 inquit,
2301 1047 2732 1119 primogenitus
2769 1063 2920 1104 meus
2955 1049 3146 1106 Israel
3183 1051 3264 1117 5°;
3319 1049 3434 1115 vel,

1787 1151 2042 1208 regnum
2092 1137 2356 1209 quidem,
2408 1141 2693 1194 aeternam
2736 1137 3045 1209 requiem:
3105 1138 3256 1194 ﬁlios
3295 1153 3437 1194 vero

1791 1226 1922 1298 ejus
1949 1226 2151 1282 vocari
2177 1241 2337 1282 nunc
2357 1225 2613 1291 Judaaos,
2639 1231 2928 1298 tanquam
2947 1227 3063 1283 hoc
3088 1226 3441 1284 existiman-

1794 1319 1876 1370 tes
1907 1315 2051 1388 (gg),
2084 1330 2155 1370 eo
2182 1313 2348 1387 quod
2377 1330 2582 1370 semen
2609 1320 2808 1371 essent
2831 1315 3151 1371 Abraham.
3185 1315 3313 1380 Qui,
3349 1315 3438 1370 in-

1791 1404 1939 1477 quit,
1997 1419 2123 1459 sese
2178 1407 2391 1476 putant
2437 1419 2568 1459 esse
2622 1402 2795 1469 ﬁlios,
2849 1405 3147 1475 ejicieutur
3197 1407 3440 1474 propter

1791 1509 1965 1550 suam
1990 1492 2478 1549 incredulitatem.
2503 1492 2844 1563 Ejicientur
2868 1496 3088 1558 autem,
3121 1491 3292 1556 idest,
3327 1494 3437 1548 Ex-

1791 1581 2106 1655 pellantur.
2179 1581 2455 1638 Tenebrae
2508 1596 2651 1639 vero
2716 1581 3050 1648 exteriores,
3122 1580 3289 1637 locus
3351 1584 3439 1638 est

1791 1669 2064 1743 supplicii
2092 1669 2476 1726 miserrimus.

1792 1848 1926 1902 Haec
1963 1849 2163 1902 autem
2195 1844 2359 1911 dixit,
2391 1845 2612 1901 fastum
2652 1845 3056 1917 comprimens
3093 1844 3438 1902 Judaeorum

1791 1933 1896 2006 qui
1917 1948 2048 1989 sese
2060 1932 2386 2004 jactabant,
2406 1933 2571 2004 quod
2589 1949 2620 1988 e
2641 1948 2856 2003 genere
2873 1938 3073 1990 essent
3089 1933 3392 1989 Abraham
3422 1950 3436 1990 :

1791 2028 1848 2079 et
1871 2021 2184 2078 consolans
2221 2037 2324 2078 eos
2365 2020 2470 2093 qui
2505 2036 2536 2076 e
2565 2021 2842 2091 gentibus
2885 2026 3074 2087 erant,
3116 2021 3442 2077 attrahens-

1790 2127 1908 2184 que
1946 2111 2020 2166 ad
2061 2125 2233 2166 suam
2271 2108 2472 2165 ﬁdem.
2516 2113 2664 2166 Nam
2702 2109 2873 2166 multi
2916 2124 3154 2182 quoque
3192 2108 3442 2178 gentiles

1789 2203 2032 2272 propter
2063 2201 2237 2267 signa
2269 2197 2674 2270 sequebantur
2711 2213 2870 2253 eum.
2916 2201 2981 2253 Et
3017 2197 3105 2253 his
3143 2202 3343 2254 autem
3382 2200 3442 2254 et

1787 2288 1901 2345 illis
1960 2286 2272 2344 utilitatem
2337 2285 2718 2359 procurabat,
2781 2301 2855 2343 ne
2915 2286 2992 2342 illi
3050 2285 3436 2353 conﬁderent,

1789 2377 1964 2450 quasi
1993 2380 2236 2442 stantes,
2273 2390 2470 2447 neque
2499 2375 2557 2431 hi
2592 2375 2998 2447 desperarent,
3039 2374 3210 2447 quasi
3241 2374 3440 2446 jacen-

1790 2470 1894 2523 tes.

1861 2553 2179 2612 Considera
2201 2567 2344 2610 vero
2367 2552 2532 2625 quod
2557 2552 2821 2610 centurio
2846 2552 3098 2610 verbum
3124 2552 3391 2624 exposcit
3417 2568 3432 2608 :

1789 2643 2060 2716 leprosus
2097 2647 2298 2700 autem
2335 2641 2524 2699 solam
2556 2641 2946 2708 voluntatem,
2987 2640 3154 2713 quod
3191 2640 3437 2712 majoris

1789 2736 1876 2790 est
1895 2732 2055 2789 ﬁdei.
2081 2733 2272 2796 Quare
2297 2747 2439 2802 ergo
2463 2730 2655 2800 magis
2676 2729 3057 2787 admirationi
3081 2729 3321 2785 habitus
3345 2733 3438 2786 est

1790 2821 2092 2879 centurio?
2113 2821 2263 2884 Quia
2277 2821 2568 2894 leprosus,
2586 2836 2722 2876 cum
2747 2823 2898 2876 esset
2914 2819 3174 2885 Judaeus,
3189 2822 3437 2876 noverat

1787 2911 1985 2978 libros,
2013 2911 2116 2983 qui
2145 2910 2219 2966 de
2244 2909 2472 2966 Christo
2491 2908 2968 2976 testiﬁcabautur,
2996 2913 3054 2964 et
3081 2907 3222 2964 inde
3247 2907 3438 2967 multa

1787 2999 2070 3062 habebat,
2101 2997 2324 3070 quibus
2354 2996 2520 3054 facile
2547 2997 2626 3052 ad
2654 2997 2834 3052 ﬁdem
2867 2996 3258 3052 induceretur.
3291 2997 3436 3051 Cen-

1788 3087 1937 3145 turio
1967 3102 2105 3143 vero
2135 3102 2272 3142 cum
2303 3085 2573 3142 ethnicus
2611 3090 2786 3151 esset,
2830 3101 2868 3142 a
2897 3085 3061 3141 nullo
3092 3084 3330 3142 aliunde
3359 3083 3439 3141 ad

1787 3176 1971 3232 ﬁdem
2001 3173 2351 3241 ducebatur,
2383 3189 2570 3246 quam
2599 3190 2635 3229 a
2673 3174 2802 3230 sola
2834 3179 2995 3230 recta
3023 3179 3220 3229 mente
3254 3192 3267 3226 :
3301 3173 3438 3228 ideo

1790 3265 1966 3321 etiam
1994 3261 2346 3334 praepositus
2366 3265 2453 3317 est
2467 3261 2837 3317 credentibus
2852 3276 2924 3316 ex
2944 3261 3138 3318 Israel.
3161 3261 3308 3316 Cum
3335 3276 3439 3316 au-

1787 3358 1908 3411 tem
1937 3352 2010 3408 de
2035 3350 2470 3408 introductione
2496 3349 2762 3420 gentium
2789 3354 2846 3405 et
2871 3349 3188 3420 rejectione
3210 3349 3439 3403 Iudaeo-

1788 3457 1922 3498 rum
1951 3443 2106 3498 facta
2135 3441 2208 3496 sit
2235 3440 2478 3506 mentio,
2509 3437 2825 3496 conﬁrmat
2852 3439 3008 3496 hanc
3037 3453 3146 3510 per
3173 3437 3432 3508 signum.

1788 3529 1933 3588 Vide
1962 3544 2105 3600 ergo
2134 3528 2282 3602 quid
2308 3531 2614 3601 sequatur.

1863 3706 2031 3764 Vers.
2078 3709 2160 3762 l3.
2194 3706 2268 3760 Et
2297 3704 2380 3761 ait
2411 3734 2480 3746 —
2510 3704 2642 3761 tibi.
2682 3703 2832 3760 Hinc
2863 3703 3123 3762 ostendit
3149 3703 3437 3774 Christus,

1791 3797 1945 3871 quod
1980 3794 2302 3868 plurimum
2333 3792 2595 3849 conferat
2623 3793 2701 3849 ad
2730 3793 3002 3850 miraculi
3031 3793 3439 3866 operationem

1791 3885 1934 3941 ﬁdes
1964 3883 2338 3955 deprecantis
2366 3881 2517 3954 (ΙιΙι).
2549 3882 2717 3938 Sicut
2746 3882 3069 3946 credidisti,
3097 3881 3310 3955 inquit,
3334 3883 3440 3950 ﬁat

1791 3974 1898 4030 tibi
1920 3992 1934 4041 ;
1973 3973 2088 4028 hoc
2122 3978 2230 4036 est,
2269 3971 2418 4037 Quia
2455 3970 2755 4026 credidisti
2795 3987 2889 4028 me
2930 3986 3112 4043 posse
3146 3976 3438 4041 aegrotum

1790 4076 2014 4126 curare,
2070 4059 2203 4116 licet
2257 4059 2508 4115 domum
2565 4062 2732 4115 tuam
2788 4073 2910 4115 non
2964 4057 3289 4128 ingrediar,
3358 4058 3440 4115 ita

1788 4150 2026 4293 ﬁa‘t/ers.
2072 4239 2156 4292 l3.
2196 4235 2275 4290 Et
2313 4241 2556 4291 sanatus
2595 4265 2667 4277 —
2701 4235 2836 4292 illa.
2881 4234 3038 4290 Sicut
3081 4233 3156 4289 de
3196 4233 3438 4304 leproso

1790 4327 1933 4384 dixit
1953 4324 2336 4396 evangelista,
2363 4324 2530 4396 quod
2549 4323 2857 4381 confestim
2879 4323 3209 4380 mundatus
3231 4326 3333 4388 est,
3359 4322 3440 4378 ita

1791 4421 1846 4474 et
1876 4430 2035 4472 nunc
2065 4414 2229 4485 quod
2259 4416 2504 4470 sanatus
2534 4417 2621 4469 est
2659 4412 2718 4468 in
2749 4411 2849 4468 illa
2875 4411 3044 4468 hora.
3081 4413 3212 4466 Haec
3241 4414 3439 4466 autem

1713 4483 1758 4537 Β
1789 4506 1865 4564 ad
1893 4483 2283 4574 augmentum
2309 4501 2541 4558 addidit
2569 4499 3018 4558 miraculorum.
3052 4502 3251 4572 Neque
3278 4499 3439 4556 enim

1789 4593 1984 4650 solum
2001 4590 2353 4649 admiranda
2375 4593 2652 4662 operatus
2677 4594 2787 4654 est,
2812 4589 2915 4644 sed
2941 4587 3120 4644 etiam
3144 4587 3204 4644 in
3220 4586 3442 4644 brevis-

1788 4682 1942 4738 simo
1964 4679 2248 4753 temporis
2278 4683 2581 4736 momento
2599 4693 2772 4734 suam
2789 4677 3216 4734 demonstravit
3235 4681 3441 4750 poten-

1786 4769 1954 4828 tiam.
1989 4767 2243 4834 Quidam
2270 4772 2461 4824 autem
2491 4767 2696 4823 dicunt
2730 4766 2912 4824 alium
2945 4780 3076 4822 eese
3103 4765 3266 4822 hunc
3297 4780 3440 4821 cen-

1787 4858 2102 4922 turionem,
2144 4861 2200 4914 et
2230 4855 2413 4913 alium
2459 4870 2597 4912 eum
2639 4855 2713 4912 de
2751 4871 2873 4929 quo
2917 4855 3079 4928 apud
3111 4855 3324 4913 Lucam
3355 4857 3430 4912 ⁸³.

1323 5183 1548 5253 Variae
1580 5184 1906 5254 lectiones
1940 5195 2005 5253 et
2044 5194 2223 5255 notae

181 5317 275 5388 (69)
303 5328 387 5372 τοῦ
416 5327 618 5381 Λουκᾶ.
651 5328 717 5384 Α.
752 5327 1079 5399 Utrumque
1108 5326 1311 5384 locum
1338 5327 1563 5386 habere
1591 5331 1807 5402 potest.

181 5495 288 5591 $29.2
311 5499 746 5591 Ξφέἐωανξίεε-
763 5506 1212 5591 Exerceamu-

180 5559 290 5642 (λλ)
319 5559 717 5644 Βφνεοαηιίεξ
734 5559 1100 5648 1616‘s,—
1113 5559 1208 5642 1:6;
1236 5578 1676 5654 θαυματουργίας,

1789 5507 2040 5564 fortasse
2080 5507 2140 5564 in
2185 5522 2294 5563 suo
2333 5506 2536 5564 codice
2574 5522 2697 5563 non
2740 5505 3045 5562 invenerat
3083 5500 3437 5568 Hentenius,

1788 5578 1988 5636 Redde
2012 5579 2155 5650 ﬁdes
2193 5580 2336 5652 ejus,
2377 5579 2482 5651 qui
2521 5593 2590 5636 ea
2618 5576 3054 5652 (θαυματουργία)
3079 5581 3225 5646 eget.
