3990 6206
573 288 677 341 287

1881 283 2215 339 EUTHYMII
2256 282 2556 338 ZIGABEN
2563 283 2585 338 Ι
3771 288 3859 345 288

546 410 730 481 Hujus
761 408 1061 482 siquidem
1086 408 1244 464 ﬁlius
1274 412 1397 465 erat
1420 408 1800 481 paralyticus,
1830 410 1965 466 ilius
1994 414 2194 466 autem

2313 412 2429 481 γὰρ,
2485 415 2604 469 παῖς
2666 406 2726 467 ἧν
2799 406 3241 481 παραλελυμένος·
3295 406 3483 460 ἐκείνου
3533 406 3614 475 δε,
3681 407 3856 476 δοῦλος,

544 516 772 555 servus.
810 503 872 555 Et
900 500 995 555 hic
1035 500 1194 555 venit
1225 499 1303 555 ad
1332 501 1571 564 Jesum;
1606 500 1700 554 ille
1744 514 1885 557 vero
1932 501 2193 572 primum

544 589 790 661 quidem
822 589 983 644 misit
1014 589 1274 644 seniores
1317 590 1677 654 Iudaeorum,
1723 590 1938 645 deinde
1969 590 2195 645 amicos

545 680 1007 735 suos.Praeterea
1032 678 1139 733 iste
1164 694 1282 733 non
1307 678 1500 733 solum
1524 678 1584 733 in
1608 678 1857 734 domum
1877 694 2050 734 suam
2073 695 2195 734 non

541 768 773 824 vocavit
799 768 1118 833 Christum,
1143 768 1247 822 sed
1264 768 1534 823 etvenire
1551 766 1846 823 volentem
1870 767 2189 839 prohibuit.

542 858 640 913 Ille
672 862 872 913 autem
902 858 1163 929 primum
1208 856 1449 929 quidem
1496 872 1601 928 per
1634 857 1897 912 seniores
1942 857 2192 924 vocavit,

542 949 930 1019 postmodum
960 962 1101 1002 vero
1139 962 1245 1018 per
1283 947 1509 1002 amicos
1550 946 1876 1019 prohibuit.
1913 947 2059 1002 Cum
2091 962 2195 1002 au-

543 1042 663 1094 tem
692 1035 1044 1107 hujusmodi
1084 1036 1267 1091 insint
1291 1036 1684 1101 diversitates,
1728 1036 2021 1092 accedunt
2050 1052 2195 1108 quo-

543 1142 661 1197 que
674 1131 729 1181 et
747 1125 941 1181 multa;
962 1124 1395 1180 similitudines.
1413 1126 1607 1181 Ambo
1623 1126 1780 1181 enim
1796 1126 2194 1190 centuriones,

543 1220 601 1270 et
622 1218 993 1286 Capernaum
1017 1218 1478 1277 commorantes,
1502 1219 1557 1269 et
1578 1230 1685 1287 pro
1706 1215 2033 1286 paralytico
2054 1230 2196 1271 mae-

543 1308 738 1359 rentes
752 1304 971 1367 animo,
990 1303 1385 1374 eamdemque
1408 1302 1584 1357 ﬁdem
1600 1304 1720 1357 suis
1737 1303 1933 1358 verbis
1952 1303 2197 1358 demon-

547 1395 820 1456 strantes,
863 1395 917 1445 et
958 1391 1172 1461 aequali
1221 1390 1503 1445 beneﬁcio
1557 1390 1770 1446 affecti.
1816 1391 1959 1445 Dicit
1997 1394 2196 1447 autem

546 1480 1011 1551 Chrysostomus
1037 1479 1317 1534 eumdem
1346 1494 1469 1534 esse
1498 1483 1554 1534 et
1582 1480 1745 1549 apud
1771 1480 2115 1535 Mattheum
2141 1485 2199 1536 et

545 1568 708 1641 apud
752 1570 992 1623 Lucam.
1051 1567 1358 1639 Siquidem
1416 1568 1605 1623 Lucas
1657 1567 1972 1637 diligentias
2011 1584 2198 1625 causa

545 1659 749 1714 omnia
781 1655 1072 1712 minutula
1101 1661 1413 1711 exsecutus
1452 1662 1559 1719 est,
1596 1660 1801 1726 praeter
1830 1656 2197 1712 centurionis

2308 504 2406 550 Καὶ
2459 499 2607 559 οὗτος
2662 501 2751 569 μὲν
2795 494 2916 555 ἦλθε
2963 500 3085 570 πρὸς
3142 500 3226 547 τόν
3282 502 3508 570 Χριστόν
3540 513 3551 526 ·
3600 496 3774 561 ἐκεῖνος
3812 499 3861 554 δὲ

2303 586 2513 659 ἔπεμψε,
2592 595 2792 661 πρῶτον
2851 589 2939 657 μὲν
3004 584 3380 659 πρεσϐυτέρους
3444 595 3539 636 τῶν
3600 584 3859 657 Ἰουδαίων,

2305 674 2414 727 εἶτα
2454 675 2629 746 φίλους
2660 676 2837 727 αὐτοῦ.
2891 680 2990 727 Καὶ
3020 671 3163 734 οὖτος
3189 678 3277 746 μὲν
3326 676 3384 726 ού
3429 679 3578 747 μόνον
3627 676 3716 727 οὐκ
3758 676 3859 729 ἐκά-

2303 764 2416 817 λεσε
2463 768 2547 816 τὸν
2602 768 2828 839 Χριστὸν
2888 764 2959 824 εἰς
3010 768 3102 821 τὴν
3153 763 3337 815 ἑαυτοῦ
3384 764 3572 830 οἰκίαν,
3625 764 3745 816 ἀλλὰ
3787 772 3859 819 καί

2306 852 2612 925 βουλόμενον
2666 852 2821 905 ἐλθεῖν
2876 852 3126 905 ἐκώλυσεν
3155 870 3167 883 ·
3206 853 3389 913 ἐκεῖνος
3440 850 3498 905 δὲ
3553 862 3745 925 πρῶτον
3786 859 3858 927 μὲν

2304 941 2536 995 ἐκάλεσεν
2584 943 2737 995 αύτόν
2786 940 2879 994 διὰ
2925 951 3022 994 τῶν
3071 941 3443 1016 πρεσϐυτέρων,
3488 939 3597 995 εἶτα
3648 939 3734 995 διὰ
3778 954 3857 995 τῶν

2306 1030 2458 1103 φίλων
2491 1030 2760 1084 ἐκώλυσεν.
2796 1031 3040 1103 Ἔχοντες
3070 1028 3129 1083 δὲ
3157 1034 3402 1092 τοιαύτας
3442 1028 3709 1105 διαφορᾶς,
3749 1035 3857 1105 ὅμως

2304 1122 2495 1191 ἔχουσι
2544 1126 2630 1172 καὶ
2690 1119 2879 1182 πολλᾶς
2947 1122 3298 1191 ὁμοιότητας·
3360 1120 3729 1195 ἑκατόνταρχοι
3775 1125 3857 1197 γὰρ

2304 1210 2477 1281 ἄμφω,
2524 1214 2613 1262 καὶ
2661 1208 2707 1261 ἐν
2750 1213 3089 1283 Καπερναοὺμ
3139 1209 3410 1272 οἰκοῦντες,
3459 1215 3547 1261 καὶ
3593 1208 3675 1261 ἐπὶ
3714 1230 3857 1282 παρα-

2303 1297 2494 1369 λυτικῷ
2544 1297 2849 1369 θλιϐόμενοι,
2888 1302 2977 1349 καὶ
3028 1302 3122 1356 τὴν
3175 1297 3334 1356 αὐτὴν
3390 1301 3567 1349 πίστιν
3619 1303 3738 1369 μετὰ
3782 1306 3860 1350 τῶν

2306 1386 2468 1439 αύτών
2514 1387 2676 1458 λόγων
2724 1383 3151 1458 ἐπιδεικνύμενοι,
3207 1391 3296 1438 καὶ
3343 1394 3443 1438 τῶν
3486 1391 3611 1439 ἴσων
3662 1386 3861 1459 ἀξιούμε-

2302 1495 2397 1527 νοι.
2433 1480 2567 1533 Φησὶ
2600 1472 2658 1527 δε
2688 1477 2712 1527 6
2744 1476 3272 1549 Χρυσόστόμος(70),
3305 1477 3385 1527 ὅτι
3418 1477 3441 1527 6
3472 1475 3626 1537 αύτός
3646 1474 3766 1544 ἐστι,
3792 1480 3863 1527 καὶ

2304 1567 2447 1638 παρὰ
2488 1573 2560 1636 τῷ
2602 1566 2854 1635 Ματθαίῳ
2897 1569 2986 1616 καὶ
3032 1566 3176 1635 παρὰ
3212 1572 3282 1633 τῷ
3332 1569 3527 1634 Λουκᾷ.
3582 1569 3682 1617 Καὶ
3715 1567 3799 1637 γὰρ
3842 1566 3861 1615 ό

2305 1657 2394 1725 μὲν
2464 1660 2690 1719 Λουκᾶς,
2764 1651 3029 1727 ἀκριϐείας
3089 1654 3268 1718 ἕνεκεν,
3342 1654 3509 1704 πάντα
3577 1653 3861 1725 λεπτομερῶς

544 1746 925 1820 praesentiam
959 1762 974 1798 :
1006 1746 1310 1800 Matthasus
1341 1759 1480 1799 vero
1518 1744 1821 1800 brevitatis
1864 1745 2074 1813 gratia,
2111 1760 2196 1800 se-

2313 1740 2605 1812 Ξιπήγγειλε,
2652 1741 2784 1799 πλὴν
2833 1750 2925 1802 τῆς
2981 1748 3072 1793 τοῦ
3122 1740 3507 1815 ἑκατοντάρχου
3565 1747 3855 1814 παρουσίας·

544 1837 783 1891 niorum
828 1838 1006 1905 atque
1056 1834 1388 1888 amicorum
1434 1832 1754 1889 missiones
1801 1834 2194 1905 prastermisit,

545 1924 724 1995 quasi
759 1938 881 1978 non
922 1921 1329 1987 necessarias;
1370 1922 1557 1977 solam
1598 1927 1797 1978 autem
1839 1923 2198 1978 centurionis

546 2012 749 2076 ﬁdem,
797 2017 855 2066 et
892 2010 1135 2065 laudem
1175 2026 1359 2077 quam
1400 2014 1641 2082 propter
1683 2026 1816 2066 eam
1848 2012 2194 2082 promeruit,

546 2106 602 2156 et
632 2098 988 2155 miraculum
1026 2097 1086 2152 in
1129 2098 1457 2169 paralytico
1496 2100 1715 2155 factum
1756 2104 1956 2170 aperte
1986 2100 2199 2154 descri-

547 2190 686 2262 psit.

622 2275 863 2344 Oportet
890 2274 1090 2327 tamen
1119 2287 1218 2327 eas
1241 2287 1376 2343 qua:
1413 2271 1708 2340 videntur,
1740 2276 1803 2327 ut
1832 2272 2057 2328 dictum
2091 2276 2196 2338 est,

548 2361 781 2417 solvere
810 2361 1201 2417 diversitates.
1232 2363 1357 2421 παῖς
1386 2361 1516 2432 (pro
1547 2377 1668 2433 quo
1693 2361 1790 2416 hic
1815 2377 2069 2433 puerum
2098 2362 2201 2418 ha-

549 2451 780 2521 bemus)
845 2451 1055 2505 dicitur
1117 2466 1239 2506 non
1299 2450 1493 2506 solum
1557 2450 1736 2517 ﬁlius,
1805 2451 1910 2506 sed
1970 2456 2026 2507 et
2086 2467 2202 2507 ser-

550 2556 683 2596 vus.
757 2540 1022 2595 Habebat
1078 2539 1257 2604 enim,
1316 2539 1528 2610 inquit,
1603 2536 1801 2601 παῖδας
1864 2544 1951 2591 καὶ
2017 2538 2199 2593 παιδί-

552 2648 703 2697 σκας,
737 2630 851 2685 hoc
881 2633 990 2692 est,
1036 2643 1233 2685 servos
1282 2631 1343 2686 et
1390 2629 1640 2684 ancillas
1671 2631 1738 2682 ⁵³.
1786 2630 1956 2695 Quod
2000 2634 2199 2686 autem

550 2718 854 2775 Mattbaeus
905 2716 1049 2772 dixit
1096 2718 1417 2773 accessisse
1467 2720 1871 2773 centurionem
1921 2718 1999 2774 ad
2044 2718 2201 2774 Chri-

554 2812 736 2875 stum,
781 2808 967 2863 Lucas
1010 2822 1153 2863 vero
1201 2806 1435 2862 misisse
1478 2807 1555 2862 ad
1596 2807 1794 2878 ipsum
1837 2807 2099 2863 seniores
2146 2813 2203 2864 et

550 2896 936 2968 postmodum
991 2896 1240 2965 amicos,
1294 2899 1528 2967 oportet
1581 2895 1904 2965 intelligere
1956 2901 2011 2951 et
2064 2897 2198 2963 hoc,

553 2989 609 3041 et
653 2984 797 3040 illud
858 2985 1083 3041 factum
1148 2984 1348 3040 fuisse.
1419 2985 1682 3040 Primum
1746 2985 1991 3056 quidem
2044 2985 2202 3041 misit

2307 1833 2333 1881 6
2365 1827 2423 1883 δε
2466 1832 2753 1900 Ματθαῐος,
2808 1835 3080 1901 συντομίας
3131 1831 3312 1902 χάριν,
3342 1833 3436 1891 τὰς
3482 1833 3570 1901 μὲν
3610 1831 3718 1899 (71)
3762 1829 3859 1881 ἁπο-

2310 1918 2496 1979 στολάς
2546 1928 2645 1970 τῶν
2698 1918 3057 1993 πρεσϐυτέρων
3113 1923 3202 1971 καὶ
3256 1927 3354 1970 τῶν
3407 1918 3563 1990 φίλων
3600 1919 3860 1993 παρέλιπεν,

2308 2010 2372 2069 ὡς
2415 2008 2507 2060 οὐκ
2556 2006 2859 2079 ἀναγκαίας,
2907 2013 3065 2080 μόνην
3106 2004 3165 2060 δὲ
3203 2012 3296 2065 τὴν
3341 2012 3519 2059 πίστιν
3560 2015 3653 2059 τοῦ
3694 2008 3863 2060 ἑκατονο

2306 2100 2535 2169 τάρχου,
2575 2100 2779 2149 καὶτὸν
2832 2093 2923 2149 διὰ
2953 2098 3147 2155 ταύτην
3192 2098 3413 2163 ἔπαινον,
3469 2100 3556 2149 καὶ
3594 2099 3654 2148 τό
3696 2095 3769 2148 ἐπὶ
3806 2102 3863 2146 τῶ

2308 2186 2642 2260 παραλυτικῷ
2674 2188 2849 2258 θαῦμα
2889 2195 3065 2258 σαφῶς
3100 2184 3376 2257 ἀνέγραψε.

2380 2280 2492 2348 Χρὴ
2554 2272 2610 2327 δε
2660 2272 2911 2327 διαλύσαι
2966 2278 3180 2335 καὶτὰς
3222 2271 3503 2339 δοκούσας,
3557 2276 3629 2334 ὡς
3675 2278 3865 2346 εἴρηται,

2310 2362 2583 2438 διαφοράς.
2638 2361 2814 2417 Παίδα
2860 2364 3088 2436 λέγομεν,
3140 2363 3198 2416 ού
3242 2368 3395 2435 μόνον
3450 2367 3536 2415 τὸν
3588 2366 3714 2433 υἱόν,
3765 2362 3869 2413 ἀλλὰ

2308 2456 2511 2505 καὶτὸν
2544 2449 2747 2505 δούλον.
2800 2450 2928 2523 Εἶχε
2964 2456 3089 2527 γὰρ,
3136 2456 3283 2524 φησὶ,
3326 2450 3532 2514 Παῖδας
3577 2456 3667 2504 καὶ
3710 2447 3868 2503 παιδί-

2312 2562 2459 2607 σκας,
2517 2541 2648 2612 ἀντὶ,
2702 2541 2922 2603 Δούλους
2964 2546 3053 2593 καὶ
3104 2538 3311 2601 δούλας.
3348 2541 3488 2594 Ἐπεὶ
3533 2539 3593 2594 δε
3636 2542 3870 2598 Ματθαῖος

2308 2634 2396 2703 μὲν
2445 2631 2601 2701 λέγει,
2647 2632 3028 2704 παραγενέσθαι
3074 2633 3160 2682 τὸν
3216 2631 3596 2703 ἑκατόνταρχον
3641 2632 3759 2703 πρὸς
3796 2632 3867 2679 τόν

2312 2725 2570 2794 Χριστόν⁸
2621 2719 2825 2789 πέμψαι
2882 2716 2941 2771 δε
2986 2723 3113 2790 πρὸς
3152 2720 3305 2771 ἁύτόν
3350 2721 3374 2771 6
3415 2725 3620 2779 Λουκᾶς
3673 2714 3867 2791 πρεσϐυ-

2307 2813 2501 2879 τέρους,
2549 2805 2657 2860 εἶτα
2700 2808 2875 2879 φίλους
2907 2825 2919 2838 ⁸
2952 2813 3062 2880 χρὴ
3137 2815 3286 2871 νοεῖν,
3343 2810 3423 2860 ὅτι
3464 2812 3555 2858 καὶ
3610 2814 3753 2858 τοῦτο
3794 2802 3868 2854 κά-

2308 2893 2441 2948 κεῖνο
2505 2901 2701 2969 γέγονε.
2779 2904 2986 2970 Πρῶτον
3039 2899 3128 2969 μὲν
3196 2899 3297 2969 γὰρ
3362 2895 3557 2967 ἔπεμψε
3605 2899 3722 2954 τοὺς
3770 2910 3868 2963 πρε’

2313 2983 2605 3059 σϐυτέρους,
2654 2984 2965 3057 παρακαλῶν
3012 2984 3165 3037 αὐτὸν
3210 2984 3366 3037 ἐλθεῖν
3398 3000 3412 3014 ·
3442 2982 3555 3036 εἶτα
3584 2984 3771 3054 μαθὼν,
3802 2981 3868 3030 ὅτι

554 3074 820 3131 seniores
870 3074 1258 3145 deprecantes
1308 3074 1509 3144 ipsum
1559 3077 1621 3128 ut
1670 3076 1914 3129 veniret.
1982 3074 2201 3129 Deinde

2313 3076 2542 3145 ἔρχεται,
2601 3079 2690 3125 καὶ
2742 3073 2919 3126 ἑαυτὸν
2988 3078 3169 3146 κρίνας
3222 3071 3427 3135 ἀνάξιον
3482 3079 3580 3133 τῆς
3628 3066 3869 3139 ὑποδοχῆς

554 3164 744 3218 sciens
773 3178 910 3218 eum
942 3164 1158 3228 venire,
1190 3166 1246 3218 et
1272 3178 1398 3217 sese
1427 3161 1741 3231 indignum
1767 3162 2044 3233 judicans
2074 3163 2202 3234 ejus

553 3252 949 3323 susceptione,
997 3267 1233 3307 rursum
1281 3250 1509 3307 amicos
1549 3252 1729 3317 misit,
1766 3252 2093 3323 prohibens
2129 3267 2204 3308 ne

554 3341 792 3406 veniret,
813 3357 882 3396 ac
903 3340 1248 3411 signiﬁcans
1267 3356 1403 3411 qua:
1430 3340 1575 3396 dixit
1595 3344 1800 3398 Lucas.
1819 3341 2204 3397 Postmodum

553 3446 692 3485 cum
719 3430 1081 3501 paralyticus
1105 3429 1517 3485 vehementius
1543 3428 1963 3485 dissolveretur
1988 3430 2075 3501 (i1)
2102 3431 2203 3486 do-

554 3518 778 3575 loribus
819 3518 1057 3589 (etenim
1096 3518 1244 3573 sicut
1286 3518 1469 3573 Lucas
1513 3517 1681 3581 dixit,
1730 3522 1854 3573 erat
1885 3519 2011 3588 jam
2052 3519 2204 3589 jam-

556 3623 673 3679 que
719 3608 1079 3671 moriturus),
1124 3621 1246 3661 non
1287 3605 1481 3661 ferens
1520 3606 1806 3671 centurio,
1849 3608 2105 3662 cucurrit
2152 3611 2209 3663 et

557 3696 683 3766 ipse
709 3699 843 3766 post
869 3696 1111 3761 amicos,
1145 3709 1394 3765 sperans
1424 3709 1530 3766 per
1555 3695 1812 3765 seipsum
1842 3694 2118 3750 obnixius
2147 3710 2207 3750 se

558 3784 1036 3856 deprecaturum.
1079 3787 1399 3855 Postquam
1438 3786 1637 3839 autem
1679 3783 1855 3838 amici
1895 3784 2210 3839 nuntiave-

558 3876 695 3928 rant
733 3887 867 3943 qute
909 3872 991 3927 eis
1028 3875 1410 3944 praeceperat,
1448 3871 1594 3926 dum
1632 3871 2016 3942 responderet
2052 3870 2211 3926 Chri-

561 3965 689 4015 stus
720 3976 855 4032 quaa
888 3960 1121 4032 scripsit
1156 3962 1363 4027 Lucas,
1414 3960 1609 4015 statim
1641 3960 1981 4030 supervenit
2008 3964 2208 4015 centu-

560 4048 669 4114 rio,
703 4054 757 4103 et
782 4048 1138 4120 priusquam
1165 4048 1371 4105 amicis
1413 4048 1780 4113 occurrisset,
1811 4048 1936 4103 viso
1963 4046 2209 4113 Christo,

560 4137 787 4193 fervore
827 4153 1113 4193 accensus
1152 4142 1257 4201 est,
1305 4141 1360 4192 et
1399 4152 1602 4191 rursus
1644 4136 1817 4207 quasi
1857 4136 1934 4192 ab
1970 4136 2213 4193 exordio

560 4226 919 4283 obsecrabat
956 4242 1112 4293 eum,
1157 4226 1359 4281 dicens
1402 4241 1413 4279 :
1456 4226 1721 4290 Domine,
1755 4241 1906 4294 puer
1934 4241 2092 4282 meus
2116 4228 2212 4295 ja-

561 4323 647 4374 cet
703 4316 765 4373 in
824 4317 994 4373 domo
1049 4314 1446 4385 paralyticus,
1506 4319 1616 4370 etc.
1681 4315 1902 4371 Deinde
1955 4315 2215 4371 Christus

2312 3162 2493 3227 αὐτοῦ,
2566 3161 2895 3215 ἐπαπέστειλε
2979 3162 3097 3223 τούς
3182 3162 3379 3233 φίλους,
3452 3160 3660 3211 κωλύων
3739 3157 3870 3208 αὐτόν

2310 3256 2400 3303 καὶ
2437 3254 2662 3323 μηνύων,
2697 3252 2797 3303 ὅσα
2838 3255 2991 3323 φησὶν
3022 3252 3047 3303 6
3078 3255 3285 3311 Λουκᾶς
3310 3266 3323 3280 ’
3381 3252 3557 3301 ἔπειτα
3611 3255 3699 3300 τοῦ
3737 3264 3875 3318 παρα-

2312 3339 2522 3392 λυτικοῦ
2562 3336 2906 3413 σφοδρότερον
2950 3341 3320 3399 καταταθέντος
3361 3345 3477 3397 ταῖς
3524 3334 3760 3397 ὀδύναις·
3803 3336 3875 3383 καὶ

2312 3431 2433 3501 γὰρ,
2486 3430 2553 3491 ὡς
2602 3431 2625 3479 6
2676 3434 2881 3490 Λουκᾶς
2936 3429 3047 3499 (72)
3099 3425 3252 3497 εἶπεν,
3303 3426 3472 3499 ἔμελλε
3524 3426 3786 3495 τελευτᾷν
3824 3424 3877 3493 μὴ

2316 3522 2475 3589 φέρων
2520 3519 2544 3568 ό
2590 3517 2990 3590 ἑκατόνταρχος,
3037 3513 3229 3588 ἔδραμε
3270 3519 3360 3566 καὶ
3401 3514 3557 3576 αὐτὸς
3608 3514 3766 3565 ὀπίσω
3802 3516 3880 3560 τῶν

2318 3606 2490 3677 φΰιων,
2552 3605 2768 3667 ἐλπίζων
2825 3602 2899 3657 δι’
2954 3605 3136 3657 ἑαυτοῦ
3200 3603 3389 3676 μᾶλλον
3453 3606 3747 3655 ἱκετεῦσαι·
3796 3598 3881 3649 ἐπεὶ

2317 3692 2377 3747 δε
2425 3696 2474 3747 οἰ
2529 3714 2581 3747 τε
2644 3694 2780 3766 φᾶοι
2829 3693 3168 3764 ἀπήγγειλαν,
3226 3695 3326 3744 ὅσα
3381 3684 3883 3763 παρηγγέλθησαν,ὃ

2315 3803 2367 3836 τε
2410 3787 2635 3858 Χριστός
2689 3780 2842 3850 εἶπεν,
2898 3784 2997 3834 ὅσα
3044 3782 3069 3833 6
3109 3788 3315 3843 Λουκᾶς
3374 3781 3637 3853 ἔγραψεν·
3688 3777 3888 3829 ἐπικατέ-

2318 3872 2465 3925 λνιϐεν
2518 3872 2662 3933 εὐθὺς
2709 3873 2733 3922 6
2792 3871 3190 3943 ἑκατόνταρχος,
3246 3874 3335 3923 καὶ
3381 3873 3481 3941 πρὸ
3536 3876 3628 3920 τοῦ
3686 3866 3886 3934 ἐντυχεῖν

2319 3970 2422 4021 τοῖς
2486 3961 2665 4033 φίλοις,
2716 3958 2839 4011 ἰδὼν
2913 3962 3000 4011 τὸν
3061 3962 3290 4033 Χριστὸν
3349 3961 3437 4009 καὶ
3505 3954 3887 4028 διαθερμανθεὶς,

2323 4052 2575 4101 ἱκέτευσεν
2638 4049 2790 4100 αὑτὸν
2858 4046 2910 4110 ἐξ
2987 4047 3181 4121 ἀρχῆς,
3245 4046 3417 4112 εἰπὼν,
3479 4049 3660 4120 Κύριε,
3717 4044 3740 4093 ό
3790 4045 3891 4097 παῖς

2322 4158 2419 4211 μου
2485 4136 2733 4211 βέϐληται
2796 4135 2845 4187 ἐν
2910 4144 2973 4207 τῇ
3049 4136 3187 4205 οἰκία
3254 4133 3623 4209 παραλυτικὸς,
3698 4134 3779 4182 καὶ
3842 4129 3894 4177 τὰ

2324 4228 2438 4289 ἑξῆς
2472 4244 2483 4257 ’
2537 4225 2647 4278 εἶτα
2705 4228 2729 4277 6
2786 4228 3033 4300 Χριστὸς,
3096 4223 3247 4276 θέλων
3301 4222 3562 4275 ἑπιπλεῐον
3632 4225 3895 4293 φανερῶσαι

2322 4321 2415 4374 τὴν
2473 4321 2651 4367 πίστιν
2708 4315 2886 4367 αὑτοῦ.
2958 4312 3262 4387 ἀπεκρίνατο
3293 4328 3304 4341 ·
3353 4313 3482 4382 Ἐγὼ
3536 4310 3691 4363 ἐλθὼν
3760 4310 3892 4376 θερασ

560 4407 767 4463 volens
814 4406 1075 4479 amplius
1124 4403 1493 4461 manifestari
1536 4404 1713 4460 ﬁdem
1765 4406 1914 4475 ejus,
1968 4421 2202 4477 respon-

2323 4408 2499 4457 πεύσω
2543 4404 2696 4456 αὐτόν
2725 4423 2737 4435 ·
2782 4406 2957 4454 ἔπειτα
2997 4401 3149 4453 πάλιν
3194 4402 3219 4453 6
3262 4400 3690 4473 ἑκατόνταρχοςο
3743 4398 3896 4468 Κύριε,

562 4496 648 4552 dit
682 4518 694 4553 :
734 4498 861 4567 Ego
902 4497 1128 4553 veniam
1169 4502 1221 4552 et
1257 4494 1477 4551 curabo
1521 4510 1671 4549 eum.
1715 4497 1969 4550 Rursum
2014 4495 2216 4550 subin-

565 4585 694 4641 tulit
738 4586 1002 4641 centurio
1037 4602 1047 4638 :
1095 4584 1359 4653 Domine,
1402 4598 1522 4639 non
1561 4598 1688 4639 sum
1728 4584 1963 4653 dignus,
2008 4591 2070 4639 ut
2109 4584 2216 4639 sub

566 4678 781 4728 tectum
810 4690 1000 4729 meum
1029 4673 1235 4739 intres,
1268 4677 1324 4729 et
1353 4671 1469 4728 alia
1494 4688 1628 4743 qua:
1657 4676 2005 4743 sequuntur,
2041 4672 2215 4728 veluti

564 4761 865 4817 Matthaeus
895 4762 1264 4833 conscripsit.
1312 4761 1687 4819 Manifestum
1730 4766 1818 4817 est
1857 4776 2020 4832 ergo,
2052 4761 2215 4833 quod

637 4939 682 4971 ⁵³
716 4938 855 4992 Gen.
890 4954 1027 5003 xxx,
1058 4938 1147 4992 43.

2325 4494 2417 4546 οὐκ
2482 4493 2586 4565 εἰμὶ
2646 4495 2833 4555 ἱκανὸς,
2893 4493 2973 4542 ἱνα
3024 4510 3123 4561 μου
3172 4491 3271 4541 ὑπὸ
3331 4493 3424 4546 τὴν
3500 4492 3692 4558 στέγην
3766 4481 3897 4535 εἰσέλ-

2328 4586 2441 4655 θῃς,
2487 4588 2574 4634 καὶ
2619 4584 2683 4633 τὰ
2728 4581 2901 4644 λοιπὰ,
2948 4582 3117 4639 καθὼς
3158 4580 3182 4629 6
3227 4579 3489 4637 Ματθαῐος
3536 4572 3895 4647 arar/96240179-

2327 4672 2483 4730 Δῆλον
2535 4668 2639 4724 οὖν.
2690 4672 2769 4722 ὅτι
2821 4673 2885 4720 τᾶ
2936 4672 3025 4740 μὲν
3075 4669 3209 4739 ἄχρι
3265 4673 3355 4717 τοῦ
3402 4664 3566 4717 ἐλθεῖν
3607 4668 3694 4716 τὸν
3748 4662 3897 4714 ἑκατόν

2327 4780 2548 4835 ταρχον,
2590 4757 2723 4811 εἶπεν
2763 4760 2786 4810 ό
2838 4763 3044 4818 Λουκᾶς
3072 4774 3084 4786 ’
3132 4758 3199 4807 τὰ
3242 4751 3301 4807 δε
3345 4754 3570 4807 ἐντεῦθεν
3620 4748 3842 4813 ἐδίδαξεν
3880 4747 3899 4795 ὁ

1547 5034 1761 5101 Variae
1800 5034 2126 5101 lectiones
2170 5044 2235 5101 et
2274 5044 2475 5102 notae.

635 5233 747 5304 (70)
777 5232 944 5287 Tom.
982 5233 1088 5296 VII,
1124 5246 1182 5302 p.
1215 5232 1336 5286 3‘15.
1367 5230 1509 5285 Vide
1541 5231 1820 5286 eumdem
1856 5236 1893 5286 t.
1929 5233 2040 5295 Vll,
2074 5248 2215 5304 pag.

568 5305 752 5446 ἓοῗῆι)
781 5379 880 5432 τήτ
911 5377 1005 5446 μέν
1034 5372 1325 5430 ἀποστολήν
1354 5374 1415 5427 Β.

2396 5232 2510 5301 (72)
2560 5235 2765 5291 Λουκᾶς
2822 5224 2899 5300 δέ,
2960 5226 3165 5293 addit;
3217 5241 3357 5281 mox
3412 5220 3472 5276 δέ
3532 5229 3591 5280 et
3641 5226 3666 5276 6
3724 5223 3899 5275 Λουκᾶς

2321 5304 2538 5361 omittit
2563 5305 2628 5358 A.

637 5526 724 5599 (ii)
753 5525 1203 5600 Dissolveretar.
1236 5524 1622 5580 Cruciaretur.
1660 5526 1979 5600 Aliquoties
2010 5528 2068 5584 in
2098 5527 2213 5585 hoc
2251 5525 2546 5585 vocabulo
2586 5522 2834 5581 offendit
2861 5520 3168 5594 interpres.
3204 5516 3307 5574 Vix
3337 5531 3479 5589 ergo
3515 5521 3725 5591 putem
3755 5512 3894 5570 illum

566 5595 862 5657 invenisse
901 5595 1289 5660 καταλυθέντος.
