3990 6206
189 237 255 290 2e
1043 221 1396 285 COMMENT.
1439 226 1507 283 IN
1547 220 1679 282 ΜΑΊ

1798 213 1985 281 ᾹΞΠΜ.
2025 255 2093 264 -
2125 221 2281 281 CAP.
2315 213 2462 279 Vlll.

3321 215 3424 284 2'90

187 362 383 422 Μετθαῖος,
430 361 507 409 καὶ
551 355 602 408 ἐν
651 354 860 416 ἐκείνοις
909 357 1030 428 γὰρ,
1099 360 1188 406 καὶ
1219 353 1266 406 ἐν
1301 355 1502 414 τούτοις
1554 354 1584 411 ἧ
1615 371 1668 404 τε

1796 365 1848 405 ιθ.
1875 364 2011 422 quae
2063 347 2437 418 contigerunt
2466 348 2817 421 priusquam
2862 349 3088 406 veniret
3133 352 3424 418 centurio,

186 456 303 509 πίστις
349 454 424 499 τοῦ
459 446 836 520 ἑκατοντάρχου
889 441 1171 508 δείκνυται,
1226 448 1314 494 καὶ
1363 445 1391 500 η
1429 445 1666 513 θαυματ-

175 544 306 611 ουργία
344 544 418 589 τοῦ
462 536 646 594 Ἰησοῦ.
694 535 833 587 Ἐπεὶ
893 531 1010 586 δὲό
1061 539 1269 594 Λουκᾶς
1323 535 1542 606 εἰρηκεν,
1588 532 1667 582 ὅτι

170 625 488 701 ὑποστρέψαντες
553 627 600 676 οἱ
651 626 979 696 πεμφθέντες,
1031 623 1174 697 εὖρον
1225 625 1310 674 τὸν
1355 619 1667 672 ἀσθενοῦντα

168 713 299 768 δοῦλον
339 717 626 784 ὑγιαίνοντα·
682 717 791 787 χρὴ
841 712 1177 784 λογίσασθαι,
1229 711 1307 762 ὅτι
1355 711 1380 760 6
1427 712 1514 781 μὲν
1555 708 1668 760 ἐκαι-

167 812 384 878 τόνταρχος
424 800 519 861 ἤδη
579 802 926 877 πληροφορίαν
969 805 1086 875 περὶ
1136 808 1232 860 τῆς
1287 800 1459 870 ὑγείας
1505 797 1664 848 αὑτοῦ

163 893 294 958 λαϐὼν,
321 892 658 964 αολαιὸτερον
703 887 961 951 ἐϐάδιζεν
1007 892 1188 941 ἐκεῖνοι
1223 885 1281 940 δὲ
1313 884 1664 940 δυσπιστοῦν-

165 1002 216 1041 τις
235 979 524 1055 πψδραμον,
555 980 862 1053 γλιχόμενοι
897 980 1092 1052 μαθεῖν,
1138 977 1182 1029 εἰ
1217 977 1411 1048 ὑγίανε.

345 1236 470 1286 xm.
501 1231 588 1287 H’.
629 1233 756 1303 Περὶ
785 1237 880 1291 τῆς
913 1230 1159 1301 πενθερᾶς
1197 1231 1412 1297 Πέτρου.

211 1324 282 1371 Καὶ
304 1317 435 1370 ἐλθὼν
487 1350 556 1359 -
607 1318 767 1371 αὑτῶ.
807 1317 864 1371 Ὀ
918 1313 976 1370 δὲ
1026 1320 1238 1392 Μάρκος
1284 1321 1373 1369 καὶ
1403 1317 1428 1368 6
1458 1320 1664 1377 Λουκᾶς

163 1405 270 1471 εἶτον,
315 1411 390 1459 καὶ
431 1409 578 1460 πόθεν
633 1408 784 1466 ἧλθπ
838 1407 960 1472 ἐκεῖ,
1014 1409 1093 1458 ὅτι
1140 1405 1240 1458 ἀπὸ
1289 1414 1383 1467 τῆς
1437 1425 1667 1476 συναγω-

159 1505 220 1566 γῆς
239 1506 315 1548 τῶν
351 1493 634 1562 Ἰουδαίων,
668 1496 718 1549 ἕν
780 1497 812 1555 ἧ
857 1492 1128 1561 ἐδίδασκε,
1188 1494 1454 1548 Σαϐϐάτου
1495 1498 1657 1554 ὄντος.

161 1587 384 1657 agmen;
438 1583 492 1638 δὲ
552 1588 578 1638 6
647 1587 878 1660 Μάρκος,
947 1586 1026 1636 ὅτι
1091 1587 1220 1657 μετά
1279 1583 1526 1638 Ἰακώϐου
1579 1587 1668 1635 καὶ

160 1675 327 1727 imi-m6
371 1672 533 1734 ἦλθεν.
610 1675 764 1737 Εἰκὸς
817 1678 938 1750 γὰρ,
1015 1677 1100 1726 τὸν
1151 1677 1361 1748 Πέτρον,

157 1770 274 1829 τοῦτο,
329 1761 658 1838 προδραμεῖν.
732 1768 834 1817 Καὶ
879 1765 1090 1836 Μάρκος
1158 1764 1246 1836 μὶν
1311 1767 1401 1815 καὶ
1465 1768 1673 1824 Λουκᾶς

163 1871 274 1922 φασιν,
322 1856 393 1905 ὅτι
445 1854 798 1928 παρεκάλεσαν
851 1855 1006 1904 αὑτὸν
1058 1854 1108 1904 οἱ
1159 1853 1391 1923 μαθηταὶ
1432 1856 1550 1925 περὶ
1577 1859 1671 1913 τῆς

157 1943 460 2013 κατακειμένης
515 1944 540 1994 6
601 1944 872 2003 Ματθαῖος
944 1937 1002 1994 δὲ
1053 1945 1142 1993 καὶ
1203 1948 1354 1993 τοῦτο
1407 1939 1667 2012 ἐσίγησεν.

157 2028 229 2082 0}:
249 2034 340 2082 ἔστι
383 2028 438 2083 δε
477 2038 634 2084 τοῦτο
697 2027 1002 2103 διαφωνίας*
1054 2028 1182 2082 ἀλλὰ
1219 2032 1276 2082 τὸ
1331 2032 1420 2101 μεν
1451 2031 1670 2098 ἐκείνων,

154 2114 368 2189 ἀκριϐείας
405 2123 460 2172 τὸ
501 2117 560 2173 δὲ
590 2123 800 2187 τούτου,
862 2124 1155 2191 συντομίας.
1197 2118 1420 2176 Εἰσῆλθε
1474 2115 1530 2170 δὲ
1557 2137 1674 2190 τρο-

156 2214 219 2273 ᾳὲς
279 2207 697 2281 μεταληψόμενος,
759 2205 866 2267 ἤδη
954 2215 1046 2260 τοῦ
1112 2215 1296 2282 καιροῦ
1374 2206 1670 2279 καλοῦντος.

152 2294 383 2368 Ἐγερθεῐσα
407 2301 506 2371 γὰρ
533 2299 563 2356 ἡ
598 2301 808 2370 κειμένη
842 2294 1074 2354 διηκόνει
1095 2296 1232 2349 αὑτῶ

198 2566 246 2614 Σὺ
277 2560 329 2616 δέ
370 2585 456 2636 μοι
514 2567 791 2638 θαύμασον
850 2569 942 2624 τὴν
997 2563 1388 2638 συγκατάϐασιν
1442 2570 1534 2616 τοῦ
1592 2568 1676 2616 Δε-

146 2657 310 2718 σποτου,
361 2663 464 2716 πῶς
532 2655 634 2707 οὐκ
686 2653 980 2716 ἀπηξίωσεν
1047 2653 1288 2706 εἰσελθεῖν
1358 2653 1429 2714 εἰς
1485 2651 1679 2724 φαύλην

143 2739 267 2791 οἰκίαν
301 2743 484 2808 ἁλιέως,
541 2745 659 2816 οἶμοι
684 2746 775 2816 μὲν
829 2751 988 2816 τιμῶν
1037 2747 1124 2795 τόν
1175 2745 1436 2814 μαθητὴν,
1461 2742 1572 2814 οἶμα
1622 2737 1680 2794 δὲ

143 2823 356 2882 διδάσκων
406 2834 563 2903 ἡμᾶς,
627 2837 699 2905 μὴ
771 2829 1075 2894 κενοδοξεῖν·
1143 2827 1535 2903 ’Δψάμενοςλδὲ
1586 2838 1679 2892 τῆς

140 2922 270 2990 χειρὸς
309 2921 475 2988 αὐτῆς,
529 2923 589 2973 ού
647 2926 799 2994 μόνον
855 2925 940 2974 τὸν
992 2924 1209 2996 πυρετὸν
1261 2919 1490 2984 ἔσϐεσεν,
1554 2917 1681 2971 ἀλλά

141 3013 202 3056 ui
257 3012 469 3085 καθαρὰν
541 3012 696 3073 εὐθὺς
763 3009 1025 3063 ἀπέδωκεν
1101 3010 1227 3068 αὐτῆ
1313 3014 1406 3068 τὴν
1481 3010 1677 3080 ὑγείαν.

140 3094 310 3168 Ἠγέρθη
341 3103 459 3173 γὰρ,
491 3106 584 3152 καὶ
643 3101 832 3152 αὐτίκα
877 3097 1127 3158 διηκόνει.
1185 3103 1368 3151 Καίτοι
1422 3099 1553 3169 μετά
1588 3100 1681 3154 τὴν

141 3179 385 3257 ἀπαλλαγὴν
461 3197 554 3240 τοῦ
614 3196 862 3261 πυρετοῦ,
925 3188 1112 3241 πολλοῦ
1175 3183 1259 3239 δεῖ
1327 3190 1522 3261 χρόνου
1579 3193 1682 3245 τοῖς

138 3274 388 3344 κάμνουσιν,
457 3281 595 3339 ᾧστε
656 3283 750 3336 τὴν
809 3282 1060 3351 προτέραν
1113 3278 1288 3348 ὑγείαν
1337 3275 1451 3347 (75)
1503 3273 1682 3326 ἑπανα·

139 3360 284 3416 λαξείν.
324 3371 417 3418 Καὶ
477 3365 560 3419 ἐπὶ
645 3376 740 3428 τῆς
811 3366 1077 3428 θαλάσσης
1145 3362 1222 3432 δὲ,
1281 3365 1338 3417 οὑ
1385 3369 1535 3438 μόνον
1589 3369 1681 3422 τὴν

142 3451 262 3510 ἔειλεν
307 3457 536 3520 ἔστησεν,
599 3455 734 3508 οε).λά
783 3459 870 3508 καὶ
924 3459 1009 3507 τὸν
1087 3454 1238 3507 σάλον
1292 3463 1388 3506 τῶν
1445 3452 1686 3527 κυμίιτων

141 3539 308 3598 ἔπαισε.
355 3551 534 3599 Καίτοι
598 3548 737 3618 μετά
791 3549 883 3602 τήν
919 3544 1075 3608 ζάλην
1126 3549 1261 3616 μένει
1303 3547 1465 3618 μέχρι
1498 3542 1686 3596 πολλοῦ

137 3630 184 3679 τὰ
220 3628 371 3685 ὕδατα
419 3635 764 3708 σαλευόμενα.
833 3633 982 3686 Οὑτω
1034 3636 1132 3707 γὰρ
1190 3629 1327 3685 οἶδεν
1385 3633 1409 3683 6
1459 3633 1687 3705 Χριστὸς

137 3717 236 3786 ἐμοῦ
279 3729 356 3776 καὶ
400 3728 454 3776 τὸ
504 3724 758 3797 ἐνοχλοῦν
810 3719 974 3776 δεινὸν
1020 3722 1175 3791 λύειν,
1225 3726 1314 3773 καὶ
1363 3725 1457 3778 τὴν
1508 3724 1688 3794 προτέ-

135 3824 205 3876 ραν
228 3806 518 3865 ἀποδιδόναι
551 3815 910 3866 κατάστασιν.

275 3925 410 3977 Κεφ.
439 3922 523 3975 8’.
571 3924 707 3995 Περὶ
743 3927 839 3972 τῶν
868 3919 1103 3971 ἰαθέντων
1139 3916 1240 3969 ἀπὸ
1269 3917 1513 3970 ποικίλων

794 4027 978 4062 νοσων.

187 4113 346 4183 Ὀᾷίας
374 4148 439 4158 -—
470 4118 627 4190 λόγω,
688 4115 876 4186 Ὀψίαν
903 4115 1038 4186 (74),
1084 4117 1140 4166 τὸ
1172 4113 1308 4174 τέλος
1347 4121 1444 4174 τῆς
1495 4113 1692 4186 ἡμέρας

137 4198 345 4273 ἐνόμισε.
393 4212 480 4261 Διὸ
525 4212 622 4260 καὶ
659 4209 688 4258 6
721 4207 927 4279 Μάρκος
977 4208 1064 4256 καὶ
1106 4205 1132 4255 6
1161 4209 1366 4263 Λουκᾶς
1395 4204 1690 4276 προστεθεί-

135 4308 271 4357 κασι-δ,
322 4298 394 4347 ὅτι
434 4296 559 4349 Ὀτε
594 4292 693 4348 ἔδυ
742 4295 768 4346 6
821 4293 982 4358 ἣλιος,
1034 4297 1376 4367 φανερώτερον
1425 4287 1692 4348 δηλώσαν-

1778 438 2076 510 scripserit
2122 440 2328 502 Lucas,
2382 442 2437 492 et
2487 437 2626 494 inde
2679 438 3005 507 Matthaeus,
3065 454 3200 511 quae
3228 445 3430 497 secuta

1778 533 1914 583 sunt
1942 528 2226 583 docuerit.
2257 527 2408 582 Nam
2435 530 2492 581 et
2519 527 2580 581 in
2611 527 2724 591 his,
2746 528 2885 583 etin
2913 527 3026 583 illis
3052 528 3200 584 ﬁdes
3230 545 3430 584 mons-

1778 620 1964 673 tratur
2017 615 2382 672 centurionis
2437 631 2506 670 ac
2567 615 2838 671 miraculi
2887 617 3155 688 operatio
3205 634 3241 674 a
3290 620 3430 674 Jesu

1776 707 1954 762 facta.
2004 704 2174 770 Quod
2203 709 2404 760 autem
2450 703 2641 759 Lucas
2667 704 2833 769 dixit,
2866 704 3031 776 quod
3065 707 3286 762 reversi
3327 707 3430 779 qui

1774 793 1946 848 missi
1972 793 2223 857 fuerant,
2248 792 2602 848 invenerunt
2639 797 3025 863 aegrotantem
3059 810 3294 850 servum
3334 811 3432 851 sa-

1774 881 1942 937 nitati
1985 881 2342 948 restitutum,
2391 881 2761 951 perpendere
2796 886 3044 952 oportet,
3091 885 3258 954 quod
3298 900 3433 940 cen-

1775 971 1922 1026 turio
1940 974 2133 1026 certus
2142 969 2271 1039 jam
2299 969 2374 1024 de
2392 968 2584 1024 salute
2609 969 2787 1037 illius,
2815 970 3039 1026 tardior
3064 987 3134 1026 ac
3172 974 3433 1028 securior

1771 1059 2210 1124 revertebatur;
2244 1058 2324 1114 illi
2353 1062 2543 1114 autem
2574 1057 2890 1114 difﬁculter
2930 1059 3256 1127 credentes,
3285 1077 3432 1134 prae-

1773 1151 2162 1204 cucurrerunt
2199 1146 2348 1201 scire
2387 1145 2691 1218 cupientes
2721 1161 2800 1201 an
2817 1161 2998 1202 sanus
3020 1153 3190 1204 esset.

2159 1235 2307 1291 CAP.
2340 1235 2477 1290 VIII.
2501 1236 2587 1290 De
2614 1249 2788 1290 socru
2809 1237 2999 1292 Petri.

1846 1327 2010 1381 Vers.
2050 1323 2259 1394 14,15.
2311 1324 2566 1394 Cumque
2610 1324 2858 1380 venisset
2912 1356 2980 1364 —
3011 1327 3083 1382 ei.
3131 1329 3358 1383 Marcus
3383 1329 3430 1363 ⁵³

1775 1417 1976 1471 autem
2003 1417 2060 1468 et
2085 1413 2274 1469 Lucas
2299 1414 2345 1448 ⁸³
2373 1411 2654 1467 dixerunt
2673 1413 2852 1468 etiam
2885 1413 3043 1468 unde
3089 1413 3228 1471 illuc
3259 1431 3430 1471 vene-

1774 1507 1883 1573 rat,
1914 1501 2180 1557 videlicet
2213 1517 2250 1556 a
2272 1515 2582 1571 synagoga
2627 1500 2987 1563 Judaeorum,
3029 1502 3090 1557 in
3133 1518 3255 1574 qua
3284 1504 3432 1560 Sab-

1781 1592 1920 1648 bato
1949 1589 2252 1645 docuerat.
2282 1587 2523 1643 Addidit
2551 1603 2793 1660 quoque
2817 1589 3074 1654 Marcus,
3101 1590 3266 1661 quod
3295 1607 3432 1648 cum

1443 1675 1672 1746 μαθόντα
1699 1699 1743 1754 B
1778 1677 2000 1735 Iacobo
2030 1681 2087 1733 et
2114 1677 2341 1733 Joanne
2389 1677 2633 1732 venerit.
2664 1677 2995 1733 Verisimile
3025 1682 3114 1733 est
3139 1679 3298 1734 enim
3329 1679 3431 1735 Pe-

1779 1771 1958 1832 trum,
1983 1782 2118 1822 cum
2145 1766 2260 1821 hoc
2295 1763 2623 1830 didicisset,
2646 1765 3117 1836 praecucurrisse.
3150 1769 3434 1824 Praeterea

1780 1859 2007 1913 Marcus
2039 1860 2093 1912 et
2119 1857 2303 1910 Lucas
2329 1853 2558 1923 dicunt,
2583 1853 2750 1926 quod
2771 1854 3048 1926 discipuli
3067 1860 3433 1926 rogaverunt

1779 1945 1948 2001 illum
1974 1960 2083 2017 pro
2115 1959 2185 1999 ea
2205 1959 2341 2015 quae
2388 1942 2449 1997 in
2498 1943 2648 1998 lecto
2675 1943 3094 2000 decumbebat.
3120 1945 3435 2002 Matthaeus

1780 2050 1923 2090 vero
1954 2033 2131 2089 etiam
2162 2034 2275 2087 hoc
2317 2031 2516 2087 tacuit.
2561 2034 2688 2087 Non
2739 2035 2826 2087 est
2855 2035 3058 2088 autem
3105 2033 3221 2089 hoc
3245 2035 3436 2090 disso-

1782 2122 1999 2178 nantiaa
2025 2122 2280 2191 signum,
2316 2119 2422 2175 sed
2469 2119 2636 2192 quod
2678 2119 2758 2175 illi
2788 2120 3075 2187 fecerunt,
3109 2121 3433 2191 diligentiae

1782 2211 1911 2276 fuit,
1943 2211 2109 2284 quod
2134 2214 2331 2266 autem
2361 2209 2477 2276 hic,
2510 2209 2837 2266 brevitatis.
2875 2210 3186 2280 Ingressus
3213 2217 3303 2267 est
3331 2229 3438 2268 au-

1785 2305 1904 2358 tem
1930 2299 2048 2356 cibi
2097 2298 2366 2356 sumendi
2419 2313 2623 2367 causa,
2657 2303 2903 2354 vocante
2943 2299 3070 2369 jam
3109 2300 3277 2356 hora.
3336 2301 3439 2358 Illa

1784 2403 1927 2444 vero
1952 2403 2087 2460 quae
2115 2388 2172 2443 in
2192 2387 2344 2444 lecto
2366 2385 2777 2452 decumbebat,
2798 2387 3050 2443 surrexit
3073 2391 3128 2444 et
3149 2389 3440 2446 ministra-

1786 2475 1893 2533 bat
1913 2477 1983 2532 ei.

1858 2568 1942 2621 Tu
1971 2580 2206 2638 quoque
2236 2563 2382 2620 mihi
2412 2564 2731 2633 admirare,
2759 2569 3056 2637 quantum
3087 2581 3213 2622 sese
3239 2568 3440 2623 Domi-

1788 2670 1902 2710 nus
1923 2654 2218 2725 dejecerit.
2267 2657 2396 2710 Non
2426 2652 2788 2723 dedignatus
2811 2658 2901 2708 est
2924 2654 3092 2710 vilem
3115 2655 3440 2727 piscatoris

1785 2743 2037 2799 domum
2056 2742 2285 2812 ingredi
2309 2761 2322 2798 :
2353 2743 2491 2798 hinc
2511 2742 2757 2815 quidem
2784 2747 2839 2799 et
2863 2742 3220 2815 discipulum
3246 2743 3440 2800 hono-

1789 2848 1950 2901 rans,
1983 2836 2040 2888 et
2065 2832 2240 2887 simul
2270 2831 2495 2887 docens
2523 2847 2630 2888 nos
2668 2847 2742 2887 ne
2767 2847 2940 2888 vana:
2973 2832 3175 2903 glorim
3204 2833 3440 2889 studea-

1789 2938 1948 2977 mus.
1977 2920 2126 2976 Cum
2154 2926 2352 2976 autem
2377 2936 2553 2977 manu
2576 2920 2737 2976 illam
2755 2921 3061 2990 tetigisset,
3086 2937 3207 2977 non
3244 2922 3440 2978 solum

1789 3010 2002 3066 febrim
2034 3008 2332 3070 exstinxit,
2363 3024 2572 3064 verum
2595 3011 2775 3065 etiam
2802 3010 3096 3081 integram
3129 3012 3178 3066 ei
3212 3012 3444 3068 tradidit

1791 3099 2128 3154 sanitatem.
2159 3097 2422 3154 Surrexit
2442 3097 2618 3162 enim,
2652 3101 2708 3153 et
2737 3099 3021 3154 continuo
3050 3099 3444 3158 ministrabat.

1791 3187 1963 3258 Atqui
1990 3185 2191 3242 ablata
2217 3186 2396 3241 etiam
2423 3185 2593 3250 febri,
2617 3184 3032 3243 laborantibus
3051 3187 3232 3258 longo
3289 3205 3445 3262 Opus

1793 3280 1880 3334 est
1916 3279 2224 3348 temporet,
2273 3279 2337 3330 ut
2381 3274 2642 3347 priorem
2683 3275 2971 3346 recipiant
3006 3277 3338 3332 sanitatem.
3383 3280 3446 3332 In

1793 3365 1944 3422 mari
1974 3379 2213 3436 quoque
2233 3379 2355 3420 non
2386 3363 2582 3420 solum
2610 3368 3014 3434 tempestatem
3045 3364 3290 3431 sedavit,
3341 3366 3449 3422 sed

1795 3455 1971 3512 etiam
1988 3452 2273 3508 ﬂuctuum
2291 3446 2760 3508 commotionem
2787 3451 3070 3519 cohibuit,
3089 3470 3224 3509 cum
3243 3458 3448 3510 tamen

1795 3547 1931 3616 post
1960 3546 2371 3614 tempestatem
2400 3541 2624 3597 diutius
2676 3545 2919 3598 maneat
2961 3558 3256 3614 aquarum
3288 3561 3450 3600 com-

1797 3631 2004 3687 motio.
2030 3634 2114 3687 Ita
2135 3631 2293 3686 enim
2311 3631 2474 3686 novit
2502 3630 2792 3695 Christus,
2814 3630 2994 3686 simul
3013 3635 3068 3686 et
3090 3631 3252 3703 quod
3282 3634 3450 3703 (egri-

1798 3719 2001 3776 tudine
2031 3719 2309 3777 atlectum
2336 3726 2424 3777 est
2455 3719 2700 3791 solvere,
2734 3723 2792 3776 et
2834 3719 2894 3775 in
2941 3721 3200 3792 priorem
3228 3725 3450 3779 statum

1797 3824 2105 3882 reponere.

1870 3917 2034 3974 CAP.
2075 3917 2162 3972 IX.
2208 3917 2293 3973 De
2317 3916 2542 3974 curatis
2576 3931 2614 3973 a
2644 3916 2822 3972 variis
2863 3917 3332 3986 inﬁrmitatibus.

1869 4113 2013 4167 Vers
2036 4113 2122 4166 16.
2163 4112 2414 4180 Vespera
2443 4143 2511 4152 —
2531 4112 2730 4170 verba.
2763 4115 3087 4186 Vesperam
3111 4113 3294 4169 ﬁnem
3333 4114 3450 4170 diei

1800 4199 2148 4256 nominavit.
2180 4199 2317 4254 Ideo
2365 4200 2594 4255 Marcus
2621 4203 2668 4237 ⁵⁵
2699 4208 2755 4256 et
2779 4203 2964 4257 Lucas
2995 4204 3043 4237 ⁵⁸
3086 4202 3451 4257 mentionem

1799 4303 2041 4362 quoque
2066 4287 2329 4343 fecerunt
2358 4287 2434 4343 de
2464 4303 2682 4344 occasu
2740 4289 2903 4356 solis,
2954 4288 3325 4345 manifestius
3353 4287 3452 4344 de-

137 4384 280 4438 τιςτάι
321 4390 512 4460 καιρονο
548 4387 576 4438 6
623 4387 720 4456 μὲν
756 4386 858 4457 γὰρ
911 4377 1172 4454 δημώδης
1223 4379 1383 4451 ὄχλος
1425 4377 1679 4451 ἀναμείνω

1802 4380 2199 4434 monstrantes
2231 4381 2488 4448 tempus.
2519 4377 2826 4449 Popularis
2851 4379 3010 4433 enim
3039 4377 3214 4434 turba
3242 4393 3454 4450 exspe-

139 4474 208 4523 τὴν
227 4467 358 4524 δύσιν
382 4483 473 4526 τοῦ
504 4475 686 4538 ἡλιου,
737 4468 771 4524 δ
776 4473 830 4523 ιά
851 4475 943 4529 τὴν
973 4478 1065 4522 τοῦ
1095 4467 1360 4522 Σαϐϐάτου
1391 4473 1694 4542 παρατήρη-

147 4571 219 4619 7D,
247 4561 360 4612 οὑτω
383 4567 499 4624 τοὺς
523 4566 847 4634 πάσχοντας
876 4564 1230 4635 προσήγαγεν
1267 4559 1317 4610 οἱ
1349 4554 1410 4609 δὲ
1438 4559 1689 4629 μαθηταί,

139 4653 204 4696 κει
239 4655 324 4723 πρὸ
370 4663 464 4714 τῆς
515 4661 614 4705 τοῦ
649 4651 802 4710 ἡλίου
847 4647 1067 4715 δύσεως,
1117 4646 1472 4722 παρεκάλεσαν
1517 4645 1689 4711 αὑτὸν,

141 4729 346 4790 ἰήσασθαι
392 4746 484 4798 τήν
537 4745 942 4816 πυρέσσουσαν,
980 4738 1073 4789 οῖτε
1118 4740 1208 4788 καὶ
1255 4739 1500 4809 πρότερον
1547 4730 1692 4786 ἰδόν-

141 4837 196 4880 τες
247 4828 383 4880 αὑτὸν
444 4829 872 4903 ἀπαρατηρήτως
929 4825 976 4878 ἕν
1026 4824 1274 4878 Σαϐϐάτω
1325 4825 1688 4897 θεραπεύοντα,

139 4914 205 4960 καὶ
239 4919 570 4985 μεμαθηκότες
629 4915 746 4975 ἤδη
827 4915 949 4988 παρ’
1002 4914 1183 4982 αὑτοῦ,
1241 4917 1401 4966 ποίων
1455 4915 1544 4984 μὲν
1612 4913 1694 4981 ἔρ-

135 5015 213 5062 των
254 5002 528 5077 ἀπέχεσθαι
585 5004 910 5082 προσέταξεν
965 5005 990 5056 6
1042 5009 1162 5079 περὶ
1212 5009 1310 5064 τῆς
1361 4999 1542 5075 ἀργίας
1599 5005 1692 5052 τοῦ

135 5086 348 5146 Wire:
369 5102 542 5170 νόμος,
565 5102 707 5152 ascia
733 5091 793 5148 δὲ
821 5096 1048 5168 μετιέναι
1064 5096 1438 5168 παρεχώρησε.

186 5215 224 5249 ⁵³
248 5219 383 5278 Marc
419 5239 456 5288 ι,
485 5225 577 5281 29.
704 5221 754 5258 ⁵⁴
785 5220 920 5277 Luc.
953 5235 1026 5288 1v,
1060 5216 1150 5274 38.

1264 5217 1312 5254 ⁵⁵
1338 5217 1516 5285 Marc,
1550 5231 1590 5272 ι.
1620 5215 1714 5273 32.

1801 4471 1961 4524 ctato
1990 4465 2129 4522 solis
2154 4481 2377 4522 occasu
2406 4470 2648 4536 propter
2671 4465 2915 4522 Sabbati
2941 4465 3448 4533 observationem,

1802 4555 2028 4612 morbis
2080 4560 2223 4610 tunc
2259 4553 2605 4610 laborantes
2634 4553 2886 4610 adduxit
2927 4571 2940 4621 ;
2978 4554 3256 4626 discipuli
3310 4571 3452 4612 vero

1802 4646 1982 4701 etiam
2009 4648 2145 4700 ante
2167 4642 2311 4699 solis
2357 4657 2642 4699 occasum
2673 4643 2973 4714 deprecati
3004 4649 3138 4699 sunt
3164 4659 3302 4700 eum
3343 4661 3452 4718 pro

1804 4734 1994 4790 salute
2019 4731 2431 4798 febricitantis,
2456 4737 2518 4788 ut
2556 4733 2660 4804 qui
2699 4733 2963 4804 primum
2993 4733 3268 4790 viderant
3313 4751 3455 4792 eum

1806 4821 1933 4877 sine
1957 4819 2188 4876 delectu
2220 4820 2484 4878 Sabbato
2511 4827 2840 4886 curantem,
2876 4837 2945 4878 ac
2966 4821 3300 4879 didicerant
3327 4824 3453 4893 jam

1806 4910 1883 4967 ab
1905 4909 2024 4975 illo,
2078 4925 2114 4964 a
2142 4909 2367 4981 quibus
2394 4909 2680 4982 operibus
2735 4910 3034 4968 abstinere
3057 4911 3295 4984 juberet
3336 4911 3452 4982 lex,

1804 5015 1940 5073 quae
1970 4999 2044 5056 de
2083 4997 2328 5055 Sabbati
2349 4999 2547 5072 quiete
2577 5002 2796 5058 statuta
2824 5003 2972 5070 erat,
3018 5003 3074 5057 et
3120 4999 3287 5074 quali
3316 5015 3456 5072 aga-

1807 5088 1973 5162 gredi
1997 5088 2388 5162 permitteret.

1827 5217 1874 5253 ⁸⁸
1901 5217 2039 5272 Luc.
2065 5232 2139 5282 1v,
2172 5215 2265 5272 40.

1295 5370 1522 5442 Variae
1547 5369 1872 5440 lectiones
1902 5378 1968 5436 et
2005 5378 2207 5438 notae.

192 5520 288 5596 (73)
315 5523 623 5600 tapaletfeiv
667 5524 710 5575 Α
723 5563 735 5578 .

1882 5513 1998 5588 (τι)
2024 5511 2182 5586 ὀψίας
2203 5513 2275 5568 Α.
