3990 6206
501 224 598 278 291

1812 202 2162 263 EUTHYMII
2198 200 2534 263 ZIGABENI

3737 208 3855 267 292

579 346 843 404 Observa
864 355 1106 414 quoque
1134 353 1257 411 quo
1283 340 1457 409 pacto
1479 333 1774 390 interdum
1796 330 2041 404 quidem
2055 346 2147 386 ex-

2329 334 2710 402 Παρατηρησον
2770 326 2847 398 δὲ,
2931 339 3041 393 πῶς
3123 335 3243 385 ποτε
3300 336 3390 405 μεν
3466 333 3695 389 ἐκτείνων
3755 342 3854 395 τὴν

506 440 665 493 tenta
716 448 901 489 manu
948 431 1135 491 curat,
1180 432 1245 481 ut
1297 426 1356 480 in
1414 439 1587 479 socru
1634 419 2159 488 Petri;interdum-

506 528 702 581 autem
728 520 911 577 verbo
953 518 1222 589 loquens,
1256 519 1318 569 ut
1353 513 1411 568 in
1434 527 1621 584 puero
1674 509 2054 571 centurionis,
2094 510 2150 562 et

502 614 564 669 in
594 612 684 667 his
713 607 1095 666 daemoniacis
1120 622 1133 659 :
1160 603 1529 676 quandoque
1556 605 1875 670 utrumque
1900 597 2143 662 faciens,

506 708 571 757 ut
624 702 685 757 in
716 701 974 771 leproso.
1044 693 1311 750 Ostendit
1361 691 1520 747 enim
1562 704 1625 744 se
1678 687 2147 758 omnipotentem

504 806 652 847 esse.

578 882 737 935 Vers.
796 878 882 932 16.
926 876 1005 931 Ει
1060 903 1130 913 -
1179 870 1343 926 Vers.
1380 870 1466 923 t7.
1520 865 1807 923 Portavit.
1857 864 1966 919 Per
2022 862 2148 919 lan-

509 984 723 1040 guores
775 970 832 1021 et
883 962 1123 1019 morbos
1176 958 1271 1014 hic
1294 956 1443 1013 mihi
1490 954 1750 1024 intellige
1794 952 2146 1040 languorum

507 1039 578 1116 ac
611 1056 955 1114 morborum
977 1056 1190 1107 reatus.
1212 1049 1359 1102 Cum
1381 1045 1541 1101 enim
1561 1043 1878 1113 languores
1896 1056 1965 1098 ac
2001 1039 2149 1096 mul-

508 1152 601 1204 tos
630 1145 922 1218 patientes
974 1140 1213 1196 morbos
1261 1134 1505 1200 curavit,
1538 1133 1599 1188 in
1645 1132 1909 1204 seipsum
1941 1144 2149 1185 eorum

506 1241 725 1293 reatum
763 1230 1103 1293 transtulit;
1136 1227 1270 1282 dico
1312 1238 1456 1280 sane
1498 1221 1734 1277 labores
1760 1225 1818 1275 et
1874 1222 2146 1275 mortem.

507 1325 645 1380 Ideo
673 1324 850 1378 etiam
872 1318 1091 1374 multos
1104 1310 1672 1387 perpessuslabores
1700 1313 1966 1380 tempore
1995 1322 2154 1362 acer-

506 1414 600 1469 bae
632 1409 933 1468 Passionis
958 1410 1224 1462 mortuus
1239 1406 1348 1457 est.
1373 1400 1486 1457 Sed
1515 1399 1821 1456 Matthaaus
1851 1396 1925 1452 de
1946 1410 2154 1467 corpo-

505 1500 730 1557 ralibus
755 1493 1147 1566 languoribus
1174 1506 1244 1547 ac
1272 1488 1498 1545 morbis
1528 1484 1935 1558 metaphorico
1970 1483 2154 1540 verbo

507 1590 767 1662 loquitur
799 1603 812 1651 ;
842 1586 1023 1640 Isaias
1054 1580 1528 1649 verolanguores
1553 1581 1609 1631 et
1638 1574 1882 1631 morbos
1910 1578 2157 1645 peccata

2256 424 2414 490 χεῖρα
2471 419 2756 490 θεραπεύει,
2824 421 2891 480 ὡς
2945 418 3027 472 ἐπὶ
3061 429 3147 481 τῆς
3193 429 3283 474 τοῦ
3339 427 3530 496 Πέτρου
3578 428 3852 498 πενθέρᾶς·

2256 509 2378 557 ποτε
2432 502 2489 558 δὲ
2554 505 2704 577 λόγον
2764 506 2941 579 λέγων,
2971 512 3035 569 ὡς
3086 507 3168 561 ἐπὶ
3225 518 3317 562 τοῦ
3370 509 3555 573 παιδὸς
3605 522 3695 566 τοῦ
3738 513 3857 566 ἐκα-

2256 596 2567 665 τοντάρχου,
2643 601 2731 646 καὶ
2796 595 2878 647 ἐπὶ
2947 605 3046 648 τῶν
3122 594 3562 671 δαιμονιζομένων
3633 606 3854 655 τούτων’

2256 686 2378 734 ποτε
2453 680 2512 734 δε
2559 689 2647 734 xui.
2704 682 2966 758 ἀμφότερα
3019 696 3200 755 ποιῶν,
3255 690 3320 747 ὡς
3362 688 3445 740 ἐπὶ
3495 698 3587 742 τοῦ
3639 691 3854 764 λεπροῦ.

2257 775 2493 823 Δείκνυσι
2521 774 2643 844 γάρ,
2676 774 2754 824 ὅτι
2783 770 3177 846 παντοδύναμός
3206 774 3336 831 ἐστι.

2331 864 2430 912 Καὶ
2488 891 2553 901 -—-
2609 859 2911 914 ἐϐάστασεν⁸
2984 862 3273 925 Ἀσθενείας
3341 870 3429 918 καὶ
3500 872 3685 930 νόσους
3755 874 3861 922 νόει

2257 966 2347 1019 μοι
2402 956 2510 1017 νῦν,
2568 951 2655 1010 τὰς
2718 958 2816 1001 τῶν
2893 948 3164 1004 ἀσθενειῶν
3236 958 3325 1006 καὶ
3397 960 3561 1008 νόσων
3629 956 3857 1029 ὀφειλάς.

2256 1044 2367 1089 Τῶν
2422 1040 2522 1112 γὰρ
2601 1036 2870 1091 ἀσθενειῶν
2958 1044 3047 1092 καὶ
3098 1046 3261 1093 νόσων
3331 1042 3669 1117 ἐλευθερώσας
3736 1050 3863 1108 τοὺς

2259 1128 2583 1197 πάσχοντας,
2638 1126 2712 1198 ἐφ’
2768 1127 2945 1180 ἑαυτὸν
2999 1134 3285 1200 μετέστησε
3338 1136 3396 1184 τὸ
3452 1138 3605 1207 χρέος
3662 1133 3857 1202 αὐτῶν,

2260 1214 2390 1285 λέγω
2450 1212 2541 1279 δὴ,
2600 1220 2721 1277 τοὺς
2779 1221 2962 1277 πόνους
3014 1223 3103 1271 καὶ
3157 1224 3244 1272 τὸν
3309 1222 3543 1275 θάνατον.
3605 1226 3689 1276 Διὸ
3742 1230 3859 1292 καὶ,

2262 1302 2480 1364 πολλούς
2530 1308 2720 1366 πόνους
2767 1306 3002 1366 ύποστάς
3061 1305 3108 1357 έν
3166 1316 3237 1359 τῶ
3302 1318 3467 1382 καιρῷ
3516 1318 3606 1363 τοῦ
3655 1310 3859 1383 ἀχράν-

2263 1411 2354 1444 του
2410 1395 2627 1458 πάθους,
2688 1392 2952 1449 ἀπέθανεν.
3029 1396 3182 1449 Ἀλλά
3245 1400 3511 1461 Ματθαίος
3589 1403 3677 1472 μὲν
3738 1406 3862 1475 περὶ

2268 1490 2573 1553 σωματικῶν
2630 1482 2902 1537 ἀσθενειῶν
2968 1492 3056 1538 καὶ
3130 1492 3293 1539 νόσων
3373 1485 3499 1558 εἶπε,
3557 1489 3863 1561 μεταλαϐὼν

2264 1573 2321 1621 τὸ
2358 1571 2535 1644 ῥητόν·
2595 1572 2809 1633 Ἠσαῖας
2882 1571 2940 1625 δὲ
3016 1573 3277 1635 ἀσθενείας
3355 1581 3444 1627 καὶ
3500 1581 3706 1641 νόσους,
3767 1582 3866 1639 τὰς

511 1659 845 1751 appellavit,
898 1688 1035 1746 quas
1077 1670 1339 1725 Christus
1396 1680 1631 1722 sumere
1671 1679 1741 1719 ac
1786 1668 2021 1751 portare
2069 1662 2155 1717 di-

2272 1659 2523 1733 ἀμαρτίας
2571 1660 2852 1732 ὠνόμασεν,
2905 1662 2963 1722 ἂς
3033 1664 3058 1714 6
3115 1668 3344 1735 Χριστός
3400 1664 3568 1717 λαϐεῖν
3622 1672 3713 1719 καὶ
3757 1666 3862 1739 βα-

509 1750 659 1824 citur
688 1768 746 1821 in
802 1763 1049 1819 modum
1092 1758 1362 1813 victimae.
1403 1757 1547 1810 Nam
1595 1752 1818 1809 animal
1842 1750 2009 1823 quod
2047 1765 2155 1822 pro

509 1856 769 1931 peccatis
794 1853 872 1909 ad
886 1851 1180 1907 victimam
1208 1844 1679 1931 producebatur,
1704 1839 2155 1931 quodammodo

511 1929 755 2019 peccata
779 1940 1051 1997 omnium
1072 1938 1131 1992 in
1165 1938 1431 2006 seipsum
1459 1929 1828 2019 suscipiebat
1851 1944 1921 1985 ac
1950 1931 2155 2000 porta-

510 2017 635 2098 bat,
659 2036 716 2087 et
733 2028 1026 2103 populum
1047 2024 1287 2096 quidem
1318 2021 1413 2077 his
1440 2018 1752 2083 liberabat,
1786 2017 1987 2089 ipsum
2014 2031 2156 2072 vero

511 2124 755 2195 propter
780 2118 905 2173 haec
925 2112 1335 2187 jugulabatur.
1365 2108 1610 2164 Pulchre
1633 2110 1833 2195 autem
1856 2104 2158 2195 prophetis

512 2191 651 2266 cum
707 2207 933 2262 dictum
989 2196 1415 2269 transsumpsit
1474 2193 1856 2264 evangelista.
1912 2191 2156 2247 Plurimi

512 2296 808 2370 siquidem
830 2294 1146 2362 languores
1168 2303 1237 2343 ac
1260 2285 1453 2341 morbi
1475 2281 1814 2355 corporales
1841 2298 1877 2338 a
1901 2281 2157 2370 peccatis

512 2369 801 2448 oriuntur,
835 2381 989 2437 sicut
1024 2380 1085 2434 in
1115 2390 1437 2449 progressu
1476 2371 1859 2428 docebimur:
1893 2369 2156 2441 nihilque

518 2480 671 2533 vetat
699 2474 826 2529 hinc
854 2483 1089 2543 quoque
1116 2463 1315 2521 vocari
1336 2466 1597 2535 peccata.

585 2566 741 2619 Vers.
771 2562 857 2616 18.
888 2560 1031 2615 Cum
1057 2561 1252 2613 autem
1282 2552 1520 2608 vidisset
1540 2580 1608 2590 —
1630 2548 1695 2604 in
1716 2546 2058 2604 ulteriorem
2078 2547 2157 2600 ri-

511 2668 674 2725 pam.
711 2650 892 2705 Jussit
918 2648 1032 2703 hoc
1070 2642 1397 2715 discipulis.
1445 2637 1629 2695 Simul
1655 2636 1894 2709 quidem
1936 2651 2009 2691 ne
2035 2635 2157 2707 glo-

512 2745 613 2799 ria;
644 2740 899 2811 cupidus
924 2735 1236 2799 videretur,
1268 2728 1448 2785 simul
1480 2728 1658 2784 etiam
1692 2730 1754 2782 ut
1798 2725 2030 2781 invidiae
2058 2726 2157 2780 Ju-

511 2832 781 2887 daaorum
830 2825 1179 2883 mederetur.
1235 2821 1519 2875 Praeterea
1560 2816 1857 2872 instruens
1902 2830 2034 2882 nos,
2094 2817 2158 2869 ut

513 2917 893 2979 admirationi
917 2913 1125 2970 haberi
1156 2910 1479 2979 fugiamus.

547 3046 695 3103 CAP.
728 3046 787 3099 X.
816 3042 891 3097 De
917 3056 976 3096 eo
1007 3038 1102 3094 cui
1130 3051 1246 3091 non
1285 3030 1547 3104 permisit
1582 3035 1645 3085 ut
1672 3044 1731 3086 se
1759 3034 2118 3101 sequeretur.
2188 3022 2229 3078 C

583 3227 735 3280 Vers.
790 3222 877 3278 19.
911 3219 990 3276 Et
1020 3248 1085 3257 —
1117 3214 1280 3272 ieris.
1328 3210 1428 3267 Hic
1459 3208 1685 3278 Scriba,
1712 3223 1849 3263 cum
1887 3206 2156 3279 pecuniae

512 3313 725 3373 avidus
755 3314 927 3374 esset,
960 3302 1380 3379 suspicabatur
1403 3301 1601 3356 Jesum
1635 3313 1707 3354 ex
1739 3295 2040 3353 miraculis
2072 3295 2156 3351 di-

509 3405 683 3461 vitias
696 3400 913 3458 multas
925 3396 1219 3466 colligere,
1234 3397 1289 3447 et
1299 3388 1598 3463 sperabat,
1613 3387 1776 3460 quod
1793 3386 1841 3441 si
1854 3385 1913 3441 in
1928 3400 2157 3441 morem

509 3490 781 3563 discipuli
794 3486 957 3544 illum
975 3486 1342 3555 sequeretur,
1359 3477 1629 3549 copiosas
1644 3473 1994 3563 collecturus
2007 3477 2160 3529 esset

506 3561 757 3637 diviti—as.
783 3574 1047 3633 Christus
1070 3584 1209 3638 ergo
1231 3566 1469 3636 cognito
1496 3564 1639 3635 quid
1651 3562 1845 3629 vellet,
1866 3562 1944 3619 ad
1965 3561 2154 3617 inten-

511 3675 639 3727 tum
665 3667 792 3737 ejus
822 3659 1162 3731 respondet.
1196 3658 1262 3711 Et
1289 3654 1424 3711 vide
1454 3653 1601 3725 quid
1631 3651 1809 3708 dicat.

582 3758 747 3811 Vers.
776 3754 863 3806 20.
892 3750 1054 3805 Et—
1098 3745 1367 3801 reclinet.
1412 3744 1478 3797 Et
1517 3739 1821 3813 vulpibus,
1855 3738 2064 3811 inquit,
2101 3744 2159 3796 et

510 3842 853 3902 volucribus
885 3836 1015 3894 cceli
1038 3851 1174 3890 sum
1200 3831 1519 3905 pauperior
1551 3848 1565 3884 :
1594 3843 1789 3901 neque
1821 3829 1977 3884 enim
2000 3845 2157 3885 rece-

508 3932 817 4007 ptaculum
848 3926 1060 3990 habeo,
1094 3938 1202 3978 nec
1232 3924 1527 3993 quantum
1573 3917 1833 3973 sufficiat
1861 3917 1939 4007 ad
1982 3922 2157 3989 caput

513 4005 743 4081 tantum
776 4013 1211 4074 reclinandum.
1233 4008 1399 4065 Tales
1431 4012 1633 4063 autem
1654 4022 1781 4061 esse
1812 4005 1939 4062 volo
1970 4010 2026 4063 et
2054 4022 2156 4062 eos

508 4111 614 4184 qui
630 4125 723 4165 me
736 4106 1083 4177 sequuntur.
1109 4101 1311 4171 Itaque
1331 4096 1552 4152 frustra
1565 4094 1902 4184 suspicatus
1926 4110 2006 4184 es,
2029 4094 2156 4184 etin

510 4182 730 4257 vanum
751 4191 1026 4269 sperasti.
1057 4192 1123 4245 Et
1140 4189 1250 4244 hoc
1274 4190 1448 4257 pacto
1469 4183 1783 4255 dupliciter
1803 4182 1966 4238 illum
1983 4182 2151 4253 juvit,

510 4294 565 4347 et
590 4281 1027 4345 manifestando
1057 4277 1219 4351 quod
1249 4274 1464 4332 animae
1496 4273 1650 4329 illius
1676 4287 1899 4328 arcana
1929 4275 2151 4341 nosset,

2267 1751 2461 1800 στάσαι
2510 1748 2727 1820 λέγεται,
2787 1746 2941 1808 δίκην
2991 1753 3235 1824 θύματος.
3286 1757 3355 1805 Τό
3412 1756 3510 1827 γὰρ
3561 1755 3628 1815 εἰς
3672 1757 3860 1807 θυσίαν

2264 1842 2651 1912 προσαγόμενον
2720 1842 2847 1901 ζῶον
2913 1842 3037 1915 ὑπὲρ
3089 1841 3355 1916 αμαρτιῶν
3407 1850 3497 1894 τοῦ
3549 1842 3695 1912 λαοῦ,
3744 1851 3869 1917 τρό-

2264 1946 2358 1979 πον
2424 1929 2539 1979 τινά
2588 1930 2677 1987 τὰς
2726 1928 2980 2001 ἁμαρτίας
3029 1932 3228 1981 πάντων
3275 1930 3341 1990 εἰς
3399 1931 3546 1983 ἑαυτό
3608 1932 3871 2005 ἐλάμϐανε

2266 2020 2353 2068 καὶ
2389 2014 2662 2078 ἐϐάσταζε.
2721 2021 2822 2069 Καί
2875 2020 2955 2069 τὸν
3002 2020 3092 2090 μὲν
3149 2017 3269 2070 λαόν
3319 2018 3591 2095 ἠλευθέρου
3643 2024 3865 2086 τούτων,

2268 2105 2392 2157 αὐτὸ
2454 2101 2513 2156 δὲ
2566 2101 2659 2157 διὰ
2706 2107 2896 2166 ταύτας
2943 2104 3213 2177 ἔσφάζετο.
3270 2107 3446 2170 Καλῶς
3500 2105 3558 2161 δι
3619 2110 3869 2181 μετέλαϐε

2265 2197 2323 2246 τὸ
2381 2197 2696 2267 προφητικὸν
2751 2194 2908 2267 ῥητὸν
2960 2196 2987 2246 ό
3042 2194 3428 2267 εύαγγελιστής.
3488 2203 3588 2250 Καὶ
3640 2201 3746 2274 γὰρ
3812 2206 3867 2251 αὶ

2266 2283 2471 2343 πλείους
2548 2292 2646 2335 τῶν
2719 2291 3028 2352 σωματικῶν
3107 2283 3379 2337 ἀσθενειῶν
3454 2292 3540 2338 καὶ
3595 2291 3764 2339 νόσων
3819 2286 3872 2350 ἐξ

2267 2371 2532 2446 ἁμαρτιῶν
2587 2374 2817 2443 φύονται,
2914 2374 3087 2435 καθὼς
3149 2375 3494 2446 μαθησόμεθα
3559 2374 3873 2448 προϐαίνον-

2265 2480 2365 2521 τες.
2404 2465 2501 2513 Καὶ
2558 2459 2708 2512 οὐδέν
2763 2460 2948 2513 κωλύει
2976 2460 3145 2514 καλεῖν
3191 2466 3280 2514 καὶ
3324 2465 3514 2523 ταύτας
3564 2463 3861 2539 ἁμαρτίας,

2336 2546 2485 2602 Ἰδὼν
2538 2546 2597 2601 δε
2651 2580 2720 2589 -
2771 2549 2837 2609 εἰς
2864 2553 2921 2601 τὸ
2982 2555 3163 2622 πέραν.
3236 2551 3497 2604 Ἐκελευσε
3548 2561 3705 2605 τοῦτο
3756 2563 3871 2615 τοῖς

2265 2640 2545 2711 μαθηταῖς,
2596 2638 2707 2710 οἶμα
2753 2642 2862 2710 μεν,
2917 2640 2997 2690 ἶνα
3025 2645 3095 2711 μὴ
3144 2636 3269 2711 δόξῃ
3327 2638 3701 2712 φιλενδείκτης,
3756 2644 3875 2716 ἅμα

2268 2725 2326 2780 δι
2360 2728 2648 2802 θεραπεύων
2677 2730 2763 2780 τὸν
2817 2730 2997 2800 φθόνον
3049 2737 3147 2779 τῶν
3198 2726 3485 2797 Ἰουδαίων,
3522 2730 3632 2802 οἶμα
3687 2729 3748 2784 δὲ
3781 2739 3876 2784 καὶ

2268 2819 2405 2889 ἡμᾶς
2431 2813 2713 2885 παιδεύων,
2747 2820 2946 2889 φεύγειν
2981 2820 3035 2869 τὸ
3068 2815 3468 2873 ἀποϐλέπεσθαι.

2475 3002 2618 3049 ΚΕΦ.
2648 2994 2701 3048 Ι’.
2734 2999 2857 3067 Περὶ
2877 3003 2968 3048 τοῦ
2998 3000 3067 3067 μὴ
3098 2994 3493 3070 ἕπιτρεπομένου
3519 2997 3639 3051 ἀκο-

2966 3085 3186 3139 λουθεῖν.

2342 3214 2441 3263 Καὶ
2498 3240 2565 3249 -
2606 3207 2837 3283 ἀπέρχῃ.
2885 3208 3049 3271 Οὗτος
3078 3209 3103 3261 ὁ
3162 3212 3518 3284 Γραμματεύς,
3556 3210 3877 3289 φιλάργυρος

2267 3300 2353 3365 ὧν,
2414 3300 2767 3367 ὑπώπτευσεν,
2820 3301 2899 3349 ὅτι
2953 3296 3052 3350 ἀπὸ
3136 3306 3235 3350 τῶν
3285 3300 3559 3371 θαυμάτων
3606 3309 3881 3375 χρήματα

2266 3388 2428 3442 πολλά
2487 3387 2717 3458 συλλέγει
2757 3388 2782 3439 ό
2838 3387 3062 3452 Ἰησοῦς,
3119 3392 3208 3439 καὶ
3258 3387 3491 3454 ἤλπισεν,
3534 3390 3634 3454 ὅτι,
3691 3389 3779 3443 ἐὰν
3810 3396 3879 3453 ὡς

2268 3478 2339 3539 εἷς
2382 3485 2481 3529 τῶν
2531 3478 2775 3548 μαθητῶν
2830 3474 3159 3549 ἀκολουθήσῃ
3223 3476 3380 3542 αὐτῶ,
3432 3476 3664 3541 συλλέξει
3710 3479 3880 3533 πλοῦ-

2266 3586 2350 3618 τον
2398 3568 2592 3621 ἱκανόν.
2652 3564 2709 3616 Ὀ
2742 3560 2799 3616 δε
2838 3567 3089 3637 Χριστός,
3146 3568 3297 3637 γνούς
3353 3564 3679 3638 ὃβούλεται,
3734 3573 3881 3645 πρὸς

2264 3658 2351 3708 τὸν
2386 3656 2578 3707 σκοπὸν
2610 3653 2768 3705 αύτοῡ
2802 3651 3152 3725 ἀποκρίνεται,
3183 3658 3273 3705 καί
3302 3654 3396 3726 ὅρα
3418 3659 3469 3707 τί
3494 3671 3644 3727 φησι·

2339 3748 2439 3796 Καὶ
2490 3774 2559 3785 -
2630 3742 2796 3815 κλίνη.
2876 3747 2977 3794 Καὶ
3033 3750 3131 3793 τῶν
3210 3740 3501 3809 ἀλωπέκων,
3557 3750 3709 3816 φησὶ,
3783 3753 3885 3800 καὶ

2264 3842 2363 3885 τῶν
2396 3832 2576 3900 ὀρνέων
2608 3834 2904 3904 πενέστερος
2950 3830 3073 3902 εἰμι’
3135 3827 3257 3884 οὐδὲ
3308 3833 3404 3903 γὰρ
3460 3834 3569 3903 ἔχω
3621 3844 3888 3906 καταγώ-

2263 3942 2398 3994 γιον,
2440 3917 2553 3973 οὐδ’
2616 3922 2735 3971 ὅσον
2792 3918 3057 3971 ἀνακλῖναι
3110 3923 3262 3992 μόνον
3316 3924 3403 3977 τὴν
3451 3920 3695 3993 κεφαλήν,
3758 3926 3891 3980 Τοι-

2266 4014 2447 4071 ούτους
2506 4005 2565 4060 δι
2644 4006 2922 4079 βούλομαι,
2981 4012 3070 4059 καὶ
3143 4011 3265 4069 τούς
3340 4007 3488 4081 ἐμούς
3552 4008 3890 4076 ἀκολούθους

2266 4098 2414 4163 εἶναι,
2484 4101 2570 4148 καὶ
2636 4096 2812 4149 λοιπὸν
2901 4097 3071 4169 μάτην
3127 4095 3391 4163 ὑπέλαϐες,
3457 4102 3545 4151 καὶ
3604 4099 3676 4160 εἰς
3725 4107 3892 4155 κενὸν

2266 4187 2507 4246 ἤλπισας.
2543 4186 2692 4237 Οὕτω
2752 4182 2944 4246 διπλῶς
2996 4185 3147 4237 αύτόν
3203 4185 3452 4257 ὠφέλησε,
3496 4183 3751 4249 δηλώσας
3802 4210 3888 4253 τε,

2265 4278 2345 4328 ὅτι
2402 4272 2511 4327 οἶδε
2548 4277 2613 4326 τὰ
2664 4272 2934 4347 ἀπόρρητα
2984 4283 3079 4335 τῆς
3142 4273 3331 4345 ψυχῆς
3385 4274 3568 4345 αὐτοῦ,
3620 4281 3713 4329 καὶ
3784 4280 3895 4331 οὐκ

508 4378 734 4437 etillum
765 4388 887 4431 non
912 4367 1222 4427 manifeste
1237 4363 1566 4434 arguendo,
1588 4363 1689 4418 sed
1706 4361 1819 4433 ipsi
1840 4360 1947 4417 soli
1962 4375 2155 4433 repre-

2272 4363 2469 4435 ἰλέγζας
2527 4369 2771 4433 φανερῶς,
2841 4360 2949 4413 ἀλλ’
3000 4362 3139 4432 αύτῷ
3185 4368 3322 4434 μόνῳ
3370 4366 3457 4416 τόν
3508 4364 3729 4437 ἔλεγχον
3796 4367 3897 4441 ἐμ-

507 4468 858 4527 hensionem
891 4458 1234 4535 aperiendo,
1278 4459 1342 4510 ut
1364 4458 1422 4509 et
1448 4452 1742 4525 pudorem
1770 4450 2071 4521 effugeret,
2102 4453 2158 4506 et

509 4558 559 4614 si
583 4556 749 4613 vellet
772 4552 1184 4621 corrigeretur.
1220 4547 1339 4601 Hoc
1366 4546 1569 4599 autem
1609 4539 1885 4604 dicendo,
1916 4554 2036 4594 non
2062 4553 2157 4593 ve-

509 4646 619 4701 tuit
644 4659 706 4699 se
736 4640 924 4715 sequi,
959 4637 1064 4694 sed
1088 4633 1291 4692 docuit
1315 4630 1480 4705 quod
1514 4644 1773 4701 sequens
1803 4642 1926 4684 non
1955 4626 2158 4683 inven-

510 4737 679 4792 turus
704 4734 862 4788 esset
888 4728 1121 4783 lucrum
1155 4721 1315 4796 quod
1348 4719 1677 4792 quaerebat.
1721 4716 2012 4773 Caaterum
2060 4716 2157 4773 ille

510 4820 863 4889 intelligens,
905 4812 1071 4887 quod
1104 4811 1378 4881 cognitus
1425 4812 1601 4873 esset,
1654 4821 1724 4864 ac
1753 4805 1978 4863 intento
2010 4804 2159 4860 frus-

511 4914 723 4974 tratus,
754 4905 935 4962 siluit.

584 4998 840 5066 Quidam
882 5006 1026 5050 vero
1076 4990 1298 5059 dicunt,
1338 4986 1504 5061 quod
1545 4997 1967 5059 praegnoscens
2016 4997 2158 5039 eum

514 5090 801 5156 Christus,
818 5099 940 5142 non
956 5081 1148 5139 solum
1166 5079 1557 5153 pecuniarum
1566 5073 1765 5132 amori
1782 5073 2154 5139 servientem,

512 5180 619 5238 sed
645 5179 776 5235 aliis
803 5190 1039 5249 quoque
1061 5169 1392 5234 affectibus,
1418 5165 1748 5237 anagogice
1766 5163 2156 5236 responderit,

514 5269 715 5342 vulpes
731 5282 800 5323 ac
813 5264 1079 5321 volucres
1092 5258 1391 5332 appellans
1404 5258 1694 5312 daemones
1709 5261 1941 5327 propter
1953 5252 2160 5309 dolum

512 5359 771 5425 illorum,
801 5359 859 5412 et
873 5352 1037 5427 quod
1053 5348 1383 5407 seminibus
1396 5363 1465 5404 ac
1483 5345 1770 5402 fructibus
1786 5344 2056 5401 virtutem
2076 5342 2162 5399 in-

515 5447 846 5516 sidiendur,
864 5460 935 5503 ac
948 5443 999 5499 si
1019 5442 1236 5498 diceret
1251 5455 1264 5495 :
1278 5438 1589 5494 Daemones
1607 5434 1847 5508 quidem
1866 5432 2069 5491 foveas
2092 5447 2163 5489 ac

2268 4452 2455 4518 ϐαλὼν,
2514 4453 2648 4503 ὥστε
2699 4455 2788 4502 καὶ
2845 4455 2938 4509 τὴν
3007 4451 3270 4522 αἰσχύνην
3327 4450 3583 4524 ἐκφυγεῖν,
3639 4459 3761 4525 καὶ,
3846 4458 3898 4510 εἰ
3948 4496 3955 4501 η

2270 4540 2529 4614 βούλοιτο,
2583 4535 2953 4614 διορθωθῆναι.
3026 4544 3190 4591 Τοῦτο
3249 4536 3307 4592 δὲ
3364 4540 3538 4608 εἰπὼν,
3592 4542 3691 4593 ούκ
3748 4543 3898 4597 ἐχώ-
3946 4590 3949 4591 ,

2265 4629 2417 4682 λυσεν
2466 4627 2619 4680 αὐτὸν
2674 4625 2991 4693 ἀκολουθεῖν,
3037 4625 3144 4680 ἀλλ’
3203 4624 3462 4694 ἐδίδαξεν,
3521 4630 3601 4681 ὅτι
3652 4628 3901 4686 ἀκόλους

2270 4720 2390 4783 θῶν,
2448 4716 2553 4788 ούχ
2597 4717 2806 4789 εύρησει
2860 4711 3067 4790 κέρδος,
3142 4717 3249 4769 οἷον
3300 4717 3466 4778 ζητεῖ.
3525 4722 3729 4771 Λοιπὸν
3788 4719 3901 4775 οὖν
3952 4756 3955 4757 ν

2267 4806 2454 4868 ἐκεῖνος
2516 4809 2681 4866 συνεὶς
2750 4806 2830 4858 ὅτι
2909 4801 3220 4876 διεγνώσθη,
3301 4810 3391 4859 καὶ
3443 4804 3734 4880 ἀποτυχὼν
3788 4820 3905 4865 τοῦ

2269 4902 2487 4963 σκοποῦ,
2522 4894 2787 4967 σεσίγηκε.

2337 4987 2481 5047 Τινὲς
2512 4980 2572 5037 δέ
2623 5002 2799 5057 φασιν,
2831 4984 2912 5036 ότι
2950 4990 3320 5057 προγινώσκων
3369 4984 3523 5038 αὐτὸν
3556 4987 3581 5038 6
3614 4994 3909 5062 Χριστὸς,

2270 5074 2328 5128 ού
2382 5078 2533 5147 μόνον
2588 5073 2903 5148 φιλαργυρίᾳ
2964 5069 3367 5147 δεδουλωμένον,
3442 5072 3571 5127 ἀλλά
3616 5080 3709 5128 καὶ
3780 5079 3916 5134 ἑτέ-

2269 5184 2378 5237 ροις
2453 5164 2693 5229 πάθεσιν,
2779 5161 3109 5235 ἀναγωγικῶς
3188 5161 3519 5237 ἀπεκρίνατο,
3606 5163 3913 5234 ἀλώπαας

2271 5258 2359 5305 καὶ
2417 5254 2639 5322 πετεινὰ,
2702 5255 2822 5313 τοὺς
2899 5247 3151 5324 δαίμονᾶς
3216 5254 3498 5325 ὀνομάσας,
3560 5248 3654 5306 διά
3718 5274 3780 5309 τε
3844 5263 3915 5314 τό

2274 5339 2479 5415 δολερὸν
2529 5340 2717 5406 αὐτῶν,
2776 5344 2862 5393 καὶ
2910 5336 3004 5393 διά
3054 5344 3112 5392 τό
3166 5339 3510 5394 ἐπιϐουλεύειν
3563 5350 3667 5403 τοῖς
3722 5352 3911 5420 σπὲρ.

2271 5450 2404 5504 μασι
2450 5435 2540 5483 καὶ
2592 5437 2813 5507 καρποῖς
2855 5436 2949 5492 τῆς
3015 5428 3221 5503 ἀρετῆς
3303 5432 3493 5484 ὡσανεὶ
3547 5430 3738 5505 λέγων,
3814 5436 3943 5493 ὅτε
