3990 6206
1099 223 1462 283 COMMENT.
1503 222 1579 278 IN
1619 217 2062 279 MATTHEUM.
2101 248 2170 261 —
2208 217 2368 276 CAP.
2401 218 2550 275 VIII.

3369 221 3476 277 294

123 349 196 408 οἵ
215 355 309 424 μὲν
349 349 601 426 δαίμονες
638 356 856 426 ἔχουσιν
902 351 950 405 έν
1001 357 1086 404 σοὶ
1133 349 1355 424 φῶλεους
1408 354 1498 402 καὶ
1551 368 1718 412 κατα-

1844 345 2005 402 aidos
2037 344 2097 400 in
2125 347 2181 401 te
2209 343 2432 401 habent
2455 359 2600 415 ;ego
2627 346 2826 400 autem
2848 358 3043 416 neque
3063 343 3477 402 brevissimam

117 443 426 502 σκηνώσεις’
502 443 603 513 ἐγὼ
661 439 719 494 δὲ
781 437 902 493 οὐδὲ
957 439 1216 514 βραχεῖαν
1292 438 1584 490 ἀνάπαυσιν
1643 438 1718 490 εὖ·

106 534 276 604 ρίσκω
317 533 471 601 παρὰ
505 537 569 602 τῇ
626 537 692 602 σῇ
741 526 918 601 ψυχῇ.
967 528 1154 582 Φωλεοὶ
1210 524 1268 580 δὲ
1319 531 1409 579 καὶ
1455 545 1718 584 κατασκήο

106 623 295 678 νώσεις
346 626 453 669 τῶν
513 614 794 690 δαιμόνων,
857 621 922 670 τὰ
989 619 1153 683 πάθη,
1212 617 1284 676 οἷς
1349 614 1720 688 ἐγκρύπτονται

106 711 196 758 καὶ
227 705 667 758 ἕναναπαύονται·
717 708 837 759 Υἰον
885 701 944 758 δε
995 704 1267 781 ἀνθρώπου
1319 703 1462 756 καλεῖ
1517 702 1718 770 ἑαυτὸν,

109 791 365 864 βεϐαιῶν,
409 795 496 846 ὅτι
529 797 667 846 κατά
700 793 942 854 ἀλήθειαν
973 797 1324 868 σεσάρκωται,
1365 797 1454 844 καὶ
1493 791 1551 844 06
1587 792 1722 842 κατά

108 886 428 952 φαντασίαν,
483 881 555 944 ὥς
596 902 724 944 τινες
767 882 1146 956 ὑπελάμϐανον,
1207 881 1506 956 ’Ἄνθρωπον
1538 875 1597 932 δὲ
1634 886 1720 930 νῦν

105 969 262 1040 λέγει,
285 974 390 1028 τήν
405 974 618 1044 μητέρα
649 971 828 1024 αὐτοῦ’
859 970 1164 1047 Ἀνθρωπος
1185 972 1288 1045 γὰρ
1313 969 1534 1041 λέγεται,
1563 968 1668 1040 οὐχ
1694 969 1720 1020 6

109 1057 233 1132 ἀνὴρ
269 1063 462 1130 μόνον.
493 1058 622 1112 ἀλλά
649 1065 738 1113 καὶ
758 1062 788 1119 ἠ
820 1065 950 1132 γυνή
978 1060 1116 1132 (75).

174 1146 396 1220 Ἕτερος
425 1178 501 1189 -
529 1152 739 1221 Πατέρα
765 1168 886 1221 μου.
911 1153 1004 1210 Τίς
1031 1151 1120 1220 μιν
1151 1144 1212 1206 ἧν
1241 1147 1386 1208 οὗτος
1415 1148 1441 1198 6
1462 1147 1714 1220 μαθητὴς,

109 1237 199 1288 οὐκ
224 1233 506 1294 ἐδήλωσεν
537 1239 564 1289 6
585 1237 974 1310 εὖαγγελιστής,
1006 1236 1189 1300 Ὀστις
1220 1233 1278 1290 δί
1297 1242 1387 1289 καὶ
1421 1233 1501 1302 ἦν,
1535 1234 1721 1306 εὐγνω-

113 1330 437 1394 μονέστατος
486 1323 569 1385 ἦν.
617 1334 730 1400 Ορα
779 1329 903 1402 γὰρ,
949 1330 1045 1392 ὅτι,
1085 1330 1257 1378 καίτοι
1288 1334 1382 1377 τοῦ
1417 1327 1721 1397 πράγματος

114 1410 329 1466 δικαίου
384 1419 485 1467 καὶ
539 1413 825 1487 ἀναγκαίου
882 1412 1173 1481 δοκοῦντος,
1231 1417 1369 1487 ὅμως
1425 1413 1556 1466 αἰτεῖ
1604 1417 1722 1486 περὶ

110 1506 321 1569 τούτου,
379 1508 457 1574 μή
529 1503 753 1566 θελήσας
813 1502 1043 1556 ἀπελθεῖν
1101 1502 1184 1575 ἀφ’
1245 1502 1452 1554 ἑαυτοῦ*
1515 1505 1574 1553 16
1641 1497 1720 1567 δε,

111 1598 353 1664 Πρῶτον,
406 1592 544 1664 εἷπε,
578 1590 772 1662 δηλῶν,
817 1596 898 1646 611
943 1596 1117 1645 ἔπειτα
1159 1591 1503 1650 ἀκολουθήσοι
1531 1609 1723 1644 παντα-

109 1688 230 1750 χοῦ.

181 1770 252 1823 ’0
312 1768 380 1824 δὲ
428 1772 644 1832 Ἰησοῦς
707 1801 776 1812 -
825 1773 944 1832 τοὺς
1019 1770 1208 1823 ἑαυτῶν
1272 1773 1500 1844 νεκρούς.
1571 1769 1723 1822 Ἐκώ-

117 1860 256 1913 hac:
307 1860 502 1927 αὑτὸν,
552 1860 611 1912 οὗ
649 1859 859 1912 κωλύων
899 1863 955 1912 τὸ
993 1866 1148 1931 τιμᾲν
1205 1863 1320 1920 τοὺς
1362 1867 1546 1930 γονεῖς,
1598 1858 1725 1910 ἀλλὰ

131 1945 426 2013 διδάσκων,
501 1951 581 2001 ὅτι
643 1953 753 2021 χρὴ
817 1951 904 2001 τὸν
977 1947 1230 2021 ἕφιέμενον
1293 1957 1391 2001 τῶν
1453 1948 1722 2023 οὐρανίων,

123 2045 188 2108 μή
260 2039 617 2110 ἀποστρέφειν
670 2037 738 2097 εἰς
793 2039 857 2089 τὰ
916 2042 1092 2108 γήῖνα,
1165 2033 1294 2109 μηδ’
1355 2035 1724 2109 ἀπολιμπάνειν

124 2133 206 2196 μὲν
251 2131 320 2179 τὰ
386 2127 592 2200 ζωορά,
640 2121 1008 2200 παλινδρομεῖν
1057 2122 1115 2177 δε
1170 2125 1242 2188 εἰς
1300 2129 1366 2178 τὰ
1419 2128 1722 2199 νεκρωτικά,

124 2213 253 2287 Qui:
326 2223 471 2268 Θεοῦ
537 2220 793 2288 προτιμᾴν
856 2220 1040 2286 γονεῖς.
1114 2214 1394 2286 Ἐ’γίνωσκε
1457 2216 1580 2289 γὰρ,
1647 2216 1727 2266 611

127 2305 362 2374 θὶτᾷουσι
403 2310 585 2355 τοῦτον
624 2301 787 2374 ἄλλοι,
834 2307 924 2354 καὶ
962 2302 1056 2355 οὐκ
1106 2302 1262 2368 εἰκὸς,
1306 2310 1484 2356 τοῦτον
1518 2302 1726 2356 ἀπολει-

125 2396 312 2463 φθῆναι
365 2400 470 2443 τῶν
513 2390 937 2464 ἀναγκαιοτέρων.
986 2389 1149 2464 Οἶμαι
1192 2388 1272 2461 δὲ,
1321 2393 1402 2444 ὃτι
1449 2396 1538 2444 καὶ
1599 2394 1728 2444 ἄπι-

129 2501 243 2543 στος
304 2477 376 2538 ἦν
428 2481 456 2532 6
511 2479 833 2540 τελευτήσας.
888 2483 973 2532 Διό
1020 2485 1110 2532 καὶ
1175 2476 1328 2533 εἶπεν
1387 2480 1545 2553 ’Ἄφες
1609 2485 1731 2542 τοὺς

126 2574 364 2642 νεκροὺς,
437 2573 701 2635 τουτέστι,
767 2575 1170 2642 Παραχὼρησον
1234 2577 1340 2630 τοῖς
1420 2575 1729 2645 νενεκρωμέ-

127 2679 226 2720 νοις
302 2658 382 2718 εἰς
449 2662 650 2724 πίστιν,
719 2657 885 2728 θάψαι
949 2662 1063 2718 τοὺς
1126 2663 1484 2732 προσήκοντας
1553 2659 1732 2721 αὐτοῖς

127 2752 364 2822 νεκροὺς.
432 2746 494 2798 Ὀ
558 2748 657 2821 γὰρ
719 2749 891 2818 νεκρὸς
952 2746 1120 2813 οὗτος,
1183 2746 1278 2798 οὐκ
1337 2749 1450 2800 ἔστι
1503 2751 1594 2809 σὸς
1653 2767 1730 2800 νε-

131 2841 270 2907 ιρός,
344 2831 491 2887 διότι
553 2834 648 2886 οὐκ
713 2837 824 2886 ἔστι
873 2839 1019 2907 μερὶς
1080 2843 1250 2905 πιστῷ
1315 2838 1445 2908 μετά
1485 2835 1728 2893 ἀπίστου.

133 2929 190 2976 Σὺ
240 2922 328 2993 δι’,
387 2923 430 2976 εἰ
490 2923 793 2995 θαυμάζεις,
842 2931 948 2984 πῶς
984 2923 1078 2976 οὐκ
1130 2923 1443 2997 αὐθαιρέτως
1487 2923 1730 2994 ἀπῆλθεν,

135 3014 231 3065 αλλ’
258 3013 538 3086 ᾖτῆσατο,
586 3014 872 3083 θαύμασον,
906 3017 991 3065 καὶ
1022 3020 1128 3075 πῶς
1155 3013 1402 3074 κωλυθεὶς
1435 3016 1641 3087 ἔμεινεν.
1675 3015 1734 3069 Εἰ

137 3100 184 3154 0"
211 3103 410 3154 ἐκεῖνον
440 3097 562 3154 οὐδ’
588 3099 672 3154 ἐπὶ
700 3105 885 3176 μικρὸν
915 3099 1149 3173 ἀφῆκενὸ
1175 3102 1736 3176 Χριστόςάπολειφθῆ-

136 3211 211 3242 ναι
228 3199 338 3251 τῶς
367 3187 729 3252 διδασκαλίας
753 3190 934 3258 αὐτοῦ,
963 3197 1098 3254 τίνος
1121 3190 1180 3242 ἂν
1211 3195 1383 3266 εἴημεν
1409 3195 1553 3266 ἡμεῖς
1574 3192 1731 3265 ἄξιοι,

138 3285 216 3331 τὰ»
273 3279 492 3332 ἅπαντα
544 3282 736 3352 χρόνον
811 3277 1150 3352 ἀφιστάμενοι
1210 3289 1310 3333 τῶν
1369 3279 1578 3334 ἐντολῶν
1643 3281 1735 3334 αὐ-

139 3375 244 3422 τοῦ.

392 3460 543 3510 ΚΕΦ.
584 3459 674 3509 IA.
717 3459 842 3529 Περὶ
877 3463 980 3517 τῶς
1017 3454 1358 3529 έπιτιμήσεως
1390 3465 1490 3510 τῶν

820 3540 1054 3599 ὑδάτων.

211 3637 314 3686 Καὶ
345 3631 562 3704 ἒμξάντι
591 3661 662 3673 -
706 3633 756 3683 οἰ
791 3633 1026 3704 μαθηταὶ
1057 3631 1236 3684 αὐτοῦ’
1269 3637 1396 3694 Τοὺς
1430 3637 1518 3707 μὲν
1549 3636 1742 3708 ὄχλους

141 3731 358 3794 τορξκε,
401 3718 496 3774 διὰ
527 3724 617 3781 τὰς
647 3719 1030 3794 προρῥηθείσας
1054 3721 1240 3782 αἰτίας·
1272 3727 1392 3784 τοὺς
1418 3721 1477 3776 δὲ
1505 3727 1741 3797 μαθητὰς

145 3809 420 3884 παρέλαϐε,
463 3806 560 3862 διὰ
590 3813 652 3861 16
678 3808 858 3880 μέλλον
895 3808 944 3861 έν
973 3817 1035 3882 τῇ
1067 3809 1304 3884 θαλάσσῃ
1335 3815 1576 3883 γενέσθαι
1611 3816 1742 3866 θαύ-

147 3917 240 3968 ξια.
283 3900 422 3951 ἐπεὶ
479 3901 584 3972 γὰρ
641 3905 741 3949 τῶν
795 3897 966 3970 ὄχλων
1029 3898 1476 3972 εὐεργετουμὲνων,
1536 3901 1584 3954 έν
1671 3912 1742 3974 τῷ

157 3989 524 4054 θεραπεύεσθαι
581 3989 675 4046 τὰς
740 3984 1006 4049 ἀσθενείας
1057 3988 1146 4040 καὶ
1198 3993 1380 4050 νόσους
1445 3990 1634 4060 αὐτῶν,
1696 3993 1745 4044 οἱ

157 4077 381 4146 μαθηταὶ
405 4073 624 4130 ἐδόκουν
660 4079 824 4148 μένειν
856 4073 1263 4148 ἀνευεργέτητοι,
1291 4077 1469 4131 λοιπὸν
1499 4079 1747 4153 εὐεργετεῖ

159 4171 242 4214 ιιι
301 4168 535 4231 τούτους,
615 4170 708 4216 καὶ
775 4169 1172 4238 παραχωρήσας
1237 4164 1474 4237 ἐμπεσεῖν
1556 4169 1747 4229 αὐτοὺς

159 4251 228 4310 εἰς
331 4250 570 4307 κίνδυνον
676 4261 1126 4326 καταποντισμοῡ,
1222 4253 1537 4329 παραδόξως
1633 4257 1748 4332 ῥυέ-

153 4357 262 4393 ται.

1828 433 2100 506 requiem
2117 433 2276 504 apud
2291 433 2555 489 animam
2579 436 2742 488 tuam
2758 433 3019 491 invenio.
3037 433 3241 490 Foveaa
3256 449 3392 490 vero
3407 449 3478 490 ac

1829 521 1954 578 nidi
1983 521 2352 586 daemonum,
2382 520 2718 578 affectiones
2745 526 2904 587 sunt,
2937 521 2998 578 in
3035 523 3251 595 quibus
3281 523 3478 581 occul-

1830 615 2028 668 tantur
2046 626 2115 666 ac
2144 609 2548 682 requiescunt.
2585 608 2796 666 Filium
2812 617 3014 668 autem
3035 611 3300 668 hominis
3328 611 3482 685 seip-

1831 715 1968 756 sum
1981 704 2168 763 vocat,
2189 697 2552 754 conﬁrmans
2564 698 2730 770 quod
2749 715 2885 756 vere
2902 706 3090 756 etnon
3108 700 3480 772 phantastice

1831 788 1907 844 sit
1930 789 2296 853 incarnatus,
2312 791 2374 842 ut
2398 787 2644 860 quidam
2663 789 3151 860 suspicabantur:
3169 789 3480 847 hominem

1829 877 2030 933 dicens
2067 891 2229 932 nunc
2277 879 2530 932 matrem
2569 892 2765 932 suam.
2796 878 2946 934 Nam
2972 879 3263 954 ἄνθρωπος,
3293 878 3356 935 id
3392 883 3482 936 est

1828 965 2032 1033 homo,
2100 969 2342 1022 vocatur
2404 979 2529 1020 non
2593 969 2825 1022 tantum
2906 967 3014 1034 vir,
3075 967 3181 1024 sed
3233 972 3291 1024 et
3353 983 3482 1024 mu-

1826 1052 1952 1110 lier.

1899 1144 2058 1198 Vers.
2089 1145 2176 1196 2t.
2196 1141 2369 1198 Alius
2390 1169 2456 1180 —
2477 1146 2710 1210 patrem
2731 1157 2944 1200 meum.
2965 1143 3108 1210 Quis
3129 1147 3283 1201 certe
3307 1144 3482 1202 fuerit

1827 1230 1925 1287 hic
1953 1229 2304 1301 discipulus,
2328 1245 2450 1286 non
2470 1229 2830 1302 signiﬁcavit
2861 1232 3255 1302 evangelista:
3275 1249 3481 1291 verum

1829 1317 2104 1392 quisquis
2141 1318 2332 1388 fuerit,
2373 1319 2770 1392 probissimus
2795 1324 2937 1378 erat.
2954 1321 3098 1378 Vide
3145 1322 3296 1378 enim
3322 1323 3484 1396 quod

1829 1407 1892 1464 id
1923 1423 1986 1462 re
2015 1407 2183 1462 etiam
2213 1423 2348 1479 quae
2375 1408 2535 1479 justa
2559 1424 2630 1464 ac
2659 1409 2992 1466 necessaria
3020 1410 3354 1478 videbatur,
3381 1427 3483 1484 po-

1831 1495 2009 1552 stulat
2036 1500 2101 1552 ut
2131 1495 2244 1552 sibi
2278 1495 2470 1564 liceat,
2525 1494 2735 1552 nolens
2761 1513 2872 1554 sua
2897 1497 3088 1570 ipsius
3135 1502 3482 1556 auctoritate

1833 1583 2179 1644 abscedere.
2240 1585 2386 1640 Dicit
2415 1590 2636 1651 autem,
2670 1586 2852 1653 Prius,
2888 1586 3276 1644 manifestans
3321 1588 3483 1659 quod

1758 1703 1800 1758 Β
1833 1671 2223 1746 postmodum
2245 1673 2460 1744 quovis
2499 1679 2865 1745 sequeretur.

1903 1761 2068 1818 Vers.
2087 1765 2175 1817 22.
2206 1761 2369 1818 Jesus
2389 1769 2585 1819 autem
2613 1793 2680 1803 —
2709 1769 2971 1819 mortuos
2995 1779 3143 1821 suos.
3179 1764 3486 1821 Pronibuit

1832 1865 1992 1917 eum,
2022 1866 2143 1906 non
2201 1856 2402 1907 vetans
2447 1851 2746 1908 honorare
2799 1859 3098 1924 parentes,
3129 1854 3233 1910 sed
3263 1855 3483 1911 docens

1832 1943 2108 2013 oportere
2135 1953 2272 1995 eum
2291 1939 2390 2012 qui
2419 1939 2682 1997 caelestia
2707 1941 2947 2014 appetit,
2985 1957 3106 1999 non
3128 1944 3389 1999 converti
3405 1943 3487 2000 ad

1835 2033 2068 2086 terrena
2098 2042 2110 2081 :
2145 2041 2340 2100 neque
2370 2027 2582 2083 vividis
2595 2029 2827 2096 relictis,
2858 2031 2936 2086 ad
2962 2030 3263 2087 mortifera
3286 2047 3488 2087 recur-

1833 2132 1984 2182 rere,
2009 2119 2113 2172 ant
2141 2130 2324 2188 supra
2349 2115 2530 2171 Deum
2575 2117 2872 2174 honorare
2924 2124 3218 2192 parentes.
3253 2119 3490 2176 Sciebat

1835 2205 1986 2262 enim
2015 2205 2180 2278 quod
2203 2203 2301 2261 alii
2325 2204 2499 2261 illum
2524 2212 2724 2262 essent
2750 2208 3032 2279 sepulturi
3061 2229 3079 2280 ;
3113 2225 3223 2265 nec
3247 2225 3488 2280 aequum

1837 2299 1982 2358 erat,
2016 2299 2080 2349 ut
2105 2293 2181 2350 ab
2208 2293 2304 2349 his
2347 2310 2479 2366 qua;
2518 2295 2712 2365 magis
2736 2298 3071 2354 necessaria
3114 2303 3299 2364 erant,
3332 2314 3492 2354 rece-

1836 2383 2022 2440 deret.
2049 2382 2268 2454 Opinor
2305 2387 2504 2439 autem
2537 2398 2675 2440 eum
2714 2385 2819 2457 qui
2873 2391 3136 2443 mortuus
3191 2393 3317 2443 erat
3362 2386 3491 2442 inﬁ-

1837 2471 2032 2528 delem
2070 2470 2272 2536 fuisse,
2321 2471 2570 2544 ideoque
2618 2472 2839 2530 dixisse
2876 2474 3176 2532 Christum
3209 2476 3493 2533 :Dimitte

1837 2564 2116 2625 mortuos,
2140 2559 2256 2615 hoc
2286 2563 2395 2624 est,
2426 2561 2649 2616 Recede
2673 2562 2746 2616 ab
2789 2562 2879 2618 his
2907 2564 3010 2636 qui
3039 2564 3094 2619 in
3125 2563 3240 2620 ﬁde
3279 2564 3493 2620 mortui

1839 2653 1998 2717 sunt,
2016 2652 2078 2704 ut
2087 2648 2370 2718 sepeliant
2381 2657 2662 2715 mortuos,
2677 2649 2775 2721 qui
2788 2651 2950 2723 ipsos
2961 2653 3332 2723 contingunt.
3348 2653 3490 2709 Nam

1838 2738 1934 2793 hic
1958 2742 2246 2802 mortuus,
2275 2752 2398 2794 non
2429 2742 2517 2794 est
2568 2742 2698 2793 tuus
2753 2745 3052 2796 mortuus:
3087 2757 3281 2814 neque
3329 2741 3491 2796 enim

1840 2825 2004 2881 ﬁdeli
2035 2841 2176 2898 pars
2201 2829 2290 2882 est
2317 2842 2448 2882 cum
2485 2825 2707 2883 inﬁdeli
2727 2829 2795 2880 ⁸⁷.
2827 2827 2915 2884 Tu
2934 2845 3072 2884 vero
3104 2829 3152 2885 si
3178 2829 3494 2886 admiraris

1840 2929 1964 2986 quo
1980 2913 2164 2970 modo
2191 2929 2312 2970 non
2324 2931 2435 2973 sua
2460 2922 2671 2988 sponte
2691 2917 2919 2987 abierit,
2939 2919 3042 2974 sed
3056 2918 3260 2991 petivit
3297 2923 3362 2975 ut
3381 2918 3493 2974 sibi

1841 3003 2038 3059 liceret
2061 3020 2074 3058 :
2099 3004 2398 3061 admirare
2427 3006 2605 3061 etiam
2628 3022 2752 3078 quo
2779 3007 2960 3064 modo
2983 3008 3320 3081 prohibitus
3334 3025 3496 3064 man-

1845 3091 2002 3148 serit.
2033 3091 2201 3158 Quod
2263 3092 2312 3148 si
2341 3093 2509 3149 illum
2548 3111 2743 3168 neque
2781 3097 2861 3153 ad
2907 3097 3208 3154 modicum
3267 3096 3498 3153 dimisit

1845 3179 2115 3236 Christus
2147 3185 2211 3237 ut
2231 3182 2669 3241 asuadoctrina
2695 3185 3038 3254 discederet,
3054 3203 3175 3260 qua
3201 3187 3494 3260 pcena(jj)

1844 3269 2014 3340 digni
2043 3269 2284 3336 erimus,
2313 3271 2417 3344 qui
2445 3273 2610 3329 omni
2661 3278 2930 3345 tempore
2969 3289 3006 3331 a
3029 3277 3344 3347 praeceptis
3367 3275 3498 3345 ejus

1845 3357 2230 3415 discedimus.

2096 3448 2245 3505 CAP.
2275 3451 2359 3506 XI.
2392 3449 2478 3507 De
2504 3450 2909 3522 increpatione
2935 3467 3248 3525 aquarum.

1921 3625 2090 3683 Vers.
2137 3625 2226 3683 23.
2281 3627 2539 3701 Cumque
2582 3630 3033 3689 ascendisset—
3062 3631 3337 3702 discipuli
3389 3632 3502 3688 sui.

1848 3713 2073 3771 Turbas
2111 3715 2356 3789 quidem
2381 3723 2626 3791 propter
2652 3735 2873 3777 causas
2911 3720 3222 3792 praedictas
3262 3721 3504 3797 dimisit,

1851 3803 2172 3876 discipulos
2201 3810 2401 3864 autem
2433 3824 2574 3864 suos
2607 3810 2950 3882 assumpsit,
2993 3815 3226 3882 propter
3255 3811 3507 3870 miracu-

1850 3892 1977 3949 lum
2005 3895 2255 3965 quodin
2292 3897 2442 3953 mari
2470 3897 2731 3955 facturus
2762 3903 2907 3956 erat.
2941 3901 3087 3956 Cum
3123 3901 3283 3957 enim
3323 3903 3510 3958 turbis

1852 3980 2144 4040 beneﬁcia
2156 3986 2518 4053 contulisset,
2534 3989 2807 4046 sanando
2827 3989 3146 4058 languores
3177 4007 3243 4046 ac
3267 3992 3510 4047 morbos

1854 4086 2083 4143 eorum,
2112 4073 2467 4132 videbantur
2482 4077 2758 4149 discipuli
2785 4078 2951 4135 nullo
2973 4080 3173 4148 affecti
3199 4079 3506 4138 beneficio.

1857 4161 1922 4215 Et
1951 4158 2011 4214 in
2037 4160 2148 4216 hos
2175 4161 2377 4235 itaque
2406 4180 2577 4222 suam
2608 4173 2836 4224 exercet
2887 4166 3385 4238 muniﬁcentiam,
3442 4185 3512 4226 ac

1855 4251 2178 4320 postquam
2208 4267 2310 4307 eos
2336 4253 2600 4323 permisit
2629 4255 2689 4310 in
2731 4255 3128 4312 demersionis
3181 4257 3509 4328 periculum

1855 4335 2135 4404 incidere,
2163 4339 2410 4397 demum
2440 4343 2789 4400 mirabiliter
2819 4345 3011 4417 eripit.

227 4434 328 4480 [si
392 4461 458 4470 —
528 4431 798 4503 zuya'rm.
889 4429 1054 4491 Οὗτος
1142 4432 1232 4502 μὶν
1316 4435 1531 4504 σεισμὸν
1618 4429 1725 4486 εἶπε

1936 4402 2237 4484 Vers.-24.
2281 4431 2355 4486 Et
2387 4461 2457 4471 —
2491 4431 2790 4500 ﬂuctibus.
2837 4402 2946 4488 Hic
2989 4433 3245 4505 quidem,
3279 4437 3512 4492 motum

161 4521 364 4585 κέρκος
402 4515 461 4572 δί
510 4523 603 4571 καὶ
631 4523 846 4578 Λουκᾶς.
907 4517 1134 4570 λαιλαπα
1180 4516 1367 4591 ἀνέμου
1406 4524 1587 4593 φασίνο
1637 4523 1749 4573 ἔστι

171 4599 442 4661 611116161.
499 4612 600 4659 Καὶ
648 4609 868 4677 σεισμὸς
909 4607 1011 4679 γὰρ
1060 4611 1151 4659 καὶ
1201 4606 1416 4679 λαίλαψ,
1467 4610 1492 4660 6
1544 4605 1748 4662 κλύδων

161 4689 372 4760 εὐήθη,
417 4692 512 4748 διὰ
557 4699 618 4748 16
671 4699 824 4746 σείειν
891 4697 982 4747 καὶ
1056 4699 1360 4768 συστρέφέιν
1413 4701 1503 4749 καί
1554 4695 1749 4770 ἀναμο-

237 4871 286 4906 ⁸τ
318 4871 355 4928 li
379 4875 501 4932 Cor.
529 4890 612 4947 vi,
659 4879 744 4932 15.
822 4873 872 4911 ⁸⁸
904 4875 1073 4932 Marc.
1105 4876 1182 4945 iv,
1209 4879 1312 4946 35;
1339 4876 1608 4946 Luc.vi1i,
1638 4878 1732 4934 23.

1859 4521 2020 4578 dixit.
2076 4521 2306 4576 Marcus
2356 4524 2554 4577 autem
2605 4525 2662 4576 et
2713 4521 2920 4588 Lucas,
2963 4521 3290 4594 procellam
3356 4522 3516 4580 dixe-

1857 4613 1999 4666 runt
2022 4610 2091 4666 ⁸⁸.
2137 4609 2307 4667 Maris
2339 4607 2500 4665 enim
2548 4612 2889 4682 tempestas,
2923 4615 2980 4667 et
3029 4615 3252 4680 motus,
3295 4615 3352 4669 et
3379 4628 3514 4688 pro-

1861 4699 2011 4757 cella
2037 4699 2197 4756 dicta
2225 4708 2329 4767 est,
2361 4713 2432 4756 eo
2461 4698 2628 4772 quod
2648 4714 2835 4772 aquas
2853 4707 3237 4761 commoveat
3267 4719 3337 4761 ac
3382 4719 3514 4763 con-

1371 5052 1598 5128 Variae
1625 5056 1954 5128 lectiones
1986 5065 2274 5127 etnotae.

247 5241 364 5324 (73)
385 5247 477 5311 ilic
498 5253 666 5311 addit
689 5248 1020 5310 Bentenius
1040 5267 1112 5310 ex
1127 5252 1394 5324 margine
1424 5253 1516 5310 sui
1537 5253 1761 5311 codicis

175 5321 552 5382 heczVolebat
574 5330 876 5398 autem,ut
897 5325 1230 5398 postposita
1253 5321 1601 5396 Eujusmodi
1631 5341 1756 5398 spe,

177 5403 589 5466 aequentur.At
616 5397 715 5454 ille
743 5395 930 5452 simul
948 5395 1566 5470 utaudivit,tanquam
1589 5395 1761 5470 pecu?-

251 5517 362 5588 (ii)
385 5520 555 5582 Perna.
582 5525 756 5582 Forte
782 5526 1034 5597 τιμωρίας
1070 5521 1387 5580 invenerit.

1862 5254 1972 5330 nia:
1999 5259 2236 5330 amator
2263 5253 2568 5312 abscessit.
2602 5253 2740 5330 ﬂis‘
2755 5253 2969 5313 similia
2996 5255 3180 5330 habet
3211 5255 3512 5330 TheOphy-

1863 5325 2123 5405 lactanp.
2145 5327 2241 5405 Δ44
2285 5341 2298 5405 ξ
2355 5332 2542 5405 Ταῦτα,
2589 5323 2659 5405 δι’
2701 5325 2864 5405 ξλεσχεν
2931 5329 3072 5380 ὡσάν
3145 5333 3300 5405 πείσῃ
3361 5323 3517 5382 ἆῦτῖἱν

1863 5394 2248 5471 μεταϐλὴθέντα
2275 5396 2569 5452 ἀκολουθεῖν
2594 5413 2608 5430 ⁸
2635 5399 2662 5450 6
2703 5394 2762 5452 δὲ
2786 5394 3070 5475 ἀναχωρεῖ.
