3990 6206
160 118 203 151 ’,ι

166 226 195 243 οί

117 391 124 416 ‘I
204 402 205 405 η

113 497 122 526 Ἴ

113 543 147 561 .

113 595 124 666 ἓ
188 672 195 677 .

115 701 151 729 ἱ

144 792 147 793 ν
202 808 211 821 ι

113 853 171 880 μ.

115 887 120 902 '.

115 915 118 924 .

111 1069 134 1082 ’-

111 1115 118 1170 ἶ

111 1193 116 1208 |
208 1202 212 1207 .

109 1300 212 1341 Αἵ

111 1345 114 1360 ε
188 1346 191 1363 Ῐ

107 1423 112 1432 Ι

109 1466 143 1476 ,

109 1515 112 1524 ι

103 1607 179 1643 εν-

103 1738 149 1764 ι’

138 1774 145 1783 ι

208 2932 212 2940 ε

101 3237 108 3246 ›

97 4361 104 4372 ο

99 4591 106 4602 1

101 4663 104 4676 l

99 4725 108 4742 ἰ

101 4819 106 4832 ι

101 4969 106 4978 ι

101 4989 106 5002 ι

39 5021 44 5032 Ι
101 5021 106 5032 ἱ

39 5085 42 5088 ~
99 5073 106 5094 ἔ

39 5173 46 5204 Ῐ
106 5142 115 5183 Vr

41 5205 46 5220 ι
101 5201 104 5208 .

43 5247 52 5280 ἶ,
103 5251 106 5256 .

31 5363 74 5376 .I

19 5397 50 5416 ,I.

29 5431 72 5458 ⁸Ι

9 5489 16 5508 1
89 5487 94 5494 .

27 5511 72 5530 ⁴¹ι

45 5533 52 5550 'I

11 5579 16 5594 δ
69 5585 74 5598 ι

69 5627 74 5644 Ι

27 5911 34 5922 ρ
108 5892 143 5927 τ’

108 5948 143 5959 ΔΑ

604 124 718 236 ’295
1548 209 1559 222 .
1924 162 2271 230 EUTHYMII

611 303 819 362 turbet.
851 302 1113 357 Rursum
1132 300 1437 358 Matthaaus
1464 304 1518 356 et
1545 303 1771 356 Marcus
1794 300 1854 356 in
1875 298 2023 355 mari
2050 313 2265 353 navem

611 391 1044 465 periclitantem
1067 406 1198 445 esse
1243 389 1488 456 dicunt;
1533 392 1717 444 Lucas
1754 404 1894 443 vero
1937 389 1997 443 in
2033 393 2265 459 stagno.

613 484 811 554 Neque
838 484 922 535 est
948 479 1370 544 contradictio;
1400 494 1541 534 nam
1582 483 1636 533 et
1664 478 1780 542 hic,
1815 483 1870 532 et
1897 476 1991 531 ille
2016 476 2270 531 Tiberia-

613 571 745 625 dem
786 569 1298 638 significant,qua3
1330 574 1542 622 natura
1577 566 1825 638 quidem
1852 570 2118 635 stagnum
2148 570 2265 635 est;

612 660 725 713 situ
738 674 878 712 vero
906 673 1090 725 mare,
1112 661 1342 727 propter
1362 654 1861 725 magnitudinem.
1878 656 2041 709 Unde
2067 659 2121 709 et
2136 669 2270 709 eam

612 746 972 819 quandoque
1005 750 1308 814 stagnum,
1342 745 1639 799 interdum
1663 748 1863 798 autem
1893 758 2055 797 mare
2082 742 2270 797 nomi-

613 840 782 891 nant.
824 837 1000 890 Facta
1031 840 1137 898 est,
1172 834 1384 904 inquit,
1417 838 1754 903 tempestas,
1786 837 1849 886 ut
1893 831 2161 886 videlicet
2190 830 2271 886 fa-

614 930 737 981 stus
763 924 1253 994 comprimeretur
1282 922 1739 992 discipulorum.
1790 921 2273 988 lmaginabantur

613 1012 771 1068 enim
796 1028 1012 1081 magna
1043 1011 1115 1065 de
1144 1010 1369 1080 seipsis,
1401 1014 1605 1081 utpote
1636 1009 1737 1081 qui
1764 1009 1989 1064 caeteris
2005 1008 2271 1063 dimissis

614 1100 723 1157 soli
752 1100 864 1172 ipsi
880 1115 1016 1154 cum
1032 1102 1395 1170 praeceptore
1418 1098 1905 1167 ingressiessent:
1939 1101 1993 1151 et
2013 1100 2075 1151 ut
2098 1096 2271 1166 quasi

613 1188 776 1245 orbis
813 1187 1067 1251 athletae,
1102 1186 1366 1258 periculo
1397 1186 1857 1241 exercitarentur
1891 1184 1967 1240 ad
2000 1185 2269 1254 timores,

614 1282 671 1334 et
696 1281 979 1349 tanquam
994 1275 1202 1331 mundi
1230 1275 1657 1344 gubernatores
1688 1273 1760 1329 ad
1782 1272 2073 1345 procellas
2088 1276 2269 1329 tenta-

615 1366 869 1422 tionum.

684 1455 845 1510 Vers.
878 1457 971 1508 24.
1034 1455 1157 1522 Ipse
1209 1468 1342 1509 vero
1396 1451 1737 1507 dormiebat.
1799 1450 2034 1507 Marcus
2090 1450 2267 1506 etiam

610 1542 809 1599 locum
846 1541 1121 1613 designat
1145 1542 1205 1596 in
1226 1556 1343 1613 quo
1372 1540 1723 1595 dormiebat.
1760 1540 1909 1596 Dixit
1929 1540 2087 1595 enim
2102 1540 2269 1611 quod

609 1636 734 1688 erat
759 1632 817 1686 in
858 1630 1040 1702 puppi
1066 1645 1242 1700 super
1262 1628 1517 1684 cervical
1543 1628 1847 1684 dormiens
1876 1630 1951 1682 5’.
1992 1630 2128 1684 Erat
2159 1644 2269 1684 au—

611 1727 729 1778 tem
760 1719 1005 1777 cervical
1046 1719 1190 1774 illud
1247 1719 1533 1789 ligneum,
1576 1718 1636 1773 in
1668 1717 1851 1790 puppi
1881 1716 2264 1773 fabricatum.

613 1810 954 1868 Dormiebat
1004 1824 1144 1864 vero
1226 1807 1675 1879 dispensatorie,
1750 1812 1812 1861 ut
1888 1806 2270 1862 vehementer

613 1900 1066 1955 timerent.Nam
1083 1897 1131 1952 si
1160 1896 1485 1967 vigilasset,
1519 1900 1621 1952 aut
1643 1894 1803 1950 nullo
1834 1894 2017 1950 modo
2042 1894 2270 1950 timuis-

615 1992 761 2057 sent,
793 1990 894 2041 aut
920 2001 1135 2057 parum
1178 1984 1357 2040 territi
1409 1983 1681 2039 fuissent.
1716 1982 2039 2054 Oportebat
2067 1988 2269 2039 autem

614 2092 717 2132 eos
748 2090 1038 2145 magnum
1063 2074 1292 2129 timoris
1332 2088 1577 2127 sensum
1618 2072 1945 2143 concipere,
1978 2077 2042 2126 ut
2089 2072 2268 2127 etiam

615 2165 691 2220 ad
718 2178 1004 2234 magnum
1030 2163 1304 2235 potentia:
1330 2162 1486 2217 illius
1514 2177 1758 2216 sensum
1789 2164 2182 2233 pervenirent,
2214 2164 2271 2215 et

613 2254 901 2324 majorem
942 2253 1014 2308 de
1047 2267 1119 2307 eo
1150 2252 1326 2306 ﬁdem
1361 2250 1763 2321 conciperent.

686 2344 845 2397 Vers.
900 2346 993 2398 35.
1055 2342 1226 2395 Ει-
1276 2338 1587 2408 perimus?
1623 2342 1843 2395 Marcus
1890 2353 2033 2393 vero
2080 2337 2265 2393 dicit:

613 2434 971 2501 Prwceptor,
1001 2445 1118 2486 non
1136 2435 1215 2485 est
1230 2429 1337 2485 tibi
1361 2444 1517 2485 cura:
1533 2428 1674 2499 quod
1681 2428 1939 2498 perimus
1960 2427 2008 2463 ⁸ο
2029 2426 2055 2480 ?
2084 2428 2270 2481 Lucas

615 2524 817 2575 autem
845 2520 887 2555 ⁶¹
920 2534 932 2573 :
957 2518 1315 2586 Praceptor,
1347 2523 1698 2585 prwceptor,
1728 2515 1985 2585 perimus
2016 2512 2268 2579 Quidam

613 2623 832 2680 nempe
860 2607 996 2671 hoc,
1028 2606 1278 2678 quidam
1310 2605 1456 2660 illud
1486 2604 1769 2660 dicebant
1799 2622 1811 2673 ;
1847 2607 1901 2659 et
1931 2602 2030 2659 alii
2061 2618 2265 2666 unum,

615 2696 711 2752 alii
744 2696 905 2752 aliud
940 2697 1060 2765 (kk)
1098 2712 1111 2759 ;
1140 2700 1244 2751 aut
1273 2696 1443 2749 etiam
1471 2709 1683 2748 omnes
1724 2692 1947 2749 omnia.

685 2788 747 2838 V.
781 2786 872 2840 26.
904 2785 981 2839 Et
1008 2786 1095 2840 ait
1122 2813 1192 2824 —
1218 2782 1462 2840 modicae
1488 2781 1628 2850 ﬁdet
1642 2780 1947 2837 homines?
1976 2779 2269 2835 Timorem

614 2874 874 2945 primum
891 2873 1105 2927 animae
1123 2886 1329 2925 eorum
1346 2870 1539 2936 solvit,
1556 2868 1878 2924 ostendens
1892 2869 2051 2940 quod
2063 2868 2270 2924 animae

615 2961 988 3016 imbecillitas
1001 2960 1273 3014 timorem
1298 2973 1545 3014 causare
1568 2957 1956 3013 consueverit.
1981 2958 2270 3014 Modicam

616 3054 815 3105 autem
841 3064 1049 3103 eorum
1063 3048 1243 3103 ﬁdem
1276 3047 1747 3119 impropreravit,
1774 3045 2271 3118 nempeimperfe-

616 3142 775 3193 ctam
787 3136 1068 3191 fiduciam
1084 3137 1139 3191 in
1158 3152 1285 3191 eum
1298 3135 2095 3208 habitam.Sperabantenim
2108 3135 2270 3208 quod

614 3242 717 3281 eos
744 3240 973 3280 servare
1031 3230 1253 3296 posset,
1303 3224 1403 3281 sed
1439 3224 1710 3296 vigilans,
1742 3240 1865 3282 non
1895 3230 2099 3283 autem
2138 3224 2271 3281 dor-

615 3314 838 3370 miens.
873 3313 1012 3369 Ideo
1033 3329 1277 3385 quoque
1312 3313 1566 3369 excitant
1586 3313 1773 3369 illum.

685 3405 856 3459 Vers.
883 3406 973 3457 26.
994 3402 1155 3458 Tunc
1188 3434 1255 3443 —
1280 3418 1523 3471 magna.
1564 3401 2268 3475 ’Emrtpnaa,increpavit,

614 3492 729 3547 hoc
758 3495 864 3557 est,
898 3490 1232 3563 imperavit.
1264 3491 1410 3546 Dicit
1438 3492 1582 3546 enim
1628 3493 1873 3556 Marcus,
1906 3492 2070 3563 quod
2093 3491 2272 3546 etiam

616 3580 829 3635 dixerit
864 3579 1054 3635 mari:
1096 3581 1261 3643 Tace,
1296 3578 1610 3634 obmutesce
1641 3581 1708 3633 δ’.

684 3672 840 3724 Vers.
900 3673 990 3723 2'7.
1036 3669 1309 3723 Homines
1356 3673 1548 3723 autem
1578 3698 1645 3708 -—
1685 3668 1735 3723 ei
1766 3668 2010 3723 YLucas
2071 3673 2272 3725 autem

608 3758 934 3829 discipulos
966 3758 1081 3812 hoc
1107 3756 1325 3811 dixisse
1352 3756 1433 3811 ait
1455 3756 1498 3789 ⁵³
1529 3771 1542 3817 ;
1575 3756 1875 3811 Matthmus
1916 3771 2055 3811 vero
2084 3756 2277 3815 bomi-

608 3863 712 3902 nes
729 3847 1137 3910 turbasvocat,
1179 3844 1428 3901 sicutait
1445 3843 1936 3917 Chrysostomus.
1962 3844 2273 3917 Siquidem

608 3936 922 3993 verisimile
973 3941 1078 3999 est,
1122 3940 1178 3990 et
1234 3935 1414 4006 ipsas,
1478 3935 1678 3990 audito
1710 3951 1746 3990 a
1801 3934 2103 4006 discipulis
2154 3936 2273 3991 hoc

611 4025 920 4091 miraculo,
952 4024 1223 4079 similiter
1250 4023 1578 4079 admiratas
1627 4038 1780 4092 esse,
1817 4028 1873 4079 et
1901 4024 2121 4095 pariter
2145 4024 2274 4080 haec

610 4115 850 4171 dixisse.
877 4113 1046 4180 Quod
1061 4114 1108 4169 si
1128 4113 1271 4168 disci
1283 4113 1399 4185 puli
1426 4119 1660 4185 propter
1674 4111 2074 4184 imperfectam
2090 4113 2272 4170 ﬁdem

614 4221 798 4274 suam,
833 4203 1005 4276 quasi
1035 4203 1339 4258 hominem
1371 4202 1569 4257 adhuc
1601 4201 1771 4259 illum
1795 4202 2272 4267 admirabautur,

611 4293 798 4349 multo
816 4291 1008 4361 magis
1046 4290 1254 4347 turbae.
1287 4293 1436 4346 Nam
1454 4291 1540 4345 uti
1569 4291 1808 4360 navigio
1835 4291 1912 4347 ad
1935 4292 2274 4348 transfreta-

611 4383 861 4447 tionem,
890 4396 955 4436 ac
987 4380 1266 4444 dormire,
1302 4379 1599 4435 hominem
1624 4379 1785 4435 hunc
1816 4381 2225 4452 praedicabant
2260 4395 2274 4430 :

615 4471 955 4527 obedientia
976 4474 1173 4525 autem
1207 4473 1503 4525 ventorum
1522 4484 1591 4524 ac
1604 4468 1812 4535 maris,
1828 4485 2044 4524 novam
2060 4485 2275 4542 quam-

612 4558 755 4615 dam
809 4559 936 4628 ejus
975 4562 1254 4615 naturam
1281 4557 1624 4613 testabatur.
1668 4557 1803 4613 Ideo
1830 4558 2009 4613 etiam
2040 4562 2277 4615 contur-

613 4647 732 4702 batl
766 4646 1038 4703 dicebant
1068 4664 1079 4702 :
1114 4648 1316 4714 Qualis
1347 4650 1427 4703 est
1460 4647 1553 4704 hic
1583 4647 1609 4703 Ρ
1639 4646 1819 4715 Magis
1851 4651 2049 4702 autem
2085 4648 2139 4702 in
2170 4648 2274 4704 ad-

615 4736 992 4791 mirationem
1017 4735 1305 4791 duxithoc
1323 4735 1697 4799 miraculum,
1724 4751 1906 4806 quam
1930 4736 2273 4807 prmoeden-

688 4862 732 4895 5°
758 4863 929 4916 Marc.
959 4876 1033 4925 1v,
1068 4862 1153 4916 39.
1233 4861 1280 4895 ⁸ο
1310 4860 1455 4915 ibid.
1533 4862 1554 4896 ⁶
1597 4862 1732 4916 Luc.
1770 4875 1889 4930 vm,
1918 4862 2005 4917 24.

2086 4863 2130 4897 ⁸³
2158 4864 2332 4918 Marc.

2314 168 2645 232 ZIGABENI
3804 186 3886 240 296

2299 303 2343 354 Α
2377 298 2579 370 χλεύειν
2611 301 2677 350 τὰ
2704 295 2895 352 ὕδατα.
2927 302 3027 352 Καὶ
3057 294 3209 361 αὖθις
3236 301 3494 365 Ματθαίος
3626 308 3701 355 καὶ
3722 311 3891 379 Μαρκος

2379 387 2425 437 ἐν
2478 388 2703 459 θαλάσοη
2757 384 3175 446 κλυδωνισθῆναι
3220 392 3276 441 τό
3324 386 3488 441 πλοῖον
3525 390 3751 462 λέγοῦσιν,
3778 402 3890 447 Λου-

2379 483 2474 536 κᾶς
2540 473 2597 528 δὲ
2665 475 2711 527 ἐν
2767 476 2942 549 λίμνῃ.
3006 483 3104 530 Καὶ
3169 477 3263 529 ούκ
3320 477 3759 551 ἐναντιοφωνοῦσιν·
3817 488 3892 541 τὴν

2378 562 2664 639 Τιϐεριάδα
2714 568 2812 637 γὰρ
2885 569 2974 617 καὶ
3025 566 3166 618 οὗτοι
3223 565 3448 628 κάκεῖνος
3506 564 3747 635 δηλοῦσιν,
3800 575 3893 633 ἣτις

2382 657 2531 725 φύσει
2554 658 2641 725 μέν
2669 653 2779 705 ἐστι
2809 654 2984 725 λίμνη,
3038 655 3172 706 θέσει
3222 651 3281 706 δε
3321 655 3565 725 θάλασσα,
3610 653 3693 709 διὰ
3738 662 3788 709 τὸ
3823 665 3895 730 μέ-

2379 744 2543 813 γεθος.
2577 741 2733 794 Ὄθετ
2762 747 2852 795 καὶ
2884 745 3009 795 ποτε
3037 740 3095 795 δὲ
3118 742 3384 795 θάλασσαν
3416 744 3565 802 αὐτὴν
3586 746 3891 817 ὄνομάζουσιν.

2385 832 2610 901 Ἐγένετο
2666 828 2727 882 δέ
2772 832 2797 882 6
2855 828 3082 897 κλύδων,
3131 840 3212 883 ἱνα
3251 851 3306 884 τε
3354 832 3574 904 συσταλῇ
3620 837 3670 885 τὸ
3706 840 3898 906 φρόνημα

2380 928 2479 971 τῶν
2516 921 2777 991 μαθητῶν·
2812 919 3206 991 ἐφαντάσθησαν
3236 924 3337 994 γὰρ
3369 920 3557 993 μεγάλα
3586 927 3692 992 περὶ
3726 922 3895 989 ἑαυτῶν,

2382 1010 2465 1059 οἷα
2512 1016 2609 1059 τῶν
2653 1010 2741 1079 μεν
2785 1008 2946 1060 ἄλλων
2999 1008 3448 1081 ἁποπεμφθέντων,
3506 1009 3654 1061 αὐτῶν
3695 1006 3745 1063 δε
3770 1015 3897 1082 μόνων

2384 1098 2809 1150 συνεισελθόντων
2845 1104 2917 1167 τῷ
2960 1094 3289 1170 διδασκάλῳ·
3338 1103 3427 1152 καὶ
3473 1100 3552 1151 ἵνα
3584 1102 3897 1171 γυμνασθὼσιν

2381 1186 2453 1249 εἰς
2499 1186 2681 1258 φόϐους
2739 1183 3010 1257 κινδυνων,
3052 1189 3115 1248 ὡς
3169 1187 3389 1246 ἀθληταὶ
3450 1195 3538 1240 τοῦ
3591 1189 3785 1258 κόσμου,
3830 1193 3897 1239 καὶ

2380 1274 2447 1333 εἰς
2484 1284 2747 1347 χειμῶνας
2776 1285 3101 1349 πειρασμῶν,
3137 1280 3204 1338 ὡς
3232 1275 3541 1352 κυϐερνῆται
3588 1283 3670 1337 τῆς
3706 1276 3899 1348 οἰκουμέ-

2379 1383 2488 1425 νης·

2451 1453 2614 1514 Αὐτὸς
2669 1450 2728 1505 δε
2757 1449 3048 1507 ἕκαΰευδιν.
3097 1454 3154 1505 '0
3187 1450 3245 1506 δὲ
3270 1455 3482 1528 Μάρκος
3505 1449 3717 1511 ἐδήλωσε
3742 1456 3814 1504 καὶ
3837 1454 3903 1503 τὸν

2378 1546 2553 1611 τόπον,
2581 1543 2630 1594 ἐν
2719 1542 3038 1614 ἀφύπνωσεν·
3068 1540 3175 1595 εἶπε
3217 1546 3340 1616 γὰρ,
3376 1546 3456 1596 ὅτι
3483 1548 3568 1595 καί
3604 1539 3659 1600 ἧν
3696 1540 3900 1602 αὐτὸςὲπὶ

2302 1648 2346 1703 Β
2378 1638 2438 1702 τῇ
2486 1634 2689 1703 πρύμνη
2735 1630 2817 1683 ἐπὶ
2845 1635 2902 1683 τό
2934 1631 3311 1706 προσεφάλαιον
3356 1627 3637 1685 καθεύδων.
3664 1629 3837 1683 Ξύλινον
3860 1624 3904 1680 δὲ

2376 1727 2525 1801 τοῦτο
2558 1717 2618 1777 ἦν
2649 1718 2731 1772 ἐπὶ
2781 1729 2872 1781 τῆς
2895 1723 3135 1794 πρύμνης
3165 1724 3654 1793 κατεσκευασμένον.
3684 1717 3899 1773 Ἐκὰθενὸε

2381 1799 2441 1860 δέ
2471 1809 2588 1860 κατ’
2621 1809 2908 1881 οἰκονμίαν,
2947 1811 3030 1861 ἶνα
3061 1806 3267 1882 σφόδρα
3306 1807 3655 1865 δειλάσώσιν.
3684 1809 3735 1861 Εἰ
3758 1807 3837 1877 γὰρ
3860 1799 3904 1860 ἦν

2378 1896 2699 1972 ἐγρηγορὼς.
2785 1902 2815 1957 ἣ
2899 1899 2992 1950 οὐκ
3070 1900 3130 1950 ἄν
3197 1896 3516 1965 ἐδειλίασαν,
3580 1901 3608 1955 ἦ
3672 1896 3815 1967 ὀλίγον
3864 1893 3908 1944 ἄν

2378 1986 2734 2052 ἔποϐήθησαν,
2765 1983 2909 2040 Ἔδει
2941 1984 2998 2039 δὲ
3049 1987 3238 2048 αὐτούς
3261 1988 3454 2046 πολλὴν
3485 1988 3716 2044 αἴσθησιν
3737 1991 3811 2036 τοῦ
3838 1987 3909 2053 φό-

2379 2074 2468 2127 ϐου
2496 2074 2689 2142 λαϐεῖν,
2718 2077 2799 2127 ἶνα
2848 2079 2934 2127 καὶ
2967 2076 3036 2136 εἰς
3064 2075 3254 2133 πολλὴν
3294 2077 3536 2133 αῖοθησιν
3564 2082 3652 2136 τῆς
3676 2073 3808 2124 αὐτοῦ
3841 2067 3911 2121 δυο

2376 2166 2572 2235 νάμεως
2662 2164 2871 2233 ἔλθωσι,
2948 2167 3037 2216 καὶ
3106 2163 3307 2216 idem:
3379 2170 3555 2218 πίστιν
3645 2163 3709 2224 εἰς
3754 2172 3755 2175 ‘
3793 2159 3911 2211 αὐτὸν

2378 2252 2604 2305 πλείονα.

2452 2345 2551 2393 Καὶ
2581 2371 2647 2380 —
2684 2339 3031 2413 ἀπολλύμεθα.
3078 2339 3137 2392 '0
3183 2337 3242 2393 δε
3277 2344 3514 2413 Μάρκος·
3564 2335 3840 2404 Διδάσκαλε,
3870 2333 3914 2385 οὐ

2379 2429 2517 2501 μέλει
2554 2448 2658 2495 σοι,
2710 2431 2791 2481 ὅτι
2843 2428 3190 2501 ἀπολλύμεθα.
3240 2430 3299 2482 Ὁ
3322 2427 3381 2482 δὲ
3409 2434 3623 2494 Δουκᾶς,
3659 2427 3915 2488 Ἐπιστάτα,

2379 2516 2653 2586 ἐπιστάτα,
2699 2517 3045 2590 ἀπολλύμεθα.
3071 2520 3135 2570 0i
3157 2521 3247 2590 μὲν
3275 2521 3377 2593 γὰρ
3412 2519 3579 2571 αὐτῶν
3602 2524 3740 2570 τοῦτο
3767 2514 3917 2583 Μον,

2382 2608 2430 2657 οἱ
2466 2602 2525 2658 δε
2558 2605 2735 2677 ἐκεῖνο,
2791 2611 2881 2657 καὶ
2933 2606 3079 2659 ἄλλοι
3111 2610 3169 2658 τό
3224 2605 3365 2673 οῦςλο,
3420 2608 3450 2666 ἣ
3507 2610 3594 2658 καὶ
3627 2606 3781 2657 πάντα
3825 2602 3921 2654 πάν-

2378 2713 2474 2754 τις.

2452 2786 2554 2836 Καὶ
2577 2781 2714 2855 λέγει
2741 2813 2810 2823 -—
2844 2782 3175 2854 ὀλιγόπιστοι
3205 2802 3221 2853 ;
3248 2790 3462 2856 Πρῶτον
3500 2783 3605 2835 λύει
3633 2784 3718 2839 τὴν
3768 2776 3926 2830 δειλίαν

2388 2880 2481 2933 τῆς
2517 2872 2704 2943 ψυχῆς
2736 2872 2923 2937 αὐτῶν,
2966 2869 3171 2933 δεικνύς
3208 2875 3283 2924 ὁτι
3311 2876 3397 2924 τὸν
3436 2871 3589 2944 φόϐον
3617 2873 3645 2928 ἡ
3673 2877 3757 2929 τῆς
3782 2866 3927 2937 ψυχῆς

2304 2999 2344 3055 C
2387 2964 2632 3013 ἀσθένεια
2664 2969 2827 3013 ποιεῖν
2876 2962 3065 3014 εἴωθεν·
3122 2961 3485 3033 ὀλιγοπιστίαν
3517 2958 3576 3012 δὲ
3605 2967 3788 3017 τοῦτοις
3812 2956 3925 3004 ὠνεί-

2382 3047 2550 3115 δισεν,
2582 3053 2647 3109 ὡς
2670 3048 2818 3107 ἀτελὴ
2852 3054 3031 3102 πίστιν
3071 3050 3137 3111 εἰς
3163 3049 3316 3102 αὐτόν
3346 3054 3696 3122 κεκτημένοις.
3719 3044 3927 3101 Ἠλπιξον

2379 3142 2478 3213 γὰρ
2569 3141 2647 3191 ὅτι
2730 3135 2951 3190 δύναται
3032 3142 3121 3210 μεν
3215 3139 3423 3206 σώζειν,
3496 3138 3604 3190 ἀλλ’
3663 3135 3923 3209 ἐγρηγορὼς,

2380 3228 2439 3280 ού
2496 3230 2585 3300 μεν
2654 3223 2722 3285 δὴ
2781 3232 2870 3279 καὶ
2924 3223 3210 3280 καθεύδων·
3262 3231 3349 3280 Διὸ
3415 3231 3509 3281 καὶ
3560 3226 3823 3299 ἐγείρουσιν
3863 3218 3930 3271 ani-

2382 3322 2487 3370 τόν.

2451 3410 2672 3457 Τότε-
2710 3404 2926 3476 μεγάλη.
2984 3405 3345 3477 Ἐπετίμησεν,
3397 3404 3515 3458 ἀντὶ
3578 3410 3688 3473 τοῦ,
3744 3400 3873 3453 intra

2383 3499 2510 3566 φησί
2546 3496 2646 3567 γὰρ
2676 3495 2700 3545 ό
2743 3496 2973 3568 Μάρκος,
3017 3494 3095 3546 ὅτι
3141 3498 3227 3546 καὶ
3252 3491 3357 3546 εἶπε
3387 3502 3451 3567 τῇ
3489 3493 3743 3564 θαλάσση·
3774 3494 3929 3551 Σιώπα,

2381 3589 2672 3655 πεφὶμωσο.

2455 3673 2520 3723 Οἱ
2576 3668 2635 3723 δε
2683 3672 2946 3745 ἄνθρωποι
2990 3702 3059 3713 -—
3103 3671 3242 3743 αὐτῷ
3302 3671 3406 3739 ;“Ο
3452 3675 3546 3744 μεν
3597 3674 3810 3734 Λουκᾶς,
3844 3667 3937 3719 τοὺς

2384 3763 2622 3833 μαθητὰς
2674 3760 2830 3812 εἰπεῖν
2879 3764 3031 3812 τοῦτό
3087 3780 3264 3832 φησιν·
3335 3762 3360 3811 6
3419 3758 3481 3814 δε
3544 3760 3801 3816 Ματθαῖος
3848 3751 3937 3823 (76)

2963 3853 3079 3909 τοὺς
3144 3848 3334 3920 ὄχλους
3400 3850 3517 3921 (7⁸7)
3594 3849 3744 3920 λέγει,
3804 3844 3941 3899 καθὼς

2385 3957 2541 4010 φησιν
2572 3937 2687 4009 (78)
2737 3938 2762 3987 6
2794 3941 3190 4012 Χρυσόστομος.
3236 3942 3335 3992 Καί
3380 3941 3486 4014 γὰρ
3521 3938 3673 4007 εἰκὸς,
3716 3939 3792 3986 καὶ
3845 3929 3941 3981 τού-

2382 4046 2523 4093 τους,
2569 4028 2824 4099 μαθόντας
2862 4031 3007 4079 τουτὶ
3053 4030 3112 4079 τὸ
3173 4029 3345 4099 θαῦμά
3399 4031 3552 4103 παρὰ
3589 4036 3687 4079 τῶν
3716 4024 3944 4097 μαθητῶν,

2384 4118 2573 4189 ὁμοίως
2605 4117 2893 4187 θαυμάσαι,
2912 4121 3001 4168 καὶ
3039 4118 3229 4188 ὁμοίως
3257 4116 3434 4169 εἰπεῖν.
3468 4121 3534 4169 Εἰ
3571 4113 3622 4169 δ’
3653 4116 3700 4167 οἱ
3728 4110 3945 4186 μαθηταὶ,

2386 4200 2477 4257 διὰ
2525 4210 2581 4257 τό
2634 4204 2802 4265 ἀτελές
2858 4214 2951 4265 τῆς
3003 4211 3221 4265 πίστεως
3270 4206 3462 4273 αὐτῶν,
3508 4208 3581 4268 ὡς
3620 4206 3872 4278 ἀνθρώπου
3895 4200 3951 4247 ἔτι

2382 4303 2561 4345 τοῦτον
2594 4292 2906 4365 ἐθαύμαζον,
2938 4293 3105 4345 πολλῶ
3142 4294 3327 4365 μᾶλλον
3378 4297 3425 4346 οἱ
3453 4294 3637 4367 ὄχλοι.
3667 4297 3734 4345 Τό
3868 4288 3947 4356 γὰρ

2382 4384 2682 4453 κεχρῆσθαι
2714 4382 2869 4452 πλοίῳ
2896 4385 3019 4455 πρὸς
3064 4387 3368 4454 περαίωσιν,
3408 4388 3504 4437 καὶ
3544 4385 3754 4452 ὑπνοῦν,
3788 4379 3950 4449 ἄνθρω.

2380 4491 2475 4524 πον
2515 4472 2666 4523 αὐτὸν
2693 4469 2981 4544 ἐκήρυττεν·
3014 4474 3045 4530 ἠ
3086 4469 3144 4524 δε
3173 4481 3269 4523 τῶν
3304 4471 3503 4544 ἀνέμων
3549 4477 3752 4530 καὶτῆς
3782 4467 3952 4520 θαλάσο

2384 4579 2478 4620 σης
2507 4561 2732 4627 ὑπακοὴ,
2774 4560 2916 4621 ξένην
2962 4562 3076 4612 τινὰ
3119 4563 3273 4631 φύσιν
3320 4565 3488 4633 τοὺτῳ
3538 4558 3956 4635 προσεμαρτύρει.

2382 4652 2477 4702 Διὰ
2565 4655 2653 4701 καὶ
2754 4649 3150 4722 ἐξαπορούμενοι
3241 4650 3429 4721 ὒεγον·
3536 4649 3747 4708 Ὀποίος
3841 4644 3956 4695 ἐστιν

2382 4739 2532 4801 οὗτος
2594 4754 2607 4804 ;
2669 4736 2844 4790 Πλεῖον
2894 4734 2951 4790 δε
3012 4746 3110 4789 τῶν
3166 4737 3531 4814 προλαϐόντων
3594 4738 3863 4811 θαυμάτων
3911 4729 3959 4783 τὸ

2384 4877 2460 4929 1v,
2513 4863 2605 4918 39.

3876 3396 3930 3459 ξε.

2385 3848 2682 3922 ἀνθρώπους
2760 3857 2868 3900 νῦν·

2306 4351 2351 4407 D

2681 4862 2726 4898 ⁸³
2751 4861 2888 4918 Luc.
2916 4877 3039 4929 vni,
3070 4865 3158 4919 25.

1839 5010 2061 5078 Varia;
2105 5012 2437 5080 lectiones
2476 5020 2772 5080 etnotae.

686 5193 802 5267 (76)
858 5195 950 5267 Ita_
1006 5206 1246 5263 quoque
1308 5191 1679 5267 ῌοῑιειεειίιιε.Δ
1727 5189 1993 5267 Arbitror
2070 5193 2264 5267 tamen

615 5259 707 5323 ita'
743 5259 1058 5337 legendum
1114 5259 1241 5317 esse
1272 5281 1283 5321 :
1320 5259 1485 5337 'Od'c
1536 5263 1825 5332 Ματθαῖος,
1881 5265 2003 5323 τοὺς
2071 5261 2263 5337 ἀνθρώ-

614 5355 760 5400 πους·
794 5334 1096 5411 ἄνθρωπους
1121 5341 1208 5387 νῦν
1239 5354 1290 5389 κ.
1322 5353 1371 5388 τ.
1403 5334 1457 5391 λ,

2472 5189 2562 5259 7'7)
2604 5187 2769 5246 Forte
2798 5186 2851 5241 λ’
2888 5210 2975 5247 ων.

2449 5189 2563 5333 278)
2595 5266 2762 5320 Tom.
2795 5208 2908 5330 V71,
2941 5278 2975 5333 p

2474 5260 2563 5333 78)
2595 5266 2762 5320 Tom.
2795 5260 2908 5330 VII,
2941 5278 2997 5334 p.
3030 5264 3153 5319 334.

687 5461 787 5537 (kk
824 5460 902 5518 Et
932 5460 1045 5518 alii
1065 5473 1262 5527 unum,
1291 5456 1395 5513 alii
1423 5454 1607 5514 aliud.
1640 5458 1806 5515 Forte
1833 5456 1993 5528 legit,
2018 5461 2107 5510 καὶ
2132 5455 2267 5517 suo.

2391 5460 2465 5530 ἐν,
2498 5455 2645 5512 ἄλλοι
2661 5454 2807 5517 ἄλλο.
