3990 6206
418 238 527 296 299

1735 227 2081 284 EUTHYMII
2128 224 2459 285 ZIGABENI

3664 227 3781 283 300

424 362 587 419 enim
613 360 725 416 hoc
744 374 953 415 verum
979 359 1152 422 esset,
1176 355 1340 411 nullo
1368 354 1546 410 modo
1578 353 1871 409 cruciatus
1900 352 2066 407 dives

2192 360 2330 403 τοῦτο
2364 349 2421 409 ἦν
2472 350 2674 420 ἀληθὲς,
2725 351 2819 402 οὐκ
2876 350 2936 403 ἄν
2994 351 3408 425 βασανιζόμενος
3439 356 3463 405 ό
3522 355 3779 419 πλούσιος

423 454 653 508 orasset
681 448 1000 512 Abraham,
1022 452 1083 501 ut
1098 448 1380 501 Lazarum
1404 444 1654 499 mitteret
1674 442 2063 505 inmundum,

421 555 545 611 quo
579 538 859 595 fratribus
888 535 1008 590 suis
1038 534 1417 605 signiﬁcaret,
1445 548 1579 603 quae
1619 531 1777 586 circa
1814 547 1875 585 se
1908 546 2068 599 gere-

420 627 661 693 bantur,
686 625 791 681 sed
818 625 945 697 ipse
970 639 1077 696 per
1109 623 1375 695 seipsum
1398 621 1512 679 hoc
1542 621 1624 676 eis
1645 620 1979 676 indicasset.

495 807 651 860 Vers.
709 801 799 858 28.
839 801 999 859 Saevi
1031 830 1102 843 —
1131 800 1276 855 Vers
1304 800 1391 856 29.
1428 798 1578 854 Dei?
1610 798 1759 864 Quia
1808 801 1863 852 et
1901 795 2067 851 disci-

422 892 549 966 puli
578 896 635 948 et
673 890 859 947 turbae
905 890 1213 947 hominem
1257 888 1461 959 ipsum
1490 887 1787 951 dicebant,
1822 886 2068 941 veniunt

421 997 585 1038 nunc
608 980 922 1045 daemones,
952 977 1321 1033 divinitatem
1347 976 1501 1031 illius
1530 975 1935 1047 praedicantes.
1964 975 2067 1029 Oc-

423 1072 693 1126 currente
710 1067 867 1123 enim
896 1066 1010 1122 illis
1040 1065 1244 1121 divino
1264 1064 1453 1131 radio,
1478 1064 1675 1119 statim
1694 1078 1829 1117 eum
1848 1077 2064 1131 cogno-

421 1162 679 1227 verunt;
714 1164 915 1212 etnon
963 1154 1215 1210 ferentes
1260 1154 1530 1208 virtutem
1577 1153 1832 1227 impetus
1862 1150 2064 1205 invisi-

419 1246 615 1305 biliter
635 1261 737 1301 eos
768 1244 1267 1306 inﬂammantem,
1301 1241 1712 1296 clamaverunt
1753 1241 2015 1294 dicentes
2049 1259 2060 1296 :

426 1336 581 1402 Quid
608 1334 765 1390 nobis
794 1340 848 1389 et
871 1333 976 1387 tibi
999 1333 1027 1385 ?
1050 1331 1161 1386 hoc
1186 1335 1296 1395 est,
1317 1332 1452 1394 Quae
1474 1336 1529 1385 et
1554 1334 1759 1383 nostra
1779 1327 2062 1399 potentia,

425 1424 473 1478 si
502 1422 581 1478 ad
611 1427 779 1477 tuam
807 1420 1143 1476 conferatur
1170 1421 1197 1474 ἱ)
1224 1425 1287 1473 tu
1318 1419 1475 1473 enim
1504 1417 1657 1486 ignis
1698 1432 1761 1471 es
1793 1416 2066 1471 intolera-

420 1510 581 1577 bilis,
605 1526 719 1566 nos
758 1513 959 1566 autem
988 1508 1195 1563 fenum
1231 1506 1394 1578 quod
1423 1506 1595 1562 facile
1626 1504 1991 1562 accenditur.

492 1690 653 1743 Vers.
696 1686 784 1741 29.
847 1685 1063 1743 Venisti
1100 1716 1169 1725 —
1211 1699 1313 1739 nos
1342 1685 1369 1737 ?
1399 1683 1547 1747 Quia
1597 1682 2069 1754 deprehenderat
2097 1702 2141 1756 Β

423 1792 526 1834 eos
557 1781 893 1834 creaturam
911 1790 1082 1830 suam
1100 1773 1348 1829 omnino
1372 1772 1676 1844 tyrannice
1702 1776 1983 1827 vexantes
1997 1786 2064 1826 ac

422 1865 757 1938 perdentes,
783 1868 1096 1935 peccatum
1126 1861 1371 1933 quidem
1402 1876 1619 1930 negare
1648 1875 1767 1915 non
1792 1864 2062 1931 possunt,

422 1953 755 2025 quamdam
787 1958 987 2008 autem
1018 1967 1215 2007 causas
1248 1965 1371 2005 suae
1415 1949 1822 2004 defensionem
1856 1954 2065 2019 praete-

421 2047 590 2108 Iunt,
644 2041 809 2112 quod
832 2056 954 2096 non
1010 2055 1171 2095 nunc
1207 2054 1420 2110 poenas
1463 2038 1605 2093 dare
1652 2038 1929 2102 debeant,
1963 2036 2067 2090 sed

424 2135 693 2202 tempore
723 2127 1067 2184 universalis
1096 2128 1320 2199 judicii,
1354 2132 1410 2182 et
1436 2128 1686 2196 graviter
1730 2124 2068 2180 discruciati

421 2219 671 2289 dicunt;
725 2218 945 2273 Venisti
974 2218 1111 2281 huc,
1152 2217 1213 2272 id
1250 2222 1338 2272 est
1372 2217 1433 2271 in
1481 2222 1722 2281 terram,
1756 2220 1820 2270 ut
1860 2214 2068 2285 aiﬂgas

423 2324 536 2364 nos
565 2313 699 2363 ante
738 2307 1047 2362 deﬁnitum
1082 2311 1319 2376 tempus
1347 2306 1373 2360 ?
1410 2303 1730 2359 Audierant
1774 2302 2068 2373 siquidem

425 2413 462 2453 a
489 2396 816 2467 prophetis,
870 2394 1038 2466 quod
1067 2393 1330 2451 Christus
1359 2399 1489 2465 post
1537 2391 1748 2447 mundi
1794 2408 2070 2447 consum-

425 2485 750 2541 mationem
783 2485 1174 2539 descensurus
1203 2487 1357 2538 esset
1407 2483 1468 2537 in
1505 2485 1744 2545 terram,
1796 2497 1866 2536 ac
1912 2479 2067 2550 judi-

429 2579 669 2630 caturus
705 2572 1024 2639 mundum,
1056 2577 1111 2629 et
1136 2571 1467 2628 afﬂicturus
1498 2570 1822 2625 daemones.

495 2754 653 2807 Vers.
683 2755 789 2819 .30.
838 2752 996 2806 Erat
1043 2781 1111 2791 —
1156 2752 1216 2802 V.
1269 2751 1354 2805 31.
1416 2763 1740 2818 porcorum.
1794 2745 2069 2811 Quando-

427 2840 670 2913 quidem
699 2839 827 2909 jam
873 2838 1201 2893 hominbus
1240 2852 1452 2891 nocere
1491 2852 1608 2891 non
1659 2840 1934 2907 possunt,
1994 2833 2071 2889 ad

426 2926 792 2983 irrationalia
842 2942 974 2995 quas
1022 2924 1104 2979 illi
1154 2925 1464 2996 possident
1514 2928 1960 2986 convertuntur,
2014 2925 2074 2976 ut

429 3014 776 3072 ostendatur
800 3013 982 3079 furor,
1016 3028 1193 3083 quem
1219 3012 1503 3068 adversus
1540 3028 1651 3067 nos
1683 3016 1917 3080 gerunt.
1959 3013 2072 3066 Nec
2103 3044 2143 3101 α

428 3103 622 3160 solum
647 3102 781 3167 hoc,
830 3118 1040 3157 verum
1092 3102 1268 3157 etiam
1298 3100 1449 3156 aliud
1481 3100 1813 3156 admodum
1848 3100 2071 3155 malum

427 3191 872 3248 machinantur.
927 3189 1172 3246 Student
1194 3190 1353 3245 enim
1403 3205 1619 3260 porcos
1664 3189 1952 3254 occidere,
2012 3194 2075 3245 ut

426 3280 645 3337 horum
686 3278 911 3334 damno
963 3278 1293 3334 contristati
1346 3278 1575 3333 domini
1628 3279 1820 3348 gregis
1872 3278 2072 3333 Jesum

428 3384 551 3425 non
579 3366 927 3438 suscipiant,
953 3372 1007 3421 et
1034 3366 1132 3432 ita,
1169 3366 1471 3435 Evangelii
1503 3366 1921 3437 praedicatione
1952 3382 2075 3421 non

428 3462 727 3526 suscepta,
768 3455 1029 3510 maximo
1055 3454 1377 3510 afﬁciantur
1405 3455 1643 3508 damno.
1697 3455 1923 3510 Etenim
1977 3470 2075 3509 ne-

430 3560 546 3617 que
576 3542 744 3614 ejecti
766 3547 999 3597 cessant
1026 3558 1257 3596 nocere.
1294 3542 1440 3605 Quid
1471 3558 1612 3611 ergo
1648 3543 1908 3597 Christus
1945 3546 1971 3595 ?

502 3635 664 3687 Vers.
686 3631 867 3687 31.143!
888 3632 1028 3684 —in
1049 3632 1240 3700 aquis.
1267 3630 1485 3685 Videns
1510 3630 1798 3686 malitiam
1818 3630 2074 3699 illorum,

432 3737 568 3777 cum
597 3736 719 3776 non
766 3719 1064 3789 ignoraret
1088 3718 1235 3790 quid
1289 3722 1602 3783 tentarent,
1659 3718 1947 3789 permittit
1997 3724 2075 3775 ta-

431 3825 592 3875 men,
623 3824 746 3864 non
776 3811 844 3867 ut
891 3807 1003 3863 illis
1062 3806 1447 3879 complaceat,
1486 3810 1592 3862 sed
1646 3807 2077 3877 dispensatorie

433 3898 550 3955 alia
573 3895 1179 3968 intendens,'primum
1205 3900 1268 3950 ut
1297 3895 1601 3950 discanthi
1622 3896 1726 3967 qui
1755 3895 2079 3951 liberantur

433 3994 580 4061 quot
610 3992 665 4041 et
695 3986 904 4058 quales
942 3984 1255 4041 habuerint
1284 3984 1733 4048 inhabitatores,
1768 3984 1977 4039 deinde
2017 3990 2079 4041 ut

437 4077 632 4131 sciant
672 4090 882 4131 omnes
924 4073 1089 4146 quod
1132 4089 1325 4145 neque
1370 4072 1430 4127 in
1478 4088 1694 4144 porcos
1740 4072 2079 4144 immigrare

436 4168 699 4238 possent,
742 4163 855 4218 nisi
894 4163 1004 4218 illis
1050 4162 1175 4234 ipse
1209 4162 1584 4233 permitteret,
1637 4162 1875 4217 tertium
1917 4164 2081 4235 quod

438 4252 732 4310 atrociora
768 4252 829 4307 in
867 4251 977 4306 illis
1017 4257 1355 4306 exercerent
1395 4267 1580 4322 quam
1625 4251 1684 4305 in
1724 4251 1939 4322 porcis,
1971 4250 2083 4304 nisi

437 4343 617 4399 etiam
646 4342 707 4396 in
752 4356 817 4395 eo
848 4339 1007 4412 quod
1048 4339 1355 4411 tyrannice
1395 4344 1597 4407 agunt,
1642 4354 1677 4394 a
1715 4339 1833 4394 Deo
1893 4339 2085 4409 impe-

2178 437 2345 492 ἐδεῖτο
2396 449 2486 491 τοῦ
2537 440 2792 512 ίΑϐραὰμ,
2859 439 3161 493 ἀποστεῖλαι
3237 446 3323 493 τὸν
3397 445 3640 517 Λάζαρον
3700 446 3782 507 εἰς

2176 533 2261 581 τὸν
2336 534 2551 601 κόσμον,
2624 533 2711 580 καὶ
2787 533 3020 599 μηνύσαι
3097 539 3200 591 τοῖς
3286 529 3525 603 ἀδελφοῖς
3610 534 3779 585 αὐτοῦ

2177 621 2242 669 τὰ
2284 619 2396 669 κατ’
2453 618 2629 687 αὐτόν,
2684 617 2793 670 ἀλλ’
2848 618 3001 679 αὐτὸς
3049 616 3123 671 δι’
3173 620 3357 673 ἑαυτοῦ
3412 620 3662 693 ἐμήνυσεν
3714 622 3779 674 ἂν

2177 707 2368 767 αὐτοῖς.

2247 795 2477 848 Χαλεποὶ
2524 827 2591 835 —-
2631 802 2802 861 Θεοῡ;
2864 792 3075 853 Ἐπειδὴ
3125 802 3214 849 καὶ
3265 799 3313 849 οἱ
3370 800 3625 869 μαθηταὶ,
3682 805 3779 852 καὶ

2176 884 2226 935 οἰ
2277 884 2430 954 ὅχλοι
2486 886 2752 957 ἄνθρωπον
2821 884 2973 936 αὐτόν
3031 888 3220 957 ἔλεγον,
3290 890 3536 958 ἔρχονται
3592 889 3777 941 λοιπόν

2176 975 2224 1024 οἱ
2287 969 2543 1044 δαίμονες,
2609 973 3047 1047 ἀνακηρύττοντες
3120 980 3213 1033 τὴν
3295 976 3453 1029 αὐτοῦ
3518 979 3768 1036 θεότητα,

2176 1060 2583 1133 Προσϐαλουσης
2633 1065 2733 1135 γὰρ
2831 1062 3007 1123 αὐτοῖς
3100 1071 3195 1125 τῆς

3058 1158 3146 1204 καὶ
3223 1158 3295 1224 μὴ
3378 1158 3609 1227 φέροντες
3678 1162 3775 1213 τὴν

2178 1237 2408 1309 ἀοράτως
2483 1239 2830 1309 φλογίζουσαν
2888 1241 3075 1302 αὐτοὺς
3159 1238 3379 1313 δύναμιν
3442 1251 3536 1303 τῆς
3608 1264 3777 1317 προσ-

2176 1327 2294 1385 ϐολῇ
2309 1348 2348 1392 ς,

2175 1423 2414 1469 τουτέστι
2449 1439 2460 1451 ·

2831 1062 3007 1123 αὐτοῖς
3100 1071 3195 1125 τῆς
3288 1066 3458 1125 θεῑκῆς
3542 1066 3775 1133 ἀκτῖνος,

2178 1150 2325 1211 εὐθὺς
2425 1151 2714 1221 ἐπέγνωσαν
2790 1152 2981 1203 αὐτόν·

2437 1327 2652 1399 ἔκραξαν
2735 1328 2961 1399 λέγοντες
3018 1348 3029 1360 ·
3115 1335 3177 1382 Τί
3260 1334 3382 1402 ἡμῖν
3464 1337 3555 1384 καὶ
3665 1339 3775 1402 σοί,

2512 1423 2599 1477 Τίς
2655 1420 2684 1476 ἡ
2734 1420 2959 1491 ἡμετέρα
3016 1416 3238 1491 δύναμις
3288 1424 3417 1493 πρὸς
3474 1426 3567 1479 τὴν
3630 1428 3772 1488 σηνς

2176 1510 2242 1558 Συ
2325 1510 2412 1577 μὲν
2480 1510 2581 1580 γὰρ
2658 1513 2759 1581 πῦρ
2843 1508 3112 1569 οἴστεκτον,
3200 1506 3349 1580 ἡμεῖς
3435 1506 3495 1562 δὲ
3576 1514 3776 1582 χόρτος

2177 1594 2547 1665 εὐέμπρηστος.

2246 1682 2425 1742 Ἦλθες
2476 1714 2545 1722 -
2592 1684 2745 1753 ἡμᾶς.
2806 1680 3016 1741 Ἐπειδὴ
3089 1683 3360 1737 κατέλαϐεν
3427 1685 3639 1750 αὐτοὺς,
3716 1691 3770 1738 τὸ

2175 1771 2392 1842 πλάσμα
2446 1774 2504 1821 τό
2558 1772 2674 1840 (80)
2725 1770 2908 1823 ἑαυτοῦ
2965 1776 3118 1824 παντὶ
3166 1778 3339 1845 τρόπῳ
3395 1782 3773 1847 τυραννοῦντας

2175 1864 2261 1910 καὶ
2323 1856 2730 1932 διαφθείροντας,
2796 1858 3127 1931 ἀρνήσασθαι
3190 1865 3279 1932 μὲν
3345 1867 3438 1920 τὴν
3512 1862 3776 1936 ἁμαρτίαν

2176 1948 2235 1999 οὐ
2301 1945 2568 2017 δύνανται,
2637 1947 3008 2019 προϐάλλονται
3083 1946 3141 2001 δέ
3217 1969 3332 2001 τινα
3389 1947 3776 2021 δικαιολογίαν,

2176 2038 2256 2089 ὅτι
2286 2037 2343 2087 οὐ
2373 2044 2459 2086 νῦν
2499 2036 2760 2107 ὀφείλουσι
2809 2034 2991 2088 δοῦναι
3041 2035 3215 2105 δίκην,
3250 2037 3356 2090 ἀλλ’
3403 2038 3451 2090 ἐν
3483 2048 3554 2109 τῷ
3608 2050 3778 2113 καιρῷ

2177 2144 2273 2184 της

2176 2212 2412 2282 λέγουσιν
2460 2231 2471 2242 ⁸

2384 2130 2716 2195 παγκοσμίου
2813 2130 3051 2198 κρίσεως,
3164 2132 3252 2179 καὶ
3351 2124 3777 2190 δεινοπαθοῦντες

2547 2212 2735 2274 Ἧλθες
2785 2210 2910 2277 ὧδε,

2180 2299 2473 2372 βασανίσαι
2528 2303 2667 2372 ἡμᾶς
2718 2304 2819 2375 πρὸ
2874 2309 2966 2353 τοῦ
3036 2304 3322 2375 ὡρισμένου
3389 2313 3616 2376 καιροῦ;
3680 2312 3781 2357 Καὶ.

2177 2392 2277 2461 γὰρ
2332 2394 2520 2447 ἤκουον
2596 2392 2731 2463 καρὰ
2802 2398 2901 2441 τῶν
2975 2401 3269 2464 προφητῶν,
3323 2394 3403 2443 ὅτι
3460 2394 3484 2444 ὁ
3542 2399 3781 2467 Χριστός

2179 2481 2309 2549 μετὰ
2370 2482 2464 2535 τὴν
2513 2484 2604 2529 τοῦ
2654 2482 2854 2550 κόσμου
2910 2478 3197 2531 συντέλειαν
3285 2480 3453 2551 μέλλει
3512 2483 3781 2534 κατελθεῖν

2985 2219 3249 2266 τουτέστιν
3325 2214 3405 2267 ἐπὶ
3478 2221 3573 2274 τὴν
3651 2228 3775 2287 γῆν,
3852 2226 3861 2233 ’

2180 2567 2248 2625 εἰς
2287 2571 2379 2623 τὴν
2426 2573 2546 2637 γῆν,
2589 2571 2677 2618 καὶ
2720 2575 2893 2641 κρῖναι
2935 2571 3020 2618 τὸν
3072 2574 3286 2641 κόσμον,
3338 2575 3427 2621 καί
3479 2569 3784 2642 βασανίσαι

2179 2659 2295 2714 τοὺς
2322 2651 2589 2725 δαίμονας.

2251 2752 2346 2803 Ἦν
2396 2748 2454 2803 δὲ
2506 2783 2572 2792 -—
2629 2758 2843 2826 χοίρων,
2902 2758 3102 2811 Μηκέτι
3169 2750 3445 2827 δυνάμενοι
3523 2756 3785 2827 βλάπτειν

2180 2844 2300 2901 τοὺς
2357 2839 2676 2911 ἀνθρώπους,
2733 2839 2814 2892 ἐπὶ
2865 2844 2929 2892 τὰ
2976 2851 3076 2893 τῶν
3128 2841 3405 2915 ἀνθρώπων
3463 2845 3578 2915 (81)
3634 2846 3787 2914 ἐτρά-

2182 2948 2379 2996 πησαν,
2428 2931 2556 2999 πρὸς
2599 2925 2836 2993 ἔνδειξιν,
2887 2925 2949 2990 ἧς
2992 2932 3183 3000 ἔχουσι
3225 2933 3343 2983 καθ’
3372 2934 3517 3004 ἡμῶν
3566 2942 3785 3005 μανίας.

2186 3022 2284 3069 Καὶ
2315 3018 2372 3067 οὐ
2404 3024 2555 3068 τουτο
2590 3020 2765 3088 μόνον,
2800 3015 2926 3068 ἀλλά
2967 3023 3055 3070 καὶ
3099 3020 3265 3090 ἔτερόν
3312 3040 3362 3071 τι
3407 3031 3786 3092 μηχανῶνται,

2187 3102 2393 3179 σφόδρα
2421 3109 2658 3176 πονηρόν.
2705 3104 2969 3158 Μελετῶσι
3007 3109 3107 3179 γὰρ
3158 3106 3343 3159 ἀνελεῖν
3378 3113 3497 3170 τοὺς
3530 3117 3788 3185 χοίρους,

2187 3194 2269 3245 ἶνα
2324 3201 2383 3264 τῇ
2444 3194 2611 3263 ζημία
2679 3196 2871 3244 τούτων
2938 3192 3245 3255 λυπηθέντες
3320 3196 3368 3247 oi
3433 3206 3523 3258 τῆς
3590 3198 3791 3270 ἀγέλης

2185 3285 2377 3354 κύριοι,
2435 3285 2506 3351 μὴ
2565 3277 2955 3352 παραδέξωνται
3011 3284 3096 3333 τὸν
3158 3284 3377 3349 Ἰησοῦν,
3436 3290 3524 3338 καὶ
3579 3288 3794 3355 ζημιω-

2190 3372 2319 3421 θῶσι
2397 3369 2646 3439 μάλιστα,
2719 3373 2789 3441 μὴ
2883 3367 3150 3441 δεξάμενοι
3215 3377 3272 3424 τό
3352 3379 3601 3447 κηρυγμα
3693 3388 3791 3430 τοῦ

2187 3456 2525 3527 Εὐαγγελίου.
2586 3460 2683 3509 Καὶ
2739 3461 2838 3531 γαρ
2893 3456 3007 3509 οὐδ’
3072 3460 3472 3533 ἀπελαυνόμενοι
3524 3468 3795 3519 παύονται

2186 3553 2276 3596 τοῦ
2319 3544 2585 3616 βλάπτειν.
2627 3551 2689 3597 Ti
2720 3542 2805 3597 οὖν
2833 3548 2857 3597 ὁ
2890 3552 3152 3617 Χριστός;

2262 3638 2358 3685 Καὶ
2414 3664 2480 3673 -
2530 3633 2579 3683 ἐν
2633 3642 2741 3693 τοῖς
2798 3632 3010 3688 ὕδασιν.
3073 3634 3236 3697 Εἰδὼς
3307 3643 3398 3696 τὴν
3457 3650 3797 3714 πανουργίαν

2189 3721 2375 3786 αῇτών,
2426 3726 2513 3772 καὶ
2560 3726 2630 3792 μὴ
2684 3720 2896 3792 ἀγνοῶν,
2957 3723 2983 3774 ὃ
3040 3723 3336 3795 μελετῶσιν,
3389 3729 3529 3797 ὅμως
3584 3730 3803 3805 ἐπιτρέ-

2188 3829 2291 3875 πει,
2346 3809 2405 3860 οὖ
2458 3810 2803 3881 χαριζόμενος
2855 3808 3085 3881 ἐκείνοις,
3133 3812 3238 3864 ἀλλ’
3277 3814 3557 3887 οἰκονομῶν
3616 3820 3799 3893 ἕτερα,

2190 3898 2236 3949 ἓν
2292 3899 2399 3968 μὲν,
2472 3898 2553 3948 ἵνα
2605 3894 2798 3969 διδάξῃ
2855 3902 2974 3959 τοὺς
3033 3899 3433 3972 ἀπαλλαγέντας,
3486 3907 3650 3968 ὅσους
3702 3918 3806 3962 καὶ

2190 3988 2325 4045 οἴους
2370 3984 2511 4055 εἶχον
2565 3984 2820 4045 ἐνοίκους·
2873 3987 3039 4047 ἕτερον
3074 3985 3151 4049 δὲ,
3186 3992 3266 4041 ἶνα
3316 3994 3526 4062 μάθωσι
3577 3999 3809 4060 πάντες,

2192 4076 2271 4125 ὃτι
2320 4070 2441 4125 οὐδὲ
2470 4080 2679 4147 χοίροις
2714 4072 3046 4132 ἐπιπηόἦσαι
3096 4074 3363 4145 δύνανται,
3412 4082 3453 4133 εἰ
3497 4088 3567 4153 μὴ
3622 4104 3813 4153 παρα.

2570 4144 2576 4147 ν
3352 4144 3355 4145 ν
3497 4144 3506 4153 .
3706 4144 3718 4161 .

2192 4166 2418 4233 χωρήσῃ
2460 4164 2662 4221 τούτοις
2711 4162 2897 4222 αὐτός’
2932 4170 3122 4236 τρίτον,
3173 4168 3252 4217 ὅτι
3300 4168 3643 4243 χαλεπώτερα
3702 4185 3819 4227 τῶν

2192 4255 2388 4321 χοίρων
2442 4248 2650 4311 ἐκείνοις
2704 4249 2763 4301 ἂν
2816 4250 3122 4323 εἰργάσαντο
3189 4258 3411 4321 πάντως,
3468 4259 3510 4310 εἰ
3577 4266 3650 4331 μὴ
3715 4274 3824 4318 καὶ

2194 4336 2239 4388 ἐν
2282 4337 2420 4407 αὐτῷ
2471 4346 2542 4407 τῷ
2592 4347 2850 4411 τυραννεῖν
2894 4340 3280 4411 ἀνεχαιτίζοντο
3320 4349 3461 4418 παρά
3504 4357 3593 4399 τον
3636 4358 3823 4425 Θεοῦ,

437 4431 725 4493 direntur,
760 4444 879 4484 non
905 4428 1177 4499 permissi
1203 4428 1394 4483 facere
1421 4443 1556 4499 qua:
1573 4426 1803 4482 volunt.
1838 4426 2069 4483 Cuilibe‘

2392 4397 2399 4407 .
2514 4397 2522 4407 .
2657 4397 2665 4411 .
2980 4397 3021 4411 ι,
3149 4397 3163 4404 -
3394 4401 3403 4418 δ
3643 4397 3794 4405 --η

2193 4430 2283 4477 καὶ
2336 4426 2393 4477 οὐ
2451 4434 2840 4500 συνεχωροῦντο
2905 4437 3066 4480 ποιεῖν
3128 4433 3227 4482 ὅσα
3266 4430 3564 4503 βούλονται.
3631 4401 3831 4494 Παντὶ

439 4519 597 4574 enim
630 4516 1013 4573 manifestum
1050 4522 1137 4573 est
1174 4516 1339 4588 quod
1365 4516 1639 4571 homines
1675 4516 1870 4584 magis
1899 4532 2085 4587 quam

440 4603 808 4659 irrationalia
856 4604 1122 4672 oderunt,
1155 4620 1293 4659 cum
1339 4603 1517 4658 etiam
1550 4603 1915 4661 irrationalia
1956 4619 2087 4671 pro-

441 4695 572 4762 pter
614 4690 888 4745 homines
930 4692 1176 4762 perdere
1226 4692 1521 4758 studeant,
1579 4698 1634 4748 et
1699 4708 1804 4764 per
1851 4691 2088 4747 illorum

441 4778 841 4851 perditionem
907 4779 998 4833 his
1052 4780 1265 4835 inferre
1342 4781 1658 4837 tristitiam.
1744 4783 1963 4847 Quarto
2026 4786 2092 4836 ut

442 4882 606 4924 mors
644 4881 964 4939 porcorum
1010 4867 1286 4924 omnibus
1328 4868 1708 4925 conﬁrmaret
1750 4869 1938 4925 exisse
1968 4868 2094 4925 da:-

441 4970 670 5015 mones.

2195 4517 2294 4587 γὰρ
2348 4511 2524 4578 δῆλον,
2573 4516 2652 4566 ὅτι
2689 4518 2812 4576 τοὺς
2861 4514 3161 4589 ἀνθρώπους
3202 4520 3372 4573 πλεῖον
3422 4532 3649 4594 μισοῦσι
3712 4540 3834 4581 τῶν

2199 4601 2416 4673 ἀλόγων,
2474 4602 2579 4655 ἐπεὶ
2646 4608 2734 4655 καὶ
2786 4606 2852 4656 τά
2925 4605 3090 4676 ἄλογα
3141 4605 3235 4661 διὰ
3312 4614 3427 4671 τοὺς
3491 4610 3837 4685 ἀνθρώπους

2200 4694 2488 4764 φθείρουσι,
2536 4689 2839 4753 σπεύδοντες
2888 4699 2976 4745 καὶ
3026 4692 3120 4747 διὰ
3168 4706 3260 4759 τῆς
3316 4702 3511 4752 τούτων
3548 4701 3841 4770 ἀπωλείας

2198 4779 2375 4832 λυπεῖν
2468 4780 2657 4843 αὐτούς
2691 4798 2703 4810 ⁵
2786 4786 3047 4857 τέταρτον,
3137 4787 3217 4837 ἵνα
3300 4789 3325 4839 ό
3409 4790 3636 4855 θάνατος
3716 4807 3844 4850 τῶν

2201 4874 2399 4943 χοίρων
2462 4868 2735 4943 βοϐαιώσῃ
2813 4873 3033 4941 πάντας,
3099 4875 3179 4926 ὅτι
3241 4874 3451 4938 ἐξῆλθον
3509 4883 3561 4933 οἱ
3622 4879 3853 4941 0‘0:in-

2202 4976 2300 5019 νες.

1676 5137 1900 5208 Variae
1932 5138 2262 5207 lectiones
2293 5147 2359 5206 et
2396 5147 2593 5206 notae.

515 5331 628 5402 (80)
671 5331 859 5389 lntell.
890 5336 974 5387 τὸν
1001 5334 1295 5402 ἄνθρωπον,

517 5404 628 5479 (8t)
657 5414 766 5480 ,τῶν
809 5410 1027 5480 χοίρων.
1078 5404 1140 5461 Β.
1170 5405 1449 5480 _Hentenii
1490 5404 1893 5480 interpretatio
1931 5404 2091 5464 vide-

443 5479 545 5534 tur
595 5476 774 5535 etiam
810 5476 1113 5553 pOStulare
1160 5476 1465 5551 ἀνθρώπων.
1514 5482 1591 5534 Td
1626 5476 1725 5535 τῶν
1784 5478 2090 5557 ἀνθρώπων,

2196 5337 2672 5425 ἱηῐεὶὶζνχρήαατα
2713 5343 2801 5425 καὶ
2832 5346 3098 5425 κτήματα..
3140 5342 3474 5425 ῌοοὶὶροοζ
3513 5350 3643 5411 τοὺς
3703 5358 3859 5425 χὸί,

2232 5426 2339 5472 ους.
2365 5410 2573 5467 Vicina
2593 5411 2909 5484 vocabula,
2927 5410 3044 5466 καθ’
3070 5415 3235 5488 ἡμῶν,
3260 5410 3601 5476 defendunt
3638 5410 3863 5486 etiam

2232 5496 2354 5538 ianc
2378 5481 2717 5539 lectionem.
