3990 6206
233 271 296 333 301

220 489 517 548 ﬂairimant;
576 491 680 562 γὰρ
746 487 968 559 βλάψαι,
1044 488 1214 540 πλεῖον
1268 487 1580 557 ἐϐλάϐησαν,
1643 495 1732 541 καὶ

215 577 458 631 τούναντίον.
509 577 569 628 οὗ
652 575 930 638 ἐϐούλοντο,
983 576 1205 647 γέγονεν.
1303 576 1587 649 Ἐξέλαμψε
1643 578 1732 648 μὲν

209 667 332 738 γὰρὴ
379 675 453 716 τοῦ
505 673 737 740 Χριστοῦ
776 662 1015 736 δύναμις·
1064 665 1297 736 ἠλέγχθη
1352 663 1410 716 δὲ
1459 668 1650 717 τούτων
1699 666 1728 722 ἡ

210 752 395 805 ἀσθένεια
457 760 539 804 καὶ
589 755 617 811 ἡ
701 759 941 826 πονηρία.
1001 757 1143 805 Κατὰ
1217 761 1309 806 τοῦ
1377 761 1608 828 κρημνοῦ
1675 749 1733 805 δὲ

207 844 442 912 ὥρμησειῂ
497 840 652 912 ἀγέλη
702 842 770 902 εἰς
823 847 917 900 τὴν
975 842 1261 907 θάλασσαν,
1311 841 1420 894 ἀντὶ
1467 849 1581 908 ⁸νοῦ,
1640 838 1734 894 διὰ

203 938 269 981 τοῦ
315 939 536 1003 κρημνοῦ.
599 933 811 1005 Μάρκος
884 927 944 983 δὲ
1010 936 1101 983 καὶ
1186 935 1273 982 τόν
1348 929 1566 1003 ἀριθμόν
1631 938 1730 981 τῶν

205 1023 354 1090 χοίρων
399 1019 629 1090 ἔγραψεν,
685 1021 764 1070 ὅτι
815 1016 948 1076 ἦσαν
1005 1021 1073 1080 ὡς
1125 1015 1410 1089 δισχίλιοι.
1461 1022 1527 1070 Συ
1559 1015 1619 1070 δέ
1641 1037 1730 1089 μοι

198 1107 274 1158 νόει
311 1113 385 1158 καὶ
435 1110 565 1158 κατά
634 1105 926 1179 ἀναγωγὴν,
979 1108 1056 1159 ὅτι
1108 1106 1157 1158 οἰ
1201 1103 1438 1177 δαίμονες
1495 1104 1593 1157 ἀπὸ
1642 1108 1731 1177 μὲν

200 1202 272 1244 τῶν
317 1194 572 1268 ἀνθρώπων
641 1193 987 1257 ἐκϐάλλονται,
1067 1195 1199 1265 λέγω
1269 1191 1360 1259 δὴ,

199 1280 523 1353 βοηθουμένωνο
569 1291 681 1345 τοῖς
758 1280 817 1336 δὲ
877 1288 1082 1357 χοίροις
1149 1282 1467 1353 ἐφάλλονται,
1519 1277 1727 1339 δηλαδὴ

1445 1202 1544 1245 τῶν
1595 1193 1730 1264 λόγῳ

196 1378 275 1430 τοῖς
303 1371 473 1441 ἀλόγως
518 1371 902 1443 ἐγκυλιομένοις
963 1380 1035 1441 τῷ
1094 1369 1332 1445 βορϐόρῳ
1380 1378 1477 1422 τῶν
1508 1366 1728 1434 ἡδονῶν,

193 1462 258 1509 καὶ
277 1460 766 1532 κατακρημνίζουσιν
799 1459 984 1519 αὐτοὺς
1010 1459 1079 1521 εἰς
1111 1458 1384 1512 ἀπώλειαν.

244 1549 296 1598 Οἱ
339 1544 390 1599 δὲ
457 1578 523 1590 —-
577 1550 771 1603 πάντα,
859 1546 1081 1620 Ἐφυγον
1135 1545 1452 1618 φοϐηθέντες,
1519 1549 1589 1616 μὴ
1643 1549 1733 1597 καὶ

190 1634 338 1696 αὐτοὺς
381 1634 618 1687 ἀνᾶωσιν
694 1636 743 1688 οἰ
795 1639 916 1698 τοὺς
983 1640 1200 1708 χοίρους
1256 1634 1425 1687 αὐτῶν
1479 1632 1736 1694 ἀνελόντες

457 1578 523 1590 -
577 1550 771 1603 πάντα,

1102 271 1464 332 COMNENT.
1514 275 1584 330 IN
1635 270 2078 334 MATTHASUM.
2123 308 2186 319 —
2229 276 2384 334 CAP.
2429 277 2521 335 IX.

275 406 348 454 Καὶ
384 402 463 471 ὅρα
518 402 778 470 πάνσοφον
832 398 1245 471 ἁντιμηχάνημα
1313 407 1406 452 τοῦ
1464 407 1721 468 Σωτῆρος.
1764 403 1808 454 Α

3391 273 3498 337 302

1913 407 1972 456 Et
2004 401 2133 457 vide
2173 403 2675 475 sapientissimam
2709 401 3032 460 Salvatoris
3068 400 3493 472 cogitationem

1841 491 2198 560 oppositam.
2230 495 2377 548 Nam
2408 508 2621 548 nocere
2641 492 2932 558 volentes,
2961 491 3154 562 magis
3177 490 3287 563 ipsi
3315 507 3498 548 nocu.

1845 584 2109 634 mentum
2168 587 2542 652 acceperunt.
2604 580 2914 653 Siquidem
2973 578 3178 636 Christi
3236 580 3497 651 potentia

1843 683 1918 738 ap
1925 667 2201 737 paruit,et
2213 668 2442 725 illorum
2456 669 2830 726 imbecillitas
2842 685 2910 725 ac
2925 667 3151 725 malitia
3161 668 3236 724 de
3244 669 3492 740 prehen-

1842 771 1910 810 sa
1939 760 2047 811 est.
2077 758 2186 812 Per
2211 773 2476 830 praeceps
2501 764 2700 814 autem
2722 758 3022 815 ferebatur
3046 773 3190 829 grex
3216 757 3274 813 in
3305 773 3493 815 mare-

1843 843 1950 898 hoc
2007 851 2112 910 est,
2181 847 2620 918 praecipitanter
2653 852 2709 902 et
2764 847 2920 903 facto
2960 847 3206 918 impetu.
3267 849 3492 904 Marcus

1844 948 1983 988 vero
2035 949 2349 989 numerum
2403 936 2581 992 etiam
2633 950 2955 1008 porcorum
3013 935 3267 1008 scripsit,
3324 935 3491 1008 quod

1841 1026 2009 1076 erant
2038 1021 2155 1076 fere
2192 1021 2286 1078 bis
2315 1023 2542 1079 mille“.
2569 1026 2653 1080 Tu
2682 1039 2926 1096 quoque
2956 1024 3105 1079 mihi
3134 1039 3242 1094 per
3266 1039 3487 1094 anago-

1841 1123 1955 1178 gen
1983 1108 2260 1180 intellige,
2298 1113 2463 1182 quod
2500 1111 2806 1168 dmmones
2843 1112 3152 1183 ejicientur
3185 1111 3260 1168 ab
3298 1111 3490 1169 homi-

1841 1197 2041 1266 nibus,
2091 1199 2312 1270 quibus
2359 1215 2633 1256 sermone
2686 1200 2816 1272 (nn)
2861 1201 3240 1256 succurritur.
3294 1200 3490 1270 Ingre-

1839 1285 2086 1342 diuntur
2103 1292 2302 1343 autem
2328 1304 2562 1359 porcos,
2583 1304 2684 1344 eos
2716 1288 3489 1360 videlicetquiirrationabi—

1844 1373 1974 1430 liter
2011 1382 2458 1442 conservantur,
2491 1381 2549 1432 et
2586 1378 2646 1432 in
2680 1393 2853 1432 cceno
2896 1378 3274 1448 voluptatum
3324 1377 3489 1434 volu-

1841 1465 2061 1528 tantur,
2093 1479 2162 1519 ac
2182 1463 2314 1519 illos
2339 1464 2401 1518 in
2424 1464 2817 1535 perditionem
2846 1465 3236 1536 praecipitant.

1914 1552 2070 1606 Vers.
2095 1555 2181 1607 33.
2211 1552 2320 1617 Qui
2349 1582 2417 1592 —
2445 1553 2658 1608 omnia.
2686 1553 2986 1622 Fugerunt
3004 1552 3298 1618 timentes,
3323 1568 3398 1610 ne
3421 1569 3486 1610 se

1841 1639 2062 1710 pariter
2089 1639 2422 1696 occiderent
2449 1640 2776 1706 daemones,
2809 1641 2911 1713 qui
2941 1657 3081 1696 suos
3110 1644 3489 1713 peremerant

186 1720 408 1794 δαίμονες.
470 1725 814 1796 ’.ἀπήγγειλαν
889 1721 948 1777 δὲ
1011 1726 1199 1787 πάντα,
1273 1720 1482 1782 δηλαδὴ
1537 1725 1603 1775 τα
1643 1723 1731 1796 ῥη-

1862 1743 2075 1799 οοτοοε.
2120 1728 2626 1785 Renuntiaverunt
2653 1735 2853 1785 autem
2884 1729 3089 1786 omnia
3121 1745 3259 1801 qua
3310 1745 3348 1787 a
3372 1730 3488 1786 daa-

187 1816 321 1876 θέιτα,
362 1815 492 1886 παρά
541 1833 592 1866 τε
640 1822 740 1865 τῶν
799 1812 1079 1885 δαιμόνων,
1127 1818 1216 1865 καὶ
1269 1815 1412 1879 παρὰ
1461 1819 1553 1864 τοῦ
1611 1820 1738 1888 Χρι-

181 1910 268 1966 toﬁ,
292 1906 371 1953 καὶ
393 1905 454 1953 τὰ
476 1910 565 1962 τῆς
598 1901 855 1963 ἀπωλείας
883 1910 983 1953 τῶν
1008 1907 1226 1974 χοίρων.

239 1994 322 2040 Καὶ
371 1993 430 2040 τὰ
501 2020 569 2031 —
642 1987 1105 2062 δαιμονιζομένων.
1175 1993 1253 2043 Τὰ
1307 1998 1400 2052 τῆς
1452 1989 1733 2062 μεταϐολῆς

181 2081 248 2127 καὶ
266 2077 530 2150 εὐκοσμίας
561 2079 754 2133 αὐτῶν.

238 2170 320 2216 Καὶ
357 2163 468 2218 ἰδοὺ
538 2198 607 2207 ——
673 2167 876 2224 Ἰησοῦ.
923 2166 1154 2241 Ἥρχετο
1205 2169 1306 2240 γὰρ
1371 2165 1575 2239 [αὐτὸς
1621 2166 1731 2239 (82)

180 2251 352 2312 istst-1
406 2255 594 2327 πόλιν].
649 2262 806 2308 Πᾶσα
855 2252 914 2308 δὲ
951 2257 981 2313 ἠ
1025 2255 1192 2325 πόλις,
1245 2254 1357 2308 ἀντὶ
1387 2263 1501 2323 τοῦ,
1549 2258 1735 2316 πάντες

179 2344 212 2391 οἱ
237 2343 420 2395 πολῖται
459 2345 596 2414 (83).

235 2436 319 2484 Καὶ
370 2463 436 2474 —
487 2433 681 2486 αὐτῶν.
738 2434 1062 2494 Λυπηθίντες
1113 2435 1226 2505 μὲν,
1265 2434 1330 2492 ὡς
1385 2439 1608 2505 εῐρηται,
1647 2437 1737 2486 καὶ

179 2515 252 2569 διὰ
290 2525 375 2577 τὴν
423 2519 684 2574 ἀπώλειαν
740 2529 838 2572 τῶν
895 2525 1112 2595 χοίρων,
1146 2523 1218 2572 ἔτι
1267 2517 1326 2572 δὲ
1375 2525 1464 2572 καὶ
1495 2519 1738 2593 φοϐηθέν-

178 2625 257 2672 τις,
324 2612 383 2668 ὡς
423 2610 449 2661 ὁ
508 2616 726 2672 Λουκᾶς
801 2608 952 2662 εἶπεν·
1025 2606 1378 2662 ἐδεδοίκεισαν
1431 2612 1556 2682 γὰρ,
1612 2614 1738 2680 μήτι

171 2701 302 2747 κακόν
389 2704 475 2750 καὶ
562 2699 632 2758 εἰς
711 2697 895 2758 αὐτοὺς
951 2699 998 2749 οἱ
1076 2696 1320 2758 δαίμονες
1418 2696 1738 2758 ἐκϐληθέντες

175 2780 427 2852 δράσωσιν.
459 2786 518 2837 '0
562 2783 624 2838 δὲ
691 2790 918 2859 Χριστὸς
968 2786 1120 2847 εὐθὺς
1174 2788 1488 2844 ὑπήκουσεν.
1523 2785 1598 2838 Οὐ
1636 2789 1737 2859 γὰρ

170 2867 281 2926 ἦσαν
328 2875 460 2935 ἄξιοι
515 2883 613 2934 τῆς
672 2875 832 2926 αὐτοῦ
907 2871 1278 2936 διδασκαλίας.

711 2697 895 2758 αὐτοὺς
951 2699 998 2749 οἱ
1076 2695 1320 2770 δαίμονες

1355 2873 1498 2946 Ἀμα
1545 2871 1604 2926 δε
1649 2879 1738 2926 καὶ

1166 2967 1288 3023 τοὺς
1359 2961 1738 3035 ἀπαλλαγέντας

168 3057 246 3099 τῶν
269 3047 520 3123 δαιμόνων
554 3056 650 3104 καὶ
679 3055 801 3113 τοὺς
832 3050 1064 3110 συϐὼτας
1090 3052 1226 3120 (84).

172 2961 399 3014 κατέλιπεν
465 2964 646 3023 αὐτοῖς
732 2959 1090 3024 διδασκάλους

1188 3091 1226 3118 ,.

1181 3136 1260 3193 Ἰὃ
1267 3144 1345 3191 ίαν
1393 3139 1540 3192 πόλιν
1581 3139 1737 3192 αὐτοῦ
1773 3091 1814 3148 C

167 3229 242 3280 τὴν
293 3227 643 3302 Καπερναοὺμ
719 3229 875 3298 λέγει.
942 3233 1040 3281 Καὶ
1110 3231 1212 3302 γὰρ
1280 3230 1307 3285 ἡ
1365 3231 1455 3300 μὲν
1513 3230 1740 3300 Βηθλεὲμ

171 3315 339 3383 Emam
367 3318 539 3369 αὐτόν·
575 3320 609 3376 ἡ
670 3314 729 3370 δὲ
781 3319 1018 3390 Ναζαρὲτ
1071 3315 1303 3390 ἔθρεψεν·
1343 3318 1373 3374 ἡ
1433 3313 1492 3369 0“:
1533 3323 1738 3390 Καπερ-

166 3407 303 3474 υποὺμ
326 3411 461 3476 εἶχεν
494 3406 569 3465 εἰς
606 3408 667 3458 τὸ
697 3405 809 3467 ἑξῆς
843 3405 1099 3457 οἰκοῦντα.

444 3501 605 3550 κεψ.
650 3493 748 3546 ΙΓ’.
784 3499 906 3568 Περὶ
930 3500 1022 3545 τοῦ
1051 3493 1420 3566 παραλυτικοῦ.

225 3584 312 3631 Καὶ
363 3578 480 3634 ἰδοὺ
525 3614 600 3623 -
683 3580 1020 3655 βεϐλημένον,

162 3665 335 3740 Ἐϐραίς
384 3673 506 3729 τίθη
518 3690 578 3724 σι
654 3675 850 3745 γραφὴ,

165 3755 302 3808 πολλὰ
348 3760 514 3831 ἕτερα.
606 3763 873 3832 Προσὴκει
941 3755 1000 3811 δὲ
1051 3758 1228 3824 εἰπεῖν,
1287 3759 1366 3810 ὅτι
1419 3758 1531 3829 (85)
1579 3760 1742 3832 ἕτερός

165 3840 281 3895 ἐστιν
329 3849 354 3898 ὀ
404 3846 773 3919 παραλυτικός
826 3847 975 3909 οὗτος
1025 3850 1170 3919 παρὰ
1219 3850 1308 3899 τὸν
1355 3847 1456 3898 ὑπὸ
1507 3847 1742 3900 Ἰωάννου

226 3144 312 3190 [αἱ
362 3171 427 3180 --
473 3141 543 3201 εὶς
597 3145 695 3198 τὴν
755 3136 894 3192 ἰδίαν
944 3140 1110 3194 πόλιν.

1105 3585 1175 3634 Τὸ
1240 3578 1356 3634 ἰδοὺ
1425 3589 1656 3653 συνεχῶς
1707 3584 1736 3639 ἡ

930 3674 995 3730 ὡς
1079 3666 1295 3742 ἰδίωμα,
1371 3671 1600 3742 καθάπερ
1653 3675 1742 3722 καὶ

169 3940 600 4008 μνημονευόμενον.
691 3935 910 3998 Ἐκεῖνος
978 3939 1068 4008 μὲν
1129 3936 1228 4009 γὰρ
1282 3934 1330 3987 ἐν
1382 3943 1444 4007 τῇ
1503 3930 1747 3993 Βηθεσδόι

167 4027 415 4078 κατέκειτο·
504 4026 666 4087 οὗτος
727 4021 786 4078 δε
856 4023 906 4076 ἐν
972 4031 1034 4096 τῇ
1098 4027 1439 4098 Καπερναοὺμ
1489 4021 1570 4081 ἦν.
1646 4028 1746 4076 Καὶ

169 4109 189 4157 ό
366 4117 662 4187 τριάκοντα
703 4118 792 4165 καὶ
853 4113 986 4166 ὀκτὼ
1045 4110 1184 4185 εἶχεν
1245 4115 1354 4169 ἔτη·
1397 4116 1515 4186 περὶ
1559 4114 1745 4164 τούτου

171 4191 216 4250 δί
253 4197 392 4254 οὐδἐν
440 4210 689 4256 τοιοῦτον
767 4204 1062 4274 ἱστόρηται.
1121 4205 1222 4254 Καὶ
1266 4201 1291 4252 ὁ
1343 4199 1431 4273 μὲν
1466 4199 1556 4252 οὐκ
1607 4198 1747 4272 εἶχεν

168 4287 428 4358 ἑνθρωπονο
519 4291 684 4350 οὗτος
749 4287 808 4342 δὲ
880 4288 992 4361 εἶχε
1047 4292 1167 4352 τοὺς
1214 4287 1594 4361 βαστάζοντας.
1648 4292 1748 4340 Καὶ

169 4379 307 4450 πότῳ
545 4397 735 4454 φησιν’
830 4379 1108 4450 Ἀφέωνταί
1187 4396 1272 4430 σοι
1352 4379 1406 4428 αἱ
1493 4376 1748 4451 ἁμαρτίαι

173 4481 265 4516 σονο
346 4472 520 4541 ia:in
611 4466 698 4536 δὲ,
788 4467 959 4527 Θέλεις
1023 4467 1180 4538 ὑγιὴς
1263 4467 1565 4536 graia-Gai;
1650 4470 1749 4518 Καὶ

173 4556 244 4602 τόν
281 4560 363 4628 μὶν
417 4558 467 4610 ἐν
531 4557 792 4628 Σαϐϐάτῳ
847 4558 1204 4628 τεθεράπρυκε,
1266 4551 1351 4607 διὸ
1393 4558 1482 4606 καὶ
1535 4553 1752 4625 ἐγόγγυ-

172 4642 243 4701 ζον
291 4644 557 4701 Ἰουδαῖον
622 4654 808 4698 τοῦτον
881 4641 940 4698 δί
982 4645 1094 4697 κατ’
1150 4642 1307 4702 ἄλλην
1381 4644 1599 4718 ἡμέραν,
1665 4639 1750 4696 διό

171 4737 245 4783 ui.
268 4732 540 4806 ἐσίγησαν.

230 4857 271 4892 ⁵⁸
297 4858 464 4916 Marc.
498 4876 557 4931 ν,
593 4862 686 4915 13.

793 4859 835 4893 ⁸⁷
871 4855 1007 4912 Luc.
1041 4873 1160 4923 vui,
1184 4857 1272 4912 35.
1351 4855 1399 4892 ⁸⁸
1429 4856 1600 4911 Joan.
1640 4870 1689 4922 γ,
1721 4854 1774 4910 5.

1782 4424 1825 4478 D

1843 1816 2126 1873 monibus
2165 1820 2221 1872 et
2274 1832 2310 1872 a
2359 1816 2583 1874 Christo
2635 1817 2794 1874 dicta
2843 1817 3094 1889 fuerant,
3125 1833 3196 1875 ac
3245 1817 3322 1876 de
3361 1834 3490 1891 per-

1841 1904 2065 1961 ditione
2093 1919 2424 1976 porcorum.

1914 1993 2072 2048 Vers.
2098 1993 2186 2048 33.
2212 1993 2294 2048 Et
2312 2007 2440 2063 quae
2461 2021 2526 2033 -—
2546 1992 2938 2050 daemonz'acis.
2964 1995 3045 2050 De
3071 1993 3487 2051 immutatione

1843 2085 1900 2138 et
1925 2082 2179 2137 honesta
2206 2080 2504 2137 modestia
2531 2081 2824 2152 ipsorum.

1914 2172 2074 2226 Vers.
2107 2170 2196 2225 35.
2233 2170 2312 2225 Et
2340 2184 2471 2226 ecce
2519 2199 2587 2210 —
2632 2171 2788 2226 Jesu.
2841 2169 3126 2227 Veniebat
3155 2171 3314 2228 enim
3360 2172 3488 2244 ipse

1844 2257 1921 2314 ad
1952 2258 2268 2315 civitatem.
2299 2259 2386 2328 Ἠ-
2426 2258 2627 2315 Οηιηίε
2655 2262 2855 2315 autem
2895 2259 3099 2317 ciuitas
3137 2275 3248 2332 pro
3276 2275 3487 2317 omnes

1844 2361 2018 2402 οινθε.

1918 2437 2054 2490 Vers
2091 2435 2178 2490 34.
2225 2435 2303 2491 Et
2354 2466 2424 2476 —
2466 2437 2750 2505 ipsorum.
2803 2436 3097 2507 Dolantes,
3151 2442 3216 2494 ut
3265 2438 3492 2495 dictum

1846 2527 1950 2588 est,
2015 2523 2089 2578 de
2140 2523 2470 2595 perditione
2527 2540 2864 2596 porcorum,
2921 2542 2992 2582 ac
3049 2526 3230 2583 etiam
3295 2525 3496 2591 territi,

1847 2615 1912 2666 ut
1935 2611 2082 2667 dixit
2103 2611 2341 2668 Lucas67
2375 2629 2390 2678 ;
2415 2612 2705 2668 timebant
2724 2613 2884 2669 enim
2909 2630 2982 2669 ne
3009 2613 3151 2670 mali
3183 2614 3496 2687 quidpiam

1847 2700 2014 2771 ejecti
2078 2700 2386 2756 daamones
2453 2699 2634 2756 etiam
2709 2701 2770 2756 in
2840 2702 3004 2773 ipsos
3073 2705 3496 2773 perpetrarent.

1849 2789 2113 2845 Christus
2150 2795 2351 2844 autem
2388 2789 2586 2844 statim
2627 2790 2818 2860 paruit
2854 2807 2868 2856 ;
2910 2805 3104 2862 neque
3143 2790 3303 2846 enim
3333 2788 3500 2859 digni

1846 2880 2015 2933 erant
2074 2877 2342 2932 doctrina
2403 2877 2613 2947 ipsius.
2681 2878 3041 2949 Quanquam
3101 2881 3499 2948 praeceptores

1845 2980 2086 3036 quoque
2107 2965 2190 3019 eis
2213 2964 2471 3036 reliquit,
2493 2964 2623 3020 illos
2645 2964 2912 3021 videlicet
2932 2964 3036 3038 qui
3064 2980 3101 3020 a
3125 2964 3498 3023 dasmonibus

1846 3052 2068 3109 liberati
2096 3051 2348 3116 fuerant,
2376 3057 2432 3108 et
2460 3054 2557 3122 qui
2588 3069 2806 3124 porcos
2838 3058 3153 3125 paverant.

1918 3139 2080 3197 CAP.
2126 3141 2222 3195 IX.
2273 3157 2329 3195 v.
2366 3142 2418 3195 1.
2445 3141 2522 3195 Ει
2556 3171 2622 3180 -
2656 3141 2719 3195 in
2755 3143 3048 3198 civitatem
3078 3158 3265 3198 suam.
3297 3142 3500 3197 Civita-

1847 3234 1968 3285 tem
2007 3243 2178 3282 suam
2220 3228 2362 3283 dicit
2406 3228 2800 3298 Capernaum.
2853 3229 3161 3300 Siquidem
3207 3229 3502 3284 Bethleem

1846 3316 2045 3388 ipsum
2075 3315 2318 3387 protulit
2346 3336 2357 3379 ;
2393 3315 2894 3386 Nazarethipsum
2927 3316 3206 3371 enutrivit
3235 3332 3249 3382 ;
3293 3318 3502 3385 Caper-

1847 3422 2033 3463 naum
2065 3405 2346 3476 deinceps
2377 3403 2635 3459 incolam
2666 3403 2897 3461 habuit.

2268 3493 2422 3548 CAP.
2455 3493 2588 3549 XIII.
2629 3495 2713 3549 De
2741 3493 3085 3563 paralytico

1920 3583 2085 3638 Vers.
2132 3585 2190 3637 2.
2245 3581 2326 3636 Et
2374 3596 2496 3638 ecce
2546 3611 2614 3624 ο-
2661 3581 3114 3637 decumbentem.
3154 3579 3498 3647 Dictionem,

1849 3681 1990 3724 ecce.
2049 3664 2354 3736 Scriptura
2419 3665 2708 3722 Hebraica
2745 3664 3085 3736 frequenter
3132 3665 3316 3737 ponit,
3379 3668 3506 3720 tan-

1850 3771 2035 3829 quam
2080 3754 2294 3824 linguaa
2329 3753 2575 3820 idioma,
2625 3754 2773 3809 sicut
2804 3758 2860 3810 et
2899 3753 3012 3810 alia
3049 3754 3260 3809 multa.
3303 3752 3508 3809 Dicen-

1851 3844 1999 3900 dum
2025 3848 2111 3899 est
2130 3848 2324 3898 autem
2353 3842 2530 3898 alium
2556 3857 2684 3898 esse
2709 3842 2867 3898 hunc
2899 3841 3295 3914 paralyticum
3328 3840 3402 3898 ab
3433 3858 3506 3898 eo

1853 3934 2024 4005 cujus
2064 3931 2333 3987 meminit
2372 3931 2704 3988 Joannes“.
2745 3934 2894 3986 Nam
2947 3931 3043 3986 ille
3088 3931 3170 3986 ad
3211 3930 3508 3988 Bethesda

1853 4020 2272 4085 decumbebat,
2295 4019 2389 4075 hic
2416 4024 2612 4076 autem
2640 4019 3034 4090 Capernaum,
3060 4024 3117 4075 et
3145 4019 3240 4076 ille
3255 4019 3505 4091 quidem

1855 4110 2094 4179 triginta
2123 4115 2179 4163 et
2213 4111 2348 4163 octo
2389 4123 2581 4164 annos
2623 4107 2834 4164 morbo
2878 4108 3187 4164 tenebatur
3226 4125 3242 4174 ;
3275 4107 3350 4162 de
3395 4106 3506 4164 hoc

1853 4213 1992 4253 vero
2044 4195 2188 4250 nihil
2244 4194 2360 4250 tale
2401 4196 2685 4266 scriptum
2737 4201 2844 4251 est.
2891 4196 3178 4252 Praeterea
3233 4195 3331 4250 ille
3383 4209 3506 4249 non

1855 4283 2111 4340 habebat
2158 4283 2478 4346 hominem,
2524 4283 2618 4337 hic
2663 4287 2861 4338 autem
2903 4281 3142 4350 bajulos
3195 4278 3453 4334 habebat
3492 4294 3506 4344 ;

1857 4372 1994 4428 huic
2020 4386 2255 4442 quoque
2301 4371 2384 4426 ait
2428 4389 2440 4428 :
2484 4371 2742 4426 Remissa
2785 4375 2919 4424 sunt
2961 4367 3067 4422 tibi
3090 4372 3327 4436 peccata
3359 4370 3502 4429 tua;

1858 4461 1938 4516 illi
1969 4475 2106 4516 vero
2137 4477 2153 4513 :
2197 4459 2289 4516 Vis
2316 4473 2495 4514 sanus
2522 4457 2705 4526 ﬁeri"
2745 4455 2863 4511 ?Ad
2887 4455 3015 4509 haec
3045 4454 3208 4509 illum
3244 4452 3506 4509 Sabbato

1860 4549 2106 4618 curavit,
2146 4547 2308 4603 unde
2351 4546 2529 4600 etiam
2575 4542 3038 4600 murmurabant
3071 4540 3255 4598 Judaei
3291 4556 3306 4608 ;
3344 4540 3508 4598 hunc

1862 4644 2062 4699 autem
2088 4637 2204 4694 alio
2231 4635 2346 4702 die,
2377 4633 2631 4706 ideoque
2660 4636 2988 4690 tacuerunt.

1853 4855 1899 4890 ‘9
1928 4850 2074 4907 ibid.
2103 4853 2154 4906 6.

1353 5005 1578 5077 Variae
1607 5005 1935 5074 lectiones
1968 5007 2267 5069 etnotae.
2309 5033 2315 5042 -

256 5153 334 5226 82)
369 5152 608 5211 Inclusa
639 5149 864 5209 omittit
886 5156 955 5226 Α.

254 5216 334 5294 83)
370 5227 473 5281 Hic
518 5225 722 5288 addit,
772 5228 863 5275 καὶ
912 5223 938 5274 6
985 5221 1142 5294 αςῦτός
1191 5216 1274 5294 frti.
1330 5221 1423 5278 τήν
1483 5218 1648 5282 πόλιν,
1691 5223 1755 5274 Δ.

179 5298 213 5344 Δ
238 5292 461 5352 mam
487 5297 712 5350 πολῖται
743 5294 959 5350 omittit
988 5292 1308 5348 Hentenius

236 5365 336 5440 (8t)
373 5369 464 5425 Bis
515 5369 693 5425 enim
747 5364 923 5422 novis
973 5362 1142 5435 digni
1195 5365 1366 5420 erant
1443 5359 1758 5432 theologia

1865 5141 2234 5201 doctoribus.

1937 5215 2048 5288 (85)
2096 5213 2180 5288 pe
2227 5209 2746 5288 eodem‘disputat
2801 5213 3098 5288 Chrysost.
3169 5215 3322 5270 tom.
3366 5207 3514 5284 VIII,

1865 5302 1926 5359 p.
1949 5284 2062 5367 "342
2093 5284 2172 5352 B;
2205 5299 2264 5357 p.
2293 5290 2389 5341 2H
2425 5284 2532 5342 ﬁn.

242 5523 356 5605 (an)
384 5526 604 5602 Quibus
633 5535 932 5586 sermone.
969 5523 1045 5584 iis
1074 5521 1359 5582 nimirum
1381 5519 1485 5598 qui
1508 5519 1736 5579 ratione
1763 5515 2169 5593 corriguntur.

1499 5791 1545 5826 4
