  <div class='ocr_page' id='page_1' title='image "/cluster/home/n/w/nwhite01/storage/ocr_20150623/129/hvd.32044073502395/157.png"; bbox 0 0 3990 6206; ppageno 0'>
   <div class='ocr_carea' id='block_1_1' title="bbox 463 280 567 335">
    <p class='ocr_par' dir='ltr' id='par_1_1' title="bbox 463 280 567 335">
     <span class='ocr_line' id='line_1_1' title="bbox 463 280 567 335; baseline 0 0"><span class='ocrx_word' id='word_1_1' title='bbox 463 280 567 335; x_wconf 90' lang='grc'>303</span> 
     </span>
    </p>
   </div>
   <div class='ocr_carea' id='block_1_2' title="bbox 463 490 2108 562">
    <p class='ocr_par' dir='ltr' id='par_1_2' title="bbox 463 490 2108 562">
     <span class='ocr_line' id='line_1_2' title="bbox 463 490 2108 562; baseline -0.001 -16"><span class='ocrx_word' id='word_1_2' title='bbox 463 491 671 547; x_wconf 93' lang='lat' dir='ltr'>dicunt</span> <span class='ocrx_word' id='word_1_3' title='bbox 708 493 934 547; x_wconf 87' lang='lat' dir='ltr'>Marcus</span> <span class='ocrx_word' id='word_1_4' title='bbox 977 495 1031 548; x_wconf 90' lang='lat' dir='ltr'>et</span> <span class='ocrx_word' id='word_1_5' title='bbox 1069 492 1329 561; x_wconf 67' lang='lat' dir='ltr'>Lucas”,</span> <span class='ocrx_word' id='word_1_6' title='bbox 1376 508 1506 547; x_wconf 91' lang='lat' dir='ltr'>cum</span> <span class='ocrx_word' id='word_1_7' title='bbox 1548 490 1776 562; x_wconf 79' lang='lat' dir='ltr'>ingredi</span> <span class='ocrx_word' id='word_1_8' title='bbox 1811 506 1933 546; x_wconf 90' lang='lat' dir='ltr'>non</span> <span class='ocrx_word' id='word_1_9' title='bbox 1970 505 2108 561; x_wconf 90' lang='lat' dir='ltr'>pos-</span> 
     </span>
    </p>
   </div>
   <div class='ocr_carea' id='block_1_3' title="bbox 466 577 2107 651">
    <p class='ocr_par' dir='ltr' id='par_1_3' title="bbox 466 577 2107 651">
     <span class='ocr_line' id='line_1_3' title="bbox 466 577 2107 651; baseline -0.002 -16"><span class='ocrx_word' id='word_1_10' title='bbox 466 584 616 650; x_wconf 88' lang='lat' dir='ltr'>sent,</span> <span class='ocrx_word' id='word_1_11' title='bbox 650 583 886 651; x_wconf 77' lang='lat' dir='ltr'>propter</span> <span class='ocrx_word' id='word_1_12' title='bbox 933 594 1140 635; x_wconf 89' lang='lat' dir='ltr'>eorum</span> <span class='ocrx_word' id='word_1_13' title='bbox 1172 579 1614 636; x_wconf 83' lang='lat' dir='ltr'>multitudinem</span> <span class='ocrx_word' id='word_1_14' title='bbox 1645 578 1743 651; x_wconf 91' lang='lat' dir='ltr'>qui</span> <span class='ocrx_word' id='word_1_15' title='bbox 1768 577 2107 649; x_wconf 77' lang='lat' dir='ltr'>congregati</span> 
     </span>
    </p>
   </div>
   <div class='ocr_carea' id='block_1_4' title="bbox 465 666 2106 738">
    <p class='ocr_par' dir='ltr' id='par_1_4' title="bbox 465 666 2106 738">
     <span class='ocr_line' id='line_1_4' title="bbox 465 666 2106 738; baseline -0.003 -13"><span class='ocrx_word' id='word_1_16' title='bbox 465 673 652 735; x_wconf 88' lang='lat' dir='ltr'>erant,</span> <span class='ocrx_word' id='word_1_17' title='bbox 684 666 1082 723; x_wconf 89' lang='lat' dir='ltr'>ascenderunt</span> <span class='ocrx_word' id='word_1_18' title='bbox 1118 668 1180 723; x_wconf 91' lang='lat' dir='ltr'>in</span> <span class='ocrx_word' id='word_1_19' title='bbox 1210 672 1430 724; x_wconf 91' lang='lat' dir='ltr'>tectum</span> <span class='ocrx_word' id='word_1_20' title='bbox 1460 668 1679 723; x_wconf 92' lang='lat' dir='ltr'>domus</span> <span class='ocrx_word' id='word_1_21' title='bbox 1709 667 1766 721; x_wconf 91' lang='lat' dir='ltr'>in</span> <span class='ocrx_word' id='word_1_22' title='bbox 1795 682 1914 738; x_wconf 89' lang='lat' dir='ltr'>qua</span> <span class='ocrx_word' id='word_1_23' title='bbox 1938 666 2106 721; x_wconf 83' lang='lat' dir='ltr'>doce-</span> 
     </span>
    </p>
   </div>
   <div class='ocr_carea' id='block_1_5' title="bbox 461 754 2108 829">
    <p class='ocr_par' dir='ltr' id='par_1_5' title="bbox 461 754 2108 829">
     <span class='ocr_line' id='line_1_5' title="bbox 461 754 2108 829; baseline -0.003 -16"><span class='ocrx_word' id='word_1_24' title='bbox 461 758 566 813; x_wconf 90' lang='lat' dir='ltr'>bat</span> <span class='ocrx_word' id='word_1_25' title='bbox 617 759 783 812; x_wconf 75' lang='lat' dir='ltr'>Iesus</span> <span class='ocrx_word' id='word_1_26' title='bbox 840 774 854 812; x_wconf 90' lang='lat'><strong>:</strong></span> <span class='ocrx_word' id='word_1_27' title='bbox 920 772 1110 829; x_wconf 91' lang='lat' dir='ltr'>eoque</span> <span class='ocrx_word' id='word_1_28' title='bbox 1166 756 1459 829; x_wconf 88' lang='lat' dir='ltr'>perfosso,</span> <span class='ocrx_word' id='word_1_29' title='bbox 1519 772 1624 828; x_wconf 92' lang='lat' dir='ltr'>per</span> <span class='ocrx_word' id='word_1_30' title='bbox 1674 756 1871 828; x_wconf 89' lang='lat' dir='ltr'>ipsum</span> <span class='ocrx_word' id='word_1_31' title='bbox 1924 754 2108 810; x_wconf 89' lang='lat' dir='ltr'>demi-</span> 
     </span>
    </p>
   </div>
   <div class='ocr_carea' id='block_1_6' title="bbox 463 845 2107 917">
    <p class='ocr_par' dir='ltr' id='par_1_6' title="bbox 463 845 2107 917">
     <span class='ocr_line' id='line_1_6' title="bbox 463 845 2107 917; baseline -0.001 -17"><span class='ocrx_word' id='word_1_32' title='bbox 463 850 665 902; x_wconf 86' lang='lat' dir='ltr'>serunt</span> <span class='ocrx_word' id='word_1_33' title='bbox 698 845 1014 915; x_wconf 82' lang='lat' dir='ltr'>grabatum</span> <span class='ocrx_word' id='word_1_34' title='bbox 1051 847 1112 900; x_wconf 89' lang='lat' dir='ltr'>in</span> <span class='ocrx_word' id='word_1_35' title='bbox 1138 862 1260 917; x_wconf 91' lang='lat' dir='ltr'>quo</span> <span class='ocrx_word' id='word_1_36' title='bbox 1286 846 1518 915; x_wconf 85' lang='lat' dir='ltr'>jacebat</span> <span class='ocrx_word' id='word_1_37' title='bbox 1549 845 1929 916; x_wconf 84' lang='lat' dir='ltr'>paralyticus.</span> <span class='ocrx_word' id='word_1_38' title='bbox 1969 845 2107 908; x_wconf 70' lang='lat' dir='ltr'>Qua:</span> 
     </span>
    </p>
   </div>
   <div class='ocr_carea' id='block_1_7' title="bbox 464 930 2105 1004">
    <p class='ocr_par' dir='ltr' id='par_1_7' title="bbox 464 930 2105 1004">
     <span class='ocr_line' id='line_1_7' title="bbox 464 930 2105 1004; baseline -0.002 -14"><span class='ocrx_word' id='word_1_39' title='bbox 464 934 669 991; x_wconf 86' lang='lat' dir='ltr'>omnia</span> <span class='ocrx_word' id='word_1_40' title='bbox 716 949 948 1004; x_wconf 79' lang='lat' dir='ltr'>magnae</span> <span class='ocrx_word' id='word_1_41' title='bbox 986 933 1126 989; x_wconf 87' lang='lat' dir='ltr'>ﬁdei</span> <span class='ocrx_word' id='word_1_42' title='bbox 1161 938 1328 989; x_wconf 88' lang='lat' dir='ltr'>erant</span> <span class='ocrx_word' id='word_1_43' title='bbox 1372 950 1384 988; x_wconf 92' lang='lat'><strong>:</strong></span> <span class='ocrx_word' id='word_1_44' title='bbox 1425 933 1551 988; x_wconf 63' lang='lat' dir='ltr'>haec</span> <span class='ocrx_word' id='word_1_45' title='bbox 1591 947 1851 1003; x_wconf 88' lang='lat' dir='ltr'>namque</span> <span class='ocrx_word' id='word_1_46' title='bbox 1879 930 1990 986; x_wconf 87' lang='lat' dir='ltr'>illis</span> <span class='ocrx_word' id='word_1_47' title='bbox 2031 946 2105 986; x_wconf 92' lang='lat' dir='ltr'>ne</span> 
     </span>
    </p>
   </div>
   <div class='ocr_carea' id='block_1_8' title="bbox 465 1020 2107 1094">
    <p class='ocr_par' dir='ltr' id='par_1_8' title="bbox 465 1020 2107 1094">
     <span class='ocr_line' id='line_1_8' title="bbox 465 1020 2107 1094; baseline -0.001 -18"><span class='ocrx_word' id='word_1_48' title='bbox 465 1022 856 1092; x_wconf 87' lang='lat' dir='ltr'>desperarent,</span> <span class='ocrx_word' id='word_1_49' title='bbox 874 1022 1186 1094; x_wconf 89' lang='lat' dir='ltr'>persuasit,</span> <span class='ocrx_word' id='word_1_50' title='bbox 1225 1025 1405 1094; x_wconf 88' lang='lat' dir='ltr'>utque</span> <span class='ocrx_word' id='word_1_51' title='bbox 1436 1021 1635 1076; x_wconf 86' lang='lat' dir='ltr'>omnia</span> <span class='ocrx_word' id='word_1_52' title='bbox 1666 1024 1721 1076; x_wconf 91' lang='lat' dir='ltr'>et</span> <span class='ocrx_word' id='word_1_53' title='bbox 1747 1020 2023 1082; x_wconf 89' lang='lat' dir='ltr'>facerent,</span> <span class='ocrx_word' id='word_1_54' title='bbox 2052 1024 2107 1075; x_wconf 90' lang='lat' dir='ltr'>et</span> 
     </span>
    </p>
   </div>
   <div class='ocr_carea' id='block_1_9' title="bbox 464 1107 2108 1182">
    <p class='ocr_par' dir='ltr' id='par_1_9' title="bbox 464 1107 2108 1182">
     <span class='ocr_line' id='line_1_9' title="bbox 464 1107 2108 1182; baseline -0.002 -17"><span class='ocrx_word' id='word_1_55' title='bbox 464 1113 825 1182; x_wconf 87' lang='lat' dir='ltr'>paterentur,</span> <span class='ocrx_word' id='word_1_56' title='bbox 856 1125 975 1181; x_wconf 87' lang='lat' dir='ltr'>quo</span> <span class='ocrx_word' id='word_1_57' title='bbox 1014 1109 1211 1181; x_wconf 89' lang='lat' dir='ltr'>ipsum</span> <span class='ocrx_word' id='word_1_58' title='bbox 1241 1109 1581 1180; x_wconf 82' lang='lat' dir='ltr'>conspectui</span> <span class='ocrx_word' id='word_1_59' title='bbox 1616 1107 1931 1163; x_wconf 85' lang='lat' dir='ltr'>Salvatoris</span> <span class='ocrx_word' id='word_1_60' title='bbox 1962 1123 2108 1179; x_wconf 72' lang='lat' dir='ltr'>prae-</span> 
     </span>
    </p>
   </div>
   <div class='ocr_carea' id='block_1_10' title="bbox 467 1195 2107 1263">
    <p class='ocr_par' dir='ltr' id='par_1_10' title="bbox 467 1195 2107 1263">
     <span class='ocr_line' id='line_1_10' title="bbox 467 1195 2107 1263; baseline -0.001 -11"><span class='ocrx_word' id='word_1_61' title='bbox 467 1202 780 1263; x_wconf 88' lang='lat' dir='ltr'>sentarent,</span> <span class='ocrx_word' id='word_1_62' title='bbox 825 1197 1131 1252; x_wconf 85' lang='lat' dir='ltr'>credentes</span> <span class='ocrx_word' id='word_1_63' title='bbox 1170 1198 1451 1252; x_wconf 90' lang='lat' dir='ltr'>continuo</span> <span class='ocrx_word' id='word_1_64' title='bbox 1490 1195 1657 1251; x_wconf 90' lang='lat' dir='ltr'>illum</span> <span class='ocrx_word' id='word_1_65' title='bbox 1697 1201 2107 1251; x_wconf 84' lang='lat' dir='ltr'>assecuturum</span> 
     </span>
    </p>
   </div>
   <div class='ocr_carea' id='block_1_11' title="bbox 466 1283 2107 1356">
    <p class='ocr_par' dir='ltr' id='par_1_11' title="bbox 466 1283 2107 1356">
     <span class='ocr_line' id='line_1_11' title="bbox 466 1283 2107 1356; baseline -0.001 -16"><span class='ocrx_word' id='word_1_66' title='bbox 466 1301 597 1341; x_wconf 87' lang='lat' dir='ltr'>esse</span> <span class='ocrx_word' id='word_1_67' title='bbox 636 1285 967 1342; x_wconf 86' lang='lat' dir='ltr'>sanitatem.</span> <span class='ocrx_word' id='word_1_68' title='bbox 1011 1285 1232 1352; x_wconf 87' lang='lat' dir='ltr'>Fidem,</span> <span class='ocrx_word' id='word_1_69' title='bbox 1264 1284 1474 1356; x_wconf 88' lang='lat' dir='ltr'>inquit,</span> <span class='ocrx_word' id='word_1_70' title='bbox 1517 1300 1722 1340; x_wconf 92' lang='lat' dir='ltr'>eorum</span> <span class='ocrx_word' id='word_1_71' title='bbox 1759 1299 1879 1339; x_wconf 90' lang='lat' dir='ltr'>non</span> <span class='ocrx_word' id='word_1_72' title='bbox 1912 1283 2107 1340; x_wconf 90' lang='lat' dir='ltr'>solum</span> 
     </span>
    </p>
   </div>
   <div class='ocr_carea' id='block_1_12' title="bbox 464 1371 2103 1444">
    <p class='ocr_par' dir='ltr' id='par_1_12' title="bbox 464 1371 2103 1444">
     <span class='ocr_line' id='line_1_12' title="bbox 464 1371 2103 1444; baseline -0.001 -15"><span class='ocrx_word' id='word_1_73' title='bbox 464 1373 918 1437; x_wconf 87' lang='lat' dir='ltr'>demittentium,</span> <span class='ocrx_word' id='word_1_74' title='bbox 947 1372 1052 1428; x_wconf 91' lang='lat' dir='ltr'>sed</span> <span class='ocrx_word' id='word_1_75' title='bbox 1081 1372 1209 1443; x_wconf 86' lang='lat' dir='ltr'>ejus</span> <span class='ocrx_word' id='word_1_76' title='bbox 1239 1387 1481 1444; x_wconf 88' lang='lat' dir='ltr'>quoque</span> <span class='ocrx_word' id='word_1_77' title='bbox 1510 1371 1614 1443; x_wconf 87' lang='lat' dir='ltr'>qui</span> <span class='ocrx_word' id='word_1_78' title='bbox 1646 1371 1941 1426; x_wconf 89' lang='lat' dir='ltr'>demissus</span> <span class='ocrx_word' id='word_1_79' title='bbox 1963 1376 2103 1427; x_wconf 87' lang='lat' dir='ltr'>erat.</span> 
     </span>
    </p>
   </div>
   <div class='ocr_carea' id='block_1_13' title="bbox 466 1460 2107 1533">
    <p class='ocr_par' dir='ltr' id='par_1_13' title="bbox 466 1460 2107 1533">
     <span class='ocr_line' id='line_1_13' title="bbox 466 1460 2107 1533; baseline -0.001 -16"><span class='ocrx_word' id='word_1_80' title='bbox 466 1465 665 1533; x_wconf 89' lang='lat' dir='ltr'>Neque</span> <span class='ocrx_word' id='word_1_81' title='bbox 705 1461 863 1516; x_wconf 91' lang='lat' dir='ltr'>enim</span> <span class='ocrx_word' id='word_1_82' title='bbox 899 1476 960 1516; x_wconf 90' lang='lat' dir='ltr'>se</span> <span class='ocrx_word' id='word_1_83' title='bbox 998 1460 1227 1516; x_wconf 88' lang='lat' dir='ltr'>demitti</span> <span class='ocrx_word' id='word_1_84' title='bbox 1272 1460 1674 1524; x_wconf 87' lang='lat' dir='ltr'>sustinuisset,</span> <span class='ocrx_word' id='word_1_85' title='bbox 1704 1460 1815 1515; x_wconf 90' lang='lat' dir='ltr'>nisi</span> <span class='ocrx_word' id='word_1_86' title='bbox 1858 1460 2107 1516; x_wconf 87' lang='lat' dir='ltr'>salutem</span> 
     </span>
    </p>
   </div>
   <div class='ocr_carea' id='block_1_14' title="bbox 467 1549 2107 1622">
    <p class='ocr_par' dir='ltr' id='par_1_14' title="bbox 467 1549 2107 1622">
     <span class='ocr_line' id='line_1_14' title="bbox 467 1549 2107 1622; baseline -0.001 -16"><span class='ocrx_word' id='word_1_87' title='bbox 467 1550 755 1622; x_wconf 90' lang='lat' dir='ltr'>consequi</span> <span class='ocrx_word' id='word_1_88' title='bbox 796 1553 1114 1622; x_wconf 84' lang='lat' dir='ltr'>sperasset.</span> <span class='ocrx_word' id='word_1_89' title='bbox 1156 1549 1404 1605; x_wconf 90' lang='lat' dir='ltr'>Intuitus</span> <span class='ocrx_word' id='word_1_90' title='bbox 1447 1554 1646 1605; x_wconf 90' lang='lat' dir='ltr'>autem</span> <span class='ocrx_word' id='word_1_91' title='bbox 1685 1551 1850 1604; x_wconf 85' lang='lat' dir='ltr'>Jesus</span> <span class='ocrx_word' id='word_1_92' title='bbox 1882 1553 2107 1605; x_wconf 87' lang='lat' dir='ltr'>tantam</span> 
     </span>
    </p>
   </div>
   <div class='ocr_carea' id='block_1_15' title="bbox 464 1638 2111 1711">
    <p class='ocr_par' dir='ltr' id='par_1_15' title="bbox 464 1638 2111 1711">
     <span class='ocr_line' id='line_1_15' title="bbox 464 1638 2111 1711; baseline -0.002 -14"><span class='ocrx_word' id='word_1_93' title='bbox 464 1640 703 1697; x_wconf 89' lang='lat' dir='ltr'>illorum</span> <span class='ocrx_word' id='word_1_94' title='bbox 748 1639 951 1706; x_wconf 84' lang='lat' dir='ltr'>ﬁdem,</span> <span class='ocrx_word' id='word_1_95' title='bbox 989 1640 1231 1711; x_wconf 91' lang='lat' dir='ltr'>primun</span> <span class='ocrx_word' id='word_1_96' title='bbox 1264 1638 1509 1711; x_wconf 86' lang='lat' dir='ltr'>quidem</span> <span class='ocrx_word' id='word_1_97' title='bbox 1551 1638 1835 1709; x_wconf 89' lang='lat' dir='ltr'>languido</span> <span class='ocrx_word' id='word_1_98' title='bbox 1865 1646 2111 1710; x_wconf 86' lang='lat' dir='ltr'>peccata</span> 
     </span>
    </p>
   </div>
   <div class='ocr_carea' id='block_1_16' title="bbox 1764 276 3811 337">
    <p class='ocr_par' dir='ltr' id='par_1_16' title="bbox 1764 276 3811 337">
     <span class='ocr_line' id='line_1_16' title="bbox 1764 276 3811 337; baseline 0.002 -5"><span class='ocrx_word' id='word_1_99' title='bbox 1764 276 2105 334; x_wconf 85' lang='lat' dir='ltr'>EUTHYMII</span> <span class='ocrx_word' id='word_1_100' title='bbox 2157 276 2507 333; x_wconf 79' lang='lat' dir='ltr'><strong>ZAGABENI</strong></span> <span class='ocrx_word' id='word_1_101' title='bbox 3723 278 3811 337; x_wconf 66' lang='lat'>304</span> 
     </span>
    </p>
   </div>
   <div class='ocr_carea' id='block_1_17' title="bbox 534 401 2182 471">
    <p class='ocr_par' dir='ltr' id='par_1_17' title="bbox 534 401 2182 471">
     <span class='ocr_line' id='line_1_17' title="bbox 534 401 2182 471; baseline -0.002 -12"><span class='ocrx_word' id='word_1_102' title='bbox 534 404 693 459; x_wconf 89' lang='lat' dir='ltr'>Vers.</span> <span class='ocrx_word' id='word_1_103' title='bbox 750 405 800 456; x_wconf 84' lang='lat'>2.</span> <span class='ocrx_word' id='word_1_104' title='bbox 875 402 1124 459; x_wconf 82' lang='lat' dir='ltr'>Intuitus</span> <span class='ocrx_word' id='word_1_105' title='bbox 1192 434 1259 442; x_wconf 91' lang='lat'><em>—</em></span> <span class='ocrx_word' id='word_1_106' title='bbox 1303 408 1537 471; x_wconf 80' lang='lat' dir='ltr'>peccata</span> <span class='ocrx_word' id='word_1_107' title='bbox 1581 408 1707 459; x_wconf 85' lang='lat' dir='ltr'>tua.</span> <span class='ocrx_word' id='word_1_108' title='bbox 1750 402 1904 458; x_wconf 89' lang='lat' dir='ltr'>Sicut</span> <span class='ocrx_word' id='word_1_109' title='bbox 1946 401 2105 457; x_wconf 92' lang='lat' dir='ltr'>enim</span> <span class='ocrx_word' id='word_1_110' title='bbox 2138 404 2182 456; x_wconf 91' lang='lat' dir='ltr'><strong>A</strong></span> 
     </span>
    </p>
   </div>
   <div class='ocr_carea' id='block_1_18' title="bbox 2290 399 3809 477">
    <p class='ocr_par' dir='ltr' id='par_1_18' title="bbox 2290 399 3809 477">
     <span class='ocr_line' id='line_1_18' title="bbox 2290 399 3809 477; baseline 0.002 -23"><span class='ocrx_word' id='word_1_111' title='bbox 2290 407 2389 454; x_wconf 80' lang='grc' dir='ltr'>Καὶ</span> <span class='ocrx_word' id='word_1_112' title='bbox 2422 399 2547 453; x_wconf 80' lang='grc' dir='ltr'>ἰδὼν</span> <span class='ocrx_word' id='word_1_113' title='bbox 2597 434 2663 441; x_wconf 88' lang='grc'><strong>-</strong></span> <span class='ocrx_word' id='word_1_114' title='bbox 2701 404 2755 453; x_wconf 85' lang='grc' dir='ltr'>αἱ</span> <span class='ocrx_word' id='word_1_115' title='bbox 2786 402 3042 474; x_wconf 76' lang='grc' dir='ltr'>ἁμαρτίαι</span> <span class='ocrx_word' id='word_1_116' title='bbox 3097 422 3215 459; x_wconf 89' lang='grc' dir='ltr'>σου,</span> <span class='ocrx_word' id='word_1_117' title='bbox 3266 403 3356 465; x_wconf 75' lang='grc' dir='ltr'>Ὠς</span> <span class='ocrx_word' id='word_1_118' title='bbox 3402 405 3505 476; x_wconf 79' lang='grc' dir='ltr'>γὰρ</span> <span class='ocrx_word' id='word_1_119' title='bbox 3551 405 3575 455; x_wconf 89' lang='lat'>6</span> <span class='ocrx_word' id='word_1_120' title='bbox 3628 404 3809 477; x_wconf 83' lang='grc' dir='ltr'>Μάρκος</span> 
     </span>
    </p>
   </div>
   <div class='ocr_carea' id='block_1_19' title="bbox 2215 488 3811 563">
    <p class='ocr_par' dir='ltr' id='par_1_19' title="bbox 2215 488 3811 563">
     <span class='ocr_line' id='line_1_19' title="bbox 2215 488 3811 563; baseline 0.004 -24"><span class='ocrx_word' id='word_1_121' title='bbox 2215 495 2304 541; x_wconf 87' lang='grc' dir='ltr'>καὶ</span> <span class='ocrx_word' id='word_1_122' title='bbox 2357 492 2381 540; x_wconf 92' lang='lat'>6</span> <span class='ocrx_word' id='word_1_123' title='bbox 2428 497 2634 552; x_wconf 81' lang='grc' dir='ltr'>Λουκᾶς</span> <span class='ocrx_word' id='word_1_124' title='bbox 2687 488 2848 554; x_wconf 83' lang='grc' dir='ltr'>εἷπον,</span> <span class='ocrx_word' id='word_1_125' title='bbox 2921 495 2993 562; x_wconf 82' lang='grc' dir='ltr'>μὴ</span> <span class='ocrx_word' id='word_1_126' title='bbox 3058 488 3337 563; x_wconf 85' lang='grc' dir='ltr'>δυνάμενοι</span> <span class='ocrx_word' id='word_1_127' title='bbox 3405 492 3671 563; x_wconf 84' lang='grc' dir='ltr'>εἰσελθεῖν,</span> <span class='ocrx_word' id='word_1_128' title='bbox 3735 491 3811 547; x_wconf 72' lang='grc' dir='ltr'>διὰ</span> 
     </span>
    </p>
   </div>
   <div class='ocr_carea' id='block_1_20' title="bbox 2215 577 3810 649">
    <p class='ocr_par' dir='ltr' id='par_1_20' title="bbox 2215 577 3810 649">
     <span class='ocr_line' id='line_1_20' title="bbox 2215 577 3810 649; baseline 0.004 -20"><span class='ocrx_word' id='word_1_129' title='bbox 2215 580 2273 629; x_wconf 86' lang='grc' dir='ltr'>τὸ</span> <span class='ocrx_word' id='word_1_130' title='bbox 2331 577 2525 639; x_wconf 78' lang='grc' dir='ltr'>πλῆθος</span> <span class='ocrx_word' id='word_1_131' title='bbox 2582 588 2680 630; x_wconf 88' lang='grc' dir='ltr'>τῶν</span> <span class='ocrx_word' id='word_1_132' title='bbox 2731 578 3091 649; x_wconf 73' lang='grc' dir='ltr'>συλλεγέντων,</span> <span class='ocrx_word' id='word_1_133' title='bbox 3155 579 3372 637; x_wconf 77' lang='grc' dir='ltr'>ἀνῆλθον</span> <span class='ocrx_word' id='word_1_134' title='bbox 3428 578 3511 632; x_wconf 72' lang='grc' dir='ltr'>ἐπὶ</span> <span class='ocrx_word' id='word_1_135' title='bbox 3569 586 3665 638; x_wconf 77' lang='grc' dir='ltr'>τὴν</span> <span class='ocrx_word' id='word_1_136' title='bbox 3714 586 3810 635; x_wconf 84' lang='grc' dir='ltr'>στέ-</span> 
     </span>
    </p>
   </div>
   <div class='ocr_carea' id='block_1_21' title="bbox 2215 665 3807 739">
    <p class='ocr_par' dir='ltr' id='par_1_21' title="bbox 2215 665 3807 739">
     <span class='ocr_line' id='line_1_21' title="bbox 2215 665 3807 739; baseline 0.004 -23"><span class='ocrx_word' id='word_1_137' title='bbox 2215 686 2309 737; x_wconf 77' lang='grc' dir='ltr'>γην</span> <span class='ocrx_word' id='word_1_138' title='bbox 2367 675 2456 726; x_wconf 76' lang='grc' dir='ltr'>τῆς</span> <span class='ocrx_word' id='word_1_139' title='bbox 2526 667 2709 731; x_wconf 78' lang='grc' dir='ltr'>οἰκίας,</span> <span class='ocrx_word' id='word_1_140' title='bbox 2766 670 2813 719; x_wconf 78' lang='grc' dir='ltr'>ἐν</span> <span class='ocrx_word' id='word_1_141' title='bbox 2983 665 3265 720; x_wconf 76' lang='grc' dir='ltr'>ἐδίδασκεν</span> <span class='ocrx_word' id='word_1_142' title='bbox 3344 670 3369 719; x_wconf 97' lang='lat'>6</span> <span class='ocrx_word' id='word_1_143' title='bbox 3431 669 3662 737; x_wconf 84' lang='grc' dir='ltr'>Ἰησοῦς,</span> <span class='ocrx_word' id='word_1_144' title='bbox 3736 676 3807 723; x_wconf 86' lang='grc' dir='ltr'>καὶ</span> 
     </span>
    </p>
   </div>
   <div class='ocr_carea' id='block_1_22' title="bbox 2217 754 3807 833">
    <p class='ocr_par' dir='ltr' id='par_1_22' title="bbox 2217 754 3807 833">
     <span class='ocr_line' id='line_1_22' title="bbox 2217 754 3807 833; baseline 0.003 -28"><span class='ocrx_word' id='word_1_145' title='bbox 2217 754 2548 828; x_wconf 75' lang='grc' dir='ltr'>ἀνορύξαντες</span> <span class='ocrx_word' id='word_1_146' title='bbox 2599 756 2781 823; x_wconf 73' lang='grc' dir='ltr'>αὐτὴν,</span> <span class='ocrx_word' id='word_1_147' title='bbox 2839 756 3110 827; x_wconf 83' lang='grc' dir='ltr'>ἐχάλασαν</span> <span class='ocrx_word' id='word_1_148' title='bbox 3168 754 3240 809; x_wconf 87' lang='grc' dir='ltr'>δι’</span> <span class='ocrx_word' id='word_1_149' title='bbox 3305 758 3462 817; x_wconf 74' lang='grc' dir='ltr'>αὐτῆς</span> <span class='ocrx_word' id='word_1_150' title='bbox 3514 761 3602 809; x_wconf 86' lang='grc' dir='ltr'>τόν</span> <span class='ocrx_word' id='word_1_151' title='bbox 3660 759 3807 833; x_wconf 79' lang='grc' dir='ltr'>κράϐ-</span> 
     </span>
    </p>
   </div>
   <div class='ocr_carea' id='block_1_23' title="bbox 2217 842 3808 919">
    <p class='ocr_par' dir='ltr' id='par_1_23' title="bbox 2217 842 3808 919">
     <span class='ocr_line' id='line_1_23' title="bbox 2217 842 3808 919; baseline 0.004 -25"><span class='ocrx_word' id='word_1_152' title='bbox 2217 842 2391 911; x_wconf 82' lang='grc' dir='ltr'>ϐατον,</span> <span class='ocrx_word' id='word_1_153' title='bbox 2474 842 2547 913; x_wconf 86' lang='grc' dir='ltr'>ἐφ’</span> <span class='ocrx_word' id='word_1_154' title='bbox 2745 850 3010 898; x_wconf 81' lang='grc' dir='ltr'>κατέκειτο</span> <span class='ocrx_word' id='word_1_155' title='bbox 3093 847 3118 896; x_wconf 89' lang='lat'>6</span> <span class='ocrx_word' id='word_1_156' title='bbox 3184 846 3477 919; x_wconf 74' lang='grc' dir='ltr'>παράλυτος</span> <span class='ocrx_word' id='word_1_157' title='bbox 3556 848 3593 898; x_wconf 82' lang='grc' dir='ltr'><em>ἂ</em></span> <span class='ocrx_word' id='word_1_158' title='bbox 3660 851 3808 900; x_wconf 81' lang='grc' dir='ltr'>πάντα</span> 
     </span>
    </p>
   </div>
   <div class='ocr_carea' id='block_1_24' title="bbox 2216 930 3804 1007">
    <p class='ocr_par' dir='ltr' id='par_1_24' title="bbox 2216 930 3804 1007">
     <span class='ocr_line' id='line_1_24' title="bbox 2216 930 3804 1007; baseline 0.003 -24"><span class='ocrx_word' id='word_1_159' title='bbox 2216 931 2444 1003; x_wconf 76' lang='grc' dir='ltr'>μεγάλης</span> <span class='ocrx_word' id='word_1_160' title='bbox 2491 936 2713 993; x_wconf 86' lang='grc' dir='ltr'>πίστεως</span> <span class='ocrx_word' id='word_1_161' title='bbox 2788 930 2942 997; x_wconf 72' lang='grc' dir='ltr'>ἦσαν,</span> <span class='ocrx_word' id='word_1_162' title='bbox 3001 936 3114 993; x_wconf 75' lang='grc' dir='ltr'>ἧτίς</span> <span class='ocrx_word' id='word_1_163' title='bbox 3204 936 3402 986; x_wconf 81' lang='grc' dir='ltr'>ἔπεισεν</span> <span class='ocrx_word' id='word_1_164' title='bbox 3478 934 3690 1000; x_wconf 79' lang='grc' dir='ltr'>αύτούς,</span> <span class='ocrx_word' id='word_1_165' title='bbox 3746 942 3804 1007; x_wconf 80' lang='grc' dir='ltr'>μὴ</span> 
     </span>
    </p>
   </div>
   <div class='ocr_carea' id='block_1_25' title="bbox 2218 1018 3806 1095">
    <p class='ocr_par' dir='ltr' id='par_1_25' title="bbox 2218 1018 3806 1095">
     <span class='ocr_line' id='line_1_25' title="bbox 2218 1018 3806 1095; baseline 0.004 -25"><span class='ocrx_word' id='word_1_166' title='bbox 2218 1020 2531 1091; x_wconf 89' lang='grc' dir='ltr'>ἀπογνῶναι,</span> <span class='ocrx_word' id='word_1_167' title='bbox 2583 1018 2713 1091; x_wconf 76' lang='grc' dir='ltr'>μηδ’</span> <span class='ocrx_word' id='word_1_168' title='bbox 2782 1021 3134 1095; x_wconf 70' lang='grc' dir='ltr'>ὑποστρέψαι,</span> <span class='ocrx_word' id='word_1_169' title='bbox 3201 1020 3326 1073; x_wconf 87' lang='grc' dir='ltr'>ἀλλά</span> <span class='ocrx_word' id='word_1_170' title='bbox 3379 1025 3550 1075; x_wconf 85' lang='grc' dir='ltr'>πάντα</span> <span class='ocrx_word' id='word_1_171' title='bbox 3603 1032 3806 1082; x_wconf 79' lang='grc' dir='ltr'>ποιῆσαι</span> 
     </span>
    </p>
   </div>
   <div class='ocr_carea' id='block_1_26' title="bbox 2216 1108 3808 1182">
    <p class='ocr_par' dir='ltr' id='par_1_26' title="bbox 2216 1108 3808 1182">
     <span class='ocr_line' id='line_1_26' title="bbox 2216 1108 3808 1182; baseline 0.003 -23"><span class='ocrx_word' id='word_1_172' title='bbox 2216 1113 2303 1160; x_wconf 82' lang='grc' dir='ltr'>καὶ</span> <span class='ocrx_word' id='word_1_173' title='bbox 2360 1110 2560 1173; x_wconf 82' lang='grc' dir='ltr'>παθεῖν,</span> <span class='ocrx_word' id='word_1_174' title='bbox 2615 1110 2741 1181; x_wconf 76' lang='grc' dir='ltr'>ὑπὲρ</span> <span class='ocrx_word' id='word_1_175' title='bbox 2808 1116 2899 1161; x_wconf 74' lang='grc' dir='ltr'>τοῦ</span> <span class='ocrx_word' id='word_1_176' title='bbox 2962 1108 3174 1182; x_wconf 87' lang='grc' dir='ltr'>ἀγαγεῖν</span> <span class='ocrx_word' id='word_1_177' title='bbox 3228 1111 3384 1162; x_wconf 72' lang='grc' dir='ltr'>αὐτὸν</span> <span class='ocrx_word' id='word_1_178' title='bbox 3440 1111 3512 1172; x_wconf 83' lang='grc' dir='ltr'>εἰς</span> <span class='ocrx_word' id='word_1_179' title='bbox 3563 1111 3683 1182; x_wconf 65' lang='grc' dir='ltr'>ἄψιν</span> <span class='ocrx_word' id='word_1_180' title='bbox 3731 1120 3808 1165; x_wconf 77' lang='grc' dir='ltr'>τοῦ</span> 
     </span>
    </p>
   </div>
   <div class='ocr_carea' id='block_1_27' title="bbox 2218 1198 3806 1270">
    <p class='ocr_par' dir='ltr' id='par_1_27' title="bbox 2218 1198 3806 1270">
     <span class='ocr_line' id='line_1_27' title="bbox 2218 1198 3806 1270; baseline 0.004 -23"><span class='ocrx_word' id='word_1_181' title='bbox 2218 1204 2469 1270; x_wconf 82' lang='grc' dir='ltr'>Σωτῆρος,</span> <span class='ocrx_word' id='word_1_182' title='bbox 2548 1200 2912 1264; x_wconf 77' lang='grc' dir='ltr'>πιστεύοντας,</span> <span class='ocrx_word' id='word_1_183' title='bbox 2991 1200 3072 1250; x_wconf 85' lang='grc' dir='ltr'>ὅτι</span> <span class='ocrx_word' id='word_1_184' title='bbox 3138 1198 3329 1251; x_wconf 75' lang='grc' dir='ltr'>αὐτίκα</span> <span class='ocrx_word' id='word_1_185' title='bbox 3420 1200 3659 1263; x_wconf 81' lang='grc' dir='ltr'>τεύξεται</span> <span class='ocrx_word' id='word_1_186' title='bbox 3728 1209 3806 1263; x_wconf 80' lang='grc' dir='ltr'>τῆς</span> 
     </span>
    </p>
   </div>
   <div class='ocr_carea' id='block_1_28' title="bbox 2219 1283 3805 1360">
    <p class='ocr_par' dir='ltr' id='par_1_28' title="bbox 2219 1283 3805 1360">
     <span class='ocr_line' id='line_1_28' title="bbox 2219 1283 3805 1360; baseline 0.003 -24"><span class='ocrx_word' id='word_1_187' title='bbox 2219 1285 2426 1343; x_wconf 84' lang='grc' dir='ltr'>ἰάσεως.</span> <span class='ocrx_word' id='word_1_188' title='bbox 2502 1289 2688 1337; x_wconf 86' lang='grc' dir='ltr'>Πίστιν</span> <span class='ocrx_word' id='word_1_189' title='bbox 2755 1283 2815 1338; x_wconf 71' lang='grc' dir='ltr'>δὲ</span> <span class='ocrx_word' id='word_1_190' title='bbox 2886 1286 3054 1339; x_wconf 71' lang='grc' dir='ltr'>αὐτῶν</span> <span class='ocrx_word' id='word_1_191' title='bbox 3137 1306 3315 1358; x_wconf 82' lang='grc' dir='ltr'>φησιν,</span> <span class='ocrx_word' id='word_1_192' title='bbox 3380 1288 3439 1339; x_wconf 81' lang='grc' dir='ltr'>ού</span> <span class='ocrx_word' id='word_1_193' title='bbox 3497 1293 3653 1360; x_wconf 85' lang='grc' dir='ltr'>μόνον</span> <span class='ocrx_word' id='word_1_194' title='bbox 3724 1298 3805 1340; x_wconf 80' lang='grc' dir='ltr'>τῶν</span> 
     </span>
    </p>
   </div>
   <div class='ocr_carea' id='block_1_29' title="bbox 2216 1372 3807 1450">
    <p class='ocr_par' dir='ltr' id='par_1_29' title="bbox 2216 1372 3807 1450">
     <span class='ocr_line' id='line_1_29' title="bbox 2216 1372 3807 1450; baseline 0.003 -26"><span class='ocrx_word' id='word_1_195' title='bbox 2216 1372 2582 1445; x_wconf 80' lang='grc' dir='ltr'>χαλασάντων,</span> <span class='ocrx_word' id='word_1_196' title='bbox 2643 1372 2771 1426; x_wconf 88' lang='grc' dir='ltr'>ἀλλά</span> <span class='ocrx_word' id='word_1_197' title='bbox 2819 1379 2906 1426; x_wconf 82' lang='grc' dir='ltr'>καὶ</span> <span class='ocrx_word' id='word_1_198' title='bbox 2960 1382 3053 1427; x_wconf 84' lang='grc' dir='ltr'>τοῦ</span> <span class='ocrx_word' id='word_1_199' title='bbox 3105 1375 3481 1446; x_wconf 70' lang='grc' dir='ltr'>χαλασθέντος*</span> <span class='ocrx_word' id='word_1_200' title='bbox 3535 1377 3595 1429; x_wconf 80' lang='grc' dir='ltr'>ού</span> <span class='ocrx_word' id='word_1_201' title='bbox 3639 1376 3807 1450; x_wconf 78' lang='grc' dir='ltr'>γὰρᾶν</span> 
     </span>
    </p>
   </div>
   <div class='ocr_carea' id='block_1_30' title="bbox 2217 1461 3804 1534">
    <p class='ocr_par' dir='ltr' id='par_1_30' title="bbox 2217 1461 3804 1534">
     <span class='ocr_line' id='line_1_30' title="bbox 2217 1461 3804 1534; baseline 0.003 -22"><span class='ocrx_word' id='word_1_202' title='bbox 2217 1463 2469 1532; x_wconf 79' lang='grc' dir='ltr'>ἠνέσχετο</span> <span class='ocrx_word' id='word_1_203' title='bbox 2528 1461 2886 1533; x_wconf 80' lang='grc' dir='ltr'>χαλασθῆναι,</span> <span class='ocrx_word' id='word_1_204' title='bbox 2976 1462 3019 1514; x_wconf 85' lang='grc' dir='ltr'>εἰ</span> <span class='ocrx_word' id='word_1_205' title='bbox 3097 1468 3169 1534; x_wconf 79' lang='grc' dir='ltr'>μὴ</span> <span class='ocrx_word' id='word_1_206' title='bbox 3250 1466 3461 1522; x_wconf 86' lang='grc' dir='ltr'>ιαθῆναι</span> <span class='ocrx_word' id='word_1_207' title='bbox 3538 1464 3804 1518; x_wconf 78' lang='grc' dir='ltr'>ἐπίστευεν.</span> 
     </span>
    </p>
   </div>
   <div class='ocr_carea' id='block_1_31' title="bbox 2219 1546 2956 1625">
    <p class='ocr_par' dir='ltr' id='par_1_31' title="bbox 2219 1546 2956 1625">
     <span class='ocr_line' id='line_1_31' title="bbox 2219 1546 2956 1625; baseline 0 -23"><span class='ocrx_word' id='word_1_208' title='bbox 2219 1548 2366 1603; x_wconf 87' lang='grc' dir='ltr'>Ἰδὼν</span> <span class='ocrx_word' id='word_1_209' title='bbox 2453 1546 2511 1603; x_wconf 73' lang='grc' dir='ltr'>δὲ</span> <span class='ocrx_word' id='word_1_210' title='bbox 2602 1552 2627 1601; x_wconf 85' lang='grc' dir='ltr'><em>ὁ</em></span> <span class='ocrx_word' id='word_1_211' title='bbox 2722 1554 2956 1625; x_wconf 83' lang='grc' dir='ltr'>Χριστὸς</span> 
     </span>
    </p>
   </div>
   <div class='ocr_carea' id='block_1_32' title="bbox 2219 1638 2887 1713">
    <p class='ocr_par' dir='ltr' id='par_1_32' title="bbox 2219 1638 2887 1713">
     <span class='ocr_line' id='line_1_32' title="bbox 2219 1638 2887 1713; baseline 0.003 -24"><span class='ocrx_word' id='word_1_212' title='bbox 2219 1638 2406 1704; x_wconf 69' lang='grc' dir='ltr'>αὐτῶν,</span> <span class='ocrx_word' id='word_1_213' title='bbox 2518 1647 2723 1713; x_wconf 87' lang='grc' dir='ltr'>πρῶτον</span> <span class='ocrx_word' id='word_1_214' title='bbox 2796 1642 2887 1711; x_wconf 71' lang='grc' dir='ltr'>μὲν</span> 
     </span>
    </p>
   </div>
   <div class='ocr_carea' id='block_1_33' title="bbox 3058 1552 3809 1610">
    <p class='ocr_par' dir='ltr' id='par_1_33' title="bbox 3058 1552 3809 1610">
     <span class='ocr_line' id='line_1_33' title="bbox 3058 1552 3809 1610; baseline 0.004 -7"><span class='ocrx_word' id='word_1_215' title='bbox 3058 1557 3151 1609; x_wconf 88' lang='grc' dir='ltr'>τὴν</span> <span class='ocrx_word' id='word_1_216' title='bbox 3226 1552 3549 1610; x_wconf 82' lang='grc' dir='ltr'>τηλικαύτην</span> <span class='ocrx_word' id='word_1_217' title='bbox 3648 1560 3809 1606; x_wconf 83' lang='grc' dir='ltr'>πίστιν</span> 
     </span>
    </p>
   </div>
   <div class='ocr_carea' id='block_1_34' title="bbox 2985 1640 3807 1711">
    <p class='ocr_par' dir='ltr' id='par_1_34' title="bbox 2985 1640 3807 1711">
     <span class='ocr_line' id='line_1_34' title="bbox 2985 1640 3807 1711; baseline 0.005 -20"><span class='ocrx_word' id='word_1_218' title='bbox 2985 1640 3174 1711; x_wconf 84' lang='grc' dir='ltr'>ἀφίησι</span> <span class='ocrx_word' id='word_1_219' title='bbox 3249 1649 3319 1710; x_wconf 82' lang='grc' dir='ltr'>τῷ</span> <span class='ocrx_word' id='word_1_220' title='bbox 3396 1651 3638 1694; x_wconf 82' lang='grc' dir='ltr'>νοσοῦντι</span> <span class='ocrx_word' id='word_1_221' title='bbox 3734 1646 3807 1703; x_wconf 78' lang='grc' dir='ltr'>τὰς</span> 
     </span>
    </p>
   </div>
   <div class='ocr_carea' id='block_1_35' title="bbox 464 1726 2111 1802">
    <p class='ocr_par' dir='ltr' id='par_1_35' title="bbox 464 1726 2108 1800">
     <span class='ocr_line' id='line_1_35' title="bbox 464 1726 2108 1800; baseline -0.002 -15"><span class='ocrx_word' id='word_1_222' title='bbox 464 1729 716 1799; x_wconf 87' lang='lat' dir='ltr'>remittit,</span> <span class='ocrx_word' id='word_1_223' title='bbox 756 1730 970 1785; x_wconf 85' lang='lat' dir='ltr'>deinde</span> <span class='ocrx_word' id='word_1_224' title='bbox 1006 1744 1142 1785; x_wconf 85' lang='lat' dir='ltr'>vero</span> <span class='ocrx_word' id='word_1_225' title='bbox 1172 1744 1391 1800; x_wconf 91' lang='lat' dir='ltr'>corpus</span> <span class='ocrx_word' id='word_1_226' title='bbox 1422 1732 1600 1783; x_wconf 90' lang='lat' dir='ltr'>sanat</span> <span class='ocrx_word' id='word_1_227' title='bbox 1631 1744 1642 1782; x_wconf 92' lang='lat'>:</span> <span class='ocrx_word' id='word_1_228' title='bbox 1680 1726 1858 1782; x_wconf 88' lang='lat' dir='ltr'>simul</span> <span class='ocrx_word' id='word_1_229' title='bbox 1887 1727 2108 1783; x_wconf 88' lang='lat' dir='ltr'>docens</span> 
     </span>
    </p>
   </div>
   <div class='ocr_carea' id='block_1_36' title="bbox 2227 1726 3803 1802">
    <p class='ocr_par' dir='ltr' id='par_1_36' title="bbox 2227 1726 3803 1802">
     <span class='ocr_line' id='line_1_36' title="bbox 2227 1726 3803 1802; baseline 0.003 -24"><span class='ocrx_word' id='word_1_230' title='bbox 2227 1727 2473 1801; x_wconf 60' lang='grc' dir='ltr'>ἁμαρτίας</span> <span class='ocrx_word' id='word_1_231' title='bbox 2515 1728 2701 1779; x_wconf 79' lang='grc' dir='ltr'>αύτοῦ⁶</span> <span class='ocrx_word' id='word_1_232' title='bbox 2751 1731 2881 1799; x_wconf 82' lang='grc' dir='ltr'>μετὰ</span> <span class='ocrx_word' id='word_1_233' title='bbox 2923 1736 3075 1780; x_wconf 82' lang='grc' dir='ltr'>τοῦτο</span> <span class='ocrx_word' id='word_1_234' title='bbox 3135 1726 3193 1781; x_wconf 80' lang='grc' dir='ltr'>δὲ</span> <span class='ocrx_word' id='word_1_235' title='bbox 3235 1732 3503 1802; x_wconf 79' lang='grc' dir='ltr'>θεραπεύει</span> <span class='ocrx_word' id='word_1_236' title='bbox 3557 1735 3617 1783; x_wconf 88' lang='grc' dir='ltr'>τό</span> <span class='ocrx_word' id='word_1_237' title='bbox 3654 1741 3803 1802; x_wconf 78' lang='grc' dir='ltr'>σῶμα·</span> 
     </span>
    </p>
   </div>
   <div class='ocr_carea' id='block_1_37' title="bbox 464 1815 2109 1891">
    <p class='ocr_par' dir='ltr' id='par_1_37' title="bbox 464 1815 2109 1891">
     <span class='ocr_line' id='line_1_37' title="bbox 464 1815 2109 1891; baseline -0.001 -18"><span class='ocrx_word' id='word_1_238' title='bbox 464 1818 755 1891; x_wconf 90' lang='lat' dir='ltr'>plurimos</span> <span class='ocrx_word' id='word_1_239' title='bbox 785 1818 1030 1873; x_wconf 88' lang='lat' dir='ltr'>morbos</span> <span class='ocrx_word' id='word_1_240' title='bbox 1058 1833 1088 1872; x_wconf 91' lang='lat' dir='ltr'>e</span> <span class='ocrx_word' id='word_1_241' title='bbox 1118 1817 1374 1889; x_wconf 88' lang='lat' dir='ltr'>peccatis</span> <span class='ocrx_word' id='word_1_242' title='bbox 1400 1816 1621 1881; x_wconf 86' lang='lat' dir='ltr'>oriri,et</span> <span class='ocrx_word' id='word_1_243' title='bbox 1651 1815 1818 1889; x_wconf 90' lang='lat' dir='ltr'>prius</span> <span class='ocrx_word' id='word_1_244' title='bbox 1845 1821 2109 1888; x_wconf 86' lang='lat' dir='ltr'>oportere</span> 
     </span>
    </p>
   </div>
   <div class='ocr_carea' id='block_1_38' title="bbox 468 1905 2108 1977">
    <p class='ocr_par' dir='ltr' id='par_1_38' title="bbox 468 1905 2108 1977">
     <span class='ocr_line' id='line_1_38' title="bbox 468 1905 2108 1977; baseline -0.001 -15"><span class='ocrx_word' id='word_1_245' title='bbox 468 1923 712 1963; x_wconf 88' lang='lat' dir='ltr'>causam</span> <span class='ocrx_word' id='word_1_246' title='bbox 756 1922 987 1976; x_wconf 88' lang='lat' dir='ltr'>curare,</span> <span class='ocrx_word' id='word_1_247' title='bbox 1035 1906 1192 1961; x_wconf 90' lang='lat' dir='ltr'>unde</span> <span class='ocrx_word' id='word_1_248' title='bbox 1236 1905 1416 1961; x_wconf 89' lang='lat' dir='ltr'>etiam</span> <span class='ocrx_word' id='word_1_249' title='bbox 1468 1905 1813 1977; x_wconf 83' lang='lat' dir='ltr'>paralytico,</span> <span class='ocrx_word' id='word_1_250' title='bbox 1872 1906 1944 1960; x_wconf 91' lang='lat' dir='ltr'>de</span> <span class='ocrx_word' id='word_1_251' title='bbox 1986 1920 2108 1977; x_wconf 89' lang='lat' dir='ltr'>quo</span> 
     </span>
    </p>
   </div>
   <div class='ocr_carea' id='block_1_39' title="bbox 468 1994 2109 2062">
    <p class='ocr_par' dir='ltr' id='par_1_39' title="bbox 468 1994 2109 2062">
     <span class='ocr_line' id='line_1_39' title="bbox 468 1994 2109 2062; baseline -0.001 -13"><span class='ocrx_word' id='word_1_252' title='bbox 468 1994 667 2050; x_wconf 88' lang='lat' dir='ltr'>scribit</span> <span class='ocrx_word' id='word_1_253' title='bbox 702 1996 980 2060; x_wconf 84' lang='lat' dir='ltr'>Joannes,</span> <span class='ocrx_word' id='word_1_254' title='bbox 1024 1994 1170 2049; x_wconf 88' lang='lat' dir='ltr'>dixit</span> <span class='ocrx_word' id='word_1_255' title='bbox 1218 2010 1235 2051; x_wconf 90' lang='lat'><strong>:</strong></span> <span class='ocrx_word' id='word_1_256' title='bbox 1266 1994 1419 2050; x_wconf 88' lang='lat' dir='ltr'>Ecce</span> <span class='ocrx_word' id='word_1_257' title='bbox 1456 2009 1629 2048; x_wconf 86' lang='lat' dir='ltr'>sanus</span> <span class='ocrx_word' id='word_1_258' title='bbox 1652 1995 1851 2062; x_wconf 81' lang='lat' dir='ltr'>factus</span> <span class='ocrx_word' id='word_1_259' title='bbox 1880 2009 1956 2059; x_wconf 91' lang='lat' dir='ltr'>es,</span> <span class='ocrx_word' id='word_1_260' title='bbox 1990 2009 2109 2048; x_wconf 89' lang='lat' dir='ltr'>non</span> 
     </span>
    </p>
   </div>
   <div class='ocr_carea' id='block_1_40' title="bbox 474 2082 2106 2153">
    <p class='ocr_par' dir='ltr' id='par_1_40' title="bbox 474 2082 2106 2153">
     <span class='ocr_line' id='line_1_40' title="bbox 474 2082 2106 2153; baseline -0.002 -14"><span class='ocrx_word' id='word_1_261' title='bbox 474 2098 678 2152; x_wconf 81' lang='lat' dir='ltr'>pecces</span> <span class='ocrx_word' id='word_1_262' title='bbox 723 2083 1013 2153; x_wconf 74' lang='lat' dir='ltr'>deinceps,</span> <span class='ocrx_word' id='word_1_263' title='bbox 1045 2099 1114 2138; x_wconf 86' lang='lat' dir='ltr'>ne</span> <span class='ocrx_word' id='word_1_264' title='bbox 1137 2082 1281 2153; x_wconf 86' lang='lat' dir='ltr'>quid</span> <span class='ocrx_word' id='word_1_265' title='bbox 1305 2082 1557 2137; x_wconf 81' lang='lat' dir='ltr'>deterius</span> <span class='ocrx_word' id='word_1_266' title='bbox 1587 2082 1686 2137; x_wconf 84' lang='lat' dir='ltr'>tibi</span> <span class='ocrx_word' id='word_1_267' title='bbox 1713 2084 2006 2153; x_wconf 86' lang='lat' dir='ltr'>contingat</span> <span class='ocrx_word' id='word_1_268' title='bbox 2038 2084 2106 2149; x_wconf 76' lang='grc' dir='ltr'>τι,</span> 
     </span>
    </p>
   </div>
   <div class='ocr_carea' id='block_1_41' title="bbox 470 2171 2109 2244">
    <p class='ocr_par' dir='ltr' id='par_1_41' title="bbox 470 2171 2109 2244">
     <span class='ocr_line' id='line_1_41' title="bbox 470 2171 2109 2244; baseline -0.001 -18"><span class='ocrx_word' id='word_1_269' title='bbox 470 2171 649 2227; x_wconf 89' lang='lat' dir='ltr'>simul</span> <span class='ocrx_word' id='word_1_270' title='bbox 672 2187 914 2244; x_wconf 88' lang='lat' dir='ltr'>quoque</span> <span class='ocrx_word' id='word_1_271' title='bbox 947 2172 1133 2227; x_wconf 91' lang='lat' dir='ltr'>Deum</span> <span class='ocrx_word' id='word_1_272' title='bbox 1161 2187 1225 2226; x_wconf 90' lang='lat' dir='ltr'>se</span> <span class='ocrx_word' id='word_1_273' title='bbox 1251 2187 1378 2226; x_wconf 91' lang='lat' dir='ltr'>esse</span> <span class='ocrx_word' id='word_1_274' title='bbox 1408 2172 1749 2228; x_wconf 90' lang='lat' dir='ltr'>ostendens.</span> <span class='ocrx_word' id='word_1_275' title='bbox 1780 2174 2109 2241; x_wconf 87' lang='lat' dir='ltr'>Corporeas</span> 
     </span>
    </p>
   </div>
   <div class='ocr_carea' id='block_1_42' title="bbox 468 2257 2110 2331">
    <p class='ocr_par' dir='ltr' id='par_1_42' title="bbox 468 2257 2110 2331">
     <span class='ocr_line' id='line_1_42' title="bbox 468 2257 2110 2331; baseline 0 -18"><span class='ocrx_word' id='word_1_276' title='bbox 468 2259 767 2331; x_wconf 88' lang='lat' dir='ltr'>siquidem</span> <span class='ocrx_word' id='word_1_277' title='bbox 829 2275 1035 2315; x_wconf 90' lang='lat' dir='ltr'>curare</span> <span class='ocrx_word' id='word_1_278' title='bbox 1094 2257 1463 2314; x_wconf 86' lang='lat' dir='ltr'>inﬁrmitates</span> <span class='ocrx_word' id='word_1_279' title='bbox 1524 2258 1701 2314; x_wconf 88' lang='lat' dir='ltr'>etiam</span> <span class='ocrx_word' id='word_1_280' title='bbox 1767 2263 2110 2314; x_wconf 88' lang='lat' dir='ltr'>sanctorum</span> 
     </span>
    </p>
   </div>
   <div class='ocr_carea' id='block_1_43' title="bbox 466 2344 2109 2418">
    <p class='ocr_par' dir='ltr' id='par_1_43' title="bbox 466 2344 2109 2418">
     <span class='ocr_line' id='line_1_43' title="bbox 466 2344 2109 2418; baseline -0.001 -16"><span class='ocrx_word' id='word_1_281' title='bbox 466 2351 554 2403; x_wconf 90' lang='lat' dir='ltr'>est</span> <span class='ocrx_word' id='word_1_282' title='bbox 584 2362 598 2413; x_wconf 91' lang='lat'><strong>;</strong></span> <span class='ocrx_word' id='word_1_283' title='bbox 630 2350 874 2418; x_wconf 90' lang='lat' dir='ltr'>peccata</span> <span class='ocrx_word' id='word_1_284' title='bbox 897 2362 1035 2403; x_wconf 87' lang='lat' dir='ltr'>vero</span> <span class='ocrx_word' id='word_1_285' title='bbox 1060 2346 1372 2411; x_wconf 80' lang='lat' dir='ltr'>remittere,</span> <span class='ocrx_word' id='word_1_286' title='bbox 1400 2344 1584 2402; x_wconf 90' lang='lat' dir='ltr'>solius</span> <span class='ocrx_word' id='word_1_287' title='bbox 1609 2345 1736 2402; x_wconf 60' lang='lat' dir='ltr'>Dei.</span> <span class='ocrx_word' id='word_1_288' title='bbox 1764 2346 1901 2403; x_wconf 89' lang='lat' dir='ltr'>Ideo</span> <span class='ocrx_word' id='word_1_289' title='bbox 1931 2346 2109 2402; x_wconf 89' lang='lat' dir='ltr'>etiam</span> 
     </span>
    </p>
   </div>
   <div class='ocr_carea' id='block_1_44' title="bbox 468 2434 1095 2493">
    <p class='ocr_par' dir='ltr' id='par_1_44' title="bbox 468 2434 1095 2493">
     <span class='ocr_line' id='line_1_44' title="bbox 468 2434 1095 2493; baseline -0.003 0"><span class='ocrx_word' id='word_1_290' title='bbox 468 2435 675 2493; x_wconf 84' lang='lat' dir='ltr'>Scribae</span> <span class='ocrx_word' id='word_1_291' title='bbox 706 2434 1095 2493; x_wconf 89' lang='lat' dir='ltr'>turtabantur.</span> 
     </span>
    </p>
   </div>
   <div class='ocr_carea' id='block_1_45' title="bbox 535 2611 2111 2683">
    <p class='ocr_par' dir='ltr' id='par_1_45' title="bbox 535 2611 2111 2683">
     <span class='ocr_line' id='line_1_45' title="bbox 535 2611 2111 2683; baseline -0.001 -14"><span class='ocrx_word' id='word_1_292' title='bbox 535 2614 676 2669; x_wconf 84' lang='lat' dir='ltr'>Vers</span> <span class='ocrx_word' id='word_1_293' title='bbox 690 2654 703 2668; x_wconf 93' lang='lat'><strong><em>.</em></strong></span> <span class='ocrx_word' id='word_1_294' title='bbox 732 2614 785 2668; x_wconf 91' lang='lat'>3.</span> <span class='ocrx_word' id='word_1_295' title='bbox 806 2614 965 2669; x_wconf 85' lang='lat' dir='ltr'>Et—</span> <span class='ocrx_word' id='word_1_296' title='bbox 979 2612 1354 2683; x_wconf 86' lang='lat' dir='ltr'>blasphemat.</span> <span class='ocrx_word' id='word_1_297' title='bbox 1374 2611 1607 2667; x_wconf 90' lang='lat' dir='ltr'>Marcus</span> <span class='ocrx_word' id='word_1_298' title='bbox 1630 2612 2005 2669; x_wconf 86' lang='lat' dir='ltr'>manifestius</span> <span class='ocrx_word' id='word_1_299' title='bbox 2026 2613 2111 2669; x_wconf 89' lang='lat' dir='ltr'>di-</span> 
     </span>
    </p>
   </div>
   <div class='ocr_carea' id='block_1_46' title="bbox 464 2700 2112 2773">
    <p class='ocr_par' dir='ltr' id='par_1_46' title="bbox 464 2700 2112 2773">
     <span class='ocr_line' id='line_1_46' title="bbox 464 2700 2112 2773; baseline -0.001 -15"><span class='ocrx_word' id='word_1_300' title='bbox 464 2701 574 2758; x_wconf 80' lang='lat' dir='ltr'>xit:</span> <span class='ocrx_word' id='word_1_301' title='bbox 591 2702 1021 2773; x_wconf 84' lang='lat' dir='ltr'>Erantquidam</span> <span class='ocrx_word' id='word_1_302' title='bbox 1042 2702 1393 2759; x_wconf 78' lang='lat' dir='ltr'>Scribarum</span> <span class='ocrx_word' id='word_1_303' title='bbox 1418 2700 1502 2757; x_wconf 88' lang='lat' dir='ltr'>ibi</span> <span class='ocrx_word' id='word_1_304' title='bbox 1513 2702 1766 2758; x_wconf 80' lang='lat' dir='ltr'>sedentes</span> <span class='ocrx_word' id='word_1_305' title='bbox 1784 2709 1836 2758; x_wconf 90' lang='lat' dir='ltr'>et</span> <span class='ocrx_word' id='word_1_306' title='bbox 1851 2702 2112 2772; x_wconf 85' lang='lat' dir='ltr'>cogitan-</span> 
     </span>
    </p>
   </div>
   <div class='ocr_carea' id='block_1_47' title="bbox 467 2789 2114 2861">
    <p class='ocr_par' dir='ltr' id='par_1_47' title="bbox 467 2789 2114 2861">
     <span class='ocr_line' id='line_1_47' title="bbox 467 2789 2114 2861; baseline 0.001 -17"><span class='ocrx_word' id='word_1_307' title='bbox 467 2796 546 2847; x_wconf 90' lang='lat' dir='ltr'>tes</span> <span class='ocrx_word' id='word_1_308' title='bbox 558 2791 619 2845; x_wconf 85' lang='lat' dir='ltr'>in</span> <span class='ocrx_word' id='word_1_309' title='bbox 631 2789 901 2846; x_wconf 68' lang='lat' dir='ltr'>cordibus</span> <span class='ocrx_word' id='word_1_310' title='bbox 913 2791 1061 2846; x_wconf 84' lang='lat' dir='ltr'>suis:</span> <span class='ocrx_word' id='word_1_311' title='bbox 1078 2790 1228 2856; x_wconf 83' lang='lat' dir='ltr'>Quid</span> <span class='ocrx_word' id='word_1_312' title='bbox 1240 2789 1335 2846; x_wconf 83' lang='lat' dir='ltr'>hic</span> <span class='ocrx_word' id='word_1_313' title='bbox 1344 2791 1427 2845; x_wconf 86' lang='lat' dir='ltr'>ita</span> <span class='ocrx_word' id='word_1_314' title='bbox 1441 2790 1693 2860; x_wconf 82' lang='lat' dir='ltr'>loquitur</span> <span class='ocrx_word' id='word_1_315' title='bbox 1706 2789 2114 2861; x_wconf 79' lang='lat' dir='ltr'>blasphemias?</span> 
     </span>
    </p>
   </div>
   <div class='ocr_carea' id='block_1_48' title="bbox 467 2879 2111 2951">
    <p class='ocr_par' dir='ltr' id='par_1_48' title="bbox 467 2879 2111 2951">
     <span class='ocr_line' id='line_1_48' title="bbox 467 2879 2111 2951; baseline 0 -18"><span class='ocrx_word' id='word_1_316' title='bbox 467 2879 571 2946; x_wconf 78' lang='lat' dir='ltr'>Qui</span> <span class='ocrx_word' id='word_1_317' title='bbox 593 2886 777 2948; x_wconf 83' lang='lat' dir='ltr'>potest</span> <span class='ocrx_word' id='word_1_318' title='bbox 803 2880 1097 2935; x_wconf 83' lang='lat' dir='ltr'>remittere</span> <span class='ocrx_word' id='word_1_319' title='bbox 1115 2884 1347 2949; x_wconf 85' lang='lat' dir='ltr'>peccata</span> <span class='ocrx_word' id='word_1_320' title='bbox 1365 2883 1583 2947; x_wconf 67' lang='lat' dir='ltr'>praeter</span> <span class='ocrx_word' id='word_1_321' title='bbox 1602 2895 1781 2933; x_wconf 87' lang='lat' dir='ltr'>unum</span> <span class='ocrx_word' id='word_1_322' title='bbox 1806 2881 1874 2944; x_wconf 68' lang='lat'>7’,</span> <span class='ocrx_word' id='word_1_323' title='bbox 1896 2895 2111 2951; x_wconf 88' lang='lat' dir='ltr'>nempe</span> 
     </span>
    </p>
   </div>
   <div class='ocr_carea' id='block_1_49' title="bbox 464 2966 2114 3038">
    <p class='ocr_par' dir='ltr' id='par_1_49' title="bbox 464 2966 2114 3038">
     <span class='ocr_line' id='line_1_49' title="bbox 464 2966 2114 3038; baseline 0.001 -18"><span class='ocrx_word' id='word_1_324' title='bbox 464 2966 650 3021; x_wconf 89' lang='lat' dir='ltr'>Deum</span> <span class='ocrx_word' id='word_1_325' title='bbox 664 2967 1284 3038; x_wconf 81' lang='lat' dir='ltr'>(oo)?0ﬁendebantur</span> <span class='ocrx_word' id='word_1_326' title='bbox 1296 2974 1493 3022; x_wconf 89' lang='lat' dir='ltr'>autem</span> <span class='ocrx_word' id='word_1_327' title='bbox 1510 2981 1630 3037; x_wconf 69' lang='lat' dir='ltr'>prae</span> <span class='ocrx_word' id='word_1_328' title='bbox 1644 2966 1859 3023; x_wconf 86' lang='lat' dir='ltr'>invidia</span> <span class='ocrx_word' id='word_1_329' title='bbox 1877 2975 1931 3022; x_wconf 89' lang='lat' dir='ltr'>et</span> <span class='ocrx_word' id='word_1_330' title='bbox 1945 2968 2114 3023; x_wconf 87' lang='lat' dir='ltr'>mali-</span> 
     </span>
    </p>
   </div>
   <div class='ocr_carea' id='block_1_50' title="bbox 2219 1812 3806 1891">
    <p class='ocr_par' dir='ltr' id='par_1_50' title="bbox 2219 1812 3806 1891">
     <span class='ocr_line' id='line_1_50' title="bbox 2219 1812 3806 1891; baseline 0.003 -24"><span class='ocrx_word' id='word_1_331' title='bbox 2219 1815 2330 1887; x_wconf 83' lang='grc' dir='ltr'>ἄμα</span> <span class='ocrx_word' id='word_1_332' title='bbox 2379 1818 2469 1886; x_wconf 74' lang='grc' dir='ltr'>μὲν</span> <span class='ocrx_word' id='word_1_333' title='bbox 2501 1812 2794 1881; x_wconf 83' lang='grc' dir='ltr'>διδάσκων,</span> <span class='ocrx_word' id='word_1_334' title='bbox 2844 1818 2923 1868; x_wconf 84' lang='grc' dir='ltr'>ὅτι</span> <span class='ocrx_word' id='word_1_335' title='bbox 2962 1820 3027 1868; x_wconf 80' lang='grc' dir='ltr'>τὰ</span> <span class='ocrx_word' id='word_1_336' title='bbox 3075 1816 3238 1869; x_wconf 79' lang='grc' dir='ltr'>πολλὰ</span> <span class='ocrx_word' id='word_1_337' title='bbox 3282 1826 3380 1869; x_wconf 84' lang='grc' dir='ltr'>τῶν</span> <span class='ocrx_word' id='word_1_338' title='bbox 3422 1823 3731 1891; x_wconf 74' lang='grc' dir='ltr'>νοσημάτων</span> <span class='ocrx_word' id='word_1_339' title='bbox 3764 1820 3806 1881; x_wconf 82' lang='grc' dir='ltr'>ἐξ</span> 
     </span>
    </p>
   </div>
   <div class='ocr_carea' id='block_1_51' title="bbox 2220 1904 3812 1980">
    <p class='ocr_par' dir='ltr' id='par_1_51' title="bbox 2220 1904 3812 1980">
     <span class='ocr_line' id='line_1_51' title="bbox 2220 1904 3812 1980; baseline 0.003 -25"><span class='ocrx_word' id='word_1_340' title='bbox 2220 1904 2483 1977; x_wconf 84' lang='grc' dir='ltr'>ἁμαρτιῶν</span> <span class='ocrx_word' id='word_1_341' title='bbox 2536 1907 2769 1975; x_wconf 75' lang='grc' dir='ltr'>φύονται,</span> <span class='ocrx_word' id='word_1_342' title='bbox 2850 1910 2939 1957; x_wconf 82' lang='grc' dir='ltr'>καὶ</span> <span class='ocrx_word' id='word_1_343' title='bbox 3020 1910 3130 1978; x_wconf 80' lang='grc' dir='ltr'>χρὴ</span> <span class='ocrx_word' id='word_1_344' title='bbox 3215 1915 3417 1980; x_wconf 84' lang='grc' dir='ltr'>πρῶτον</span> <span class='ocrx_word' id='word_1_345' title='bbox 3504 1907 3715 1966; x_wconf 81' lang='grc' dir='ltr'>ἰαθῆναι</span> <span class='ocrx_word' id='word_1_346' title='bbox 3762 1912 3812 1960; x_wconf 81' lang='grc' dir='ltr'>τό</span> 
     </span>
    </p>
   </div>
   <div class='ocr_carea' id='block_1_52' title="bbox 2220 1995 3812 2069">
    <p class='ocr_par' dir='ltr' id='par_1_52' title="bbox 2220 1995 3812 2069">
     <span class='ocr_line' id='line_1_52' title="bbox 2220 1995 3812 2069; baseline 0.003 -26"><span class='ocrx_word' id='word_1_347' title='bbox 2220 1996 2402 2043; x_wconf 80' lang='grc' dir='ltr'>αἴτιον·</span> <span class='ocrx_word' id='word_1_348' title='bbox 2454 1998 2542 2044; x_wconf 86' lang='grc' dir='ltr'>καὶ</span> <span class='ocrx_word' id='word_1_349' title='bbox 2596 1995 2697 2066; x_wconf 80' lang='grc' dir='ltr'>γὰρ</span> <span class='ocrx_word' id='word_1_350' title='bbox 2755 1997 2884 2065; x_wconf 83' lang='grc' dir='ltr'>πρὸς</span> <span class='ocrx_word' id='word_1_351' title='bbox 2940 1997 3027 2045; x_wconf 87' lang='grc' dir='ltr'>τὸν</span> <span class='ocrx_word' id='word_1_352' title='bbox 3083 1997 3225 2067; x_wconf 87' lang='grc' dir='ltr'>παρά</span> <span class='ocrx_word' id='word_1_353' title='bbox 3268 1996 3340 2065; x_wconf 75' lang='grc' dir='ltr'>τῷ</span> <span class='ocrx_word' id='word_1_354' title='bbox 3401 1996 3609 2068; x_wconf 77' lang='grc' dir='ltr'>Ἰωάννῃ</span> <span class='ocrx_word' id='word_1_355' title='bbox 3666 2016 3812 2069; x_wconf 65' lang='grc' dir='ltr'>παραυ</span> 
     </span>
    </p>
   </div>
   <div class='ocr_carea' id='block_1_53' title="bbox 2529 2078 3813 2157">
    <p class='ocr_par' dir='ltr' id='par_1_53' title="bbox 2529 2078 3813 2157">
     <span class='ocr_line' id='line_1_53' title="bbox 2529 2078 3813 2157; baseline 0.004 -26"><span class='ocrx_word' id='word_1_356' title='bbox 2529 2084 2747 2155; x_wconf 80' lang='grc' dir='ltr'>εἴρηκεν·</span> <span class='ocrx_word' id='word_1_357' title='bbox 2852 2078 2964 2134; x_wconf 82' lang='grc' dir='ltr'>Ἴδε</span> <span class='ocrx_word' id='word_1_358' title='bbox 3066 2083 3220 2153; x_wconf 76' lang='grc' dir='ltr'>ὑγιής</span> <span class='ocrx_word' id='word_1_359' title='bbox 3321 2088 3558 2155; x_wconf 89' lang='grc' dir='ltr'>γέγονας,</span> <span class='ocrx_word' id='word_1_360' title='bbox 3642 2090 3813 2157; x_wconf 74' lang='grc' dir='ltr'>μηκέτι</span> 
     </span>
    </p>
   </div>
   <div class='ocr_carea' id='block_1_54' title="bbox 2222 2168 3814 2245">
    <p class='ocr_par' dir='ltr' id='par_1_54' title="bbox 2222 2168 3814 2245">
     <span class='ocr_line' id='line_1_54' title="bbox 2222 2168 3814 2245; baseline 0.003 -24"><span class='ocrx_word' id='word_1_361' title='bbox 2222 2168 2501 2241; x_wconf 78' lang='grc' dir='ltr'>ἁμάρτανε,</span> <span class='ocrx_word' id='word_1_362' title='bbox 2560 2172 2643 2219; x_wconf 86' lang='grc' dir='ltr'>ἶνα</span> <span class='ocrx_word' id='word_1_363' title='bbox 2699 2174 2770 2241; x_wconf 75' lang='grc' dir='ltr'>μὴ</span> <span class='ocrx_word' id='word_1_364' title='bbox 2822 2175 3003 2243; x_wconf 84' lang='grc' dir='ltr'>χεῖρόν</span> <span class='ocrx_word' id='word_1_365' title='bbox 3067 2175 3117 2222; x_wconf 85' lang='grc' dir='ltr'>τί</span> <span class='ocrx_word' id='word_1_366' title='bbox 3161 2190 3244 2222; x_wconf 90' lang='grc' dir='ltr'>σοι</span> <span class='ocrx_word' id='word_1_367' title='bbox 3307 2172 3541 2242; x_wconf 79' lang='grc' dir='ltr'>γένηται·</span> <span class='ocrx_word' id='word_1_368' title='bbox 3600 2173 3709 2245; x_wconf 79' lang='grc' dir='ltr'>ἅμα</span> <span class='ocrx_word' id='word_1_369' title='bbox 3763 2171 3814 2225; x_wconf 73' lang='grc' dir='ltr'>δε</span> 
     </span>
    </p>
   </div>
   <div class='ocr_carea' id='block_1_55' title="bbox 2222 2254 3813 2333">
    <p class='ocr_par' dir='ltr' id='par_1_55' title="bbox 2222 2254 3813 2333">
     <span class='ocr_line' id='line_1_55' title="bbox 2222 2254 3813 2333; baseline 0.001 -24"><span class='ocrx_word' id='word_1_370' title='bbox 2222 2254 2488 2322; x_wconf 83' lang='grc' dir='ltr'>δεικνύων,</span> <span class='ocrx_word' id='word_1_371' title='bbox 2548 2258 2628 2308; x_wconf 84' lang='grc' dir='ltr'>ὅτι</span> <span class='ocrx_word' id='word_1_372' title='bbox 2662 2262 2786 2317; x_wconf 83' lang='grc' dir='ltr'>Θεὸς</span> <span class='ocrx_word' id='word_1_373' title='bbox 2840 2258 2969 2312; x_wconf 88' lang='grc' dir='ltr'>ἐστι.</span> <span class='ocrx_word' id='word_1_374' title='bbox 3017 2262 3087 2310; x_wconf 86' lang='grc' dir='ltr'>Τὸ</span> <span class='ocrx_word' id='word_1_375' title='bbox 3131 2263 3221 2331; x_wconf 70' lang='grc' dir='ltr'>μὲν</span> <span class='ocrx_word' id='word_1_376' title='bbox 3273 2262 3373 2333; x_wconf 76' lang='grc' dir='ltr'>γὰρ</span> <span class='ocrx_word' id='word_1_377' title='bbox 3431 2260 3611 2312; x_wconf 83' lang='grc' dir='ltr'>ἰᾶσθαι</span> <span class='ocrx_word' id='word_1_378' title='bbox 3651 2281 3813 2333; x_wconf 86' lang='grc' dir='ltr'>σωμα-</span> 
     </span>
    </p>
   </div>
   <div class='ocr_carea' id='block_1_56' title="bbox 2219 2344 3816 2421">
    <p class='ocr_par' dir='ltr' id='par_1_56' title="bbox 2219 2344 3816 2421">
     <span class='ocr_line' id='line_1_56' title="bbox 2219 2344 3816 2421; baseline 0.001 -23"><span class='ocrx_word' id='word_1_379' title='bbox 2219 2348 2369 2407; x_wconf 77' lang='grc' dir='ltr'>τικὰς</span> <span class='ocrx_word' id='word_1_380' title='bbox 2418 2349 2600 2405; x_wconf 82' lang='grc' dir='ltr'>νόσους</span> <span class='ocrx_word' id='word_1_381' title='bbox 2668 2349 2755 2396; x_wconf 86' lang='grc' dir='ltr'>καὶ</span> <span class='ocrx_word' id='word_1_382' title='bbox 2803 2354 2902 2397; x_wconf 90' lang='grc' dir='ltr'>τῶν</span> <span class='ocrx_word' id='word_1_383' title='bbox 2983 2346 3144 2417; x_wconf 84' lang='grc' dir='ltr'>ἁγίων</span> <span class='ocrx_word' id='word_1_384' title='bbox 3221 2344 3300 2405; x_wconf 72' lang='grc' dir='ltr'>ἦν’</span> <span class='ocrx_word' id='word_1_385' title='bbox 3358 2351 3417 2400; x_wconf 85' lang='grc' dir='ltr'>τὸ</span> <span class='ocrx_word' id='word_1_386' title='bbox 3498 2346 3557 2401; x_wconf 70' lang='grc' dir='ltr'>δὲ</span> <span class='ocrx_word' id='word_1_387' title='bbox 3626 2349 3816 2421; x_wconf 75' lang='grc' dir='ltr'>ἀφιέναι</span> 
     </span>
    </p>
   </div>
   <div class='ocr_carea' id='block_1_57' title="bbox 2221 2431 3814 2511">
    <p class='ocr_par' dir='ltr' id='par_1_57' title="bbox 2221 2431 3814 2511">
     <span class='ocr_line' id='line_1_57' title="bbox 2221 2431 3814 2511; baseline 0.002 -25"><span class='ocrx_word' id='word_1_388' title='bbox 2221 2434 2497 2507; x_wconf 82' lang='grc' dir='ltr'>ἁμαρτίας,</span> <span class='ocrx_word' id='word_1_389' title='bbox 2546 2438 2704 2506; x_wconf 86' lang='grc' dir='ltr'>μόνου</span> <span class='ocrx_word' id='word_1_390' title='bbox 2770 2441 2923 2487; x_wconf 68' lang='grc' dir='ltr'>Θεοῦ·</span> <span class='ocrx_word' id='word_1_391' title='bbox 2975 2431 3062 2487; x_wconf 83' lang='grc' dir='ltr'>διὸ</span> <span class='ocrx_word' id='word_1_392' title='bbox 3108 2439 3196 2487; x_wconf 85' lang='grc' dir='ltr'>καὶ</span> <span class='ocrx_word' id='word_1_393' title='bbox 3253 2438 3301 2487; x_wconf 84' lang='grc' dir='ltr'>οἱ</span> <span class='ocrx_word' id='word_1_394' title='bbox 3352 2442 3686 2511; x_wconf 84' lang='grc' dir='ltr'>Γραμματεῖς</span> <span class='ocrx_word' id='word_1_395' title='bbox 3713 2436 3814 2489; x_wconf 79' lang='grc' dir='ltr'>ἐθο-</span> 
     </span>
    </p>
   </div>
   <div class='ocr_carea' id='block_1_58' title="bbox 2218 2521 2546 2595">
    <p class='ocr_par' dir='ltr' id='par_1_58' title="bbox 2218 2521 2546 2595">
     <span class='ocr_line' id='line_1_58' title="bbox 2218 2521 2546 2595; baseline 0.006 -22"><span class='ocrx_word' id='word_1_396' title='bbox 2218 2521 2546 2595; x_wconf 77' lang='grc' dir='ltr'>ρυϐήθησαν.</span> 
     </span>
    </p>
   </div>
   <div class='ocr_carea' id='block_1_59' title="bbox 2293 2607 3814 2686">
    <p class='ocr_par' dir='ltr' id='par_1_59' title="bbox 2293 2607 3814 2686">
     <span class='ocr_line' id='line_1_59' title="bbox 2293 2607 3814 2686; baseline 0.001 -23"><span class='ocrx_word' id='word_1_397' title='bbox 2293 2615 2393 2663; x_wconf 83' lang='grc' dir='ltr'>Καὶ</span> <span class='ocrx_word' id='word_1_398' title='bbox 2450 2642 2517 2651; x_wconf 89' lang='grc'><strong>-</strong></span> <span class='ocrx_word' id='word_1_399' title='bbox 2574 2609 2892 2683; x_wconf 80' lang='grc' dir='ltr'>βλασφημεῖ.</span> <span class='ocrx_word' id='word_1_400' title='bbox 2963 2610 3021 2663; x_wconf 78' lang='grc' dir='ltr'><strong>Ὀ</strong></span> <span class='ocrx_word' id='word_1_401' title='bbox 3067 2607 3125 2664; x_wconf 84' lang='grc' dir='ltr'>δέ</span> <span class='ocrx_word' id='word_1_402' title='bbox 3192 2613 3408 2685; x_wconf 87' lang='grc' dir='ltr'>Μάρκος</span> <span class='ocrx_word' id='word_1_403' title='bbox 3475 2620 3814 2686; x_wconf 76' lang='grc' dir='ltr'>φανερώτερον</span> 
     </span>
    </p>
   </div>
   <div class='ocr_carea' id='block_1_60' title="bbox 2222 2697 3821 2774">
    <p class='ocr_par' dir='ltr' id='par_1_60' title="bbox 2222 2697 3821 2774">
     <span class='ocr_line' id='line_1_60' title="bbox 2222 2697 3821 2774; baseline 0.001 -23"><span class='ocrx_word' id='word_1_404' title='bbox 2222 2697 2376 2764; x_wconf 83' lang='grc' dir='ltr'>εἶπεν,</span> <span class='ocrx_word' id='word_1_405' title='bbox 2430 2700 2512 2751; x_wconf 86' lang='grc' dir='ltr'>ὅτι</span> <span class='ocrx_word' id='word_1_406' title='bbox 2566 2702 2656 2750; x_wconf 84' lang='grc' dir='ltr'>καὶ</span> <span class='ocrx_word' id='word_1_407' title='bbox 2738 2700 2882 2751; x_wconf 84' lang='grc' dir='ltr'>Ησάν</span> <span class='ocrx_word' id='word_1_408' title='bbox 2930 2718 3063 2761; x_wconf 86' lang='grc' dir='ltr'>τινες</span> <span class='ocrx_word' id='word_1_409' title='bbox 3134 2708 3234 2751; x_wconf 89' lang='grc' dir='ltr'>τῶν</span> <span class='ocrx_word' id='word_1_410' title='bbox 3297 2706 3649 2774; x_wconf 81' lang='grc' dir='ltr'>Γραμματέων</span> <span class='ocrx_word' id='word_1_411' title='bbox 3726 2702 3821 2753; x_wconf 80' lang='grc' dir='ltr'>ἐκεῖ</span> 
     </span>
    </p>
   </div>
   <div class='ocr_carea' id='block_1_61' title="bbox 2221 2784 3822 2862">
    <p class='ocr_par' dir='ltr' id='par_1_61' title="bbox 2221 2784 3822 2862">
     <span class='ocr_line' id='line_1_61' title="bbox 2221 2784 3822 2862; baseline 0 -23"><span class='ocrx_word' id='word_1_412' title='bbox 2221 2791 2518 2860; x_wconf 79' lang='grc' dir='ltr'>καθήμενοι,</span> <span class='ocrx_word' id='word_1_413' title='bbox 2594 2790 2681 2839; x_wconf 79' lang='grc' dir='ltr'>καὶ</span> <span class='ocrx_word' id='word_1_414' title='bbox 2759 2784 3180 2859; x_wconf 72' lang='grc' dir='ltr'>διαλογιζόμενοι</span> <span class='ocrx_word' id='word_1_415' title='bbox 3250 2788 3299 2839; x_wconf 83' lang='grc' dir='ltr'>ἐν</span> <span class='ocrx_word' id='word_1_416' title='bbox 3372 2797 3487 2851; x_wconf 84' lang='grc' dir='ltr'>ταῖς</span> <span class='ocrx_word' id='word_1_417' title='bbox 3581 2785 3822 2862; x_wconf 78' lang='grc' dir='ltr'>καρδίαις</span> 
     </span>
    </p>
   </div>
   <div class='ocr_carea' id='block_1_62' title="bbox 2224 2875 3824 2949">
    <p class='ocr_par' dir='ltr' id='par_1_62' title="bbox 2224 2875 3824 2949">
     <span class='ocr_line' id='line_1_62' title="bbox 2224 2875 3824 2949; baseline -0.001 -21"><span class='ocrx_word' id='word_1_418' title='bbox 2224 2878 2411 2929; x_wconf 66' lang='grc' dir='ltr'>αὐτῶνθ</span> <span class='ocrx_word' id='word_1_419' title='bbox 2478 2880 2540 2928; x_wconf 90' lang='grc' dir='ltr'>Τί</span> <span class='ocrx_word' id='word_1_420' title='bbox 2593 2875 2743 2936; x_wconf 78' lang='grc' dir='ltr'>οὗτος</span> <span class='ocrx_word' id='word_1_421' title='bbox 2829 2876 2963 2927; x_wconf 79' lang='grc' dir='ltr'>οὕτω</span> <span class='ocrx_word' id='word_1_422' title='bbox 3038 2876 3180 2928; x_wconf 88' lang='grc' dir='ltr'>λαλεῖ</span> <span class='ocrx_word' id='word_1_423' title='bbox 3245 2875 3592 2949; x_wconf 75' lang='grc' dir='ltr'>βλασφημίας</span> <span class='ocrx_word' id='word_1_424' title='bbox 3649 2895 3663 2943; x_wconf 89' lang='grc'>;</span> <span class='ocrx_word' id='word_1_425' title='bbox 3738 2880 3824 2937; x_wconf 86' lang='grc' dir='ltr'>Τίς</span> 
     </span>
    </p>
   </div>
   <div class='ocr_carea' id='block_1_63' title="bbox 2224 2962 3822 3037">
    <p class='ocr_par' dir='ltr' id='par_1_63' title="bbox 2224 2962 3822 3037">
     <span class='ocr_line' id='line_1_63' title="bbox 2224 2962 3822 3037; baseline 0 -20"><span class='ocrx_word' id='word_1_426' title='bbox 2224 2962 2444 3018; x_wconf 85' lang='grc' dir='ltr'>δύναται</span> <span class='ocrx_word' id='word_1_427' title='bbox 2526 2963 2726 3036; x_wconf 86' lang='grc' dir='ltr'>ἀφιέναι</span> <span class='ocrx_word' id='word_1_428' title='bbox 2806 2964 3083 3035; x_wconf 85' lang='grc' dir='ltr'>ἁμαρτίας,</span> <span class='ocrx_word' id='word_1_429' title='bbox 3162 2964 3205 3016; x_wconf 88' lang='grc' dir='ltr'>εἰ</span> <span class='ocrx_word' id='word_1_430' title='bbox 3274 2971 3345 3037; x_wconf 87' lang='grc' dir='ltr'>μὴ</span> <span class='ocrx_word' id='word_1_431' title='bbox 3418 2966 3484 3025; x_wconf 87' lang='grc' dir='ltr'>εἷς</span> <span class='ocrx_word' id='word_1_432' title='bbox 3546 2968 3573 3017; x_wconf 89' lang='lat'>6</span> <span class='ocrx_word' id='word_1_433' title='bbox 3627 2970 3753 3025; x_wconf 86' lang='grc' dir='ltr'>Οεός</span> <span class='ocrx_word' id='word_1_434' title='bbox 3810 2980 3822 3029; x_wconf 91' lang='lat'>;</span> 
     </span>
    </p>
   </div>
   <div class='ocr_carea' id='block_1_64' title="bbox 2220 2081 3558 2155">
    <p class='ocr_par' dir='ltr' id='par_1_64' title="bbox 2220 2081 3558 2155">
     <span class='ocr_line' id='line_1_64' title="bbox 2220 2081 3558 2155; baseline 0.002 -23"><span class='ocrx_word' id='word_1_435' title='bbox 2220 2081 2425 2132; x_wconf 75' lang='grc' dir='ltr'>λυτικὸν</span> <span class='ocrx_word' id='word_1_436' title='bbox 2529 2084 2747 2155; x_wconf 80' lang='grc' dir='ltr'>εἴρηκεν·</span> <span class='ocrx_word' id='word_1_437' title='bbox 2852 2081 2964 2134; x_wconf 83' lang='grc' dir='ltr'>Ἴδε</span> <span class='ocrx_word' id='word_1_438' title='bbox 3066 2083 3220 2153; x_wconf 75' lang='grc' dir='ltr'>ὑγιής</span> <span class='ocrx_word' id='word_1_439' title='bbox 3321 2088 3558 2155; x_wconf 89' lang='grc' dir='ltr'>γέγονας,</span> 
     </span>
    </p>
   </div>
   <div class='ocr_carea' id='block_1_65' title="bbox 463 3049 2111 3147">
    <p class='ocr_par' dir='ltr' id='par_1_65' title="bbox 463 3055 2111 3128">
     <span class='ocr_line' id='line_1_65' title="bbox 463 3055 2111 3128; baseline 0.001 -18"><span class='ocrx_word' id='word_1_440' title='bbox 463 3055 563 3110; x_wconf 89' lang='lat' dir='ltr'>tia.</span> <span class='ocrx_word' id='word_1_441' title='bbox 579 3058 726 3111; x_wconf 86' lang='lat' dir='ltr'>Nam</span> <span class='ocrx_word' id='word_1_442' title='bbox 740 3056 1077 3128; x_wconf 86' lang='lat' dir='ltr'>frequenter</span> <span class='ocrx_word' id='word_1_443' title='bbox 1089 3071 1227 3111; x_wconf 91' lang='lat' dir='ltr'>eum</span> <span class='ocrx_word' id='word_1_444' title='bbox 1243 3055 1509 3111; x_wconf 88' lang='lat' dir='ltr'>viderant</span> <span class='ocrx_word' id='word_1_445' title='bbox 1524 3056 1702 3111; x_wconf 90' lang='lat' dir='ltr'>etiam</span> <span class='ocrx_word' id='word_1_446' title='bbox 1717 3073 1843 3111; x_wconf 92' lang='lat' dir='ltr'>cum</span> <span class='ocrx_word' id='word_1_447' title='bbox 1863 3058 2111 3112; x_wconf 89' lang='lat' dir='ltr'>auctori-</span> 
     </span>
    </p>
   </div>
   <div class='ocr_carea' id='block_1_66' title="bbox 2227 3049 3824 3147">
    <p class='ocr_par' dir='ltr' id='par_1_66' title="bbox 2227 3049 3824 3129">
     <span class='ocr_line' id='line_1_66' title="bbox 2227 3049 3824 3129; baseline -0.001 -26"><span class='ocrx_word' id='word_1_448' title='bbox 2227 3049 2686 3112; x_wconf 78' lang='grc' dir='ltr'>Ἐσκανδαλίξοντο</span> <span class='ocrx_word' id='word_1_449' title='bbox 2745 3049 2803 3105; x_wconf 75' lang='grc' dir='ltr'>δὲ</span> <span class='ocrx_word' id='word_1_450' title='bbox 2859 3054 2958 3105; x_wconf 79' lang='grc' dir='ltr'>ὑπὸ</span> <span class='ocrx_word' id='word_1_451' title='bbox 3012 3055 3198 3124; x_wconf 85' lang='grc' dir='ltr'>φθόνου</span> <span class='ocrx_word' id='word_1_452' title='bbox 3256 3059 3347 3105; x_wconf 82' lang='grc' dir='ltr'>καὶ</span> <span class='ocrx_word' id='word_1_453' title='bbox 3395 3060 3681 3129; x_wconf 84' lang='grc' dir='ltr'>πονηρίας.</span> <span class='ocrx_word' id='word_1_454' title='bbox 3729 3056 3824 3105; x_wconf 78' lang='grc' dir='ltr'>Καὶ</span> 
     </span>
    </p>
   </div>
   <div class='ocr_carea' id='block_1_67' title="bbox 463 3144 2110 3216">
    <p class='ocr_par' dir='ltr' id='par_1_67' title="bbox 463 3144 2110 3216">
     <span class='ocr_line' id='line_1_67' title="bbox 463 3144 2110 3216; baseline 0.001 -16"><span class='ocrx_word' id='word_1_455' title='bbox 463 3148 578 3200; x_wconf 88' lang='lat' dir='ltr'>tate</span> <span class='ocrx_word' id='word_1_456' title='bbox 612 3144 853 3201; x_wconf 90' lang='lat' dir='ltr'>morbos</span> <span class='ocrx_word' id='word_1_457' title='bbox 874 3146 1203 3215; x_wconf 86' lang='lat' dir='ltr'>fugantem,</span> <span class='ocrx_word' id='word_1_458' title='bbox 1232 3145 1538 3201; x_wconf 71' lang='lat' dir='ltr'>daemones</span> <span class='ocrx_word' id='word_1_459' title='bbox 1571 3146 1903 3216; x_wconf 88' lang='lat' dir='ltr'>ejcientem,</span> <span class='ocrx_word' id='word_1_460' title='bbox 1939 3154 2110 3203; x_wconf 88' lang='lat' dir='ltr'>vento</span> 
     </span>
    </p>
   </div>
   <div class='ocr_carea' id='block_1_68' title="bbox 460 3232 2111 3305">
    <p class='ocr_par' dir='ltr' id='par_1_68' title="bbox 460 3232 2111 3305">
     <span class='ocr_line' id='line_1_68' title="bbox 460 3232 2111 3305; baseline 0.001 -17"><span class='ocrx_word' id='word_1_461' title='bbox 460 3234 731 3305; x_wconf 90' lang='lat' dir='ltr'>marique</span> <span class='ocrx_word' id='word_1_462' title='bbox 747 3232 1158 3305; x_wconf 89' lang='lat' dir='ltr'>imperantem,</span> <span class='ocrx_word' id='word_1_463' title='bbox 1179 3239 1233 3290; x_wconf 92' lang='lat' dir='ltr'>et</span> <span class='ocrx_word' id='word_1_464' title='bbox 1250 3234 1372 3289; x_wconf 70' lang='lat' dir='ltr'>haec</span> <span class='ocrx_word' id='word_1_465' title='bbox 1391 3235 1591 3290; x_wconf 90' lang='lat' dir='ltr'>omnia</span> <span class='ocrx_word' id='word_1_466' title='bbox 1610 3234 1788 3290; x_wconf 92' lang='lat' dir='ltr'>modo</span> <span class='ocrx_word' id='word_1_467' title='bbox 1812 3236 2111 3292; x_wconf 88' lang='lat' dir='ltr'>humanas</span> 
     </span>
    </p>
   </div>
   <div class='ocr_carea' id='block_1_69' title="bbox 457 3322 2108 3395">
    <p class='ocr_par' dir='ltr' id='par_1_69' title="bbox 457 3322 2108 3395">
     <span class='ocr_line' id='line_1_69' title="bbox 457 3322 2108 3395; baseline 0.001 -18"><span class='ocrx_word' id='word_1_468' title='bbox 457 3322 615 3377; x_wconf 84' lang='lat' dir='ltr'>vires</span> <span class='ocrx_word' id='word_1_469' title='bbox 646 3328 987 3394; x_wconf 89' lang='lat' dir='ltr'>superantes</span> <span class='ocrx_word' id='word_1_470' title='bbox 1014 3323 1379 3379; x_wconf 87' lang='lat' dir='ltr'>factitantem</span> <span class='ocrx_word' id='word_1_471' title='bbox 1412 3340 1428 3377; x_wconf 92' lang='lat'><strong><em>:</em></strong></span> <span class='ocrx_word' id='word_1_472' title='bbox 1458 3322 1561 3378; x_wconf 92' lang='lat' dir='ltr'>sed</span> <span class='ocrx_word' id='word_1_473' title='bbox 1586 3323 1647 3377; x_wconf 92' lang='lat' dir='ltr'>hi</span> <span class='ocrx_word' id='word_1_474' title='bbox 1671 3325 1945 3395; x_wconf 87' lang='lat' dir='ltr'>proprias</span> <span class='ocrx_word' id='word_1_475' title='bbox 1969 3324 2108 3379; x_wconf 87' lang='lat' dir='ltr'>ulci-</span> 
     </span>
    </p>
   </div>
   <div class='ocr_carea' id='block_1_70' title="bbox 462 3409 2111 3482">
    <p class='ocr_par' dir='ltr' id='par_1_70' title="bbox 462 3409 2111 3482">
     <span class='ocr_line' id='line_1_70' title="bbox 462 3409 2111 3482; baseline 0 -16"><span class='ocrx_word' id='word_1_476' title='bbox 462 3416 691 3466; x_wconf 89' lang='lat' dir='ltr'>scentes</span> <span class='ocrx_word' id='word_1_477' title='bbox 735 3409 1098 3475; x_wconf 77' lang='lat' dir='ltr'>affectiones,</span> <span class='ocrx_word' id='word_1_478' title='bbox 1148 3411 1247 3467; x_wconf 91' lang='lat' dir='ltr'>Dei</span> <span class='ocrx_word' id='word_1_479' title='bbox 1296 3410 1651 3468; x_wconf 85' lang='lat' dir='ltr'>videbantur</span> <span class='ocrx_word' id='word_1_480' title='bbox 1693 3412 1975 3482; x_wconf 89' lang='lat' dir='ltr'>injuriam</span> <span class='ocrx_word' id='word_1_481' title='bbox 2028 3412 2111 3467; x_wconf 91' lang='lat' dir='ltr'>ul-</span> 
     </span>
    </p>
   </div>
   <div class='ocr_carea' id='block_1_71' title="bbox 461 3498 620 3555">
    <p class='ocr_par' dir='ltr' id='par_1_71' title="bbox 461 3498 620 3555">
     <span class='ocr_line' id='line_1_71' title="bbox 461 3498 620 3555; baseline -0.031 0"><span class='ocrx_word' id='word_1_482' title='bbox 461 3498 620 3555; x_wconf 90' lang='lat' dir='ltr'>cisci.</span> 
     </span>
    </p>
   </div>
   <div class='ocr_carea' id='block_1_72' title="bbox 532 3586 2112 3657">
    <p class='ocr_par' dir='ltr' id='par_1_72' title="bbox 532 3586 2112 3657">
     <span class='ocr_line' id='line_1_72' title="bbox 532 3586 2112 3657; baseline 0.002 -16"><span class='ocrx_word' id='word_1_483' title='bbox 532 3586 695 3641; x_wconf 92' lang='lat' dir='ltr'>Vers.</span> <span class='ocrx_word' id='word_1_484' title='bbox 723 3586 774 3642; x_wconf 79' lang='grc'><strong>4.</strong></span> <span class='ocrx_word' id='word_1_485' title='bbox 811 3588 1051 3657; x_wconf 84' lang='lat' dir='ltr'>Cumque</span> <span class='ocrx_word' id='word_1_486' title='bbox 1098 3587 1333 3642; x_wconf 85' lang='lat' dir='ltr'>vidisset</span> <span class='ocrx_word' id='word_1_487' title='bbox 1373 3618 1441 3627; x_wconf 94' lang='lat'>—</span> <span class='ocrx_word' id='word_1_488' title='bbox 1486 3589 1689 3643; x_wconf 85' lang='lat' dir='ltr'>vestris</span> <span class='ocrx_word' id='word_1_489' title='bbox 1740 3591 1767 3643; x_wconf 83' lang='lat'><strong><em>?</em></strong></span> <span class='ocrx_word' id='word_1_490' title='bbox 1806 3588 1906 3643; x_wconf 83' lang='lat' dir='ltr'>Hic</span> <span class='ocrx_word' id='word_1_491' title='bbox 1949 3588 2112 3644; x_wconf 91' lang='lat' dir='ltr'>aliud</span> 
     </span>
    </p>
   </div>
   <div class='ocr_carea' id='block_1_73' title="bbox 462 3674 2109 3749">
    <p class='ocr_par' dir='ltr' id='par_1_73' title="bbox 462 3674 2109 3749">
     <span class='ocr_line' id='line_1_73' title="bbox 462 3674 2109 3749; baseline 0.002 -20"><span class='ocrx_word' id='word_1_492' title='bbox 462 3690 702 3747; x_wconf 89' lang='lat' dir='ltr'>quoque</span> <span class='ocrx_word' id='word_1_493' title='bbox 742 3691 863 3730; x_wconf 67' lang='lat' dir='ltr'>sum</span> <span class='ocrx_word' id='word_1_494' title='bbox 902 3674 1227 3731; x_wconf 88' lang='lat' dir='ltr'>divinitatis</span> <span class='ocrx_word' id='word_1_495' title='bbox 1273 3680 1328 3730; x_wconf 92' lang='lat' dir='ltr'>et</span> <span class='ocrx_word' id='word_1_496' title='bbox 1367 3676 1443 3731; x_wconf 89' lang='lat' dir='ltr'>ad</span> <span class='ocrx_word' id='word_1_497' title='bbox 1488 3677 1713 3731; x_wconf 81' lang='lat' dir='ltr'>Patrem</span> <span class='ocrx_word' id='word_1_498' title='bbox 1756 3677 2109 3749; x_wconf 71' lang='lat' dir='ltr'>aaqualitalis</span> 
     </span>
    </p>
   </div>
   <div class='ocr_carea' id='block_1_74' title="bbox 466 3763 2112 3836">
    <p class='ocr_par' dir='ltr' id='par_1_74' title="bbox 466 3763 2112 3836">
     <span class='ocr_line' id='line_1_74' title="bbox 466 3763 2112 3836; baseline 0.002 -19"><span class='ocrx_word' id='word_1_499' title='bbox 466 3764 699 3835; x_wconf 89' lang='lat' dir='ltr'>signum</span> <span class='ocrx_word' id='word_1_500' title='bbox 739 3763 1017 3829; x_wconf 89' lang='lat' dir='ltr'>ostendit,</span> <span class='ocrx_word' id='word_1_501' title='bbox 1069 3764 1165 3819; x_wconf 92' lang='lat' dir='ltr'>cui</span> <span class='ocrx_word' id='word_1_502' title='bbox 1212 3763 1534 3819; x_wconf 87' lang='lat' dir='ltr'>contradici</span> <span class='ocrx_word' id='word_1_503' title='bbox 1586 3780 1704 3819; x_wconf 91' lang='lat' dir='ltr'>non</span> <span class='ocrx_word' id='word_1_504' title='bbox 1753 3766 1962 3836; x_wconf 83' lang='lat' dir='ltr'>possit,</span> <span class='ocrx_word' id='word_1_505' title='bbox 2014 3782 2112 3821; x_wconf 91' lang='lat' dir='ltr'>co-</span> 
     </span>
    </p>
   </div>
   <div class='ocr_carea' id='block_1_75' title="bbox 464 3851 2106 3926">
    <p class='ocr_par' dir='ltr' id='par_1_75' title="bbox 464 3851 2106 3926">
     <span class='ocr_line' id='line_1_75' title="bbox 464 3851 2106 3926; baseline 0.002 -20"><span class='ocrx_word' id='word_1_506' title='bbox 464 3852 808 3923; x_wconf 85' lang='lat' dir='ltr'>gnoscendo</span> <span class='ocrx_word' id='word_1_507' title='bbox 826 3851 1095 3908; x_wconf 86' lang='lat' dir='ltr'>videlicet</span> <span class='ocrx_word' id='word_1_508' title='bbox 1117 3852 1499 3923; x_wconf 90' lang='lat' dir='ltr'>cogitationes</span> <span class='ocrx_word' id='word_1_509' title='bbox 1518 3853 1787 3909; x_wconf 90' lang='lat' dir='ltr'>cordium</span> <span class='ocrx_word' id='word_1_510' title='bbox 1818 3854 2106 3926; x_wconf 88' lang='lat' dir='ltr'>ipsorum,</span> 
     </span>
    </p>
   </div>
   <div class='ocr_carea' id='block_1_76' title="bbox 463 3940 2108 4012">
    <p class='ocr_par' dir='ltr' id='par_1_76' title="bbox 463 3940 2108 4012">
     <span class='ocr_line' id='line_1_76' title="bbox 463 3940 2108 4012; baseline 0.002 -17"><span class='ocrx_word' id='word_1_511' title='bbox 463 3940 625 4012; x_wconf 92' lang='lat' dir='ltr'>quod</span> <span class='ocrx_word' id='word_1_512' title='bbox 658 3940 921 3996; x_wconf 88' lang='lat' dir='ltr'>similiter</span> <span class='ocrx_word' id='word_1_513' title='bbox 947 3940 1130 3996; x_wconf 90' lang='lat' dir='ltr'>solius</span> <span class='ocrx_word' id='word_1_514' title='bbox 1164 3946 1293 3996; x_wconf 90' lang='lat' dir='ltr'>erat</span> <span class='ocrx_word' id='word_1_515' title='bbox 1324 3940 1442 3996; x_wconf 91' lang='lat' dir='ltr'>Dei.</span> <span class='ocrx_word' id='word_1_516' title='bbox 1477 3940 1772 4012; x_wconf 90' lang='lat' dir='ltr'>Scriptum</span> <span class='ocrx_word' id='word_1_517' title='bbox 1803 3947 1890 3998; x_wconf 90' lang='lat' dir='ltr'>est</span> <span class='ocrx_word' id='word_1_518' title='bbox 1916 3943 2065 3998; x_wconf 92' lang='lat' dir='ltr'>enim</span> <span class='ocrx_word' id='word_1_519' title='bbox 2098 3960 2108 3998; x_wconf 92' lang='lat'><strong>:</strong></span> 
     </span>
    </p>
   </div>
   <div class='ocr_carea' id='block_1_77' title="bbox 470 4029 2113 4087">
    <p class='ocr_par' dir='ltr' id='par_1_77' title="bbox 470 4029 2113 4087">
     <span class='ocr_line' id='line_1_77' title="bbox 470 4029 2113 4087; baseline 0.001 -2"><span class='ocrx_word' id='word_1_520' title='bbox 470 4031 551 4085; x_wconf 86' lang='lat' dir='ltr'>Tu</span> <span class='ocrx_word' id='word_1_521' title='bbox 578 4030 727 4084; x_wconf 84' lang='lat' dir='ltr'>nosti</span> <span class='ocrx_word' id='word_1_522' title='bbox 753 4030 927 4085; x_wconf 84' lang='lat' dir='ltr'>corda</span> <span class='ocrx_word' id='word_1_523' title='bbox 952 4029 1106 4085; x_wconf 85' lang='lat' dir='ltr'>solus</span> <span class='ocrx_word' id='word_1_524' title='bbox 1132 4031 1391 4085; x_wconf 88' lang='lat' dir='ltr'>omnium</span> <span class='ocrx_word' id='word_1_525' title='bbox 1421 4031 1491 4081; x_wconf 74' lang='grc'>⁷³.</span> <span class='ocrx_word' id='word_1_526' title='bbox 1529 4032 1588 4084; x_wconf 86' lang='lat' dir='ltr'>Et</span> <span class='ocrx_word' id='word_1_527' title='bbox 1618 4046 1859 4085; x_wconf 89' lang='lat' dir='ltr'>rursum</span> <span class='ocrx_word' id='word_1_528' title='bbox 1890 4049 1901 4086; x_wconf 90' lang='lat'>:</span> <span class='ocrx_word' id='word_1_529' title='bbox 1944 4032 2113 4087; x_wconf 86' lang='lat' dir='ltr'>Scru-</span> 
     </span>
    </p>
   </div>
   <div class='ocr_carea' id='block_1_78' title="bbox 468 4117 2113 4177">
    <p class='ocr_par' dir='ltr' id='par_1_78' title="bbox 468 4117 2113 4177">
     <span class='ocr_line' id='line_1_78' title="bbox 468 4117 2113 4177; baseline 0.002 -4"><span class='ocrx_word' id='word_1_530' title='bbox 468 4125 602 4174; x_wconf 89' lang='lat' dir='ltr'>tans</span> <span class='ocrx_word' id='word_1_531' title='bbox 623 4117 796 4174; x_wconf 88' lang='lat' dir='ltr'>corda</span> <span class='ocrx_word' id='word_1_532' title='bbox 818 4124 868 4173; x_wconf 85' lang='lat' dir='ltr'>et</span> <span class='ocrx_word' id='word_1_533' title='bbox 895 4133 1057 4173; x_wconf 78' lang='lat' dir='ltr'>renes</span> <span class='ocrx_word' id='word_1_534' title='bbox 1075 4117 1297 4172; x_wconf 73' lang='lat' dir='ltr'>Deus&quot;.</span> <span class='ocrx_word' id='word_1_535' title='bbox 1324 4117 1389 4171; x_wconf 88' lang='lat' dir='ltr'>Et</span> <span class='ocrx_word' id='word_1_536' title='bbox 1416 4117 1555 4173; x_wconf 89' lang='lat' dir='ltr'>alibi</span> <span class='ocrx_word' id='word_1_537' title='bbox 1578 4134 1588 4173; x_wconf 91' lang='lat'>:</span> <span class='ocrx_word' id='word_1_538' title='bbox 1619 4120 1801 4175; x_wconf 82' lang='lat' dir='ltr'>Homo</span> <span class='ocrx_word' id='word_1_539' title='bbox 1822 4119 2033 4176; x_wconf 78' lang='lat' dir='ltr'>videbit</span> <span class='ocrx_word' id='word_1_540' title='bbox 2050 4121 2113 4177; x_wconf 84' lang='lat' dir='ltr'>in</span> 
     </span>
    </p>
   </div>
   <div class='ocr_carea' id='block_1_79' title="bbox 465 4207 2112 4277">
    <p class='ocr_par' dir='ltr' id='par_1_79' title="bbox 465 4207 2112 4277">
     <span class='ocr_line' id='line_1_79' title="bbox 465 4207 2112 4277; baseline 0.002 -15"><span class='ocrx_word' id='word_1_541' title='bbox 465 4207 701 4277; x_wconf 79' lang='lat' dir='ltr'>faciem,</span> <span class='ocrx_word' id='word_1_542' title='bbox 741 4208 881 4262; x_wconf 87' lang='lat' dir='ltr'>Deus</span> <span class='ocrx_word' id='word_1_543' title='bbox 920 4213 1111 4263; x_wconf 85' lang='lat' dir='ltr'>autem</span> <span class='ocrx_word' id='word_1_544' title='bbox 1141 4207 1471 4263; x_wconf 83' lang='lat' dir='ltr'>intuebitur</span> <span class='ocrx_word' id='word_1_545' title='bbox 1510 4207 1570 4262; x_wconf 84' lang='lat' dir='ltr'>in</span> <span class='ocrx_word' id='word_1_546' title='bbox 1609 4209 1791 4264; x_wconf 84' lang='lat' dir='ltr'>corda</span> <span class='ocrx_word' id='word_1_547' title='bbox 1850 4210 1917 4263; x_wconf 66' lang='grc' dir='ltr'>π,</span> <span class='ocrx_word' id='word_1_548' title='bbox 1966 4213 2112 4265; x_wconf 88' lang='lat' dir='ltr'>Nam</span> 
     </span>
    </p>
   </div>
   <div class='ocr_carea' id='block_1_80' title="bbox 468 4295 2113 4369">
    <p class='ocr_par' dir='ltr' id='par_1_80' title="bbox 468 4295 2113 4369">
     <span class='ocr_line' id='line_1_80' title="bbox 468 4295 2113 4369; baseline 0.001 -18"><span class='ocrx_word' id='word_1_549' title='bbox 468 4296 610 4369; x_wconf 86' lang='lat' dir='ltr'>quia</span> <span class='ocrx_word' id='word_1_550' title='bbox 658 4295 822 4362; x_wconf 90' lang='lat' dir='ltr'>illud,</span> <span class='ocrx_word' id='word_1_551' title='bbox 874 4311 1010 4351; x_wconf 92' lang='lat' dir='ltr'>cum</span> <span class='ocrx_word' id='word_1_552' title='bbox 1061 4295 1172 4350; x_wconf 87' lang='lat' dir='ltr'>sibi</span> <span class='ocrx_word' id='word_1_553' title='bbox 1220 4296 1509 4351; x_wconf 86' lang='lat' dir='ltr'>videretur</span> <span class='ocrx_word' id='word_1_554' title='bbox 1552 4296 1941 4368; x_wconf 90' lang='lat' dir='ltr'>impossibile,</span> <span class='ocrx_word' id='word_1_555' title='bbox 1994 4314 2113 4353; x_wconf 91' lang='lat' dir='ltr'>non</span> 
     </span>
    </p>
   </div>
   <div class='ocr_carea' id='block_1_81' title="bbox 2219 3138 3830 3213">
    <p class='ocr_par' dir='ltr' id='par_1_81' title="bbox 2219 3138 3830 3213">
     <span class='ocr_line' id='line_1_81' title="bbox 2219 3138 3830 3213; baseline -0.001 -20"><span class='ocrx_word' id='word_1_556' title='bbox 2219 3145 2319 3213; x_wconf 77' lang='grc' dir='ltr'>γὰρ</span> <span class='ocrx_word' id='word_1_557' title='bbox 2362 3141 2603 3201; x_wconf 84' lang='grc' dir='ltr'>πολλάκις</span> <span class='ocrx_word' id='word_1_558' title='bbox 2647 3141 2801 3192; x_wconf 80' lang='grc' dir='ltr'>αὐτὸν</span> <span class='ocrx_word' id='word_1_559' title='bbox 2855 3138 2993 3193; x_wconf 87' lang='grc' dir='ltr'>εἶδον</span> <span class='ocrx_word' id='word_1_560' title='bbox 3050 3140 3457 3203; x_wconf 80' lang='grc' dir='ltr'>ἐξουσιαστικῶς</span> <span class='ocrx_word' id='word_1_561' title='bbox 3499 3148 3595 3194; x_wconf 86' lang='grc' dir='ltr'>καὶ</span> <span class='ocrx_word' id='word_1_562' title='bbox 3646 3148 3830 3201; x_wconf 79' lang='grc' dir='ltr'>νόσους</span> 
     </span>
    </p>
   </div>
   <div class='ocr_carea' id='block_1_82' title="bbox 2221 3226 3827 3301">
    <p class='ocr_par' dir='ltr' id='par_1_82' title="bbox 2221 3226 3827 3301">
     <span class='ocr_line' id='line_1_82' title="bbox 2221 3226 3827 3301; baseline -0.002 -20"><span class='ocrx_word' id='word_1_563' title='bbox 2221 3226 2599 3301; x_wconf 82' lang='grc' dir='ltr'>φνγαδεύοντα,</span> <span class='ocrx_word' id='word_1_564' title='bbox 2655 3233 2742 3281; x_wconf 83' lang='grc' dir='ltr'>καὶ</span> <span class='ocrx_word' id='word_1_565' title='bbox 2825 3226 3075 3301; x_wconf 83' lang='grc' dir='ltr'>δαίμονας</span> <span class='ocrx_word' id='word_1_566' title='bbox 3150 3228 3518 3298; x_wconf 84' lang='grc' dir='ltr'>ἀπελαύνοντα,</span> <span class='ocrx_word' id='word_1_567' title='bbox 3581 3236 3675 3281; x_wconf 83' lang='grc' dir='ltr'>καὶ</span> <span class='ocrx_word' id='word_1_568' title='bbox 3727 3228 3827 3279; x_wconf 76' lang='lat' dir='ltr'>6m-</span> 
     </span>
    </p>
   </div>
   <div class='ocr_carea' id='block_1_83' title="bbox 2219 3316 3832 3390">
    <p class='ocr_par' dir='ltr' id='par_1_83' title="bbox 2219 3316 3832 3390">
     <span class='ocr_line' id='line_1_83' title="bbox 2219 3316 3832 3390; baseline -0.001 -20"><span class='ocrx_word' id='word_1_569' title='bbox 2219 3338 2336 3390; x_wconf 91' lang='grc' dir='ltr'>μοις</span> <span class='ocrx_word' id='word_1_570' title='bbox 2388 3322 2476 3369; x_wconf 81' lang='grc' dir='ltr'>καὶ</span> <span class='ocrx_word' id='word_1_571' title='bbox 2544 3316 2782 3389; x_wconf 77' lang='grc' dir='ltr'>θαλάσσῃ</span> <span class='ocrx_word' id='word_1_572' title='bbox 2850 3316 3186 3389; x_wconf 76' lang='grc' dir='ltr'>ἐπιτιμῶντα,</span> <span class='ocrx_word' id='word_1_573' title='bbox 3264 3324 3352 3371; x_wconf 86' lang='grc' dir='ltr'>καὶ</span> <span class='ocrx_word' id='word_1_574' title='bbox 3422 3321 3601 3370; x_wconf 84' lang='grc' dir='ltr'>πάντὰ</span> <span class='ocrx_word' id='word_1_575' title='bbox 3668 3325 3832 3370; x_wconf 81' lang='grc' dir='ltr'>ταῦτα</span> 
     </span>
    </p>
   </div>
   <div class='ocr_carea' id='block_1_84' title="bbox 2222 3402 3833 3481">
    <p class='ocr_par' dir='ltr' id='par_1_84' title="bbox 2222 3402 3833 3481">
     <span class='ocr_line' id='line_1_84' title="bbox 2222 3402 3833 3481; baseline -0.002 -22"><span class='ocrx_word' id='word_1_576' title='bbox 2222 3404 2662 3481; x_wconf 67' lang='grc' dir='ltr'>διαπραττόμενον</span> <span class='ocrx_word' id='word_1_577' title='bbox 2712 3407 2837 3479; x_wconf 76' lang='grc' dir='ltr'>ὑπὲρ</span> <span class='ocrx_word' id='word_1_578' title='bbox 2886 3408 3174 3481; x_wconf 78' lang='grc' dir='ltr'>ἄνθρωπον·</span> <span class='ocrx_word' id='word_1_579' title='bbox 3236 3405 3341 3458; x_wconf 87' lang='grc' dir='ltr'>ἀλλ’</span> <span class='ocrx_word' id='word_1_580' title='bbox 3392 3408 3543 3459; x_wconf 77' lang='grc' dir='ltr'>αὐτοὶ</span> <span class='ocrx_word' id='word_1_581' title='bbox 3600 3411 3672 3459; x_wconf 87' lang='grc' dir='ltr'>τά</span> <span class='ocrx_word' id='word_1_582' title='bbox 3722 3402 3833 3457; x_wconf 78' lang='grc' dir='ltr'>ἴδια</span> 
     </span>
    </p>
   </div>
   <div class='ocr_carea' id='block_1_85' title="bbox 2218 3491 3536 3561">
    <p class='ocr_par' dir='ltr' id='par_1_85' title="bbox 2218 3491 3536 3561">
     <span class='ocr_line' id='line_1_85' title="bbox 2218 3491 3536 3561; baseline 0.001 -14"><span class='ocrx_word' id='word_1_583' title='bbox 2218 3497 2359 3553; x_wconf 81' lang='grc' dir='ltr'>πάθη</span> <span class='ocrx_word' id='word_1_584' title='bbox 2388 3492 2731 3561; x_wconf 79' lang='grc' dir='ltr'>ἐκδικοῦντες,</span> <span class='ocrx_word' id='word_1_585' title='bbox 2764 3491 2977 3546; x_wconf 78' lang='grc' dir='ltr'>ἐδόκουν</span> <span class='ocrx_word' id='word_1_586' title='bbox 3002 3498 3089 3547; x_wconf 81' lang='grc' dir='ltr'>τὸν</span> <span class='ocrx_word' id='word_1_587' title='bbox 3131 3499 3257 3547; x_wconf 82' lang='grc' dir='ltr'>Θεὸν</span> <span class='ocrx_word' id='word_1_588' title='bbox 3289 3492 3536 3548; x_wconf 80' lang='grc' dir='ltr'>ἐκδικεῖν.</span> 
     </span>
    </p>
   </div>
   <div class='ocr_carea' id='block_1_86' title="bbox 2290 3582 3834 3658">
    <p class='ocr_par' dir='ltr' id='par_1_86' title="bbox 2290 3582 3834 3658">
     <span class='ocr_line' id='line_1_86' title="bbox 2290 3582 3834 3658; baseline -0.003 -20"><span class='ocrx_word' id='word_1_589' title='bbox 2290 3582 2439 3638; x_wconf 83' lang='grc' dir='ltr'>Ἰδὼν</span> <span class='ocrx_word' id='word_1_590' title='bbox 2487 3582 2546 3636; x_wconf 75' lang='grc' dir='ltr'>δε</span> <span class='ocrx_word' id='word_1_591' title='bbox 2578 3616 2644 3625; x_wconf 93' lang='lat'><strong>—</strong></span> <span class='ocrx_word' id='word_1_592' title='bbox 2696 3585 2885 3656; x_wconf 74' lang='grc' dir='ltr'>ὑμῶνς</span> <span class='ocrx_word' id='word_1_593' title='bbox 2943 3584 3195 3637; x_wconf 84' lang='grc' dir='ltr'>Ἐνταῦθα</span> <span class='ocrx_word' id='word_1_594' title='bbox 3245 3589 3335 3637; x_wconf 82' lang='grc' dir='ltr'>καὶ</span> <span class='ocrx_word' id='word_1_595' title='bbox 3417 3586 3592 3658; x_wconf 77' lang='grc' dir='ltr'>ἕτερον</span> <span class='ocrx_word' id='word_1_596' title='bbox 3682 3584 3834 3635; x_wconf 82' lang='grc' dir='ltr'>ἀναν-</span> 
     </span>
    </p>
   </div>
   <div class='ocr_carea' id='block_1_87' title="bbox 2220 3669 3839 3748">
    <p class='ocr_par' dir='ltr' id='par_1_87' title="bbox 2220 3669 3839 3748">
     <span class='ocr_line' id='line_1_87' title="bbox 2220 3669 3839 3748; baseline -0.002 -23"><span class='ocrx_word' id='word_1_597' title='bbox 2220 3672 2459 3748; x_wconf 75' lang='grc' dir='ltr'>τίρρητον</span> <span class='ocrx_word' id='word_1_598' title='bbox 2506 3680 2717 3744; x_wconf 82' lang='grc' dir='ltr'>σημεῖον</span> <span class='ocrx_word' id='word_1_599' title='bbox 2768 3681 2862 3734; x_wconf 80' lang='grc' dir='ltr'>τῆς</span> <span class='ocrx_word' id='word_1_600' title='bbox 2920 3674 3104 3725; x_wconf 81' lang='grc' dir='ltr'>ἑαυτοῦ</span> <span class='ocrx_word' id='word_1_601' title='bbox 3156 3675 3395 3734; x_wconf 79' lang='grc' dir='ltr'>θεότητος</span> <span class='ocrx_word' id='word_1_602' title='bbox 3443 3669 3721 3735; x_wconf 79' lang='grc' dir='ltr'>δείκνυσι,</span> <span class='ocrx_word' id='word_1_603' title='bbox 3753 3674 3839 3723; x_wconf 78' lang='grc' dir='ltr'>καὶ</span> 
     </span>
    </p>
   </div>
   <div class='ocr_carea' id='block_1_88' title="bbox 2220 3762 3841 3835">
    <p class='ocr_par' dir='ltr' id='par_1_88' title="bbox 2220 3762 3841 3835">
     <span class='ocr_line' id='line_1_88' title="bbox 2220 3762 3841 3835; baseline -0.002 -21"><span class='ocrx_word' id='word_1_604' title='bbox 2220 3771 2315 3823; x_wconf 84' lang='grc' dir='ltr'>τῆς</span> <span class='ocrx_word' id='word_1_605' title='bbox 2362 3767 2485 3833; x_wconf 84' lang='grc' dir='ltr'>πρὸς</span> <span class='ocrx_word' id='word_1_606' title='bbox 2540 3765 2625 3813; x_wconf 85' lang='grc' dir='ltr'>τόν</span> <span class='ocrx_word' id='word_1_607' title='bbox 2680 3766 2885 3835; x_wconf 87' lang='grc' dir='ltr'>Πατέρα</span> <span class='ocrx_word' id='word_1_608' title='bbox 2962 3762 3218 3825; x_wconf 80' lang='grc' dir='ltr'>ἰσότητος,</span> <span class='ocrx_word' id='word_1_609' title='bbox 3269 3764 3327 3813; x_wconf 85' lang='grc' dir='ltr'>τό</span> <span class='ocrx_word' id='word_1_610' title='bbox 3377 3767 3666 3832; x_wconf 80' lang='grc' dir='ltr'>γινώσκειν</span> <span class='ocrx_word' id='word_1_611' title='bbox 3724 3765 3841 3819; x_wconf 80' lang='grc' dir='ltr'>τούς</span> 
     </span>
    </p>
   </div>
   <div class='ocr_carea' id='block_1_89' title="bbox 2223 3846 3841 3923">
    <p class='ocr_par' dir='ltr' id='par_1_89' title="bbox 2223 3846 3841 3923">
     <span class='ocr_line' id='line_1_89' title="bbox 2223 3846 3841 3923; baseline 0 -21"><span class='ocrx_word' id='word_1_612' title='bbox 2223 3849 2595 3922; x_wconf 80' lang='grc' dir='ltr'>διαλογισμούς</span> <span class='ocrx_word' id='word_1_613' title='bbox 2648 3859 2745 3901; x_wconf 85' lang='grc' dir='ltr'>τῶν</span> <span class='ocrx_word' id='word_1_614' title='bbox 2808 3847 3040 3921; x_wconf 84' lang='grc' dir='ltr'>καρδιῶν</span> <span class='ocrx_word' id='word_1_615' title='bbox 3098 3851 3285 3915; x_wconf 84' lang='grc' dir='ltr'>αύτῶν,</span> <span class='ocrx_word' id='word_1_616' title='bbox 3336 3852 3457 3923; x_wconf 82' lang='grc' dir='ltr'>ὅπερ</span> <span class='ocrx_word' id='word_1_617' title='bbox 3523 3852 3733 3922; x_wconf 84' lang='grc' dir='ltr'>ὁμοίως</span> <span class='ocrx_word' id='word_1_618' title='bbox 3786 3846 3841 3906; x_wconf 74' lang='grc' dir='ltr'>ἦν</span> 
     </span>
    </p>
   </div>
   <div class='ocr_carea' id='block_1_90' title="bbox 2221 3935 3846 4014">
    <p class='ocr_par' dir='ltr' id='par_1_90' title="bbox 2221 3935 3846 4014">
     <span class='ocr_line' id='line_1_90' title="bbox 2221 3935 3846 4014; baseline -0.002 -23"><span class='ocrx_word' id='word_1_619' title='bbox 2221 3945 2379 4012; x_wconf 83' lang='grc' dir='ltr'>μόνον</span> <span class='ocrx_word' id='word_1_620' title='bbox 2431 3948 2587 3992; x_wconf 82' lang='grc' dir='ltr'>Θεοῦ.</span> <span class='ocrx_word' id='word_1_621' title='bbox 2631 3938 2961 4014; x_wconf 84' lang='grc' dir='ltr'>Γέγρααπται</span> <span class='ocrx_word' id='word_1_622' title='bbox 3005 3941 3126 4011; x_wconf 82' lang='grc' dir='ltr'>γάρ·</span> <span class='ocrx_word' id='word_1_623' title='bbox 3174 3943 3239 3990; x_wconf 86' lang='grc' dir='ltr'>Σύ</span> <span class='ocrx_word' id='word_1_624' title='bbox 3286 3937 3582 3991; x_wconf 87' lang='grc' dir='ltr'>ἐπίστασαι</span> <span class='ocrx_word' id='word_1_625' title='bbox 3612 3935 3846 4012; x_wconf 70' lang='grc' dir='ltr'>κλρδίας</span> 
     </span>
    </p>
   </div>
   <div class='ocr_carea' id='block_1_91' title="bbox 2222 4023 3850 4102">
    <p class='ocr_par' dir='ltr' id='par_1_91' title="bbox 2222 4023 3850 4102">
     <span class='ocr_line' id='line_1_91' title="bbox 2222 4023 3850 4102; baseline -0.002 -22"><span class='ocrx_word' id='word_1_626' title='bbox 2222 4036 2526 4102; x_wconf 80' lang='grc' dir='ltr'>μονώτατος.</span> <span class='ocrx_word' id='word_1_627' title='bbox 2588 4032 2688 4080; x_wconf 84' lang='grc' dir='ltr'>Καὶ</span> <span class='ocrx_word' id='word_1_628' title='bbox 2770 4029 2942 4079; x_wconf 68' lang='grc' dir='ltr'>πάλιν·</span> <span class='ocrx_word' id='word_1_629' title='bbox 3002 4027 3228 4087; x_wconf 78' lang='grc' dir='ltr'>Ἐτάζων</span> <span class='ocrx_word' id='word_1_630' title='bbox 3298 4023 3528 4098; x_wconf 83' lang='grc' dir='ltr'>καρδίας</span> <span class='ocrx_word' id='word_1_631' title='bbox 3618 4035 3714 4079; x_wconf 75' lang='grc' dir='ltr'>καὶ</span> <span class='ocrx_word' id='word_1_632' title='bbox 3780 4044 3850 4077; x_wconf 83' lang='grc' dir='ltr'>νε-</span> 
     </span>
    </p>
   </div>
   <div class='ocr_carea' id='block_1_92' title="bbox 2223 4111 3853 4191">
    <p class='ocr_par' dir='ltr' id='par_1_92' title="bbox 2223 4111 3853 4191">
     <span class='ocr_line' id='line_1_92' title="bbox 2223 4111 3853 4191; baseline -0.002 -22"><span class='ocrx_word' id='word_1_633' title='bbox 2223 4122 2379 4191; x_wconf 75' lang='grc' dir='ltr'>φρούς</span> <span class='ocrx_word' id='word_1_634' title='bbox 2435 4119 2459 4168; x_wconf 90' lang='lat'>6</span> <span class='ocrx_word' id='word_1_635' title='bbox 2520 4121 2668 4177; x_wconf 76' lang='grc' dir='ltr'>Θεὸς.</span> <span class='ocrx_word' id='word_1_636' title='bbox 2744 4121 2841 4169; x_wconf 81' lang='grc' dir='ltr'>Καὶ</span> <span class='ocrx_word' id='word_1_637' title='bbox 2911 4111 3086 4177; x_wconf 79' lang='grc' dir='ltr'>αὖθις.</span> <span class='ocrx_word' id='word_1_638' title='bbox 3156 4114 3459 4189; x_wconf 64' lang='grc' dir='ltr'>Ἄνθρωπος</span> <span class='ocrx_word' id='word_1_639' title='bbox 3530 4117 3737 4186; x_wconf 61' lang='grc' dir='ltr'>ὄψεται</span> <span class='ocrx_word' id='word_1_640' title='bbox 3787 4116 3853 4175; x_wconf 81' lang='grc' dir='ltr'>εἰς</span> 
     </span>
    </p>
   </div>
   <div class='ocr_carea' id='block_1_93' title="bbox 2222 4201 3854 4279">
    <p class='ocr_par' dir='ltr' id='par_1_93' title="bbox 2222 4201 3854 4279">
     <span class='ocr_line' id='line_1_93' title="bbox 2222 4201 3854 4279; baseline -0.002 -21"><span class='ocrx_word' id='word_1_641' title='bbox 2222 4212 2517 4279; x_wconf 88' lang='grc' dir='ltr'>πρόσωπον·</span> <span class='ocrx_word' id='word_1_642' title='bbox 2578 4206 2602 4255; x_wconf 88' lang='lat'>6</span> <span class='ocrx_word' id='word_1_643' title='bbox 2662 4201 2720 4256; x_wconf 75' lang='grc' dir='ltr'>δε</span> <span class='ocrx_word' id='word_1_644' title='bbox 2772 4207 2893 4263; x_wconf 81' lang='grc' dir='ltr'>Οεός</span> <span class='ocrx_word' id='word_1_645' title='bbox 2945 4203 3127 4274; x_wconf 68' lang='grc' dir='ltr'>ὄψεται</span> <span class='ocrx_word' id='word_1_646' title='bbox 3211 4205 3277 4264; x_wconf 79' lang='grc' dir='ltr'>εἰς</span> <span class='ocrx_word' id='word_1_647' title='bbox 3365 4202 3637 4277; x_wconf 80' lang='grc' dir='ltr'>καρδίαν,</span> <span class='ocrx_word' id='word_1_648' title='bbox 3715 4206 3854 4259; x_wconf 82' lang='grc' dir='ltr'>Ἐπεὶ</span> 
     </span>
    </p>
   </div>
   <div class='ocr_carea' id='block_1_94' title="bbox 2222 4290 3858 4367">
    <p class='ocr_par' dir='ltr' id='par_1_94' title="bbox 2222 4290 3858 4367">
     <span class='ocr_line' id='line_1_94' title="bbox 2222 4290 3858 4367; baseline -0.001 -22"><span class='ocrx_word' id='word_1_649' title='bbox 2222 4297 2322 4367; x_wconf 83' lang='grc' dir='ltr'>γὰρ</span> <span class='ocrx_word' id='word_1_650' title='bbox 2380 4293 2557 4359; x_wconf 78' lang='grc' dir='ltr'>ἐκεῖνο,</span> <span class='ocrx_word' id='word_1_651' title='bbox 2616 4295 2684 4352; x_wconf 81' lang='grc' dir='ltr'>ὡς</span> <span class='ocrx_word' id='word_1_652' title='bbox 2757 4296 2904 4362; x_wconf 68' lang='grc' dir='ltr'>φανὲν</span> <span class='ocrx_word' id='word_1_653' title='bbox 2957 4292 3068 4363; x_wconf 86' lang='grc'>(86)</span> <span class='ocrx_word' id='word_1_654' title='bbox 3128 4292 3304 4352; x_wconf 69' lang='grc' dir='ltr'>αὐτοῖς</span> <span class='ocrx_word' id='word_1_655' title='bbox 3384 4290 3689 4363; x_wconf 78' lang='grc' dir='ltr'>ἀδύνατον,</span> <span class='ocrx_word' id='word_1_656' title='bbox 3766 4295 3858 4346; x_wconf 69' lang='grc' dir='ltr'>οὐκ</span> 
     </span>
    </p>
   </div>
   <div class='ocr_carea' id='block_1_95' title="bbox 468 4379 2111 4485">
    <p class='ocr_par' dir='ltr' id='par_1_95' title="bbox 468 4383 2111 4457">
     <span class='ocr_line' id='line_1_95' title="bbox 468 4383 2111 4457; baseline 0.001 -16"><span class='ocrx_word' id='word_1_657' title='bbox 468 4383 856 4457; x_wconf 89' lang='lat' dir='ltr'>recipiebant,</span> <span class='ocrx_word' id='word_1_658' title='bbox 909 4383 1135 4439; x_wconf 90' lang='lat' dir='ltr'>inducit</span> <span class='ocrx_word' id='word_1_659' title='bbox 1186 4384 1300 4440; x_wconf 90' lang='lat' dir='ltr'>hoc</span> <span class='ocrx_word' id='word_1_660' title='bbox 1350 4390 1637 4456; x_wconf 87' lang='lat' dir='ltr'>tanquam</span> <span class='ocrx_word' id='word_1_661' title='bbox 1689 4386 2111 4451; x_wconf 85' lang='lat' dir='ltr'>indubitatum,</span> 
     </span>
    </p>
   </div>
   <div class='ocr_carea' id='block_1_96' title="bbox 2227 4379 3858 4485">
    <p class='ocr_par' dir='ltr' id='par_1_96' title="bbox 2227 4379 3858 4485">
     <span class='ocr_line' id='line_1_96' title="bbox 2227 4379 3858 4453; baseline -0.001 -18"><span class='ocrx_word' id='word_1_662' title='bbox 2227 4380 2484 4449; x_wconf 74' lang='grc' dir='ltr'>ἐδέξαντο,</span> <span class='ocrx_word' id='word_1_663' title='bbox 2526 4380 2704 4452; x_wconf 78' lang='grc' dir='ltr'>ἐπάγει</span> <span class='ocrx_word' id='word_1_664' title='bbox 2756 4387 2909 4432; x_wconf 78' lang='grc' dir='ltr'>τοῦτο</span> <span class='ocrx_word' id='word_1_665' title='bbox 2961 4380 3162 4439; x_wconf 83' lang='grc' dir='ltr'>λοιπόν,</span> <span class='ocrx_word' id='word_1_666' title='bbox 3208 4383 3275 4440; x_wconf 84' lang='grc' dir='ltr'>ὡς</span> <span class='ocrx_word' id='word_1_667' title='bbox 3306 4379 3704 4453; x_wconf 69' lang='grc' dir='ltr'>ἀναμφίϐολρνο</span> <span class='ocrx_word' id='word_1_668' title='bbox 3766 4382 3858 4434; x_wconf 75' lang='grc' dir='ltr'>διὰ</span> 
     </span>
     <span class='ocr_line' id='line_1_97' title="bbox 2299 4467 3806 4485; baseline -0.003 2"><span class='ocrx_word' id='word_1_669' title='bbox 2299 4475 2308 4485; x_wconf 79' lang='grc' dir='ltr'><em>ι</em></span> <span class='ocrx_word' id='word_1_670' title='bbox 2493 4469 2504 4481; x_wconf 71' lang='lat'><em>‘</em></span> <span class='ocrx_word' id='word_1_671' title='bbox 2578 4476 2597 4485; x_wconf 69' lang='lat' dir='ltr'>nl</span> <span class='ocrx_word' id='word_1_672' title='bbox 2723 4467 2750 4485; x_wconf 70' lang='grc' dir='ltr'><strong>Λ</strong></span> <span class='ocrx_word' id='word_1_673' title='bbox 2785 4468 2814 4485; x_wconf 69' lang='grc' dir='ltr'><strong><em>Ω</em></strong></span> <span class='ocrx_word' id='word_1_674' title='bbox 2886 4477 2906 4485; x_wconf 72' lang='grc' dir='ltr'>-ο</span> <span class='ocrx_word' id='word_1_675' title='bbox 3066 4474 3074 4485; x_wconf 88' lang='lat' dir='ltr'><strong>I</strong></span> <span class='ocrx_word' id='word_1_676' title='bbox 3210 4474 3216 4482; x_wconf 77' lang='grc'><strong><em>⁸</em></strong></span> <span class='ocrx_word' id='word_1_677' title='bbox 3464 4472 3475 4485; x_wconf 67' lang='grc'><strong>1</strong></span> <span class='ocrx_word' id='word_1_678' title='bbox 3532 4470 3554 4485; x_wconf 69' lang='lat'><strong>‘</strong></span> <span class='ocrx_word' id='word_1_679' title='bbox 3588 4476 3597 4485; x_wconf 74' lang='grc' dir='ltr'>ι</span> <span class='ocrx_word' id='word_1_680' title='bbox 3788 4472 3806 4483; x_wconf 62' lang='grc' dir='ltr'><strong><em>η</em></strong></span> 
     </span>
    </p>
   </div>
   <div class='ocr_carea' id='block_1_97' title="bbox 470 4472 2118 4546">
    <p class='ocr_par' dir='ltr' id='par_1_97' title="bbox 470 4472 2118 4546">
     <span class='ocr_line' id='line_1_98' title="bbox 470 4472 2118 4546; baseline 0.001 -17"><span class='ocrx_word' id='word_1_681' title='bbox 470 4489 575 4546; x_wconf 91' lang='lat' dir='ltr'>per</span> <span class='ocrx_word' id='word_1_682' title='bbox 604 4474 717 4530; x_wconf 88' lang='lat' dir='ltr'>hoc</span> <span class='ocrx_word' id='word_1_683' title='bbox 743 4473 1009 4545; x_wconf 90' lang='lat' dir='ltr'>probans</span> <span class='ocrx_word' id='word_1_684' title='bbox 1035 4473 1211 4529; x_wconf 90' lang='lat' dir='ltr'>etiam</span> <span class='ocrx_word' id='word_1_685' title='bbox 1244 4472 1409 4539; x_wconf 91' lang='lat' dir='ltr'>illud,</span> <span class='ocrx_word' id='word_1_686' title='bbox 1446 4489 1514 4529; x_wconf 90' lang='lat' dir='ltr'>ac</span> <span class='ocrx_word' id='word_1_687' title='bbox 1541 4474 1995 4545; x_wconf 89' lang='lat' dir='ltr'>quodammodo</span> <span class='ocrx_word' id='word_1_688' title='bbox 2027 4475 2118 4530; x_wconf 89' lang='lat' dir='ltr'>di-</span> 
     </span>
    </p>
   </div>
   <div class='ocr_carea' id='block_1_98' title="bbox 471 4560 2116 4634">
    <p class='ocr_par' dir='ltr' id='par_1_98' title="bbox 471 4560 2116 4634">
     <span class='ocr_line' id='line_1_99' title="bbox 471 4560 2116 4634; baseline 0.001 -18"><span class='ocrx_word' id='word_1_689' title='bbox 471 4576 613 4616; x_wconf 89' lang='lat' dir='ltr'>cens</span> <span class='ocrx_word' id='word_1_690' title='bbox 663 4578 674 4616; x_wconf 93' lang='lat'>:</span> <span class='ocrx_word' id='word_1_691' title='bbox 720 4564 858 4617; x_wconf 84' lang='lat' dir='ltr'>Vere</span> <span class='ocrx_word' id='word_1_692' title='bbox 893 4560 1092 4617; x_wconf 91' lang='lat' dir='ltr'>nullus</span> <span class='ocrx_word' id='word_1_693' title='bbox 1138 4564 1331 4633; x_wconf 85' lang='lat' dir='ltr'>potest</span> <span class='ocrx_word' id='word_1_694' title='bbox 1375 4560 1666 4617; x_wconf 88' lang='lat' dir='ltr'>remittere</span> <span class='ocrx_word' id='word_1_695' title='bbox 1693 4567 1954 4634; x_wconf 88' lang='lat' dir='ltr'>peccata,</span> <span class='ocrx_word' id='word_1_696' title='bbox 2001 4562 2116 4619; x_wconf 88' lang='lat' dir='ltr'>nisi</span> 
     </span>
    </p>
   </div>
   <div class='ocr_carea' id='block_1_99' title="bbox 475 4649 1832 4721">
    <p class='ocr_par' dir='ltr' id='par_1_99' title="bbox 475 4649 1832 4721">
     <span class='ocr_line' id='line_1_100' title="bbox 475 4649 1832 4721; baseline 0.001 -17"><span class='ocrx_word' id='word_1_697' title='bbox 475 4663 650 4713; x_wconf 91' lang='lat' dir='ltr'>unus,</span> <span class='ocrx_word' id='word_1_698' title='bbox 672 4649 774 4719; x_wconf 91' lang='lat' dir='ltr'>qui</span> <span class='ocrx_word' id='word_1_699' title='bbox 802 4650 1065 4705; x_wconf 87' lang='lat' dir='ltr'>intuetur</span> <span class='ocrx_word' id='word_1_700' title='bbox 1094 4650 1478 4721; x_wconf 84' lang='lat' dir='ltr'>cogitationes</span> <span class='ocrx_word' id='word_1_701' title='bbox 1498 4650 1832 4706; x_wconf 88' lang='lat' dir='ltr'>hominum.</span> 
     </span>
    </p>
   </div>
   <div class='ocr_carea' id='block_1_100' title="bbox 545 4736 2116 4812">
    <p class='ocr_par' dir='ltr' id='par_1_100' title="bbox 545 4736 2116 4812">
     <span class='ocr_line' id='line_1_101' title="bbox 545 4736 2116 4812; baseline 0.003 -21"><span class='ocrx_word' id='word_1_702' title='bbox 545 4736 704 4792; x_wconf 84' lang='lat' dir='ltr'>Vers.</span> <span class='ocrx_word' id='word_1_703' title='bbox 760 4738 813 4790; x_wconf 78' lang='lat'>5.</span> <span class='ocrx_word' id='word_1_704' title='bbox 867 4738 1071 4793; x_wconf 87' lang='lat' dir='ltr'>Utrum</span> <span class='ocrx_word' id='word_1_705' title='bbox 1116 4767 1185 4781; x_wconf 95' lang='lat'>—</span> <span class='ocrx_word' id='word_1_706' title='bbox 1233 4738 1464 4795; x_wconf 85' lang='lat' dir='ltr'>ambula</span> <span class='ocrx_word' id='word_1_707' title='bbox 1520 4740 1549 4797; x_wconf 73' lang='lat'><strong><em>7</em></strong></span> <span class='ocrx_word' id='word_1_708' title='bbox 1596 4738 2116 4812; x_wconf 84' lang='lat' dir='ltr'>Quandoquidem,</span> 
     </span>
    </p>
   </div>
   <div class='ocr_carea' id='block_1_101' title="bbox 473 4822 2116 4901">
    <p class='ocr_par' dir='ltr' id='par_1_101' title="bbox 473 4822 2116 4901">
     <span class='ocr_line' id='line_1_102' title="bbox 473 4822 2116 4901; baseline 0.002 -20"><span class='ocrx_word' id='word_1_709' title='bbox 473 4824 683 4898; x_wconf 87' lang='lat' dir='ltr'>inquit,</span> <span class='ocrx_word' id='word_1_710' title='bbox 711 4822 1104 4898; x_wconf 90' lang='lat' dir='ltr'>blasphemus</span> <span class='ocrx_word' id='word_1_711' title='bbox 1130 4826 1296 4883; x_wconf 88' lang='lat' dir='ltr'>vobis</span> <span class='ocrx_word' id='word_1_712' title='bbox 1326 4827 1553 4895; x_wconf 85' lang='lat' dir='ltr'>videor,</span> <span class='ocrx_word' id='word_1_713' title='bbox 1583 4832 1784 4901; x_wconf 90' lang='lat' dir='ltr'>utpote</span> <span class='ocrx_word' id='word_1_714' title='bbox 1814 4829 2116 4885; x_wconf 86' lang='lat' dir='ltr'>remittens</span> 
     </span>
    </p>
   </div>
   <div class='ocr_carea' id='block_1_102' title="bbox 546 5004 1384 5075">
    <p class='ocr_par' dir='ltr' id='par_1_102' title="bbox 546 5004 1384 5075">
     <span class='ocr_line' id='line_1_103' title="bbox 546 5004 1384 5075; baseline -0.004 -15"><span class='ocrx_word' id='word_1_715' title='bbox 546 5005 594 5072; x_wconf 75' lang='grc' dir='ltr'><strong><em>το</em></strong></span> <span class='ocrx_word' id='word_1_716' title='bbox 624 5004 795 5060; x_wconf 86' lang='lat' dir='ltr'>Marc.</span> <span class='ocrx_word' id='word_1_717' title='bbox 828 5018 886 5069; x_wconf 82' lang='lat' dir='ltr'>ll,</span> <span class='ocrx_word' id='word_1_718' title='bbox 918 5005 951 5058; x_wconf 86' lang='grc'>4</span> <span class='ocrx_word' id='word_1_719' title='bbox 985 5019 999 5070; x_wconf 89' lang='grc'>;</span> <span class='ocrx_word' id='word_1_720' title='bbox 1034 5005 1165 5060; x_wconf 87' lang='lat' dir='ltr'>Luc.</span> <span class='ocrx_word' id='word_1_721' title='bbox 1209 5018 1266 5075; x_wconf 72' lang='grc' dir='ltr'>ν,</span> <span class='ocrx_word' id='word_1_722' title='bbox 1302 5006 1384 5061; x_wconf 85' lang='grc'>19.</span> 
     </span>
    </p>
   </div>
   <div class='ocr_carea' id='block_1_103' title="bbox 549 5076 1061 5147">
    <p class='ocr_par' dir='ltr' id='par_1_103' title="bbox 549 5076 1061 5147">
     <span class='ocr_line' id='line_1_104' title="bbox 549 5076 1061 5147; baseline 0 -16"><span class='ocrx_word' id='word_1_723' title='bbox 549 5076 596 5112; x_wconf 79' lang='grc'>⁷⁴</span> <span class='ocrx_word' id='word_1_724' title='bbox 621 5077 645 5131; x_wconf 93' lang='grc' dir='ltr'><strong>Ι</strong></span> <span class='ocrx_word' id='word_1_725' title='bbox 669 5078 814 5147; x_wconf 80' lang='lat' dir='ltr'>Reg.</span> <span class='ocrx_word' id='word_1_726' title='bbox 854 5090 977 5142; x_wconf 71' lang='lat' dir='ltr'>xvr,</span> <span class='ocrx_word' id='word_1_727' title='bbox 1008 5080 1061 5131; x_wconf 85' lang='lat'>7.</span> 
     </span>
    </p>
   </div>
   <div class='ocr_carea' id='block_1_104' title="bbox 1462 5004 1928 5071">
    <p class='ocr_par' dir='ltr' id='par_1_104' title="bbox 1462 5004 1928 5071">
     <span class='ocr_line' id='line_1_105' title="bbox 1462 5004 1928 5071; baseline 0.006 -12"><span class='ocrx_word' id='word_1_728' title='bbox 1462 5004 1507 5041; x_wconf 76' lang='grc' dir='ltr'>τί</span> <span class='ocrx_word' id='word_1_729' title='bbox 1548 5004 1718 5061; x_wconf 85' lang='lat' dir='ltr'>Joan.</span> <span class='ocrx_word' id='word_1_730' title='bbox 1752 5021 1809 5071; x_wconf 72' lang='grc' dir='ltr'>ν,</span> <span class='ocrx_word' id='word_1_731' title='bbox 1847 5005 1928 5062; x_wconf 77' lang='grc'>14.</span> 
     </span>
    </p>
   </div>
   <div class='ocr_carea' id='block_1_105' title="bbox 2008 5006 2522 5074">
    <p class='ocr_par' dir='ltr' id='par_1_105' title="bbox 2008 5006 2522 5074">
     <span class='ocr_line' id='line_1_106' title="bbox 2008 5006 2522 5074; baseline -0.01 -12"><span class='ocrx_word' id='word_1_732' title='bbox 2008 5007 2056 5041; x_wconf 75' lang='grc' dir='ltr'>τ’</span> <span class='ocrx_word' id='word_1_733' title='bbox 2083 5008 2257 5064; x_wconf 85' lang='lat' dir='ltr'>Marc.</span> <span class='ocrx_word' id='word_1_734' title='bbox 2297 5022 2355 5074; x_wconf 81' lang='grc' dir='ltr'>ιι,</span> <span class='ocrx_word' id='word_1_735' title='bbox 2385 5008 2436 5072; x_wconf 85' lang='grc'>6,</span> <span class='ocrx_word' id='word_1_736' title='bbox 2470 5006 2522 5058; x_wconf 83' lang='lat'>7.</span> 
     </span>
    </p>
   </div>
   <div class='ocr_carea' id='block_1_106' title="bbox 2226 4467 3860 4543">
    <p class='ocr_par' dir='ltr' id='par_1_106' title="bbox 2226 4467 3860 4543">
     <span class='ocr_line' id='line_1_107' title="bbox 2226 4467 3860 4543; baseline -0.001 -19"><span class='ocrx_word' id='word_1_737' title='bbox 2226 4475 2410 4524; x_wconf 85' lang='grc' dir='ltr'>τούτου</span> <span class='ocrx_word' id='word_1_738' title='bbox 2450 4469 2655 4523; x_wconf 83' lang='grc' dir='ltr'>κάκεῖνο</span> <span class='ocrx_word' id='word_1_739' title='bbox 2718 4467 2961 4541; x_wconf 76' lang='grc' dir='ltr'>βεϐαιῶν,</span> <span class='ocrx_word' id='word_1_740' title='bbox 2994 4474 3082 4521; x_wconf 85' lang='grc' dir='ltr'>καὶ</span> <span class='ocrx_word' id='word_1_741' title='bbox 3131 4474 3322 4541; x_wconf 84' lang='grc' dir='ltr'>τρόπον</span> <span class='ocrx_word' id='word_1_742' title='bbox 3370 4472 3489 4521; x_wconf 77' lang='grc' dir='ltr'>τινα</span> <span class='ocrx_word' id='word_1_743' title='bbox 3532 4470 3743 4543; x_wconf 52' lang='grc' dir='ltr'>λῆων,</span> <span class='ocrx_word' id='word_1_744' title='bbox 3783 4472 3860 4524; x_wconf 83' lang='grc' dir='ltr'>ὅτι</span> 
     </span>
    </p>
   </div>
   <div class='ocr_carea' id='block_1_107' title="bbox 2228 4555 3858 4633">
    <p class='ocr_par' dir='ltr' id='par_1_107' title="bbox 2228 4555 3858 4633">
     <span class='ocr_line' id='line_1_108' title="bbox 2228 4555 3858 4633; baseline 0.001 -20"><span class='ocrx_word' id='word_1_745' title='bbox 2228 4564 2383 4621; x_wconf 85' lang='grc' dir='ltr'>ὅντως</span> <span class='ocrx_word' id='word_1_746' title='bbox 2426 4556 2597 4620; x_wconf 66' lang='grc' dir='ltr'>οὐδεὶς</span> <span class='ocrx_word' id='word_1_747' title='bbox 2656 4555 2875 4610; x_wconf 85' lang='grc' dir='ltr'>δύναται</span> <span class='ocrx_word' id='word_1_748' title='bbox 2934 4556 3137 4630; x_wconf 82' lang='grc' dir='ltr'>ἀφιέναι</span> <span class='ocrx_word' id='word_1_749' title='bbox 3188 4557 3470 4633; x_wconf 79' lang='grc' dir='ltr'>ἁμαρτίας,</span> <span class='ocrx_word' id='word_1_750' title='bbox 3529 4559 3584 4611; x_wconf 81' lang='grc' dir='ltr'>εἰ</span> <span class='ocrx_word' id='word_1_751' title='bbox 3632 4566 3714 4633; x_wconf 77' lang='grc' dir='ltr'>μὴ</span> <span class='ocrx_word' id='word_1_752' title='bbox 3771 4562 3858 4625; x_wconf 80' lang='grc' dir='ltr'>εἷς,</span> 
     </span>
    </p>
   </div>
   <div class='ocr_carea' id='block_1_108' title="bbox 2228 4645 3393 4721">
    <p class='ocr_par' dir='ltr' id='par_1_108' title="bbox 2228 4645 3393 4721">
     <span class='ocr_line' id='line_1_109' title="bbox 2228 4645 3393 4721; baseline -0.001 -19"><span class='ocrx_word' id='word_1_753' title='bbox 2228 4651 2252 4701; x_wconf 89' lang='lat'>6</span> <span class='ocrx_word' id='word_1_754' title='bbox 2286 4648 2486 4721; x_wconf 82' lang='grc' dir='ltr'>βλέπων</span> <span class='ocrx_word' id='word_1_755' title='bbox 2516 4650 2603 4708; x_wconf 85' lang='grc' dir='ltr'>τὰς</span> <span class='ocrx_word' id='word_1_756' title='bbox 2633 4646 2941 4720; x_wconf 72' lang='grc' dir='ltr'>ἐνθυμήσεις</span> <span class='ocrx_word' id='word_1_757' title='bbox 2962 4654 3059 4699; x_wconf 89' lang='grc' dir='ltr'>τῶν</span> <span class='ocrx_word' id='word_1_758' title='bbox 3092 4645 3393 4719; x_wconf 84' lang='grc' dir='ltr'>ἀνθρώπων.</span> 
     </span>
    </p>
   </div>
   <div class='ocr_carea' id='block_1_109' title="bbox 2297 4734 3862 4811">
    <p class='ocr_par' dir='ltr' id='par_1_109' title="bbox 2297 4734 3862 4811">
     <span class='ocr_line' id='line_1_110' title="bbox 2297 4734 3862 4811; baseline -0.001 -21"><span class='ocrx_word' id='word_1_759' title='bbox 2297 4742 2359 4790; x_wconf 89' lang='grc' dir='ltr'>Τί</span> <span class='ocrx_word' id='word_1_760' title='bbox 2423 4739 2525 4811; x_wconf 85' lang='grc' dir='ltr'>γὰρ</span> <span class='ocrx_word' id='word_1_761' title='bbox 2590 4766 2659 4777; x_wconf 96' lang='lat'>—</span> <span class='ocrx_word' id='word_1_762' title='bbox 2712 4738 2982 4810; x_wconf 87' lang='grc' dir='ltr'>περιπάτει</span> <span class='ocrx_word' id='word_1_763' title='bbox 3038 4753 3050 4803; x_wconf 90' lang='grc'><strong>;</strong></span> <span class='ocrx_word' id='word_1_764' title='bbox 3105 4736 3244 4789; x_wconf 80' lang='grc' dir='ltr'>Ἐπεὶ</span> <span class='ocrx_word' id='word_1_765' title='bbox 3314 4734 3657 4810; x_wconf 73' lang='grc' dir='ltr'>βλάσφημος</span> <span class='ocrx_word' id='word_1_766' title='bbox 3744 4740 3862 4811; x_wconf 70' lang='grc' dir='ltr'>ὀμῖν</span> 
     </span>
    </p>
   </div>
   <div class='ocr_carea' id='block_1_110' title="bbox 2226 4824 3867 4901">
    <p class='ocr_par' dir='ltr' id='par_1_110' title="bbox 2226 4824 3867 4901">
     <span class='ocr_line' id='line_1_111' title="bbox 2226 4824 3867 4901; baseline 0 -21"><span class='ocrx_word' id='word_1_767' title='bbox 2226 4825 2384 4895; x_wconf 85' lang='grc' dir='ltr'>δοκῶ⁹</span> <span class='ocrx_word' id='word_1_768' title='bbox 2431 4830 2610 4898; x_wconf 81' lang='grc' dir='ltr'>φησὶν,</span> <span class='ocrx_word' id='word_1_769' title='bbox 2654 4828 2719 4889; x_wconf 83' lang='grc' dir='ltr'>ὡς</span> <span class='ocrx_word' id='word_1_770' title='bbox 2755 4824 2889 4898; x_wconf 82' lang='grc' dir='ltr'>ἀφιεὶ</span> <span class='ocrx_word' id='word_1_771' title='bbox 2938 4825 3219 4899; x_wconf 84' lang='grc' dir='ltr'>ἁμαρτίας,</span> <span class='ocrx_word' id='word_1_772' title='bbox 3246 4830 3337 4878; x_wconf 80' lang='grc' dir='ltr'>καὶ</span> <span class='ocrx_word' id='word_1_773' title='bbox 3363 4828 3481 4879; x_wconf 78' lang='grc' dir='ltr'>ἴσον</span> <span class='ocrx_word' id='word_1_774' title='bbox 3510 4826 3766 4901; x_wconf 78' lang='grc' dir='ltr'>ἐμαυτὸν</span> <span class='ocrx_word' id='word_1_775' title='bbox 3792 4835 3867 4901; x_wconf 79' lang='grc' dir='ltr'>τῷ</span> 
     </span>
    </p>
   </div>
   <div class='ocr_carea' id='block_1_111' title="bbox 2596 5002 3295 5074">
    <p class='ocr_par' dir='ltr' id='par_1_111' title="bbox 2596 5002 3295 5074">
     <span class='ocr_line' id='line_1_112' title="bbox 2596 5002 3295 5074; baseline 0.001 -17"><span class='ocrx_word' id='word_1_776' title='bbox 2596 5004 2665 5039; x_wconf 79' lang='grc'>⁷³·</span> <span class='ocrx_word' id='word_1_777' title='bbox 2699 5003 2743 5057; x_wconf 91' lang='lat' dir='ltr'>Il</span> <span class='ocrx_word' id='word_1_778' title='bbox 2769 5002 2938 5059; x_wconf 85' lang='lat' dir='ltr'>Paral</span> <span class='ocrx_word' id='word_1_779' title='bbox 2967 5019 3039 5074; x_wconf 79' lang='lat' dir='ltr'>v1,</span> <span class='ocrx_word' id='word_1_780' title='bbox 3074 5007 3167 5060; x_wconf 86' lang='lat' dir='ltr'>3o.</span> <span class='ocrx_word' id='word_1_781' title='bbox 3248 5004 3295 5039; x_wconf 82' lang='grc'>⁷³</span> 
     </span>
    </p>
   </div>
   <div class='ocr_carea' id='block_1_112' title="bbox 1674 5199 2582 5271">
    <p class='ocr_par' dir='ltr' id='par_1_112' title="bbox 1674 5199 2582 5271">
     <span class='ocr_line' id='line_1_113' title="bbox 1674 5199 2582 5271; baseline 0 0"><span class='ocrx_word' id='word_1_782' title='bbox 1674 5199 1894 5271; x_wconf 65' lang='lat' dir='ltr'>Varia:</span> <span class='ocrx_word' id='word_1_783' title='bbox 1933 5201 2259 5271; x_wconf 88' lang='lat' dir='ltr'>lectiones</span> <span class='ocrx_word' id='word_1_784' title='bbox 2291 5211 2353 5270; x_wconf 91' lang='lat' dir='ltr'>et</span> <span class='ocrx_word' id='word_1_785' title='bbox 2384 5213 2582 5271; x_wconf 77' lang='lat' dir='ltr'>notae.</span> 
     </span>
    </p>
   </div>
   <div class='ocr_carea' id='block_1_113' title="bbox 549 5368 2111 5446">
    <p class='ocr_par' dir='ltr' id='par_1_113' title="bbox 549 5368 2104 5446">
     <span class='ocr_line' id='line_1_114' title="bbox 549 5368 2104 5446; baseline -0.001 -18"><span class='ocrx_word' id='word_1_786' title='bbox 549 5372 665 5444; x_wconf 89' lang='lat'>(86)</span> <span class='ocrx_word' id='word_1_787' title='bbox 706 5370 940 5430; x_wconf 81' lang='lat' dir='ltr'>Correxi</span> <span class='ocrx_word' id='word_1_788' title='bbox 974 5374 1140 5446; x_wconf 82' lang='grc' dir='ltr'>φανέν,</span> <span class='ocrx_word' id='word_1_789' title='bbox 1170 5368 1301 5429; x_wconf 89' lang='lat' dir='ltr'>loco</span> <span class='ocrx_word' id='word_1_790' title='bbox 1334 5374 1516 5445; x_wconf 82' lang='grc' dir='ltr'>φαμέν.</span> <span class='ocrx_word' id='word_1_791' title='bbox 1542 5369 1625 5429; x_wconf 90' lang='lat' dir='ltr'>Ita</span> <span class='ocrx_word' id='word_1_792' title='bbox 1652 5369 1828 5430; x_wconf 84' lang='lat' dir='ltr'>etiam</span> <span class='ocrx_word' id='word_1_793' title='bbox 1860 5371 2104 5429; x_wconf 83' lang='lat' dir='ltr'>Henieni</span> 
     </span>
    </p>
   </div>
   <div class='ocr_carea' id='block_1_114' title="bbox 2227 5368 2704 5446">
    <p class='ocr_par' dir='ltr' id='par_1_114' title="bbox 2227 5371 2704 5441">
     <span class='ocr_line' id='line_1_115' title="bbox 2227 5371 2704 5441; baseline -0.002 -14"><span class='ocrx_word' id='word_1_794' title='bbox 2227 5372 2444 5429; x_wconf 74' lang='lat' dir='ltr'>ridetur</span> <span class='ocrx_word' id='word_1_795' title='bbox 2472 5371 2704 5441; x_wconf 77' lang='lat' dir='ltr'>legisse.</span> 
     </span>
    </p>
   </div>
   <div class='ocr_carea' id='block_1_115' title="bbox 544 5519 2111 5607">
    <p class='ocr_par' dir='ltr' id='par_1_115' title="bbox 544 5524 2111 5603">
     <span class='ocr_line' id='line_1_116' title="bbox 544 5524 2111 5603; baseline 0.001 -22"><span class='ocrx_word' id='word_1_796' title='bbox 544 5524 660 5603; x_wconf 82' lang='lat' dir='ltr'>(oo)</span> <span class='ocrx_word' id='word_1_797' title='bbox 692 5525 911 5599; x_wconf 79' lang='lat' dir='ltr'>Nempe</span> <span class='ocrx_word' id='word_1_798' title='bbox 939 5528 1143 5587; x_wconf 85' lang='lat' dir='ltr'>Deum.</span> <span class='ocrx_word' id='word_1_799' title='bbox 1185 5526 1392 5583; x_wconf 72' lang='lat' dir='ltr'>Abesse</span> <span class='ocrx_word' id='word_1_800' title='bbox 1414 5524 1609 5596; x_wconf 89' lang='lat' dir='ltr'>debet,</span> <span class='ocrx_word' id='word_1_801' title='bbox 1635 5540 1852 5597; x_wconf 85' lang='lat' dir='ltr'>nempe.</span> <span class='ocrx_word' id='word_1_802' title='bbox 1888 5527 2055 5585; x_wconf 88' lang='lat' dir='ltr'>Forte</span> <span class='ocrx_word' id='word_1_803' title='bbox 2075 5530 2111 5583; x_wconf 66' lang='grc' dir='ltr'>ο</span> 
     </span>
    </p>
   </div>
   <div class='ocr_carea' id='block_1_116' title="bbox 2227 5519 3051 5607">
    <p class='ocr_par' dir='ltr' id='par_1_116' title="bbox 2227 5519 3051 5607">
     <span class='ocr_line' id='line_1_117' title="bbox 2227 5519 3051 5607; baseline -0.004 -25"><span class='ocrx_word' id='word_1_804' title='bbox 2227 5541 2281 5582; x_wconf 67' lang='grc' dir='ltr'>ιη</span> <span class='ocrx_word' id='word_1_805' title='bbox 2303 5525 2463 5607; x_wconf 82' lang='lat' dir='ltr'>legit,</span> <span class='ocrx_word' id='word_1_806' title='bbox 2495 5520 2565 5587; x_wconf 78' lang='grc' dir='ltr'>εἷς</span> <span class='ocrx_word' id='word_1_807' title='bbox 2604 5519 2812 5584; x_wconf 81' lang='grc' dir='ltr'>δηλαδή</span> <span class='ocrx_word' id='word_1_808' title='bbox 2850 5524 2875 5576; x_wconf 91' lang='grc' dir='ltr'>ό</span> <span class='ocrx_word' id='word_1_809' title='bbox 2902 5526 3051 5587; x_wconf 82' lang='grc' dir='ltr'>Θεὸς.</span> 
     </span>
    </p>
   </div>
  </div>
