3990 6206
249 293 318 346 305
1148 283 1514 340 COMMENT.
1560 282 1626 338 ΙΝ
1667 282 1758 336 MA

1884 280 2109 336 'IXEUM.
2155 309 2220 319 —
2262 278 2416 335 CAP.
2462 277 2564 333 IX.

3415 279 3521 337 306

246 423 323 484 Θεῷ
383 421 538 480 ποιῶν,
605 412 924 487 ἁποκρίθητε
981 416 1132 464 Ποῖόν
1193 414 1334 464 ἐστιν
1394 409 1757 482 εὐχερέστερον

1884 407 2140 477 peccata,
2158 411 2212 460 et
2227 405 2516 477 aequalem
2533 403 2759 460 faciens
2797 405 3096 476 meipsum
3117 407 3254 471 Deo,
3272 420 3524 478 respono

237 507 288 565 εἰς
310 505 475 576 πρᾶξιν,
500 522 711 576 ποτερον
758 505 813 554 τὸ
856 503 1010 554 εἰπεῖν
1055 498 1196 567 τόδε,
1227 500 1256 558 ἢ
1307 503 1363 550 τὸ
1398 499 1554 551 εἰπεῖν
1587 495 1709 550 τόδε
1742 514 1756 564 ;

235 593 361 644 Ἠσαδ
405 589 454 643 δὲ
493 597 582 642 καὶ
628 593 783 663 ἄμφω
823 594 906 657 τα,
949 595 1065 664 περὶ
1114 591 1181 640 ὧν
1215 591 1471 663 ἠρώτησε,
1526 595 1639 657 Θεῷ
1669 591 1757 658 μὲν

232 678 402 744 δυνατὰ,
443 679 686 753 ἀνθρώπῳ
737 676 796 732 δὲ
833 675 1086 731 ἀδύνατα.
1145 683 1244 731 Καὶ
1281 681 1380 751 γὰρ
1412 681 1503 728 καὶ
1547 680 1604 728 τὸ
1645 675 1758 748 ἀφι-

229 773 308 822 έναι
335 768 559 842 ἁμαρτίας
589 776 722 821 Θεοῦ
770 771 928 839 μόνον
960 763 1020 825 ἦν
1054 785 1067 796 ·
1115 769 1300 838 ὁμοίως
1352 763 1411 818 δε
1439 770 1529 817 καὶ
1557 768 1612 816 τὸ
1644 767 1758 817 κατ’

229 857 418 918 ἐξουσίαν
456 856 664 932 ἐγεῖραι,
710 861 801 908 καὶ
851 855 1106 928 ἀρτιώσαι
1146 856 1256 925 (8'7)
1304 857 1390 906 τόν
1442 854 1751 928 παράλυτονε

226 952 436 1014 Zephyre-iv
472 942 528 997 δε
584 946 772 1014 αὐτῶν,
824 941 936 1009 διὰ,
987 948 1044 996 τὸ
1097 940 1380 1018 μηδέτερον
1433 945 1572 1014 ἔχειν
1603 942 1758 994 εἰπεῖν

227 1034 526 1108 εὐχερέστερον
568 1033 766 1107 ἑτέρου,
799 1039 958 1107 φησὶν
995 1033 1144 1094 αὑτός
1177 1050 1189 1062 ·

273 1211 358 1263 Ἰνα
407 1242 468 1253 -—
515 1212 796 1287 ἁμαρτίας.
883 1211 1224 1264 Ἐὶλειπτικον
1297 1209 1410 1263 ἔστι
1497 1213 1643 1262 τουτὶ
1700 1211 1757 1261 τὸ

219 1310 368 1371 σχῆμα
409 1308 491 1352 τοῦ
541 1300 700 1371 λόγου
733 1319 745 1330 ’
796 1300 957 1352 λείπει
1011 1303 1111 1372 γὰρ
1149 1303 1228 1363 τὸ,
1274 1303 1604 1372 Θεωρὴσατε.
1650 1297 1760 1350 Ἵνα

220 1386 277 1452 δε,
323 1394 453 1459 φησὶ,
507 1397 692 1460 γνῶτε,
749 1391 829 1440 ὅτι
883 1391 906 1440 ὁ
961 1394 1252 1461 φαινόμενος
1308 1390 1428 1460 ὑμῖν
1491 1388 1760 1459 ἄνθρωπος

215 1476 406 1538 ἐξουσίαν
457 1480 591 1548 ἔχει,
647 1481 712 1538 ὡς
768 1481 918 1542 Θεὸς,
975 1477 1220 1549 βλέψατε.
1278 1480 1348 1529 Τὸ
1397 1474 1476 1544 δὲ,
1535 1475 1618 1529 ἐπὶ
1664 1484 1760 1534 τῆς

211 1571 300 1633 γῆς,
347 1565 500 1627 ἁπλῶς
552 1571 885 1638 πρόσκειται,
939 1571 968 1624 ἦ
1011 1569 1121 1618 ἀντὶ
1168 1574 1278 1630 τοῦ,
1333 1565 1414 1618 ἐπὶ
1463 1574 1556 1626 τῆς
1611 1563 1658 1616 ἐν
1688 1573 1754 1636 γῇ

213 1652 426 1714 πολιτείας
454 1653 637 1712 αὐτοῦ.
669 1652 846 1726 ’Ἔλεγε
874 1651 933 1707 δὲ
960 1662 1110 1707 τοῦτο
1138 1660 1255 1727 περὶ
1287 1654 1488 1706 ἑαυτοῦ.

255 1905 364 1954 Τότε
385 1901 515 1972 ὶέγει
556 1933 621 1942 -—
656 1903 834 1956 αὐτοῦ.
869 1901 1080 1962 Ἐπειδή
1133 1907 1191 1955 τό
1229 1906 1320 1970 μὲν
1351 1902 1552 1975 ἀφιέναι
1596 1903 1760 1977 ἁμαρ-

208 1995 291 2050 τίας
323 1989 476 2062 ἀφανῆ
507 1997 607 2049 τὴν
651 1989 918 2054 ἀπόδειξιν
971 1989 1082 2063 εἶχε
1112 2013 1124 2026 ’
1158 1996 1214 2044 τὸ
1265 1989 1324 2044 δὲ
1369 1993 1485 2044 κατ’
1524 1991 1760 2055 ἐξουσίαν

205 2076 363 2152 ἐγεῖραι
410 2082 494 2131 τόν
553 2081 850 2153 παράλυτον
907 2087 1122 2155 φανερᾶς
1181 2079 1347 2134 ἐδεῖτο
1403 2091 1498 2144 τῆς
1552 2079 1762 2134 ἀποδείο

208 2165 299 2226 ita;
324 2184 336 2196 °
376 2177 602 2220 ποιεῖται
650 2173 745 2227 τὴν
785 2172 1000 2242 φανερὰν
1056 2176 1334 2245 τεκμήριον
1388 2180 1478 2231 τῆς
1521 2169 1758 2243 ἀφανοῦς.

203 2259 271 2306 καὶ
316 2251 400 2307 διὰ
441 2261 641 2319 ταύτης
690 2263 779 2310 καὶ
830 2262 946 2333 περὶ
996 2257 1184 2318 ἐκείνης
1237 2259 1568 2333 π).ηροφορεί,
1610 2262 1690 2311 ὅτι
1734 2260 1759 2310 ὁ

201 2351 320 2395 τοῦτο
353 2342 598 2407 δυνηθεὶς
649 2345 871 2399 δύναται
912 2346 1134 2402 κάκεῖνο.
1190 2351 1324 2422 Πρὸς
1367 2347 1651 2420 βεϐαίωσιν
1701 2346 1761 2401 δὲ

203 2439 272 2491 τῆς
315 2436 637 2507 συσφίγξεως
692 2443 782 2487 τοῦ
834 2441 1141 2510 παρειμένον
1197 2443 1452 2508 σώματος,
1504 2435 1758 2488 ἐκέλευσεν

197 2513 295 2590 ἆραι
328 2528 406 2574 τόν
453 2523 774 2597 χράϐϐατον,
818 2526 901 2576 ἵνα
958 2530 1028 2597 μὴ
1084 2522 1211 2598 δόξῃ
1265 2531 1524 2598 φαντασία
1570 2545 1649 2586 τις
1700 2528 1758 2576 τὸ

196 2616 510 2677 γεγτιηιιένον.
590 2613 920 2666 Ἀποστέλὶει
997 2611 1056 2666 δὲ
1112 2615 1266 2666 αὑτὸν
1321 2615 1392 2675 εἰς
1459 2618 1544 2666 τὸν
1615 2612 1757 2666 οἶκον

192 2698 362 2749 αὐτοῦ·
419 2709 575 2753 τοῦτο
646 2703 761 2770 μὲν,
831 2703 914 2754 ἰνα
979 2707 1050 2774 μὴ
1116 2708 1292 2776 παρὼν
1343 2708 1432 2756 καὶ
1507 2705 1758 2775 ὁρώμενος

191 2787 362 2838 ἔπαινον
412 2789 554 2860 αὐτῷ
616 2790 952 2863 προξενήσῃο
1013 2799 1162 2844 τοῦτο
1221 2789 1280 2844 δὴ
1337 2797 1446 2858 καὶ,
1503 2793 1585 2843 ἱνα
1642 2799 1752 2863 σχῇ

186 2877 419 2948 μάρτυρας
475 2886 569 2938 τῆς
640 2879 822 2948 ὑγείας
878 2877 1298 2953 ἀναντιῤῥὴτους,
1366 2880 1553 2940 αὐτοὺς
1635 2883 1758 2940 τοὺς

189 2961 278 3032 (88)
328 2962 778 3038 ἀπαραγροίπτους
828 2972 918 3018 καὶ
973 2975 1067 3029 τῆς
1111 2972 1266 3020 νόσου
1315 2971 1602 3043 μάρτυρας,
1666 2973 1756 3020 καὶ

185 3050 250 3100 ἱνα
275 3055 467 3115 τούτοις
493 3053 710 3128 ἀφορμή
742 3061 955 3126 γένηται
978 3062 1217 3118 πίστεως.
1356 3060 1357 3063 “

242 3223 443 3292 Ἰδόντες
501 3228 564 3284 δὲ
615 3263 684 3272 -
734 3231 1038 3304 ἀνθρώποις.
1099 3236 1434 3306 Ἐθαύμασαν
1493 3238 1602 3306 μὲν,
1678 3237 1759 3287 ὅτι

182 3318 237 3376 ὣς
292 3325 414 3381 Θεὸς
461 3320 1006 3393 ἐθαυματούργησενσ
1066 3324 1200 3395 ὅμως
1265 3325 1532 3398 ἄνθρωπον
1605 3324 1759 3377 αὐτὸν

181 3400 286 3457 εἶναι
334 3409 719 3482 ὑπελαμσξανον,
765 3413 956 3482 ἔχοντα
996 3411 1234 3474 ἕξουσίαν
1273 3414 1398 3488 ὑπὲρ
1452 3415 1747 3487 ἄνθρωπον.

394 3593 542 3640 lii-21'.
581 3587 686 3641 IA'.
722 3592 844 3661 Περὶ
875 3589 1145 3641 Ματθαίου
1176 3597 1266 3642 τοῦ
1289 3589 1522 3648 τελώνου,

236 3679 326 3725 Καὶ
371 3706 439 3715 —
494 3675 777 3728 ἀκολούθει
836 3696 946 3748 μοι.
1006 3708 1073 3718 --
1127 3681 1403 3752 Παράγων,
1475 3679 1590 3732 ἀντὶ
1645 3687 1756 3752 τοῦ,

179 3766 511 3833 πορευόμενος.
574 3763 719 3840 Ὀρα
771 3761 830 3818 δὲ
895 3769 980 3818 τὸν
1055 3766 1442 3839 εὐαγγελιστὴν,
1502 3778 1610 3832 πῶς
1666 3770 1760 3821 οὐκ

175 3846 534 3921 ἐπαισχύνεται
623 3858 712 3906 τὸν
803 3859 1049 3928 πρότερον
1124 3857 1308 3910 ἑαυτοῦ
1395 3857 1531 3930 βίον.
1607 3858 1761 3910 Ἀλλὰ

177 3939 364 4008 Ηάρκος
400 3946 492 4012 μὲν
532 3949 633 3995 καὶ
681 3949 910 4013 Λουκᾶς,
962 3941 1109 3998 αἰδοῖ
1152 3954 1244 3998 τοῦ
1294 3949 1661 4019 συμμαθητοῦ,
1701 3949 1759 3999 τὸ

1356 4038 1509 4088 Λευΐν
1579 4043 1759 4089 τοῦτον

615 4119 845 4173 ἐκαλεῖτο
892 4125 991 4194 γὰρ
1056 4128 1146 4174 καὶ
1219 4131 1398 4181 τοῦτο,
1473 4125 1639 4185 Αὐτὸς
1701 4122 1760 4177 δὲ

1358 4210 1499 4266 διότι
1563 4211 1678 4266 οὐδ’
1734 4215 1760 4265 ό

176 4299 378 4362 Χριστός
420 4298 752 4371 ἐπῃσχύνθη
799 4308 1004 4357 τοῦτον,
1064 4300 1211 4374 ’Λμα
1263 4298 1322 4354 δὲ
1368 4307 1456 4354 καὶ
1497 4299 1760 4355 δείκνυσιν

181 4379 293 4435 ἐντῑά
301 4387 375 4438 ὗεν

180 4033 362 4101 stupri-4
414 4036 587 4103 ἄνομα
652 4036 839 4084 τούτου
910 4030 1262 4108 παρέδραμον

179 4113 491 4185 ὀνομάσαντες
537 4139 549 4150 ⁸

177 4215 376 4278 ᾇπερώς
430 4209 666 4267 τελώνην
722 4211 903 4262 ἑαυτὸν
959 4210 1280 4284 ἀνομολογεῖ,

459 4393 561 4446 τὴν
629 4385 852 4460 δύναμιν
931 4398 1022 4442 τοῦ
1091 4390 1402 4452 καλέσαντος
1473 4393 1626 4444 αὐτὸν
1695 4392 1762 4452 εἰς

182 4475 455 4538 μαθητείαν,
519 4485 643 4536 πῶς
691 4475 948 4530 ἀνέσπασε
995 4487 1176 4531 τοῦτον
1229 4480 1450 4552 εὐχερῶς
1498 4480 1551 4532 ἐκ
1598 4485 1760 4553 μέσον

184 4576 253 4608 τον
288 4565 546 4631 τελωνίου,
605 4563 818 4640 σφόδρα
857 4565 1193 4642 φιλοκερδοῦς
1238 4575 1326 4620 καὶ
1381 4566 1760 4631 ἀναιδεστάτης

179 4652 452 4714 καπηλείας.
518 4655 779 4706 Talai-am
828 4659 930 4727 γὰρ
987 4659 1118 4726 λέγει
1181 4661 1239 4708 τό
1304 4665 1394 4709 τοῦ
1450 4677 1762 4731 κομμερκια-

179 4740 274 4802 οἱον
303 4743 408 4808 (89)
450 4749 802 4814 πραιτώριον.
847 4745 1022 4807 Δείξας
1055 4742 1114 4797 δὲ
1155 4751 1400 4819 πρότερον
1449 4747 1473 4796 ὁ
1512 4749 1760 4819 Χριστὸς,

181 4825 243 4875 ὃτι
296 4825 518 4882 δύναται
594 4830 803 4902 ἀφιέναι
868 4832 1123 4905 ἁμαρτίας
1197 4839 1312 4886 τότε
1373 4838 1460 4885 καὶ
1527 4832 1610 4886 ἐπὶ
1678 4839 1764 4886 τὸν

239 5005 281 5039 τε
316 5007 492 5064 lare.
531 5025 596 5076 ιι,
648 5008 750 5076 ﬂ;
784 5007 925 5075 Luc,
957 5013 1135 5083 v,‘.27.

1867 495 2001 551 dete
2042 494 2212 558 mihi,
2255 499 2451 550 utrum
2485 499 2570 549 est
2601 493 2832 550 facilius
2861 499 2925 550 ut
2948 510 3128 566 opere
3158 495 3519 566 perﬁciatur,

1867 598 1943 638 an
1979 583 2172 639 dicere
2211 583 2345 647 hoc,
2380 581 2472 637 vel
2506 583 2624 654 (pp)
2659 582 2853 638 dicere
2881 581 3029 638 illud
3056 583 3084 637 ?
3113 583 3292 640 Erant
3319 587 3524 641 autem

1868 673 2050 728 ambo
2073 673 2141 727 de
2163 672 2380 744 quibus
2399 671 2826 741 interrogabat,
2853 671 2972 728 Deo
2997 671 3242 744 quidem
3271 673 3529 744 possibi-

1865 761 1963 829 lia,
1991 761 2333 816 hominibus
2351 775 2490 816 vero
2520 759 2941 831 impossibilia.
2982 763 3130 816 Nam
3159 766 3216 817 et
3231 762 3526 819 remittere

1866 853 2114 921 peccata
2142 848 2326 905 solius
2359 848 2456 904 Dei
2488 852 2632 913 erat,
2667 853 2721 903 et
2749 848 3017 904 similiter
3040 865 3150 906 sua
3179 850 3527 908 auctoritate

1866 937 2091 1008 erigere
2131 953 2203 995 ac
2249 937 2605 992 conﬁrmare
2660 936 3082 1008 paralyticum.
3131 939 3274 994 Cum
3324 944 3526 997 autem

1865 1011 1949 1082 illi
1975 1031 2255 1094 tacerent,
2279 1042 2349 1082 eo
2373 1028 2539 1098 quod
2559 1029 2837 1082 neutrum
2859 1027 3047 1084 altero
3070 1025 3302 1083 facilius
3330 1027 3526 1084 dicere

1868 1118 2160 1186 poterant,
2195 1115 2275 1169 ait
2301 1115 2458 1185 ipse:
3195 1161 3198 1164 .

1939 1205 2095 1258 Vers.
2118 1207 2168 1258 6.
2193 1203 2262 1260 Ut
2282 1233 2351 1242 --
2370 1207 2628 1273 peccata.
2659 1201 2992 1258 Defectivus
3015 1204 3103 1259 est
3125 1202 3221 1259 hic
3241 1202 3526 1276 loquendi

1869 1291 2104 1347 modus.
2141 1290 2346 1346 Deﬁcit
2374 1291 2556 1360 enim,
2588 1290 2890 1360 Respicite.
2941 1293 3030 1356 Ut,
3062 1291 3276 1363 inquit,
3308 1308 3527 1364 cogno-

1867 1379 2068 1444 scatis,
2099 1379 2262 1451 quod
2293 1379 2396 1451 qui
2428 1380 2592 1435 vobis
2632 1383 2879 1450 apparet
2920 1380 3123 1449 homo,
3173 1384 3526 1452 potestatem

1866 1468 2088 1525 habeat
2141 1473 2426 1539 tanquam
2489 1470 2665 1530 Deus,
2723 1467 3014 1538 respicite.
3085 1469 3253 1534 Quod
3323 1473 3523 1526 autem

1867 1557 2146 1614 additur:
2191 1559 2252 1612 in
2307 1561 2484 1620 terra,
2534 1555 2791 1627 simplici
2855 1571 3036 1612 sensu
3092 1557 3373 1628 ponitur:
3421 1562 3526 1615 aut

1867 1646 2026 1702 valet
2077 1644 2446 1701 tantumdem
2496 1659 2566 1700 ac
2632 1644 2679 1698 si
2725 1643 3000 1701 dicatur:
3081 1644 3142 1700 in
3203 1661 3524 1703 conversa-

1793 1750 1836 1805 Β
1867 1735 2027 1790 tione
2056 1750 2236 1806 quam
2264 1733 2448 1789 habet
2487 1732 2547 1788 in
2579 1736 2750 1789 terra.
2788 1732 3031 1790 Dicebat
3059 1733 3259 1807 itaque
3305 1734 3421 1792 hoc
3449 1735 3524 1793 de

1872 1838 2093 1895 seipso.
3045 1867 3048 1870 .

1941 1911 2100 1966 Vers.
2135 1909 2188 1964 6ο
2222 1909 2385 1965 Tum:
2413 1909 2496 1964 ait
2541 1939 2610 1949 —
2639 1910 2700 1964 V.
2735 1913 2788 1964 7.
2823 1923 3012 1967 suam.
3047 1909 3196 1976 Quia
3223 1911 3523 1968 remittere

1869 2002 2114 2072 peccata
2167 1999 2453 2056 latentem
2499 1996 2762 2054 habebat
2789 1997 3404 2065 demonsitrationem,
3444 1999 3525 2056 ad

1869 2087 2214 2158 erigendum
2287 2090 2486 2144 autem
2541 2102 2652 2143 sua
2713 2087 3059 2144 auctoritate
3121 2087 3522 2160 paralyticum

1872 2177 2187 2234 manifesta
2228 2191 2382 2248 opus
2414 2179 2542 2231 erat
2591 2175 3122 2243 demonstratione,
3176 2175 3318 2233 facit
3357 2176 3523 2248 quod

1871 2265 2253 2321 manifestum
2281 2268 2372 2320 est
2412 2263 2474 2318 in
2505 2263 2744 2334 signum
2776 2264 2925 2334 ejus,
2957 2263 3123 2336 quod
3164 2268 3289 2321 erat
3321 2264 3522 2320 occul-

1869 2358 1996 2410 tum
2023 2370 2034 2410 :
2069 2357 2126 2410 et
2167 2368 2273 2424 per
2295 2353 2427 2416 hoc,
2463 2357 2519 2408 et
2550 2367 2656 2423 per
2685 2350 2829 2407 illud
2855 2351 3097 2424 plenam
3129 2352 3269 2410 facit
3314 2350 3522 2420 ﬁdem,

1869 2442 2034 2515 quod
2065 2441 2262 2499 ethoc
2313 2441 2500 2512 possit
2550 2444 2605 2497 et
2648 2439 2814 2496 illud.
2875 2440 2965 2496 Ad
3003 2441 3522 2499 conﬁrmationem

1869 2535 2060 2587 autem
2091 2530 2256 2603 quod
2283 2545 2500 2602 corpus
2530 2529 2842 2585 robustum
2868 2529 3318 2603 relinqueretur,
3339 2531 3526 2601 jussit

1867 2623 1936 2675 ut
1976 2619 2200 2676 tolleret
2227 2618 2548 2690 grabatum
2591 2633 2789 2684 suum,
2836 2633 2912 2674 ne
2954 2618 3336 2690 phantastico
3364 2634 3518 2691 quo-

1867 2708 2010 2764 dam
2053 2707 2227 2764 modo
2255 2707 2382 2763 ﬁeri
2410 2707 2730 2763 videretur-
2758 2706 2994 2764 Dimittit
3036 2707 3218 2763 etiam
3258 2706 3426 2762 illum
3458 2707 3522 2764 in

1865 2797 2117 2853 domum
2148 2811 2320 2852 suam
2346 2811 2358 2850 :
2389 2799 2515 2850 tum
2554 2811 2629 2850 ne
2654 2809 2922 2867 praesens
2966 2811 3036 2851 ac
3065 2795 3245 2865 visus,
3276 2793 3516 2851 laudem

1865 2885 1978 2940 sibi
2005 2884 2364 2947 conciliaret,
2392 2887 2518 2939 tum
2545 2884 2720 2940 etiam
2748 2889 2814 2939 ut
2837 2883 3106 2940 sanitatis
3134 2887 3310 2940 testes
3339 2882 3522 2940 habe-

1865 2979 1974 3044 ret,
2023 2974 2243 3045 quibus
2298 2972 2624 3028 contradici
2676 2988 2796 3028 non
2844 2977 3067 3045 posset,
3108 2972 3273 3045 ipsos
3309 2987 3522 3045 nempe

1790 3097 1830 3153 C
1866 3062 1970 3153 qui
2001 3061 2196 3118 morbi
2222 3064 2393 3117 testes
2414 3065 2602 3127 erant,
2624 3065 2807 3135 utque
2835 3062 2980 3134 ipsis
2999 3061 3137 3118 ﬁdei
3158 3061 3328 3119 ﬁeret
3355 3076 3527 3120 occa-

1870 3166 1980 3206 810.

1938 3239 2102 3295 Vers.
2129 3241 2179 3294 8.
2202 3239 2348 3294 Cum
2370 3237 2650 3294 vidissent
2670 3269 2740 3278 —
2761 3238 3112 3295 hominibus.
3136 3237 3527 3294 Admiraban-

1868 3331 1962 3384 tur
1989 3326 2247 3400 quidem,
2275 3324 2440 3398 quod
2471 3324 2639 3396 quasi
2672 3328 2826 3381 Deus
2853 3323 3522 3396 miraculum'operatus

1868 3419 1995 3472 erat
2026 3434 2038 3474 :
2071 3414 2378 3470 hominem
2409 3417 2608 3470 tamen
2639 3429 2779 3470 eum
2809 3428 2933 3469 esse
2958 3411 3379 3484 opinabantur,
3410 3411 3522 3468 ha-

1867 3505 2109 3561 bentem
2139 3506 2492 3575 potestatem
2519 3516 2700 3574 super
2725 3501 3054 3558 hominem.

2153 3594 2304 3650 CAP.
2335 3592 2466 3649 XIV.
2495 3592 2571 3649 De
2594 3592 2871 3649 Matt/tceo
2897 3592 3237 3662 publicano.

1938 3685 2098 3738 Vers.
2131 3685 2182 3738 9.
2206 3681 2289 3737 Et
2315 3712 2384 3722 —
2413 3695 2646 3752 sequere
2673 3695 2783 3738 me.
2801 3679 3249 3747 —Praateriens,
3272 3677 3390 3736 hoc
3414 3683 3522 3746 est,

1867 3786 2139 3844 pergens.
2173 3770 2496 3826 Considera
2521 3773 2715 3826 autem
2747 3768 3175 3840 evangelistam
3214 3768 3526 3840 quomodo

1867 3875 1990 3917 non
2019 3860 2316 3916 erubuerit
2339 3858 2419 3915 ob
2439 3859 2698 3931 priorem
2727 3857 2911 3913 vitam
2937 3873 3131 3914 suam.
3155 3857 3271 3914 Sed
3292 3859 3527 3914 Marcus

1867 3950 2110 4022 quidem
2141 3955 2198 4005 et
2222 3951 2407 4005 Lucas
2436 3951 2508 4017 ⁷⁵,
2557 3947 2633 4003 ob
2657 3947 3058 4019 condiscipuli
3106 3947 3522 4004 reverentiam.

1869 4040 2381 4109 praetermittentes
2456 4036 2834 4094 manifestum
2888 4036 3015 4106 ejus
3080 4050 3326 4105 nomen,
3382 4037 3522 4093 Levi

1867 4128 2026 4182 hunc
2071 4129 2450 4190 vocaverunt,
2507 4125 2590 4180 sic
2619 4125 2780 4181 enim
2825 4125 3006 4181 etiam
3060 4123 3520 4196 appellabatur;

1867 4217 1990 4288 ipse
2017 4231 2159 4271 vero
2189 4219 2386 4286 aperte
2438 4213 2704 4285 seipsum
2753 4212 3146 4285 publicanum
3171 4211 3407 4269 fatetur.
3444 4213 3527 4268 Si-

1869 4304 2113 4377 quidem
2138 4317 2334 4374 neque
2362 4303 2657 4357 Christum
2687 4300 2816 4371 ejus
2840 4299 3078 4371 puduit.
3112 4298 3296 4355 Simul
3323 4302 3526 4355 autem

1868 4394 2008 4448 hinc
2028 4391 2180 4447 illius
2201 4389 2458 4446 ostendit
2472 4389 2759 4453 virtutem,
2783 4387 2885 4459 qui
2915 4401 2980 4442 se
3002 4386 3078 4442 ad
3091 4385 3519 4456 discipulatum

1871 4481 2106 4537 vocavit
2135 4497 2147 4532 :
2181 4493 2364 4550 quam
2381 4476 2550 4532 facile
2567 4492 2598 4532 e
2625 4473 2826 4532 medio
2848 4473 3068 4529 telonio
3089 4472 3237 4528 lucri
3257 4471 3520 4530 maxime

1873 4568 2082 4625 avidos
2095 4583 2165 4623 ac
2181 4565 2692 4639 impudentissime
2709 4569 3123 4635 cauponantes
3133 4560 3518 4620 abstraxerit.

1871 4658 2175 4714 Telonium
2201 4672 2338 4712 vero
2367 4653 2509 4711 dicit
2533 4654 2713 4725 hujus
2744 4650 3170 4708 commerciarii
3198 4652 3287 4722 (ut
3331 4651 3410 4708 ita
3435 4651 3529 4707 lo-

1873 4746 2146 4818 quamur)
2172 4745 2508 4818 praetorium
2529 4748 2632 4801 aut
2655 4743 2932 4799 domum.
2960 4742 3107 4799 Cum
3129 4744 3328 4797 autem
3358 4739 3529 4813 prius

1876 4834 2239 4892 ostendisset
2319 4833 2600 4900 Christus,
2685 4830 2852 4905 quod
2919 4835 3167 4904 peccata
3233 4831 3530 4889 remittere

1349 5134 1565 5204 Variae
1612 5135 1938 5203 lectiones
1971 5141 2038 5203 et
2084 5143 2261 5203 notae

203 5313 212 5323 .
239 5248 345 5312 (87)
377 5249 415 5304 ί.
451 5249 802 5324 θηᾶρ-τιμελῆ
837 5257 1100 5324 ποιῆσαι,
1127 5250 1430 5323 πσφῖγξαι.
1478 5253 1768 5324 Frequen-

181 5319 283 5396 tius
302 5319 819 5396 occari-it'dzp-rigw,
854 5337 1038 5393 quam
1078 5319 1287 5396 ἁρτιόὼ.

243 5389 344 5458 (88)
373 5392 412 5447 i.
443 5410 497 5449 ε.
529 5389 663 5454 τοὺς
701 5389 920 5454 οἰχείοῦς
947 5398 1036 5445 καὶ
1067 5389 1358 5465 σὺγγενείς.

246 5566 362 5642 (pp)
387 5570 860 5644 Factu‘facilius,
891 5575 1088 5628 utrum
1120 5570 1311 5629 dicere
1336 5570 1471 5637 hoc,
1504 5587 1601 5629 an.

1949 5251 2430 5325 (89)_3toppspxiou,
2470 5250 2540 5325 ᾼ,
2571 5247 2747 5325 male.
2777 5246 2997 5325 Eadem
3023 5262 3143 5304 vox
3174 5260 3360 5325 supra
3386 5243 3526 5314 legi-

1877 5317 1974 5376 tur
2017 5317 2300 5377 adMattli.
2362 5336 2419 5386 v,
2475 5322 2567 5388 46,
2620 5318 2725 5376 ubi
2786 5319 3008 5384 τελώνης
3061 5317 3339 5391 explicat,
3395 5333 3522 5389 κομ-

1877 5394 2194 5468 μερκιάριος.
