3990 6206
471 258 576 320 307

1790 256 2134 316 EUTHYMII
2174 259 2473 317 ZIGABEN
2484 265 2500 317 l

3714 263 3819 321 308

472 386 699 464 posset,
725 385 868 441 tunc
899 383 1076 442 etiam
1107 382 1184 440 ad
1229 383 1613 456 publicanum
1667 383 1846 449 venit,
1894 398 1969 439 ne
2007 387 2116 440 tur-

2239 385 2448 443 τελώνην
2501 389 2733 461 ἔρχεται,
2781 388 2863 439 ἶνα
2914 392 2985 459 μὴ
3042 386 3359 441 θοτυϐῶνταί
3413 407 3562 452 τινες,
3608 387 3819 461 βλέπον-

472 478 691 536 bentur
722 475 919 548 aliqui,
952 474 1220 529 videntes
1250 489 1389 529 eum
1423 473 1730 545 discipulis
1763 488 2128 529 annumera-

474 571 623 639 tum,
658 565 767 623 sed
795 562 1051 633 cogitent
1080 562 1301 634 potius,
1334 562 1499 633 quod
1527 561 1629 634 qui
1661 561 1834 618 solvit
1870 561 2127 617 aliorum

473 659 737 727 peccata,
772 652 959 708 multo
990 650 1181 719 magis
1209 665 1455 706 suorum
1480 655 1728 723 peccata
1758 649 2029 706 absolvit.

543 745 585 813 -ι-
626 746 929 813 Tanquam
957 738 1031 794 de
1061 740 1250 795 altero
1278 742 1503 806 narrat,
1525 755 1662 811 quas
1686 739 1845 794 circa
1866 755 1927 794 sc
1949 737 2128 793 conti-

473 834 687 901 gerunt
733 828 1085 901 jactantiam
1142 826 1500 883 abhorrens:
1556 842 1777 898 magna
1832 826 2127 898 siquidem

469 918 651 977 laude
703 918 923 990 dignus
976 920 1121 983 erat,
1179 916 1345 987 quod
1402 915 1684 972 continuo
1746 920 1985 972 secutus
2041 918 2131 972 est

474 1023 631 1064 eum.

546 1099 712 1153 Vers.
746 1098 799 1151 9.
838 1095 919 1149 At
976 1094 1083 1149 ille
1133 1123 1201 1133 —
1255 1108 1400 1149 eum.
1442 1092 1752 1148 Admirare
1806 1093 2129 1164 perfectam

477 1187 607 1257 ejus
628 1185 731 1257 qui
754 1188 1003 1240 vocatus
1020 1186 1128 1248 est,
1155 1181 1548 1238 obedientiam
1575 1201 1586 1240 :
1612 1182 1914 1253 quomodo
1934 1196 2130 1253 neque

476 1274 834 1331 consultavit
860 1272 1020 1344 apud
1046 1287 1129 1339 se,
1163 1271 1468 1342 quomodo
1498 1270 1727 1325 nullum
1767 1285 1944 1341 super
1973 1285 2044 1325 ea
2071 1286 2131 1326 re

474 1361 775 1420 consuluit
818 1361 1101 1426 amicum,
1157 1359 1466 1431 quomodo
1510 1375 1631 1414 non
1672 1359 1969 1430 disposuit
2005 1375 2131 1430 quas

472 1453 693 1508 domus
718 1453 898 1521 atque
930 1448 1281 1505 substantias
1322 1463 1439 1502 sum
1462 1453 1662 1512 erant;
1690 1448 1795 1502 sed
1820 1446 2130 1503 confestim

473 1554 739 1611 surgens,
805 1540 1047 1594 secutus
1096 1540 1203 1603 est,
1276 1534 1480 1592 relicto
1537 1536 1811 1591 universo
1866 1535 2128 1591 mundo:

472 1628 666 1686 solam
695 1630 893 1683 autem
928 1624 1179 1681 adduxit
1207 1629 1468 1680 mentem
1499 1624 1576 1679 ad
1607 1624 1811 1680 omnia
1838 1628 2127 1695 paratam,

2234 495 2315 535 τες
2360 475 2512 527 αὐτόν
2556 482 2661 535 τοῖς
2719 478 2981 547 μαθηταῖς
3021 476 3347 551 ἐναρίθμιον·
3401 477 3504 529 ἀλλ’
3560 481 3640 529 ἱνα
3675 478 3820 547 λογί-

2236 564 2447 628 ζωνται,
2516 566 2594 615 ὅτι
2670 567 2695 615 ό
2749 564 2925 638 ἑτέρων
3000 566 3353 638 ἁμαρτήματα
3417 566 3566 632 λύων,
3653 567 3820 637 πολλῷ

2233 652 2421 721 μᾶλλον
2446 652 2593 704 ἔλυσε
2619 656 2682 704 τά
2719 662 2810 705 τοῦ
2838 656 3095 724 μαθητοῦ.

2310 740 2418 813 [Ὠς
2452 742 2566 813 (90)
2597 747 2715 813 περὶ
2758 742 2929 816 ἐτέρου
2967 740 3026 796 δε
3052 746 3117 796 τὰ
3146 750 3264 820 περὶ
3306 743 3488 796 ἑαυτοῦ
3537 741 3822 815 διηγεῖται,

2236 835 2460 904 στέργων
2504 834 2560 882 τό
2613 830 2948 903 ἀκόμπαστον
2982 852 2995 865 ⁸
3046 837 3181 906 μέγα
3225 835 3325 909 ’γὰρ
3372 832 3627 901 ἐποίησεν,
3671 834 3824 897 εὐθὺς

2236 918 2597 982 ἀκολουθήσας
2625 920 2789 991 αὐτῷ.

2304 1092 2361 1145 Ὀ
2411 1091 2469 1145 δε
2511 1126 2578 1134 --
2633 1095 2792 1166 αὐτῷ.
2849 1099 3131 1169 Θαύμασον
3180 1102 3273 1155 τὴν
3324 1097 3515 1150 τελείαν
3557 1106 3646 1151 τοῦ
3690 1099 3821 1157 κλη-

2238 1184 2407 1245 θέντος
2443 1184 2695 1249 ὑπακοὴν,
2746 1194 2849 1246 πῶς
2901 1186 2958 1237 οὐ
3008 1183 3343 1257 διεσκέψατο,
3395 1198 3504 1247 πῶς
3564 1188 3658 1239 οὐκ
3714 1186 3823 1240 ἀνε-

2234 1277 2523 1325 κοινώσατο
2576 1279 2693 1344 περὶ
2739 1277 2924 1327 τούτου
2978 1274 3159 1346 φίλοις,
3216 1284 3324 1336 πῶς
3371 1275 3428 1327 οὐ
3478 1272 3710 1346 διῴκησε
3757 1279 3825 1329 τὰ

2236 1364 2368 1411 κατά
2406 1364 2490 1412 τόν
2535 1359 2672 1413 οἷκον
2715 1368 2801 1416 καὶ
2846 1367 2938 1421 τὴν
2970 1364 3151 1415 οὐσίαν
3181 1385 3193 1396 ·
3222 1362 3325 1415 ἀλλ’
3377 1365 3555 1425 εὐθέως
3598 1364 3825 1429 ἀναστὰς

2236 1449 2577 1519 ἠκολούθησε,
2623 1453 2792 1503 πάντα
2828 1456 2918 1523 μὶν
2956 1457 3041 1504 τόν
3084 1457 3277 1524 κόσμον
3328 1451 3611 1520 ἀπολιπών,
3661 1460 3823 1526 μόνην

2237 1534 2295 1590 δὲ
2350 1543 2441 1596 τὴν
2499 1546 2708 1611 γνώμην
2779 1539 3089 1613 ἐπαγόμενος
3152 1546 3642 1614 παρεσκευασμένην
3699 1548 3825 1617 πρὸς

2236 1629 2299 1678 τὰ
2348 1626 2650 1699 κελευόμενα
2696 1632 2838 1701 παρὰ
2887 1638 2976 1682 τοῦ
3030 1628 3357 1702 καλέσαντος,
3410 1631 3462 1683 ὃν
3508 1635 3693 1703 τρόπον
3733 1638 3823 1684 καὶ

470 1732 606 1790 qum
618 1717 639 1787 j
650 1716 895 1771 ussisset
907 1713 956 1769 is
971 1714 1073 1787 qui
1085 1728 1225 1771 eum
1242 1716 1580 1777 vocaverat,
1603 1712 1757 1768 sicut
1771 1716 1827 1769 et
1844 1711 1941 1784 qui
1953 1718 2116 1768 antea

2239 1718 2284 1768 οἱ
2315 1716 2424 1786 (91)
2456 1716 2648 1791 προκλη
2660 1719 2839 1781 θέντες.

470 1804 669 1863 vocati
690 1803 944 1860 fuerant.

540 1896 757 1949 Verum
794 1906 983 1963 quam
1023 1889 1104 1946 ob
1151 1903 1401 1945 causam
1442 1887 1517 1944 de
1564 1888 1737 1944 Petro
1771 1890 1828 1943 et
1868 1887 2123 1956 Andrea,

468 1980 715 2046 Iacobo,
780 1981 1008 2035 Joanne
1076 1993 1148 2033 ac
1204 1976 1494 2045 Matthaao,
1562 1992 1686 2032 non
1746 1976 1942 2032 solum
1997 1978 2125 2049 ipse

470 2068 794 2131 Mattheus,
842 2067 949 2121 sed
1002 2074 1059 2120 et
1106 2068 1335 2122 Marcus
1388 2080 1459 2120 ac
1500 2066 1684 2120 Lucas
1738 2066 2120 2135 scripserunt,

468 2157 627 2212 unde
652 2161 709 2212 et
731 2154 1040 2228 quomodo
1054 2155 1254 2212 vocati
1275 2157 1431 2219 sunt,
1449 2153 1523 2208 de
1539 2152 1776 2221 reliquis
1793 2168 1934 2208 vero
1948 2153 2125 2209 disci-

466 2245 621 2318 pulis
665 2244 813 2300 nihil
841 2243 955 2299 tale
984 2243 1363 2299 docuerunt?
1390 2242 1535 2307 Quia
1559 2242 1620 2297 hi
1650 2244 1800 2297 inter
1845 2241 1992 2297 alios
2021 2242 2123 2298 ab-

460 2333 789 2405 jectissima
843 2332 1148 2388 habebant
1198 2332 1335 2385 vitas
1381 2331 1910 2402 1nstituta;neque
1963 2331 2119 2386 enim

464 2421 778 2494 quidpiam
800 2421 975 2492 pejus
1002 2419 1345 2492 publicano,
1373 2434 1567 2490 neque
1596 2418 1771 2474 vilius
1798 2418 2117 2490 piscatore.

462 2512 709 2582 Propter
738 2510 899 2583 quod
942 2510 1120 2565 etiam
1149 2508 1521 2578 evangelista
1560 2508 1618 2563 in
1662 2508 1945 2563 omnibus
2000 2508 2119 2564 ﬁde

459 2599 625 2671 digni
653 2598 969 2663 habentur,
1020 2598 1165 2670 quia
1206 2612 1402 2669 neque
1432 2612 1504 2653 ea
1538 2612 1674 2669 quae
1704 2596 1985 2668 probrum
2029 2596 2118 2653 af-

458 2687 610 2746 ferre
643 2687 1001 2743 videbantur
1029 2686 1557 2759 praetermiserunt,
1589 2700 1700 2740 nec
1727 2685 1789 2739 id
1817 2684 2014 2741 solum
2041 2685 2116 2741 de

459 2776 788 2849 discipulis,
810 2792 1019 2832 verum
1042 2776 1221 2832 etiam
1242 2775 1316 2831 de
1334 2778 1698 2846 praaceptore
1720 2773 1967 2829 faciunt.
1993 2775 2116 2830 Sta-

457 2866 564 2921 tim
596 2866 716 2938 (qq)
760 2880 1025 2938 namque
1068 2864 1331 2937 plurima
1371 2862 1738 2934 reliquerunt
1784 2861 2110 2918 miracula:

456 2954 604 3010 nihil
630 2958 824 3010 autem
856 2954 929 3009 de
955 2953 1048 3008 his
1074 2969 1205 3025 quas
1226 2967 1440 3024 passus
1471 2955 1561 3007 est
1586 2950 2108 3022 praetermiserunt:

2307 1892 2462 1945 Ἀλλὰ
2528 1900 2665 1955 τίνος
2735 1898 2891 1949 ἕνεκεν
2942 1900 3060 1969 περὶ
3136 1902 3329 1972 Πέτρου
3409 1901 3518 1970 μεν,
3584 1904 3673 1951 καὶ
3728 1906 3823 1953 Αν-

2234 1978 2410 2057 δρέου,
2458 1988 2547 2035 καὶ
2598 1984 2864 2050 Ἰακώϐου,
2911 1990 3001 2038 καὶ
3064 1987 3316 2050 Ἰωάννου,
3383 1992 3470 2038 καὶ
3521 1989 3820 2053 Ματθαίου,

2232 2071 2290 2122 οὐ
2342 2076 2493 2143 μόνον
2551 2073 2701 2133 αὐτὸς
2748 2076 2772 2125 ὁ
2813 2076 3100 2139 Ματθαίος,
3155 2074 3281 2127 ἀλλά
3318 2080 3407 2127 καὶ
3460 2078 3671 2147 Μάρκος
3730 2080 3825 2127 καὶ

2232 2166 2435 2220 Λουκᾶς
2490 2162 2878 2234 ἔγραψαν,πῶς
2930 2167 3017 2213 καὶ
3062 2169 3179 2215 τίνα
3229 2168 3414 2238 τρόπον
3480 2163 3819 2221 ἐκλήθησαν·

2230 2254 2347 2321 περὶ
2402 2246 2459 2301 δὲ
2503 2259 2601 2301 τῶν
2656 2251 2816 2301 ἄλλων
2870 2254 3114 2323 μαθητῶν
3161 2250 3311 2304 οὐδὲν
3357 2260 3585 2304 τοιοῦτον
3634 2250 3823 2304 ἐδίδα-

2232 2338 2370 2402 ξαν;
2410 2343 2551 2390 Διότι
2596 2339 2824 2409 μάλιστα
2863 2349 2960 2391 τῶν
3006 2341 3167 2392 ἄλλων
3221 2341 3363 2393 οὗτοι
3403 2338 3536 2398 ἦσαν
3581 2341 3630 2392 ἐν
3684 2341 3822 2394 ἀπσ-

2230 2424 2439 2488 ϐλητοις
2503 2425 2934 2500 ἐπιτηδεύμασιν.
2996 2433 3128 2482 Οὔτε
3177 2432 3277 2501 γὰρ
3337 2430 3550 2481 τελώνου
3603 2450 3655 2481 τι
3701 2439 3823 2501 χεῐο

2227 2534 2336 2586 ρον,
2395 2519 2510 2567 οὔτε
2558 2516 2737 2578 ἁλιέως
2798 2518 3162 2590 εὐτελέστερον.
3221 2522 3306 2570 Διὸ
3372 2524 3462 2570 καὶ
3522 2518 3712 2591 μᾶλλον
3774 2523 3825 2570 οἱ

2227 2604 2587 2675 εὐαγγελισταὶ
2630 2610 2687 2656 τὸ
2744 2604 3045 2667 ἀξιόπιστον
3098 2606 3147 2658 ἓν
3200 2607 3393 2659 ἅπασιν
3451 2610 3684 2677 ἔχουσιν,
3740 2610 3824 2659 ὅτι

2226 2689 2348 2744 οὐδε
2413 2696 2476 2744 τά
2544 2691 2797 2746 δοκοῦντα
2878 2698 3042 2767 φέρειν
3118 2703 3227 2757 τοῖς
3294 2698 3554 2767 μαθηταῖς
3619 2692 3824 2757 ὄνειδος

2224 2780 2633 2854 παρελίμπανον,
2696 2787 2795 2835 Καὶ
2850 2783 2943 2834 οὐκ
3015 2782 3097 2835 ἐπὶ
3164 2792 3263 2836 τῶν
3330 2787 3571 2856 μαθητῶν
3637 2790 3821 2856 μόνον,

2224 2866 2353 2920 ἀλλά
2377 2872 2465 2921 καὶ
2496 2869 2577 2922 ἐπὶ
2608 2879 2697 2921 τοῦ
2748 2867 3077 2923 διδασκάλου
3115 2880 3267 2924 τοῦτο
3309 2881 3570 2928 ποιοῦσιν,
3613 2873 3825 2926 Αὐτίκα

2222 2965 2345 3026 γοῦν
2398 2958 2559 3011 πολλά
2610 2963 2698 3030 μεν
2755 2968 2853 3011 τῶν
2907 2962 3181 3031 θαυμάτων
3238 2962 3397 3013 αὐτοῦ
3454 2958 3821 3035 παρέδραμον,

456 3057 597 3098 cum
630 3043 705 3098 de
744 3042 1052 3115 discipulis
1081 3041 1445 3097 ostenderint
1492 3040 1656 3112 quod
1687 3040 1839 3095 adeo
1871 3039 2108 3111 ahjecli,

2239 3044 2373 3099 ὠδὶν
2434 3045 2493 3099 δὲ
2544 3055 2642 3098 τῶν
2699 3050 3019 3120 παθημάτων
3088 3049 3248 3101 αὑτοῦ
3320 3049 3619 3123 παρέλιπον,
3702 3048 3821 3103 δει-

457 3134 623 3187 tanta
674 3130 867 3203 gratia
932 3130 1097 3200 digni
1149 3128 1335 3185 habiti
1394 3134 1571 3187 sunt:
1627 3129 1701 3184 de
1758 3135 2112 3201 praeceptore

454 3233 613 3287 vero,
654 3218 838 3292 quod,
892 3233 1031 3275 cum
1070 3222 1275 3275 tantus
1328 3221 1502 3283 esset,
1546 3216 1686 3274 talia
1719 3222 1960 3290 propter
1996 3234 2110 3274 nos

453 3322 671 3381 passus
704 3307 801 3365 sit.

526 3399 691 3455 Vers.
739 3400 827 3453 10.
858 3397 935 3453 Et
981 3397 1213 3467 factum
1248 3425 1318 3437 ——
1357 3396 1503 3465 ejus.
1556 3395 1799 3451 Intuitus
1851 3393 2111 3449 Christus

456 3485 919 3542 sincerissimam
960 3500 1031 3540 ac
1062 3482 1569 3555 promptissimam
1607 3483 1790 3552 hujus
1833 3482 2111 3537 obedien-

453 3574 597 3630 tiam
618 3573 846 3629 accedit
867 3576 931 3627 ut
952 3576 1008 3627 et
1025 3571 1192 3627 illum
1219 3571 1493 3638 honoret,
1512 3574 1569 3625 et
1584 3585 1645 3625 se
1662 3570 1742 3625 illi
1760 3569 2109 3625 familiarem

452 3661 725 3734 prabens
754 3661 1055 3731 libereque
1099 3658 1383 3726 tribuens,
1430 3659 1524 3714 his
1576 3660 1675 3730 qui
1714 3674 1784 3713 eo
1829 3647 2114 3713 venerant

452 3748 718 3819 aliquam
756 3746 1175 3804 correctionem
1227 3746 1440 3803 tradat.
1499 3746 1595 3801 Ille
1638 3750 1837 3802 autem
1885 3750 2112 3802 tantum

452 3840 764 3892 assecutus
792 3835 1043 3899 bonum,
1095 3832 1392 3889 liberalior
1433 3832 1701 3898 efficitur,
1730 3838 1788 3889 et
1830 3832 1982 3889 sicut
2032 3833 2113 3889 ait

454 3925 714 3989 Lucas",
748 3923 880 3978 fecit
906 3922 956 3978 ei
983 3921 1329 3977 convivium
1363 3936 1649 3993 magnum
1680 3921 1741 3978 in
1769 3922 1948 3977 domo
1979 3936 2110 3986 sua,

456 4012 522 4069 id
550 4018 639 4068 est
667 4011 1003 4069 ofﬁciosum
1036 4009 1296 4082 epulum.

524 4190 884 4247 Publicanos
902 4203 1043 4245 vero
1065 4187 1326 4260 appellat
1344 4186 1526 4244 etiam
1544 4189 1909 4259 peccatores,
1928 4202 2113 4260 prop-

454 4284 543 4338 ter
565 4279 1057 4337 obtrectationem
1081 4293 1203 4349 qua
1234 4276 1390 4333 male
1420 4276 1782 4343 audiebant;
1810 4276 1921 4348 ipsi
1952 4276 2111 4332 enim

455 4369 825 4427 calumniam
859 4366 1257 4432 sustinebant,
1292 4370 1585 4438 tanquam
1620 4365 1823 4435 injusti
1853 4370 1910 4421 et
1947 4364 2111 4421 avari

458 4475 531 4516 ac
584 4463 880 4531 raptores,
927 4456 1216 4529 omnique
1274 4454 1682 4528 compassione
1732 4458 1999 4510 carentes
2059 4457 2115 4508 et

458 4547 855 4618 impudentes.
919 4548 1033 4602 Aut
1080 4544 1358 4601 fortassis
1401 4549 1459 4601 et
1506 4543 1606 4599 alii
1653 4543 1901 4615 quidam
1946 4544 2113 4598 erant

457 4633 754 4691 nobiliora
778 4634 1023 4706 quidem
1064 4634 1200 4690 vita
1236 4633 1503 4689 instituta
1549 4632 1853 4697 habentes,
1888 4631 2113 4685 eisdem

460 4726 661 4779 tamen
673 4721 914 4779 obnoxii
932 4721 1242 4779 affectibus
1266 4741 1278 4782 :
1300 4738 1440 4780 nam
1462 4720 1639 4777 simile
1658 4736 1766 4777 suo
1778 4718 2115 4790 congaudet

463 4809 668 4866 simili.

533 4902 601 4956 Et
626 4898 737 4956 hos
781 4914 925 4971 ergo
974 4899 1279 4958 Mattheus
1314 4899 1580 4957 convivio
1613 4899 1861 4971 accepit,
1912 4902 2116 4971 utpote

534 5053 582 5089 ⁷⁸
612 5053 752 5108 Luc.
783 5067 842 5119 v,
872 5050 965 5107 29.

2224 3142 2423 3195 κνῡντες
2471 3140 2587 3208 περὶ
2626 3139 2715 3207 μεν
2759 3145 2856 3187 τῶν
2909 3139 3175 3209 μαθητῶν,
3224 3139 3391 3190 ὁποῖοι
3438 3142 3573 3199 ὄντες
3632 3141 3821 3199 ὁποίας

2224 3225 2441 3295 χάριτος
2480 3224 2779 3285 ἠξιώθησαν
2805 3246 2817 3258 ι
2847 3230 2963 3299 περὶ
3008 3222 3066 3277 δί
3109 3233 3200 3277 τοῦ
3238 3222 3589 3293 διδασκάλου,
3639 3227 3823 3289 ὁποῖος

2225 3313 2291 3362 ὡν
2325 3313 2478 3364 όπόῐα
2508 3315 2721 3365 πέπονθε
2753 3309 2824 3364 δι’
2854 3315 3010 3385 ἡμᾶς,

2299 3405 2399 3453 Καὶ
2448 3400 2640 3470 ἐγένετο
2697 3432 2763 3440 -
2817 3402 2992 3455 αὑτοῦ.
3054 3398 3204 3455 Ἰδών
3241 3402 3267 3454 ό
3317 3410 3547 3475 Χριστος
3594 3406 3691 3459 τὴν
3749 3402 3822 3455 εἰ-

2224 3487 2615 3559 λικρινεστάτην
2692 3490 2923 3546 ὑπακοὴν
2994 3493 3179 3542 τούτου
3227 3494 3315 3541 καὶ
3369 3493 3681 3564 προθυμίαν,
3736 3491 3824 3542 ἐπὶ

2225 3580 2317 3632 την
2375 3577 2541 3628 οἰκίαν
2594 3577 2753 3629 αὐτοῦ
2803 3580 3166 3650 πάραγίνεται,
3215 3586 3375 3649 τιμῶν
3436 3598 3489 3630 τε
3535 3579 3691 3629 αὑτὸν
3732 3585 3825 3631 καὶ

2225 3664 2582 3735 οἰκειούμενος,
2628 3670 2717 3717 καὶ
2754 3666 3048 3740 παρρησίας
3092 3663 3430 3738 μεταδιδοὺς,
3472 3672 3560 3719 καὶ
3604 3670 3688 3719 ἶνα
3731 3672 3821 3718 καὶ

2222 3759 2331 3813 τοῖς
2366 3752 2464 3804 ἐκεῖ
2490 3757 2745 3827 παράσχῃ
2777 3758 2891 3806 τινά
2927 3752 3209 3828 διόρθωσιν
3240 3774 3252 3785 '
3286 3756 3439 3815 αὐτὸς
3470 3752 3550 3824 δὲ,
3579 3759 3825 3807 τοιουτου

2220 3846 2396 3911 τυχὼν
2439 3841 2658 3912 ἀγαθοῦ,
2698 3844 3079 3917 φιλοτιμότερον
3120 3840 3448 3915 aur/siparum,
3491 3848 3601 3911 καὶ,
3650 3847 3828 3903 καθώς

2223 3950 2379 4001 φησιν
2449 3933 2474 3981 ό
2550 3937 2777 4000 Λουκᾶς,
2854 3930 3065 3989 ἐποίησε
3128 3930 3300 4003 δοχὴν
3375 3933 3605 4004 μεγάλην
3677 3934 3827 4004 αὐτῷ

2222 4020 2272 4071 ἐν
2307 4028 2368 4091 τῇ
2420 4020 2560 4091 οἰκίᾳ
2604 4020 2782 4089 αὑτοῦ,
2831 4025 3116 4088 τουτέστιν,
3166 4018 3465 4092 ὑποδοχὴν,
3519 4024 3824 4094 θεραπείαν,

2223 4109 2477 4163 ἑστίασιν.

2292 4196 2519 4258 Τελώνας
2578 4194 2635 4249 δε
2706 4203 2795 4249 καὶ
2857 4198 3192 4272 ἁμαρτωλοὺς
3236 4201 3357 4259 τοὺς
3412 4198 3599 4259 αὐτοὺς
3659 4198 3828 4267 λέγει,

2225 4288 2345 4358 πρὸς
2385 4282 2678 4357 διασυρμόν
2724 4286 2911 4340 αὐτῶν.
2955 4286 3280 4345 Διεϐέϐληντο
3326 4289 3451 4361 γὰρ,
3492 4290 3563 4349 ὡς
3600 4284 3823 4344 ἄδικοι,

2222 4378 2309 4425 καὶ
2363 4373 2669 4444 πλεονέκται,
2725 4380 2810 4427 xui
2865 4376 3114 4447 ἅρπαγες,
3173 4381 3261 4427 καὶ
3322 4374 3669 4447 ἀσυμπαθεῖς,
3726 4382 3833 4428 καὶ

2225 4459 2449 4522 ἀναιδεῖς
2480 4480 2492 4493 ·
2551 4464 2579 4521 ἦ
2640 4468 2729 4514 καὶ
2770 4463 2911 4515 ἄλλοι
2969 4467 3101 4523 τινες
3149 4460 3303 4531 ἦσαν,
3354 4467 3478 4524 ἴσως
3530 4466 3679 4538 ἔτερα
3726 4470 3832 4537 μὶν

2223 4547 2613 4623 ἐπιτηδευματα
2666 4554 2893 4623 ἔχοντες,
2951 4559 3053 4611 τοῖς
3103 4552 3281 4612 αὐτοῖς
3339 4548 3397 4603 δε
3459 4555 3679 4605 πάθεσιν
3737 4554 3834 4606 ἰν-

2226 4643 2480 4711 εχόμενοι.
2513 4647 2595 4709 Τῷ
2628 4643 2729 4713 γὰρ
2752 4642 2911 4711 ὁμοίῳ
2942 4644 3122 4715 χαίρει
3147 4643 3205 4692 τό
3232 4641 3426 4712 ὅμοιον.

2297 4894 2557 4970 ιῐαρίλαϐε
2601 4896 2701 4969 ’γὰρ
2754 4900 2840 4949 καὶ
2898 4897 3104 4955 τούτους
3165 4894 3237 4955 εἰς
3285 4894 3526 4949 ἑστίασιν
3575 4898 3600 4948 ό
3668 4905 3836 4951 Ματ-

1658 5144 1884 5213 Varize
1931 5143 2258 5213 lectiones
2288 5153 2354 5211 ct
2384 5153 2565 5213 notia

468 5390 479 5402 _
530 5319 649 5447 ρο)
677 5316 1079 5400 Ηωσιιιειηιιο
1097 5314 1283 5398 codex_
1298 5314 1359 5371 in
1381 5314 1646 5387 margine
1666 5313 1865 5372 habet.
1896 5314 2116 5371 Eadem

468 5405 525 5447 in
554 5405 711 5447 erlus
742 5387 1015 5446 enbebat
1042 5388 1381 5444 Hentenius.

464 5387 711 5447 inferius
742 5387 1015 5446 exibeba’t
1042 5387 1381 5444 Hentenius.

537 5541 661 5617 (dd)
690 5540 933 5613 Δῦτίκα,,
956 5555 1079 5599 non
1102 5542 1209 5614 est,
1241 5540 1459 5612 statim,
1496 5539 1621 5605 sed,
1653 5541 1907 5612 exempli
1935 5540 2136 5598 cdusa.

2299 5314 2410 5387 (91)
2443 5315 2510 5381 οἱ,
2543 5313 2711 5370 abest
2736 5314 2793 5369 Β.
