3990 6206
226 287 302 343 309

1116 289 1484 346 COMMENT.
1527 287 1596 342 IN
1631 285 2076 344 MATTH/EUM.
2115 317 2186 330 --
2225 286 2380 342 CAP.
2421 287 2520 345 IX.

3393 287 3500 344 3t0

225 417 347 478 δαῖος,
396 419 784 477 κοινωνήσοντας
839 415 978 486 αὐτῷ
1026 424 1117 476 τῆς
1173 422 1368 488 χαρᾶς,
1427 419 1492 476 ὡς
1559 417 1731 487 όμοτέ·

1847 414 1949 484 qui
1981 412 2095 468 sibi
2134 413 2193 467 in
2240 411 2460 481 gaudio
2490 410 3036 478 communicabant,
3099 414 3156 468 et
3201 413 3324 483 ejus
3353 413 3496 470 artis

215 523 340 573 χνους
379 508 457 554 καὶ
512 505 793 565 συντόθεις.
853 511 895 555 Ο
936 501 995 556 δὲ
1062 509 1282 575 Χριστός
1339 506 1592 575 ἠνέσχετο
1649 509 1737 555 καὶ

211 590 432 643 ἀναπεσεῖν
481 597 565 642 καὶ
602 601 966 644 συναναπεπὶν
1008 596 1271 658 τοιούτοις,
1331 590 1424 644 διὰ
1472 597 1564 651 τὴν
1617 593 1734 665 μέλη

204 679 359 731 λονσαν
399 683 622 750 γενέσθαι
665 689 767 741 τοῖς
821 687 1266 754 συνανακειμένοις
1317 681 1576 754 ὠφέλειανο
1645 687 1734 733 καὶ

203 775 388 839 μετέσχε
425 778 514 819 τῶν
557 768 608 832 ἐξ
648 767 864 832 ἀδικίας
919 773 1298 843 παρατεθέντων
1355 772 1546 835 αὐτοῖς,
1595 769 1735 824 διότι

201 861 306 926 μέγα
369 854 536 930 κέρδος
617 857 839 911 ἐντεῦθεν
910 861 1103 932 ἔμελλεν
1185 862 1416 927 ἔσεσθαι,
1492 865 1579 912 καὶ
1641 861 1735 912 οὐκ

202 945 418 1014 ἐφρόντισε
475 955 567 1008 τῆς
628 951 769 1019 παρὰ
816 958 914 1000 τῶν
963 949 1156 1000 πολλῶν
1239 949 1497 1020 μέμψεως,
1564 945 1730 1014 εἰδὼς,

202 1035 262 1084 ὃτι
307 1036 328 1085 ό
373 1035 555 1108 ἰατρός,
633 1036 717 1088 ἐὰν
771 1042 843 1109 μὴ
899 1037 1201 1108 ἀπέσχηται
1271 1034 1576 1099 σηπεδόνος,
1642 1039 1733 1087 οὐκ

199 1121 457 1174 ἀπαλλάττει
524 1128 722 1186 ταύτης
779 1131 901 1187 τούς
955 1131 1257 1198 κάμνοντας·
1319 1132 1490 1178 καίτοι
1559 1136 1734 1198 σαφῶς

198 1209 439 1278 ὶγίνωσκεν,
491 1215 570 1264 ὅτι
622 1219 849 1288 πονηρὰν
907 1214 1129 1266 ἐντεῦθεν
1184 1214 1443 1285 ὑπόληψιν
1489 1214 1728 1286 λήψεται,

196 1295 304 1350 διότι
351 1320 398 1352 τε
449 1306 571 1376 πρὸς
617 1301 844 1373 εὐωχίαν
895 1301 1032 1371 ἦῗῦε,
1089 1307 1176 1354 καὶ
1235 1299 1374 1354 διότι
1435 1308 1562 1376 1:96;
1602 1304 1730 1356 εὐω-

193 1392 290 1455 χέειν
315 1388 534 1456 τελώνου,
576 1397 668 1442 καὶ
699 1388 838 1443 διότι
869 1391 1072 1452 πολλοῖς
1100 1391 1336 1453 τελώναις
1375 1397 1462 1443 καὶ
1492 1392 1725 1466 ἁμαρτω·

190 1475 270 1537 ὶοίς
296 1483 628 1533 συνανέπεισεν.

241 1564 352 1640 Ὀρα
398 1575 513 1638 γοῦν
579 1570 795 1642 ὕστερον
859 1575 969 1630 τοὶς
1015 1567 1305 1631 Ἰουδαίους
1382 1567 1728 1632 ὀνειδίζοντας

186 1654 294 1724 αὐτῷ
363 1661 444 1707 καὶ
515 1657 778 1728 λέγοντας·
866 1656 1005 1711 Ἰδοὺ
1091 1661 1352 1732 ἄνθρωπος
1415 1662 1575 1730 φάγος
1641 1664 1725 1710 καὶ

182 1743 426 1809 οἰνοπότης,
505 1746 645 1816 φίλος
721 1747 944 1798 τελωνῶν
1028 1753 1116 1798 καὶ
1193 1748 1535 1821 ἁμαρτωλῶν
1619 1747 1728 1798 ἀλλ’
1765 1766 1804 1820 Β

183 1831 289 1900 ὅμως
356 1831 530 1893 ἐκεῖνος
597 1837 864 1909 ὑπερεώρα
943 1839 1134 1888 τούτων
1217 1839 1438 1901 πάντων,
1524 1838 1604 1888 ἵνα
1669 1841 1726 1889 τὸ

183 1917 561 1991 σπουδαζόμενον
614 1921 804 1995 ἀνύσῃ,
855 1929 939 1975 καὶ
998 1927 1078 1976 ἱνα
1145 1927 1330 1997 μάθῃς,
1379 1927 1458 1976 ὅτι
1505 1945 1725 1977 συνανα-

180 2013 314 2058 πεσὼν
351 2010 538 2076 αὐτοῖς,
601 2016 845 2083 μέγιστον
899 2015 1100 2071 ἤνυσεν.
1145 2013 1423 2082 Ἀκουσον,
1478 2018 1529 2064 τί
1597 2033 1727 2086 φησι

178 2101 396 2167 Ζακχαῖος
477 2101 503 2150 ό
582 2100 822 2161 τελώνης.
909 2099 1120 2158 Ἐπειδὴ
1200 2105 1296 2174 γὰρ
1378 2106 1572 2159 ἤκουσε
1635 2110 1724 2154 τοῦ

181 2191 370 2254 Χριστοῦ
431 2187 686 2258 λέγοντος,
761 2191 838 2240 ὅτι
910 2195 1132 2263 Σήμερον
1188 2189 1236 2241 ἐν
1300 2199 1370 2260 τῷ
1440 2194 1562 2261 οἴκῳ
1631 2210 1724 2242 σου

177 2269 334 2345 δεῐμε
377 2283 572 2345 μεῖναι,
639 2280 918 2351 πτερωθεὶς
987 2279 1086 2329 61:6
1160 2287 1250 2340 τῆς
1315 2285 1510 2350 χαρᾶς,
1569 2279 1722 2334 εἶπεν.

1550 2370 1705 2441 Κύριε

175 2358 286 2411 Ἰδοὺ
361 2367 423 2414 τὰ
485 2368 662 2436 ἡμίση
738 2375 835 2416 τῶν
931 2363 1272 2438 ὑπαρχόντων
1360 2387 1468 2438 μοι,
1550 2370 1723 2438 Κύριε,

175 2443 339 2521 διδωμι
381 2461 621 2524 πτωχοῖς
679 2498 693 2523 ,
744 2460 834 2506 καὶ
899 2457 944 2506 εἴ
1003 2460 1137 2516 τινός
1184 2475 1234 2506 τι
1309 2454 1722 2528 ἐσυκοφάντησα,

931 2363 1272 2439 ὑπαρχόντων
1360 2387 1468 2438 μοι,

175 2536 436 2613 ἀποδίδωμι
513 2542 854 2614 τετραπλοῦν.

176 2625 364 2690 Ἰησοῦς·

167 2733 270 2766 νετο.

938 2540 1058 2595 Εἷπε
1124 2541 1182 2596 δι
1268 2548 1396 2616 πρὸς
1477 2545 1630 2596 αὐτὸν
1699 2545 1724 2594 ό

440 2637 672 2703 Σήμερον
752 2637 988 2704 σωτηρία
1068 2630 1138 2703 τῷ
1203 2636 1326 2704 οἴκῳ
1384 2635 1548 2703 τούτῳ
1625 2631 1729 2703 676-

227 2809 310 2856 Καὶ
338 2814 440 2867 πῶς
476 2810 502 2858 ό
559 2810 762 2870 Παῦλος
815 2809 972 2881 λέγει’
1032 2810 1148 2862 Ἐάν
1191 2829 1272 2870 τις
1329 2807 1550 2881 ἁδελφός
1613 2808 1727 2860 ὀνο-

168 2897 411 2964 μαζόμενος
493 2897 521 2954 ἡ
602 2901 808 2970 πόρνος,
889 2900 917 2956 ἦ
993 2899 1315 2964 πλεονέκτης,
1373 2907 1443 2969 τῷ
1509 2901 1726 2969 τοιούτῳ

168 2977 278 3047 facit
311 2983 418 3054 (9‘2)
469 2989 764 3038 συνεσθίειν
833 3003 847 3053 ;
894 2987 951 3038 Ὀ
1017 2987 1212 3047 Παῦλος
1267 2987 1326 3039 o6
1384 2991 1513 3062 1:96;
1567 2984 1724 3039 διδα-

169 3070 373 3136 σκάλους,
403 3071 532 3125 6:116:
586 3079 715 3146 πρὸς
758 3076 870 3145 (93)
904 3075 1074 3136 ἁπλῶς
1116 3073 1185 3127 6:6‘
1192 3076 1362 3147 31.1166;
1415 3080 1565 3127 τοῦτο
1597 3095 1727 3150 παρ·
1758 3104 1796 3159 C

167 3167 290 3213 αινεῖ.
330 3161 475 3214 Ἀλλά
531 3169 626 3214 καὶ
676 3169 794 3237 περὶ
833 3161 1061 3235 ἀδελφῶν
1113 3169 1297 3225 ἐκεῖνος
1336 3169 1486 3216 τοῦτό
1544 3184 1720 3236 φησιν’

164 3245 280 3298 οὗτοι
315 3245 368 3301 δὲ
403 3253 450 3302 οἱ
509 3251 727 3303 τελῶναι
783 3258 870 3304 καὶ
927 3253 1220 3327 ἁμαρτωλοὶ
1258 3256 1398 3304 οὔπω
1451 3259 1724 3323 γεγόνασιν

167 3331 363 3405 ἀδελφοί.
404 3339 571 3392 Ἀλλὰ
615 3346 724 3406 καὶ,
780 3344 898 3393 ὅταν
949 3340 1226 3413 ἐπιμένωσι
1265 3349 1378 3402 ταῖς
1418 3341 1720 3414 ἁμαρτίαιςο

163 3421 280 3474 οὗτοι
307 3423 361 3476 6's
384 3427 618 3498 μεταϐλη
629 3430 778 3486 θῆναι
797 3428 984 3500 μᾶλλον
1013 3429 1233 3500 ἔμελλονο

220 3518 306 3564 Καὶ
341 3545 404 3553 --
443 3520 469 3566 ό
492 3513 825 3579 διδασκαλος
855 3519 992 3588 ὑμῶν
1026 3520 1274 3591 ;Μαρκος
1307 3514 1364 3569 δὲ
1403 3522 1492 3569 καὶ
1520 3522 1725 3579 Λουκᾶς

163 3603 311 3667 pacis,
337 3603 411 3653 ὅτι
437 3609 527 3656 καὶ
559 3605 607 3655 οἱ
633 3610 953 3680 Γραμματεῖς
976 3614 1126 3658 τοῦτο
1147 3609 1277 3678 μετὰ
1299 3614 1395 3657 τῶν
1427 3610 1723 3677 Φαρισαίων

161 3703 294 3743 απον,

216 3773 334 3848 Ὀρα
383 3775 459 3845 δι,
497 3788 609 3842 πῶς
671 3782 755 3833 ὅτε
809 3785 898 3851 μὲν
937 3785 986 3834 οἱ
1023 3784 1254 3854 μαθηταὶ
1286 3779 1532 3834 δοκοῦσιν
1559 3783 1725 3855 ἁμαρ-

159 3863 319 3933 τάνεεν,
367 3876 436 3937 τῷ
493 3865 809 3939 διδασκάλῳ
856 3871 970 3921 κατ’
1009 3871 1175 3922 αὐτῶν
1219 3870 1478 3941 λέγουσιν·
1522 3868 1645 3923 Ιόοὺ
1677 3871 1725 3922 οἱ

165 3953 359 4015 μαθηταί
405 3975 500 4008 σου
560 3958 671 4026 (9'1)
710 3960 968 4024 ποιοῦσιν,
1015 3960 1041 4010 ὃ
1088 3959 1180 4010 οὐκ
1238 3959 1400 4021 ἔξεστι
1456 3957 1617 4010 ποιεῖν
1674 3959 1724 4010 ἐν

163 4042 391 4116 Σαξςαοῳσ
423 4050 505 4100 ὅτε
558 4045 614 4099 δὲ
651 4051 675 4098 ὁ
707 4045 1052 4118 διδασκαλος,
1085 4052 1148 4110 ὡς
1195 4055 1282 4100 καὶ
1311 4058 1420 4114 νῦν,
1449 4053 1592 4122 παρὰ
1617 4058 1724 4113 τοῖς

164 4134 388 4198 μαθηταῖς
445 4134 820 4189 διαϐαλλουσιν
873 4139 1044 4203 αὐτόν,
1094 4146 1520 4212 κακουργοῦντες,
1590 4141 1723 4192 ὥστε

162 4225 229 4271 τόν
251 4231 401 4297 χορόν
431 4236 534 4279 τῶν
566 4230 808 4298 μαθητῶν
836 4227 1126 4302 ἀπορρῆξαι
1153 4238 1244 4280 τοὺ
1277 4225 1625 4282 διδασκάλου.
1659 4234 1722 4281 Τί

160 4306 231 4359 σίν
256 4316 282 4368 ἡ
308 4318 513 4389 ἄπειρος
550 4323 706 4388 σοφία
729 4336 742 4384 ;

215 4400 264 4452 ’0
291 4400 345 4456 δὲ
364 4406 584 4465 Ἰησοῦς
623 4405 853 4468 ἀκούσας
892 4439 958 4447 -
988 4416 1155 4467 κακῶς
1194 4410 1420 4479 ἔχοντες.
1456 4408 1583 4461 Ἀπό
1608 4427 1718 4459 κοι-
1754 4449 1798 4503 D

163 4497 232 4538 νοῦ
257 4492 662 4565 παραδεῖγματος
685 4495 1018 4568 ἐπεστόμισεν
1046 4497 1252 4560 αὐτοὺς,
1286 4502 1374 4548 καὶ
1405 4501 1461 4548 τό
1489 4497 1639 4567 ἔγκλη
1647 4517 1720 4568 μα

166 4586 287 4630 τοῦτο
348 4585 538 4653 μᾶλλον
613 4586 683 4645 εἰς
761 4587 1073 4657 κατόρθωμα
1155 4587 1470 4658 περιέτρεψεν
1550 4583 1719 4648 δείξας

160 4667 208 4716 9}
258 4677 397 4739 μόνον
455 4676 746 4744 ἄμεμπτον,
820 4674 946 4726 6:116:
1011 4679 1100 4725 καὶ
1165 4674 1352 4745 μᾶλλον
1437 4673 1713 4726 ἐπαινετόν.

164 4752 265 4806 Εἶτα
313 4767 397 4812 καὶ
455 4761 556 4814 ἀπὸ
619 4769 820 4835 Γραφῆς
883 4768 1205 4835 πρόφητικῆς
1261 4763 1445 4822 αὐτοὺς
1501 4765 1716 4831 ἔπεισεν,

164 4845 304 4896 tatur

219 4969 255 5002 ττ
303 4974 496 5030 Iatth.
535 4991 617 5040 ιι,
671 4979 752 5031 i9.

829 4977 878 5012 "
909 4977 1044 5034 Luc.
1090 4992 1207 5042 XIX,
1263 4981 1313 5032 5.

162 5038 198 5072 "
219 5040 405 5102 Matth.
437 5061 535 5110 xu,
569 5038 620 5102 2—.

1393 4978 1440 5011 ⁷⁹
1495 4975 1642 5032 ibid.
1707 4992 1823 5040 vm,
1855 4979 1906 5032 9.

1847 501 2317 572 eorumdemque
2336 505 2502 557 erant
2516 517 2776 556 morum.
2800 499 3063 556 Christus
3080 501 3498 559 autemtolera-

1845 589 1947 645 bat
1966 595 2027 644 ut
2043 589 2212 645 etiam
2228 589 2440 661 pariter
2460 607 2596 646 cum
2618 606 2687 647 eo
2707 590 2850 646 tales
2866 589 3307 656 accumberent,
3330 605 3497 664 prop-

1847 683 1927 733 ter
1946 683 2257 734 venturam
2292 679 2470 734 simul
2503 679 2998 736 accumbentibus
3047 679 3360 736 utilitatem
3393 696 3407 736 :
3440 683 3498 737 et

1844 766 2130 838 particeps
2159 783 2291 822 cum
2319 767 2401 822 eis
2448 773 2573 823 erat
2611 768 2971 824 ferculorum
3003 768 3221 839 injuste
3246 772 3495 840 parato-

1844 870 2000 922 rum,
2034 854 2112 910 ob
2143 855 2368 924 grande
2397 857 2652 921 lucrum,
2685 857 2850 928 quod
2882 856 3022 912 inde
3077 861 3200 914 erat
3243 872 3492 928 proven-

1843 947 2088 1000 turum:
2146 960 2254 999 nec
2311 945 2562 1000 curabat
2616 944 2931 1000 multorum
2990 945 3490 1015 indignationem,

1843 1033 2034 1089 sciens
2077 1033 2261 1106 quod,
2321 1034 2433 1088 nisi
2494 1033 2766 1089 medicus
2814 1034 3191 1105 putredinem
3243 1034 3490 1100 tolleret,

1841 1122 1917 1178 ab
1935 1138 2006 1179 ea
2029 1138 2150 1178 non
2167 1121 2439 1178 liberabit
2455 1126 2825 1192 aegrotantes.
2841 1121 3018 1192 Atqui
3045 1122 3224 1192 plane
3248 1125 3492 1180 noverat

1841 1226 2078 1282 pravam
2110 1211 2248 1266 inde
2279 1209 2680 1281 suspicionem
2720 1211 2789 1265 de
2818 1225 2879 1264 se
2909 1208 3293 1274 exorituram,
3324 1209 3492 1283 quod

1839 1299 1917 1354 ad
1947 1299 2188 1369 epulum
2217 1303 2490 1365 venisset,
2515 1303 2572 1354 et
2604 1299 2764 1370 quod
2790 1297 2868 1354 ad
2889 1297 3197 1368 publicani
3222 1299 3484 1369 epulum,

1838 1387 2122 1459 quodque
2149 1386 2314 1442 simul
2348 1403 2487 1441 cum
2527 1386 2727 1442 multis
2779 1385 3113 1456 publicanis
3165 1388 3487 1444 accumbe-

1838 1479 1946 1529 ret.

1908 1563 2052 1618 Vide
2070 1563 2222 1619 enim
2250 1562 2642 1634 postmodum
2659 1561 2899 1618 Iudaeos
2928 1561 3408 1634 improperantes
3432 1564 3488 1620 ei

1837 1669 1907 1708 ac
1937 1653 2197 1707 dicentes
2223 1667 2234 1704 :
2268 1651 2415 1706 Ecce
2444 1651 2602 1706 homo
2634 1665 2843 1716 vorax,
2887 1654 2939 1706 et
2965 1657 3140 1720 potor
3164 1652 3307 1716 vini,
3341 1652 3488 1708 ami-

1838 1757 1934 1797 cus
1951 1741 2414 1810 publicanorum
2436 1746 2487 1795 et
2502 1741 2971 1808 peccatorum";
3015 1739 3120 1794 sed
3138 1744 3336 1795 tamen
3357 1741 3486 1799 haec

1835 1830 2039 1886 omnia
2069 1829 2331 1900 despicit,
2357 1834 2422 1883 ut
2449 1828 2612 1900 quod
2645 1835 2889 1884 conatur
2919 1827 3154 1884 efﬁciat.
3186 1830 3254 1884 Ut
3284 1834 3484 1886 autem

1835 1920 1990 1974 scias
2040 1919 2200 1990 quod
2263 1917 2436 1972 simul
2487 1916 2922 1981 accumbendo,
2980 1932 3104 1972 rem
3163 1918 3485 1975 maximam

1835 2012 2130 2079 operetur,
2173 2007 2314 2062 audi
2353 2005 2499 2077 quid
2538 2005 2693 2062 dicat
2749 2005 3058 2062 Zacchaeus
3110 2004 3480 2078 publicanus.

1836 2099 2150 2165 Postquam
2177 2094 2333 2150 enim
2357 2094 2658 2150 Christum
2684 2094 2912 2150 audivit
2934 2094 3231 2151 dicentem
3263 2113 3281 2150 :
3305 2097 3483 2154 Hodie

1833 2184 1894 2238 in
1911 2184 2080 2240 domo
2103 2190 2202 2238 tua
2231 2186 2448 2252 oportet
2473 2197 2564 2239 me
2595 2197 2831 2239 manere
2873 2184 2944 2249 ⁷⁸,
2984 2182 3189 2239 animo
3219 2185 3483 2255 gestiens

1835 2277 1892 2327 et
1916 2287 2038 2342 prae
2077 2271 2298 2340 gaudio
2317 2272 2373 2327 in
2402 2271 2656 2327 sublime
2673 2271 2956 2337 elevatus,
2989 2271 3070 2327 ait
3096 2289 3109 2328 :
3140 2272 3286 2330 Ecce
3312 2273 3483 2330 dimi-

1834 2361 1996 2415 dium
2016 2360 2358 2416 substantiae
2379 2375 2540 2424 meae,
2567 2361 2829 2424 Domine,
2853 2360 2928 2416 do
2941 2361 3323 2429 pauperibus,
3361 2366 3410 2417 et
3432 2364 3482 2418 si

1836 2449 1980 2520 quid
1993 2449 2247 2519 aliquem
2260 2448 2640 2517 defraudavi,
2659 2447 2842 2504 reddo
2872 2448 3297 2519 quadruplum.
3313 2450 3482 2508 Dixit

1838 2543 2035 2593 autem
2052 2537 2133 2592 ad
2163 2552 2287 2592 eum
2317 2537 2483 2594 Jesus
2509 2553 2526 2590 :
2553 2537 2733 2594 Hodie
2757 2535 2914 2593 satus
2951 2536 3089 2592 huic
3109 2537 3307 2595 domui
3315 2539 3480 2608 facta

1836 2634 1914 2682 est
1939 2628 2015 2683 7°.

1911 2810 2224 2877 Quomodo
2242 2825 2384 2880 ergo
2405 2809 2545 2866 dicit
2564 2808 2779 2865 Paulus
2807 2824 2821 2864 :
2847 2809 2912 2866 Si
2930 2809 3057 2882 quis
3073 2810 3267 2868 dictus
3287 2811 3483 2882 frater

1837 2907 1919 2957 est
1930 2900 2263 2969 fornicator
2276 2900 2390 2969 (rr)
2403 2905 2506 2954 aut
2527 2912 2764 2963 avarus,
2791 2914 2923 2955 cum
2943 2900 3388 2967 huiusmodinee
3403 2901 3480 2958 ci-

1839 2991 1970 3044 bum
1994 2991 2240 3044 sumatis
2261 2988 2346 3042 80?
2369 2986 2586 3041 Paulus
2607 2987 2666 3042 in
2680 2987 2793 3044 hoc
2805 3002 2926 3044 non
2947 2993 3359 3060 praeceptores,
3377 2990 3484 3047 sed

1838 3076 2184 3148 simpliciter
2221 3076 2428 3131 fratres
2467 3075 2829 3133 adhortatur.
2871 3077 3160 3134 Praeterea
3189 3077 3263 3133 de
3300 3078 3480 3136 fratre

1833 3167 1948 3222 hoc
1978 3165 2119 3220 dicit
2157 3163 2284 3218 ille:
2335 3163 2398 3218 Hi
2437 3167 2636 3219 autem
2682 3163 2986 3236 publicani
3045 3165 3313 3222 nondum
3343 3167 3486 3223 facti

1835 3257 2003 3311 erant
2020 3253 2252 3308 fratres.
2283 3251 2370 3306 Ad
2399 3251 2544 3315 haec,
2567 3252 2712 3308 dum
2735 3253 3170 3324 permanserint
3197 3254 3257 3310 in
3277 3269 3484 3326 pecca-

1833 3344 1908 3398 tis
1933 3343 2048 3397 hoc
2084 3338 2436 3396 faciundum
2488 3343 2576 3396 est
2607 3356 2622 3406 ;
2651 3339 2747 3396 isti
2788 3355 2928 3396 vero
2982 3340 3182 3412 potius
3249 3356 3322 3397 ex
3367 3341 3482 3398 hoc

1834 3428 2212 3487 convertendi
2239 3431 2427 3482 erant.

1903 3522 2065 3575 Vers.
2100 3521 2185 3571 11·
2213 3517 2289 3571 Et
2328 3545 2395 3557 —
2445 3517 2727 3586 magister
2746 3517 2975 3574 vester?
3017 3515 3248 3572 Marcus
3297 3520 3353 3573 et
3376 3517 3485 3573 Lu-

1833 3625 1936 3666 cas
1958 3604 2426 3662 dixeruntetiam
2450 3605 2684 3662 Scribas
2697 3605 2874 3662 simul
2891 3620 3030 3662 cum
3053 3604 3485 3664 Pharisaeishoe

1832 3699 2052 3755 dixisse»
2084 3703 2126 3736 ⁸³
2140 3741 2152 3753 .

1905 3789 2050 3845 Vide
2080 3794 2280 3847 autem
2306 3789 2494 3862 quod,
2537 3784 2776 3859 quando
2806 3782 3080 3856 discipuli
3109 3797 3358 3855 peccare
3401 3783 3486 3840 vi-

1833 3877 2066 3944 dentur,
2126 3879 2475 3951 praeceptori
2526 3876 2810 3932 adversus
2866 3872 2998 3928 illos
3033 3873 3278 3930 dicunt:
3338 3873 3486 3930 Ecce

1833 3967 2119 4037 discipuli
2148 3970 2240 4022 tui
2269 3968 2499 4036 [aciunt
2522 3966 2588 4031 ³³,
2612 3961 2912 4036 quodnon
2929 3961 3063 4016 licet
3099 3959 3292 4016 facere
3334 3960 3486 4018 Sab-

1831 4055 2275 4120 batis.Quando
2290 4071 2426 4110 vero
2461 4055 2812 4125 praeceptor,
2830 4055 2892 4104 ut
2911 4064 3090 4113 nunc,
3135 4050 3296 4121 apud
3311 4048 3485 4104 disci-

1833 4143 2174 4214 pulosillum
2197 4141 2656 4205 calumniantur,
2676 4137 2880 4194 dolose
2893 4142 3136 4206 agentes
3161 4138 3482 4193 utchorum

1831 4230 2261 4301 discipulorum
2289 4246 2324 4285 a
2346 4236 2707 4301 praeceptore
2735 4228 3031 4297 separent.
3058 4225 3211 4289 Quid
3239 4239 3380 4294 ergo
3401 4223 3483 4281 ait

1830 4319 2123 4392 profunda
2146 4319 2444 4390 Sapientia
2475 4320 2503 4373 Ἰ

1903 4407 2064 4463 Vers.
2096 4411 2178 4462 t2.
2224 4408 2342 4474 Quo
2387 4406 2593 4462 audito
2631 4403 2886 4460 Jesus—
2925 4399 3078 4455 male
3110 4398 3477 4455 habentibus.

1829 4498 1874 4550 A
1901 4497 2207 4552 communi
2233 4495 2508 4566 exemplo
2539 4510 2606 4549 os
2662 4491 2776 4547 illis
2822 4487 3138 4561 oppressit,
3171 4495 3226 4542 et
3247 4503 3481 4546 accusa-

1830 4586 2050 4641 tionem
2102 4585 2256 4640 hanc
2313 4584 2510 4656 potius
2566 4582 2643 4638 ad
2688 4577 2910 4635 virtutis
2971 4592 3123 4648 opus
3172 4577 3479 4645 convertit,

1829 4673 2148 4729 ostendens
2195 4688 2317 4728 non
2369 4671 2566 4727 solum
2617 4665 3130 4740 irreprehensibile
3185 4682 3335 4738 esse,
3371 4667 3480 4724 sed

1828 4763 2021 4832 magis
2046 4761 2222 4818 laude
2243 4762 2520 4831 dignum.
2575 4757 2794 4815 Deinde
2819 4773 2856 4815 a
2887 4755 3190 4829 Scriptura
3234 4771 3478 4830 quoque

1829 4850 2178 4924 prophetica
2205 4849 2543 4923 persuadet,
2583 4849 2788 4905 dicens
2820 4863 2833 4903 :

1985 4978 2032 5012 ⁸ο
2081 4976 2349 5042 ICor.v,
2387 4977 2469 5030 ti.
2549 4975 2592 5010 ⁸¹
2635 4976 2805 5032 Marc.
2856 4989 2916 5040 ιι,
2972 4975 3073 5040 16;
3129 4973 3270 5032 Luc.
3316 4985 3373 5043 ν,
3408 4976 3476 5031 30

1354 5142 1580 5214 Variae
1595 5144 1920 5213 lectiones
1939 5153 2005 5212 et
2027 5153 2230 5212 notae.

215 5309 318 5452 ἓξὲξ

393 5334 537 5370 72A.

401 5334 424 5370 Ir:
525 5357 537 5370 .

401 5315 568 5442 anim
589 5385 727 5450 hoc,
761 5391 1025 5459 παραινεῖν
1050 5388 1178 5458 πρός
1208 5404 1347 5441 τινα.

1899 5314 2015 5384 (94)
2037 5332 2152 5377 σου,
2186 5311 2398 5368 omittit
2421 5311 2482 5366 Β.

216 5532 317 5601 (rr)
349 5534 450 5590 Est
477 5537 829 5605 fornicator.
855 5537 1097 5594 Videtur
1125 5551 1266 5610 ergo
1303 5537 1518 5610 legisse
1547 5533 1600 5609 ᾖ,
1630 5537 1765 5594 loco
1804 5535 1860 5604 ἢ,
1884 5533 2000 5591 nisi
2025 5533 2328 5606 vulgatam
2368 5531 2662 5604 Latinam,
2693 5533 2757 5588 ut
2793 5529 2961 5598 solet,
2991 5525 3298 5603 expressit.
