3990 6206
80 24 247 81 ,ἑλέ

68 82 237 139 ”;ένί··

82 148 167 177 .‘-“
210 150 247 165 ιη

106 204 141 217 ’⁵³
164 176 189 189 μ’
218 218 227 225 .

34 228 95 253 J.
138 228 155 233 -

70 256 113 281 ιη,

124 288 147 301 δη
222 298 227 301 ι

60 402 115 447 ,ε

38 480 73 513 ‘Q

58 542 71 559 Υ

94 642 117 677 ἒ.

32 722 111 783 τις
160 722 169 731 ’

58 824 113 879 0"

36 888 51 901 ὃ

48 1024 75 1061 λῖ
104 1042 131 1075 ρο

8 1172 59 1203 ‘Q

24 1290 39 1305 δ
62 1300 71 1311 ⁸
158 1268 161 1275 1

52 1320 81 1335 ιν
116 1328 121 1335 ι

0 1512 65 1571 ἒς-

4 1590 21 1603 δ

0 1606 73 1641 μθ.

0 1898 95 1955 γλ,
146 1892 173 1903 .,

16 1992 47 2029 ‘r

477 260 579 323 311

479 494 717 552 quoque
754 478 867 534 illis
902 479 1330 550 Scripturarum
1368 480 1791 549 ignorantiam,
1834 496 2121 535 revocans

480 567 912 624 acmodestiam
931 568 984 622 fa
995 573 1149 624 stum
1171 569 1459 640 ipsorum,
1479 575 1537 625 et
1552 570 1613 624 id
1632 571 1792 641 quod
1812 570 2124 641 agitsupra

480 656 770 713 sacriﬁcia
799 656 1103 712 extollens.
1148 660 1243 713 Est
1290 664 1490 713 autem
1550 659 1917 714 tantumdem
1975 675 2043 714 ac
2075 659 2123 713 si

478 746 669 802 dicat:
698 749 824 802 Non
868 752 956 802 est
980 752 1187 803 contra
1240 748 1596 819 Scripturam
1646 765 1901 811 sacram,
1958 748 2124 821 quod

478 834 655 893 facio.
700 836 854 891 Deus
893 836 1044 891 enim
1089 836 1443 908 prophetam
1494 838 1738 893 dicens:
1798 839 2125 895 Misericor-

479 925 641 981 diam
662 926 814 991 voto,
851 942 969 980 non
1013 927 1367 993 sacriﬁcium
1410 927 1479 991 ⁸³,
1516 928 1773 982 ostendit
1814 927 2123 983 meliorem

481 1029 615 1071 esse
645 1014 1107 1070 misericordiam
1139 1031 1324 1086 quam
1352 1016 1733 1072 sacriﬁcium.
1764 1016 1902 1072 Ideo
1933 1021 1988 1072 et
2012 1032 2123 1084 ego

481 1101 949 1159 misericordiam
971 1108 1264 1173 praestans
1285 1103 1377 1157 his
1400 1104 1502 1176 qui
1530 1105 1783 1175 peccatis
1813 1109 1953 1159 sunt
1974 1120 2125 1159 mor-

479 1190 621 1257 bidi,
655 1190 845 1247 infero
874 1208 971 1247 me
1016 1192 1147 1256 illis,
1178 1197 1235 1247 et
1270 1208 1405 1247 cum
1435 1192 1519 1248 eis
1575 1208 1960 1261 conversans,
1992 1209 2126 1248 om-

479 1294 620 1337 nem
639 1281 887 1335 curandi
916 1281 1163 1336 modum
1189 1281 1467 1337 adhibeo.

556 1368 715 1424 Vers.
739 1368 822 1423 l3.
849 1369 1053 1440 Neque
1077 1399 1146 1408 —
1162 1371 1590 1437 penitentiam.
1618 1372 1741 1425 Non
1762 1369 1891 1424 veni
1908 1373 1969 1425 ut
1987 1386 2123 1425 cum

476 1456 654 1527 justis
684 1472 996 1512 converser
1029 1475 1042 1525 ;
1070 1472 1214 1512 nam
1262 1457 1375 1528 ipsi
1416 1456 1525 1512 sibi
1557 1458 1630 1512 ad
1685 1457 1937 1513 salutem
1966 1457 2124 1513 suﬂi-

480 1546 683 1603 ciunt:
719 1544 822 1600 sed
858 1545 1043 1600 fateor
1072 1550 1310 1616 propter
1334 1545 1494 1601 solos
1530 1551 1873 1617 peccatores
1913 1562 2007 1601 me
2032 1562 2127 1601 ve-

479 1632 664 1699 nisse,
720 1633 822 1707 qui
874 1632 1220 1704 poenitentia
1263 1633 1571 1703 indigent;
1626 1634 1929 1703 quomodo
1984 1650 2125 1703 ergo

489 1722 598 1777 hos
622 1720 1024 1777 abominabor
1059 1727 1301 1793 propter
1333 1737 1486 1793 quos
1515 1722 1687 1777 veni?
1726 1723 1865 1778 Dicit
1902 1728 2124 1778 autem-

2239 1739 2369 1786 τους,
2410 1717 2480 1772 δι’
2523 1722 2606 1782 οὓς
2668 1723 2883 1782 ἐλήλυθα

482 1809 943 1882 Chrysostomus
986 1810 1099 1865 hoc
1130 1810 1345 1865 ironice
1376 1810 1663 1865 Christum
1702 1810 1921 1865 dixisse
1947 1824 1959 1862 :
1991 1811 2124 1867 Non

481 1900 639 1955 venit
668 1903 733 1954 ut
751 1914 1017 1955 vacarem
1034 1900 1243 1968 justas,
1274 1898 1482 1970 quales
1506 1914 1611 1955 vos
1641 1900 1781 1954 estis
1797 1899 2126 1970 justiﬁcan-

483 1992 571 2044 tes
609 2003 718 2043 vos
755 1989 939 2057 ipsos.

561 2074 716 2131 Vers.
766 2076 848 2130 14.
905 2077 1064 2131 Τιιηε
1094 2106 1163 2117 -
1200 2078 1538 2146 jejunant?
1585 2080 1650 2133 Et
1705 2077 1819 2133 hoc
1885 2092 2127 2149 quoque

483 2163 714 2219 Marcus
759 2169 813 2218 et
869 2165 1057 2219 Lucas
1119 2164 1356 2220 Scribas
1405 2170 1460 2219 et
1525 2165 1843 2221 Pharisteos
1909 2165 2127 2221 dixisse

483 2253 650 2308 aiunt
678 2253 744 2306 δε.
774 2253 980 2323 Itaque
1007 2252 1385 2308 manifestum
1416 2258 1507 2309 est
1538 2253 1650 2309 hos
1690 2255 1952 2325 primum
1978 2253 2127 2309 illud

482 2340 718 2405 dixisse,
748 2340 964 2396 deinde
1003 2345 1060 2396 et
1091 2341 1339 2396 Joannis
1396 2342 1718 2413 discipulos
1775 2342 2124 2407 concitasse,

484 2444 555 2485 ac
590 2429 639 2483 si
687 2429 867 2485 etiam
916 2429 997 2483 illi
1050 2429 1334 2485 adversus
1381 2430 1673 2486 Christum
1717 2430 1880 2501 quasi
1928 2430 2125 2485 aamuli

482 2516 678 2573 affecti
703 2522 920 2573 essent.
952 2520 1017 2572 Et
1040 2518 1184 2589 quia
1233 2534 1269 2574 a
1316 2518 1615 2574 Salvatore
1662 2535 1729 2574 os
1754 2518 1865 2573 illis
1889 2518 2128 2573 obtura-

486 2608 610 2661 tum
682 2610 826 2670 erat,
905 2606 1266 2662 transferunt
1323 2607 1788 2677 indignationem
1859 2606 1939 2661 ad
1998 2607 2125 2675 ejus

479 2693 829 2766 discipulos,
856 2699 913 2749 et
942 2694 1283 2750 accedentes
1329 2695 1698 2750 accusabant
1745 2710 1865 2749 eos.
1903 2697 1998 2749 Est
2024 2710 2125 2749 au-

477 2785 597 2838 tem
646 2783 1019 2838 tantumdem
1051 2799 1119 2839 ac
1147 2783 1195 2838 si
1220 2784 1484 2838 dicerent
1511 2800 1532 2838 .·
1578 2784 1633 2839 Si
1681 2788 1743 2839 tu
1794 2783 1921 2838 haec
1953 2784 2125 2853 quasi

477 2869 743 2926 medicus
782 2871 864 2927 ita
910 2871 1061 2939 agis,
1102 2886 1287 2942 quare
1324 2871 1647 2943 discipulos
1697 2886 1818 2926 non
1843 2871 2015 2941 jubes
2039 2873 2125 2941 je-

474 2957 703 3028 junare,
745 2963 802 3014 et
831 2973 953 3013 non
990 2958 1165 3027 genio
1208 2959 1514 3030 indulgere
1549 2958 1577 3013 7
1606 2959 1873 3018 Primum
1922 2965 2123 3016 autem

480 3045 708 3116 seipsos
732 3044 1001 3135 laudant,
1034 3045 1559 3135 gloriantesquod
1602 3047 1937 3120 frequenter
1968 3048 2121 3118 jeju-
2158 3078 2198 3135 ρ

477 3136 708 3189 narent.
737 3133 886 3189 Nam
911 3134 1270 3204 jejunabant
1304 3151 1316 3189 :
1364 3134 1423 3190 hi
1454 3135 1697 3207 quidem
1742 3152 1778 3192 a
1804 3136 2035 3192 Joanne
2062 3136 2123 3191 id

475 3220 855 3292 accipientes,
886 3221 972 3276 illi
1002 3237 1142 3278 vero
1179 3239 1216 3279 a
1267 3223 1415 3293 lege.
1447 3224 1672 3281 Deinde
1722 3229 1922 3281 autem
1952 3225 2121 3279 disci-

476 3308 635 3381 pulis
665 3310 794 3379 ejus
832 3310 1243 3375 detrahebant,
1305 3315 1366 3368 Et
1408 3312 1545 3369 vide
1594 3313 1807 3369 Christi
1848 3329 2122 3369 mansue-

475 3396 743 3453 tudinem
765 3440 779 3455 .
811 3401 1011 3469 Neque
1035 3400 1194 3454 enim
1221 3400 1413 3470 arguit
1430 3417 1531 3458 eos
1550 3402 1726 3474 quasi
1752 3407 2118 3473 arrOgantes,

476 3485 584 3541 sed
611 3502 719 3558 per
755 3486 1110 3558 parabolam
1131 3487 1242 3544 illis
1268 3488 1531 3547 hilariter
1559 3490 1904 3562 respondet.

546 3664 706 3720 Vers.
744 3669 826 3719 15.
863 3665 945 3720 Et
986 3666 1072 3721 ait
1104 3695 1171 3706 —
1201 3671 1487 3736 sponsus?
1517 3666 1799 3737 Superius
1854 3666 2120 3739 seipsum

475 3753 769 3810 medicum
799 3754 1151 3819 nominavit,
1204 3754 1295 3810 hic
1328 3762 1527 3811 autem
1556 3770 1866 3826 sponsum.
1912 3758 1975 3811 Et
2001 3771 2120 3811 me-

471 3841 582 3897 rito
611 3840 913 3897 medicum
938 3841 1200 3913 quidem,
1236 3845 1438 3914 utpote
1483 3847 1733 3911 mgrotas
1762 3843 1995 3899 animas
2024 3859 2121 3897 cu-

472 3934 741 3997 rantem;
794 3945 1086 4001 sponsum
1157 3945 1320 3995 vero,
1393 3934 1679 4002 tanquam
1723 3932 1830 3986 has
1887 3948 2023 4003 quas
2060 3932 2121 3986 in

472 4016 806 4087 dirginitate
856 4017 1083 4086 degunt
1126 4018 1237 4073 sibi
1259 4018 1750 4091 desponsantem.
1794 4020 1964 4076 Filios
2022 4035 2124 4074 au-

473 4110 593 4162 tem
634 4106 837 4177 sponsi
860 4106 1000 4161 dicit
1027 4106 1377 4163 domesticos
1418 4109 1547 4179 ejus
1586 4125 1716 4179 qua:
1756 4109 2122 4180 desponsata

473 4198 562 4251 est
618 4194 739 4266 (ss).
792 4194 945 4250 Dixit
986 4200 1185 4251 autem
1220 4196 1333 4252 hoc
1364 4197 1655 4252 reducens
1705 4197 1821 4252 illis
1871 4197 1951 4253 ad
2008 4212 2125 4251 me-

470 4284 727 4341 moriam
764 4283 1012 4340 Joannis
1042 4284 1314 4350 verbum,
1346 4284 1495 4341 dixit
1524 4301 1535 4339 :
1572 4285 1720 4353 Quia
1748 4287 1922 4343 habet
1953 4301 2123 4356 spon-

470 4388 618 4441 sam,
648 4388 893 4442 sponsus
939 4378 1057 4439 est;
1092 4374 1312 4429 amicus
1360 4380 1549 4430 autem
1609 4377 1833 4444 sponsi,
1858 4378 1964 4447 qui
2004 4385 2123 4435 stat

472 4470 530 4520 et
585 4464 790 4520 audite
865 4477 1013 4528 eum,
1066 4462 1289 4533 gaudio
1341 4464 1561 4533 gaudet
1623 4472 1868 4535 propter
1934 4482 2125 4524 vocem

472 4551 667 4621 sponsi
692 4552 760 4607 ⁸³.

548 4641 645 4694 Est
678 4654 814 4708 ergo
843 4639 1166 4695 verborum
1197 4639 1523 4697 intellectus
1556 4641 1665 4697 iste
1692 4657 1704 4696 :
1749 4644 1869 4712 Ego
1914 4643 2040 4699 veni
2066 4659 2129 4718 ut

476 4725 787 4782 Ecclesiam
824 4726 1089 4783 fidelium
1139 4743 1244 4800 per
1280 4728 1463 4785 ﬁdem
1515 4730 1661 4785 mihi
1711 4730 2127 4803 despondeam

1797 263 2148 321 EUTHYMII
2188 265 2509 323 ZIGABENI

548 390 709 447 Vers.
774 392 856 445 l3.
928 390 1152 446 Euntes
1204 420 1272 431 —
1327 392 1703 459 sacriﬁcium.
1752 392 2197 463 lmproperatA

3721 282 3834 339 312

3134 398 3415 463 Ὀνειδίξει
3483 408 3572 476 μὲν
3649 407 3834 468 αὐτοῖς

2230 486 2317 533 καὶ
2375 481 2601 553 ἀμάθιαν
2663 493 2762 535 τῶν
2821 492 3050 558 Γραφών,
3126 491 3457 544 καταστέλλει
3509 491 3567 545 δε
3616 500 3704 545 καὶ
3769 499 3833 548 τὸ

2232 574 2471 642 φρόνημα
2546 574 2759 640 τούτων,

2303 395 2632 466 Πορευθέντες
2714 427 2782 436 —-
2847 399 3051 453 θυσίαν.

2846 573 3189 648 ἐπαιρομένων
3264 578 3347 631 ἐπὶ
3413 589 3528 643 ταῖς
3594 585 3833 643 θυσίαις.

2229 658 2294 709 Ὀ
2358 656 2414 709 δὲ
2462 659 2616 730 λέγει,
2685 669 2916 713 τοιοῦτον
2972 663 3131 731 ἐστιν,
3185 668 3262 719 ὅτι
3304 666 3468 721 Οὐδὲν
3512 669 3730 723 ἐναντίον
3764 679 3831 742 τῇ

2235 749 2343 818 θείᾳ
2398 754 2570 820 Γραφῇ
2633 758 2782 803 ποιῶ.
2830 757 2929 803 Καὶ
2985 756 3085 827 γὰρ
3133 756 3157 805 ό
3199 760 3327 817 Θεὸς
3392 758 3541 809 εἰπων
3600 756 3692 811 διὰ
3736 767 3835 813 τοῦ

2230 840 2515 909 προφήτοψ
2573 836 2743 890 Ἐλεον
2816 840 2961 909 θελω,
3026 846 3113 893 καὶ
3199 844 3256 895 οὐ
3336 847 3538 898 Θυσίαν·
3614 845 3831 919 ἔδειξεν,

2233 926 2312 975 ὅτι
2350 930 2590 997 κρείττων
2644 928 2831 989 θυσίας
2882 929 3025 982 ἐστὶν
3074 933 3099 982 ό
3138 932 3294 994 ἔλεος,
3362 938 3449 986 Διό
3487 937 3633 1006 κάγὼ
3681 936 3833 990 ἐλεῶν

2232 1017 2353 1073 τοὺς
2381 1022 2660 1077 νοσοῦντας
2709 1015 2757 1067 ἓν
2809 1018 2921 1085 (95)
2970 1018 3269 1093 ἁμαρτίαις,
3328 1021 3569 1095 ἐπιδημῶ
3605 1028 3829 1096 τούτοις,

2233 1104 2296 1160 ὡς
2362 1103 2556 1174 ἱατρός,
2608 1109 2696 1155 καὶ
2746 1112 3244 1181 συναναστρέφομαι,
3298 1116 3385 1163 καὶ
3440 1119 3592 1166 παντὶ
3653 1120 3832 1187 τρόπῳ

2236 1188 2517 1261 θεραπεύω.

2305 1368 2379 1417 Οὐ
2436 1398 2504 1407 -
2578 1372 2867 1439 μετάνοιαν.
2935 1372 3043 1424 Οὐκ
3134 1372 3286 1433 ἦλθον
3353 1374 3660 1452 ἐπιστρέψαι
3747 1377 3831 1432 δι-

2232 1459 2427 1515 καίους·
2477 1456 2624 1509 αὐτοὶ
2679 1462 2780 1530 ’γὰρ
2864 1461 3060 1521 ἑαυτοῖς
3114 1462 3363 1536 ἀρκοῦσιν
3416 1471 3481 1526 εἰς
3540 1473 3829 1539 σωτηρίαν

2234 1541 2338 1593 ἀλλ’
2391 1544 2640 1616 ὁμολογῶ,
2701 1544 2793 1599 διὰ
2846 1554 3033 1621 μόνους
3088 1556 3207 1612 τοὺς
3264 1554 3591 1626 ἁμαρτωλοὺς
3644 1555 3827 1622 ἐλθεῖν,

2236 1628 2506 1703 δεομένους
2548 1641 2831 1704 μετανοίας.
2890 1644 2989 1690 Καὶ
3036 1649 3141 1699 πῶς
3170 1642 3272 1713 οῖρα
3326 1639 3651 1713 βδελύξομαι
3706 1648 3832 1696 τού-

2947 1743 2957 1789 ;
3013 1734 3148 1785 Φησὶ
3208 1726 3265 1781 δὲ
3317 1732 3341 1781 ό
3396 1732 3506 1801 (96)
3543 1738 3820 1803 Χρυσόστο

2232 1828 2347 1879 μος,
2370 1813 2455 1861 τὸν
2486 1816 2713 1884 Χριστόν
2749 1811 2899 1865 τοῦτο
2944 1818 3060 1867 κατ’
3116 1818 3372 1889 εἰρωνείαν
3404 1818 3581 1883 εἰπεῖν,
3611 1822 3691 1872 ὅτι
3716 1820 3831 1871 O'Jx

2234 1894 2385 1955 ἦλθον
2408 1898 2620 1951 καλέσαι
2650 1897 2905 1966 δικαίους,
2948 1906 3047 1957 οἷοί
3075 1905 3189 1958 ἐστε
3216 1905 3378 1977 ὁμεῖς,
3418 1910 3467 1959 οἱ
3499 1904 3832 1970 δικαιοῦντες

2233 2006 2463 2047 εαυτους.

2303 2080 2428 2127 Τότε
2483 2108 2551 2116 -
2588 2082 2928 2136 νηστεύουσιν
2972 2100 2985 2143 ς
3031 2082 3251 2153 Ὁμοίως
3306 2088 3393 2136 καὶ
3449 2092 3602 2136 τοῦτο
3668 2088 3830 2157 Μάρ-

2233 2182 2321 2223 κος
2372 2168 2461 2215 καὶ
2512 2172 2735 2233 Λουκᾶς,
2796 2173 2917 2230 τοὺς
2972 2176 3299 2243 Γραμματεῖς
3363 2179 3451 2224 καὶ
3510 2178 3833 2247 Φαρισαίους

2236 2252 2390 2304 εἰπεῖν
2478 2254 2735 2325 λέγουσιν,
2824 2259 2894 2318 ὡς
2976 2256 3104 2310 εἶναι
3196 2256 3373 2325 δῆλον,
3461 2263 3541 2312 ότι
3620 2269 3830 2334 πρῶτον

2235 2344 2323 2411 μεν
2352 2340 2534 2394 ἐκεῖνοι
2579 2351 2728 2395 τοῦτο
2778 2342 2936 2408 εἷπον,
2989 2344 3098 2398 εἶτα
3151 2354 3510 2420 παρώρμησαν
3558 2355 3648 2400 καὶ
3707 2353 3832 2409 τοὺς

2234 2436 2323 2480 τοῦ
2352 2436 2645 2482 Βαπτιστοῡ
2694 2435 2953 2503 μαθητὰς,
2991 2437 3057 2497 ὡς
3110 2432 3464 2508 διακειμένους
3510 2443 3597 2489 καὶ
3639 2438 3832 2497 αὐτοὺς

2234 2521 2358 2589 πρὸς
2410 2523 2494 2570 τόν
2552 2526 2780 2592 Χριστόν
2838 2523 3158 2585 ζηλοτύπως.
3222 2531 3320 2577 Καὶ
3386 2525 3493 2577 ἐπεὶ
3558 2527 3658 2577 ὑπὸ
3735 2535 3832 2578 τοῦ

2235 2614 2469 2679 Σωτῆρος
2516 2606 2990 2680 ἐπεστομίσθησαν,
3066 2617 3393 2683 μετέστησαν
3459 2620 3551 2671 τὴν
3621 2614 3829 2685 μέμψιν

2232 2693 2314 2747 ἐπὶ
2362 2700 2480 2756 τοὺς
2536 2700 2775 2767 μαθητὰς
2840 2700 3017 2767 αὑτοῦ,
3089 2706 3176 2752 καὶ
3233 2702 3593 2773 προσελθόντες
3649 2700 3830 2754 ἐνεκά-

2231 2782 2349 2835 λουν
2379 2785 2492 2835 κατ’
2542 2786 2728 2839 αὐτῶν.
2783 2786 2847 2837 ⁸0
2897 2784 2955 2839 δέ
3002 2788 3192 2859 ἔλεγον,
3242 2798 3470 2843 τοιοῦτον
3514 2787 3594 2848 ἦν·
3629 2792 3734 2857 ὃτι,
3768 2792 3835 2845 Εἰ

2232 2878 2320 2924 xui
2354 2878 2438 2937 σὺ,
2472 2877 2539 2934 ως
2590 2874 2777 2944 ἰατρός,
2811 2883 2971 2927 ταῦτα
3000 2885 3182 2943 ποιεῖς,
3227 2877 3373 2930 ὸιατί
3399 2878 3491 2930 οὐκ
3538 2879 3834 2939 ἐπιτάττεις

2232 2969 2336 3021 τοῖς
2374 2964 2630 3032 μαθηταῖς
2682 2982 2774 3014 σου
2818 2968 3103 3034 νηστεύειν,
3153 2970 3242 3018 xui
3292 2972 3363 3038 μὴ
3410 2972 3605 3038 τρυφᾲν
3638 2984 3653 3031 ;
3682 2968 3836 3021 Ἑαυ-

2232 3054 2347 3111 τοὺς
2402 3047 2460 3102 δὲ
2524 3056 2722 3124 πρῶτον
2782 3051 3071 3118 ἐπαινοῦσι,
3153 3055 3525 3126 κομπάζοντες,
3578 3058 3659 3107 ὅτι
3713 3062 3835 3113 Νη-

2234 3141 2475 3210 στεύομεν
2530 3139 2709 3191 πολλοί.
2755 3145 2854 3192 Καὶ
2897 3144 2997 3214 ’γὰρ
3058 3141 3349 3204 ἐνήστευον,
3408 3146 3457 3195 οἱ
3508 3146 3619 3215 μὲν,
3684 3147 3836 3217 παρὰ

2233 3224 2467 3279 Ἰωάννου
2532 3235 2683 3279 τοῦτο
2748 3231 3015 3299 μαθόντες,
3079 3232 3127 3281 οἱ
3176 3228 3253 3293 δὲ,
3310 3235 3449 3303 παρὰ
3504 3240 3595 3283 τοῦ
3638 3238 3830 3303 νόμου.

2232 3311 2358 3367 Εἶτα
2395 3319 2516 3377 τοὺς
2568 3318 2801 3387 μαθητὰς
2857 3317 3016 3369 αὐτοῦ
3068 3314 3406 3389 διασύρουσι.
3450 3325 3549 3372 Καὶ
3605 3320 3704 3392 ὅρα
3734 3324 3835 3377 τήν

2232 3402 2503 3455 ἐπιείκειαν
2554 3412 2643 3456 τοῦ
2714 3413 2964 3476 Χριστοῦ,
3025 3414 3131 3465 πῶς
3212 3407 3304 3458 οὐκ
3365 3407 3567 3477 ἤλεγξεν
3639 3409 3836 3469 αὐτοὺς

2231 3490 2505 3557 ἀλαζόνας,
2540 3492 2664 3544 ἀλλὰ
2692 3490 2785 3545 διὰ
2812 3493 3107 3566 παραϐολῆς
3128 3494 3301 3555 αὐτοῖς
3323 3494 3691 3566 ἀπελογήσατο
3711 3499 3835 3568 μεθ’

2232 3580 2545 3654 ἱλαρότητος.

2306 3676 2404 3722 Καὶ
2466 3666 2599 3721 εἶπεν
2655 3699 2717 3709 -
2757 3676 2969 3742 νυμφίος
3032 3670 3221 3737 ;”Ανω
3274 3674 3361 3743 μὲν
3412 3672 3586 3744 ἰατρὸν
3646 3672 3837 3726 ἑαυτὸν

2231 3758 2511 3829 ὠνόμασεν,
2558 3757 2776 3809 ἐνταῦθα
2833 3755 2891 3811 δὲ
2916 3763 3151 3830 νυμφίον·
3218 3764 3312 3812 Καὶ
3355 3760 3580 3821 εἰκότως.
3625 3760 3839 3833 ’ἰατρὸν

2230 3848 2339 3917 μὲν,
2401 3849 2463 3906 ὡς
2510 3848 2823 3920 καθαίροντα
2879 3850 2965 3907 τὰς
3021 3850 3281 3909 νοσούσας
3343 3848 3548 3919 ψυχάς
3606 3854 3839 3920 νυμφίον

2234 3930 2311 3999 δὲ,
2367 3937 2433 3996 ὡς
2486 3940 2892 4006 μνηστευόμενον
2950 3939 3144 3997 ταύτας
3197 3938 3632 4009 παρθενευούσας.
3678 3940 3842 4000 Tim);

2234 4019 2292 4075 δὲ
2330 4031 2419 4075 τοῦ
2478 4032 2736 4095 νυμφῶνος
2790 4023 2925 4094 λέγει
2977 4028 3095 4085 τοὺς
3154 4024 3367 4083 οἰκείους
3426 4033 3521 4085 τῆς
3595 4030 3843 4097 νυμφεύ-

2235 4132 2383 4173 σεως.
2420 4119 2595 4165 Ταυτα
2632 4109 2689 4164 δε
2744 4116 2963 4185 εἴρηκεν,
3023 4112 3428 4184 ἀναμιμνήσκων
3497 4113 3689 4175 αὐτοὺς
3732 4123 3846 4165 τῶν

2231 4202 2475 4275 ῥημάτων
2526 4208 2616 4251 τοῦ
2669 4200 2921 4253 Ἰωάννου.
2974 4205 3248 4271 φήσαντος,
3313 4202 3391 4252 ὅτι
3430 4200 3489 4252 Ὀ
3551 4204 3688 4272 ἔχων
3738 4208 3847 4261 τὴν

2231 4292 2452 4360 νύμφην,
2506 4292 2719 4359 νυμφίος
2789 4287 2947 4340 ἐστίν·
3020 4290 3045 4339 ό
3118 4286 3175 4340 δε
3249 4288 3391 4359 φίλος
3438 4295 3531 4340 τοῦ
3580 4294 3848 4361 νυμφίου,

2234 4379 2259 4429 ό
2287 4378 2519 4437 έστηκὼς
2549 4382 2637 4428 καὶ
2665 4378 2865 4428 ἁκούων
2916 4377 3093 4442 αὐτοῦ,
3133 4376 3283 4448 χαρᾲ
3333 4382 3532 4450 χαίρει,
3588 4374 3686 4430 διὰ
3740 4384 3849 4437 τήν

2235 4470 2401 4538 φωνὴν
2432 4472 2524 4517 τοῦ
2543 4470 2783 4537 νυμφίου.

2305 4642 2455 4696 Ἐστι
2490 4638 2549 4695 δὲ
2601 4643 2626 4693 ό
2672 4649 2789 4703 νοῦς
2849 4650 2947 4693 τῶν
3007 4642 3177 4716 ῥητῶν
3233 4642 3482 4702 τοιοῦτος’
3545 4644 3623 4694 ὅτι
3668 4650 3851 4717 Παρε-

2234 4734 2453 4803 γινόμην
2511 4730 2595 4783 ἐπὶ
2647 4739 2715 4801 τῷ
2754 4732 3150 4802 νυμφεύσασθαι
3197 4735 3286 4782 xui
3340 4730 3573 4801 συνάψαί
3620 4732 3851 4803 ἐμαυτῷ

547 4902 595 4937 ⁸³
618 4903 762 4959 Osee
788 4917 860 4969 γι,
897 4907 946 4959 6.
1025 4903 1071 4939 ”
1094 4906 1262 4961 Marc.
1295 4919 1351 4972 ιι,
1392 4904 1493 4977 18,
1528 4906 1665 4961 Luc.
1700 4923 1753 4974 γ,
1788 4906 1875 4964 33.
1954 4908 2000 4943 ⁸⁵
2031 4910 2125 4965 Joa

2247 4925 2324 4977 ιιι,
2353 4913 2439 4965 29.

1714 5082 2279 5153 Variaalectiones
2302 5095 2365 5153 et
2381 5094 2579 5152 notas.

548 5250 659 5323 (95)
684 5252 754 5316 ἓν,
788 5250 1004 5308 omittit
1036 5256 1101 5307 A.

547 5427 649 5505 (ss)
680 5428 858 5484 Filios
890 5431 1088 5484 autem
1120 5429 1365 5505 thalami
1388 5430 1547 5505 dicit,
1573 5436 1735 5505 aptes
1768 5432 1845 5489 ad
1866 5433 2120 5503 despon-

476 5502 792 5573 sationem.
819 5506 1045 5573 Νυμφῶν
1076 5505 1162 5556 est
1188 5501 1372 5563 locus,
1402 5501 1637 5569 domus,
1675 5505 1766 5559 ubi
1793 5501 2008 5573 nuptiae
2032 5521 2120 5558 ce-

476 5571 551 5629 lel
580 5577 805 5631 rantur.
834 5571 1140 5645 Νυμφευσις
1182 5576 1270 5630 est
1325 5573 1724 5647 desponsatio.
1783 5571 1894 5632 Sed
1935 5576 2116 5637 ὀὶκεῐος

2300 5255 2411 5327 (96)
2444 5255 2608 5311 Tom.
2646 5256 2757 5326 VII,
2787 5270 2919 5326 pag.
2948 5256 3045 5311 351
3076 5256 3140 5309 Α·

2228 5433 2573 5499 ambiguum
2592 5438 2677 5489 est
2690 5433 2747 5488 in
2764 5432 3163 5489 Grmco.Notat
3176 5432 3334 5488 enim
3349 5431 3819 5487 etdomesticum
3834 5476 3850 5498 ,

2228 5522 2333 5560 seu
2360 5504 2954 5569 familiarem,deinde
2977 5504 3394 5576 etiamaptum
3427 5510 3484 5560 et
3515 5504 3849 5559 idoneum.

2225 5576 2440 5632 Eodem
2476 5577 2658 5633 modo
2681 5582 2939 5633 erratum
2965 5583 3050 5632 est
3083 5574 3239 5632 infra
3279 5590 3426 5630 mox.
