  <div class='ocr_page' id='page_1' title='image "/cluster/home/n/w/nwhite01/storage/ocr_20150623/129/hvd.32044073502395/162.png"; bbox 0 0 3990 6206; ppageno 0'>
   <div class='ocr_carea' id='block_1_1' title="bbox 231 294 2396 355">
    <p class='ocr_par' dir='ltr' id='par_1_1' title="bbox 231 294 2396 355">
     <span class='ocr_line' id='line_1_1' title="bbox 231 294 2396 355; baseline -0.001 -5"><span class='ocrx_word' id='word_1_1' title='bbox 231 294 303 350; x_wconf 80' lang='grc'>313</span> <span class='ocrx_word' id='word_1_2' title='bbox 1110 295 1481 355; x_wconf 72' lang='lat' dir='ltr'>COMMENI‘.</span> <span class='ocrx_word' id='word_1_3' title='bbox 1532 297 1599 351; x_wconf 83' lang='lat' dir='ltr'><strong>IN</strong></span> <span class='ocrx_word' id='word_1_4' title='bbox 1641 295 2086 351; x_wconf 55' lang='lat' dir='ltr'>MATTHXEUM.</span> <span class='ocrx_word' id='word_1_5' title='bbox 2130 326 2196 338; x_wconf 94' lang='lat'>-—</span> <span class='ocrx_word' id='word_1_6' title='bbox 2237 295 2396 352; x_wconf 80' lang='lat' dir='ltr'>CAP.</span> 
     </span>
    </p>
   </div>
   <div class='ocr_carea' id='block_1_2' title="bbox 3395 297 3497 353">
    <p class='ocr_par' dir='ltr' id='par_1_2' title="bbox 3395 297 3497 353">
     <span class='ocr_line' id='line_1_2' title="bbox 3395 297 3497 353; baseline 0 0"><span class='ocrx_word' id='word_1_7' title='bbox 3395 297 3497 353; x_wconf 83' lang='grc'>314</span> 
     </span>
    </p>
   </div>
   <div class='ocr_carea' id='block_1_3' title="bbox 228 415 1722 493">
    <p class='ocr_par' dir='ltr' id='par_1_3' title="bbox 228 415 1722 478">
     <span class='ocr_line' id='line_1_3' title="bbox 228 415 1722 478; baseline 0.003 -9"><span class='ocrx_word' id='word_1_8' title='bbox 228 415 291 469; x_wconf 77' lang='grc' dir='ltr'><strong><em>διὰ</em></strong></span> <span class='ocrx_word' id='word_1_9' title='bbox 323 421 510 476; x_wconf 74' lang='grc' dir='ltr'>πίστεως</span> <span class='ocrx_word' id='word_1_10' title='bbox 550 420 637 474; x_wconf 73' lang='grc' dir='ltr'><strong><em>τὴν</em></strong></span> <span class='ocrx_word' id='word_1_11' title='bbox 684 417 996 478; x_wconf 72' lang='grc' dir='ltr'>Ἐκκλησίαν</span> <span class='ocrx_word' id='word_1_12' title='bbox 1052 429 1149 472; x_wconf 84' lang='grc' dir='ltr'>τῶν</span> <span class='ocrx_word' id='word_1_13' title='bbox 1187 430 1385 474; x_wconf 81' lang='grc' dir='ltr'>πιστῶν</span> <span class='ocrx_word' id='word_1_14' title='bbox 1417 441 1427 451; x_wconf 82' lang='grc'><em>’</em></span> <span class='ocrx_word' id='word_1_15' title='bbox 1462 423 1488 474; x_wconf 84' lang='grc' dir='ltr'>ὁ</span> <span class='ocrx_word' id='word_1_16' title='bbox 1528 419 1586 475; x_wconf 71' lang='grc' dir='ltr'>δὲ</span> <span class='ocrx_word' id='word_1_17' title='bbox 1628 442 1722 474; x_wconf 83' lang='grc' dir='ltr'><strong><em>και</em></strong></span> 
     </span>
    </p>
   </div>
   <div class='ocr_carea' id='block_1_4' title="bbox 1847 415 3495 493">
    <p class='ocr_par' dir='ltr' id='par_1_4' title="bbox 1849 420 3495 493">
     <span class='ocr_line' id='line_1_4' title="bbox 1849 420 3495 493; baseline 0.001 -18"><span class='ocrx_word' id='word_1_18' title='bbox 1849 424 1904 477; x_wconf 88' lang='lat' dir='ltr'>et</span> <span class='ocrx_word' id='word_1_19' title='bbox 1935 421 2322 491; x_wconf 89' lang='lat' dir='ltr'>conjungam,</span> <span class='ocrx_word' id='word_1_20' title='bbox 2365 425 2421 476; x_wconf 90' lang='lat' dir='ltr'>et</span> <span class='ocrx_word' id='word_1_21' title='bbox 2449 420 2564 476; x_wconf 89' lang='lat' dir='ltr'>hoc</span> <span class='ocrx_word' id='word_1_22' title='bbox 2595 424 2823 492; x_wconf 83' lang='lat' dir='ltr'>tempus</span> <span class='ocrx_word' id='word_1_23' title='bbox 2846 425 2933 476; x_wconf 89' lang='lat' dir='ltr'>est</span> <span class='ocrx_word' id='word_1_24' title='bbox 2964 421 3307 493; x_wconf 79' lang='lat' dir='ltr'>nuptiarum</span> <span class='ocrx_word' id='word_1_25' title='bbox 3344 438 3356 487; x_wconf 90' lang='lat'>;</span> <span class='ocrx_word' id='word_1_26' title='bbox 3382 438 3495 478; x_wconf 86' lang='lat' dir='ltr'>non</span> 
     </span>
    </p>
   </div>
   <div class='ocr_carea' id='block_1_5' title="bbox 216 507 1736 585">
    <p class='ocr_par' dir='ltr' id='par_1_5' title="bbox 216 507 1736 585">
     <span class='ocr_line' id='line_1_5' title="bbox 216 507 1736 585; baseline 0.005 -29"><span class='ocrx_word' id='word_1_27' title='bbox 216 515 280 579; x_wconf 61' lang='grc' dir='ltr'>ρος</span> <span class='ocrx_word' id='word_1_28' title='bbox 315 507 441 565; x_wconf 75' lang='grc' dir='ltr'><strong><em>οὗτος</em></strong></span> <span class='ocrx_word' id='word_1_29' title='bbox 480 513 568 567; x_wconf 73' lang='grc' dir='ltr'>τῆς</span> <span class='ocrx_word' id='word_1_30' title='bbox 611 510 940 579; x_wconf 67' lang='grc' dir='ltr'><strong><em>νυμφεύσεως</em></strong></span> <span class='ocrx_word' id='word_1_31' title='bbox 981 509 1073 560; x_wconf 67' lang='grc' dir='ltr'>οὐκ</span> <span class='ocrx_word' id='word_1_32' title='bbox 1123 513 1234 562; x_wconf 79' lang='grc' dir='ltr'><strong><em>ἔστι</em></strong></span> <span class='ocrx_word' id='word_1_33' title='bbox 1276 512 1487 572; x_wconf 78' lang='grc' dir='ltr'>πένθους</span> <span class='ocrx_word' id='word_1_34' title='bbox 1535 517 1736 585; x_wconf 74' lang='grc' dir='ltr'><strong><em>καιρὸς,</em></strong></span> 
     </span>
    </p>
   </div>
   <div class='ocr_carea' id='block_1_6' title="bbox 213 593 1740 666">
    <p class='ocr_par' dir='ltr' id='par_1_6' title="bbox 213 593 1740 666">
     <span class='ocr_line' id='line_1_6' title="bbox 213 593 1740 666; baseline 0.006 -22"><span class='ocrx_word' id='word_1_35' title='bbox 213 593 308 644; x_wconf 74' lang='grc' dir='ltr'><strong><em>ἀλλὰ</em></strong></span> <span class='ocrx_word' id='word_1_36' title='bbox 353 600 510 666; x_wconf 78' lang='grc' dir='ltr'><strong><em>χαρᾶς</em></strong></span> <span class='ocrx_word' id='word_1_37' title='bbox 542 615 553 626; x_wconf 80' lang='grc' dir='ltr'>ο</span> <span class='ocrx_word' id='word_1_38' title='bbox 603 600 689 647; x_wconf 75' lang='grc' dir='ltr'>καὶ</span> <span class='ocrx_word' id='word_1_39' title='bbox 739 595 916 648; x_wconf 79' lang='grc' dir='ltr'><strong><em>λοιπον</em></strong></span> <span class='ocrx_word' id='word_1_40' title='bbox 969 598 1027 649; x_wconf 74' lang='grc' dir='ltr'>οὗ</span> <span class='ocrx_word' id='word_1_41' title='bbox 1083 595 1327 650; x_wconf 78' lang='grc' dir='ltr'><strong><em>δύνανται</em></strong></span> <span class='ocrx_word' id='word_1_42' title='bbox 1379 604 1641 657; x_wconf 76' lang='grc' dir='ltr'><strong><em>νηστεύειν</em></strong></span> <span class='ocrx_word' id='word_1_43' title='bbox 1691 604 1740 653; x_wconf 87' lang='grc' dir='ltr'>οἱ</span> 
     </span>
    </p>
   </div>
   <div class='ocr_carea' id='block_1_7' title="bbox 207 683 1736 758">
    <p class='ocr_par' dir='ltr' id='par_1_7' title="bbox 207 683 1736 758">
     <span class='ocr_line' id='line_1_7' title="bbox 207 683 1736 758; baseline 0.005 -24"><span class='ocrx_word' id='word_1_44' title='bbox 207 683 352 735; x_wconf 75' lang='grc' dir='ltr'>οἰκεῖοι</span> <span class='ocrx_word' id='word_1_45' title='bbox 391 683 540 744; x_wconf 65' lang='grc' dir='ltr'><strong><em>αὐτῆς</em></strong></span> <span class='ocrx_word' id='word_1_46' title='bbox 569 700 580 712; x_wconf 76' lang='grc'><strong><em>⁸</em></strong></span> <span class='ocrx_word' id='word_1_47' title='bbox 638 684 867 757; x_wconf 74' lang='grc' dir='ltr'><strong><em>θλιϐερὸν</em></strong></span> <span class='ocrx_word' id='word_1_48' title='bbox 905 688 1004 758; x_wconf 74' lang='grc' dir='ltr'>γὰρ</span> <span class='ocrx_word' id='word_1_49' title='bbox 1056 691 1111 738; x_wconf 88' lang='grc' dir='ltr'>τὸ</span> <span class='ocrx_word' id='word_1_50' title='bbox 1165 691 1428 745; x_wconf 77' lang='grc' dir='ltr'>νηστεύειν</span> <span class='ocrx_word' id='word_1_51' title='bbox 1467 697 1576 751; x_wconf 85' lang='grc' dir='ltr'><strong><em>τοῖς</em></strong></span> <span class='ocrx_word' id='word_1_52' title='bbox 1623 689 1736 742; x_wconf 74' lang='grc' dir='ltr'>ἀτε-</span> 
     </span>
    </p>
   </div>
   <div class='ocr_carea' id='block_1_8' title="bbox 205 768 1739 853">
    <p class='ocr_par' dir='ltr' id='par_1_8' title="bbox 205 768 1739 853">
     <span class='ocr_line' id='line_1_8' title="bbox 205 768 1739 853; baseline 0.007 -32"><span class='ocrx_word' id='word_1_53' title='bbox 205 772 282 832; x_wconf 74' lang='grc' dir='ltr'><strong><em>λῶς</em></strong></span> <span class='ocrx_word' id='word_1_54' title='bbox 319 774 383 822; x_wconf 76' lang='grc' dir='ltr'>ἔτι</span> <span class='ocrx_word' id='word_1_55' title='bbox 426 768 757 842; x_wconf 70' lang='grc' dir='ltr'>διακειμένοις</span> <span class='ocrx_word' id='word_1_56' title='bbox 787 795 798 806; x_wconf 70' lang='grc' dir='ltr'>ι</span> <span class='ocrx_word' id='word_1_57' title='bbox 850 778 1063 837; x_wconf 74' lang='grc' dir='ltr'><strong><em>τούτους</em></strong></span> <span class='ocrx_word' id='word_1_58' title='bbox 1103 774 1160 829; x_wconf 68' lang='grc' dir='ltr'>ὁὶ</span> <span class='ocrx_word' id='word_1_59' title='bbox 1211 782 1320 848; x_wconf 76' lang='grc' dir='ltr'>χρὴ</span> <span class='ocrx_word' id='word_1_60' title='bbox 1371 783 1599 853; x_wconf 80' lang='grc' dir='ltr'>χαίρειν,</span> <span class='ocrx_word' id='word_1_61' title='bbox 1647 780 1739 840; x_wconf 82' lang='grc' dir='ltr'>ἕως</span> 
     </span>
    </p>
   </div>
   <div class='ocr_carea' id='block_1_9' title="bbox 207 856 1736 941">
    <p class='ocr_par' dir='ltr' id='par_1_9' title="bbox 207 856 1736 941">
     <span class='ocr_line' id='line_1_9' title="bbox 207 856 1736 941; baseline 0.006 -31"><span class='ocrx_word' id='word_1_62' title='bbox 207 856 253 911; x_wconf 72' lang='grc' dir='ltr'>οὗ</span> <span class='ocrx_word' id='word_1_63' title='bbox 281 859 366 930; x_wconf 73' lang='grc' dir='ltr'><strong><em>εἰμι</em></strong></span> <span class='ocrx_word' id='word_1_64' title='bbox 399 859 500 933; x_wconf 77' lang='grc' dir='ltr'><strong><em>μετ’</em></strong></span> <span class='ocrx_word' id='word_1_65' title='bbox 531 861 716 928; x_wconf 70' lang='grc' dir='ltr'><strong><em>αὐτῶν,</em></strong></span> <span class='ocrx_word' id='word_1_66' title='bbox 753 870 998 925; x_wconf 80' lang='grc' dir='ltr'>συνόντας</span> <span class='ocrx_word' id='word_1_67' title='bbox 1025 885 1136 937; x_wconf 81' lang='grc' dir='ltr'><strong><em>μοι,</em></strong></span> <span class='ocrx_word' id='word_1_68' title='bbox 1171 871 1260 918; x_wconf 81' lang='grc' dir='ltr'>καὶ</span> <span class='ocrx_word' id='word_1_69' title='bbox 1291 874 1383 928; x_wconf 81' lang='grc' dir='ltr'><strong><em>τῆς</em></strong></span> <span class='ocrx_word' id='word_1_70' title='bbox 1420 875 1586 939; x_wconf 71' lang='grc' dir='ltr'><strong><em>φωνῆς</em></strong></span> <span class='ocrx_word' id='word_1_71' title='bbox 1634 888 1736 941; x_wconf 81' lang='grc' dir='ltr'><strong><em>μου</em></strong></span> 
     </span>
    </p>
   </div>
   <div class='ocr_carea' id='block_1_10' title="bbox 206 968 448 1009">
    <p class='ocr_par' dir='ltr' id='par_1_10' title="bbox 206 968 448 1009">
     <span class='ocr_line' id='line_1_10' title="bbox 206 968 448 1009; baseline 0.008 -11"><span class='ocrx_word' id='word_1_72' title='bbox 206 968 448 1009; x_wconf 74' lang='grc' dir='ltr'><strong><em>ακονοντας.</em></strong></span> 
     </span>
    </p>
   </div>
   <div class='ocr_carea' id='block_1_11' title="bbox 253 1125 1734 1207">
    <p class='ocr_par' dir='ltr' id='par_1_11' title="bbox 253 1125 1734 1207">
     <span class='ocr_line' id='line_1_11' title="bbox 253 1125 1734 1207; baseline 0.007 -29"><span class='ocrx_word' id='word_1_73' title='bbox 253 1125 534 1178; x_wconf 63' lang='grc' dir='ltr'>’Βεύσονται</span> <span class='ocrx_word' id='word_1_74' title='bbox 612 1158 682 1167; x_wconf 91' lang='grc'><strong><em>-</em></strong></span> <span class='ocrx_word' id='word_1_75' title='bbox 755 1132 1154 1186; x_wconf 74' lang='grc' dir='ltr'>νηστεύσουσιν.</span> <span class='ocrx_word' id='word_1_76' title='bbox 1246 1132 1502 1186; x_wconf 78' lang='grc' dir='ltr'>Ἐνταῦθα</span> <span class='ocrx_word' id='word_1_77' title='bbox 1577 1152 1734 1207; x_wconf 82' lang='grc' dir='ltr'><strong><em>παρε-</em></strong></span> 
     </span>
    </p>
   </div>
   <div class='ocr_carea' id='block_1_12' title="bbox 201 1208 1736 1296">
    <p class='ocr_par' dir='ltr' id='par_1_12' title="bbox 201 1208 1736 1296">
     <span class='ocr_line' id='line_1_12' title="bbox 201 1208 1736 1296; baseline 0.008 -33"><span class='ocrx_word' id='word_1_78' title='bbox 201 1208 401 1274; x_wconf 53' lang='lat' dir='ltr'>iiiis-ian,</span> <span class='ocrx_word' id='word_1_79' title='bbox 432 1218 507 1266; x_wconf 82' lang='grc' dir='ltr'><strong><em>ὅτι</em></strong></span> <span class='ocrx_word' id='word_1_80' title='bbox 545 1215 946 1290; x_wconf 76' lang='grc' dir='ltr'>ἀναιρεθήσεται</span> <span class='ocrx_word' id='word_1_81' title='bbox 979 1224 1067 1291; x_wconf 73' lang='grc' dir='ltr'>μὲν</span> <span class='ocrx_word' id='word_1_82' title='bbox 1111 1221 1286 1290; x_wconf 68' lang='grc' dir='ltr'><strong><em>αὐτὸς,</em></strong></span> <span class='ocrx_word' id='word_1_83' title='bbox 1319 1223 1468 1274; x_wconf 74' lang='grc' dir='ltr'>αὐτοὶ</span> <span class='ocrx_word' id='word_1_84' title='bbox 1506 1220 1566 1276; x_wconf 67' lang='grc' dir='ltr'>δὲ</span> <span class='ocrx_word' id='word_1_85' title='bbox 1606 1227 1736 1296; x_wconf 82' lang='grc' dir='ltr'>μετὰ</span> 
     </span>
    </p>
   </div>
   <div class='ocr_carea' id='block_1_13' title="bbox 198 1303 1621 1377">
    <p class='ocr_par' dir='ltr' id='par_1_13' title="bbox 198 1303 1621 1377">
     <span class='ocr_line' id='line_1_13' title="bbox 198 1303 1621 1377; baseline 0.01 -27"><span class='ocrx_word' id='word_1_86' title='bbox 198 1309 311 1353; x_wconf 75' lang='grc' dir='ltr'><strong><em>τοῦτο</em></strong></span> <span class='ocrx_word' id='word_1_87' title='bbox 335 1303 482 1355; x_wconf 81' lang='grc' dir='ltr'><strong><em>πολλὰ</em></strong></span> <span class='ocrx_word' id='word_1_88' title='bbox 507 1310 595 1358; x_wconf 80' lang='grc' dir='ltr'>καὶ</span> <span class='ocrx_word' id='word_1_89' title='bbox 625 1309 998 1377; x_wconf 76' lang='grc' dir='ltr'><strong><em>νηστεύσουσι,</em></strong></span> <span class='ocrx_word' id='word_1_90' title='bbox 1020 1315 1110 1361; x_wconf 85' lang='grc' dir='ltr'>καὶ</span> <span class='ocrx_word' id='word_1_91' title='bbox 1135 1313 1621 1369; x_wconf 80' lang='grc' dir='ltr'><strong><em>χακοπαθὴσουσιν.</em></strong></span> 
     </span>
    </p>
   </div>
   <div class='ocr_carea' id='block_1_14' title="bbox 245 1474 1730 1552">
    <p class='ocr_par' dir='ltr' id='par_1_14' title="bbox 245 1474 1730 1552">
     <span class='ocr_line' id='line_1_14' title="bbox 245 1474 1730 1552; baseline 0.009 -24"><span class='ocrx_word' id='word_1_92' title='bbox 245 1474 403 1538; x_wconf 68' lang='grc' dir='ltr'><strong><em>Οὖδεὶς</em></strong></span> <span class='ocrx_word' id='word_1_93' title='bbox 450 1511 517 1520; x_wconf 90' lang='grc'><strong>-</strong></span> <span class='ocrx_word' id='word_1_94' title='bbox 571 1481 805 1552; x_wconf 82' lang='grc' dir='ltr'><strong><em>παλαιῷ.</em></strong></span> <span class='ocrx_word' id='word_1_95' title='bbox 881 1485 1050 1548; x_wconf 85' lang='grc' dir='ltr'><strong><em>Δεῐξαι</em></strong></span> <span class='ocrx_word' id='word_1_96' title='bbox 1099 1485 1268 1551; x_wconf 76' lang='grc' dir='ltr'><strong><em>θέλων,</em></strong></span> <span class='ocrx_word' id='word_1_97' title='bbox 1328 1489 1407 1539; x_wconf 84' lang='grc' dir='ltr'><strong><em>ὅτι</em></strong></span> <span class='ocrx_word' id='word_1_98' title='bbox 1460 1491 1530 1550; x_wconf 84' lang='grc' dir='ltr'><strong><em>ὡς</em></strong></span> <span class='ocrx_word' id='word_1_99' title='bbox 1581 1487 1730 1542; x_wconf 79' lang='grc' dir='ltr'><strong><em>ἀσθε-</em></strong></span> 
     </span>
    </p>
   </div>
   <div class='ocr_carea' id='block_1_15' title="bbox 195 1569 1731 1651">
    <p class='ocr_par' dir='ltr' id='par_1_15' title="bbox 195 1569 1731 1651">
     <span class='ocr_line' id='line_1_15' title="bbox 195 1569 1731 1651; baseline 0.011 -37"><span class='ocrx_word' id='word_1_100' title='bbox 195 1569 295 1615; x_wconf 74' lang='grc' dir='ltr'><strong><em>νέσιν</em></strong></span> <span class='ocrx_word' id='word_1_101' title='bbox 338 1571 404 1618; x_wconf 80' lang='grc' dir='ltr'><strong><em>ἔτι</em></strong></span> <span class='ocrx_word' id='word_1_102' title='bbox 449 1577 552 1630; x_wconf 84' lang='grc' dir='ltr'><strong><em>τοῖς</em></strong></span> <span class='ocrx_word' id='word_1_103' title='bbox 618 1574 877 1642; x_wconf 75' lang='grc' dir='ltr'>μαθηταῖς</span> <span class='ocrx_word' id='word_1_104' title='bbox 933 1574 1025 1625; x_wconf 68' lang='grc' dir='ltr'>οὐκ</span> <span class='ocrx_word' id='word_1_105' title='bbox 1077 1573 1392 1648; x_wconf 75' lang='grc' dir='ltr'><strong><em>ἐπιφορτίζει</em></strong></span> <span class='ocrx_word' id='word_1_106' title='bbox 1452 1581 1508 1629; x_wconf 85' lang='grc' dir='ltr'>τὸ</span> <span class='ocrx_word' id='word_1_107' title='bbox 1567 1577 1731 1651; x_wconf 90' lang='grc' dir='ltr'><strong><em>βάρος</em></strong></span> 
     </span>
    </p>
   </div>
   <div class='ocr_carea' id='block_1_16' title="bbox 188 1655 1726 1738">
    <p class='ocr_par' dir='ltr' id='par_1_16' title="bbox 188 1655 1726 1738">
     <span class='ocr_line' id='line_1_16' title="bbox 188 1655 1726 1738; baseline 0.006 -29"><span class='ocrx_word' id='word_1_108' title='bbox 188 1660 257 1713; x_wconf 72' lang='grc' dir='ltr'><strong><em>τῆς</em></strong></span> <span class='ocrx_word' id='word_1_109' title='bbox 281 1661 516 1720; x_wconf 74' lang='grc' dir='ltr'><strong><em>νηστείας,</em></strong></span> <span class='ocrx_word' id='word_1_110' title='bbox 553 1655 648 1710; x_wconf 78' lang='grc' dir='ltr'>διὰ</span> <span class='ocrx_word' id='word_1_111' title='bbox 695 1660 990 1735; x_wconf 79' lang='grc' dir='ltr'><strong><em>παραϐολῆς</em></strong></span> <span class='ocrx_word' id='word_1_112' title='bbox 1026 1670 1177 1714; x_wconf 73' lang='grc' dir='ltr'>τοῦτο</span> <span class='ocrx_word' id='word_1_113' title='bbox 1222 1660 1477 1736; x_wconf 76' lang='grc' dir='ltr'><strong><em>δείκνυσι,</em></strong></span> <span class='ocrx_word' id='word_1_114' title='bbox 1527 1665 1684 1738; x_wconf 73' lang='grc' dir='ltr'><strong><em>λέγων</em></strong></span> <span class='ocrx_word' id='word_1_115' title='bbox 1714 1684 1726 1697; x_wconf 90' lang='grc'><strong>·</strong></span> 
     </span>
    </p>
   </div>
   <div class='ocr_carea' id='block_1_17' title="bbox 1849 509 3494 581">
    <p class='ocr_par' dir='ltr' id='par_1_17' title="bbox 1849 509 3494 581">
     <span class='ocr_line' id='line_1_17' title="bbox 1849 509 3494 581; baseline 0.001 -18"><span class='ocrx_word' id='word_1_116' title='bbox 1849 525 1989 579; x_wconf 87' lang='lat' dir='ltr'>ergo</span> <span class='ocrx_word' id='word_1_117' title='bbox 2042 515 2276 581; x_wconf 83' lang='lat' dir='ltr'>tempus</span> <span class='ocrx_word' id='word_1_118' title='bbox 2344 515 2433 564; x_wconf 89' lang='lat' dir='ltr'>est</span> <span class='ocrx_word' id='word_1_119' title='bbox 2482 509 2692 577; x_wconf 90' lang='lat' dir='ltr'>luctus,</span> <span class='ocrx_word' id='word_1_120' title='bbox 2735 509 2838 564; x_wconf 92' lang='lat' dir='ltr'>sed</span> <span class='ocrx_word' id='word_1_121' title='bbox 2879 510 3098 577; x_wconf 81' lang='lat' dir='ltr'>gaudii.</span> <span class='ocrx_word' id='word_1_122' title='bbox 3146 513 3346 580; x_wconf 83' lang='lat' dir='ltr'>Itaque</span> <span class='ocrx_word' id='word_1_123' title='bbox 3376 526 3494 565; x_wconf 92' lang='lat' dir='ltr'>non</span> 
     </span>
    </p>
   </div>
   <div class='ocr_carea' id='block_1_18' title="bbox 1848 597 3492 670">
    <p class='ocr_par' dir='ltr' id='par_1_18' title="bbox 1848 597 3492 670">
     <span class='ocr_line' id='line_1_18' title="bbox 1848 597 3492 670; baseline -0.001 -16"><span class='ocrx_word' id='word_1_124' title='bbox 1848 604 2102 669; x_wconf 85' lang='lat' dir='ltr'>possunt</span> <span class='ocrx_word' id='word_1_125' title='bbox 2122 599 2200 670; x_wconf 87' lang='lat' dir='ltr'>jej</span> <span class='ocrx_word' id='word_1_126' title='bbox 2214 614 2389 653; x_wconf 86' lang='lat' dir='ltr'>unare</span> <span class='ocrx_word' id='word_1_127' title='bbox 2416 597 2733 652; x_wconf 78' lang='lat' dir='ltr'>familiares</span> <span class='ocrx_word' id='word_1_128' title='bbox 2765 614 2833 652; x_wconf 83' lang='lat' dir='ltr'>ac</span> <span class='ocrx_word' id='word_1_129' title='bbox 2857 599 3176 669; x_wconf 84' lang='lat' dir='ltr'>propinqui</span> <span class='ocrx_word' id='word_1_130' title='bbox 3212 615 3450 668; x_wconf 75' lang='lat' dir='ltr'>sponsae</span> <span class='ocrx_word' id='word_1_131' title='bbox 3475 617 3492 669; x_wconf 83' lang='lat'><strong>;</strong></span> 
     </span>
    </p>
   </div>
   <div class='ocr_carea' id='block_1_19' title="bbox 1849 685 3492 758">
    <p class='ocr_par' dir='ltr' id='par_1_19' title="bbox 1849 685 3492 758">
     <span class='ocr_line' id='line_1_19' title="bbox 1849 685 3492 758; baseline 0 -18"><span class='ocrx_word' id='word_1_132' title='bbox 1849 702 1991 742; x_wconf 91' lang='lat' dir='ltr'>nam</span> <span class='ocrx_word' id='word_1_133' title='bbox 2043 687 2314 758; x_wconf 88' lang='lat' dir='ltr'>jejunare</span> <span class='ocrx_word' id='word_1_134' title='bbox 2357 685 2746 741; x_wconf 78' lang='lat' dir='ltr'>tribulationis</span> <span class='ocrx_word' id='word_1_135' title='bbox 2799 693 2906 750; x_wconf 87' lang='lat' dir='ltr'>est,</span> <span class='ocrx_word' id='word_1_136' title='bbox 2954 694 3008 740; x_wconf 89' lang='lat' dir='ltr'>et</span> <span class='ocrx_word' id='word_1_137' title='bbox 3063 687 3152 741; x_wconf 89' lang='lat' dir='ltr'>his</span> <span class='ocrx_word' id='word_1_138' title='bbox 3207 687 3492 756; x_wconf 80' lang='lat' dir='ltr'>congruit,</span> 
     </span>
    </p>
   </div>
   <div class='ocr_carea' id='block_1_20' title="bbox 1846 773 3494 847">
    <p class='ocr_par' dir='ltr' id='par_1_20' title="bbox 1846 773 3494 847">
     <span class='ocr_line' id='line_1_20' title="bbox 1846 773 3494 847; baseline 0.001 -19"><span class='ocrx_word' id='word_1_139' title='bbox 1846 777 1951 847; x_wconf 89' lang='lat' dir='ltr'>qui</span> <span class='ocrx_word' id='word_1_140' title='bbox 2006 774 2352 846; x_wconf 87' lang='lat' dir='ltr'>imperfecto</span> <span class='ocrx_word' id='word_1_141' title='bbox 2403 774 2586 828; x_wconf 89' lang='lat' dir='ltr'>modo</span> <span class='ocrx_word' id='word_1_142' title='bbox 2665 773 2862 828; x_wconf 84' lang='lat' dir='ltr'>adhuc</span> <span class='ocrx_word' id='word_1_143' title='bbox 2919 774 3106 830; x_wconf 74' lang='lat' dir='ltr'>affecti</span> <span class='ocrx_word' id='word_1_144' title='bbox 3166 781 3321 830; x_wconf 87' lang='lat' dir='ltr'>sunt.</span> <span class='ocrx_word' id='word_1_145' title='bbox 3380 775 3494 830; x_wconf 90' lang='lat' dir='ltr'>Hos</span> 
     </span>
    </p>
   </div>
   <div class='ocr_carea' id='block_1_21' title="bbox 1844 862 3491 933">
    <p class='ocr_par' dir='ltr' id='par_1_21' title="bbox 1844 862 3491 933">
     <span class='ocr_line' id='line_1_21' title="bbox 1844 862 3491 933; baseline 0 -15"><span class='ocrx_word' id='word_1_146' title='bbox 1844 879 1985 918; x_wconf 91' lang='lat' dir='ltr'>vero</span> <span class='ocrx_word' id='word_1_147' title='bbox 2051 863 2308 933; x_wconf 86' lang='lat' dir='ltr'>gaudere</span> <span class='ocrx_word' id='word_1_148' title='bbox 2362 866 2611 933; x_wconf 89' lang='lat' dir='ltr'>oportet,</span> <span class='ocrx_word' id='word_1_149' title='bbox 2672 862 2943 932; x_wconf 90' lang='lat' dir='ltr'>quandiu</span> <span class='ocrx_word' id='word_1_150' title='bbox 2991 879 3129 918; x_wconf 91' lang='lat' dir='ltr'>cum</span> <span class='ocrx_word' id='word_1_151' title='bbox 3177 864 3259 918; x_wconf 90' lang='lat' dir='ltr'>eis</span> <span class='ocrx_word' id='word_1_152' title='bbox 3335 880 3491 926; x_wconf 92' lang='lat' dir='ltr'>sum,</span> 
     </span>
    </p>
   </div>
   <div class='ocr_carea' id='block_1_22' title="bbox 1845 951 3496 1023">
    <p class='ocr_par' dir='ltr' id='par_1_22' title="bbox 1845 951 3496 1023">
     <span class='ocr_line' id='line_1_22' title="bbox 1845 951 3496 1023; baseline 0 -17"><span class='ocrx_word' id='word_1_153' title='bbox 1845 951 2116 1023; x_wconf 89' lang='lat' dir='ltr'>quandiu</span> <span class='ocrx_word' id='word_1_154' title='bbox 2146 966 2370 1005; x_wconf 91' lang='lat' dir='ltr'>mecum</span> <span class='ocrx_word' id='word_1_155' title='bbox 2413 952 2736 1014; x_wconf 75' lang='lat' dir='ltr'>versantur,</span> <span class='ocrx_word' id='word_1_156' title='bbox 2782 955 2837 1004; x_wconf 93' lang='lat' dir='ltr'>et</span> <span class='ocrx_word' id='word_1_157' title='bbox 2885 966 3095 1006; x_wconf 90' lang='lat' dir='ltr'>vocem</span> <span class='ocrx_word' id='word_1_158' title='bbox 3142 967 3339 1006; x_wconf 85' lang='lat' dir='ltr'><strong>meam</strong></span> <span class='ocrx_word' id='word_1_159' title='bbox 3391 969 3496 1008; x_wconf 85' lang='lat' dir='ltr'>au-</span> 
     </span>
    </p>
   </div>
   <div class='ocr_carea' id='block_1_23' title="bbox 1843 1039 2032 1095">
    <p class='ocr_par' dir='ltr' id='par_1_23' title="bbox 1843 1039 2032 1095">
     <span class='ocr_line' id='line_1_23' title="bbox 1843 1039 2032 1095; baseline -0.016 0"><span class='ocrx_word' id='word_1_160' title='bbox 1843 1039 2032 1095; x_wconf 89' lang='lat' dir='ltr'>diunt.</span> 
     </span>
    </p>
   </div>
   <div class='ocr_carea' id='block_1_24' title="bbox 1919 1126 3491 1197">
    <p class='ocr_par' dir='ltr' id='par_1_24' title="bbox 1919 1126 3491 1197">
     <span class='ocr_line' id='line_1_24' title="bbox 1919 1126 3491 1197; baseline 0.001 -17"><span class='ocrx_word' id='word_1_161' title='bbox 1919 1130 2072 1182; x_wconf 89' lang='lat' dir='ltr'>Vers.</span> <span class='ocrx_word' id='word_1_162' title='bbox 2111 1131 2192 1181; x_wconf 71' lang='lat'>45.</span> <span class='ocrx_word' id='word_1_163' title='bbox 2265 1127 2502 1183; x_wconf 86' lang='lat' dir='ltr'>Venient</span> <span class='ocrx_word' id='word_1_164' title='bbox 2539 1155 2610 1170; x_wconf 90' lang='lat'><em>—</em></span> <span class='ocrx_word' id='word_1_165' title='bbox 2658 1127 3044 1196; x_wconf 81' lang='lat' dir='ltr'>jejunabunt.</span> <span class='ocrx_word' id='word_1_166' title='bbox 3102 1127 3214 1184; x_wconf 90' lang='lat' dir='ltr'>Hic</span> <span class='ocrx_word' id='word_1_167' title='bbox 3269 1126 3491 1197; x_wconf 85' lang='lat' dir='ltr'>signiﬁ-</span> 
     </span>
    </p>
   </div>
   <div class='ocr_carea' id='block_1_25' title="bbox 1843 1214 3492 1286">
    <p class='ocr_par' dir='ltr' id='par_1_25' title="bbox 1843 1214 3492 1286">
     <span class='ocr_line' id='line_1_25' title="bbox 1843 1214 3492 1286; baseline 0 -16"><span class='ocrx_word' id='word_1_168' title='bbox 1843 1216 1992 1272; x_wconf 87' lang='lat' dir='ltr'>cavit</span> <span class='ocrx_word' id='word_1_169' title='bbox 2050 1231 2113 1270; x_wconf 90' lang='lat' dir='ltr'>se</span> <span class='ocrx_word' id='word_1_170' title='bbox 2159 1215 2577 1281; x_wconf 91' lang='lat' dir='ltr'>occidendum,</span> <span class='ocrx_word' id='word_1_171' title='bbox 2649 1214 2779 1269; x_wconf 91' lang='lat' dir='ltr'>illos</span> <span class='ocrx_word' id='word_1_172' title='bbox 2837 1221 3035 1271; x_wconf 89' lang='lat' dir='ltr'>autem</span> <span class='ocrx_word' id='word_1_173' title='bbox 3111 1215 3492 1286; x_wconf 86' lang='lat' dir='ltr'>postmodum</span> 
     </span>
    </p>
   </div>
   <div class='ocr_carea' id='block_1_26' title="bbox 1842 1303 3494 1376">
    <p class='ocr_par' dir='ltr' id='par_1_26' title="bbox 1842 1303 3494 1376">
     <span class='ocr_line' id='line_1_26' title="bbox 1842 1303 3494 1376; baseline 0 -18"><span class='ocrx_word' id='word_1_174' title='bbox 1842 1303 2172 1376; x_wconf 81' lang='lat' dir='ltr'>frequenter</span> <span class='ocrx_word' id='word_1_175' title='bbox 2212 1303 2610 1374; x_wconf 87' lang='lat' dir='ltr'>jejunaturos,</span> <span class='ocrx_word' id='word_1_176' title='bbox 2679 1318 2749 1358; x_wconf 88' lang='lat' dir='ltr'>ac</span> <span class='ocrx_word' id='word_1_177' title='bbox 2807 1303 2996 1358; x_wconf 90' lang='lat' dir='ltr'>multa</span> <span class='ocrx_word' id='word_1_178' title='bbox 3051 1303 3213 1359; x_wconf 90' lang='lat' dir='ltr'>mala</span> <span class='ocrx_word' id='word_1_179' title='bbox 3282 1319 3494 1374; x_wconf 81' lang='lat' dir='ltr'>passu-</span> 
     </span>
    </p>
   </div>
   <div class='ocr_carea' id='block_1_27' title="bbox 1842 1407 1964 1448">
    <p class='ocr_par' dir='ltr' id='par_1_27' title="bbox 1842 1407 1964 1448">
     <span class='ocr_line' id='line_1_27' title="bbox 1842 1407 1964 1448; baseline 0.016 -2"><span class='ocrx_word' id='word_1_180' title='bbox 1842 1407 1938 1448; x_wconf 69' lang='grc' dir='ltr'>τος</span> <span class='ocrx_word' id='word_1_181' title='bbox 1951 1434 1964 1448; x_wconf 90' lang='grc'><strong>.</strong></span> 
     </span>
    </p>
   </div>
   <div class='ocr_carea' id='block_1_28' title="bbox 1911 1479 3487 1545">
    <p class='ocr_par' dir='ltr' id='par_1_28' title="bbox 1911 1479 3487 1545">
     <span class='ocr_line' id='line_1_28' title="bbox 1911 1479 3487 1545; baseline 0 -11"><span class='ocrx_word' id='word_1_182' title='bbox 1911 1483 2066 1535; x_wconf 88' lang='lat' dir='ltr'>Vers.</span> <span class='ocrx_word' id='word_1_183' title='bbox 2127 1481 2210 1534; x_wconf 89' lang='grc'>16.</span> <span class='ocrx_word' id='word_1_184' title='bbox 2260 1481 2444 1535; x_wconf 83' lang='lat' dir='ltr'>Nemo</span> <span class='ocrx_word' id='word_1_185' title='bbox 2495 1509 2564 1519; x_wconf 89' lang='lat'>-—</span> <span class='ocrx_word' id='word_1_186' title='bbox 2625 1481 2826 1535; x_wconf 81' lang='lat' dir='ltr'>veteri.</span> <span class='ocrx_word' id='word_1_187' title='bbox 2879 1479 3095 1535; x_wconf 91' lang='lat' dir='ltr'>Volens</span> <span class='ocrx_word' id='word_1_188' title='bbox 3151 1479 3487 1545; x_wconf 85' lang='lat' dir='ltr'>ostendere,</span> 
     </span>
    </p>
   </div>
   <div class='ocr_carea' id='block_1_29' title="bbox 1839 1567 3490 1640">
    <p class='ocr_par' dir='ltr' id='par_1_29' title="bbox 1839 1567 3490 1640">
     <span class='ocr_line' id='line_1_29' title="bbox 1839 1567 3490 1640; baseline -0.002 -16"><span class='ocrx_word' id='word_1_189' title='bbox 1839 1569 2002 1640; x_wconf 90' lang='lat' dir='ltr'>quod</span> <span class='ocrx_word' id='word_1_190' title='bbox 2061 1573 2349 1640; x_wconf 84' lang='lat' dir='ltr'>tanquam</span> <span class='ocrx_word' id='word_1_191' title='bbox 2387 1567 2585 1623; x_wconf 88' lang='lat' dir='ltr'>adhuc</span> <span class='ocrx_word' id='word_1_192' title='bbox 2625 1567 2950 1622; x_wconf 85' lang='lat' dir='ltr'>imbecilles</span> <span class='ocrx_word' id='word_1_193' title='bbox 3003 1567 3330 1639; x_wconf 88' lang='lat' dir='ltr'>discipulos</span> <span class='ocrx_word' id='word_1_194' title='bbox 3367 1583 3490 1622; x_wconf 90' lang='lat' dir='ltr'>non</span> 
     </span>
    </p>
   </div>
   <div class='ocr_carea' id='block_1_30' title="bbox 1839 1654 3489 1728">
    <p class='ocr_par' dir='ltr' id='par_1_30' title="bbox 1839 1654 3489 1728">
     <span class='ocr_line' id='line_1_30' title="bbox 1839 1654 3489 1728; baseline -0.001 -17"><span class='ocrx_word' id='word_1_195' title='bbox 1839 1661 2043 1712; x_wconf 90' lang='lat' dir='ltr'>oneret</span> <span class='ocrx_word' id='word_1_196' title='bbox 2097 1657 2360 1728; x_wconf 91' lang='lat' dir='ltr'>pondere</span> <span class='ocrx_word' id='word_1_197' title='bbox 2409 1654 2637 1726; x_wconf 83' lang='lat' dir='ltr'>jejunii,</span> <span class='ocrx_word' id='word_1_198' title='bbox 2691 1671 2791 1727; x_wconf 92' lang='lat' dir='ltr'>per</span> <span class='ocrx_word' id='word_1_199' title='bbox 2849 1657 3196 1727; x_wconf 87' lang='lat' dir='ltr'>parabolam</span> <span class='ocrx_word' id='word_1_200' title='bbox 3248 1656 3362 1711; x_wconf 91' lang='lat' dir='ltr'>hoc</span> <span class='ocrx_word' id='word_1_201' title='bbox 3413 1656 3489 1709; x_wconf 86' lang='lat' dir='ltr'>si-</span> 
     </span>
    </p>
   </div>
   <div class='ocr_carea' id='block_1_31' title="bbox 189 1737 1722 1830">
    <p class='ocr_par' dir='ltr' id='par_1_31' title="bbox 189 1737 1722 1830">
     <span class='ocr_line' id='line_1_31' title="bbox 189 1737 1722 1830; baseline 0.011 -40"><span class='ocrx_word' id='word_1_202' title='bbox 189 1737 341 1803; x_wconf 64' lang='grc' dir='ltr'>Οὐδεὶς</span> <span class='ocrx_word' id='word_1_203' title='bbox 391 1744 594 1816; x_wconf 74' lang='grc' dir='ltr'><strong><em>ἰώμινος</em></strong></span> <span class='ocrx_word' id='word_1_204' title='bbox 657 1750 866 1818; x_wconf 73' lang='grc' dir='ltr'>ἱματίου</span> <span class='ocrx_word' id='word_1_205' title='bbox 918 1749 1140 1802; x_wconf 80' lang='grc' dir='ltr'><strong><em>παλαιοῦ</em></strong></span> <span class='ocrx_word' id='word_1_206' title='bbox 1212 1754 1529 1827; x_wconf 80' lang='grc' dir='ltr'><strong><em>σαθρότητα,</em></strong></span> <span class='ocrx_word' id='word_1_207' title='bbox 1594 1754 1722 1830; x_wconf 79' lang='grc' dir='ltr'><strong>ἐπιρ·</strong></span> 
     </span>
    </p>
   </div>
   <div class='ocr_carea' id='block_1_32' title="bbox 1847 1737 3492 1830">
    <p class='ocr_par' dir='ltr' id='par_1_32' title="bbox 1847 1743 3492 1816">
     <span class='ocr_line' id='line_1_32' title="bbox 1847 1743 3492 1816; baseline -0.001 -16"><span class='ocrx_word' id='word_1_208' title='bbox 1847 1744 2079 1816; x_wconf 83' lang='lat' dir='ltr'>gniticat</span> <span class='ocrx_word' id='word_1_209' title='bbox 2131 1744 2378 1799; x_wconf 91' lang='lat' dir='ltr'>dicens:</span> <span class='ocrx_word' id='word_1_210' title='bbox 2439 1743 2644 1798; x_wconf 88' lang='lat' dir='ltr'>Nullus</span> <span class='ocrx_word' id='word_1_211' title='bbox 2688 1745 3011 1799; x_wconf 87' lang='lat' dir='ltr'>resarciens</span> <span class='ocrx_word' id='word_1_212' title='bbox 3063 1744 3338 1800; x_wconf 90' lang='lat' dir='ltr'>detritam</span> <span class='ocrx_word' id='word_1_213' title='bbox 3397 1759 3492 1798; x_wconf 89' lang='lat' dir='ltr'>ve-</span> 
     </span>
    </p>
   </div>
   <div class='ocr_carea' id='block_1_33' title="bbox 182 1832 1727 1910">
    <p class='ocr_par' dir='ltr' id='par_1_33' title="bbox 182 1832 1727 1910">
     <span class='ocr_line' id='line_1_33' title="bbox 182 1832 1727 1910; baseline 0.011 -32"><span class='ocrx_word' id='word_1_214' title='bbox 182 1832 331 1898; x_wconf 72' lang='grc' dir='ltr'><strong><em>ράπτει</em></strong></span> <span class='ocrx_word' id='word_1_215' title='bbox 377 1837 624 1904; x_wconf 73' lang='grc' dir='ltr'><strong><em>τεμάχιον</em></strong></span> <span class='ocrx_word' id='word_1_216' title='bbox 676 1837 870 1910; x_wconf 77' lang='grc' dir='ltr'><strong><em>ῥάκους</em></strong></span> <span class='ocrx_word' id='word_1_217' title='bbox 927 1836 1176 1910; x_wconf 67' lang='grc' dir='ltr'><strong><em>ἀγνάφου,</em></strong></span> <span class='ocrx_word' id='word_1_218' title='bbox 1235 1845 1474 1893; x_wconf 82' lang='grc' dir='ltr'>τουτέστι</span> <span class='ocrx_word' id='word_1_219' title='bbox 1529 1851 1727 1907; x_wconf 76' lang='grc' dir='ltr'><strong><em>καινοῦ,</em></strong></span> 
     </span>
    </p>
   </div>
   <div class='ocr_carea' id='block_1_34' title="bbox 187 1921 1444 1998">
    <p class='ocr_par' dir='ltr' id='par_1_34' title="bbox 187 1921 1444 1998">
     <span class='ocr_line' id='line_1_34' title="bbox 187 1921 1444 1998; baseline 0.013 -34"><span class='ocrx_word' id='word_1_220' title='bbox 187 1921 250 1966; x_wconf 73' lang='grc' dir='ltr'>ἐπὶ</span> <span class='ocrx_word' id='word_1_221' title='bbox 274 1922 396 1988; x_wconf 78' lang='grc' dir='ltr'><strong><em>μέρει</em></strong></span> <span class='ocrx_word' id='word_1_222' title='bbox 424 1921 649 1994; x_wconf 75' lang='grc' dir='ltr'><strong><em>παλαιῷ.</em></strong></span> <span class='ocrx_word' id='word_1_223' title='bbox 683 1921 812 1977; x_wconf 82' lang='grc' dir='ltr'>Εἶτα</span> <span class='ocrx_word' id='word_1_224' title='bbox 840 1925 974 1998; x_wconf 77' lang='grc' dir='ltr'><strong><em>λέγει</em></strong></span> <span class='ocrx_word' id='word_1_225' title='bbox 1002 1934 1090 1979; x_wconf 81' lang='grc' dir='ltr'>καὶ</span> <span class='ocrx_word' id='word_1_226' title='bbox 1128 1933 1221 1986; x_wconf 77' lang='grc' dir='ltr'><strong><em>την</em></strong></span> <span class='ocrx_word' id='word_1_227' title='bbox 1252 1929 1444 1982; x_wconf 77' lang='grc' dir='ltr'>αἰτίαν.</span> 
     </span>
    </p>
   </div>
   <div class='ocr_carea' id='block_1_35' title="bbox 232 2097 1732 2178">
    <p class='ocr_par' dir='ltr' id='par_1_35' title="bbox 232 2097 1732 2178">
     <span class='ocr_line' id='line_1_35' title="bbox 232 2097 1732 2178; baseline 0.01 -32"><span class='ocrx_word' id='word_1_228' title='bbox 232 2097 347 2165; x_wconf 81' lang='grc' dir='ltr'><strong><em>Αἶρει</em></strong></span> <span class='ocrx_word' id='word_1_229' title='bbox 385 2126 448 2138; x_wconf 91' lang='lat'>-—</span> <span class='ocrx_word' id='word_1_230' title='bbox 495 2104 724 2168; x_wconf 69' lang='grc' dir='ltr'>γίνεται.</span> <span class='ocrx_word' id='word_1_231' title='bbox 775 2105 843 2154; x_wconf 87' lang='grc' dir='ltr'>Τὸ</span> <span class='ocrx_word' id='word_1_232' title='bbox 884 2106 985 2175; x_wconf 77' lang='grc' dir='ltr'>γὰρ</span> <span class='ocrx_word' id='word_1_233' title='bbox 1036 2104 1294 2178; x_wconf 73' lang='grc' dir='ltr'><strong><em>πλήρωμα</em></strong></span> <span class='ocrx_word' id='word_1_234' title='bbox 1345 2107 1526 2174; x_wconf 66' lang='grc' dir='ltr'><strong><em>αὐτοῦ,</em></strong></span> <span class='ocrx_word' id='word_1_235' title='bbox 1583 2128 1732 2160; x_wconf 81' lang='grc' dir='ltr'>τουτ-</span> 
     </span>
    </p>
   </div>
   <div class='ocr_carea' id='block_1_36' title="bbox 178 2184 1733 2271">
    <p class='ocr_par' dir='ltr' id='par_1_36' title="bbox 178 2184 1733 2271">
     <span class='ocr_line' id='line_1_36' title="bbox 178 2184 1733 2271; baseline 0.013 -41"><span class='ocrx_word' id='word_1_236' title='bbox 178 2184 293 2231; x_wconf 70' lang='grc' dir='ltr'><strong><em>έστιν</em></strong></span> <span class='ocrx_word' id='word_1_237' title='bbox 341 2186 367 2240; x_wconf 73' lang='grc' dir='ltr'>ἡ</span> <span class='ocrx_word' id='word_1_238' title='bbox 425 2185 608 2249; x_wconf 74' lang='grc' dir='ltr'><strong><em>ὁλότης</em></strong></span> <span class='ocrx_word' id='word_1_239' title='bbox 662 2197 756 2240; x_wconf 76' lang='grc' dir='ltr'>τοῦ</span> <span class='ocrx_word' id='word_1_240' title='bbox 797 2189 1024 2263; x_wconf 68' lang='grc' dir='ltr'>ἀγνάφου</span> <span class='ocrx_word' id='word_1_241' title='bbox 1086 2195 1294 2267; x_wconf 78' lang='grc' dir='ltr'><strong><em>ῥάκους,</em></strong></span> <span class='ocrx_word' id='word_1_242' title='bbox 1380 2196 1580 2271; x_wconf 72' lang='grc' dir='ltr'><strong><em>ἰσχυρὰ</em></strong></span> <span class='ocrx_word' id='word_1_243' title='bbox 1645 2194 1733 2250; x_wconf 76' lang='grc' dir='ltr'>καὶ</span> 
     </span>
    </p>
   </div>
   <div class='ocr_carea' id='block_1_37' title="bbox 175 2266 1731 2355">
    <p class='ocr_par' dir='ltr' id='par_1_37' title="bbox 175 2266 1731 2355">
     <span class='ocr_line' id='line_1_37' title="bbox 175 2266 1731 2355; baseline 0.013 -36"><span class='ocrx_word' id='word_1_244' title='bbox 175 2266 327 2342; x_wconf 68' lang='grc' dir='ltr'><strong><em>βαρεῖα</em></strong></span> <span class='ocrx_word' id='word_1_245' title='bbox 367 2273 518 2340; x_wconf 71' lang='grc' dir='ltr'><strong><em>οὖσα,</em></strong></span> <span class='ocrx_word' id='word_1_246' title='bbox 581 2280 719 2350; x_wconf 83' lang='grc' dir='ltr'><strong><em>αἴρει</em></strong></span> <span class='ocrx_word' id='word_1_247' title='bbox 773 2284 861 2330; x_wconf 83' lang='grc' dir='ltr'>καὶ</span> <span class='ocrx_word' id='word_1_248' title='bbox 917 2288 1164 2352; x_wconf 76' lang='grc' dir='ltr'>κατασπᾷ</span> <span class='ocrx_word' id='word_1_249' title='bbox 1225 2283 1416 2355; x_wconf 82' lang='grc' dir='ltr'><strong><em>μᾶλλον</em></strong></span> <span class='ocrx_word' id='word_1_250' title='bbox 1483 2285 1582 2338; x_wconf 78' lang='grc' dir='ltr'>ἀπὸ</span> <span class='ocrx_word' id='word_1_251' title='bbox 1642 2295 1731 2339; x_wconf 81' lang='grc' dir='ltr'>τοῦ</span> 
     </span>
    </p>
   </div>
   <div class='ocr_carea' id='block_1_38' title="bbox 177 2358 1730 2447">
    <p class='ocr_par' dir='ltr' id='par_1_38' title="bbox 177 2364 1730 2447">
     <span class='ocr_line' id='line_1_38' title="bbox 177 2364 1730 2447; baseline 0.013 -41"><span class='ocrx_word' id='word_1_252' title='bbox 177 2364 367 2425; x_wconf 53' lang='lat' dir='ltr'>marios,</span> <span class='ocrx_word' id='word_1_253' title='bbox 399 2364 599 2436; x_wconf 76' lang='grc' dir='ltr'><strong><em>σαθροῦ</em></strong></span> <span class='ocrx_word' id='word_1_254' title='bbox 643 2371 1018 2436; x_wconf 73' lang='grc' dir='ltr'>τυγχάνοντος,</span> <span class='ocrx_word' id='word_1_255' title='bbox 1072 2371 1191 2422; x_wconf 85' lang='grc' dir='ltr'><strong><em>ὅσον</em></strong></span> <span class='ocrx_word' id='word_1_256' title='bbox 1240 2371 1300 2422; x_wconf 78' lang='grc' dir='ltr'>ἂν</span> <span class='ocrx_word' id='word_1_257' title='bbox 1348 2371 1563 2447; x_wconf 76' lang='grc' dir='ltr'><strong><em>ἐπιλάϐῃ</em></strong></span> <span class='ocrx_word' id='word_1_258' title='bbox 1597 2391 1608 2402; x_wconf 89' lang='grc'><em>’</em></span> <span class='ocrx_word' id='word_1_259' title='bbox 1641 2381 1730 2427; x_wconf 79' lang='grc' dir='ltr'>καὶ</span> 
     </span>
    </p>
   </div>
   <div class='ocr_carea' id='block_1_39' title="bbox 171 2451 1723 2534">
    <p class='ocr_par' dir='ltr' id='par_1_39' title="bbox 171 2451 1723 2534">
     <span class='ocr_line' id='line_1_39' title="bbox 171 2451 1723 2534; baseline 0.012 -39"><span class='ocrx_word' id='word_1_260' title='bbox 171 2452 330 2513; x_wconf 72' lang='grc' dir='ltr'><strong><em>γίνεται</em></strong></span> <span class='ocrx_word' id='word_1_261' title='bbox 376 2451 551 2522; x_wconf 76' lang='grc' dir='ltr'><strong><em>μεῖζον</em></strong></span> <span class='ocrx_word' id='word_1_262' title='bbox 610 2459 849 2526; x_wconf 77' lang='grc' dir='ltr'><strong><em>σχίσμα.</em></strong></span> <span class='ocrx_word' id='word_1_263' title='bbox 903 2461 1096 2509; x_wconf 82' lang='grc' dir='ltr'><strong><em>Λοιπὸν</em></strong></span> <span class='ocrx_word' id='word_1_264' title='bbox 1136 2456 1242 2525; x_wconf 74' lang='grc' dir='ltr'><strong><em>οὖν,</em></strong></span> <span class='ocrx_word' id='word_1_265' title='bbox 1299 2457 1421 2513; x_wconf 70' lang='grc' dir='ltr'>οὐδὲ</span> <span class='ocrx_word' id='word_1_266' title='bbox 1468 2461 1565 2534; x_wconf 68' lang='grc' dir='ltr'>ἐγὼ</span> <span class='ocrx_word' id='word_1_267' title='bbox 1617 2471 1723 2528; x_wconf 75' lang='grc' dir='ltr'><strong><em>νῦν,</em></strong></span> 
     </span>
    </p>
   </div>
   <div class='ocr_carea' id='block_1_40' title="bbox 176 2531 1726 2619">
    <p class='ocr_par' dir='ltr' id='par_1_40' title="bbox 176 2543 1726 2619">
     <span class='ocr_line' id='line_1_40' title="bbox 176 2543 1726 2619; baseline 0.005 -23"><span class='ocrx_word' id='word_1_268' title='bbox 176 2552 347 2601; x_wconf 72' lang='grc' dir='ltr'><strong><em>ιωμενος</em></strong></span> <span class='ocrx_word' id='word_1_269' title='bbox 407 2543 501 2596; x_wconf 69' lang='grc' dir='ltr'>τὴν</span> <span class='ocrx_word' id='word_1_270' title='bbox 586 2544 888 2616; x_wconf 79' lang='grc' dir='ltr'><strong><em>σαθρὸτητο.</em></strong></span> <span class='ocrx_word' id='word_1_271' title='bbox 959 2555 1055 2596; x_wconf 79' lang='grc' dir='ltr'>τῶν</span> <span class='ocrx_word' id='word_1_272' title='bbox 1123 2551 1390 2619; x_wconf 75' lang='grc' dir='ltr'><strong><em>μαθητῶν,</em></strong></span> <span class='ocrx_word' id='word_1_273' title='bbox 1473 2549 1726 2604; x_wconf 76' lang='grc' dir='ltr'><strong><em>ἐπιϐάλλω</em></strong></span> 
     </span>
    </p>
   </div>
   <div class='ocr_carea' id='block_1_41' title="bbox 173 2625 1724 2710">
    <p class='ocr_par' dir='ltr' id='par_1_41' title="bbox 173 2625 1724 2710">
     <span class='ocr_line' id='line_1_41' title="bbox 173 2625 1724 2710; baseline 0.014 -40"><span class='ocrx_word' id='word_1_274' title='bbox 173 2637 299 2694; x_wconf 63' lang='grc' dir='ltr'>ταυτῃ</span> <span class='ocrx_word' id='word_1_275' title='bbox 346 2625 677 2699; x_wconf 79' lang='grc' dir='ltr'><strong><em>ἰσχυροτητα</em></strong></span> <span class='ocrx_word' id='word_1_276' title='bbox 711 2636 799 2683; x_wconf 77' lang='grc' dir='ltr'>καὶ</span> <span class='ocrx_word' id='word_1_277' title='bbox 833 2631 994 2706; x_wconf 83' lang='grc' dir='ltr'><strong><em>βάρος</em></strong></span> <span class='ocrx_word' id='word_1_278' title='bbox 1034 2642 1294 2700; x_wconf 77' lang='grc' dir='ltr'>νηστείας,</span> <span class='ocrx_word' id='word_1_279' title='bbox 1330 2639 1410 2690; x_wconf 85' lang='grc' dir='ltr'>ἱνα</span> <span class='ocrx_word' id='word_1_280' title='bbox 1439 2644 1509 2710; x_wconf 77' lang='grc' dir='ltr'>μὴ</span> <span class='ocrx_word' id='word_1_281' title='bbox 1557 2640 1724 2692; x_wconf 80' lang='grc' dir='ltr'><strong><em>πλεῖον</em></strong></span> 
     </span>
    </p>
   </div>
   <div class='ocr_carea' id='block_1_42' title="bbox 173 2711 1719 2802">
    <p class='ocr_par' dir='ltr' id='par_1_42' title="bbox 173 2711 1719 2802">
     <span class='ocr_line' id='line_1_42' title="bbox 173 2711 1719 2802; baseline 0.013 -44"><span class='ocrx_word' id='word_1_282' title='bbox 173 2711 398 2802; x_wconf 62' lang='grc' dir='ltr'><strong><em>σαθρωθῇ,</em></strong></span> <span class='ocrx_word' id='word_1_283' title='bbox 461 2723 533 2788; x_wconf 77' lang='grc' dir='ltr'>μὴ</span> <span class='ocrx_word' id='word_1_284' title='bbox 599 2715 861 2791; x_wconf 75' lang='grc' dir='ltr'>δυναμένη</span> <span class='ocrx_word' id='word_1_285' title='bbox 923 2720 1206 2793; x_wconf 77' lang='grc' dir='ltr'><strong><em>βαστάζειν</em></strong></span> <span class='ocrx_word' id='word_1_286' title='bbox 1265 2729 1323 2778; x_wconf 85' lang='grc' dir='ltr'>τό</span> <span class='ocrx_word' id='word_1_287' title='bbox 1393 2725 1659 2784; x_wconf 80' lang='grc' dir='ltr'><strong><em>ἒπιϐληθέν</em></strong></span> <span class='ocrx_word' id='word_1_288' title='bbox 1707 2749 1719 2762; x_wconf 75' lang='grc' dir='ltr'>ο</span> 
     </span>
    </p>
   </div>
   <div class='ocr_carea' id='block_1_43' title="bbox 169 2795 1722 2888">
    <p class='ocr_par' dir='ltr' id='par_1_43' title="bbox 169 2797 1722 2888">
     <span class='ocr_line' id='line_1_43' title="bbox 169 2797 1722 2888; baseline 0.014 -43"><span class='ocrx_word' id='word_1_289' title='bbox 169 2797 267 2848; x_wconf 54' lang='lat' dir='ltr'>alii</span> <span class='ocrx_word' id='word_1_290' title='bbox 309 2805 709 2872; x_wconf 73' lang='grc' dir='ltr'><strong><em>σνγκαταϐαίνω</em></strong></span> <span class='ocrx_word' id='word_1_291' title='bbox 881 2807 1115 2884; x_wconf 80' lang='grc' dir='ltr'>ἀσθενείᾳ</span> <span class='ocrx_word' id='word_1_292' title='bbox 1170 2814 1356 2878; x_wconf 67' lang='grc' dir='ltr'><strong><em>αὐτῶν,</em></strong></span> <span class='ocrx_word' id='word_1_293' title='bbox 1419 2819 1610 2888; x_wconf 69' lang='grc' dir='ltr'><strong><em>μέχρις</em></strong></span> <span class='ocrx_word' id='word_1_294' title='bbox 1662 2815 1722 2867; x_wconf 87' lang='grc' dir='ltr'><strong><em>ἆν</em></strong></span> 
     </span>
    </p>
   </div>
   <div class='ocr_carea' id='block_1_44' title="bbox 166 2881 1328 2966">
    <p class='ocr_par' dir='ltr' id='par_1_44' title="bbox 166 2881 1328 2966">
     <span class='ocr_line' id='line_1_44' title="bbox 166 2881 1328 2966; baseline 0.017 -32"><span class='ocrx_word' id='word_1_295' title='bbox 166 2881 238 2935; x_wconf 74' lang='grc' dir='ltr'>διὰ</span> <span class='ocrx_word' id='word_1_296' title='bbox 268 2897 346 2940; x_wconf 76' lang='grc' dir='ltr'>τοῦ</span> <span class='ocrx_word' id='word_1_297' title='bbox 376 2894 506 2944; x_wconf 82' lang='grc' dir='ltr'><strong><em>θείου</em></strong></span> <span class='ocrx_word' id='word_1_298' title='bbox 541 2898 842 2966; x_wconf 70' lang='grc' dir='ltr'>Πνεύματος</span> <span class='ocrx_word' id='word_1_299' title='bbox 875 2896 1328 2956; x_wconf 78' lang='grc' dir='ltr'><strong><em>ἁναχαινισθῶσιν.</em></strong></span> 
     </span>
    </p>
   </div>
   <div class='ocr_carea' id='block_1_45' title="bbox 218 2973 1718 3066">
    <p class='ocr_par' dir='ltr' id='par_1_45' title="bbox 218 2973 1718 3066">
     <span class='ocr_line' id='line_1_45' title="bbox 218 2973 1718 3066; baseline 0.015 -42"><span class='ocrx_word' id='word_1_300' title='bbox 218 2973 337 3028; x_wconf 65' lang='grc' dir='ltr'>Οὐδὲ</span> <span class='ocrx_word' id='word_1_301' title='bbox 384 3011 449 3020; x_wconf 84' lang='grc'><strong>-</strong></span> <span class='ocrx_word' id='word_1_302' title='bbox 506 2983 781 3045; x_wconf 80' lang='grc' dir='ltr'><strong><em>παλαιούς.</em></strong></span> <span class='ocrx_word' id='word_1_303' title='bbox 864 2992 961 3040; x_wconf 83' lang='grc' dir='ltr'>Καὶ</span> <span class='ocrx_word' id='word_1_304' title='bbox 1022 2989 1189 3040; x_wconf 78' lang='grc' dir='ltr'><strong><em>ἐτέοαν</em></strong></span> <span class='ocrx_word' id='word_1_305' title='bbox 1246 2990 1492 3062; x_wconf 65' lang='grc' dir='ltr'><strong><em>λαμϐάνει</em></strong></span> <span class='ocrx_word' id='word_1_306' title='bbox 1557 3013 1718 3066; x_wconf 82' lang='grc' dir='ltr'><strong><em>παρα-</em></strong></span> 
     </span>
    </p>
   </div>
   <div class='ocr_carea' id='block_1_46' title="bbox 1841 1831 3486 1903">
    <p class='ocr_par' dir='ltr' id='par_1_46' title="bbox 1841 1831 3486 1903">
     <span class='ocr_line' id='line_1_46' title="bbox 1841 1831 3486 1903; baseline -0.001 -16"><span class='ocrx_word' id='word_1_307' title='bbox 1841 1839 1988 1889; x_wconf 91' lang='lat' dir='ltr'>stem</span> <span class='ocrx_word' id='word_1_308' title='bbox 2045 1837 2326 1897; x_wconf 80' lang='lat' dir='ltr'>veterem,</span> <span class='ocrx_word' id='word_1_309' title='bbox 2376 1831 2567 1887; x_wconf 89' lang='lat' dir='ltr'>assuit</span> <span class='ocrx_word' id='word_1_310' title='bbox 2622 1831 3025 1901; x_wconf 85' lang='lat' dir='ltr'>fragmentum</span> <span class='ocrx_word' id='word_1_311' title='bbox 3074 1833 3260 1903; x_wconf 88' lang='lat' dir='ltr'>panni</span> <span class='ocrx_word' id='word_1_312' title='bbox 3307 1833 3486 1897; x_wconf 89' lang='lat' dir='ltr'>rudis,</span> 
     </span>
    </p>
   </div>
   <div class='ocr_carea' id='block_1_47' title="bbox 1841 1919 3488 1991">
    <p class='ocr_par' dir='ltr' id='par_1_47' title="bbox 1841 1919 3488 1991">
     <span class='ocr_line' id='line_1_47' title="bbox 1841 1919 3488 1991; baseline -0.002 -14"><span class='ocrx_word' id='word_1_313' title='bbox 1841 1923 1954 1978; x_wconf 86' lang='lat' dir='ltr'>hoc</span> <span class='ocrx_word' id='word_1_314' title='bbox 1981 1926 2071 1978; x_wconf 92' lang='lat' dir='ltr'>est</span> <span class='ocrx_word' id='word_1_315' title='bbox 2100 1921 2254 1986; x_wconf 91' lang='lat' dir='ltr'>novi,</span> <span class='ocrx_word' id='word_1_316' title='bbox 2296 1921 2354 1975; x_wconf 93' lang='lat' dir='ltr'>in</span> <span class='ocrx_word' id='word_1_317' title='bbox 2403 1924 2566 1991; x_wconf 87' lang='lat' dir='ltr'>parte</span> <span class='ocrx_word' id='word_1_318' title='bbox 2599 1919 2800 1975; x_wconf 89' lang='lat' dir='ltr'>veteri.</span> <span class='ocrx_word' id='word_1_319' title='bbox 2837 1920 3050 1975; x_wconf 91' lang='lat' dir='ltr'>Deinde</span> <span class='ocrx_word' id='word_1_320' title='bbox 3075 1921 3242 1976; x_wconf 89' lang='lat' dir='ltr'>addit</span> <span class='ocrx_word' id='word_1_321' title='bbox 3269 1924 3325 1976; x_wconf 91' lang='lat' dir='ltr'>et</span> <span class='ocrx_word' id='word_1_322' title='bbox 3349 1936 3488 1976; x_wconf 90' lang='lat' dir='ltr'>cau-</span> 
     </span>
    </p>
   </div>
   <div class='ocr_carea' id='block_1_48' title="bbox 1843 2026 1992 2066">
    <p class='ocr_par' dir='ltr' id='par_1_48' title="bbox 1843 2026 1992 2066">
     <span class='ocr_line' id='line_1_48' title="bbox 1843 2026 1992 2066; baseline -0.007 -1"><span class='ocrx_word' id='word_1_323' title='bbox 1843 2026 1992 2066; x_wconf 89' lang='lat' dir='ltr'>sam.</span> 
     </span>
    </p>
   </div>
   <div class='ocr_carea' id='block_1_49' title="bbox 1912 2096 3488 2169">
    <p class='ocr_par' dir='ltr' id='par_1_49' title="bbox 1912 2096 3488 2169">
     <span class='ocr_line' id='line_1_49' title="bbox 1912 2096 3488 2169; baseline 0 -17"><span class='ocrx_word' id='word_1_324' title='bbox 1912 2100 2072 2154; x_wconf 88' lang='lat' dir='ltr'>Vers.</span> <span class='ocrx_word' id='word_1_325' title='bbox 2124 2097 2202 2154; x_wconf 78' lang='grc'>16.</span> <span class='ocrx_word' id='word_1_326' title='bbox 2253 2098 2475 2169; x_wconf 84' lang='lat' dir='ltr'>Aufert</span> <span class='ocrx_word' id='word_1_327' title='bbox 2532 2127 2601 2136; x_wconf 98' lang='lat'><strong>—</strong></span> <span class='ocrx_word' id='word_1_328' title='bbox 2650 2097 2742 2164; x_wconf 84' lang='lat' dir='ltr'>ﬁt.</span> <span class='ocrx_word' id='word_1_329' title='bbox 2800 2096 3295 2168; x_wconf 89' lang='lat' dir='ltr'>Supplementum</span> <span class='ocrx_word' id='word_1_330' title='bbox 3366 2096 3488 2152; x_wconf 85' lang='lat' dir='ltr'>sive</span> 
     </span>
    </p>
   </div>
   <div class='ocr_carea' id='block_1_50' title="bbox 1829 2184 3483 2258">
    <p class='ocr_par' dir='ltr' id='par_1_50' title="bbox 1829 2184 3483 2258">
     <span class='ocr_line' id='line_1_50' title="bbox 1829 2184 3483 2258; baseline -0.002 -17"><span class='ocrx_word' id='word_1_331' title='bbox 1829 2185 2150 2258; x_wconf 72' lang='lat' dir='ltr'>&quot;plenitudo</span> <span class='ocrx_word' id='word_1_332' title='bbox 2222 2187 2369 2256; x_wconf 88' lang='lat' dir='ltr'>ejus,</span> <span class='ocrx_word' id='word_1_333' title='bbox 2425 2184 2484 2241; x_wconf 90' lang='lat' dir='ltr'>id</span> <span class='ocrx_word' id='word_1_334' title='bbox 2542 2189 2629 2240; x_wconf 86' lang='lat' dir='ltr'>est</span> <span class='ocrx_word' id='word_1_335' title='bbox 2674 2185 2978 2255; x_wconf 81' lang='lat' dir='ltr'>integritas</span> <span class='ocrx_word' id='word_1_336' title='bbox 3033 2185 3218 2256; x_wconf 89' lang='lat' dir='ltr'>panni</span> <span class='ocrx_word' id='word_1_337' title='bbox 3297 2184 3483 2250; x_wconf 87' lang='lat' dir='ltr'>rudis,</span> 
     </span>
    </p>
   </div>
   <div class='ocr_carea' id='block_1_51' title="bbox 1840 2272 3486 2338">
    <p class='ocr_par' dir='ltr' id='par_1_51' title="bbox 1840 2272 3486 2338">
     <span class='ocr_line' id='line_1_51' title="bbox 1840 2272 3486 2338; baseline -0.001 -9"><span class='ocrx_word' id='word_1_338' title='bbox 1840 2290 1976 2330; x_wconf 92' lang='lat' dir='ltr'>cum</span> <span class='ocrx_word' id='word_1_339' title='bbox 2005 2276 2077 2330; x_wconf 93' lang='lat' dir='ltr'>sit</span> <span class='ocrx_word' id='word_1_340' title='bbox 2107 2275 2270 2330; x_wconf 88' lang='lat' dir='ltr'>fortis</span> <span class='ocrx_word' id='word_1_341' title='bbox 2305 2273 2556 2338; x_wconf 90' lang='lat' dir='ltr'>etdura,</span> <span class='ocrx_word' id='word_1_342' title='bbox 2605 2272 2751 2330; x_wconf 90' lang='lat' dir='ltr'>tollit</span> <span class='ocrx_word' id='word_1_343' title='bbox 2807 2288 2876 2328; x_wconf 90' lang='lat' dir='ltr'>ac</span> <span class='ocrx_word' id='word_1_344' title='bbox 2905 2273 3160 2328; x_wconf 88' lang='lat' dir='ltr'>detrahit</span> <span class='ocrx_word' id='word_1_345' title='bbox 3210 2289 3246 2328; x_wconf 91' lang='lat' dir='ltr'>a</span> <span class='ocrx_word' id='word_1_346' title='bbox 3300 2277 3486 2336; x_wconf 82' lang='lat' dir='ltr'>veste,</span> 
     </span>
    </p>
   </div>
   <div class='ocr_carea' id='block_1_52' title="bbox 1839 2361 3488 2434">
    <p class='ocr_par' dir='ltr' id='par_1_52' title="bbox 1839 2361 3488 2434">
     <span class='ocr_line' id='line_1_52' title="bbox 1839 2361 3488 2434; baseline -0.001 -17"><span class='ocrx_word' id='word_1_347' title='bbox 1839 2378 1970 2434; x_wconf 69' lang='lat' dir='ltr'>quas</span> <span class='ocrx_word' id='word_1_348' title='bbox 2009 2363 2220 2419; x_wconf 89' lang='lat' dir='ltr'>detrita</span> <span class='ocrx_word' id='word_1_349' title='bbox 2273 2368 2416 2429; x_wconf 89' lang='lat' dir='ltr'>erat,</span> <span class='ocrx_word' id='word_1_350' title='bbox 2474 2366 3012 2434; x_wconf 88' lang='lat' dir='ltr'>quantumcunque</span> <span class='ocrx_word' id='word_1_351' title='bbox 3063 2361 3378 2432; x_wconf 86' lang='lat' dir='ltr'>acceperit,</span> <span class='ocrx_word' id='word_1_352' title='bbox 3434 2367 3488 2416; x_wconf 91' lang='lat' dir='ltr'>et</span> 
     </span>
    </p>
   </div>
   <div class='ocr_carea' id='block_1_53' title="bbox 1837 2451 3487 2523">
    <p class='ocr_par' dir='ltr' id='par_1_53' title="bbox 1837 2451 3487 2523">
     <span class='ocr_line' id='line_1_53' title="bbox 1837 2451 3487 2523; baseline -0.001 -16"><span class='ocrx_word' id='word_1_353' title='bbox 1837 2452 2033 2523; x_wconf 85' lang='lat' dir='ltr'>major</span> <span class='ocrx_word' id='word_1_354' title='bbox 2056 2457 2296 2523; x_wconf 89' lang='lat' dir='ltr'>reptura</span> <span class='ocrx_word' id='word_1_355' title='bbox 2325 2451 2406 2507; x_wconf 84' lang='lat' dir='ltr'>ﬁt.</span> <span class='ocrx_word' id='word_1_356' title='bbox 2436 2452 2637 2523; x_wconf 82' lang='lat' dir='ltr'>Itaque</span> <span class='ocrx_word' id='word_1_357' title='bbox 2665 2465 2860 2523; x_wconf 90' lang='lat' dir='ltr'>neque</span> <span class='ocrx_word' id='word_1_358' title='bbox 2883 2466 2993 2519; x_wconf 92' lang='lat' dir='ltr'>ego</span> <span class='ocrx_word' id='word_1_359' title='bbox 3018 2465 3180 2505; x_wconf 90' lang='lat' dir='ltr'>nunc</span> <span class='ocrx_word' id='word_1_360' title='bbox 3215 2451 3487 2506; x_wconf 84' lang='lat' dir='ltr'>vetustati</span> 
     </span>
    </p>
   </div>
   <div class='ocr_carea' id='block_1_54' title="bbox 1837 2537 3485 2610">
    <p class='ocr_par' dir='ltr' id='par_1_54' title="bbox 1837 2537 3485 2610">
     <span class='ocr_line' id='line_1_54' title="bbox 1837 2537 3485 2610; baseline -0.003 -14"><span class='ocrx_word' id='word_1_361' title='bbox 1837 2556 1905 2596; x_wconf 90' lang='lat' dir='ltr'>ac</span> <span class='ocrx_word' id='word_1_362' title='bbox 1949 2539 2233 2596; x_wconf 89' lang='lat' dir='ltr'>debilitati</span> <span class='ocrx_word' id='word_1_363' title='bbox 2281 2539 2707 2610; x_wconf 90' lang='lat' dir='ltr'>discipulorum</span> <span class='ocrx_word' id='word_1_364' title='bbox 2759 2537 3016 2594; x_wconf 91' lang='lat' dir='ltr'>immitto</span> <span class='ocrx_word' id='word_1_365' title='bbox 3081 2537 3357 2593; x_wconf 86' lang='lat' dir='ltr'>duritiem</span> <span class='ocrx_word' id='word_1_366' title='bbox 3415 2553 3485 2592; x_wconf 92' lang='lat' dir='ltr'>ac</span> 
     </span>
    </p>
   </div>
   <div class='ocr_carea' id='block_1_55' title="bbox 1833 2627 3486 2699">
    <p class='ocr_par' dir='ltr' id='par_1_55' title="bbox 1833 2627 3486 2699">
     <span class='ocr_line' id='line_1_55' title="bbox 1833 2627 3486 2699; baseline -0.003 -14"><span class='ocrx_word' id='word_1_367' title='bbox 1833 2631 2016 2685; x_wconf 89' lang='lat' dir='ltr'>robur</span> <span class='ocrx_word' id='word_1_368' title='bbox 2040 2629 2264 2699; x_wconf 90' lang='lat' dir='ltr'>jejunii,</span> <span class='ocrx_word' id='word_1_369' title='bbox 2299 2643 2372 2682; x_wconf 89' lang='lat' dir='ltr'>ne</span> <span class='ocrx_word' id='word_1_370' title='bbox 2417 2627 2674 2698; x_wconf 88' lang='lat' dir='ltr'>amplius</span> <span class='ocrx_word' id='word_1_371' title='bbox 2717 2627 3068 2690; x_wconf 74' lang='lat' dir='ltr'>deierantur,</span> <span class='ocrx_word' id='word_1_372' title='bbox 3118 2642 3238 2681; x_wconf 90' lang='lat' dir='ltr'>non</span> <span class='ocrx_word' id='word_1_373' title='bbox 3279 2631 3486 2696; x_wconf 89' lang='lat' dir='ltr'>poten-</span> 
     </span>
    </p>
   </div>
   <div class='ocr_carea' id='block_1_56' title="bbox 1836 2714 3482 2788">
    <p class='ocr_par' dir='ltr' id='par_1_56' title="bbox 1836 2714 3482 2788">
     <span class='ocr_line' id='line_1_56' title="bbox 1836 2714 3482 2788; baseline -0.002 -16"><span class='ocrx_word' id='word_1_374' title='bbox 1836 2723 1919 2773; x_wconf 91' lang='lat' dir='ltr'>tes</span> <span class='ocrx_word' id='word_1_375' title='bbox 1943 2717 2091 2774; x_wconf 82' lang='lat' dir='ltr'>ferre</span> <span class='ocrx_word' id='word_1_376' title='bbox 2147 2717 2312 2788; x_wconf 92' lang='lat' dir='ltr'>quod</span> <span class='ocrx_word' id='word_1_377' title='bbox 2359 2715 2690 2771; x_wconf 79' lang='lat' dir='ltr'>immissum</span> <span class='ocrx_word' id='word_1_378' title='bbox 2742 2721 2847 2786; x_wconf 89' lang='lat' dir='ltr'>est,</span> <span class='ocrx_word' id='word_1_379' title='bbox 2901 2715 3007 2772; x_wconf 89' lang='lat' dir='ltr'>sed</span> <span class='ocrx_word' id='word_1_380' title='bbox 3068 2714 3482 2772; x_wconf 91' lang='lat' dir='ltr'>condescendo</span> 
     </span>
    </p>
   </div>
   <div class='ocr_carea' id='block_1_57' title="bbox 1834 2803 3482 2876">
    <p class='ocr_par' dir='ltr' id='par_1_57' title="bbox 1834 2803 3482 2876">
     <span class='ocr_line' id='line_1_57' title="bbox 1834 2803 3482 2876; baseline -0.003 -15"><span class='ocrx_word' id='word_1_381' title='bbox 1834 2806 2200 2861; x_wconf 90' lang='lat' dir='ltr'>imbecilitati</span> <span class='ocrx_word' id='word_1_382' title='bbox 2240 2820 2468 2870; x_wconf 89' lang='lat' dir='ltr'>eorum,</span> <span class='ocrx_word' id='word_1_383' title='bbox 2517 2803 2708 2860; x_wconf 91' lang='lat' dir='ltr'>donec</span> <span class='ocrx_word' id='word_1_384' title='bbox 2750 2819 2856 2875; x_wconf 91' lang='lat' dir='ltr'>per</span> <span class='ocrx_word' id='word_1_385' title='bbox 2895 2803 3177 2876; x_wconf 90' lang='lat' dir='ltr'>Spiritum</span> <span class='ocrx_word' id='word_1_386' title='bbox 3208 2807 3482 2858; x_wconf 91' lang='lat' dir='ltr'>sanctum</span> 
     </span>
    </p>
   </div>
   <div class='ocr_carea' id='block_1_58' title="bbox 1830 2899 2211 2949">
    <p class='ocr_par' dir='ltr' id='par_1_58' title="bbox 1830 2899 2211 2949">
     <span class='ocr_line' id='line_1_58' title="bbox 1830 2899 2211 2949; baseline -0.003 0"><span class='ocrx_word' id='word_1_387' title='bbox 1830 2899 2211 2949; x_wconf 85' lang='lat' dir='ltr'>renoventur.</span> 
     </span>
    </p>
   </div>
   <div class='ocr_carea' id='block_1_59' title="bbox 1903 2977 3486 3053">
    <p class='ocr_par' dir='ltr' id='par_1_59' title="bbox 1903 2977 3486 3053">
     <span class='ocr_line' id='line_1_59' title="bbox 1903 2977 3486 3053; baseline -0.002 -17"><span class='ocrx_word' id='word_1_388' title='bbox 1903 2983 2068 3039; x_wconf 88' lang='lat' dir='ltr'>Vers.</span> <span class='ocrx_word' id='word_1_389' title='bbox 2098 2982 2186 3036; x_wconf 85' lang='lat' dir='ltr'>t7.</span> <span class='ocrx_word' id='word_1_390' title='bbox 2238 2981 2446 3051; x_wconf 83' lang='lat' dir='ltr'>Neque</span> <span class='ocrx_word' id='word_1_391' title='bbox 2468 3011 2538 3022; x_wconf 97' lang='lat'>—</span> <span class='ocrx_word' id='word_1_392' title='bbox 2568 2988 2799 3037; x_wconf 78' lang='lat' dir='ltr'>veteres.</span> <span class='ocrx_word' id='word_1_393' title='bbox 2828 2979 3017 3037; x_wconf 79' lang='lat' dir='ltr'>Aliam</span> <span class='ocrx_word' id='word_1_394' title='bbox 3057 2995 3298 3053; x_wconf 92' lang='lat' dir='ltr'>quoque</span> <span class='ocrx_word' id='word_1_395' title='bbox 3337 2977 3486 3034; x_wconf 84' lang='lat' dir='ltr'>acci-</span> 
     </span>
    </p>
   </div>
   <div class='ocr_carea' id='block_1_60' title="bbox 162 3059 1722 3159">
    <p class='ocr_par' dir='ltr' id='par_1_60' title="bbox 162 3059 1720 3156">
     <span class='ocr_line' id='line_1_60' title="bbox 162 3059 1720 3156; baseline 0.011 -39"><span class='ocrx_word' id='word_1_396' title='bbox 162 3059 303 3128; x_wconf 57' lang='grc' dir='ltr'><strong><em>θωὴν,</em></strong></span> <span class='ocrx_word' id='word_1_397' title='bbox 333 3064 459 3119; x_wconf 77' lang='grc' dir='ltr'><strong><em>οἶνον</em></strong></span> <span class='ocrx_word' id='word_1_398' title='bbox 507 3077 620 3123; x_wconf 81' lang='grc' dir='ltr'><strong><em>νέον</em></strong></span> <span class='ocrx_word' id='word_1_399' title='bbox 678 3072 858 3144; x_wconf 74' lang='grc' dir='ltr'><strong><em>λέγων,</em></strong></span> <span class='ocrx_word' id='word_1_400' title='bbox 909 3080 998 3133; x_wconf 80' lang='grc' dir='ltr'><strong><em>τὴν</em></strong></span> <span class='ocrx_word' id='word_1_401' title='bbox 1042 3077 1329 3151; x_wconf 74' lang='grc' dir='ltr'><strong><em>αὐστηρίαν</em></strong></span> <span class='ocrx_word' id='word_1_402' title='bbox 1360 3085 1448 3132; x_wconf 82' lang='grc' dir='ltr'>καὶ</span> <span class='ocrx_word' id='word_1_403' title='bbox 1499 3079 1720 3156; x_wconf 70' lang='grc' dir='ltr'>σφοδρό-</span> 
     </span>
    </p>
   </div>
   <div class='ocr_carea' id='block_1_61' title="bbox 1847 3059 3484 3159">
    <p class='ocr_par' dir='ltr' id='par_1_61' title="bbox 1847 3067 3484 3136">
     <span class='ocr_line' id='line_1_61' title="bbox 1847 3067 3484 3136; baseline -0.001 -12"><span class='ocrx_word' id='word_1_404' title='bbox 1847 3071 1917 3126; x_wconf 63' lang='grc' dir='ltr'><strong><em>δὶι</em></strong></span> <span class='ocrx_word' id='word_1_405' title='bbox 1947 3068 2420 3136; x_wconf 89' lang='lat' dir='ltr'>similitudinem,</span> <span class='ocrx_word' id='word_1_406' title='bbox 2452 3070 2654 3124; x_wconf 91' lang='lat' dir='ltr'>vinum</span> <span class='ocrx_word' id='word_1_407' title='bbox 2685 3084 2909 3124; x_wconf 90' lang='lat' dir='ltr'>novum</span> <span class='ocrx_word' id='word_1_408' title='bbox 2957 3084 3182 3125; x_wconf 86' lang='lat' dir='ltr'>vocans</span> <span class='ocrx_word' id='word_1_409' title='bbox 3225 3067 3484 3124; x_wconf 90' lang='lat' dir='ltr'>austeri-</span> 
     </span>
    </p>
   </div>
   <div class='ocr_carea' id='block_1_62' title="bbox 161 3157 1720 3240">
    <p class='ocr_par' dir='ltr' id='par_1_62' title="bbox 161 3157 1720 3240">
     <span class='ocr_line' id='line_1_62' title="bbox 161 3157 1720 3240; baseline 0.012 -36"><span class='ocrx_word' id='word_1_410' title='bbox 161 3165 266 3204; x_wconf 69' lang='lat' dir='ltr'>71m</span> <span class='ocrx_word' id='word_1_411' title='bbox 300 3162 392 3205; x_wconf 80' lang='grc' dir='ltr'>τῶν</span> <span class='ocrx_word' id='word_1_412' title='bbox 445 3157 663 3210; x_wconf 71' lang='grc' dir='ltr'><strong><em>ἐντολῶν</em></strong></span> <span class='ocrx_word' id='word_1_413' title='bbox 693 3177 705 3189; x_wconf 89' lang='grc'><strong>·</strong></span> <span class='ocrx_word' id='word_1_414' title='bbox 767 3161 899 3214; x_wconf 86' lang='grc' dir='ltr'><strong><em>οἶνον</em></strong></span> <span class='ocrx_word' id='word_1_415' title='bbox 948 3167 1054 3234; x_wconf 73' lang='grc' dir='ltr'><strong><em>μὲν,</em></strong></span> <span class='ocrx_word' id='word_1_416' title='bbox 1111 3167 1180 3226; x_wconf 84' lang='grc' dir='ltr'><strong><em>ὡς</em></strong></span> <span class='ocrx_word' id='word_1_417' title='bbox 1219 3167 1591 3240; x_wconf 69' lang='grc' dir='ltr'>εὖφραίνουσαν</span> <span class='ocrx_word' id='word_1_418' title='bbox 1632 3173 1720 3232; x_wconf 72' lang='grc' dir='ltr'>τὰς</span> 
     </span>
    </p>
   </div>
   <div class='ocr_carea' id='block_1_63' title="bbox 157 3241 1714 3331">
    <p class='ocr_par' dir='ltr' id='par_1_63' title="bbox 157 3241 1714 3331">
     <span class='ocr_line' id='line_1_63' title="bbox 157 3241 1714 3331; baseline 0.01 -46"><span class='ocrx_word' id='word_1_419' title='bbox 157 3245 233 3287; x_wconf 68' lang='lat' dir='ltr'>tim</span> <span class='ocrx_word' id='word_1_420' title='bbox 272 3241 458 3295; x_wconf 76' lang='grc' dir='ltr'>τελείων</span> <span class='ocrx_word' id='word_1_421' title='bbox 506 3247 737 3318; x_wconf 71' lang='grc' dir='ltr'><strong><em>ψυχάς·</em></strong></span> <span class='ocrx_word' id='word_1_422' title='bbox 783 3255 889 3302; x_wconf 79' lang='grc' dir='ltr'><strong><em>νέον</em></strong></span> <span class='ocrx_word' id='word_1_423' title='bbox 930 3248 1006 3315; x_wconf 72' lang='grc' dir='ltr'>δὲ,</span> <span class='ocrx_word' id='word_1_424' title='bbox 1053 3256 1120 3314; x_wconf 83' lang='grc' dir='ltr'><strong><em>ὡς</em></strong></span> <span class='ocrx_word' id='word_1_425' title='bbox 1166 3253 1403 3314; x_wconf 81' lang='grc' dir='ltr'><strong><em>ἀσυνήθη</em></strong></span> <span class='ocrx_word' id='word_1_426' title='bbox 1449 3265 1554 3320; x_wconf 86' lang='grc' dir='ltr'><strong><em>τοῖς</em></strong></span> <span class='ocrx_word' id='word_1_427' title='bbox 1594 3258 1714 3331; x_wconf 56' lang='lat' dir='ltr'>aqu.</span> 
     </span>
    </p>
   </div>
   <div class='ocr_carea' id='block_1_64' title="bbox 158 3330 1715 3418">
    <p class='ocr_par' dir='ltr' id='par_1_64' title="bbox 158 3330 1715 3418">
     <span class='ocr_line' id='line_1_64' title="bbox 158 3330 1715 3418; baseline 0.004 -26"><span class='ocrx_word' id='word_1_428' title='bbox 158 3330 390 3392; x_wconf 69' lang='grc' dir='ltr'><strong><em>μνάστοις.</em></strong></span> <span class='ocrx_word' id='word_1_429' title='bbox 456 3340 556 3386; x_wconf 78' lang='grc' dir='ltr'>Καὶ</span> <span class='ocrx_word' id='word_1_430' title='bbox 617 3336 792 3405; x_wconf 77' lang='grc' dir='ltr'><strong><em>πάλιν,</em></strong></span> <span class='ocrx_word' id='word_1_431' title='bbox 854 3337 1046 3402; x_wconf 74' lang='grc' dir='ltr'><strong><em>ἀσκοὺς</em></strong></span> <span class='ocrx_word' id='word_1_432' title='bbox 1119 3342 1365 3404; x_wconf 73' lang='grc' dir='ltr'><strong><em>παλαιοὺς</em></strong></span> <span class='ocrx_word' id='word_1_433' title='bbox 1431 3345 1715 3418; x_wconf 75' lang='grc' dir='ltr'><strong><em>ὀνομάζων,</em></strong></span> 
     </span>
    </p>
   </div>
   <div class='ocr_carea' id='block_1_65' title="bbox 156 3418 1718 3510">
    <p class='ocr_par' dir='ltr' id='par_1_65' title="bbox 156 3421 1718 3510">
     <span class='ocr_line' id='line_1_65' title="bbox 156 3421 1718 3510; baseline 0.015 -46"><span class='ocrx_word' id='word_1_434' title='bbox 156 3431 254 3510; x_wconf 63' lang='grc' dir='ltr'>τους</span> <span class='ocrx_word' id='word_1_435' title='bbox 288 3421 558 3488; x_wconf 76' lang='grc' dir='ltr'><strong><em>μαθητάς⁶</em></strong></span> <span class='ocrx_word' id='word_1_436' title='bbox 608 3422 806 3486; x_wconf 76' lang='grc' dir='ltr'><strong><em>ἀσκοὺς</em></strong></span> <span class='ocrx_word' id='word_1_437' title='bbox 857 3431 968 3498; x_wconf 72' lang='grc' dir='ltr'><strong><em>μὲν,</em></strong></span> <span class='ocrx_word' id='word_1_438' title='bbox 1010 3432 1073 3489; x_wconf 85' lang='grc' dir='ltr'><strong><em>ὡς</em></strong></span> <span class='ocrx_word' id='word_1_439' title='bbox 1105 3439 1408 3504; x_wconf 76' lang='grc' dir='ltr'><strong><em>χωροῦντας</em></strong></span> <span class='ocrx_word' id='word_1_440' title='bbox 1457 3430 1718 3488; x_wconf 77' lang='grc' dir='ltr'>διδασκα-</span> 
     </span>
    </p>
   </div>
   <div class='ocr_carea' id='block_1_66' title="bbox 158 3507 1050 3578">
    <p class='ocr_par' dir='ltr' id='par_1_66' title="bbox 158 3507 1050 3578">
     <span class='ocr_line' id='line_1_66' title="bbox 158 3507 1050 3578; baseline 0.02 -27"><span class='ocrx_word' id='word_1_441' title='bbox 158 3507 247 3553; x_wconf 64' lang='lat' dir='ltr'>lin</span> <span class='ocrx_word' id='word_1_442' title='bbox 269 3519 283 3534; x_wconf 79' lang='lat'><strong>&#39;</strong></span> <span class='ocrx_word' id='word_1_443' title='bbox 312 3508 554 3572; x_wconf 70' lang='grc' dir='ltr'><strong><em>παλαιοὺς</em></strong></span> <span class='ocrx_word' id='word_1_444' title='bbox 586 3508 669 3576; x_wconf 74' lang='grc' dir='ltr'>δὲ,</span> <span class='ocrx_word' id='word_1_445' title='bbox 702 3516 768 3575; x_wconf 84' lang='grc' dir='ltr'><strong><em>ὡς</em></strong></span> <span class='ocrx_word' id='word_1_446' title='bbox 808 3513 1050 3578; x_wconf 80' lang='grc' dir='ltr'><strong><em>ἀσθενεῖς.</em></strong></span> 
     </span>
    </p>
   </div>
   <div class='ocr_carea' id='block_1_67' title="bbox 215 3680 1718 3767">
    <p class='ocr_par' dir='ltr' id='par_1_67' title="bbox 215 3680 1718 3767">
     <span class='ocr_line' id='line_1_67' title="bbox 215 3680 1718 3767; baseline 0.014 -35"><span class='ocrx_word' id='word_1_447' title='bbox 215 3681 262 3731; x_wconf 82' lang='grc' dir='ltr'>Εἰ</span> <span class='ocrx_word' id='word_1_448' title='bbox 318 3680 373 3735; x_wconf 72' lang='grc' dir='ltr'>δε</span> <span class='ocrx_word' id='word_1_449' title='bbox 425 3692 499 3756; x_wconf 75' lang='grc' dir='ltr'>μή</span> <span class='ocrx_word' id='word_1_450' title='bbox 570 3706 636 3758; x_wconf 76' lang='grc' dir='ltr'>γε</span> <span class='ocrx_word' id='word_1_451' title='bbox 684 3719 749 3728; x_wconf 88' lang='lat'>—-</span> <span class='ocrx_word' id='word_1_452' title='bbox 807 3689 1136 3745; x_wconf 74' lang='grc' dir='ltr'><strong><em>ἀπολοῦνται.</em></strong></span> <span class='ocrx_word' id='word_1_453' title='bbox 1189 3694 1492 3767; x_wconf 74' lang='grc' dir='ltr'><strong><em>Ῥήγνυνται</em></strong></span> <span class='ocrx_word' id='word_1_454' title='bbox 1543 3702 1592 3752; x_wconf 84' lang='grc' dir='ltr'>οἱ</span> <span class='ocrx_word' id='word_1_455' title='bbox 1658 3699 1718 3752; x_wconf 83' lang='grc' dir='ltr'>ἀ-</span> 
     </span>
    </p>
   </div>
   <div class='ocr_carea' id='block_1_68' title="bbox 156 3772 1717 3862">
    <p class='ocr_par' dir='ltr' id='par_1_68' title="bbox 156 3772 1717 3862">
     <span class='ocr_line' id='line_1_68' title="bbox 156 3772 1717 3862; baseline 0.015 -46"><span class='ocrx_word' id='word_1_456' title='bbox 156 3772 268 3828; x_wconf 79' lang='grc' dir='ltr'><strong><em>σκοὶ,</em></strong></span> <span class='ocrx_word' id='word_1_457' title='bbox 314 3775 468 3824; x_wconf 82' lang='grc' dir='ltr'><strong><em>ιῐτουν</em></strong></span> <span class='ocrx_word' id='word_1_458' title='bbox 524 3777 898 3849; x_wconf 74' lang='grc' dir='ltr'><strong><em>παραλύονται,</em></strong></span> <span class='ocrx_word' id='word_1_459' title='bbox 954 3786 1025 3852; x_wconf 79' lang='grc' dir='ltr'><em>μὴ</em></span> <span class='ocrx_word' id='word_1_460' title='bbox 1084 3779 1358 3856; x_wconf 76' lang='grc' dir='ltr'><strong><em>δυνάμενοι</em></strong></span> <span class='ocrx_word' id='word_1_461' title='bbox 1411 3792 1574 3862; x_wconf 78' lang='grc' dir='ltr'><strong><em>φέρειν</em></strong></span> <span class='ocrx_word' id='word_1_462' title='bbox 1624 3793 1717 3847; x_wconf 81' lang='grc' dir='ltr'><strong><em>τὴν</em></strong></span> 
     </span>
    </p>
   </div>
   <div class='ocr_carea' id='block_1_69' title="bbox 155 3861 1718 3947">
    <p class='ocr_par' dir='ltr' id='par_1_69' title="bbox 155 3861 1718 3947">
     <span class='ocr_line' id='line_1_69' title="bbox 155 3861 1718 3947; baseline 0.013 -38"><span class='ocrx_word' id='word_1_463' title='bbox 155 3861 288 3924; x_wconf 73' lang='grc' dir='ltr'><strong><em>ισχνν</em></strong></span> <span class='ocrx_word' id='word_1_464' title='bbox 316 3869 401 3911; x_wconf 74' lang='grc' dir='ltr'>τοῦ</span> <span class='ocrx_word' id='word_1_465' title='bbox 439 3867 554 3916; x_wconf 81' lang='grc' dir='ltr'><strong><em>νέου</em></strong></span> <span class='ocrx_word' id='word_1_466' title='bbox 599 3869 740 3918; x_wconf 87' lang='grc' dir='ltr'><strong><em>οῖνου</em></strong></span> <span class='ocrx_word' id='word_1_467' title='bbox 764 3885 776 3898; x_wconf 91' lang='grc'><strong>·</strong></span> <span class='ocrx_word' id='word_1_468' title='bbox 811 3873 900 3920; x_wconf 80' lang='grc' dir='ltr'>καὶ</span> <span class='ocrx_word' id='word_1_469' title='bbox 929 3870 954 3920; x_wconf 86' lang='grc' dir='ltr'><strong><em>ὁ</em></strong></span> <span class='ocrx_word' id='word_1_470' title='bbox 988 3867 1118 3932; x_wconf 82' lang='grc' dir='ltr'><strong><em>οἶνος</em></strong></span> <span class='ocrx_word' id='word_1_471' title='bbox 1163 3870 1416 3943; x_wconf 76' lang='grc' dir='ltr'>ἐκχεῖται,</span> <span class='ocrx_word' id='word_1_472' title='bbox 1456 3861 1528 3947; x_wconf 72' lang='grc' dir='ltr'><em>μὴ</em></span> <span class='ocrx_word' id='word_1_473' title='bbox 1562 3897 1718 3929; x_wconf 80' lang='grc' dir='ltr'><strong><em>κατα-</em></strong></span> 
     </span>
    </p>
   </div>
   <div class='ocr_carea' id='block_1_70' title="bbox 160 3946 1714 4035">
    <p class='ocr_par' dir='ltr' id='par_1_70' title="bbox 160 3946 1714 4035">
     <span class='ocr_line' id='line_1_70' title="bbox 160 3946 1714 4035; baseline 0.016 -41"><span class='ocrx_word' id='word_1_474' title='bbox 160 3946 350 4010; x_wconf 71' lang='grc' dir='ltr'><strong><em>τχεθεὶς,</em></strong></span> <span class='ocrx_word' id='word_1_475' title='bbox 382 3956 469 4003; x_wconf 79' lang='grc' dir='ltr'>καὶ</span> <span class='ocrx_word' id='word_1_476' title='bbox 501 3956 550 4005; x_wconf 83' lang='grc' dir='ltr'><strong><em>οἱ</em></strong></span> <span class='ocrx_word' id='word_1_477' title='bbox 604 3953 759 4007; x_wconf 78' lang='grc' dir='ltr'>ἀσκοὶ</span> <span class='ocrx_word' id='word_1_478' title='bbox 809 3955 1138 4027; x_wconf 78' lang='grc' dir='ltr'><strong><em>ἀπολοῦνται,</em></strong></span> <span class='ocrx_word' id='word_1_479' title='bbox 1183 3946 1463 4035; x_wconf 78' lang='grc' dir='ltr'><strong><em>ἄχρηστοι</em></strong></span> <span class='ocrx_word' id='word_1_480' title='bbox 1479 3973 1570 4016; x_wconf 82' lang='grc' dir='ltr'>τοῦ</span> <span class='ocrx_word' id='word_1_481' title='bbox 1609 3966 1714 4018; x_wconf 86' lang='grc' dir='ltr'><strong><em>λοι-</em></strong></span> 
     </span>
    </p>
   </div>
   <div class='ocr_carea' id='block_1_71' title="bbox 155 4043 526 4109">
    <p class='ocr_par' dir='ltr' id='par_1_71' title="bbox 155 4043 526 4109">
     <span class='ocr_line' id='line_1_71' title="bbox 155 4043 526 4109; baseline 0.013 -22"><span class='ocrx_word' id='word_1_482' title='bbox 155 4043 232 4080; x_wconf 63' lang='grc' dir='ltr'>ποῦ</span> <span class='ocrx_word' id='word_1_483' title='bbox 256 4043 526 4109; x_wconf 70' lang='grc' dir='ltr'>γενόμενοι.</span> 
     </span>
    </p>
   </div>
   <div class='ocr_carea' id='block_1_72' title="bbox 181 4121 1716 4216">
    <p class='ocr_par' dir='ltr' id='par_1_72' title="bbox 181 4121 1716 4216">
     <span class='ocr_line' id='line_1_72' title="bbox 181 4121 1716 4216; baseline 0.016 -44"><span class='ocrx_word' id='word_1_484' title='bbox 181 4121 345 4216; x_wconf 36' lang='grc' dir='ltr'><strong><em>,Ἀλλὰ</em></strong></span> <span class='ocrx_word' id='word_1_485' title='bbox 396 4159 464 4168; x_wconf 87' lang='lat'>-—</span> <span class='ocrx_word' id='word_1_486' title='bbox 524 4140 926 4199; x_wconf 76' lang='grc' dir='ltr'><strong><em>συντηροῦνται.</em></strong></span> <span class='ocrx_word' id='word_1_487' title='bbox 979 4141 1092 4208; x_wconf 75' lang='grc' dir='ltr'>Χρὴ</span> <span class='ocrx_word' id='word_1_488' title='bbox 1175 4139 1275 4212; x_wconf 76' lang='grc' dir='ltr'>γὰρ</span> <span class='ocrx_word' id='word_1_489' title='bbox 1345 4144 1431 4192; x_wconf 87' lang='grc' dir='ltr'><strong><em>τὸν</em></strong></span> <span class='ocrx_word' id='word_1_490' title='bbox 1501 4144 1716 4215; x_wconf 81' lang='grc' dir='ltr'><strong><em>ἄριστον</em></strong></span> 
     </span>
    </p>
   </div>
   <div class='ocr_carea' id='block_1_73' title="bbox 151 4213 1716 4297">
    <p class='ocr_par' dir='ltr' id='par_1_73' title="bbox 151 4213 1716 4297">
     <span class='ocr_line' id='line_1_73' title="bbox 151 4213 1716 4297; baseline 0.016 -38"><span class='ocrx_word' id='word_1_491' title='bbox 151 4217 377 4282; x_wconf 58' lang='lat' dir='ltr'>moving:</span> <span class='ocrx_word' id='word_1_492' title='bbox 438 4213 730 4290; x_wconf 79' lang='grc' dir='ltr'><strong><em>διακρίνειν</em></strong></span> <span class='ocrx_word' id='word_1_493' title='bbox 777 4225 864 4274; x_wconf 79' lang='grc' dir='ltr'>καὶ</span> <span class='ocrx_word' id='word_1_494' title='bbox 920 4228 1008 4281; x_wconf 71' lang='grc' dir='ltr'><strong><em>τὴν</em></strong></span> <span class='ocrx_word' id='word_1_495' title='bbox 1057 4227 1212 4296; x_wconf 76' lang='grc' dir='ltr'><strong><em>φύσιν</em></strong></span> <span class='ocrx_word' id='word_1_496' title='bbox 1263 4235 1354 4280; x_wconf 80' lang='grc' dir='ltr'>τοῦ</span> <span class='ocrx_word' id='word_1_497' title='bbox 1411 4233 1570 4297; x_wconf 84' lang='grc' dir='ltr'><strong><em>οἴνου,</em></strong></span> <span class='ocrx_word' id='word_1_498' title='bbox 1627 4239 1716 4284; x_wconf 80' lang='grc' dir='ltr'>καὶ</span> 
     </span>
    </p>
   </div>
   <div class='ocr_carea' id='block_1_74' title="bbox 152 4297 1713 4396">
    <p class='ocr_par' dir='ltr' id='par_1_74' title="bbox 152 4297 1713 4396">
     <span class='ocr_line' id='line_1_74' title="bbox 152 4297 1713 4396; baseline 0.015 -45"><span class='ocrx_word' id='word_1_499' title='bbox 152 4300 226 4351; x_wconf 58' lang='grc' dir='ltr'>τήν</span> <span class='ocrx_word' id='word_1_500' title='bbox 270 4297 482 4374; x_wconf 67' lang='grc' dir='ltr'><strong><em>δύναμιν</em></strong></span> <span class='ocrx_word' id='word_1_501' title='bbox 523 4317 629 4358; x_wconf 76' lang='grc' dir='ltr'><strong><em>τῶν</em></strong></span> <span class='ocrx_word' id='word_1_502' title='bbox 676 4307 868 4379; x_wconf 78' lang='grc' dir='ltr'><strong><em>ἀσκῶν,</em></strong></span> <span class='ocrx_word' id='word_1_503' title='bbox 929 4317 1018 4364; x_wconf 82' lang='grc' dir='ltr'>καὶ</span> <span class='ocrx_word' id='word_1_504' title='bbox 1065 4317 1152 4365; x_wconf 84' lang='grc' dir='ltr'><strong><em>τὸν</em></strong></span> <span class='ocrx_word' id='word_1_505' title='bbox 1203 4319 1400 4388; x_wconf 79' lang='grc' dir='ltr'><strong><em>καιρὸν.</em></strong></span> <span class='ocrx_word' id='word_1_506' title='bbox 1462 4326 1567 4371; x_wconf 76' lang='grc' dir='ltr'>Νῦν</span> <span class='ocrx_word' id='word_1_507' title='bbox 1611 4325 1713 4396; x_wconf 70' lang='grc' dir='ltr'>γὰρ</span> 
     </span>
    </p>
   </div>
   <div class='ocr_carea' id='block_1_75' title="bbox 155 4390 1710 4473">
    <p class='ocr_par' dir='ltr' id='par_1_75' title="bbox 155 4390 1710 4473">
     <span class='ocr_line' id='line_1_75' title="bbox 155 4390 1710 4473; baseline 0.016 -36"><span class='ocrx_word' id='word_1_508' title='bbox 155 4401 212 4434; x_wconf 67' lang='grc' dir='ltr'>(τι</span> <span class='ocrx_word' id='word_1_509' title='bbox 248 4390 445 4445; x_wconf 73' lang='grc' dir='ltr'><strong><em>παλαιοί</em></strong></span> <span class='ocrx_word' id='word_1_510' title='bbox 498 4395 635 4447; x_wconf 78' lang='grc' dir='ltr'><strong><em>εἰσιν</em></strong></span> <span class='ocrx_word' id='word_1_511' title='bbox 682 4399 731 4448; x_wconf 83' lang='grc' dir='ltr'>οἱ</span> <span class='ocrx_word' id='word_1_512' title='bbox 763 4400 1016 4468; x_wconf 82' lang='grc' dir='ltr'><strong><em>μαθηταὶ,</em></strong></span> <span class='ocrx_word' id='word_1_513' title='bbox 1056 4407 1214 4473; x_wconf 79' lang='grc' dir='ltr'>μήπω</span> <span class='ocrx_word' id='word_1_514' title='bbox 1253 4403 1710 4471; x_wconf 77' lang='grc' dir='ltr'><strong><em>ἁνακαινισθέντες,</em></strong></span> 
     </span>
    </p>
   </div>
   <div class='ocr_carea' id='block_1_76' title="bbox 158 4475 1714 4567">
    <p class='ocr_par' dir='ltr' id='par_1_76' title="bbox 158 4475 1714 4567">
     <span class='ocr_line' id='line_1_76' title="bbox 158 4475 1714 4567; baseline 0.018 -45"><span class='ocrx_word' id='word_1_515' title='bbox 158 4475 236 4523; x_wconf 64' lang='lat' dir='ltr'>[at</span> <span class='ocrx_word' id='word_1_516' title='bbox 272 4476 496 4550; x_wconf 66' lang='grc' dir='ltr'><strong><em>ἀλλαχοῦ</em></strong></span> <span class='ocrx_word' id='word_1_517' title='bbox 549 4480 612 4535; x_wconf 72' lang='grc' dir='ltr'>δὲ</span> <span class='ocrx_word' id='word_1_518' title='bbox 660 4489 788 4556; x_wconf 80' lang='grc' dir='ltr'><strong><em>πρὸς</em></strong></span> <span class='ocrx_word' id='word_1_519' title='bbox 837 4487 1026 4550; x_wconf 66' lang='grc' dir='ltr'><strong><em>αὐτοὺς</em></strong></span> <span class='ocrx_word' id='word_1_520' title='bbox 1067 4491 1174 4544; x_wconf 78' lang='grc' dir='ltr'>εἷπε</span> <span class='ocrx_word' id='word_1_521' title='bbox 1207 4508 1220 4520; x_wconf 83' lang='grc'>⁶</span> <span class='ocrx_word' id='word_1_522' title='bbox 1265 4493 1432 4545; x_wconf 81' lang='grc' dir='ltr'><strong><em>Πολλά</em></strong></span> <span class='ocrx_word' id='word_1_523' title='bbox 1480 4498 1588 4567; x_wconf 83' lang='grc' dir='ltr'>ἔχω</span> <span class='ocrx_word' id='word_1_524' title='bbox 1638 4498 1714 4550; x_wconf 85' lang='grc' dir='ltr'>λέ-</span> 
     </span>
    </p>
   </div>
   <div class='ocr_carea' id='block_1_77' title="bbox 155 4566 1711 4658">
    <p class='ocr_par' dir='ltr' id='par_1_77' title="bbox 155 4566 1711 4658">
     <span class='ocr_line' id='line_1_77' title="bbox 155 4566 1711 4658; baseline 0.021 -50"><span class='ocrx_word' id='word_1_525' title='bbox 155 4577 239 4626; x_wconf 69' lang='grc' dir='ltr'><strong><em>γειν</em></strong></span> <span class='ocrx_word' id='word_1_526' title='bbox 283 4566 412 4638; x_wconf 72' lang='grc' dir='ltr'><strong><em>ὑμῖν,</em></strong></span> <span class='ocrx_word' id='word_1_527' title='bbox 489 4569 602 4622; x_wconf 78' lang='grc' dir='ltr'><strong><em>ἀλλ’</em></strong></span> <span class='ocrx_word' id='word_1_528' title='bbox 647 4572 707 4623; x_wconf 71' lang='grc' dir='ltr'>οὗ</span> <span class='ocrx_word' id='word_1_529' title='bbox 767 4570 996 4629; x_wconf 78' lang='grc' dir='ltr'><strong><em>δύνασθε</em></strong></span> <span class='ocrx_word' id='word_1_530' title='bbox 1043 4576 1326 4650; x_wconf 82' lang='grc' dir='ltr'><strong><em>βαστάζειν</em></strong></span> <span class='ocrx_word' id='word_1_531' title='bbox 1382 4566 1521 4654; x_wconf 78' lang='grc' dir='ltr'><strong><em>ἄρτι.</em></strong></span> <span class='ocrx_word' id='word_1_532' title='bbox 1580 4587 1711 4658; x_wconf 75' lang='grc' dir='ltr'>Ἀμ-</span> 
     </span>
    </p>
   </div>
   <div class='ocr_carea' id='block_1_78' title="bbox 155 4653 1713 4743">
    <p class='ocr_par' dir='ltr' id='par_1_78' title="bbox 155 4653 1713 4743">
     <span class='ocr_line' id='line_1_78' title="bbox 155 4653 1713 4743; baseline 0.017 -44"><span class='ocrx_word' id='word_1_533' title='bbox 155 4668 322 4742; x_wconf 40' lang='lat' dir='ltr'>perspe:</span> <span class='ocrx_word' id='word_1_534' title='bbox 351 4653 427 4724; x_wconf 65' lang='grc' dir='ltr'>υἷε,</span> <span class='ocrx_word' id='word_1_535' title='bbox 461 4665 618 4730; x_wconf 68' lang='grc' dir='ltr'><strong><em>φησι,</em></strong></span> <span class='ocrx_word' id='word_1_536' title='bbox 659 4673 1050 4736; x_wconf 76' lang='grc' dir='ltr'><strong><em>συντηροῦνται,</em></strong></span> <span class='ocrx_word' id='word_1_537' title='bbox 1084 4668 1109 4718; x_wconf 84' lang='grc' dir='ltr'>ὀ</span> <span class='ocrx_word' id='word_1_538' title='bbox 1156 4666 1285 4731; x_wconf 85' lang='grc' dir='ltr'><strong><em>οἶνος</em></strong></span> <span class='ocrx_word' id='word_1_539' title='bbox 1336 4667 1567 4743; x_wconf 76' lang='grc' dir='ltr'><strong><em>δηλαδὴ,</em></strong></span> <span class='ocrx_word' id='word_1_540' title='bbox 1623 4678 1713 4726; x_wconf 77' lang='grc' dir='ltr'><strong><em>καὶ</em></strong></span> 
     </span>
    </p>
   </div>
   <div class='ocr_carea' id='block_1_79' title="bbox 155 4741 1458 4830">
    <p class='ocr_par' dir='ltr' id='par_1_79' title="bbox 155 4741 1458 4830">
     <span class='ocr_line' id='line_1_79' title="bbox 155 4741 1458 4830; baseline 0.018 -41"><span class='ocrx_word' id='word_1_541' title='bbox 155 4741 350 4807; x_wconf 64' lang='grc' dir='ltr'><strong><em>ὁάσκὸς,</em></strong></span> <span class='ocrx_word' id='word_1_542' title='bbox 377 4747 402 4796; x_wconf 79' lang='grc' dir='ltr'>ὁ</span> <span class='ocrx_word' id='word_1_543' title='bbox 429 4752 522 4818; x_wconf 73' lang='grc' dir='ltr'>μὲν</span> <span class='ocrx_word' id='word_1_544' title='bbox 556 4747 969 4823; x_wconf 73' lang='grc' dir='ltr'><strong><em>βασταζόμενος,</em></strong></span> <span class='ocrx_word' id='word_1_545' title='bbox 1001 4756 1026 4806; x_wconf 86' lang='grc' dir='ltr'><strong><em>ὁ</em></strong></span> <span class='ocrx_word' id='word_1_546' title='bbox 1059 4753 1118 4809; x_wconf 67' lang='grc' dir='ltr'>δὲ</span> <span class='ocrx_word' id='word_1_547' title='bbox 1156 4755 1458 4830; x_wconf 80' lang='grc' dir='ltr'><strong><em>βαστάζων.</em></strong></span> 
     </span>
    </p>
   </div>
   <div class='ocr_carea' id='block_1_80' title="bbox 210 4989 1708 5082">
    <p class='ocr_par' dir='ltr' id='par_1_80' title="bbox 210 4989 1708 5082">
     <span class='ocr_line' id='line_1_80' title="bbox 210 4989 1708 5082; baseline 0.015 -39"><span class='ocrx_word' id='word_1_548' title='bbox 210 4989 342 5082; x_wconf 52' lang='grc' dir='ltr'>τεο.</span> <span class='ocrx_word' id='word_1_549' title='bbox 373 4995 468 5048; x_wconf 82' lang='lat' dir='ltr'>IE&#39;.</span> <span class='ocrx_word' id='word_1_550' title='bbox 504 5001 632 5070; x_wconf 77' lang='grc' dir='ltr'>Περὶ</span> <span class='ocrx_word' id='word_1_551' title='bbox 671 5007 766 5063; x_wconf 82' lang='grc' dir='ltr'><strong><em>τῆς</em></strong></span> <span class='ocrx_word' id='word_1_552' title='bbox 813 5003 1069 5078; x_wconf 72' lang='grc' dir='ltr'><strong><em>θυγατρὸς</em></strong></span> <span class='ocrx_word' id='word_1_553' title='bbox 1106 5013 1196 5058; x_wconf 82' lang='grc' dir='ltr'><strong><em>τοῦ</em></strong></span> <span class='ocrx_word' id='word_1_554' title='bbox 1241 5005 1708 5082; x_wconf 73' lang='grc' dir='ltr'><strong><em>ἀρχισυναγώγου.</em></strong></span> 
     </span>
    </p>
   </div>
   <div class='ocr_carea' id='block_1_81' title="bbox 202 5080 1708 5175">
    <p class='ocr_par' dir='ltr' id='par_1_81' title="bbox 202 5080 1708 5175">
     <span class='ocr_line' id='line_1_81' title="bbox 202 5080 1708 5175; baseline 0.019 -47"><span class='ocrx_word' id='word_1_555' title='bbox 202 5080 360 5132; x_wconf 72' lang='grc' dir='ltr'><strong><em>ταῦτα</em></strong></span> <span class='ocrx_word' id='word_1_556' title='bbox 403 5113 471 5125; x_wconf 89' lang='grc'><strong><em>-</em></strong></span> <span class='ocrx_word' id='word_1_557' title='bbox 511 5085 750 5146; x_wconf 77' lang='grc' dir='ltr'><strong><em>ζήσεται.</em></strong></span> <span class='ocrx_word' id='word_1_558' title='bbox 806 5088 889 5164; x_wconf 82' lang='grc' dir='ltr'>[Ἠ</span> <span class='ocrx_word' id='word_1_559' title='bbox 930 5092 1046 5165; x_wconf 85' lang='grc'>(97)</span> <span class='ocrx_word' id='word_1_560' title='bbox 1078 5102 1167 5147; x_wconf 86' lang='grc' dir='ltr'>τοῦ</span> <span class='ocrx_word' id='word_1_561' title='bbox 1217 5080 1432 5173; x_wconf 78' lang='grc' dir='ltr'><strong><em>Ἰαιίρου</em></strong></span> <span class='ocrx_word' id='word_1_562' title='bbox 1475 5080 1708 5175; x_wconf 78' lang='grc' dir='ltr'><strong><em>θυγάτηρ</em></strong></span> 
     </span>
    </p>
   </div>
   <div class='ocr_carea' id='block_1_82' title="bbox 204 5228 705 5303">
    <p class='ocr_par' dir='ltr' id='par_1_82' title="bbox 204 5228 705 5303">
     <span class='ocr_line' id='line_1_82' title="bbox 204 5228 705 5303; baseline 0.018 -15"><span class='ocrx_word' id='word_1_563' title='bbox 204 5228 429 5292; x_wconf 74' lang='lat' dir='ltr'>“Joan.</span> <span class='ocrx_word' id='word_1_564' title='bbox 461 5252 582 5303; x_wconf 76' lang='grc' dir='ltr'>ιη,</span> <span class='ocrx_word' id='word_1_565' title='bbox 617 5241 705 5298; x_wconf 82' lang='grc'>12.</span> 
     </span>
    </p>
   </div>
   <div class='ocr_carea' id='block_1_83' title="bbox 1829 3156 3488 3228">
    <p class='ocr_par' dir='ltr' id='par_1_83' title="bbox 1829 3156 3488 3228">
     <span class='ocr_line' id='line_1_83' title="bbox 1829 3156 3488 3228; baseline -0.003 -12"><span class='ocrx_word' id='word_1_566' title='bbox 1829 3161 2009 3216; x_wconf 84' lang='lat' dir='ltr'>tatem</span> <span class='ocrx_word' id='word_1_567' title='bbox 2040 3174 2110 3215; x_wconf 89' lang='lat' dir='ltr'>ac</span> <span class='ocrx_word' id='word_1_568' title='bbox 2147 3157 2580 3213; x_wconf 84' lang='lat' dir='ltr'>vehementiam</span> <span class='ocrx_word' id='word_1_569' title='bbox 2622 3162 3054 3228; x_wconf 60' lang='lat' dir='ltr'>praceptorum</span> <span class='ocrx_word' id='word_1_570' title='bbox 3087 3158 3327 3223; x_wconf 90' lang='lat' dir='ltr'>;vinum</span> <span class='ocrx_word' id='word_1_571' title='bbox 3356 3156 3488 3228; x_wconf 88' lang='lat' dir='ltr'>qui-</span> 
     </span>
    </p>
   </div>
   <div class='ocr_carea' id='block_1_84' title="bbox 1827 3245 3482 3316">
    <p class='ocr_par' dir='ltr' id='par_1_84' title="bbox 1827 3245 3482 3316">
     <span class='ocr_line' id='line_1_84' title="bbox 1827 3245 3482 3316; baseline -0.002 -14"><span class='ocrx_word' id='word_1_572' title='bbox 1827 3249 1986 3312; x_wconf 89' lang='lat' dir='ltr'>dem,</span> <span class='ocrx_word' id='word_1_573' title='bbox 2013 3246 2175 3316; x_wconf 88' lang='lat' dir='ltr'>quod</span> <span class='ocrx_word' id='word_1_574' title='bbox 2219 3245 2477 3301; x_wconf 76' lang='lat' dir='ltr'>laetiﬁcet</span> <span class='ocrx_word' id='word_1_575' title='bbox 2531 3245 2923 3316; x_wconf 85' lang='lat' dir='ltr'>perfectorum</span> <span class='ocrx_word' id='word_1_576' title='bbox 2962 3246 3216 3309; x_wconf 90' lang='lat' dir='ltr'>animas,</span> <span class='ocrx_word' id='word_1_577' title='bbox 3261 3260 3482 3301; x_wconf 91' lang='lat' dir='ltr'>novum</span> 
     </span>
    </p>
   </div>
   <div class='ocr_carea' id='block_1_85' title="bbox 1829 3330 3479 3404">
    <p class='ocr_par' dir='ltr' id='par_1_85' title="bbox 1829 3330 3479 3404">
     <span class='ocr_line' id='line_1_85' title="bbox 1829 3330 3479 3404; baseline -0.002 -18"><span class='ocrx_word' id='word_1_578' title='bbox 1829 3337 2048 3398; x_wconf 91' lang='lat' dir='ltr'>autem,</span> <span class='ocrx_word' id='word_1_579' title='bbox 2081 3331 2234 3404; x_wconf 90' lang='lat' dir='ltr'>quod</span> <span class='ocrx_word' id='word_1_580' title='bbox 2265 3337 2502 3387; x_wconf 89' lang='lat' dir='ltr'>assueta</span> <span class='ocrx_word' id='word_1_581' title='bbox 2523 3346 2644 3386; x_wconf 92' lang='lat' dir='ltr'>non</span> <span class='ocrx_word' id='word_1_582' title='bbox 2673 3332 2746 3387; x_wconf 91' lang='lat' dir='ltr'>sit</span> <span class='ocrx_word' id='word_1_583' title='bbox 2789 3330 3208 3387; x_wconf 82' lang='lat' dir='ltr'>inexercitatis.</span> <span class='ocrx_word' id='word_1_584' title='bbox 3242 3330 3479 3384; x_wconf 69' lang='lat' dir='ltr'>Praeter-</span> 
     </span>
    </p>
   </div>
   <div class='ocr_carea' id='block_1_86' title="bbox 1828 3418 3471 3490">
    <p class='ocr_par' dir='ltr' id='par_1_86' title="bbox 1828 3418 3471 3490">
     <span class='ocr_line' id='line_1_86' title="bbox 1828 3418 3471 3490; baseline -0.002 -14"><span class='ocrx_word' id='word_1_585' title='bbox 1828 3438 1896 3477; x_wconf 91' lang='lat' dir='ltr'>ea</span> <span class='ocrx_word' id='word_1_586' title='bbox 1951 3431 2107 3476; x_wconf 88' lang='lat' dir='ltr'>utres</span> <span class='ocrx_word' id='word_1_587' title='bbox 2150 3424 2375 3476; x_wconf 88' lang='lat' dir='ltr'>veteres</span> <span class='ocrx_word' id='word_1_588' title='bbox 2415 3418 2558 3474; x_wconf 89' lang='lat' dir='ltr'>dicit</span> <span class='ocrx_word' id='word_1_589' title='bbox 2599 3418 2970 3490; x_wconf 89' lang='lat' dir='ltr'>discipulos:</span> <span class='ocrx_word' id='word_1_590' title='bbox 3018 3423 3174 3473; x_wconf 90' lang='lat' dir='ltr'>utres</span> <span class='ocrx_word' id='word_1_591' title='bbox 3225 3418 3471 3489; x_wconf 92' lang='lat' dir='ltr'>quidem</span> 
     </span>
    </p>
   </div>
   <div class='ocr_carea' id='block_1_87' title="bbox 1829 3506 3476 3582">
    <p class='ocr_par' dir='ltr' id='par_1_87' title="bbox 1829 3506 3476 3582">
     <span class='ocr_line' id='line_1_87' title="bbox 1829 3506 3476 3582; baseline -0.002 -18"><span class='ocrx_word' id='word_1_592' title='bbox 1829 3515 2116 3582; x_wconf 89' lang='lat' dir='ltr'>tanquam</span> <span class='ocrx_word' id='word_1_593' title='bbox 2164 3507 2488 3579; x_wconf 63' lang='lat' dir='ltr'>disciplinae</span> <span class='ocrx_word' id='word_1_594' title='bbox 2521 3522 2801 3578; x_wconf 90' lang='lat' dir='ltr'>capaces,</span> <span class='ocrx_word' id='word_1_595' title='bbox 2858 3512 3080 3562; x_wconf 83' lang='lat' dir='ltr'>veteres</span> <span class='ocrx_word' id='word_1_596' title='bbox 3123 3522 3264 3562; x_wconf 90' lang='lat' dir='ltr'>vero</span> <span class='ocrx_word' id='word_1_597' title='bbox 3303 3506 3476 3578; x_wconf 91' lang='lat' dir='ltr'>quasi</span> 
     </span>
    </p>
   </div>
   <div class='ocr_carea' id='block_1_88' title="bbox 1829 3597 2169 3653">
    <p class='ocr_par' dir='ltr' id='par_1_88' title="bbox 1829 3597 2169 3653">
     <span class='ocr_line' id='line_1_88' title="bbox 1829 3597 2169 3653; baseline 0 -1"><span class='ocrx_word' id='word_1_598' title='bbox 1829 3597 2169 3653; x_wconf 87' lang='lat' dir='ltr'>imbecilles.</span> 
     </span>
    </p>
   </div>
   <div class='ocr_carea' id='block_1_89' title="bbox 1898 3685 3478 3758">
    <p class='ocr_par' dir='ltr' id='par_1_89' title="bbox 1898 3685 3478 3758">
     <span class='ocr_line' id='line_1_89' title="bbox 1898 3685 3478 3758; baseline 0 -18"><span class='ocrx_word' id='word_1_599' title='bbox 1898 3686 2061 3742; x_wconf 89' lang='lat' dir='ltr'>Vers.</span> <span class='ocrx_word' id='word_1_600' title='bbox 2097 3685 2178 3742; x_wconf 78' lang='lat' dir='ltr'>t7.</span> <span class='ocrx_word' id='word_1_601' title='bbox 2219 3685 2466 3758; x_wconf 77' lang='lat' dir='ltr'>Alioqui</span> <span class='ocrx_word' id='word_1_602' title='bbox 2493 3715 2561 3727; x_wconf 95' lang='lat'><strong>—</strong></span> <span class='ocrx_word' id='word_1_603' title='bbox 2602 3693 2867 3754; x_wconf 80' lang='lat' dir='ltr'>pereunt.</span> <span class='ocrx_word' id='word_1_604' title='bbox 2913 3686 3290 3755; x_wconf 80' lang='lat' dir='ltr'>Rumpuntur</span> <span class='ocrx_word' id='word_1_605' title='bbox 3320 3689 3478 3740; x_wconf 87' lang='lat' dir='ltr'>utres</span> 
     </span>
    </p>
   </div>
   <div class='ocr_carea' id='block_1_90' title="bbox 1829 3771 3477 3843">
    <p class='ocr_par' dir='ltr' id='par_1_90' title="bbox 1829 3771 3477 3843">
     <span class='ocr_line' id='line_1_90' title="bbox 1829 3771 3477 3843; baseline -0.002 -15"><span class='ocrx_word' id='word_1_606' title='bbox 1829 3773 1949 3830; x_wconf 90' lang='lat' dir='ltr'>sive</span> <span class='ocrx_word' id='word_1_607' title='bbox 2017 3775 2448 3839; x_wconf 89' lang='lat' dir='ltr'>dissolvuntur,</span> <span class='ocrx_word' id='word_1_608' title='bbox 2510 3789 2647 3828; x_wconf 92' lang='lat' dir='ltr'>cum</span> <span class='ocrx_word' id='word_1_609' title='bbox 2696 3771 2846 3828; x_wconf 84' lang='lat' dir='ltr'>ferre</span> <span class='ocrx_word' id='word_1_610' title='bbox 2905 3787 3026 3826; x_wconf 93' lang='lat' dir='ltr'>non</span> <span class='ocrx_word' id='word_1_611' title='bbox 3083 3771 3314 3843; x_wconf 89' lang='lat' dir='ltr'>possint</span> <span class='ocrx_word' id='word_1_612' title='bbox 3348 3771 3477 3826; x_wconf 91' lang='lat' dir='ltr'>vini</span> 
     </span>
    </p>
   </div>
   <div class='ocr_carea' id='block_1_91' title="bbox 1826 3857 3478 3933">
    <p class='ocr_par' dir='ltr' id='par_1_91' title="bbox 1826 3857 3478 3933">
     <span class='ocr_line' id='line_1_91' title="bbox 1826 3857 3478 3933; baseline -0.002 -16"><span class='ocrx_word' id='word_1_613' title='bbox 1826 3864 1964 3918; x_wconf 90' lang='lat' dir='ltr'>novi</span> <span class='ocrx_word' id='word_1_614' title='bbox 1986 3862 2389 3919; x_wconf 83' lang='lat' dir='ltr'>fortitudinem</span> <span class='ocrx_word' id='word_1_615' title='bbox 2423 3881 2436 3930; x_wconf 91' lang='lat'><strong>;</strong></span> <span class='ocrx_word' id='word_1_616' title='bbox 2464 3861 2793 3933; x_wconf 90' lang='lat' dir='ltr'>vinumque</span> <span class='ocrx_word' id='word_1_617' title='bbox 2825 3875 2943 3915; x_wconf 92' lang='lat' dir='ltr'>non</span> <span class='ocrx_word' id='word_1_618' title='bbox 2972 3864 3264 3916; x_wconf 90' lang='lat' dir='ltr'>retentum</span> <span class='ocrx_word' id='word_1_619' title='bbox 3295 3857 3478 3914; x_wconf 79' lang='lat' dir='ltr'>eﬂ&#39;un-</span> 
     </span>
    </p>
   </div>
   <div class='ocr_carea' id='block_1_92' title="bbox 1825 3949 3477 4026">
    <p class='ocr_par' dir='ltr' id='par_1_92' title="bbox 1825 3949 3477 4026">
     <span class='ocr_line' id='line_1_92' title="bbox 1825 3949 3477 4026; baseline -0.002 -19"><span class='ocrx_word' id='word_1_620' title='bbox 1825 3951 2002 4018; x_wconf 88' lang='lat' dir='ltr'>ditur,</span> <span class='ocrx_word' id='word_1_621' title='bbox 2053 3969 2123 4008; x_wconf 93' lang='lat' dir='ltr'>ac</span> <span class='ocrx_word' id='word_1_622' title='bbox 2166 3959 2321 4008; x_wconf 85' lang='lat' dir='ltr'>utres</span> <span class='ocrx_word' id='word_1_623' title='bbox 2363 3958 2632 4026; x_wconf 88' lang='lat' dir='ltr'>pereunt,</span> <span class='ocrx_word' id='word_1_624' title='bbox 2675 3951 2813 4007; x_wconf 81' lang='lat' dir='ltr'>facti</span> <span class='ocrx_word' id='word_1_625' title='bbox 2857 3950 2916 4006; x_wconf 93' lang='lat' dir='ltr'>in</span> <span class='ocrx_word' id='word_1_626' title='bbox 2963 3956 3263 4022; x_wconf 88' lang='lat' dir='ltr'>posterum</span> <span class='ocrx_word' id='word_1_627' title='bbox 3306 3949 3477 4004; x_wconf 88' lang='lat' dir='ltr'>inuti-</span> 
     </span>
    </p>
   </div>
   <div class='ocr_carea' id='block_1_93' title="bbox 1825 4041 1936 4097">
    <p class='ocr_par' dir='ltr' id='par_1_93' title="bbox 1825 4041 1936 4097">
     <span class='ocr_line' id='line_1_93' title="bbox 1825 4041 1936 4097; baseline 0.018 -2"><span class='ocrx_word' id='word_1_628' title='bbox 1825 4041 1909 4096; x_wconf 88' lang='lat' dir='ltr'>les</span> <span class='ocrx_word' id='word_1_629' title='bbox 1923 4086 1936 4097; x_wconf 91' lang='lat'>.</span> 
     </span>
    </p>
   </div>
   <div class='ocr_carea' id='block_1_94' title="bbox 1896 4125 3477 4197">
    <p class='ocr_par' dir='ltr' id='par_1_94' title="bbox 1896 4125 3477 4197">
     <span class='ocr_line' id='line_1_94' title="bbox 1896 4125 3477 4197; baseline 0.001 -18"><span class='ocrx_word' id='word_1_630' title='bbox 1896 4128 2070 4184; x_wconf 87' lang='lat' dir='ltr'>Vers.</span> <span class='ocrx_word' id='word_1_631' title='bbox 2120 4129 2204 4182; x_wconf 88' lang='grc'>17.</span> <span class='ocrx_word' id='word_1_632' title='bbox 2251 4128 2364 4184; x_wconf 87' lang='lat' dir='ltr'>Sed</span> <span class='ocrx_word' id='word_1_633' title='bbox 2387 4159 2455 4169; x_wconf 94' lang='lat'>—</span> <span class='ocrx_word' id='word_1_634' title='bbox 2484 4133 2929 4186; x_wconf 77' lang='lat' dir='ltr'>conservantur.</span> <span class='ocrx_word' id='word_1_635' title='bbox 2962 4126 3270 4197; x_wconf 91' lang='lat' dir='ltr'>Optimum</span> <span class='ocrx_word' id='word_1_636' title='bbox 3317 4125 3477 4181; x_wconf 90' lang='lat' dir='ltr'>enim</span> 
     </span>
    </p>
   </div>
   <div class='ocr_carea' id='block_1_95' title="bbox 1823 4215 3479 4287">
    <p class='ocr_par' dir='ltr' id='par_1_95' title="bbox 1823 4215 3479 4287">
     <span class='ocr_line' id='line_1_95' title="bbox 1823 4215 3479 4287; baseline -0.003 -15"><span class='ocrx_word' id='word_1_637' title='bbox 1823 4232 2205 4272; x_wconf 74' lang='lat' dir='ltr'>mconomum</span> <span class='ocrx_word' id='word_1_638' title='bbox 2240 4215 2574 4287; x_wconf 89' lang='lat' dir='ltr'>dijudicare</span> <span class='ocrx_word' id='word_1_639' title='bbox 2620 4219 2854 4287; x_wconf 91' lang='lat' dir='ltr'>oportet</span> <span class='ocrx_word' id='word_1_640' title='bbox 2899 4215 3021 4269; x_wconf 91' lang='lat' dir='ltr'>vini</span> <span class='ocrx_word' id='word_1_641' title='bbox 3075 4218 3375 4276; x_wconf 87' lang='lat' dir='ltr'>naturam,</span> <span class='ocrx_word' id='word_1_642' title='bbox 3423 4216 3479 4268; x_wconf 89' lang='lat' dir='ltr'>et</span> 
     </span>
    </p>
   </div>
   <div class='ocr_carea' id='block_1_96' title="bbox 1827 4298 3476 4370">
    <p class='ocr_par' dir='ltr' id='par_1_96' title="bbox 1827 4298 3476 4370">
     <span class='ocr_line' id='line_1_96' title="bbox 1827 4298 3476 4370; baseline -0.004 -12"><span class='ocrx_word' id='word_1_643' title='bbox 1827 4304 2043 4359; x_wconf 89' lang='lat' dir='ltr'>utrium</span> <span class='ocrx_word' id='word_1_644' title='bbox 2075 4304 2504 4369; x_wconf 81' lang='lat' dir='ltr'>fortitudinem,</span> <span class='ocrx_word' id='word_1_645' title='bbox 2557 4320 2625 4359; x_wconf 88' lang='lat' dir='ltr'>ac</span> <span class='ocrx_word' id='word_1_646' title='bbox 2669 4307 3043 4358; x_wconf 90' lang='lat' dir='ltr'>vetustatem.</span> <span class='ocrx_word' id='word_1_647' title='bbox 3074 4304 3240 4356; x_wconf 85' lang='lat' dir='ltr'>Nunc</span> <span class='ocrx_word' id='word_1_648' title='bbox 3287 4298 3476 4370; x_wconf 89' lang='lat' dir='ltr'>siqui-</span> 
     </span>
    </p>
   </div>
   <div class='ocr_carea' id='block_1_97' title="bbox 1824 4386 3472 4462">
    <p class='ocr_par' dir='ltr' id='par_1_97' title="bbox 1824 4386 3472 4462">
     <span class='ocr_line' id='line_1_97' title="bbox 1824 4386 3472 4462; baseline -0.004 -16"><span class='ocrx_word' id='word_1_649' title='bbox 1824 4393 1961 4448; x_wconf 92' lang='lat' dir='ltr'>dem</span> <span class='ocrx_word' id='word_1_650' title='bbox 1993 4398 2213 4448; x_wconf 88' lang='lat' dir='ltr'>veteres</span> <span class='ocrx_word' id='word_1_651' title='bbox 2252 4400 2389 4447; x_wconf 92' lang='lat' dir='ltr'>sunt</span> <span class='ocrx_word' id='word_1_652' title='bbox 2418 4391 2712 4462; x_wconf 87' lang='lat' dir='ltr'>discipuli,</span> <span class='ocrx_word' id='word_1_653' title='bbox 2760 4390 2917 4461; x_wconf 92' lang='lat' dir='ltr'>quod</span> <span class='ocrx_word' id='word_1_654' title='bbox 2951 4389 3029 4444; x_wconf 86' lang='lat' dir='ltr'>ad</span> <span class='ocrx_word' id='word_1_655' title='bbox 3067 4386 3472 4442; x_wconf 86' lang='lat' dir='ltr'>fortitudinem</span> 
     </span>
    </p>
   </div>
   <div class='ocr_carea' id='block_1_98' title="bbox 1827 4473 3480 4548">
    <p class='ocr_par' dir='ltr' id='par_1_98' title="bbox 1827 4473 3480 4548">
     <span class='ocr_line' id='line_1_98' title="bbox 1827 4473 3480 4548; baseline -0.003 -14"><span class='ocrx_word' id='word_1_656' title='bbox 1827 4481 2047 4537; x_wconf 89' lang='lat' dir='ltr'>utrium</span> <span class='ocrx_word' id='word_1_657' title='bbox 2078 4497 2146 4536; x_wconf 92' lang='lat' dir='ltr'>ac</span> <span class='ocrx_word' id='word_1_658' title='bbox 2191 4484 2538 4535; x_wconf 89' lang='lat' dir='ltr'>vetustatem</span> <span class='ocrx_word' id='word_1_659' title='bbox 2590 4483 2839 4548; x_wconf 87' lang='lat' dir='ltr'>spectat,</span> <span class='ocrx_word' id='word_1_660' title='bbox 2888 4475 3158 4530; x_wconf 90' lang='lat' dir='ltr'>nondum</span> <span class='ocrx_word' id='word_1_661' title='bbox 3213 4473 3480 4529; x_wconf 88' lang='lat' dir='ltr'>videlicet</span> 
     </span>
    </p>
   </div>
   <div class='ocr_carea' id='block_1_99' title="bbox 1823 4562 3471 4639">
    <p class='ocr_par' dir='ltr' id='par_1_99' title="bbox 1823 4562 3471 4639">
     <span class='ocr_line' id='line_1_99' title="bbox 1823 4562 3471 4639; baseline -0.002 -15"><span class='ocrx_word' id='word_1_662' title='bbox 1823 4570 2104 4625; x_wconf 88' lang='lat' dir='ltr'>renovati.</span> <span class='ocrx_word' id='word_1_663' title='bbox 2154 4569 2407 4639; x_wconf 86' lang='lat' dir='ltr'>Propter</span> <span class='ocrx_word' id='word_1_664' title='bbox 2445 4567 2608 4639; x_wconf 90' lang='lat' dir='ltr'>quod</span> <span class='ocrx_word' id='word_1_665' title='bbox 2641 4567 2817 4621; x_wconf 89' lang='lat' dir='ltr'>etiam</span> <span class='ocrx_word' id='word_1_666' title='bbox 2853 4564 2969 4618; x_wconf 92' lang='lat' dir='ltr'>alio</span> <span class='ocrx_word' id='word_1_667' title='bbox 3013 4563 3140 4618; x_wconf 90' lang='lat' dir='ltr'>loco</span> <span class='ocrx_word' id='word_1_668' title='bbox 3176 4562 3316 4618; x_wconf 78' lang='lat' dir='ltr'>dixit</span> <span class='ocrx_word' id='word_1_669' title='bbox 3345 4563 3471 4620; x_wconf 90' lang='lat' dir='ltr'>eis:</span> 
     </span>
    </p>
   </div>
   <div class='ocr_carea' id='block_1_100' title="bbox 1822 4653 3476 4728">
    <p class='ocr_par' dir='ltr' id='par_1_100' title="bbox 1822 4653 3476 4728">
     <span class='ocr_line' id='line_1_100' title="bbox 1822 4653 3476 4728; baseline -0.003 -15"><span class='ocrx_word' id='word_1_670' title='bbox 1822 4659 2018 4714; x_wconf 80' lang='lat' dir='ltr'>Multa</span> <span class='ocrx_word' id='word_1_671' title='bbox 2043 4657 2243 4722; x_wconf 80' lang='lat' dir='ltr'>habeo,</span> <span class='ocrx_word' id='word_1_672' title='bbox 2263 4674 2383 4728; x_wconf 70' lang='lat' dir='ltr'>qua:</span> <span class='ocrx_word' id='word_1_673' title='bbox 2402 4657 2560 4713; x_wconf 81' lang='lat' dir='ltr'>vobis</span> <span class='ocrx_word' id='word_1_674' title='bbox 2580 4657 2784 4718; x_wconf 73' lang='lat' dir='ltr'>dicam,</span> <span class='ocrx_word' id='word_1_675' title='bbox 2804 4653 2896 4709; x_wconf 84' lang='lat' dir='ltr'>sed</span> <span class='ocrx_word' id='word_1_676' title='bbox 2931 4668 3081 4708; x_wconf 82' lang='lat' dir='ltr'>nunc</span> <span class='ocrx_word' id='word_1_677' title='bbox 3098 4659 3338 4723; x_wconf 80' lang='lat' dir='ltr'>portare</span> <span class='ocrx_word' id='word_1_678' title='bbox 3356 4667 3476 4708; x_wconf 85' lang='lat' dir='ltr'>non</span> 
     </span>
    </p>
   </div>
   <div class='ocr_carea' id='block_1_101' title="bbox 1818 4742 3475 4818">
    <p class='ocr_par' dir='ltr' id='par_1_101' title="bbox 1818 4742 3475 4818">
     <span class='ocr_line' id='line_1_101' title="bbox 1818 4742 3475 4818; baseline -0.004 -17"><span class='ocrx_word' id='word_1_679' title='bbox 1818 4747 2051 4816; x_wconf 74' lang='lat' dir='ltr'>potestis</span> <span class='ocrx_word' id='word_1_680' title='bbox 2082 4748 2149 4799; x_wconf 74' lang='grc'>⁸⁸.</span> <span class='ocrx_word' id='word_1_681' title='bbox 2198 4748 2474 4818; x_wconf 86' lang='lat' dir='ltr'>Utraque,</span> <span class='ocrx_word' id='word_1_682' title='bbox 2508 4744 2717 4817; x_wconf 89' lang='lat' dir='ltr'>inquit,</span> <span class='ocrx_word' id='word_1_683' title='bbox 2769 4747 3219 4808; x_wconf 89' lang='lat' dir='ltr'>conservantur,</span> <span class='ocrx_word' id='word_1_684' title='bbox 3272 4742 3475 4797; x_wconf 89' lang='lat' dir='ltr'>vinum</span> 
     </span>
    </p>
   </div>
   <div class='ocr_carea' id='block_1_102' title="bbox 1821 4829 3475 4905">
    <p class='ocr_par' dir='ltr' id='par_1_102' title="bbox 1821 4829 3475 4905">
     <span class='ocr_line' id='line_1_102' title="bbox 1821 4829 3475 4905; baseline -0.004 -15"><span class='ocrx_word' id='word_1_685' title='bbox 1821 4835 2091 4891; x_wconf 90' lang='lat' dir='ltr'>videlicet</span> <span class='ocrx_word' id='word_1_686' title='bbox 2120 4841 2174 4890; x_wconf 89' lang='lat' dir='ltr'>et</span> <span class='ocrx_word' id='word_1_687' title='bbox 2203 4839 2375 4899; x_wconf 90' lang='lat' dir='ltr'>utres,</span> <span class='ocrx_word' id='word_1_688' title='bbox 2410 4833 2558 4890; x_wconf 92' lang='lat' dir='ltr'>illud</span> <span class='ocrx_word' id='word_1_689' title='bbox 2575 4831 2820 4905; x_wconf 91' lang='lat' dir='ltr'>quidem</span> <span class='ocrx_word' id='word_1_690' title='bbox 2849 4835 3171 4895; x_wconf 84' lang='lat' dir='ltr'>retentum,</span> <span class='ocrx_word' id='word_1_691' title='bbox 3192 4829 3252 4884; x_wconf 91' lang='lat' dir='ltr'>hi</span> <span class='ocrx_word' id='word_1_692' title='bbox 3275 4835 3475 4886; x_wconf 90' lang='lat' dir='ltr'>autem</span> 
     </span>
    </p>
   </div>
   <div class='ocr_carea' id='block_1_103' title="bbox 1821 4925 2160 4981">
    <p class='ocr_par' dir='ltr' id='par_1_103' title="bbox 1821 4925 2160 4981">
     <span class='ocr_line' id='line_1_103' title="bbox 1821 4925 2160 4981; baseline 0.006 -2"><span class='ocrx_word' id='word_1_693' title='bbox 1821 4925 2160 4981; x_wconf 88' lang='lat' dir='ltr'>retinentes.</span> 
     </span>
    </p>
   </div>
   <div class='ocr_carea' id='block_1_104' title="bbox 2128 5008 3179 5080">
    <p class='ocr_par' dir='ltr' id='par_1_104' title="bbox 2128 5008 3179 5080">
     <span class='ocr_line' id='line_1_104' title="bbox 2128 5008 3179 5080; baseline -0.007 -11"><span class='ocrx_word' id='word_1_694' title='bbox 2128 5013 2278 5069; x_wconf 85' lang='lat' dir='ltr'>CAP.</span> <span class='ocrx_word' id='word_1_695' title='bbox 2309 5011 2422 5070; x_wconf 85' lang='lat' dir='ltr'>XV.</span> <span class='ocrx_word' id='word_1_696' title='bbox 2449 5013 2532 5068; x_wconf 90' lang='lat' dir='ltr'>De</span> <span class='ocrx_word' id='word_1_697' title='bbox 2555 5011 2688 5080; x_wconf 79' lang='lat' dir='ltr'>ﬁlia</span> <span class='ocrx_word' id='word_1_698' title='bbox 2708 5008 3179 5080; x_wconf 81' lang='lat' dir='ltr'>archisynagogi.</span> 
     </span>
    </p>
   </div>
   <div class='ocr_carea' id='block_1_105' title="bbox 1893 5095 3480 5171">
    <p class='ocr_par' dir='ltr' id='par_1_105' title="bbox 1893 5095 3480 5171">
     <span class='ocr_line' id='line_1_105' title="bbox 1893 5095 3480 5171; baseline -0.006 -13"><span class='ocrx_word' id='word_1_699' title='bbox 1893 5102 2051 5158; x_wconf 85' lang='lat' dir='ltr'>Vers.</span> <span class='ocrx_word' id='word_1_700' title='bbox 2086 5103 2172 5158; x_wconf 79' lang='grc'>18.</span> <span class='ocrx_word' id='word_1_701' title='bbox 2228 5103 2356 5158; x_wconf 74' lang='lat' dir='ltr'>Hac</span> <span class='ocrx_word' id='word_1_702' title='bbox 2394 5133 2463 5142; x_wconf 96' lang='lat'><strong>—</strong></span> <span class='ocrx_word' id='word_1_703' title='bbox 2507 5101 2658 5158; x_wconf 83' lang='lat' dir='ltr'>vivet</span> <span class='ocrx_word' id='word_1_704' title='bbox 2705 5100 2790 5171; x_wconf 76' lang='grc' dir='ltr'>-ι--ι-</span> <span class='ocrx_word' id='word_1_705' title='bbox 2819 5097 2962 5154; x_wconf 90' lang='lat' dir='ltr'>Jairi</span> <span class='ocrx_word' id='word_1_706' title='bbox 3006 5097 3128 5153; x_wconf 87' lang='lat' dir='ltr'>ﬁlia</span> <span class='ocrx_word' id='word_1_707' title='bbox 3181 5095 3480 5167; x_wconf 80' lang='lat' dir='ltr'>signiﬁcat</span> 
     </span>
    </p>
   </div>
   <div class='ocr_carea' id='block_1_106' title="bbox 1345 5399 2250 5472">
    <p class='ocr_par' dir='ltr' id='par_1_106' title="bbox 1345 5399 2250 5472">
     <span class='ocr_line' id='line_1_106' title="bbox 1345 5399 2250 5472; baseline 0.003 -6"><span class='ocrx_word' id='word_1_708' title='bbox 1345 5399 1568 5469; x_wconf 76' lang='lat' dir='ltr'>Variae</span> <span class='ocrx_word' id='word_1_709' title='bbox 1595 5402 1919 5472; x_wconf 89' lang='lat' dir='ltr'>lectiones</span> <span class='ocrx_word' id='word_1_710' title='bbox 1951 5414 2016 5470; x_wconf 90' lang='lat' dir='ltr'>et</span> <span class='ocrx_word' id='word_1_711' title='bbox 2050 5413 2250 5470; x_wconf 71' lang='lat' dir='ltr'>uotae.</span> 
     </span>
    </p>
   </div>
   <div class='ocr_carea' id='block_1_107' title="bbox 202 5546 2507 5643">
    <p class='ocr_par' dir='ltr' id='par_1_107' title="bbox 202 5546 2507 5643">
     <span class='ocr_line' id='line_1_107' title="bbox 202 5546 2507 5643; baseline 0.008 -34"><span class='ocrx_word' id='word_1_712' title='bbox 202 5546 304 5618; x_wconf 81' lang='lat'>(97)</span> <span class='ocrx_word' id='word_1_713' title='bbox 327 5549 520 5611; x_wconf 84' lang='lat' dir='ltr'>Codex</span> <span class='ocrx_word' id='word_1_714' title='bbox 550 5561 806 5632; x_wconf 88' lang='lat' dir='ltr'>uterque</span> <span class='ocrx_word' id='word_1_715' title='bbox 844 5559 1083 5621; x_wconf 88' lang='lat' dir='ltr'>inclusa</span> <span class='ocrx_word' id='word_1_716' title='bbox 1111 5565 1294 5624; x_wconf 86' lang='lat' dir='ltr'>habet</span> <span class='ocrx_word' id='word_1_717' title='bbox 1320 5567 1378 5624; x_wconf 92' lang='lat' dir='ltr'>in</span> <span class='ocrx_word' id='word_1_718' title='bbox 1410 5570 1690 5641; x_wconf 85' lang='lat' dir='ltr'>margine.</span> <span class='ocrx_word' id='word_1_719' title='bbox 1722 5571 2038 5628; x_wconf 86' lang='lat' dir='ltr'>Hentenius</span> <span class='ocrx_word' id='word_1_720' title='bbox 2062 5587 2183 5628; x_wconf 92' lang='lat' dir='ltr'>non</span> <span class='ocrx_word' id='word_1_721' title='bbox 2215 5571 2507 5643; x_wconf 85' lang='lat' dir='ltr'>agnoscit.</span> 
     </span>
    </p>
   </div>
  </div>
