3990 6206
488 235 593 291 315

484 448 770 505 mandata
798 448 997 503 divina
1021 448 1175 518 facit,
1209 454 1527 505 mortuam.

557 625 657 678 Hic
703 626 971 697 princeps
1012 630 1137 681 erat
1174 627 1510 698 Synagogaa
1544 626 1906 691 Judazorum,
1939 627 2129 682 Jairus

484 712 836 785 appellatus,
877 718 933 769 ut
983 715 1188 769 dicunt
1214 718 1438 771 Marcus
1465 720 1521 771 et
1559 716 1829 770 Lucas".
1864 715 2133 788 Relique-

483 807 574 857 rat
598 806 797 858 autem
842 803 1024 858 ﬁliam
1077 820 1249 859 suam
1303 804 1547 875 jamjam
1606 806 1953 860 morituram
2014 804 2127 876 (tt).

482 892 631 946 Nam
673 895 892 947 Marcus
935 908 1073 947 eum
1122 892 1338 948 dixisse
1384 899 1853 950 commemorat:
1904 895 2129 951 Filiola

483 995 613 1035 mea
642 981 704 1035 in
753 981 1022 1035 extremis
1060 986 1141 1037 est
1189 983 1262 1037 ⁸⁸.
1322 984 1507 1037 Lucas
1556 997 1694 1036 vero
1742 983 1906 1052 quod
1951 983 2129 1037 etiam

483 1068 850 1123 moriebatur
884 1071 949 1123 ⁸ο.
1001 1072 1223 1141 Itaque,
1285 1070 1457 1125 Modo
1502 1070 1779 1140 defuncta
1829 1076 1923 1136 est,
1985 1071 2131 1126 dixit

485 1156 897 1226 conjectando.
949 1158 1374 1228 Suspicabatur
1418 1159 1577 1214 enim
1626 1158 1790 1231 quod
1824 1170 1961 1214 tunc
2000 1160 2127 1230 jam

484 1246 722 1300 omnino
743 1251 977 1300 mortua
994 1251 1175 1301 esset.
1201 1247 1517 1303 Verisimile
1536 1254 1622 1303 est
1641 1253 1839 1303 autem
1866 1248 2125 1319 primum

484 1332 702 1387 dixisse
732 1350 867 1388 eum
902 1354 913 1392 :
962 1335 1031 1389 In
1057 1335 1326 1390 extremis
1366 1342 1467 1401 est,
1527 1336 1765 1405 deinde,
1809 1336 1983 1391 Modo
2035 1336 2129 1391 de-

479 1420 695 1488 functa
722 1428 828 1485 est,
878 1420 996 1476 sive
1040 1422 1168 1492 jam
1212 1422 1549 1493 exspiravit.
1614 1426 1739 1479 Duo
1799 1429 2000 1479 autem
2026 1440 2127 1495 pe-

480 1508 640 1564 tebat
667 1515 730 1563 ut
750 1512 989 1577 veniret,
1022 1516 1076 1566 et
1104 1527 1342 1566 manum
1372 1512 1725 1584 imponeret,
1755 1517 1955 1584 utpote
1979 1529 2127 1568 cras-

481 1596 601 1650 sius
633 1596 900 1651 affectus.

554 1687 711 1739 Vers.
746 1687 827 1741 19.
861 1687 936 1740 Et
964 1718 1030 1726 —
1056 1689 1203 1756 ejus.
1245 1690 1465 1743 Marcus
1496 1692 1550 1743 et
1605 1689 1795 1743 Lucas
1819 1688 2027 1743 dicunt
2056 1690 2128 1759 9°,
2163 1708 2206 1763 Β

481 1773 646 1843 quod
677 1773 852 1829 etiam
886 1775 1060 1831 turba
1092 1776 1278 1831 multa
1296 1776 1677 1847 sequebatur.
1713 1776 1915 1832 Plures
1949 1777 2129 1848 siqui-

482 1861 619 1916 dem
660 1878 863 1917 eorum
916 1858 1227 1919 carnaliter
1256 1865 1541 1930 viventes,
1569 1881 1690 1920 non
1722 1870 1953 1921 tantum
2009 1865 2129 1920 ani-

483 1967 597 2004 ma:
656 1951 967 2006 utilitatem
1010 1954 1530 2024 concupiscebam,
1588 1959 1879 2025 quantum
1933 1955 2128 2010 carnis

484 2038 607 2093 sive
638 2039 901 2108 corporis
942 2041 1273 2095 sanitatem.

482 2125 639 2183 CAP.
688 2128 820 2182 XVI.
879 2129 950 2184 De
996 2128 1229 2185 muliere
1280 2129 1579 2201 sanguinis
1634 2130 1926 2199 proﬂuvio
1982 2130 2127 2185 labo-

1212 2225 1396 2274 rante.

554 2306 709 2358 Vers.
735 2307 823 2359 20.
855 2306 933 2361 Et
962 2337 1030 2346 -
1056 2309 1200 2376 ejus.
1222 2309 1302 2362 De
1332 2307 1609 2378 praesenti
1640 2307 1830 2380 capite
1868 2307 2043 2363 latius
2074 2314 2128 2364 et

478 2393 718 2464 planius
750 2393 986 2464 scripsit
1014 2396 1195 2449 Lucas
1226 2396 1270 2431 ⁰¹
1299 2412 1312 2459 ;
1346 2412 1544 2467 quaere
1576 2412 1716 2466 ergo
1744 2396 1904 2468 apud
1958 2395 2127 2451 illum

479 2482 903 2537 enarrationem
956 2482 1222 2537 vicesimi
1289 2484 1437 2539 exti
1486 2483 1712 2555 capitis.
1794 2482 2124 2557 Κράσπεδον,

476 2569 735 2637 ﬁmbria,
768 2576 854 2626 est
882 2572 1057 2627 vestis
1087 2577 1349 2628 extrema
1376 2587 1535 2643 pars,
1569 2590 1703 2645 quae
1754 2574 1932 2645 pedes
1982 2589 2127 2629 con-

480 2659 623 2728 tegit
651 2663 707 2715 et
735 2660 1090 2717 ambulando
1120 2667 1327 2717 terram
1357 2661 1607 2731 attingit.

548 2836 714 2892 Vers.
742 2839 830 2892 21.
867 2837 1104 2893 Dicebat
1138 2869 1197 2879 —
1220 2839 1387 2894 salva
1413 2852 1525 2893 ero.
1551 2836 1830 2907 Magnam
1861 2836 2124 2895 habebat

475 2923 657 2979 ﬁdem
691 2944 704 2992 ;
739 2926 1018 2981 credebat
1046 2926 1226 2991 enim,
1251 2926 1417 2997 quod
1443 2927 1542 2980 ubi
1572 2926 1761 2982 solam
1788 2927 2120 2983 vestimenti

1804 236 2155 292 EUTHYMII
2208 236 2529 292 ZIGABENI

486 360 802 429 cujuslibet
823 364 1102 426 mentem,
1135 361 1291 433 quod
1325 376 1434 416 nec
1478 366 1775 434 praecepta
1805 362 1975 432 legis,
2025 378 2121 418 nec

2244 362 2540 414 αἰνίσσεται
2605 367 2697 421 τήν
2766 362 2986 416 ἑκάστου
3052 363 3259 435 ψυχήν,

3735 242 3833 297 316

3342 364 3701 418 ἀποθανοῦσαν
3771 375 3827 439 τῇ

2243 450 2472 525 ἀπραξίᾳ
2523 461 2622 503 τῶν
2686 462 2906 524 νομικῶν
2957 452 3187 519 ἐντολῶν,
3248 459 3335 505 καὶ
3389 463 3449 527 τῇ
3508 453 3832 528 ἀνενεργησία

2243 549 2341 591 τῶν
2372 542 2515 591 θείων
2548 544 2984 613 προσταγμάτων.
3012 542 3027 613 ]

2314 629 2479 690 Οὗτος
2524 630 2706 703 ἄρχων
2760 626 2820 687 ἦν
2880 638 2975 692 τῆς
3023 639 3331 703 Συναγωγῆς
3385 640 3481 683 τῶν
3543 630 3829 702 Ἰουδαίων,

2243 718 2449 789 Ἰάειρος
2490 717 2887 790 ὀνομαζόμενος,
2934 723 3003 781 ὡς
3036 719 3246 791 λέγουσι
3296 722 3504 795 Μάρκος
3556 727 3643 773 καὶ
3698 728 3829 774 Λου-

2240 812 2354 868 κᾶς.
2397 807 2749 875 Ἐμπνέουσαν
2797 804 2854 860 δὲ
2900 813 2993 866 τήν
3039 809 3222 861 ἑαυτοῦ
3274 812 3530 883 θυγατέρα
3578 810 3827 863 κατελιπε.

2243 898 2342 947 Καὶ
2391 896 2491 968 γὰρ
2544 898 2757 969 Μάρκος
2803 900 2892 967 μέν
2967 916 3117 967 φησι,
3181 905 3360 949 τοῦτον
3408 898 3585 966 εἰπεῖν,
3637 902 3715 950 ὅτι
3764 902 3828 951 Τὸ

2243 984 2515 1056 θυγάτριον
2564 1003 2662 1054 μου
2725 983 2963 1055 ἐσχάτως
3010 988 3122 1055 ἔχει
3153 1002 3165 1015 ·
3230 992 3436 1047 Λουκᾶς
3484 983 3562 1051 δε,
3615 990 3694 1038 ὅτι
3744 993 3829 1038 καὶ

2240 1071 2369 1129 αὕτη
2431 1070 2766 1129 ἀπέθνησκεν.
2829 1072 2989 1125 Ὠστε
3047 1078 3127 1139 τὸ,
3204 1080 3357 1147 Ἀρτι
3427 1077 3656 1139 τέθνηκε,
3716 1094 3830 1127 στοο

2236 1163 2531 1230 χαζόμενος
2571 1158 2703 1212 εἶπεν
2732 1182 2744 1193 ο
2796 1160 3013 1212 ὑπέλαϐε
3048 1164 3168 1233 γὰρ,
3220 1164 3299 1213 ὅτι
3349 1166 3512 1236 μέχρι
3554 1168 3669 1215 τότε
3707 1166 3820 1215 πάν-

2236 1267 2329 1307 τως
2387 1246 2445 1298 ἆν
2497 1247 2759 1304 ἀπέθανεν,
2818 1248 2969 1310 Εἰκὸς
3018 1246 3098 1314 δὲ,
3147 1258 3348 1322 πρῶτον
3393 1255 3482 1322 μὲν
3532 1251 3708 1314 εἰπεῖν,
3753 1253 3830 1302 ὁτι

2238 1335 2518 1407 Ἐσχάτως
2571 1338 2685 1406 ἔχει
2721 1354 2734 1369 ⁶
2790 1334 2920 1402 εἶτα,
2978 1338 3056 1388 ὅτι
3110 1337 3265 1411 Ἀρτι
3316 1341 3575 1402 τέθνηκεν,
3645 1342 3828 1407 ε’ίτουν,

2238 1424 2330 1485 ἕως
2387 1426 2526 1497 ἄρτι.
2569 1427 2666 1476 Δύο
2712 1421 2770 1477 δὲ
2810 1424 3081 1492 ἐζήτησεν,
3148 1426 3304 1479 ἐλθεῖν
3358 1446 3410 1479 τε
3462 1432 3551 1479 καὶ
3591 1426 3837 1480 ἐπιθεῖναι

2238 1517 2331 1569 τήν
2361 1520 2538 1587 χεῖρα,
2582 1516 2876 1587 παχύτερον
2909 1511 3250 1588 διακείμενος.

2313 1694 2411 1741 Καὶ
2445 1722 2505 1729 -—
2558 1690 2741 1745 αὑτοῦ.
2790 1692 3002 1765 Μάρκος
3042 1688 3100 1744 δὲ
3139 1697 3226 1745 καὶ
3282 1698 3486 1755 Λουκᾶς
3537 1713 3716 1765 φασιν,
3760 1697 3843 1745 ὅτι

2235 1783 2323 1829 καὶ
2374 1777 2533 1849 ὄχλος
2584 1778 2741 1841 πολὺς
2800 1780 3141 1838 ἠκολούθησε.
3204 1786 3303 1833 Καὶ
3360 1781 3459 1855 γὰρ
3517 1785 3565 1833 οἱ
3630 1782 3845 1844 πλείους

2237 1866 2403 1917 αὐτῶν
2479 1873 2906 1941 σωματικὼτερον
2980 1869 3186 1934 ζῶντες,
3266 1870 3372 1937 οὐχ
3442 1870 3575 1921 οὕτω
3648 1870 3843 1941 ψυχῆς

2237 1954 2495 2025 ὠφέλειαν,
2562 1959 2629 2018 ὼς
2697 1962 2938 2027 σώματος
3006 1956 3231 2032 ἰατρείαν
3314 1958 3598 2030 ἐπεθύμουν
3672 1956 3831 2015 ἰδεῖν,

2560 2138 2703 2186 ΚΕΦ.
2730 2132 2822 2197 Ις·’.
2853 2140 2977 2208 Περὶ
2997 2141 3087 2195 τῆς
3109 2133 3506 2209 αἱμοῤῥοούσης.

2310 2312 2409 2359 Καὶ
2467 2340 2531 2348 ——
2596 2310 2775 2363 αὐτοῦ.
2848 2316 2971 2384 Περὶ
3056 2312 3149 2364 τοῦ
3227 2316 3475 2384 παρόντοε
3547 2314 3837 2385 κεφαλαίου

2236 2396 2545 2469 πλατύτερον
2629 2404 2717 2450 καὶ
2782 2405 3123 2471 φανερώτερον
3198 2401 3417 2472 ἔγραψεν
3494 2402 3519 2452 ὁ
3601 2409 3838 2466 Λουκᾶς,

2235 2490 2322 2536 καὶ
2365 2489 2593 2548 ζήτησον
2637 2487 2758 2560 παρ’
2809 2488 2982 2558 ἐκείνῳ
3036 2492 3123 2547 τήν
3172 2487 3421 2559 ἐξήγησιν
3464 2497 3553 2542 τού
3594 2490 3840 2543 εἰκοστοῦ

2234 2574 2381 2625 ἕκτου
2440 2574 2739 2639 κεφαλαίου.
2792 2573 3100 2648 Κράσπεδον
3157 2573 3215 2628 δε
3263 2576 3373 2628 ἔστι
3432 2580 3488 2629 τὸ
3534 2581 3693 2653 οἶκρον
3743 2590 3842 2632 τοῦ

2237 2664 2468 2732 ἱματίου,
2528 2661 2555 2714 ὂ
2614 2666 2758 2735 παρὰ
2828 2664 2932 2724 τοὶς
3002 2669 3161 2717 ποσὶν
3219 2664 3501 2738 εἱλούμενον
3555 2665 3845 2738 ἐφάπτεται

2232 2758 2323 2811 τῆς
2350 2759 2449 2820 ’γῆς
2480 2748 2527 2801 ἒν
2548 2758 2620 2821 τῷ
2654 2748 2920 2823 βαδίζειν.

2304 2838 2476 2909 Ἔλεγε
2535 2870 2596 2879 -
2650 2841 2987 2912 σωθήσομαι.
3060 2839 3256 2899 Πολλήν
3313 2845 3402 2914 μὲν
3456 2839 3572 2914 εἰχς
3616 2849 3834 2903 πίστιν,

2234 2927 2497 2979 Ἐπίστευε
2557 2930 2678 3001 γὰρ,
2736 2930 2817 2979 ὅτι
2870 2932 3022 3000 μόνον
3073 2928 3309 3001 ἁψαμένη
3366 2939 3458 2982 τοῦ
3525 2930 3841 3004 κρασπέδου

474 3012 769 3068 ﬁmbriam
804 3014 1104 3083 tetigisset,
1132 3014 1297 3069 salva
1342 3015 1525 3079 ﬁeret,
1552 3015 1613 3069 id
1645 3020 1748 3080 est,
1778 3022 2113 3075 sanaretur.

2237 3023 2320 3065 τοῦ
2374 3017 2581 3087 ἱματίου
2653 3016 2812 3068 αὐτοῦ
2873 3019 3191 3083 σωθήσεται,
3254 3024 3540 3083 τουτέστιν,
3605 3022 3837 3091 ὑγιανεῖ.

476 3104 639 3158 Hanc
671 3102 1293 3173 tamenimperfectam
1338 3102 1599 3158 habebat
1626 3120 1638 3157 :
1673 3102 1922 3175 putabat
1951 3119 2118 3160 nam-

474 3204 585 3260 que
617 3190 795 3245 latere
826 3191 1010 3256 illum,
1039 3191 1141 3263 qui
1182 3191 1444 3247 occultos
1491 3207 1733 3263 quoque
1781 3191 1968 3247 animi
1993 3208 2117 3248 mo-

476 3281 568 3332 tus
599 3279 874 3334 intuetur.

544 3367 703 3422 Vers.
732 3368 818 3421 22.
866 3368 1027 3423 Jesus
1072 3376 1261 3424 autem
1288 3399 1356 3409 —
1388 3372 1441 3424 te
1483 3368 1703 3424 salvam
1760 3369 1921 3437 fecit.
1984 3372 2119 3425 Mat-

471 3455 679 3523 thzeus,
711 3461 1001 3527 tanquam
1043 3456 1340 3511 brevitatis
1367 3462 1618 3520 amator,
1648 3472 1783 3527 qua:
1823 3458 1883 3512 in
1924 3458 2116 3512 medio

471 3544 840 3613 contigerunt
886 3545 1275 3615 praetermisit,
1309 3544 1665 3599 miraculum
1699 3543 1890 3599 solum
1932 3546 2118 3601 mani-

468 3631 696 3687 festans
728 3650 741 3699 ;
774 3634 961 3689 Lucas
992 3648 1131 3687 vero
1156 3633 1361 3687 omnia
1390 3636 1663 3688 accurate
1690 3633 2019 3704 proposuit.
2052 3635 2117 3689 In

468 3720 625 3775 dicto
650 3736 791 3790 ergo
816 3721 1009 3791 capite
1037 3720 1303 3775 invenies

539 3811 694 3864 Vers.
726 3813 813 3863 22.
846 3811 911 3863 Et
938 3810 1133 3865 -ίιια
1162 3809 1318 3863 Ιιονσ.
1352 3807 1526 3863 Salva
1547 3807 1700 3864 facta
1730 3811 1835 3877 est,
1861 3808 1975 3864 hoc
2006 3814 2113 3876 est,

468 3902 693 3953 curata.
731 3900 915 3952 Lucas
945 3896 1240 3970 siquidem
1274 3896 1441 3964 dixit,
1479 3903 1690 3953 sanata
1722 3899 1790 3952 θ’.
1837 3900 1916 3952 Ex
1945 3898 2113 3965 hora,

467 3988 735 4058 inquam,
766 4002 887 4041 non
918 4002 1039 4058 qua
1068 3986 1213 4040 dixit
1237 3986 1289 4040 ei
1317 3987 1487 4040 Jesus
1515 4002 1527 4040 ε
1560 3986 1719 4041 Bono
1738 3987 1940 4042 animo
1964 3992 2110 4053 esto,

466 4075 606 4140 ﬁlia,
640 4075 743 4129 sed
781 4090 901 4145 qua
926 4074 1224 4130 ﬁmbriam
1251 4074 1454 4145 tetigit,
1483 4075 1634 4131 sicut
1659 4076 1891 4131 Marcus
1924 4081 1980 4133 et
2003 4076 2113 4133 Lu-

468 4181 568 4221 cas
601 4164 980 4235 scripserunt.
1000 4165 1070 4217 9³.

534 4254 698 4309 Vers.
750 4258 837 4309 23.
892 4252 1139 4324 Cumque
1168 4282 1236 4293 -—
1284 4254 1550 4309 νοτε.24.
1577 4268 1704 4309 eum
1736 4253 1905 4310 Moris
1951 4254 2111 4310 enim

465 4344 659 4401 eratin
684 4342 1030 4414 hujusmodi
1050 4341 1493 4397 calamitatibus
1518 4342 1789 4397 tibicines
1806 4342 2106 4408 inducere,

465 4435 561 4505 qui
588 4433 1032 4488 lamentationes
1059 4431 1401 4486 excitarent.
1436 4433 1553 4486 Hoc
1586 4437 1785 4486 autem
1818 4438 1996 4501 caput
2026 4432 2112 4487 la-

464 4523 580 4576 tius
612 4523 844 4592 scripsxt
883 4522 1115 4575 Marcus
1141 4521 1210 4574 9‘.
1264 4520 1469 4584 Quaere
1500 4535 1641 4589 ergo
1677 4519 2109 4591 expositionem

464 4610 611 4664 tertii
635 4608 837 4663 decimi
863 4608 1072 4679 capitis
1112 4608 1276 4679 apud
1301 4624 1460 4662 eum.

535 4696 702 4749 Vers.
730 4699 815 4751 25.
848 4697 924 4750 Et
945 4712 1073 4750 cum
1096 4726 1165 4738 —
1198 4699 1355 4751 Vers.
1387 4700 1473 4752 26.
1510 4697 1695 4752 illam.
1725 4694 1805 4751 De
1835 4695 1928 4751 his
1979 4711 2110 4751 om-

463 4783 642 4840 nibus
674 4784 733 4838 in
760 4783 1040 4855 praedicto
1078 4784 1240 4841 tertio
1272 4785 1503 4842 decimo
1532 4786 1722 4858 capite
1761 4785 1926 4842 nullo
1960 4800 2107 4857 prte-

466 4873 740 4930 termisso
765 4872 1051 4929 invenies.

532 5053 573 5087 ⁸⁷
625 5052 796 5106 Marc.
824 5066 881 5115 v,
943 5053 1009 5105 22
1040 5072 1050 5113 ;
1088 5050 1203 5105 Luc
1234 5064 1347 5113 vni,
1379 5050 1467 5107 41.
1582 5051 1626 5085 ⁸⁸
1661 5052 1833 5106 Marc.
1889 5067 1944 5114 v,
1977 5052 2065 5106 23.

462 5126 504 5159 ⁹¹
538 5125 677 5179 Luc.
720 5136 841 5190 vui,
870 5123 934 5177 43
965 5136 1132 5193 seqq.
1249 5123 1295 5156 ⁹²
1329 5123 1462 5176 Luc.
1495 5137 1619 5190 vni,
1645 5124 1734 5177 47.

2181 5050 2227 5086 ⁸⁹
2260 5051 2377 5106 Luc
2416 5065 2534 5118 vin,
2590 5053 2677 5106 42.

1847 5124 1894 5157 θ’
1929 5124 2099 5177 Marc.
2132 5137 2188 5187 v,
2226 5125 2292 5177 29
2320 5138 2333 5187 ;
2365 5121 2502 5177 Luc.
2536 5136 2647 5187 vni,
2678 5120 2767 5177 44.
2804 5121 2852 5156 9⁸
2880 5119 3060 5176 Marc.
3091 5134 3149 5188 v,
3182 5118 3247 5174 35
3280 5133 3446 5191 seqq.

2231 3103 2369 3161 Πλὴν
2422 3102 2567 3163 ἀτελῆ
2622 3108 2816 3163 ταύτην
2878 3102 3043 3177 εἶχεν.
3103 3105 3254 3177 ’.ῼετο
3310 3110 3410 3180 ’γὰρ
3442 3107 3611 3161 λαθεῖν
3648 3109 3836 3175 αὐτὸν,

2230 3191 2280 3252 ὃς
2311 3191 2489 3264 βλέπει
2517 3198 2605 3245 καὶ
2632 3196 2696 3245 τὰ
2727 3192 2891 3265 ἀφανῆ
2922 3200 3184 3265 κινήματα
3211 3202 3303 3257 τῆς
3332 3196 3537 3267 ψυχῆς.

2296 3368 2353 3421 Ὀ
2408 3365 2466 3421 δι
2531 3370 2734 3431 Ἰησοῦς
2784 3401 2848 3410 -
2902 3374 3101 3423 σέσωκέ
3158 3390 3239 3427 σε,
3315 3370 3402 3432 Ὠς
3453 3371 3844 3447 γιλοσύντομος

2228 3458 2253 3508 ὁ
2305 3459 2589 3523 Ματθαῖος,
2641 3462 2707 3511 τὰ
2756 3458 2807 3511 ἐν
2864 3462 3005 3530 μέσῳ
3070 3456 3391 3533 παρέδραμε,
3448 3466 3599 3531 μόνον
3656 3460 3843 3533 ἀπαγ-

2225 3546 2395 3617 γείλας
2429 3550 2485 3598 τὸ
2529 3548 2702 3618 θαῦμα
2730 3568 2741 3580 ·
2778 3548 2802 3598 ὁ
2842 3543 2899 3598 δι
2951 3553 3160 3610 Λουκᾶς
3210 3548 3413 3600 ἅπαντα
3461 3550 3727 3619 παρέθηκε
3759 3547 3843 3601 δι’

2228 3634 2511 3707 ἀκρίϐειαν,
2556 3640 2644 3687 καὶ
2691 3637 2931 3708 εὑρήσεις
2973 3644 3140 3688 ταῦτα
3185 3636 3232 3688 ἕν
3285 3645 3355 3706 τῷ
3416 3633 3704 3694 δηλωθέντι
3748 3658 3845 3691 κε-

2226 3724 2443 3796 φαλαίῳ.

2297 3817 2397 3865 Καὶ
2492 3843 2559 3854 -
2633 3815 2765 3881 ὧρας
2850 3813 3059 3873 ἐκείνης.
3148 3812 3377 3881 Ἐσώθη,
3485 3812 3597 3865 ἀντὶ
3715 3822 3843 3881 τοῦ,

2223 3902 2446 3973 ύγίανεν.
2498 3902 2637 3958 Ἰάθη
2693 3903 2794 3974 γὰρ
2852 3899 2986 3954 εἶπεν
3037 3902 3063 3954 ὁ
3102 3907 3327 3963 Λουκᾶς.
3379 3901 3503 3955 Ἀπὸ
3547 3909 3643 3963 τῆς
3693 3903 3852 3975 ὥροις

2225 3986 2302 4055 δε,
2346 3989 2438 4042 ούκ
2486 3988 2569 4060 ἀφ’
2630 3989 2694 4049 ἧς
2740 3991 2764 4041 ὁ
2821 3994 3044 4062 Χριστὸς
3094 3991 3227 4042 εἰπεν
3276 3990 3406 4062 αύτῇ
3447 3996 3504 4041 τό
3545 4008 3556 4019 ·
3601 3993 3847 4063 Θάρσει,

2226 4080 2467 4150 θύγατερ,
2508 4076 2614 4129 ἀλλ’
2662 4076 2747 4149 ἀφ’
2798 4080 2863 4140 ἧς
2906 4078 3079 4149 ἥψατο
3132 4086 3222 4130 τοῦ
3268 4075 3590 4151 κρασπέδου,
3653 4081 3853 4141 καθὼς

2223 4169 2431 4240 Μάρκος
2458 4186 2511 4219 τε
2535 4170 2622 4217 καὶ
2654 4172 2860 4227 Λουκᾶς
2896 4168 3207 4240 ἱστόρησαν.

2296 4259 2394 4308 Καὶ
2448 4286 2513 4295 -—-
2568 4254 2747 4307 αὑτοῦ.
2805 4254 2957 4316 ’Ἑθος
3014 4258 3116 4329 γὰρ
3175 4251 3235 4313 ἦν
3288 4254 3337 4306 ἐν
3384 4262 3500 4316 ταῖς
3559 4258 3857 4318 τοιαύταις

3514 4347 3849 4415 ἑγείροντοις.

2220 4438 2381 4484 Τούτο
2436 4428 2494 4483 δὲ
2553 4435 2609 4482 τὸ
2665 4431 2935 4501 κεφάλαιον
2986 4431 3298 4503 πλατύτερον
3366 4433 3391 4483 ὁ
3453 4436 3669 4501 Μάρκος
3744 4432 3857 4483 ἀν-

2492 3843 2559 3854 -
2633 3815 2765 3887 ὧρας
2850 3813 3059 3873 ἐκείνης.
3148 3812 3377 3881 Ἐσώθη,
3485 3812 3597 3865 ἀντὶ

2224 4350 2512 4414 συμφοραῖς
2604 4343 2828 4405 αὐλητὰς
2908 4342 3154 4413 εἰσάγειν,
3236 4345 3419 4415 θρῆνον

2219 4518 2430 4593 ἔγραψε,
2478 4525 2566 4571 καὶ
2627 4520 2858 4580 ζήτησον
2915 4518 3036 4591 παρ’
3093 4518 3233 4571 αὐτῶ
3285 4524 3378 4577 τήν
3433 4519 3684 4590 ἐξήγησιν
3734 4530 3858 4573 τοῦ

2218 4604 2656 4683 τρισκαιδεκάτου
2688 4607 2984 4679 κεφαλαίου.

2287 4695 2409 4749 Ὀτε
2464 4693 2521 4748 δὲ
2574 4728 2640 4736 -
2686 4695 2899 4753 ἐκείνην.
2964 4701 3091 4769 Περὶ
3150 4698 3339 4748 τούτων
3410 4698 3611 4747 πάντων
3670 4696 3855 4766 ἐύρή-

2221 4804 2325 4845 σεις
2388 4783 2781 4859 ἀπαραλείπτως
2853 4783 2900 4836 ἰν
2982 4792 3052 4854 τῷ
3126 4785 3331 4857 ῥηθέντι
3400 4780 3861 4856 τρισκαιδεκάτῷ

2218 4872 2494 4945 κεφαλαίῳ.

2792 5051 2840 5085 ’θ
2898 5047 3077 5104 Marc.
3110 5064 3162 5113 v,
3205 5050 3317 5113 24;
3360 5047 3495 5103 Luc.
3550 5063 3671 5113 vui,
3731 5049 3855 5106 42-

1648 5298 1871 5369 Variae
1892 5298 2219 5367 lectiones
2254 5308 2316 5366 et
2344 5306 2548 5365 notae.

533 5467 905 5543 (tt)_qujam
930 5465 1293 5521 morituram.
1359 5467 1563 5525 Nescio
1594 5485 1671 5526 an
1695 5470 1899 5541 legerit
1918 5469 2121 5524 ἐκπνέου

2237 5512 2246 5523 .
2274 5469 2387 5527 Sed
2418 5470 2755 5543 ἐμπνέουσαν,
2783 5468 2979 5527 adhuc
3036 5467 3381 5538 spirantem,
3416 5465 3513 5523 hic
3542 5464 3717 5523 etiam
3752 5465 3881 5523 lo-

452 5538 591 5598 cum
620 5538 820 5596 habet.
