3990 6206
176 251 270 310 3η
1128 252 1496 309 COMMENT.
1540 253 1607 309 IN
1647 252 1764 309 MA'

1897 253 2095 310 ΛΕΠΜ.
2132 285 2202 296 -
2240 254 2398 311 CAP.
2440 256 2538 311 IX.

490 384 639 433 ΚΕΦ.
673 378 772 436 ῘΖ’.
816 383 947 453 Περὶ·
969 387 1066 431 τῶν
1094 376 1189 431 δύο
1219 378 1440 451 τυφλῶν.

239 474 334 522 Καὶ
363 499 435 508 -
495 464 682 521 Δανίδ.
729 470 1007 537 Μαθόντες,
1066 472 1182 540 περὶ
1217 468 1284 518 ὧν
1334 466 1763 540 ἐθτιυματούργει,

166 562 245 609 καὶ
311 560 695 616 πιστεύσαντες
762 555 918 608 αὐτὸν
990 554 1115 608 εἶναι
1181 559 1266 608 τὸν
1331 555 1764 630 προσδοκώμενον

162 650 414 720 xoret-6v,
474 651 593 718 περὶ
633 645 694 697 οὗ
750 645 997 706 πολλάκις
1074 648 1328 713 ἤκουσαν,
1383 648 1625 716 ἔρχονται
1676 648 1766 696 καὶ

159 733 514 786 ἀκολουθοῦσι
593 736 893 808 κράζοντες’
989 732 1248 802 Ἐλέησον,
1326 737 1510 804 ἤγουν,
1591 736 1760 786 ἴασαι.

159 825 270 876 Υὶόν
327 819 392 875 δὲ
445 829 542 874 τοῦ
591 819 759 875 Δαυὶδ
809 830 988 874 τοῦτον
1037 821 1297 893 λέγουσιν,
1356 823 1424 882 ὡς
1485 820 1766 881 ἀκηκοότες

161 913 351 984 ὁμοίως
404 909 462 963 ἐκ
522 915 694 981 γένους
737 907 917 964 Λαυῐδ
974 908 1386 968 ἁναϐλαστήσειν
1441 909 1611 962 αὐτόν.
1676 909 1765 970 Εἰς

161 1006 308 1072 τιμήν
362 996 426 1052 δὲ
478 999 642 1051 αὐτοῦ
698 1007 853 1051 τοῦτο
909 998 1213 1070 κράξουσιν.
1277 997 1612 1070 Ἐντιμοτάτη
1661 999 1762 1071 γὰρ

165 1089 275 1160 παρ’
301 1085 598 1147 Ἰουδαίοις
665 1083 724 1145 ἧν
756 1089 785 1145 ἡ
847 1089 1061 1144 τοιαύτη
1115 1091 1465 1160 προσηγορία’
1517 1090 1606 1138 καὶ
1661 1087 1762 1158 γὰρ

161 1179 353 1248 ὅτιμὲν
412 1178 588 1228 πάντα
637 1172 878 1240 δύναται,
935 1174 1222 1227 ἐπίστευον’
1278 1175 1358 1226 ὅτι
1417 1171 1476 1227 δὲ
1531 1178 1620 1225 καὶ
1647 1177 1765 1233 Θεὸς

161 1266 318 1329 ἐστιν,
402 1267 552 1316 ῦοπω
631 1263 1106 1336 πεπληροφὸρηντο.
1184 1266 1269 1314 Διὸ
1343 1267 1432 1315 καὶ
1504 1261 1766 1334 ἀνθρωπο-

161 1362 362 1425 πρεπῶς
396 1353 555 1405 αύτόν
584 1350 793 1425 ἐτίμων,
818 1355 887 1414 ὡς
915 1357 1006 1404 καὶ
1034 1350 1178 1402 ἄλλοι
1205 1350 1402 1404 πολλοί.

225 1531 465 1586 Ἦλθον-τι
531 1561 604 1571 —
681 1530 880 1603 τυφλοί.
955 1529 1299 1604 Παριίλκυσεν
1372 1529 1556 1589 αὐτοὺς
1630 1527 1762 1598 ἄχρι

159 1620 464 1687 τῆςοίκίας,
496 1622 584 1671 ἵνα
635 1623 706 1689 μὴ
745 1615 875 1691 δόξῃ
930 1626 1037 1680 τοῖς
1083 1617 1458 1690 μεμψιμοίροις
1503 1611 1766 1685 ἐπιπηδᾲν

158 1716 270 1768 ταῖς
351 1710 823 1780 θαυματουργίαις,
904 1709 972 1767 ως
1065 1702 1355 1778 φιλόδοξος.

158 1805 325 1868 σοτῶς
393 1800 518 1866 (98)
602 1795 877 1868 οἰκονομεῖ,
949 1803 1226 1869 περιαιρῶν
1291 1799 1466 1846 πᾶσαν
1531 1791 1767 1865 ἀφορμὴν

153 1885 421 1958 μέμψεως.
479 1884 639 1946 Εἰκὸς
685 1881 764 1948 δὲ,
822 1890 1011 1936 πιστοῦ
1059 1901 1193 1943 τινος
1246 1878 1374 1934 εἶναι
1430 1885 1522 1940 τὴν
1581 1880 1766 1945 οἰκίαν,

155 1974 228 2034 εἰς
255 1974 312 2030 ἦν
345 1976 606 2044 κατήχθη
623 2017 636 2028 .

231 2155 329 2202 Καὶ
386 2182 457 2190 -
509 2157 776 2217 amictui;
824 2145 1057 2216 Δηλαδή,
1108 2147 1134 2199 ὃ
1194 2147 1440 2201 αἰτεῖσθε.
1495 2149 1774 2218 Ἐγίνὼσκε

151 2244 247 2309 {.157
291 2242 419 2311 γὰρ,
475 2240 558 2291 ὅτι
607 2241 966 2300 πιστεύουσιν,
1025 2239 1105 2289 ὅτι
1144 2233 1384 2288 δύναται⁹
1427 2244 1530 2295 πῶς
1560 2239 1656 2310 γὰρ
1713 2236 1773 2288 ἂν

154 2328 569 2389 ἀκολουθοῦντες
654 2326 974 2399 παρεκάλουν
1029 2345 1044 2391 ;
1094 2327 1300 2398 Ἐρωτᾲ
1361 2321 1419 2376 δὲ
1491 2327 1644 2396 ὅμως,
1691 2326 1772 2377 ἱνα

150 2419 426 2489 easeas-:93}
484 2421 579 2468 xui
626 2417 882 2472 τούτωνὴ
939 2419 1132 2479 πίστις,
1189 2419 1278 2465 xui
1326 2412 1616 2466 ἐλκνσθῶσι
1678 2411 1772 2466 διὰ

149 2511 349 2557 τούτων
405 2510 499 2558 καὶ
555 2506 737 2578 ἕτεροι.
796 2506 872 2556 Τὰ
929 2505 1169 2575 θαύματα
1209 2505 1310 2573 γὰρ
1363 2501 1422 2554 ού
1475 2507 1626 2573 μόνον
1676 2498 1770 2553 διὰ

148 2599 272 2655 τοὺς
341 2597 810 2667 θεραπευομένους,
882 2590 1006 2642 ἀλλὰ
1062 2596 1150 2643 xui
1203 2591 1434 2662 μάλιστα
1499 2587 1592 2642 διὰ
1647 2593 1769 2651 τούς

145 2685 385 2754 ὁρῶντας
420 2687 513 2734 καὶ
544 2684 666 2741 τοὺς
691 2679 967 2740 ἀκούοντας
991 2680 1277 2752 εἰργάζετο.

3426 260 3532 316 318

2248 382 2397 438 CAP.
2428 382 2592 440 XVII.
2632 383 2718 439 De
2735 383 2959 440 duobus
2987 383 3170 442 caveis.

1945 472 2107 525 Vers.
2140 473 2227 525 2‘7.
2263 471 2516 543 Cumque
2541 502 2610 514 —
2651 473 2867 530 David.
2908 477 3054 530 Cum
3085 475 3393 531 audissent
3424 475 3528 530 mi-

1872 557 2079 614 racula
2134 574 2268 630 quae
2327 560 2609 632 ediderat,
2656 567 2713 617 et
2760 562 3148 619 credidissent
3202 579 3339 619 eum
3401 580 3531 620 esse

1875 647 2192 716 Christum,
2220 649 2324 721 qui
2347 652 2819 720 exspectabatur,
2848 652 2917 707 de
2943 668 3062 724 quo
3083 653 3301 725 saepius
3322 653 3532 709 audie-

1872 737 2356 806 rant,veniuntac
2369 740 3044 809 sequuntur,clamantes
3061 763 3072 794 :
3088 741 3529 810 Miserere,sive,

1874 841 2042 881 sana.
2094 825 2304 881 Filium
2353 831 2553 881 autem
2612 828 2799 882 David
2842 828 3003 885 hunc
3056 829 3281 896 dicunt,
3328 835 3531 902 utpote

1874 915 1977 985 qui
2023 915 2200 969 etiam
2253 914 2568 970 audierant
2596 930 2627 970 θ
2655 931 2869 985 genere
2899 917 3088 972 David
3135 918 3301 974 illum
3326 919 3527 974 oriun-

1875 1003 2047 1058 dum.
2077 1003 2164 1058 Ad
2191 1003 2482 1058 honorem
2510 1018 2650 1059 vero
2677 1005 2808 1074 ejus
2837 1004 2952 1061 hoc
2987 1006 3214 1062 dicunt.
3258 1007 3531 1062 Honora-

1876 1091 2109 1147 tissima
2147 1091 2444 1163 siquidem
2502 1091 2662 1162 apud
2711 1093 2948 1149 Iudaeos
3003 1099 3129 1150 erat
3178 1095 3528 1164 hujusmodi

1876 1179 2224 1251 appellatio.
2269 1179 2601 1234 Credebant
2628 1181 2828 1251 itaque
2859 1182 3020 1252 quod
3047 1183 3250 1236 omnia
3279 1187 3481 1252 posset
3509 1199 3527 1252 ;

1875 1269 2038 1339 quod
2066 1271 2266 1323 autem
2296 1269 2449 1323 Deus
2491 1271 2667 1333 esset,
2701 1269 2973 1324 nondum
3012 1270 3187 1340 plena
3220 1270 3336 1325 ﬁde
3369 1275 3530 1326 tene-

1873 1356 2023 1413 bant
2051 1372 2065 1422 ;
2095 1355 2350 1427 ideoque
2380 1361 2668 1428 tanquam
2707 1357 2990 1413 hominen
3019 1359 3296 1414 decenter
3339 1359 3532 1414 hono-

1875 1445 2112 1510 rabant,
2145 1445 2294 1499 sicut
2324 1447 2378 1499 et
2407 1443 2502 1499 alii
2538 1444 2731 1500 multi.

1946 1536 2107 1589 Vers.
2132 1531 2221 1598 28,
2255 1533 2529 1602 Ingresso
2567 1565 2637 1573 —
2677 1533 2836 1590 caeci.
2883 1535 3166 1590 Protraxit
3196 1550 3299 1590 eos
3341 1551 3530 1606 usque

1878 1621 1956 1678 ad
1973 1622 2245 1688 domum,
2269 1635 2344 1674 ne
2365 1621 2837 1692 reprehendendi
2855 1621 3239 1678 occasionem
3263 1638 3531 1694 quaeren-

1437 1707 1612 1756 Πάν-α
1662 1705 1764 1775 γὰρ
1800 1724 1844 1779 Β
1875 1711 2036 1766 tibus
2087 1709 2381 1765 videretur
2419 1710 2494 1765 ad
2550 1710 2979 1767 miraculorum
3030 1711 3438 1782 operationem
3467 1727 3530 1767 se

1875 1800 2162 1869 ingerere,
2217 1799 2388 1870 quasi
2428 1799 2631 1871 glorias
2683 1804 2934 1856 amator.
2991 1800 3204 1857 Omnia
3233 1801 3392 1856 enim
3439 1815 3527 1855 sa-

1877 1889 2109 1960 pienter
2168 1888 2451 1959 disponit,
2509 1903 2750 1944 omnem
2805 1889 3070 1945 auferens
3131 1891 3529 1946 accusationis

1878 1978 2284 2034 occasionem.
2335 1975 2664 2032 Verisimile
2711 1980 2805 2032 est
2829 1981 3031 2032 autem
3060 1979 3311 2033 domum
3355 1978 3531 2033 fuisse

1881 2064 2193 2135 cujusdam
2235 2063 2446 2129 ﬁdelis,
2488 2063 2548 2118 in
2576 2079 2698 2134 qua
2719 2069 2978 2119 retentus
3011 2065 3102 2120 sit.

1951 2153 2117 2208 Vers.
2156 2152 2245 2207 28.
2274 2153 2352 2206 Et
2389 2182 2458 2192 —
2490 2153 2689 2220 facere
2740 2153 2769 2206 ἵ
2806 2152 2978 2218 Quod
3017 2151 3288 2208 videlicet
3318 2153 3528 2224 petitis.

1883 2242 2116 2300 Sciebat
2168 2245 2322 2297 certe
2361 2239 2495 2296 illos
2529 2240 2768 2297 credere
2823 2241 2985 2313 quod
3024 2245 3227 2312 posset
3261 2258 3275 2297 :
3317 2258 3533 2314 neque-

1879 2332 2038 2387 enim
2085 2330 2251 2386 aliter
2275 2329 2461 2386 secuti
2507 2328 2755 2387 fuissent
2802 2345 2939 2385 eum
2993 2331 3414 2390 obsecrantes:
3449 2332 3534 2386 in-

1879 2423 2137 2489 terrogat
2191 2423 2394 2475 tamen
2437 2421 2503 2474 ut
2553 2418 3029 2475 manifestaretur
3073 2419 3310 2476 illorum
3358 2420 3532 2491 ﬁdes,

1879 2508 2096 2580 aliique
2125 2523 2233 2579 per
2272 2509 2382 2563 hos
2431 2507 2888 2564 attraherentur.
2936 2509 3214 2564 Miracula
3270 2525 3534 2582 namque

1877 2613 1997 2653 non
2068 2599 2312 2669 propter
2363 2612 2464 2654 eos
2526 2599 2782 2661 tantum,
2835 2596 2938 2668 qui
2997 2599 3373 2662 curabantur,
3424 2599 3534 2655 sed

1872 2690 2118 2758 propter
2140 2700 2243 2741 eos
2263 2683 2648 2756 potissimum
2674 2683 3025 2750 edebantur,
3049 2685 3153 2756 qui
3175 2683 3454 2741 videbant
3475 2690 3536 2743 et

1873 2772 2216 2829 audiebant.

213 2863 478 2928 ,λέγουσιν
561 2888 632 2895 -
692 2859 868 2929 Κύριε.
931 2856 1041 2909 Οὐκ
1107 2860 1182 2910 ἔτι
1248 2865 1424 2910 τοῦτον
1507 2859 1617 2909 υἱον
1672 2854 1764 2910 τοῦ

1946 2860 2108 2918 Vers.
2167 2863 2256 2918 28.
2309 2861 2528 2917 Dicunt
2566 2892 2635 2902 —
2679 2860 2948 2917 Domine.
3018 2862 3148 2918 Jam
3180 2877 3304 2918 non
3349 2861 3532 2918 ﬁlium

143 2944 336 3016 Δανὶδ,
419 2945 552 2997 ἄλλα
632 2951 897 3002 Δεσπότην
971 2944 1432 3020 ἀνακηρύττουσιν,
1501 2948 1600 2999 ύπὸ
1674 2954 1764 3004 τῆς

1895 2950 2082 3021 )avid,
2162 2949 2267 3005 sed
2328 2950 2645 3005 Dominum
2727 2965 2864 3006 eum
2942 2950 3367 3022 appellabant:
3453 2951 3531 3008 ab

144 3036 458 3104 ἐρωτήσεως
544 3034 702 3086 αὑτοῦ
771 3037 1107 3109 πτερωθέντες
1175 3036 1244 3098 εἰς
1323 3035 1450 3107 ὕψος
1527 3043 1760 3098 πίστεως.

1895 3040 2004 3110 :jus
2053 3028 2509 3109 interrogatione
2564 3038 2626 3093 in
2678 3038 2819 3094 ﬁdei
2871 3037 3284 3096 celsitudinem
3345 3038 3534 3096 suble-

1877 3125 2016 3182 vati.

210 3220 346 3264 Τοτε
406 3243 478 3252 -
543 3209 709 3262 αὐτῶν
779 3212 828 3262 οἱ
878 3209 1155 3283 ὀφθαλμοί.
1212 3219 1284 3285 Τῇ
1340 3218 1516 3267 πίστει
1571 3217 1764 3267 τούτων

1948 3216 2101 3270 Vers.
2142 3215 2229 3268 29.
2269 3213 2434 3269 Tunc
2462 3243 2533 3253 —-
2570 3214 2728 3268 Vers.
2758 3214 2846 3269 30.
2879 3215 3034 3270 oculi
3078 3215 3338 3271 illorum.
3375 3215 3532 3271 Fidei

137 3309 237 3358 τήν
309 3304 597 3374 θεραπείαν
672 3297 1000 3368 ἀνατίθησιν,
1061 3303 1183 3375 ὅπερ
1270 3304 1415 3354 εἴωθε
1496 3303 1764 3376 πολλαχοῦ

135 3397 329 3456 ποιεῖν,
389 3385 723 3462 διερεΰίζων,
807 3391 875 3449 ὡς
953 3391 1174 3463 εἰρηται,
1252 3395 1342 3443 καὶ
1395 3395 1515 3452 τοὺς
1586 3392 1766 3453 ἄλλους

133 3478 211 3539 εἰς
265 3483 470 3531 πίστιν.
531 3477 787 3530 ’Λπτεται
856 3473 913 3528 δὲ
987 3483 1206 3550 καὶ,τῇ
1259 3483 1422 3552 χειρὶ,
1493 3475 1760 3546 δεικνύων,

132 3569 218 3618 ὅτι
282 3573 374 3618 καὶ
424 3569 452 3623 ἡ
502 3570 738 3635 παναγία
804 3565 970 3624 αὐτοῦ
1037 3567 1170 3639 σὰρξ
1219 3567 1356 3628 ζωῆς
1410 3565 1761 3639 μεταδίδωσι.

131 3655 364 3725 Μεγάλη
423 3652 486 3707 δε
536 3657 832 3725 κατηγορία
907 3662 1006 3706 τῶν
1081 3651 1370 3720 Ἰουδαίων,
1443 3657 1520 3708 ὅτι
1581 3657 1764 3728 τυφλοὶ

123 3752 224 3815 μὲν
261 3746 320 3807 ἐξ
383 3744 554 3814 uni;
607 3748 772 3813 μόνης
824 3741 1156 3810 ἐπίστευσαν,
1218 3744 1364 3797 αὐτοὶ
1423 3741 1499 3809 δὲ,
1556 3751 1645 3798 xui
1702 3750 1765 3798 τὰ

127 3835 392 3903 Εεύριατα
424 3831 729 3903 βλέποντες,
761 3830 1038 3888 ἠπίστουν.

961 3918 1231 3992 Ἐνεϐριμή
1241 3939 1392 3988 σατο,

131 4008 429 4081 αὐστηρῶς
512 4006 768 4078 ἐνέϐλεψε,
846 4007 1163 4070 συνελκύσας
1242 4011 1337 4071 τὰς

207 3928 320 3974 Καὶ
403 3951 478 3962 -
538 3923 861 3990 γινωσκέτω.
961 3920 1392 3991 Ἐνεϐριμήσατο,
1468 3920 1579 3975 ἀντὶ
1652 3930 1761 3991 τοῦ,

1413 4009 1540 4084 ὀφρῦ
1552 4031 1592 4076 ς,
1676 4010 1768 4064 καῖ

129 4097 413 4158 ἐπισπείσας
473 4096 663 4156 αὐτοῖς
719 4099 813 4153 τὴν
879 4095 1113 4168 κεφαλὴν,
1181 4098 1303 4171 ὅπερ
1382 4099 1598 4151 εἰώθασι
1649 4119 1763 4152 ποι-

127 4192 229 4252 εῖν,
288 4190 346 4237 οἱ
420 4183 899 4258 ἐξασῗαλιζόμενοί
950 4204 1093 4247 τινας
1165 4192 1284 4259 περὶ
1365 4187 1595 4258 φυλακῆς
1665 4209 1764 4260 μυ-

199 4366 274 4414 Οἱ
319 4393 390 4402 —
443 4369 509 4433 τῇ
568 4368 642 4432 γῇ
695 4358 882 4432 ἐκείνη.
931 4365 1029 4414 Καὶ
1081 4359 1129 4413 ἒν
1179 4369 1250 4433 τῷ
1307 4364 1435 4434 ἕκτῳ
1481 4363 1759 4436 κεφαλαίῳ,

119 4452 442 4522 καεαηοίσας
508 4453 598 4501 τὸν
676 4448 877 4522 λεπρὸν,
955 4449 1293 4523 παρήγγειλεν
1373 4451 1513 4522 αὐτῷ
1585 4458 1758 4522 σιγᾷν,

119 4545 220 4588 καὶ
275 4540 532 4598 ζήτησον
580 4536 632 4588 ἐν
683 4545 743 4609 τῇ
795 4537 1041 4607 ἐξηγήσει
1097 4539 1258 4590 αὐτοῦ
1316 4543 1409 4596 τὴν
1453 4540 1644 4608 αἰτίαν,
1688 4537 1760 4592 δι’

123 4629 190 4682 ἓν
234 4632 411 4697 σιγᾷν
463 4626 756 4690 ἐπιτάττει,
815 4630 903 4677 καὶ
965 4633 1076 4688 πῶς
1148 4626 1276 4689 ὅλως
1353 4627 1628 4699 ἐπιτάττει,
1685 4648 1762 4700 γι-

117 4722 384 4777 νώσκων,
433 4716 520 4766 ὅτι
586 4714 647 4766 ού
699 4719 932 4786 σιγήσει,
978 4718 1063 4765 xui
1112 4719 1206 4772 τὴν
1249 4714 1397 4767 λύσιν
1437 4715 1629 4775 ἐκείνην
1679 4716 1761 4770 ἐπὶ

125 4806 351 4855 πέττων
385 4807 483 4874 ἔχε
503 4811 604 4855 τῶν
629 4804 840 4874 ὁμοίων.

307 4898 474 4944 ΚΕΦ.
526 4893 633 4946 IB'.
669 4896 794 4964 Περὶ
825 4897 921 4944 τοῦ
967 4887 1397 4964 δαιμονιζομένου
1424 4901 1618 4964 κωφοῦ.

201 4979 406 5033 Αὐτῶν
471 5010 544 5021 -
622 4977 1081 5054 δαιμονιζόμενον.
1144 4984 1326 5054 Κωφὸν
1377 4988 1464 5033 νῦν
1513 4983 1647 5052 λέγει
1702 4985 1760 5035 τὸ

197 5160 250 5193 ’⁸
299 5155 527 5215 latth.
559 5171 672 5228 VIII,
703 5157 757 5213 4.

1875 3319 2084 3360 eorum
2115 3303 2434 3359 sanitatem
2467 3300 2754 3368 attribuit,
2777 3301 2943 3372 quod
2964 3300 3299 3373 frequenter
3333 3302 3528 3359 facere

1875 3393 2187 3449 consuevit
2224 3391 2370 3449 alios
2399 3405 2644 3464 quoque
2677 3391 2940 3446 excitans
2971 3390 3050 3445 ad
3079 3390 3285 3445 ﬁdem.
3327 3391 3533 3463 Tangit

1875 3485 2075 3538 autem
2097 3486 2155 3537 et
2170 3497 2377 3546 manu,
2396 3479 2718 3536 ostendens
2741 3477 3180 3533 sanctissimam
3204 3493 3333 3534 esse
3356 3495 3532 3536 suam

1874 3585 2138 3634 carnem,
2170 3585 2306 3640 quae
2353 3568 2536 3623 vitam
2575 3567 2858 3623 conterat.
2892 3567 3108 3635 Magna
3137 3581 3274 3622 vero
3299 3567 3532 3624 Judaao-

1873 3674 2009 3713 rum
2037 3657 2178 3713 hinc
2206 3657 2392 3712 oritur
2439 3656 2739 3712 accusatio
2774 3672 2786 3710 :
2819 3655 2987 3727 quod
3029 3655 3204 3711 caecis
3243 3655 3372 3712 solo
3428 3673 3530 3712 au-

1874 3747 2003 3802 ditu
2028 3745 2422 3807 credentibus,
2460 3745 2574 3817 ipsi
2605 3743 2900 3801 miracula
2946 3742 3215 3798 videntes
3241 3743 3531 3800 increduli

1875 3836 2317 3908 permanebant.

1948 3924 2093 3980 Vers
2126 3927 2212 3980 30.
2253 3924 2331 3978 Et
2361 3953 2430 3962 -—
2486 3922 2650 3978 sciat.
2707 3919 3140 3994 Ἐνεϐριμήσατο,
3197 3920 3532 3978 intermina-

1876 4019 1968 4067 tus
1998 4015 2120 4067 est:
2155 4015 2390 4066 austere
2431 4009 2707 4065 videlicet
2754 4009 3010 4073 intuens,
3059 4011 3377 4064 contractis
3436 4025 3532 4064 su-

1873 4099 2203 4170 perciliciis,
2291 4102 2592 4154 commoto
2654 4097 2886 4168 capite:
2953 4095 3127 4152 veluti
3184 4096 3378 4152 facere
3437 4113 3530 4153 so-

1873 4188 2014 4252 lent,
2063 4188 2166 4259 qui
2209 4185 2440 4258 aliquos
2493 4185 2568 4240 de
2629 4183 2987 4241 continendo
3045 4188 3270 4240 secreto
3323 4184 3532 4240 admo-

1873 4280 2034 4332 nent.

1944 4366 2086 4420 Vers
2114 4365 2202 4420 3t.
2236 4362 2344 4418 Illi
2366 4392 2429 4402 —
2453 4361 2740 4432 regionem
2769 4358 2965 4416 illam.
3005 4360 3067 4414 In
3099 4362 3263 4414 sexto
3286 4372 3527 4430 quoque

1872 4453 2065 4524 capite
2103 4450 2391 4507 mundato
2443 4449 2677 4520 leproso
2731 4447 3013 4518 prmcepit
3066 4451 3129 4502 ut
3183 4452 3402 4502 taceret
3452 4448 3524 4500 θ’.

1873 4545 2079 4608 Quaere
2103 4541 2163 4596 in
2184 4539 2339 4595 illius
2369 4536 2760 4610 expositione,
2802 4551 2907 4590 cur
2938 4539 3132 4590 tacere
3163 4535 3524 4606 praeceperit,

1870 4630 2155 4703 quodque
2206 4628 2452 4684 omnino
2484 4624 2808 4698 praecipiat,
2842 4623 3034 4679 sciens
3085 4622 3217 4678 illos
3247 4638 3365 4678 non
3397 4638 3527 4679 esse

1871 4718 2174 4782 tacituros,
2191 4715 2473 4788 illamque
2499 4712 2856 4769 solutionem
2875 4726 2983 4783 pro
3009 4709 3291 4766 omnibus
3305 4709 3525 4768 habeto

1873 4805 2190 4863 similibus.

2175 4891 2314 4949 CAP
2344 4890 2521 4948 XVIII.
2551 4890 2638 4947 De
2663 4889 3011 4948 damoniaco
3036 4893 3212 4946 muto.

1941 4982 2087 5040 Vers
2125 4982 2212 5038 32.
2265 4982 2393 5039 Illis
2430 4985 2628 5039 autem
2663 4978 3109 5036 daemoniacum.
3165 4977 3526 5051 Quanquam

1366 5279 1590 5350 Variae
1621 5279 1948 5348 lectiones
1989 5287 2054 5347 et
2077 5289 2279 5347 notae.

193 5449 324 5520 (es)
389 5456 575 5523 σαφῶς,
605 5451 674 5506 Α.
