3990 6206
504 258 609 312 319

1822 253 2167 309 EUTHYMII
2219 255 2551 311 ZIGABENI
3725 267 3809 323 320

504 384 671 452 κωφὸς
714 378 947 434 dicatur
976 377 1191 448 saepius
1225 378 1465 446 surdus,
1497 393 1657 433 nunc
1692 382 1893 435 tamen
1924 380 2158 452 capitur

2282 381 2475 435 ἱλαλον.
2545 387 2762 453 Λέγεται
2792 386 2891 456 γὰρ
2923 389 3107 458 κωφὸς,
3160 388 3217 439 ού
3257 393 3408 460 μόνον
3450 390 3476 440 6
3524 389 3591 460 μὴ
3634 388 3807 460 ἀκούων,

505 484 615 539 pro
644 472 830 531 muto,
859 468 949 540 qui
982 467 1093 523 fari
1142 468 1368 538 nequit,
1413 466 1566 522 sicut
1590 467 1770 522 etiam
1803 467 1943 524 alibi
1971 485 2159 541 quan-

506 556 727 629 doque.

576 646 735 701 Vers.
766 647 852 701 33.
872 647 948 701 Et
967 648 1149 715 ejecta
1178 676 1246 685 —
1273 650 1489 713 mutus,
1515 647 1639 700 Non
1661 650 1786 700 erat
1808 651 2022 701 natura
2035 662 2164 702 mu-

504 740 618 805 tus,
639 736 743 790 sed
760 736 998 791 daemon
1012 736 1282 803 linguam
1299 734 1346 803 ej
1359 751 1421 787 us
1441 733 1743 801 ligaverat,
1765 739 1821 789 et
1837 751 1907 789 an
1919 742 1970 790 te
1985 735 2161 790 hanc,

506 825 773 879 animam
807 842 823 878 :
857 825 1106 895 ideoque
1138 824 1208 878 ab
1262 822 1390 877 aliis
1440 821 1772 878 adducitur.
1825 827 1941 879 Nec
1982 824 2165 879 ﬁdem

506 913 727 982 exigit;
781 912 1072 982 siquidem
1126 926 1234 965 nec
1283 911 1413 973 fari,
1476 926 1585 965 nec
1635 911 1956 981 intelligere
2006 918 2163 982 pote-

509 1005 641 1058 rat:
680 1001 844 1072 quod
897 1015 1228 1069 agnoscens
1292 999 1577 1065 Salvator,
1627 1000 1898 1071 protinus
1947 1000 2166 1055 daemo-

509 1104 646 1143 nem
703 1089 892 1159 ejecit,
940 1089 1066 1160 ipso
1115 1088 1292 1143 etiam
1351 1087 1686 1157 ignorante.
1740 1088 2007 1160 Cumque
2037 1088 2165 1143 vin-

508 1177 655 1232 culis
708 1178 1012 1234 absolutus
1063 1183 1236 1242 esset,
1297 1176 1580 1232 intellexit
1633 1181 1689 1232 et
1744 1176 1867 1248 (uu)
1929 1177 2164 1232 locutus

510 1272 591 1322 est
620 1267 803 1323 homo

579 1356 741 1409 Vers.
774 1360 862 1411 33.
904 1356 978 1410 Et
1026 1386 1093 1395 —
1134 1354 1339 1410 Israel.
1375 1355 1681 1425 Nunquam
1725 1354 2006 1422 apparuit
2061 1353 2163 1422 sic,

508 1444 567 1497 id
598 1449 702 1507 est,
748 1446 1065 1515 Nunquam
1093 1443 1224 1498 visa
1255 1448 1395 1497 sunt
1444 1441 1789 1513 hujusmodi
1846 1441 2164 1497 mirabilia.

511 1532 803 1586 Omnibus
836 1538 1037 1587 autem
1065 1532 1163 1603 qui
1203 1532 1279 1587 ab
1312 1531 1558 1586 exordio
1600 1529 1893 1585 mirabilia
1933 1530 2161 1601 operati

510 1625 645 1674 sunt
672 1620 1079 1675 sublimiorem
1112 1620 1556 1692 praedicabant;
1589 1620 1730 1690 quia
1761 1634 1995 1673 omnem
2021 1635 2168 1673 mor-

2275 470 2407 542 ἀγλά
2438 473 2568 523 καὶὸ
2599 477 2669 542 μὴ
2695 471 2884 528 λαλῶν.

2348 652 2447 699 Καὶ
2500 646 2829 711 ἐκϐληθέντος
2892 683 2960 690 -
3022 657 3215 725 κωφός,
3274 653 3383 704 Ούκ
3437 650 3498 710 ἦν
3559 652 3609 703 ἐκ
3655 656 3814 725 φύσεως

2274 736 2479 803 ἄλαλος,
2531 736 2642 788 ἀλλ’
2690 739 2714 788 6
2775 736 2976 809 δαίμων
3031 738 3189 798 ἔδησε
3244 746 3336 799 τὴν
3383 740 3621 812 γλῶσσαν
3670 742 3811 811 αὐτοῦ,

2274 830 2363 877 καὶ
2406 829 2504 898 πρὸ
2549 828 2739 886 ταύτης
2788 832 2879 885 τὴν
2917 827 3121 900 ψυχήν.
3184 832 3277 881 Δια
3326 837 3478 881 τοῦτο
3508 831 3605 900 γὰρ
3655 834 3727 880 καὶ
3750 831 3814 902 ὑφ’

2277 912 2453 985 ἐτέρων
2511 917 2850 987 προσάγεται,
2931 922 3021 969 καὶ
3111 916 3205 969 ούκ
3285 916 3579 969 ἁπαιτεῖται
3622 917 3808 973 “uiam.

2277 1003 2411 1057 Οὔτε
2439 1005 2539 1074 γὰρ
2570 1002 2814 1065 λαλῆσαι,
2873 1008 2987 1057 οὔτε
3040 1011 3266 1057 συνιέναι
3318 1003 3553 1059 ἐδύνατο.
3598 1010 3681 1057 Καὶ
3725 1013 3816 1057 τοῦ·

2276 1109 2333 1141 το
2394 1096 2663 1161 γινώσκων
2720 1093 2744 1142 6
2794 1098 2989 1167 Σωτήρ,
3055 1092 3279 1156 ἐξέϐαλεν
3357 1094 3547 1145 αὐτίκα
3598 1096 3673 1144 τὸν
3730 1091 3820 1145 δαί-

2277 1198 2426 1250 μονα,
2486 1184 2574 1230 καὶ
2623 1178 2973 1251 ἀπελαθέντος,
3033 1181 3183 1240 ἐλύθη
3240 1184 3330 1254 μὲν
3384 1186 3451 1234 τὰ
3503 1179 3680 1255 δεσμὰ,
3723 1201 3817 1234 συν-

2278 1275 2369 1325 ῆκε
2398 1264 2474 1332 δε,
2508 1273 2596 1319 καὶ
2623 1267 2863 1327 ἐλάλησεν
2896 1272 2920 1321 6
2947 1272 3228 1341 ἄνθρωπος.

2351 1360 2450 1408 Καὶ
2499 1388 2568 1395 —
2610 1358 2843 1431 Ἰσραήλ.
2902 1389 2971 1399 -
3014 1355 3279 1411 Οὐδέποτε
3321 1357 3474 1431 ἐφάνη
3532 1358 3698 1421 οὕτως,
3733 1356 3819 1410 imi

2278 1452 2389 1509 τοῦ,
2465 1442 2728 1497 Οὐδέποτε
2797 1445 2951 1518 ἐφάνη
3020 1454 3235 1499 τοιαῦτα
3304 1444 3607 1512 παράδοξα.
3654 1448 3820 1498 Πάντων

2280 1530 2338 1584 δὲ
2386 1541 2485 1584 τῶν
2539 1533 2625 1584 ἀπ’
2676 1534 2854 1595 αἰῶνος
2909 1537 3485 1610 θαυματουργησάντων
3544 1536 3823 1607 ύπερετίθουν

2280 1622 2451 1685 αὐτὸν,
2500 1618 2638 1673 διότι
2668 1628 2767 1674 πᾶν
2820 1625 2985 1684 πάθος
3042 1624 3175 1691 ἰᾶτο,
3216 1629 3303 1677 καὶ
3332 1626 3607 1694 ταχύτατα
3633 1627 3710 1673 καὶ
3732 1621 3822 1672 κατ’

514 1710 660 1763 bum
678 1709 940 1773 curabat,
958 1718 1012 1764 et
1031 1710 1395 1764 velocissime
1417 1707 1778 1780 propriaque
1794 1708 2166 1763 auctoritate,

2282 1708 2533 1771 ἐξουσίαν’
2593 1715 2683 1762 καὶ
2726 1717 2849 1764 ποτε
2891 1714 2979 1784 μὲν
3035 1713 3215 1784 λέγων,
3272 1715 3394 1765 ποτε
3447 1708 3506 1763 δε
3571 1711 3818 1781 ἁπτόμενος,

512 1798 808 1852 interdum
867 1797 1112 1869 quidem
1181 1797 1381 1861 verbo,
1458 1811 1895 1867 nonnunquam
1980 1801 2162 1860 tactu,

510 1888 874 1957 quandoque
896 1902 1029 1941 vero
1048 1892 1205 1941 tactu
1236 1893 1291 1940 et
1312 1885 1495 1940 verbo
1521 1901 1535 1948 ;
1565 1889 1621 1939 et
1639 1890 1707 1939 ut
1732 1884 1917 1939 semel
1943 1884 2163 1948 dicam,

510 1974 660 2028 sicut
686 1974 945 2041 volebat,
978 1976 1036 2028 in
1072 1974 1350 2029 omnibus
1374 1989 1547 2029 suam
1580 1973 1854 2045 pandens
1883 1973 2164 2044 omnipo-

515 2062 777 2117 tentiam.

587 2150 747 2204 Vers.
791 2151 878 2206 34.
924 2151 1220 2208 Pharisaei
1257 2155 1449 2207 autem
1504 2182 1573 2191 —
1603 2151 1917 2208 daemonia.
1956 2149 2165 2206 Turbae

514 2238 758 2309 quidem
774 2240 1227 2295 admirabantur
1239 2256 1257 2307 ;
1270 2240 1549 2295 Pharisaei
1561 2255 1702 2295 vero
1716 2238 2168 2295 calumniaban-

514 2332 627 2392 tur,
647 2327 905 2383 dicentes
928 2328 1082 2399 quod
1106 2344 1241 2384 cum
1270 2328 1532 2383 amicum
1561 2328 1807 2383 haberet
1834 2328 2165 2399 principem

513 2414 959 2484 daemoniorum,
1002 2432 1107 2487 per
1134 2417 1294 2472 hunc
1324 2416 1625 2472 daemonia
1664 2416 2018 2488 expellebat.
2052 2417 2169 2470 Nec

512 2504 872 2559 verebantur
901 2508 1113 2575 nugari
1138 2506 1195 2560 in
1227 2505 1336 2569 his,
1372 2520 1501 2578 quae
1549 2505 1715 2560 facile
1745 2505 2020 2574 redargui
2066 2520 2168 2575 po-

515 2596 724 2647 terant.
758 2596 905 2649 Nam
957 2595 1061 2665 qui
1117 2595 1557 2649 daemoniorum
1609 2594 1937 2664 principem
1989 2592 2168 2649 habet

513 2682 796 2747 amicum,
851 2698 987 2754 quaa
1044 2683 1123 2738 illi
1183 2690 1321 2739 sunt
1382 2688 1551 2753 grata
1606 2681 2169 2753 perﬁcitzdeemoni

512 2775 709 2826 autem
753 2777 991 2840 gratum
1041 2777 1149 2837 est,
1179 2779 1241 2827 ut
1270 2772 1397 2843 quis
1458 2786 1693 2842 semper
1744 2776 1957 2825 noceat
1986 2769 2167 2825 homi-

514 2858 711 2928 nibus,
744 2859 959 2914 doceat
1004 2876 1183 2915 omne
1216 2865 1547 2930 peccatum,
1603 2859 1910 2913 abstrahat
1954 2873 2165 2912 omnes

514 2962 550 3001 a
598 2948 732 3001 Deo.
768 2947 1031 3002 Christus
1080 2964 1220 3003 vero
1259 2948 1553 3003 contraria
1593 2947 1686 3001 his
1724 2951 2003 3017 operatus
2056 2950 2162 3010 est,

2276 1802 2398 1850 ποτε
2465 1794 2523 1851 δε
2608 1804 2697 1851 καὶ
2770 1800 3050 1872 ἁπτόμενος
3115 1806 3204 1853 καὶ
3276 1800 3458 1871 λέγων,
3546 1806 3630 1851 καὶ
3688 1798 3825 1857 ἁπλῶς

2277 1887 2450 1951 εἰπεῖν,
2503 1890 2565 1947 ὡς
2615 1886 2863 1940 ἐϐούλετο’
2927 1886 3020 1941 διὰ
3069 1890 3270 1941 πάντων
3334 1884 3534 1948 δεικνὺς
3578 1891 3633 1939 τὸ
3678 1887 3827 1939 ἑάυτοὺ

2274 1972 2669 2046 παντοδύναμον
2682 2020 2695 2032 ,

2348 2154 2413 2204 Οἱ
2445 2148 2503 2205 δὲ
2533 2158 2808 2225 Φαρισαῖοι
2859 2185 2927 2193 —
2975 2150 3242 2224 δαιμόνια.
3284 2154 3347 2205 Οἱ
3386 2152 3542 2225 ὄχλοι
3593 2154 3675 2224 μὲν
3702 2150 3827 2203 ἐθαύ-

2277 2240 2461 2310 μαζον·
2518 2243 2568 2293 οἱ
2620 2248 2897 2315 Φαρισαῖοι
2956 2238 3014 2294 δὲ
3069 2239 3336 2294 διέϐαλλον
3388 2241 3566 2309 αὐτὸν,
3616 2240 3830 2311 λέγοντες,

2277 2330 2357 2380 ὅτι
2405 2328 2545 2400 φίλον
2621 2332 2757 2401 ἔχων
2824 2334 2909 2381 τόν
2958 2332 3192 2403 ἄρχοντα
3260 2338 3359 2382 τῶν
3417 2328 3709 2402 δαιμονίων,
3774 2323 3832 2377 δι’

2276 2416 2468 2469 ἐκείνου
2533 2426 2693 2470 ταὺτα
2750 2415 2950 2489 διῴκει.
3015 2425 3112 2472 Καὶ
3164 2416 3278 2471 οὐδ’
3328 2419 3646 2492 ᾐσχύνοντο,
3701 2414 3831 2488 φλυα-

2276 2512 2480 2577 ροῦντες
2557 2506 2843 2578 εὐέλεγκτα.
2912 2512 3011 2560 Καὶ
3083 2511 3184 2581 γὰρ
3239 2510 3263 2559 6
3328 2510 3423 2575 ,τόν
3480 2509 3709 2580 ἄρχοντα
3756 2511 3833 2555 τῶν

2278 2591 2559 2667 δαιμονίων
2624 2596 2765 2667 φίλον
2828 2599 2985 2667 ἔχων,
3043 2596 3164 2668 φίλα
3233 2595 3402 2667 ἐκείνῳ
3470 2593 3832 2666 διαπράττεται·

2969 2643 2985 2667 3

2278 2682 2419 2754 φίλον
2464 2680 2522 2736 δὲ
2578 2693 2649 2755 τῷ
2699 2680 2928 2755 δαίμονι,
2992 2688 3048 2736 τὸ
3100 2684 3345 2756 βλάπτειν
3398 2684 3477 2736 ἀεὶ
3518 2687 3637 2743 τοὺς
3675 2680 3839 2754 ἀνθρώ·

2276 2791 2424 2838 πους,
2509 2776 2566 2824 τό
2634 2769 2911 2825 διδάσκειν
2969 2780 3139 2825 πᾶσαν
3195 2774 3473 2847 ἁμαρτίαν,
3530 2775 3585 2824 τὸ
3645 2769 3835 2841 ἀφιστᾲν

2276 2863 2469 2923 πάντας
2519 2860 2619 2913 ἀπὸ
2667 2868 2758 2912 τοῦ
2809 2866 2953 2914 Θεοῦ·
2994 2863 3019 2912 6
3076 2859 3136 2913 δέ
3178 2865 3405 2934 Χριστὸς
3461 2858 3705 2911 τάναντία
3736 2857 3841 2906 τού-

2274 2968 2374 3000 των
2455 2950 2741 3023 εἰργάζετο,
2823 2949 3096 3023 εύεργετων
3185 2948 3261 3001 ἀεὶ
3349 2954 3465 3009 τούς
3548 2947 3836 3019 ἀνθρώπους,

512 3034 808 3092 beneﬁcia
864 3052 1101 3107 semper
1156 3036 1468 3091 conferens
1501 3036 1560 3091 in
1590 3034 1886 3104 homines,
1920 3050 2161 3089 omnem

2282 3035 2548 3090 διδάσκων
2630 3045 2803 3090 πᾶσαν
2890 3038 3095 3112 ἀρετὴν,
3177 3041 3453 3112 προσάγων
3540 3039 3727 3094 πάντας
3784 3038 3841 3100 τῷ

514 3123 737 3178 docens
790 3125 1083 3195 virtutem,
1117 3125 1191 3180 ad
1234 3127 1419 3180 Deum
1477 3139 1685 3179 omnes
1729 3122 2064 3179 adducens.
2104 3127 2166 3178 Et

515 3216 714 3267 tamen
769 3213 879 3269 hos
930 3229 1044 3269 non
1109 3213 1303 3269 solum
1361 3228 1482 3268 non
1531 3212 1783 3283 punivit,
1835 3211 1942 3267 sed
1974 3226 2165 3282 neque

515 3301 709 3370 arguit
756 3317 891 3357 eos:
944 3302 1168 3357 docens
1225 3317 1335 3357 nos
1396 3316 1617 3372 magno
1684 3300 1889 3356 animo
1943 3300 2165 3355 calum-

514 3389 644 3444 nias
704 3389 1018 3456 sustinere,
1055 3396 1110 3446 et
1165 3391 1365 3462 potius
1411 3390 1762 3445 benefacere
1810 3388 2163 3444 nocentibus

514 3494 585 3533 ac
638 3480 921 3551 iniuriam
976 3479 1386 3535 inferentibus.
1445 3478 1584 3533 Vide
1641 3479 1800 3533 enim
1878 3477 2025 3550 quid
2085 3478 2163 3531 fe-

516 3567 675 3623 cerit.

586 3658 755 3713 Vers.
805 3660 894 3712 33.
924 3656 1005 3711 Et
1042 3687 1111 3696 —
1156 3655 1220 3710 in
1265 3655 1482 3725 populo
1532 3654 1668 3709 Haec
1725 3652 1905 3709 etiam
1954 3658 2167 3724 quarto

516 3744 658 3799 dixit
683 3746 946 3816 capite“,
981 3749 1037 3799 et
1064 3744 1146 3799 ibi
1175 3743 1477 3798 declarata
1509 3747 1664 3797 sunt.
1722 3742 1923 3806 Quaere
1966 3746 2167 3798 autem

515 3836 571 3887 et
600 3833 764 3903 apud
817 3836 1071 3887 Marcum
1130 3833 1311 3886 ﬁnem
1347 3831 1493 3886 tertii
1524 3830 1731 3902 capitis
1774 3830 1961 3900 ipsius
2000 3832 2069 3896 97,
2114 3835 2171 3886 et

515 3921 576 3976 in
606 3922 736 3991 ejus
778 3920 989 3992 capitis
1019 3921 1395 3976 enarratione
1452 3920 1717 3974 invenies
1774 3917 2168 3975 differentiam

515 4010 764 4065 civitatis
795 4026 831 4065 a
854 4011 1004 4065 vico.
1039 4008 1404 4065 Circumibat
1445 4012 1646 4064 autem
1675 4007 1935 4062 civitates
1963 4023 2173 4062 omnes

512 4103 571 4154 et
597 4099 756 4154 vicos
785 4098 1156 4167 Judaeorum,
1190 4114 1263 4154 ne
1293 4098 1427 4170 quis
1458 4112 1664 4153 eorum
1695 4096 1891 4152 dicere
1924 4100 2125 4168 posset
2156 4106 2169 4144 :

518 4188 607 4243 Ad
638 4203 747 4245 nos
776 4204 898 4244 non
930 4189 1102 4245 venit.

587 4369 748 4422 Vers.
777 4366 865 4422 36.
898 4366 1151 4421 Intm'tus
1182 4397 1242 4406 —
1273 4372 1590 4434 pastorem.
1644 4364 1967 4429 Destitutae,
2008 4363 2169 4435 quod
2204 4394 2250 4449 Ι)

518 4457 715 4511 nullus
745 4472 842 4511 eas
901 4456 1258 4526 respiceret:
1306 4455 1577 4525 dispersae
1635 4454 1750 4509 hoc
1798 4458 1887 4508 est
1930 4452 2172 4507 omnino

520 4544 831 4611 neglecta,
878 4545 934 4598 in
986 4544 1236 4599 modum
1270 4542 1470 4597 ovium
1510 4548 1746 4613 pastore
1795 4543 2167 4597 carentium:

517 4647 774 4701 quarum
806 4633 893 4686 hae
922 4633 1166 4703 quidem
1198 4635 1424 4687 vexatae
1467 4634 1621 4695 sunt,
1663 4646 1731 4685 ac
1772 4630 2028 4684 seductas
2056 4630 2171 4685 huc

520 4724 574 4774 et
622 4719 801 4775 illuc:
851 4720 979 4774 aliae
1030 4727 1229 4775 autem
1287 4720 1570 4791 dispersas
1623 4720 1744 4774 sive
1799 4719 2063 4789 abjectaa,
2100 4734 2171 4775 eo

519 4809 683 4880 quod
710 4822 829 4862 non
853 4807 944 4871 sit,
971 4807 1070 4879 qui
1100 4824 1304 4863 earum
1325 4825 1533 4865 curam
1564 4809 1800 4864 habeat.
1828 4808 2170 4863 Judaaorum

520 4896 681 4951 enim
728 4895 1019 4967 principes
1071 4913 1192 4953 non
1225 4897 1416 4953 solum
1466 4897 1912 4964 convertebant,
1955 4901 2057 4952 aut
2086 4911 2171 4952 re-

523 4984 859 5057 spiciebant
888 5000 988 5041 eos
1014 4986 1113 5057 qui
1139 4992 1551 5057 peccaverant,
1576 5002 1769 5057 neque
1800 4986 2172 5055 abjectorum

595 5113 641 5147 θα
667 5110 863 5168 Matth.
905 5126 978 5175 iv,
1016 5110 1103 5164 17.
1182 5109 1408 5164 "Marc.
1441 5125 1480 5173 ι,
1514 5112 1601 5165 38.

2276 3135 2417 3196 Θεῷ.
2474 3126 2652 3198 Ὀμως
2713 3127 2771 3179 ού
2837 3132 2989 3199 μόνον
3031 3130 3249 3188 τούτους
3298 3126 3389 3179 ούκ
3438 3125 3695 3193 ἐκόλασεν,
3749 3119 3840 3171 ἀλλ’

2274 3212 2390 3267 οὐδ’
2450 3214 2656 3285 ἤλεγξεν
2713 3215 2922 3283 αύτούς,
2979 3212 3242 3267 παιδεύων
3297 3216 3455 3286 ἡμᾶς,
3526 3212 3842 3286 μακροθύμως

2275 3308 2438 3378 φέρειν
2511 3303 2605 3366 τὰς
2660 3300 2929 3369 διαϐολὰς,
2991 3308 3079 3355 καὶ
3129 3302 3317 3375 μᾶλλον
3396 3300 3449 3354 εὖ
3532 3308 3695 3354 ποιεῖν
3741 3300 3845 3355 τοὺς

2272 3392 2597 3466 ὑϐρίζοντας.
2627 3392 2763 3466 Ὀρα
2790 3395 2911 3466 γὰρ,
2945 3396 2996 3444 τί
3017 3394 3245 3449 ἐποίησε.

2351 3655 2450 3704 Καί
2478 3682 2547 3690 —
2594 3649 2642 3701 ἐν
2698 3657 2771 3719 τῷ
2825 3648 2950 3719 λαῷ.
2983 3655 3158 3702 Ταῦτα
3203 3652 3293 3700 καὶ
3340 3650 3387 3699 ἓν
3440 3643 3593 3719 ἀρχῇ
3652 3652 3737 3697 τοῦ
3782 3660 3852 3692 τε·

2277 3742 2467 3813 τάρτου
2519 3738 2793 3810 κεφαλαίου
2874 3741 3071 3812 εἴρηκεν
3144 3738 3169 3788 6
3225 3741 3403 3809 παρὼν
3485 3733 3851 3805 εὐαγγελιστὴς.

2278 3835 2367 3881 καὶ
2396 3827 2796 3901 ἡρμηνεύθησαν
2845 3825 2891 3878 ἐν
2958 3826 3154 3895 ἐκείνῳ,
3212 3830 3453 3883 Ζητησον
3514 3822 3576 3876 δὲ
3614 3826 3703 3874 καὶ
3738 3818 3858 3889 παρὰ

2280 3926 2352 3988 τῷ
2410 3920 2605 3991 Μάρκῳ
2648 3920 2706 3967 τό
2770 3915 2906 3975 τέλος
2957 3922 3048 3967 τοῦ
3110 3918 3284 3986 τρίτου
3354 3914 3642 3985 κεφαλαίου
3700 3908 3857 3969 αὐτοῦ,

2283 4010 2371 4059 καὶ
2424 4007 2659 4080 εὑρήσεις
2725 4001 2978 4077 διαφορὰν
3051 4002 3243 4063 πόλεως
3322 4006 3411 4053 καὶ
3480 4007 3665 4072 κώμης
3716 3996 3761 4048 ἐν
3807 3998 3856 4062 τῇ

2284 4094 2474 4148 ἐκείνου
2527 4093 2785 4166 ἐξηγήσει.
2837 4097 3157 4166 Περιήρχετο
3220 4088 3278 4144 δε
3323 4092 3414 4151 τὰς
3481 4090 3659 4151 πόλεις
3710 4086 3864 4139 πάσας

2282 4190 2371 4236 καὶ
2422 4187 2510 4244 τὰς
2565 4190 2741 4255 κώμας
2795 4190 2895 4233 τῶν
2960 4178 3252 4248 Ἰουδαίων,
3305 4180 3427 4231 ἰνα⁸
3462 4175 3662 4251 μηδεὶς
3718 4173 3863 4226 αὐτῶν

2283 4276 2402 4345 ἔχοι
2428 4273 2609 4343 λέγειν,
2633 4274 2710 4323 ὅτι
2733 4274 2864 4345 Πρὸς
2893 4271 3027 4342 ἡμᾶς
3052 4269 3146 4320 ούκ
3194 4265 3362 4325 ἦλθεν.

2356 4358 2503 4413 Ἰδὼν
2543 4392 2608 4399 -
2661 4363 2896 4430 ποιμένα.
2949 4388 3016 4399 -
3049 4356 3384 4428 Ἐσκυλμένοι
3433 4356 3554 4427 (99)
3606 4357 3716 4426 μὶν,
3774 4348 3866 4400 ὄτλτὶ

2972 4443 3065 4498 διὰ
3113 4450 3170 4497 τὸ
3249 4450 3320 4514 μὴ
3411 4447 3562 4515 ἔχειν
3641 4446 3727 4494 τόν
3772 4441 3872 4490 ἔπι-

3578 4530 3873 4603 ἠμελημένα

2281 4457 2393 4515 τοῦ,
2479 4449 2894 4521 ἀνεπίστρεπτοι,

2286 4542 2590 4612 στρεφόντα”
2670 4536 2960 4611 ἐρριμμένοι
3046 4532 3122 4603 δὲ,
3211 4532 3324 4585 ἀντὶ
3376 4541 3495 4597 τοῦ,

2281 4627 2467 4694 τελεον,
2520 4624 2673 4683 δίκην
2761 4624 3086 4695 ἁποιμάντων
3177 4620 3474 4695 προϐάτων*
3556 4622 3628 4671 ὧν
3684 4620 3750 4670 τὰ
3802 4617 3876 4684 μὲν

2282 4715 2545 4783 ἔσκυλται,
2606 4718 2765 4784 ἤγουν
2837 4712 3185 4768 πεπλάνηνται
3238 4706 3370 4781 τῇδε
3410 4709 3666 4761 κάκεῖσε’
3725 4708 3785 4756 τὰ
3828 4697 3877 4751 δὲ

2283 4805 2538 4879 ἔρριπται,
2591 4806 2710 4860 ἤτοι
2762 4799 3192 4864 καταϐέϐληνται,
3236 4796 3331 4851 διὰ
3380 4803 3439 4849 τὸ
3493 4803 3573 4870 μὴ
3628 4799 3767 4869 ἔχειν
3807 4792 3881 4843 τὸν

2282 4878 2662 4966 ἐπιμελόμενον.
2723 4892 2787 4943 Οἱ
2842 4890 2943 4962 ’γὰρ
3009 4896 3109 4941 τῶν
3168 4884 3442 4941 Ἰουδαίων
3533 4888 3788 4959 ἄρχοντες
3832 4878 3881 4930 ού

2282 4988 2433 5055 μόνον
2482 4982 2575 5035 οὐκ
2627 4980 2929 5051 ἐπέστρεφον
2974 4980 3096 5039 τοὺς
3147 4975 3575 5049 ἁμαρτάνοντάς,
3623 4969 3739 5028 οὐδ’
3788 4968 3885 5022 ἐπι·

1741 5228 1955 5297 Variaa
1989 5227 2313 5297 lectiones
2352 5236 2417 5294 et
2457 5235 2659 5293 notae.

594 5388 705 5461 (99)
737 5389 899 5443 Hunc
925 5384 1124 5441 locum
1149 5382 1560 5455 inpterretatur
1588 5382 2029 5453 Chrysostomus
2069 5386 2106 5437 t.
2141 5383 2166 5435 Ἄ

2282 5395 2338 5452 ρ.
2372 5378 2476 5435 390
2502 5378 2605 5435 ubi
2636 5376 2815 5435 habet
2842 5377 2908 5429 τὰ
2935 5374 3106 5435 πλήθη
3139 5373 3449 5447 ἑσκυλμένα.

594 5513 714 5584 (uu)
744 5511 990 5584 Eiecitet
1015 5510 1197 5581 ejecto
1239 5507 1435 5563 soluta
1460 5512 1597 5564 sunt
1617 5507 1868 5575 vincula,
1903 5504 2185 5563 intellexit
2213 5508 2407 5561 autem
2430 5506 2503 5560 et.
