3990 6206
157 243 236 305 321
1085 233 1451 302 COMMENT.
1493 245 1566 302 IN
1606 226 2053 302 MATTH/EUM.
2094 276 2162 287 —
2202 245 2356 301 CAP.
2400 231 2474 301 x.

3379 247 3484 302 322

157 373 357 443 μιλοῦντο
414 377 518 423 τῶν
567 369 985 444 κατεῤῥαγμένων
1034 368 1112 443 (1)
1164 369 1290 423 ἀλλὰ
1336 370 1525 443 μᾶλλον
1569 370 1717 422 αὐτοὶ

1872 384 2031 424 iram
2085 369 2406 432 habebant,
2461 369 2567 426 sed
2606 374 2663 425 et
2693 369 2863 442 pejus
2897 369 3010 441 ipsi
3068 354 3261 425 affecti
3305 375 3487 428 erant

154 468 298 532 χεῖρον
318 468 412 511 τοῦ
434 458 566 510 λαοῦ
597 454 864 511 διέκειντο.

205 554 409 600 Τότεσ-
442 547 633 618 ὀλίγοι.
686 551 947 621 Θερισμόν
1003 551 1116 619 μέν,
1166 551 1323 619 ἤγουν
1374 549 1536 621 Θέρος,
1577 546 1722 600 καλεῖ

141 646 215 688 νῦν
245 641 357 698 τοὺς
386 645 676 689 πιστεύσαι
716 636 1007 708 μέλλοντας,
1043 639 1106 697 ὡς
1136 636 1374 708 ἑτοίμους
1403 637 1474 698 εἰς
1502 640 1561 688 τὸ
1595 655 1724 708 συγ-

142 728 444 796 κομισθῆναι
499 723 594 777 διὰ
650 730 709 777 τό
775 733 1342 800 προεγκατασπαρῆναι
1401 726 1574 786 αὐτοῖς
1628 731 1722 784 τήν

143 821 296 886 φήμην
338 823 436 876 τῆς
489 811 844 876 διδασκαλίας
896 820 986 866 καὶ
1044 817 1142 866 τὼν
1194 816 1468 887 θαυμάτων
1527 815 1713 872 αὐτοῦ.

145 905 344 962 Ἀπῆλθε
380 906 512 975 γὰρ,
539 909 720 975 φησὶν,
748 905 778 961 ἡ
814 903 941 961 ἀκοὴ
971 903 1130 956 αὐτοῦ
1157 904 1226 966 εἰς
1254 904 1373 962 ὃλην
1399 909 1490 963 τὴν
1513 909 1721 978 Συρίαν.

145 992 377 1062 Ἐργάτας
409 989 494 1055 δι,
530 995 646 1050 ἦτοι
681 994 943 1066 θεριστάς,
965 992 1099 1063 λέγει
1128 997 1250 1055 τοὺς
1277 995 1518 1064 μαθητὰς
1542 993 1722 1062 αὐτοῦ,

147 1082 216 1141 οὓς
237 1079 472 1133 ἐϐούλετο
499 1080 708 1153 πέμψαι
730 1084 859 1153 πρὸς
884 1078 1212 1152 συγκομιδὴν
1236 1089 1337 1134 τῶν
1361 1084 1607 1134 τοιούτων
1634 1081 1727 1134 ἁσ-

144 1172 353 1240 ταχύων.
374 1167 498 1222 Ἰνα
525 1171 630 1241 γὰρ
655 1173 752 1240 μὴ,
790 1167 1154 1241 ἐπισυρόμενος
1282 1173 1346 1222 τὰ
1371 1169 1566 1237 πλήθη,
1595 1167 1724 1242 δόξῃ

147 1255 225 1310 διὰ
249 1254 395 1310 τοῦτο
426 1259 810 1332 περιέρχεσθαι
830 1260 918 1319 τὰς
943 1256 1116 1318 πόλεις
1135 1263 1225 1311 καὶ
1253 1264 1449 1331 κώμας,
1481 1257 1730 1332 ἐκπέμπει

144 1350 248 1407 τοὺς
269 1349 513 1418 μαθητὰς
543 1344 656 1398 ἀνθ·
689 1345 894 1400 ἑαυτοῦ.

202 1434 343 1486 Ἐστι
392 1431 457 1487 δὲ
511 1440 603 1486 καὶ
659 1434 840 1509 ἑτέρως
892 1434 1067 1498 εἰπεῖν,
1101 1435 1181 1487 ὅτι
1245 1437 1488 1510 θερισμόν
1536 1439 1728 1510 εἴρηκε,

149 1521 374 1575 δεικνύων
435 1529 532 1580 τὴν
581 1522 848 1595 εὐχέρειαν
893 1531 987 1584 τῆς
1031 1527 1275 1585 τοιαύτης
1315 1521 1603 1592 διακονίας,
1663 1529 1730 1588 ὡς

154 1620 225 1663 τοῦ
279 1613 521 1682 μείζονος
573 1615 733 1664 πόνου
815 1611 1161 1685 προλαϐόντος
1246 1618 1335 1666 καὶ
1416 1614 1732 1676 τελεσθέντος

1826 473 2012 530 quam
2043 458 2329 530 populus.

1907 545 2069 602 Vers.
2101 551 2186 604 37.
2225 549 2383 604 Tunc
2412 579 2477 588 —
2501 548 2696 617 pauci.
2741 550 2986 604 Messem
3019 548 3114 602 hic
3155 552 3328 604 vocat
3359 563 3482 614 eos,

1829 642 1932 714 qui
1954 638 2229 697 credituri
2259 642 2442 702 erant,
2490 642 2779 708 tanquam
2815 642 3052 706 paratos
3085 641 3150 691 ut
3193 636 3265 692 ad
3303 636 3487 692 ﬁdem

1830 730 2181 799 colligantur
2213 725 2392 798 :quia
2413 725 2538 796 jam
2591 725 2674 779 eis
2715 723 3109 780 disseminata
3154 730 3277 779 erat
3326 724 3490 780 fama

1835 816 2260 874 miraculorum
2291 814 2443 884 ejus.
2472 813 2677 868 Exivit
2708 813 2866 867 enim
2913 815 3073 882 fama
3099 814 3242 881 ejus,
3274 811 3485 884 inquit,

1830 908 1893 962 in
1913 909 2248 961 universam
2268 903 2500 972 Syriam
2520 902 2587 956 9'.
2610 903 2959 972 Operatores
2984 916 3122 955 vero
3137 905 3238 955 aut
3263 916 3492 956 messo-

1832 1011 1927 1051 res
1955 993 2097 1049 dicit
2133 990 2460 1062 discipulos
2486 1005 2646 1056 suos,
2678 1004 2831 1061 quos
2870 989 3096 1043 mittere
3119 988 3358 1046 volebat
3415 988 3490 1043 ad

1835 1083 2043 1139 talium
2072 1079 2505 1136 collectionem.
2539 1081 2618 1134 Ne
2650 1078 2810 1133 enim
2869 1077 3053 1132 ascita
3107 1075 3491 1132 multitudine

1835 1171 2132 1226 videretur
2167 1172 2410 1240 propter
2437 1166 2552 1224 hoc
2581 1165 2895 1222 circumire
2925 1165 3192 1222 civitates
3222 1170 3278 1222 et
3310 1165 3487 1231 vicos,

1837 1259 2158 1332 discipulos
2177 1274 2288 1330 pro
2312 1273 2376 1312 se
2405 1256 2637 1313 emittit.

1910 1435 2106 1492 Potest
2125 1437 2320 1488 autem
2353 1436 2408 1487 et
2437 1431 2554 1486 alio
2583 1429 2756 1485 modo
2783 1431 3018 1501 exponi,
3045 1429 3209 1501 quod
3238 1445 3494 1486 messem

1839 1526 2069 1591 dixerit,
2121 1522 2466 1578 facilitatem
2506 1520 2822 1575 ostendens
2849 1519 3191 1587 huiusmodi
3231 1518 3498 1574 ministe-

1839 1614 1908 1669 rii
1953 1614 2203 1682 :utpote
2262 1608 2472 1678 majori
2523 1606 2727 1661 labore
2774 1610 3194 1676 praeoccupato
3245 1606 3371 1676 jam
3426 1620 3495 1662 ac

147 1701 232 1752 ὑπὸ
259 1709 358 1751 τῶν
379 1709 683 1772 προφητῶν,
714 1699 783 1764 οἳ,
811 1703 1042 1775 καθάπερ
1056 1704 1171 1754 τινὰ
1202 1706 1731 1774 σπέρματαπίστεως,

1872 1700 2099 1757 »οι-[θοὶο
2129 1714 2161 1752 a
2190 1695 2511 1767 prophetis,
2557 1693 2662 1764 qui
2718 1699 3008 1764 tanquam
3059 1693 3290 1749 semina
3343 1709 3494 1765 quas-

144 1797 240 1850 τοίς
276 1786 564 1850 Ἰουδαίοις
603 1791 670 1840 τὰ
701 1794 820 1861 περὶ
862 1797 952 1842 τοῦ
990 1797 1225 1865 Χριστοῦ
1267 1791 1730 1864 προκατεϐάλοντο,

147 1880 169 1929 ὀ
217 1882 303 1930 καὶ
360 1877 409 1928 ἐν
467 1885 542 1945 τῷ
611 1878 819 1950 Ἰωάννῃ
871 1877 1055 1950 ἔλεγεν,
1109 1880 1189 1931 ὅτι
1266 1878 1441 1933 Ἀλλοι
1489 1883 1734 1934 κεκοπιά-

143 1986 308 2036 κασιν,
384 1971 479 2018 καὶ
555 1967 702 2039 ὑμεῖς
785 1966 851 2027 εἰς
915 1969 1001 2019 τὸν
1080 1972 1238 2020 κόπον
1308 1968 1472 2021 αὐτῶν
1541 1969 1738 2028 εἰσελη-

142 2057 335 2109 λύθατε.

210 2147 464 2219 Θερισριόν
525 2140 586 2196 δέ
636 2147 725 2196 καὶ
784 2143 1006 2216 ἐργάτας
1057 2151 1145 2196 νύν
1211 2145 1384 2212 εἰπὼν,
1459 2150 1738 2218 ανέμνησεν

147 2234 320 2293 αὐτοὺς
367 2237 462 2284 καὶ
531 2239 632 2283 τῶν
675 2238 766 2284 τοῦ
818 2238 1114 2285 Βαπτιστοῦ
1159 2233 1424 2307 ῥημάτων.
1485 2240 1585 2288 Καὶ
1637 2237 1738 2308 γὰρ

145 2321 340 2391 ἐκεῖνος,
402 2325 524 2394 περὶ
588 2327 677 2372 τοῦ
747 2327 982 2392 Χριστοῦ
1034 2320 1213 2392 λέγων,
1271 2326 1500 2397 γεωργὸν
1581 2323 1739 2376 αὐτόν

143 2409 372 2480 ᾐνίξατο,
441 2411 918 2481 προμνημονεύσας
983 2413 1170 2475 πτύου,
1248 2415 1333 2462 καὶ
1389 2410 1598 2478 οἰλωνος,
1650 2416 1740 2465 καὶ

145 2500 309 2561 σίτου,
390 2501 485 2548 καὶ
564 2495 793 2570 ἀχύρου,
879 2499 945 2558 ὡς
1022 2495 1071 2549 ἕν
1126 2504 1200 2568 τῷ
1257 2503 1414 2572 τρίτῳ
1483 2500 1740 2572 κεφαλαίῳ

145 2589 448 2658 προείρηται
483 2584 583 2655 (3).

217 2675 439 2732 Δεήθητε
515 2676 604 2724 τόν
678 2675 922 2745 θερισμόν
986 2673 1173 2732 αὐτοῦ,
1236 2678 1433 2748 Κύρτον
1499 2683 1590 2729 τοῦ
1657 2679 1742 2730 θε-

143 2768 336 2833 ρισμοῦ
401 2761 587 2814 ἑαυτὸν
660 2761 816 2834 λέγει,
889 2765 957 2824 ὡς
1013 2762 1153 2833 αὐτῷ
1211 2763 1586 2836 φυλαττομένου
1651 2772 1743 2818 τοῦ

141 2853 380 2900 τοιούτου
459 2851 652 2921 θέρους,
724 2855 812 2902 καὶ
893 2853 1020 2925 πρὸς
1094 2851 1248 2903 αὑτὸν
1324 2856 1744 2925 συγκομισθῆναι

139 2937 430 3008 μέλλοντος,
464 2943 555 2988 καὶ
585 2940 649 2998 ὡς
678 2936 916 3000 ἐξουσίαν
954 2941 1088 3009 ἔχων
1119 2948 1211 2992 τοῦ
1262 2942 1564 3012 θερισθῆναι
1594 2942 1740 2998 αύτὸ.

1840 1790 1984 1846 dam
2043 1787 2200 1852 ﬁdei,
2249 1783 2468 1841 Judaeis
2517 1799 2588 1838 ea
2617 1798 2752 1853 quas
2801 1781 2875 1837 de
2907 1782 3135 1838 Christo
3186 1788 3353 1839 erant
3395 1799 3497 1840 au-

1843 1877 2054 1951 spicati
2083 1875 2343 1931 fuerant:
2383 1871 2548 1944 quod
2586 1871 2764 1926 etiam
2809 1871 2866 1925 in
2897 1871 3212 1942 Evangelia
3254 1872 3496 1927 Joannis

1843 1965 2079 2024 dicebat
2111 1963 2270 2019 :Alii
2315 1963 2756 2027 laboraverunt,
2789 1966 2839 2014 et
2866 1975 2960 2015 vos
2989 1961 3053 2015 in
3079 1961 3338 2017 laborem
3367 1959 3497 2016 illo-

1843 2071 1974 2111 rum
2002 2051 2286 2108 introistis
2317 2052 2365 2085 θ’
2379 2093 2392 2106 .

1915 2145 2157 2200 Messem
2172 2143 2453 2212 prmterea
2471 2136 2839 2208 etoperarios
2865 2135 3211 2201 nominans,
3228 2137 3498 2208 Baptistae

1843 2232 2030 2288 verba
2075 2245 2144 2286 ac
2197 2227 2546 2283 memoriam
2601 2225 2850 2281 reducit.
2915 2225 3220 2296 Siquidem
3260 2225 3374 2290 ille,
3423 2225 3498 2281 de

1845 2319 2074 2376 Christo
2099 2317 2376 2390 loquens,
2409 2313 2706 2384 agicolam
2754 2313 2923 2369 illum
2956 2313 3210 2379 induxit,
3245 2313 3394 2370 facta
3421 2315 3500 2369 vi-

1847 2407 2056 2464 delicet
2103 2404 2398 2461 mentione
2436 2403 2510 2458 de
2565 2418 2705 2459 area
2741 2402 2870 2473 ejus
2901 2405 2956 2457 et
3004 2401 3216 2467 tritico,
3274 2418 3343 2459 ac
3398 2418 3502 2474 pa-

1849 2496 1944 2554 lea
1967 2495 2087 2568 (vv)
2117 2511 2130 2550 :
2161 2493 2324 2550 velut
2347 2491 2516 2548 tertio
2540 2491 2731 2563 capite
2769 2489 3121 2562 praedictum
3161 2495 3248 2546 est
3279 2493 3320 2545 ¹.

1923 2675 2082 2728 Vers.
2142 2672 2230 2728 38.
2271 2672 2494 2741 Rogale
2522 2699 2591 2709 —
2628 2683 2867 2725 messem
2907 2683 3103 2724 suam.
3171 2667 3499 2723 Dominum

1851 2762 2066 2818 messis
2097 2759 2364 2833 seipsum
2391 2761 2586 2823 vocat,
2617 2756 2705 2813 cui
2739 2756 3012 2812 videlicet
3049 2761 3362 2812 servantur
3387 2757 3504 2812 hu-

1846 2848 2115 2922 jusmodi
2171 2852 2417 2917 segetes,
2471 2851 2528 2901 et
2567 2845 2644 2900 ad
2689 2860 2868 2917 quem
2920 2843 3270 2914 colligendas
3340 2849 3498 2909 sunt,

1852 2939 2075 3010 quique
2105 2940 2458 3009 potestatem
2482 2934 2667 2990 habet
2687 2933 2814 2988 illas
2849 2938 3083 2989 metere.
3107 2932 3328 3001 Rogate
3344 2948 3485 3003 ergo

141 3028 368 3083 Δεήθητε
401 3023 486 3092 δε,
532 3022 690 3089 εἶπεν,
721 3026 827 3097 οὐχ
855 3029 923 3087 ὡς
960 3023 1198 3100 δεόμενος
1227 3029 1627 3101 παρακληθῆναι
1656 3031 1739 3084 ὑπ’

1877 3026 2065 3097 nquit,
2094 3040 2214 3080 non
2266 3023 2431 3096 quasi
2469 3039 2622 3093 opus
2685 3023 2733 3078 ei
2789 3023 2881 3086 sit,
2937 3028 2996 3078 ut
3035 3021 3114 3076 illi
3154 3021 3502 3078 obsecrent:

141 3115 332 3165 αὐτῶν
383 3119 463 3174 τίς
504 3117 607 3184 γὰρ
666 3113 858 3166 ἐκείνου
903 3115 1374 3190 φιλανθρωπότέρος
1404 3134 1418 3185 ;
1450 3117 1579 3172 ἀλλὰ
1623 3138 1744 3172 παι-

139 3199 307 3254 ϐρύων
338 3207 465 3263 τούς
493 3204 751 3274 μαθητὰς,
786 3204 1023 3256 ἱκετεύειν
1068 3208 1154 3256 τὸν
1209 3209 1337 3259 Θεὸν
1381 3208 1508 3283 ὑπὲρ
1533 3216 1631 3260 τῶν
1665 3227 1746 3262 πε-

137 3290 304 3347 alum
311 3295 480 3363 μενων
487 3333 500 3345 .

287 3439 439 3486 ΚΕΦ.
475 3431 582 3486 ΙΘ’.
626 3437 752 3507 Περὶ
781 3441 876 3496 τῆς
904 3443 1001 3486 τῶν
1046 3434 1343 3490 ἀποστόλων
1368 3437 1595 3511 ἐκλογῆς.

217 3560 316 3608 Καὶ
349 3587 416 3596 -
457 3561 637 3624 πᾴσαν
703 3555 978 3628 μαλακίαν.
1040 3564 1156 3619 Πῶς
1212 3556 1320 3624 οὖν,
1376 3559 1569 3632 ὀλίγοις
1627 3559 1748 3616 οὖσι

126 3650 250 3704 τοῖς
314 3646 605 3714 μαθηταῖς.
662 3645 720 3697 οὐ
769 3647 1059 3717 προσέθηκε
1115 3651 1204 3699 καὶ
1252 3647 1450 3722 ἑτέρους
1504 3666 1517 3716 ;
1577 3657 1749 3722 Προσ-

127 3734 320 3790 ἔθηκεν
358 3734 566 3801 αὐτοῖς,
618 3732 725 3784 ἀλλ’
773 3734 867 3785 οὐκ
921 3735 994 3795 εἰς
1045 3733 1285 3808 ἀριθμὸν,
1335 3735 1444 3789 ἀλλ’
1482 3739 1554 3801 εἰς
1590 3736 1749 3792 δύνα-

125 3842 239 3893 μιν.
314 3819 524 3875 Ἔδωκε
590 3825 715 3895 γὰρ,
775 3827 952 3894 φησὶν,
1014 3823 1210 3890 αὐτοῖς,
1271 3823 1526 3888 ἐξουσίαν.
1591 3826 1750 3882 Ὠστε

127 3917 218 3962 καὶ
247 3910 468 3981 ὀλίγους
525 3910 608 3982 (4)
651 3908 785 3963 εἶπεν
842 3911 1048 3977 αύτούς,
1103 3913 1161 3964 ού
1208 3914 1322 3968 κατ’
1370 3914 1590 3986 ἔλλειψιν
1649 3913 1751 3969 δυ-

133 4000 361 4068 νάμεως,
412 3997 552 4050 ἀλλὰ
590 4000 707 4052 κατ’
747 3999 970 4070 ἔλλειψιν
1023 4000 1266 4075 ἀριθμοῦ.
1304 4008 1403 4056 Καὶ
1421 4008 1547 4065 τέως
1567 4005 1753 4068 αύτούς

134 4084 355 4160 ἰατροὺς
407 4089 671 4159 σωμάτων
708 4096 862 4141 ποιεῖ·
902 4090 1032 4159 μετὰ
1073 4097 1222 4144 τοῦτο
1269 4088 1327 4144 δὲ
1356 4096 1442 4143 καὶ
1488 4096 1546 4145 τὸ
1575 4095 1752 4165 μεῖζον

133 4172 458 4245 ignare-iet,
519 4181 617 4233 τὴν
647 4185 742 4229 τῶν
791 4176 981 4249 ψυχῶν
1016 4179 1305 4251 θεραπείαν.
1342 4179 1642 4242 Ἐζέϐαλλον
1676 4185 1754 4255 (5)

128 4260 192 4315 δε
221 4266 294 4315 τά
321 4261 606 4336 δαιμόνια,
631 4269 722 4316 καί
750 4265 900 4318 ἰῶντο
927 4268 1013 4327 τὰς
1040 4271 1225 4329 νόσους
1248 4267 1297 4321 ἐν
1317 4277 1389 4339 τῷ
1421 4269 1635 4343 ὀνόματι
1664 4279 1755 4325 τοῦ

128 4359 408 4422 Χριστοῦ.

203 4447 325 4494 τῶν
379 4439 444 4494 δἐι
502 4438 715 4496 δώδεκα
759 4471 828 4484 -
860 4443 1045 4501 αὐτοῦ.
1097 4441 1310 4505 Ἐπειδὴ
1375 4452 1494 4524 περὶ
1558 4451 1756 4526 Πέτρου

209 4619 261 4653 ’³
293 4619 511 4676 Matth.
541 4635 620 4687 Iv,
654 4621 742 4676 24.
838 4621 886 4658 θ’
915 4622 1091 4680 Joan.
1133 4639 1205 4692 IV,
1229 4623 1320 4680 38.

1853 3114 1987 3186 quis
2009 3113 2162 3168 enim
2191 3111 2468 3166 homines
2502 3110 2694 3179 magis
2721 3115 2886 3166 amat
2913 3111 3239 3182 quamipse
3265 3109 3294 3164 ?
3315 3112 3419 3166 sed
3446 3119 3508 3166 ut

1854 3199 2176 3272 discipulos
2233 3199 2501 3266 instruat,
2551 3205 2616 3254 ut
2665 3201 2846 3254 Deum
2879 3214 2990 3270 pro
3045 3199 3378 3254 errantibus
3409 3198 3509 3254 de-

1855 3291 2189 3363 precentur.

2067 3431 2221 3487 CAP.
2244 3432 2378 3487 XIX.
2417 3429 2502 3486 De
2543 3428 2948 3498 apostolorum
2998 3426 3291 3484 electione.

1930 3563 2085 3620 CAP.
2115 3565 2176 3618 X.
2200 3577 2355 3618 vers.
2390 3563 2440 3616 1.
2473 3562 2640 3617 Et—
2664 3576 2887 3617 omnem
2947 3562 3297 3631 languorem.
3357 3562 3510 3625 Quo-

1858 3651 2040 3708 modo
2060 3666 2203 3722 ergo
2232 3667 2369 3706 cum
2400 3649 2574 3722 pauci
2603 3654 2797 3704 essent
2825 3650 3113 3723 discipuli,
3137 3665 3255 3705 non
3285 3649 3513 3705 addidit

1859 3741 2035 3799 etiam
2105 3741 2454 3812 dignitatem
2499 3740 2632 3811 (xx)
2663 3739 2692 3794 ?
2724 3737 2959 3794 Addidit
3012 3739 3216 3812 utique
3275 3738 3516 3807 illis;at

1860 3846 1976 3886 non
2011 3830 2070 3885 in
2096 3845 2364 3895 numero,
2397 3829 2503 3885 sed
2537 3829 2596 3884 in
2639 3829 2868 3884 virtute.
2922 3828 3109 3892 Dedit,
3170 3828 3375 3899 inquit,
3433 3829 3516 3884 eis

1857 3925 2217 3989 potestatem,
2250 3918 2331 3974 ita
2359 3922 2420 3974 ut
2446 3933 2668 3988 paucos
2715 3917 2888 3972 etiam
2919 3917 3132 3973 dixerit
3179 3916 3334 3982 illos,
3393 3932 3516 3972 non

1862 4007 2186 4063 secundum
2217 4006 2514 4063 defectum
2539 4006 2794 4071 virtutis,
2829 4007 2933 4062 sed
2966 4005 3220 4061 numeri.
3250 4006 3515 4061 Primum

1863 4110 2005 4164 ergo
2017 4093 2322 4150 constituit
2346 4110 2448 4149 eos
2463 4095 2728 4150 medicos
2747 4110 3090 4166 corporum.
3107 4095 3516 4167 postmodum,

1865 4183 2025 4256 quod
2057 4183 2253 4253 majus
2282 4188 2389 4247 est,
2421 4183 2600 4238 etiam
2633 4182 2950 4238 committit
2989 4199 3219 4247 curam,
3253 4183 3520 4240 videlicet

1867 4272 2227 4328 animarum.
2263 4269 2584 4341 Ejiciebant
2617 4275 2816 4326 autem
2847 4270 3148 4328 daemonia
3185 4275 3244 4326 et
3270 4270 3518 4327 morbos

1788 4386 1835 4442 D
1867 4359 2160 4419 curabant
2194 4374 2300 4431 per
2323 4374 2545 4415 nomen
2575 4359 2805 4414 Christi.

1938 4449 2106 4507 Vers.
2130 4453 2184 4506 2.
2216 4447 2521 4506 Duodecim
2550 4455 2748 4506 autem
2775 4480 2843 4490 ——
2879 4448 3022 4518 ejus.
3054 4449 3204 4516 Quia
3231 4449 3307 4506 de
3349 4451 3520 4509 Petro

1398 4627 1415 4662 ¹
1448 4626 1651 4684 Matth.
1678 4644 1762 4694 ιιι⁹
1807 4632 1895 4685 t2.

1359 4748 1593 4820 Variae
1632 4750 1962 4821 lectiones
2003 4760 2069 4820 et
2107 4762 2319 4822 notae.

207 4885 294 4952 (1)
336 4885 463 4960 _Sic,
495 4899 617 4940 non
642 4885 1076 4960 κατεέριμμίνων,
1107 4892 1279 4946 recte.

209 4959 292 5028 (2)
335 4955 718 5028 ἐπισυρόμενοι,
759 4955 824 5014 Η.

209 4960 269 5020 (2
335 4959 674 5028 ἐπισυρόμενι

235 5031 268 5080 3
338 5031 583 5092 εἱοηται,
609 5030 674 5084 Α.

208 4959 294 5167 ξιξ
333 5083 473 5154 Νὸει
507 5098 674 5167 Euthj

133 5167 315 5222 etiam

213 5417 346 5482 (vv)
392 5417 475 5471 De
504 5417 850 5484 ventilabro,
881 5435 1041 5486 area,
1065 5421 1274 5479 tritico.

213 5487 362 5561 (xz)
409 5488 604 5548 Etiam
641 5491 1000 5562 dig-nitatem.
1039 5493 1227 5550 Etiam
1258 5492 1432 5553 alios.
1471 5496 1636 5554 Forte
1659 5513 1767 5571 pro

333 5098 473 5176 Non
494 5098 853 5176 lluthymius
890 5100 1104 5176 solum,
1134 5101 1248 5176 sed
1280 5099 1763 5176 Theophylaclue

351 5186 411 5240 p.
451 5172 514 5225 51
550 5173 611 5232 C,
635 5170 711 5243 de
739 5170 1033 5227 vocabulo
1060 5171 1224 5243 ὀλίγοι
1253 5170 1763 5234 ωοῑιθιιι.’Νοεοὶο

133 5242 571 5312 tamen,quam
594 5241 672 5297 ob
683 5257 1096 5307 causam,cum
1108 5241 1169 5299 in
1186 5249 1345 5302 textu
1361 5260 1482 5303 non
1512 5249 1766 5320 reperia-

1863 4899 1975 4950 tur.
2008 4894 2297 4952 Videntur
2325 4909 2466 4966 ergo
2491 4894 2778 4968 respicere
2809 4895 3014 4954 Matth.
3041 4913 3122 4968 rx,
3149 4899 3238 4954 37.
3277 4900 3404 4964 Quo
3435 4917 3528 4958 ar-

1909 4973 2146 5039 umento
2168 4982 2302 5022 vero
2334 4973 2527 5039 motus
2549 4969 3013 5039 Chrysostomus
3037 4971 3317 5026 Jacobum
3349 4971 3371 5039 [
3375 4976 3522 5028 tom.

1917 5037 1979 5111 ll.
2031 5053 2091 5111 p,
2139 5039 2242 5094 359
2290 5038 2378 5111 Β]
2424 5038 2646 5097 τελώνην
2666 5037 2942 5110 appellet
3009 5041 3236 5111 ignoro.
3327 5037 3524 5108 Forte,

1869 5107 2212 5182 quiatrater
2229 5107 2481 5182 Matthmi
2500 5113 2642 5167 erat.
2669 5107 3158 5182 Chrysostouium
3174 5117 3419 5170 secutus
3437 5107 3530 5171 est

1871 5177 2114 5255 Photius
2137 5180 2438 5255 inACatena
2473 5183 2692 5238 Possini
2712 5177 2799 5238 ad
2812 5185 2980 5238 Marc.
3017 5199 3076 5255 p.
3102 5185 3190 5238 50.

1942 5249 2020 5322 (ὅ)
2048 5249 2298 5323 ἐξέϐαλον,
2335 5255 2402 5308 A.

1874 5428 2079 5531 341:2.qu
2106 5427 2412 5501 legebatur
2457 5429 2660 5503 ἄλλόυς,
2693 5445 2724 5487 e
2753 5446 2875 5504 quo
2917 5430 3132 5490 deinde
3171 5431 3398 5490 factum
3442 5430 3532 5488 est

1878 5518 2024 5561 αςιαν
2039 5543 2052 5556 ,
