3990 6206
546 247 652 303 323

547 461 890 515 cedentibus
923 463 1142 524 docuit.
1177 464 1342 534 quod
1380 467 1566 520 secuti
1609 466 1820 524 fuerint
1877 469 2187 539 Christum,

542 547 616 602 de
643 548 770 602 aliis
821 566 958 605 vero
1018 551 1162 605 nihil
1220 552 1524 609 manifeste
1573 556 1825 626 scripsit,
1884 576 2037 616 nunc
2069 562 2192 618 illo-

539 651 672 691 rum
693 654 933 709 quoque
960 640 1208 696 nomina
1236 646 1515 707 recenset,
1545 650 1605 698 ut
1634 661 1699 699 ea
1729 662 2188 717 cognoscamus,

538 728 593 780 et
618 740 655 780 a
682 725 844 783 falsis
874 728 1153 799 apostolis
1196 729 1589 801 dijudicemus
1632 750 1645 799 ;
1678 735 1845 791 multi
1881 739 2041 793 enim
2069 739 2193 795 fue-

536 819 671 869 runt
694 815 1162 888 pseudapostoli.
1196 820 1312 873 Hoc
1353 824 1551 875 autem
1582 827 1639 877 et
1667 823 1900 880 Marcus
1921 833 1976 881 et
2003 829 2189 884 Lucas

535 900 825 959 fecerunt.

608 1078 875 1133 Primum
932 1096 1071 1136 vero
1118 1080 1267 1138 dixit
1317 1084 1571 1155 Petrum,
1631 1102 1751 1142 non
1809 1088 2005 1146 solum
2059 1096 2187 1148 tan-

534 1182 720 1238 quam
770 1169 1000 1224 Andrea
1030 1169 1208 1224 fratre
1240 1187 1348 1226 suo
1410 1177 1555 1227 natu
1610 1175 1919 1244 majorem,
1978 1196 2184 1238 verum

534 1256 708 1310 etiam
744 1262 1027 1326 tanquam
1067 1260 1295 1313 cmteris
1338 1261 1622 1316 omnibus
1658 1262 1936 1322 ﬁrmitate
1994 1270 2182 1325 excel-

533 1343 858 1399 lentiorem.
900 1346 1037 1401 Ideo
1082 1348 1256 1402 etiam
1306 1365 1523 1405 nomen
1581 1354 1779 1406 Petrus
1822 1355 1871 1408 ei
1913 1356 2181 1413 Christus

530 1432 853 1503 imponens,
882 1434 1029 1490 dixit
1062 1437 1279 1506 :Super
1309 1438 1455 1493 hanc
1482 1447 1709 1508 petram
1751 1443 2045 1512 mdiﬁcabo
2070 1447 2184 1503 Ec-

529 1520 749 1577 clesium
777 1538 960 1577 meam
993 1526 1035 1575 ³.

601 1610 790 1673 Quare
822 1616 1018 1666 autem
1079 1611 1310 1668 addidit
1341 1630 1353 1668 :
1388 1615 1482 1685 qui
1508 1615 1727 1671 dicitur
1755 1619 1962 1675 Petrus
1991 1621 2019 1674 ?
2050 1624 2178 1678 0m-

1871 251 2215 316 EUTHYMII
2254 258 2585 322 ZIGABENI
2664 223 2671 227 ’

546 376 605 426 et
647 366 899 437 Andrea,
945 366 1169 430 Jacobo
1217 376 1272 430 et
1311 373 1538 431 Joanne
1560 390 1629 432 ac
1666 378 1860 450 seipso
1929 381 1989 437 iu
2047 401 2194 455 pra»
2227 391 2267 441 Α

3793 287 3890 350 324

2307 391 2414 458 μὲν,
2465 396 2552 443 καὶ
2599 391 2871 469 Ἀνδρὲου,
2930 405 3018 452 καὶ
3068 401 3338 475 Ἰακώϐου,
3383 413 3470 461 καὶ
3521 411 3769 481 Ἰωάννου,
3804 425 3892 472 καὶ

2303 476 2482 529 ἑαυτοῦ
2560 483 2827 553 προλαϐὼν
2897 486 3158 557 ἐδιδαξεν,
3239 495 3315 545 ὅτι
3391 498 3749 559 ἠκολούθησαν
3820 517 3891 577 τῷ

2304 573 2535 639 Χριστῷ,
2569 577 2679 642 περὶ
2726 569 2783 625 δὲ
2832 584 2929 626 τῶν
2961 579 3122 629 ἄλλων
3152 579 3302 633 οὐδέν
3355 605 3406 637 τι
3438 595 3647 663 φανερὸν
3678 595 3887 665 ἔγραψε

2300 662 2387 704 νυν
2426 657 2694 729 καταλέγει
2740 670 2825 714 καὶ
2888 668 2951 715 τὰ
2999 670 3191 719 τούτων
3249 670 3494 743 ὀνόματα,
3539 678 3621 729 ἵνα
3667 700 3719 733 τε
3762 704 3890 752 7w»-

2298 744 2521 815 ρίζωμεν
2578 748 2783 813 αύτούς,
2834 758 2922 804 καὶ
2976 756 3059 806 ἵνα
3111 754 3453 833 διακρίνωμεν
3522 770 3729 830 τούτους
3790 771 3889 825 ἀπὸ

2299 840 2397 882 τῶν
2446 832 2905 903 ψευδαποστόλων.
2964 844 3215 915 Ἐγένοντο
3288 853 3385 924 γὰρ
3444 853 3619 908 πολλοὶ
3688 858 3887 927 ψευδα-

2298 921 2569 979 πόστολοι.
2624 932 2783 979 Τοῦτο
2835 926 2895 982 δὲ
2951 938 3039 984 καὶ
3088 937 3300 1009 Μάρκος
3346 944 3433 991 καὶ
3463 946 3673 1006 Λουκᾶς
3704 966 3888 1001 πεποι-

2298 1012 2481 1064 ἠκασα

2370 1104 2577 1171 Πρῶτον
2609 1098 2666 1154 δε
2709 1108 2793 1155 τόν
2822 1110 3010 1180 Πέτρον
3038 1112 3195 1179 εἶπεν,
3247 1114 3305 1165 ού
3359 1118 3510 1186 μόνον
3559 1122 3623 1182 ὡς
3656 1125 3887 1194 πρεσϐύ-

2294 1203 2437 1258 τερον
2498 1186 2743 1260 Ἀνδρέου
2798 1202 2889 1246 τοῦ
2944 1193 3168 1270 ἀδελφοῦ
3240 1202 3420 1272 αὐτοῦ,
3480 1207 3607 1260 ἀλλα
3674 1217 3761 1263 καὶ
3821 1218 3887 1275 ὡς

2594 1275 2973 1357 διαφορώτερον
3023 1284 3106 1338 ἐπὶ
3174 1293 3532 1364 σταθερὸτητι.
3624 1303 3708 1350 Διὸ
3801 1308 3885 1353 καὶ

2293 1364 2317 1413 6
2395 1370 2638 1436 Χριστὸς,
2707 1374 2894 1444 Πέτρον
2965 1374 3120 1426 αὐτὸν
3193 1380 3467 1451 ὀνομάσας,
3533 1383 3689 1438 εἶπεν·
3769 1390 3883 1443 Ἐπὶ

2289 1455 2447 1524 ταύτῃ
2539 1463 2600 1527 τῇ
2693 1461 2855 1531 πέτρᾳ
2945 1461 3283 1536 οἰκοδομήσω
3380 1489 3479 1543 μου
3577 1479 3671 1533 τὴν
3770 1480 3882 1531 Ἐκ-

2290 1539 2383 1596 κλη
2396 1548 2531 1596 σίαν.

2363 1636 2508 1681 Διατί
2571 1628 2630 1684 δέ
2705 1639 3041 1708 προσέθηκεν,
3104 1642 3182 1693 ὅτι
3234 1645 3259 1694 6
3308 1644 3570 1717 λεγόμενος
3645 1657 3879 1726 Πέτροςς

527 1697 670 1753 nino
687 1702 749 1753 ut
778 1698 1095 1766 discamus,
1124 1701 1286 1771 quod
1317 1702 1521 1758 Simon
1544 1705 1803 1775 primum
1826 1709 2169 1766 nominaba-

527 1788 620 1817 ιη’.
654 1803 666 1815 σ
701 1792 752 1817 ιιι
778 1794 833 1817 ηε
868 1802 995 1817 num
1034 1788 1109 1817 ιιι-ι
1134 1788 1309 1817 ..ΗΑ-,ι
1342 1791 1579 1817 c:_-..-
1606 1793 2037 1817 4:-n:___--____,
2142 1801 2169 1817 ,-

2744 1697 2752 1708 .
3031 1697 3038 1702 -
3368 1697 3381 1716 l
3427 1697 3434 1717 t
3473 1697 3569 1709 ""
3646 1697 3877 1726 "".'"’

2291 1720 2495 1777 Πάντως
2553 1722 2635 1771 ἵνα
2686 1726 2948 1795 μάθωμεν,
3004 1729 3084 1780 ὃτι
3137 1750 3192 1782 τε
3234 1738 3402 1804 Σιμων
3432 1736 3728 1808 ὠνομάζετο
3759 1750 3877 1817 πρός

526 1788 620 1840 tur
654 1803 666 1840 :
701 1792 837 1841 etut
867 1802 998 1841 eum
1032 1788 1110 1843 ab
1131 1788 1311 1845 altero
1341 1791 1581 1847 Simone
1602 1793 2176 1870 distinguamus,qui

526 1876 978 1944 cognominatur
1014 1876 1401 1933 Chananazus.

601 1961 757 2015 Vers.
788 1967 839 2015 ‘2.
874 1963 1113 2019 Jacobus
1136 1995 1201 2005 —
1230 1967 1418 2021 frater
1445 1970 1590 2037 ejus.
1625 1971 1909 2029 Iacobum
1943 1990 2177 2048 praepo-

526 2049 660 2112 suit,
696 2054 893 2119 utpote
940 2052 1171 2107 Joanne
1220 2061 1363 2109 natu
1422 2057 1912 2127 majorem;nam
1962 2065 2174 2121 virtute

522 2133 782 2191 Joannes
806 2138 1197 2207 praecellebat.

594 2224 754 2279 Vers.
804 2229 859 2280 3.
916 2226 1233 2295 Philippus
1294 2259 1355 2270 -
1410 2233 1856 2293 Bartholomreu
1916 2239 1981 2292 Hi
2039 2245 2174 2311 post

517 2312 832 2383 prwdictos
864 2314 1155 2371 Christum
1178 2318 1355 2373 secuti
1382 2323 1521 2374 sunt
1549 2337 1563 2387 ;
1590 2321 1725 2378 ideo
1752 2325 1930 2381 etiam
1949 2327 2065 2383 hoc
2086 2344 2172 2384 or-

519 2400 651 2455 dine
670 2406 1072 2457 numerantur.

591 2490 748 2542 Vers.
782 2489 832 2543 3.
866 2490 1108 2547 Thomas
1139 2523 1205 2532 ——
1227 2494 1598 2562 publicanus.
1622 2497 1855 2554 Marcus
1895 2506 1951 2557 et
1982 2503 2167 2560 Lucas

513 2578 852 2633 Matthaaum
893 2580 1133 2635 Thomaa
1156 2590 1605 2653 praeposuerunt
1637 2588 1680 2649 ³,
1714 2592 2000 2660 tanquam
2025 2597 2162 2647 ante

513 2679 651 2719 eum
690 2664 963 2721 effectum
991 2667 1343 2739 discipulum
1380 2687 1393 2728 :
1430 2673 1736 2729 Matthzeus
1767 2691 1905 2731 vero
1947 2678 2044 2733 hic
2076 2696 2164 2735 se-

511 2751 710 2823 ipsum
741 2753 1045 2810 modestiae
1083 2773 1266 2813 causa
1287 2758 1520 2828 dejecit.
1578 2764 1723 2817 Nam
1756 2763 1936 2819 etiam
1975 2766 2162 2837 publi-

513 2855 733 2896 canum
761 2858 891 2897 sese
922 2859 1156 2899 rursum
1196 2845 1255 2900 in
1290 2847 1599 2919 proprium
1628 2859 2028 2925 contemptum
2066 2873 2165 2928 ap-

510 2929 772 3000 pellavit.

583 3020 738 3125 Vers.
772 3022 827 3125 3:
865 3019 1124 3119 Jacobus
1150 3021 1514 3125 .Thaclflwu‘s.
1550 3024 1810 3082 Jacobus
1858 3029 1954 3086 hic
1984 3032 2163 3125 irater
2196 3070 2235 3125 ϐ

509 3109 629 3160 erat
667 3105 918 3161 Matthaai
962 3130 973 3171 ;
1010 3108 1301 3180 siquidem
1329 3112 1628 3169 Matthaaus
1667 3131 1906 3190 quoque
1935 3120 2163 3191 Alphzei

506 3193 663 3247 ﬁlius
694 3202 829 3261 erat,
865 3211 984 3251 non
1016 3196 1206 3251 solum
1238 3198 1425 3253 dictus
1452 3201 1776 3269 ltlatthaaus,
1807 3207 1984 3263 sedet
2008 3211 2158 3277 Levi,

513 3282 692 3344 Vidit,
734 3282 943 3354 inquit,
977 3284 1124 3339 Levi
1144 3286 1330 3355 ﬁlium
1359 3289 1591 3358 Alphei
1617 3292 1901 3350 sedentem
1930 3298 1992 3352 in
2017 3301 2162 3355 telo—

504 3371 603 3425 nz’o
633 3370 676 3425 ‘.
713 3372 896 3427 Lucas
939 3388 1076 3427 vero
1120 3373 1252 3429 loco
1302 3375 1446 3445 ejus,
1505 3378 1611 3449 qui
1668 3378 1760 3436 hic
1820 3382 2159 3441 Thaddaaus

504 3457 738 3527 dicitur,
771 3459 1070 3514 Simonem
1117 3462 1352 3517 Zeloten
1392 3463 1516 3519 sive
1560 3466 1963 3527 Chananaeum
2005 3475 2160 3529 ordi-

502 3546 727 3601 navit“.
751 3549 956 3602 Postea
982 3554 1176 3603 autem
1223 3550 1587 3607 Thaddasum
1648 3556 1953 3626 conjunxit
1993 3562 2158 3618 Judaa

504 3632 782 3714 lscarioti,
835 3640 888 3688 et
943 3634 1106 3689 hunc
1166 3637 1385 3692 Judam
1464 3640 1798 3698 nominavit
1852 3660 1866 3700 :
1914 3648 2153 3715 Judam,

501 3704 713 3791 inquit,
751 3721 954 3776 Jacobi
985 3724 1026 3786 ⁸,
1059 3727 1115 3777 et
1163 3724 1381 3779 Judam
1426 3726 1786 3785 Iscariotem.
1841 3704 2157 3807 Conjungit

502 3812 701 3862 autem
723 3808 832 3862 hos
872 3816 1114 3880 propter
1143 3812 1454 3867 nominum
1486 3814 1952 3876 similitudinem.

575 3985 699 4037 Duo
743 3984 940 4055 itaque
978 3985 1184 4041 Simon
1237 3987 1629 4047 dicebantur:
1666 3993 1890 4062 Simon,
1924 3999 2023 4070 qui
2056 4017 2154 4058 vo-

512 4070 762 4127 cabatur
811 4072 1036 4139 Petrus,
1079 4080 1135 4129 et
1166 4076 1367 4132 Simon
1416 4078 1656 4147 Zelotes,
1695 4083 1799 4154 qui
1838 4092 1893 4142 et
1932 4086 2155 4147 Chana-

499 4176 684 4214 nasus.
751 4163 875 4216 Duo
935 4162 1201 4218 similiter
1261 4180 1482 4222 nomen
1547 4168 1861 4239 habebant,
1898 4177 2153 4235 Jacobus

497 4254 655 4319 puta,
692 4249 945 4305 Jacobus
996 4250 1147 4306 ﬁlius
1195 4252 1483 4323 Zebedsei,
1517 4263 1571 4312 et
1601 4258 1858 4316 Jacobus
1924 4266 2151 4337 Alphaei

494 4336 673 4394 ﬁlius.
699 4340 822 4394 Duo
852 4355 1088 4411 quoque
1113 4342 1141 4395 J
1151 4342 1298 4398 udas
1325 4343 1697 4416 dicebantur,
1721 4350 1748 4401 J
1759 4353 1904 4407 udas
1925 4336 2149 4422 Jacobi,

495 4425 599 4497 qui
628 4432 683 4483 et
710 4408 952 4483 Lebaa—us
995 4408 1061 4484 et
1109 4430 1443 4487 Thaddaeus
1495 4440 1551 4489 et
1587 4408 1770 4493 Judas
1826 4408 2148 4500 Iscariotes:
2182 4408 2226 4462 Β

494 4512 714 4569 Verum
755 4522 997 4588 propter
1042 4520 1351 4575 nominum
1420 4520 1838 4582 similitudines
1920 4532 2151 4590 addunt

496 4603 876 4670 evangelista
916 4610 972 4661 et
1019 4605 1139 4662 alia
1175 4608 1531 4677 cognitionis
1562 4612 1783 4670 indicia
1836 4617 1915 4673 ad
1948 4620 2151 4679 distin-

499 4688 780 4745 ctionem.

566 4776 849 4834 Caeterum
890 4781 936 4834 si
986 4783 1176 4837 Lucas
1206 4791 1444 4858 propter
1470 4790 1783 4849 nominum
1811 4794 2149 4856 similitudi-

495 4879 633 4920 nem
674 4866 1039 4925 Thaddmum
1066 4871 1230 4929 ludas
1291 4874 1550 4932 Iscarioti
1582 4880 1910 4953 conjungit,
1959 4903 2148 4959 quare

492 4969 616 5010 non
664 4956 794 5023 pari
850 4957 1032 5013 modo
1065 4960 1367 5018 Simonem
1420 4965 1658 5022 Petrum
1713 4985 1850 5026 cum
1909 4956 2144 5035 Simone

494 5041 828 5101 Chananan
866 5046 1115 5119 ordinat,
1158 5054 1215 5106 et
1257 5066 1395 5107 cum
1436 5054 1657 5113 Jacobo
1706 5057 1827 5116 ﬁlio
1878 5062 2146 5124 Zebedaai

561 5220 583 5256 ³
612 5221 809 5290 Matth,
841 5240 950 5288 1m,
992 5225 1075 5291 18,
1154 5229 1175 5263 ³
1207 5231 1379 5297 Marc,
1413 5246 1491 5299 ιιι,
1522 5233 1588 5289 18
1619 5250 1633 5302 ;
1664 5232 1801 5294 Luc.
1835 5242 1911 5306 vi,
1945 5242 2027 5297 15.

2108 5246 2127 5281 ⁸
2152 5247 2327 5305 Marc.
2355 5266 2418 5321 ιι,
2451 5257 2532 5310 14.

2286 1824 2445 1877 τερον,
2481 1814 2569 1861 καὶ
2623 1811 2704 1861 ἵνα
2763 1810 3033 1887 διαστείλη
3091 1828 3269 1871 τοῦτον
3302 1820 3401 1875 ἀπὸ
3452 1833 3545 1877 τοῦ
3598 1829 3773 1902 ἑτέρου
3805 1841 3878 1885 Σι-

2284 1914 2468 1964 μωνος,
2502 1904 2589 1947 τοῦ
2612 1909 3122 1974 προσαγορευομένου
3148 1914 3449 1964 Κανανίτου.

2360 1984 2599 2046 Ἰάκωϐος
2625 2018 2691 2030 -—
2719 1990 2744 2038 6
2773 1987 2988 2061 ἀδελφὸς
3021 1994 3200 2049 αὐτοῦ.
3232 2000 3483 2069 Προέταξε
3505 2007 3588 2054 τὸν
3611 2005 3879 2077 Ἰάκωϐον,

2283 2073 2351 2130 ὡς
2381 2082 2471 2123 του
2511 2073 2746 2127 Ἰωάννου
2779 2078 3296 2157 πρεσϐυγενέστερον.
3337 2091 3459 2140 Κατ’
3502 2090 3689 2167 ἀρετὴν
3718 2100 3823 2173 γὰρ
3855 2102 3877 2150 6

2282 2160 2523 2222 Ἰωάννης
2554 2159 2772 2236 διέφερε,

2352 2250 2599 2311 Φίλιππός
2629 2283 2696 2292 -
2724 2255 3123 2327 Βαρθολομαῖος
3154 2263 3313 2314 Οὗτοι
3343 2268 3471 2336 μετὰ
3498 2272 3621 2330 τούς
3649 2272 3877 2348 προρρηο

2281 2337 2453 2398 θέντας
2483 2339 2841 2399 ἠκολούθησαν
2870 2352 2941 2415 τῷ
2974 2354 3208 2421 Χριστῷ.
3250 2356 3337 2404 Διό
3367 2360 3456 2407 καὶ
3487 2357 3654 2421 οὕτως
3685 2360 3875 2433 ἐτάγη.

2281 2443 2397 2479 σαν.

2350 2522 2543 2585 Θωμᾶς
2573 2547 2638 2557 -—
2670 2517 2907 2582 τελώνης.
2938 2525 3150 2597 Μάρκος
3175 2530 3265 2598 μὲν
3290 2533 3375 2582 καὶ
3412 2538 3615 2595 Λουκᾶς
3641 2540 3731 2588 τὸν
3765 2546 3877 2593 Μα-

2278 2604 2453 2654 τθαίον
2484 2608 2848 2678 προτεθείκασι
2884 2617 2974 2661 τοῦ
3029 2621 3212 2686 Θωμᾶ,
3269 2619 3337 2681 ὡς
3386 2624 3480 2693 πρό
3508 2623 3667 2675 αὐτοῦ
3692 2630 3872 2697 μαθη-

2277 2693 2535 2743 τενθέντα·
2571 2697 2833 2756 Ματθαῐος
2888 2695 2946 2750 δὲ
2979 2708 3067 2751 νῦν
3130 2717 3505 2779 μετριοφρονών
3553 2713 3877 2768 ύπεϐὶϐασεν

2276 2777 2473 2843 ἑαυτὸν,
2507 2780 2611 2833 ἐπεὶ
2642 2788 2729 2834 καὶ
2769 2785 2919 2837 πάλιν
2949 2788 3165 2848 τελώνην
3196 2792 3373 2846 ἑαυτὸν
3403 2795 3655 2866 ἐκάλεσεν,
3698 2804 3778 2865 εἰς
3808 2806 3877 2856 οἰ-

2275 2871 2414 2919 κείαν
2445 2867 2801 2930 ἐξουδένωτιν.

2347 3044 2587 3106 Ἰάκωϐος
2639 3079 2695 3091 ~
2734 3047 3029 3114 Θαδδαῖος.
3077 3055 3237 3118 Οὗτος
3283 3060 3309 3110 6
3359 3062 3593 3125 Ἰάκωϐος
3647 3064 3877 3142 ἀδελφὸς

2276 3128 2334 3188 ἦν
2380 3140 2469 3184 τοῦ
2509 3138 2801 3192 Ματθαίου.
2872 3146 2962 3193 Κοὶ
3008 3145 3108 3215 γὰρ
3154 3147 3229 3216 (6)
3280 3149 3305 3198 6
3354 3152 3609 3213 Ματθαῐος
3660 3157 3783 3221 υἱὸς
3821 3157 3877 3217 ἦν

2270 3228 2363 3271 τοῦ
2412 3222 2679 3294 Ἀλφαίον,
2766 3226 2824 3279 ού
2879 3233 3030 3300 μόνον
3068 3236 3320 3301 Nauteam,
3378 3236 3505 3292 ἀλλὰ
3564 3249 3652 3297 καὶ
3714 3253 3876 3311 Λευὶς

2271 3309 2659 3383 ὀνομαζόμενος.
2714 3311 2837 3367 Εῖδε
2883 3320 3004 3389 γὰρ,
3050 3326 3201 3391 φησὶ,
3257 3329 3430 3391 Λευὶν,
3488 3333 3575 3380 τὸν
3624 3343 3721 3385 τοῦ
3764 3336 3877 3388 Ἀλ-

2271 3401 2444 3467 φαίου,
2499 3402 2785 3472 καθήμενον
2857 3403 2939 3457 ἐπὶ
2982 3410 3039 3459 τὸ
3097 3409 3351 3471 τελώνιον,
3417 3415 3474 3467 Ὀ
3523 3414 3583 3472 δέ
3629 3428 3871 3489 Λουκᾶς,

2270 3482 2383 3536 ἀντὶ
2437 3490 2525 3557 μὲν
2578 3497 2670 3540 τοῦ
2721 3488 3018 3559 Θαδδαίου,
3074 3504 3160 3547 νῦν
3213 3504 3412 3571 Σίμωνα
3460 3508 3544 3556 τὸν
3592 3510 3875 3579 Zﬁmﬁw,

2270 3574 2393 3631 ἣτσι
2420 3578 2504 3626 τὸν
2538 3582 2823 3637 Κανανίτην
2852 3583 3021 3644 ἔταξεν
3058 3601 3069 3613 ·
3102 3586 3315 3661 ὕστερον
3364 3587 3422 3643 δὲ
3452 3596 3536 3645 τὸν
3583 3596 3877 3654 Θαδδαῖον

2270 3662 2565 3726 συνέζευξεν
2609 3663 2784 3739 Ἰούδᾳ
2834 3678 2905 3740 τῷ
2960 3671 3290 3748 Ἰσκαριωτη,
3335 3678 3539 3733 Ἰούδαν
3603 3691 3699 3739 καὶ
3750 3698 3878 3742 τοῦ-

2266 3767 2352 3801 τον
2377 3750 2624 3813 καλέσας.
2668 3753 2868 3808 Ἰούδαν
2905 3760 3027 3833 γὰρ,
3056 3767 3231 3832 φησὶν,
3267 3767 3512 3822 Ἰακώϐου
3535 3779 3623 3825 καὶ
3653 3776 3878 3831 Ἰούδαν

2271 3838 2626 3911 Ἰσκαριώτην.
2694 3845 2963 3909 Συνέξευξε
3009 3845 3068 3900 δὲ
3116 3856 3324 3915 τούτους
3374 3854 3469 3911 διὰ
3518 3865 3611 3919 τὴν
3665 3867 3879 3919 ὁαωνυ-

2263 3930 2407 3997 μίαν.
3697 3923 3709 3938 ⁸

2337 4013 2499 4068 Ὠστε
2530 4014 2626 4070 δύο
2654 4021 2745 4090 μὶν
2790 4018 2923 4079 ἦσαν
2971 4029 3186 4097 Σίμωνες
3227 4046 3239 4059 ·
3286 4037 3452 4105 Σίμων
3510 4038 3534 4088 6
3592 4039 3885 4115 λεγόμενος

2268 4106 2473 4176 Πέτρος,
2531 4111 2620 4158 καὶ
2682 4113 2847 4181 Σίμων
2908 4112 2934 4162 6
2994 4114 3254 4183 Ζηλωτὴς,
3301 4121 3326 4171 6
3387 4128 3476 4175 καὶ
3544 4132 3887 4194 Κανανὶτης’

2266 4187 2351 4242 δίο
2418 4190 2475 4245 δε
2538 4194 2772 4249 Ἰάκωϐοι
2826 4215 2840 4230 ⁶
2884 4198 3127 4265 Ἰάκωϐος
3186 4208 3210 4257 6
3263 4216 3353 4261 τοῦ
3403 4210 3720 4283 Ζεϐεδαίου,
3796 4228 3890 4274 καὶ

2264 4278 2520 4346 Ἰοίκλὸϐος,
2581 4284 2606 4334 6
2672 4293 2762 4336 τοῦ
2829 4287 3081 4359 Λλφαίου’
3143 4290 3238 4346 δύο
3294 4294 3600 4355 δεἸοῡδαν
3660 4306 3891 4371 Ἰούδας

2264 4367 2288 4417 6
2332 4368 2363 4419 Ἰ
2379 4369 2645 4435 κκκι)ϐου,ὁ
2686 4378 2773 4424 καὶ
2804 4375 3022 4438 Λεϐαῖος
3047 4385 3135 4432 καὶ
3184 4382 3477 4457 Θαδδαῖος,
3509 4396 3597 4445 καὶ
3664 4396 3892 4459 Ἰούδας

2262 4456 2287 4505 6
2328 4456 2683 4531 Ἰσκαριώτης.
2718 4467 2818 4514 Καὶ
2866 4460 2959 4517 διὰ
2989 4469 3079 4529 τὰς
3121 4472 3409 4545 ὁμωνυμίας
3462 4478 3646 4533 λοιπὸν
3711 4508 3896 4560 προσ-

2261 4546 2492 4596 τιθέασιν
2536 4550 2583 4598 οἱ
2636 4548 2999 4621 εύαγγελισταὶ
3029 4563 3117 4610 καὶ
3148 4560 3293 4633 ἔτερα
3340 4573 3696 4641 γνωρίσματα
3749 4582 3893 4651 πρὸς

2275 4628 2296 4651 θ
2456 4633 2471 4651 λ.
2498 4639 2508 4651 1
2621 4636 2633 4651 9
2680 4646 2700 4651 -.

2262 4628 2545 4693 διαστολὴν
2572 4636 2756 4694 αὐτῶν.

2330 4813 2430 4862 Καὶ
2482 4808 2564 4863 ἐὰν
2615 4810 2709 4867 διὰ
2736 4820 2829 4875 τὴν
2875 4819 3171 4895 ὁμωνυμίαν
3225 4826 3428 4882 Ἰούδαν
3458 4836 3545 4886 τὸν
3573 4838 3901 4899 Θαδδαῖον

2256 4894 2435 4970 Ἰούδᾳ
2516 4909 2589 4971 τῷ
2663 4902 2974 4981 Ἰσκαριώτη
3047 4915 3341 4979 συνέζευξεν
3383 4921 3408 4972 ὁ
3464 4929 3703 4991 Λουκᾶς·
3776 4944 3904 4996 πῶς

2255 4984 2381 5055 ούχὶ
2440 4993 2529 5042 καὶ
2591 4998 2662 5060 τῷ
2701 4998 2889 5065 Σίμωνι
2952 5004 3126 5075 Πέτρῳ
3175 5009 3380 5077 Σίμωνα
3432 5015 3520 5063 τὸν
3563 5020 3905 5082 [inrumpit-nr

2254 5076 2534 5140 συνάξευξε
2564 5096 2577 5148 ;
2606 5084 2692 5133 καὶ
2732 5081 2959 5159 Ἰακώϐῳ
3010 5098 3080 5162 τῷ
3132 5088 3222 5146 τοῦ
3268 5094 3572 5173 Ζεϐεδαίου,
3610 5106 3903 5167 Ἰαχωϐον

2610 5256 2783 5315 8an.
2815 5277 2891 5319 γι.
2926 5264 3014 5323 25.
3093 5270 3116 5307 ⁸
3147 5269 3291 5330 ibid.
3329 5277 3417 5331 16.

1680 5413 1907 5487 Variae
1935 5417 2258 5497 lectiones
2284 5437 2350 5497 et
2381 5439 2583 5506 notae.

556 5544 634 5623 (6)
673 5548 779 5617 καί,
808 5543 972 5609 addit
989 5552 1058 5611 Δ.
