3990 6206
185 201 264 264 325

185 334 245 382 τὸν
282 335 353 380 τοῦ
398 327 649 398 Ἀ)φα¹ἱου
684 342 700 390 ς

184 426 248 470 τοῦ
279 415 483 487 ἀδελφοῦ
537 415 722 479 αύτού,
773 413 1012 473 Ἰάκωϐος
1072 410 1129 466 δε
1175 416 1305 485 μετά
1352 414 1582 466 Ἰωάννου
1640 421 1730 464 τού

177 504 359 577 ἀδελφοῦ
389 505 552 556 αὑτοῦ
605 511 674 562 τῷ
704 510 918 575 Χριστῷ
950 501 1328 567 ἠκολούθησαν,
1362 507 1450 554 καὶ
1485 499 1592 554 ἔδει
1638 502 1730 553 αύ-

169 599 267 655 τούς
309 597 413 663 ἅμα
454 594 746 664 ταχθῆναι,
775 591 834 643 ού
862 595 1015 664 μόνον
1045 593 1112 652 ὡς
1145 587 1416 662 ἀδελφούς,
1471 589 1598 641 ἀλλὰ
1644 595 1732 642 καὶ

171 683 343 753 ὼςᾶμα
395 680 871 740 ἀκολουθήσαντας.
922 683 1022 732 Καὶ
1070 675 1212 730 διατί
1249 683 1320 750 μὴ
1371 683 1460 730 καὶ
1489 677 1732 740 Ἰάκωϐος

171 771 449 840 ὀἈλφαίου
480 778 554 820 τῶ
600 765 805 840 ἀδελφῷ
855 767 1013 819 αὐτοῦ
1059 769 1313 838 Ματθαίῳ
1358 771 1730 832 συντέτακταη

173 863 285 910 διότι
309 859 522 930 ὕστερον
559 853 708 918 οὗτος
733 856 1074 914 ἠκολούθησε.

225 1040 372 1105 Σίμων
431 1063 505 1074 —
563 1033 742 1090 αὐτόν.
797 1033 857 1085 Ὀ
933 1029 1163 1106 προδοὺς
1224 1032 1379 1085 αύτόν
1457 1039 1564 1095 τοῖς
1631 1032 1734 1085 ἐπι-

169 1123 314 1176 ϐουλεῦ
321 1143 374 1174 ον
383 1142 456 1176 σι.

222 1215 426 1270 Τούτους
477 1241 543 1250 -
599 1210 798 1271 αὐτοῖς.
855 1215 1040 1271 Ποίους
1086 1213 1339 1276 τούτους;
1396 1214 1523 1270 Τούς
1558 1209 1732 1277 ἁλιεῖς,

166 1307 264 1361 τοὺς
314 1300 543 1358 τελώνας.
607 1304 799 1373 Πέτρος
852 1301 942 1370 μὲν
996 1301 1117 1372 γάρ,
1177 1303 1266 1350 καὶ
1317 1296 1580 1370 Ἀνδρέας,
1651 1302 1734 1350 καὶ

1469 1389 1738 1448 Ματθαῖος

166 1473 212 1527 δε
260 1483 342 1527 καὶ
403 1475 666 1541 Ἰάκωϐος,
727 1477 753 1527 ό
815 1482 909 1527 τοῦ
962 1474 1230 1546 Ἀλφαίου,
1297 1473 1546 1526 τελῶναι·
1599 1477 1624 1526 ό
1679 1471 1738 1526 δὲ

166 1387 396 1448 Ἰάκωϐος,
478 1391 568 1439 καὶ
651 1389 898 1448 Ἰωάννης
966 1386 1125 1447 ἁλιεῖς
1199 1383 1376 1444 ἦσαν’

164 1571 341 1624 Λουκᾶς
385 1561 498 1616 εἷπε
541 1568 751 1617 καὶτὸν
795 1569 950 1616 τόπον
993 1561 1040 1614 ἐν
1167 1562 1352 1623 αὐτούς
1390 1563 1462 1624 εἰς
1505 1562 1739 1616 ἀποστο-

155 1747 260 1812 νξρος
350 1740 751 1815 προσεύξασθαι
801 1758 814 1770 ·
883 1746 972 1793 καὶ
1051 1737 1112 1798 ἦν
1199 1737 1602 1814 δίανυκτερεύων
1690 1742 1738 1794 ἐν

153 1837 250 1888 ταῖς
301 1829 381 1900 (7)
451 1835 782 1902 προσευχαῖς
858 1836 950 1880 τοῦ
1016 1835 1169 1884 Θεοῦ.
1237 1833 1336 1883 Καὶ
1396 1830 1477 1881 ὅτε
1549 1830 1739 1901 ἐγένετο

150 1920 321 1989 tunc,
405 1922 783 1988 προσεφώνησε
876 1921 995 1978 τοὺς
1080 1919 1320 1989 μαθητὰς
1394 1917 1575 1986 αύτού,
1651 1923 1741 1970 καὶ

145 2005 460 2077 ἐκλεξάμενος
519 2004 607 2056 ἀπ’
668 2005 839 2058 αὐτῶν
913 2001 1141 2070 δώδεκα,
1211 2005 1300 2066 οὓς
1355 2011 1444 2057 καὶ
1517 2004 1740 2059 ἀποστό-

144 2094 250 2154 ὶονς
297 2096 565 2166 ὠνόμασε,
617 2099 705 2145 καὶ
752 2097 818 2145 τὰ
871 2093 1000 2156 ἑξῆς.
1063 2093 1198 2146 Ἀλλ’
1245 2093 1304 2146 ού
1360 2099 1476 2146 τότε
1528 2097 1740 2158 τούτους

146 2181 426 2233 ἀπέστειλε.
496 2186 707 2255 Μάρκος
775 2179 836 2234 δέ
892 2201 1020 2253 φησι
1085 2186 1169 2233 καὶ
1226 2187 1434 2254 τρόπον,
1504 2183 1584 2234 ὅτι
1642 2187 1743 2236 Καὶ

145 2269 330 2342 ἤρξατο
388 2269 586 2328 αύτούς
660 2267 989 2321 ἀποστέλλειν
1041 2265 1138 2322 δύο
1184 2266 1281 2322 δύο
1311 2289 1322 2300 ·

142 2360 215 2426 (8)
243 2363 588 2431 παρηγορίαν
621 2355 869 2414 ἀλλήλων.

1391 2270 1595 2332 πάντως
1651 2268 1745 2324 διὰ

207 2450 392 2516 Λέγων
430 2478 503 2486 -
537 2446 774 2519 Ἰσραήλ.
832 2448 949 2499 Ἐπὶ
997 2449 1090 2509 τὰς
1123 2455 1222 2498 τῶν
1258 2444 1530 2500 Ἰουδαίων
1579 2449 1746 2511 πόλεις

141 2539 224 2585 καὶ
263 2543 457 2606 κώμας
509 2543 707 2606 πρῶτον
766 2538 955 2606 πέμπει
997 2539 1119 2596 τούς
1167 2538 1427 2607 μαθητὰς,
1483 2533 1748 2590 διδασκά-

139 2622 253 2683 λους
302 2628 400 2673 καὶ
467 2622 675 2693 ἰατρούς
713 2622 912 2685 αὐτοῖς,
967 2619 1212 2675 δεικνύων
1252 2627 1310 2676 τό
1357 2627 1486 2700 πρὸς
1531 2625 1748 2687 ἐκείνους

135 2711 257 2781 ὑπὲρ
305 2713 517 2772 πάντας
571 2711 800 2782 φᾶτρον,
845 2715 931 2763 καὶ
975 2715 1067 2768 τὴν
1115 2711 1400 2784 ὑπερϐολὴν
1448 2721 1538 2774 τῆς
1591 2711 1750 2773 κηδε-

131 2803 337 2868 μονίας,
377 2800 462 2849 ὅτι
503 2804 594 2850 καὶ
627 2798 961 2872 ὑϐριζόμενος
1021 2799 1107 2851 ὑπ’
1143 2799 1330 2869 αὐτῶν,
1370 2801 1428 2853 ού
1485 2821 1750 2873 μνησικα-

130 2895 210 2938 κεῖ
239 2890 478 2948 τούτοις,
521 2885 651 2939 ἀλλά
691 2885 907 2940 σπεύδει
935 2893 1091 2940 παντὶ
1137 2892 1312 2962 τρόπῳ
1362 2885 1606 2963 διορθοῦν
1659 2896 1750 2943 καὶ

131 2977 444 3047 θεραπεύειν
535 2976 749 3037 αύτούς.
840 2980 926 3028 Διό
1011 2981 1098 3028 καὶ

142 3063 578 3135 ἀπεσταλμένους
626 3064 867 3134 ἅψασθαι
917 3073 1011 3127 τῆς
1048 3069 1176 3139 πρὸς
1221 3067 1288 3118 τά
1329 3068 1445 3124 ἔθνη
1496 3071 1755 3143 φερούσης

145 3148 308 3204 ὁδούο
372 3152 567 3204 κελεύει
631 3149 710 3216 δὲ,
767 3149 906 3224 μηδὲ
959 3161 1019 3224 τῇ
1081 3153 1225 3206 πόλει
1277 3163 1376 3207 τῶν
1430 3163 1754 3231 Σαμαρειτῶν

143 3237 516 3311 ἐπιδημῆσαι,
571 3246 808 3311 κειμένην
869 3240 1060 3312 μεταξύ
1122 3251 1222 3293 τῶν
1291 3239 1594 3296 Ἰουδαϊκῶν
1667 3249 1757 3298 πόο

143 3328 283 3378 λεων.
337 3333 444 3380 Καὶ
505 3330 553 3378 οἱ
605 3335 918 3402 Σαμαρεῖται
965 3332 1085 3402 γὰρ,
1134 3330 1187 3393 ἐξ
1239 3332 1482 3404 ἡμισείας
1537 3329 1758 3387 Ἰουδαῖ-

145 3416 344 3487 ζοντες,
393 3420 640 3478 ἐναντίως
685 3421 815 3488 πρὸς
848 3421 970 3480 τοὺς
1011 3415 1301 3482 Ἰουδαίους
1353 3417 1622 3477 διέκειντο.
1660 3429 1759 3477 Καὶ

142 3507 488 3576 πανταχόθεν
520 3504 798 3578 ἐμφράττει
827 3508 893 3558 τά
922 3513 1159 3579 στόματα
1201 3518 1300 3561 τῶν
1353 3508 1678 3584 ἀχαρίστων,
1717 3514 1761 3566 εἰ

139 3598 242 3660 καὶ,
296 3594 520 3644 πάντων
571 3592 657 3643 ὑπ’
697 3593 855 3645 αύτού
907 3598 1326 3667 προτιμηθέντες,
1378 3601 1580 3651 πάντων
1626 3601 1760 3673 μᾶλ-

131 3679 218 3732 λον
269 3681 438 3732 αὑτὸν
495 3681 786 3751 ἠτίμασαν.
860 3681 1104 3754 Πρόϐατα
1152 3682 1210 3736 δὲ
1264 3684 1566 3740 ἀπολωλότα
1617 3693 1760 3742 οἴκου

133 3769 360 3840 Ἰσραήλ
418 3771 638 3830 τούτους
692 3770 977 3841 ὠνόμασεν,
1034 3771 1263 3833 εἰκότως.
1340 3775 1585 3848 Πρόϐατα
1647 3782 1759 3850 μὲν,

135 3860 207 3918 ὡς
259 3860 368 3909 ὑπὸ
434 3865 574 3909 Θεοῦ
627 3857 784 3908 πάλαι
837 3865 1266 3932 ποιμαινομένους
1304 3880 1316 3893 ’
1375 3863 1433 3916 Ὀ
1481 3872 1763 3938 ποιμαίνων

347 3950 512 4017 φησὶ,
589 3949 675 3996 τὸν
741 3947 974 4020 Ἰσραὴλ,
1042 3954 1274 4023 πρόσχες
1330 3950 1630 4006 ἀπολωλότα
1683 3951 1762 4019 δε,

146 4029 236 4085 διὰ
306 4039 367 4085 τό
431 4032 567 4085 εἶναι
629 4034 814 4095 αύτούς
875 4034 1212 4109 ἐσκυλμένους
1263 4044 1352 4093 καὶ
1415 4040 1762 4116 ἐρριμμένους,

149 4125 208 4183 ὡς
266 4128 596 4197 προείρηται
627 4141 641 4154 ·

138 3949 265 4017 γάρ.

699 4127 844 4176 οἴκου
911 4122 970 4177 δε
1023 4127 1257 4202 Ἰσραὴλ,
1305 4132 1374 4191 ὡς
1413 4130 1763 4200 Ἰσραηλίτας.

147 4213 303 4264 Ούτω
339 4208 402 4264 δε
452 4215 888 4286 προσαγορεύσας
916 4218 1035 4276 τοὺς
1080 4213 1388 4282 Ἰουδαίους,
1423 4219 1638 4292 ἐπράϋνε
1680 4223 1768 4272 τόν

150 4303 321 4372 hair:
371 4309 484 4351 τῶν
535 4301 805 4371 μαθητῶν,
865 4308 954 4356 καὶ
999 4305 1282 4377 σπλάγχνα
1330 4309 1532 4370 τούτοις
1581 4308 1770 4381 μᾶλλον

151 4388 462 4459 ἐπιμελείας
498 4387 715 4441 ἇνέϐαλε.

231 4483 593 4550 Πορευόμενοι
642 4509 713 4518 -
757 4478 1001 4554 ούρανῶν.
1059 4480 1306 4554 Ἤγγικεν
1357 4486 1386 4542 ἡ
1447 4482 1494 4536 ἐν
1542 4484 1776 4558 οὐρανοῖς

155 4563 494 4630 ἀπόλαυσις,
564 4570 824 4633 τουτέστι,
892 4569 1014 4642 παρ’
1070 4571 1192 4641 ὑμῖν
1249 4570 1406 4638 ἔστιν,
1464 4572 1548 4624 ἐὰν
1603 4573 1777 4633 θελητε

151 4655 341 4708 λαϐεῖν
404 4655 598 4712 αὑτήν.
660 4656 907 4725 Λὴψεσθε
958 4654 1017 4710 δὲ
1066 4658 1249 4725 αὐτὴν,
1306 4664 1632 4724 πιστεύοντες
1689 4668 1779 4716 καὶ

152 4747 254 4802 τὰς
337 4741 554 4803 ἐντολὰς
619 4742 974 4813 φυλάττοντες.
1027 4752 1339 4819 ῐῑροείρηται
1406 4745 1466 4801 δε
1523 4747 1781 4824 διαφόρως

153 4837 284 4906 περί
337 4838 443 4891 τῆς
485 4829 757 4902 βασιλείας
797 4840 898 4883 τῶν
941 4832 1169 4906 οὐρανῶν
1218 4834 1266 4887 ἐν
1309 4844 1380 4908 τῷ
1419 4837 1577 4912 τρὶτω
1625 4857 1780 4911 κεφα-

149 4919 320 4990 λαίῳ,
359 4924 460 4970 καὶ
507 4923 619 4991 χρὴ
665 4917 877 4972 κάκεῖνα
915 4928 1208 4993 γινώσκειν,
1260 4929 1348 4978 καὶ
1394 4927 1784 5002 προσαρμόζειν

146 5013 214 5063 τὸ
249 5004 464 5062 δοκοῦν
495 5012 932 5086 προσφυέστερον.

231 5164 260 5199 τ
301 5163 452 5217 Luc.
485 5175 563 5228 vr,
598 5160 692 5218 t2.
813 5162 834 5197 ³
859 5164 1126 5232 Maron,
1159 5165 1218 5225 7.

1079 197 1455 256 COMMENT.
1505 199 1578 254 ΙΝ
1622 185 2067 253 ΜΑΤΤΗΕΠΜ.
2116 228 2183 237 -
2223 189 2382 251 CAP.
2423 187 2491 250 X.

750 329 891 377 Διότι
940 329 1133 400 Πέτρος
1168 327 1258 396 μὲν
1307 327 1436 396 μετὰ
1486 322 1730 398 Ἀνδρέου

1869 322 2125 380 acobum
2153 321 2386 394 Alphaai
2421 319 2632 376 filium.
2677 319 2826 385 Quia
2853 317 3058 375 Petrus
3087 331 3224 374 cum
3254 319 3492 376 Andrea

3383 197 3490 251 326

1842 411 2012 467 fratre
2072 427 2204 480 suo,
2261 417 2316 466 et
2365 409 2624 465 Jacobus
2679 424 2803 463 cum
2855 411 3084 464 Joanne
3140 407 3316 464 fratre
3382 423 3492 462 suo

1843 500 2135 555 Christum
2190 497 2373 555 secuti
2429 503 2569 555 sunt
2614 513 2625 550 :
2683 503 2738 553 et
2795 498 3103 569 oportebat
3159 513 3261 552 eos
3315 494 3492 550 simul

1843 587 2125 653 ordinari,
2162 603 2282 643 non
2317 587 2512 643 solum
2557 585 2700 658 quia
2729 585 2957 652 fratres,
2993 585 3100 641 sed
3142 585 3320 640 etiam
3351 584 3495 657 quia

1844 676 2020 732 simul
2068 675 2251 732 secuti
2301 674 2551 731 fuerant.
2609 673 2722 730 Sed
2789 691 2972 746 quare
3047 690 3166 729 non
3227 673 3495 728 similiter

1843 765 2102 822 Iacobus
2157 763 2379 836 Alphaai
2426 763 2582 818 ﬁlius
2632 779 2768 819 cum
2829 764 3099 820 Mattltaao
3144 761 3324 819 fratre
3383 777 3494 818 suo

1845 855 2200 924 conjunctus
2252 851 2282 907 ‘P
2375 851 2525 917 Qu-ia
2598 851 2693 908 ille
2791 853 3175 924 postmodum
3257 856 3493 907 secutus

1845 946 1954 998 est.

1914 1033 2075 1085 Vers.
2107 1031 2160 1084 4.
2189 1029 2378 1085 Simon
2398 1059 2467 1069 —-
2496 1029 2690 1084 illum.
2741 1028 3006 1085 Tradidit
3045 1029 3211 1085 illum
3250 1028 3495 1085 insidia-

1846 1118 2090 1175 toribus.

1915 1210 2075 1262 Vers.
2109 1207 2160 1262 5.
2206 1207 2328 1262 Hos
2375 1235 2442 1247 —
2473 1206 2571 1262 eis.
2626 1206 2844 1270 Quales
2870 1205 2980 1261 hos
3009 1205 3036 1260 ?
3067 1206 3395 1262 Piscatores
3442 1210 3500 1261 et

1845 1295 2191 1368 publicanos
2220 1311 2230 1347 :
2262 1294 2551 1365 siquidem
2584 1295 2788 1349 Petrus
2819 1300 2874 1350 et
2894 1295 3184 1359 Andreas,
3242 1293 3500 1350 Jacobus

1845 1387 1902 1439 et
1928 1383 2186 1438 Joannes
2208 1383 2531 1453 piscatores
2555 1387 2720 1437 erant
2757 1399 2768 1435 :
2806 1382 3104 1437 Matthaaus
3130 1389 3183 1438 et
3215 1382 3498 1450 Iacobus,

1845 1471 2066 1541 Alphaei
2097 1471 2220 1539 lilii,
2271 1470 2596 1542 publicani.
2634 1471 2820 1526 Lucas
2846 1487 2987 1526 vero
3013 1471 3213 1526 locum
3259 1484 3502 1542 quoque

1845 1560 2010 1622 dixit,
2044 1561 2103 1614 in
2133 1575 2254 1630 quo
2275 1559 2441 1629 ipsos
2469 1559 2545 1614 ad
2577 1559 2977 1630 apostolatum
3011 1559 3363 1628 segregavit.
3411 1558 3505 1614 Ait

158 1652 235 1710 λέν
297 1652 578 1725 ἀφώρισεν.
641 1655 828 1725 Εῖρηκε
881 1654 1004 1725 γὰρ,
1069 1653 1150 1704 ὄτι
1231 1651 1468 1714 Ἐξῆλθεν
1538 1652 1609 1714 εἰς
1679 1656 1737 1705 τό

1867 1649 2002 1704 :nim
2034 1648 2193 1719 quod
2239 1647 2516 1718 Egressus
2545 1654 2623 1703 est
2670 1647 2733 1702 in
2775 1653 3028 1703 montem
3077 1648 3450 1703 adorandum
3485 1661 3498 1701 :

1847 1743 2092 1808 eratque
2117 1743 2466 1805 pernoctans
2499 1736 2561 1791 in
2579 1736 2850 1792 oratione
2861 1737 2968 1792 Dei
2979 1781 2991 1793 .
3019 1736 3278 1808 Cumque
3292 1737 3504 1805 factus

1848 1832 1982 1882 esset
2013 1824 2149 1893 dies,
2185 1824 2487 1880 advocavit
2515 1824 2838 1892 discipulos
2867 1839 3016 1894 suos,
3060 1829 3114 1880 el
3161 1823 3328 1895 elegit
3357 1824 3502 1879 duo-

1847 1913 2030 1969 decim
2060 1929 2132 1969 ετ
2159 1915 2259 1977 eis,
2291 1927 2438 1984 quos
2470 1919 2521 1968 et
2575 1913 2865 1982 apostolos
2893 1912 3208 1968 nominavit
3239 1913 3281 1973 ⁷,
3314 1916 3370 1966 et
3393 1927 3504 1966 cas-

1850 2005 1992 2058 tera.
2031 2002 2249 2057 Verum
2281 2017 2401 2056 non
2428 2000 2574 2056 dixit
2600 2000 2845 2072 quando
2872 2017 2975 2056 eos
3015 2001 3234 2056 emisit.
3279 2000 3506 2054 Marcus

1849 2095 2044 2146 autem
2093 2089 2344 2144 modum
2375 2104 2616 2161 quoque
2646 2089 2804 2155 dicit,
2850 2088 3013 2161 quod
3054 2089 3224 2160 Crepil
3247 2104 3339 2144 eos
3379 2089 3508 2143 mit-

1851 2185 1966 2236 tere
1979 2177 2189 2234 binos”:
2203 2178 2450 2234 omnino
2463 2181 2707 2250 propter
2719 2182 2990 2234 mutuam
3009 2176 3504 2234 consolationem.

1925 2445 2088 2500 Vers.
2124 2449 2176 2501 5.
2207 2443 2416 2500 Dicens
2447 2473 2513 2482 —
2538 2443 2694 2498 Vers.
2729 2447 2781 2498 6.
2813 2442 3022 2498 Israel.
3057 2443 3146 2498 Ad
3171 2442 3510 2499 Judmorum

1856 2532 2118 2588 civitates
2162 2535 2218 2586 et
2266 2531 2432 2586 vicos
2489 2529 2740 2602 primum
2814 2529 2989 2585 mittit
3044 2529 3389 2602 discipulos,
3448 2536 3512 2586 ut

1857 2621 1972 2676 sint
2005 2620 2120 2676 illis
2147 2620 2208 2675 in
2237 2619 2553 2688 magistros
2583 2635 2653 2675 ac
2685 2617 2971 2683 medicos,
3001 2619 3346 2683 ostendens,
3387 2619 3508 2673 vim

1857 2708 2100 2778 amoris,
2119 2723 2301 2780 quem
2315 2707 2392 2763 ad
2413 2707 2547 2762 illos
2566 2723 2688 2780 prae
2706 2706 2990 2762 omnibus
3011 2705 3291 2772 habebat,
3329 2707 3514 2779 quod-

1857 2814 1974 2870 que
2004 2813 2188 2868 supra
2211 2797 2460 2852 modum
2485 2812 2685 2852 curam
2715 2794 2950 2851 illorum
2967 2801 3212 2868 gereret,
3232 2795 3514 2866 quoniam

1859 2887 2091 2958 injuriis
2142 2885 2220 2941 ab
2269 2884 2356 2941 eis
2396 2885 2711 2958 appetitus,
2770 2885 3004 2940 illarum
3047 2900 3166 2940 non
3221 2883 3511 2949 meminit,

1195 2975 1379 3029 κωλύει
1465 2981 1554 3050 μὲν
1637 2983 1751 3040 τοὺς

1867 2975 1965 3030 sed
2010 2974 2177 3028 omni
2205 2974 2381 3029 modo
2437 2974 2729 3044 corrigere
2772 2989 2874 3029 eos
2924 2989 2991 3029 ac
3036 2988 3251 3029 sanare
3291 2972 3515 3029 nititur.

1863 3063 2000 3119 Ideo
2029 3077 2272 3134 quoque
2298 3061 2452 3127 illos,
2485 3077 2640 3133 quos
2669 3061 2889 3127 emisit,
2917 3061 3078 3117 viam
3102 3077 3235 3133 quia
3277 3061 3353 3117 ad
3383 3076 3520 3129 gen-

1864 3158 1950 3209 tes
1986 3151 2166 3207 ducat
2193 3155 2437 3219 tangere
2468 3149 2761 3221 prohibet.
2803 3149 2979 3204 Jubet
3008 3149 3186 3205 etiam
3216 3165 3292 3204 ne
3331 3150 3408 3205 ad
3446 3149 3526 3204 ci-

1865 3241 2106 3296 vitatem
2135 3238 2646 3294 Samaritanorum
2693 3237 3000 3299 accedant,
3053 3252 3188 3307 quae
3234 3236 3342 3291 sita
3399 3240 3526 3292 erat

1865 3329 2017 3386 inter
2039 3328 2382 3382 Judmorum
2404 3327 2689 3381 civitates.
2716 3323 3014 3396 Siquidem
3031 3323 3393 3379 Samaritani
3415 3340 3526 3395 pro

1866 3415 2118 3473 dimidia
2146 3420 2312 3488 parte
2335 3414 2710 3470 Judaismum
2730 3417 3055 3479 servantes,
3071 3411 3306 3467 inimico
3323 3412 3528 3468 animo

1867 3507 1945 3564 ad
1973 3506 2214 3561 Judaeos
2251 3503 2446 3560 affecti
2491 3506 2684 3560 erant.
2743 3501 2808 3556 Et
2859 3501 3124 3573 undique
3154 3500 3525 3570 ingratorum

1867 3595 2099 3668 oppilat.
2127 3609 2271 3658 ora;
2313 3607 2659 3665 quanquam
2709 3605 2893 3662 supra
2933 3605 3146 3645 omnes
3192 3589 3270 3646 ab
3309 3605 3378 3645 eo
3427 3589 3530 3645 ho-

1868 3683 2080 3751 norati,
2110 3683 2310 3755 ipsum
2349 3696 2532 3753 supra
2587 3695 2799 3735 omnes
2845 3678 3073 3734 honore
3120 3678 3526 3749 privaverunt.

1871 3775 2019 3830 Oves
2055 3775 2258 3828 autem
2315 3768 2580 3842 perditas
2627 3767 2844 3823 domus
2875 3766 3054 3822 Israel
3101 3767 3311 3822 merito
3361 3767 3526 3838 ipsos

1870 3861 2244 3927 nominavit;
2286 3875 2426 3914 oves
2454 3857 2726 3930 quidem,
2769 3860 2968 3928 utpote
2998 3871 3154 3927 quos
3201 3854 3344 3911 olim
3381 3857 3534 3909 Deus

1871 3951 2170 4023 pascebat.
2217 3947 2332 4014 Qui
2392 3946 2609 4016 pascis,
2668 3943 2880 4016 inquit,
2950 3944 3156 4009 Israel,
3208 3944 3534 4008 intende’;

1873 4037 2134 4112 perditas
2157 4051 2318 4099 vero,
2348 4051 2417 4090 eo
2449 4035 2614 4106 quod
2644 4033 2941 4088 destitutze
2970 4037 3168 4086 essent
3197 4047 3268 4086 ac
3315 4030 3544 4102 disper-

1875 4144 1976 4190 sae,
2009 4130 2073 4180 ut
2096 4122 2448 4195 praedictum
2501 4126 2608 4176 est.
2669 4122 2894 4176 Domus
2937 4119 3111 4175 etiam
3137 4119 3347 4184 Israel,
3399 4122 3543 4188 puta

1876 4212 2194 4271 Israelitas.
2228 4211 2313 4266 Ita
2342 4215 2530 4265 autem
2567 4209 2809 4264 Iudaeos
2853 4206 3186 4279 appellans,
3214 4203 3534 4275 discipulo-

1878 4319 2013 4360 rum
2054 4301 2205 4357 iram
2257 4298 2567 4369 mitigabat
2598 4313 2612 4352 :
2640 4300 2696 4353 et
2728 4295 2931 4369 potius
2971 4295 3072 4367 pia
3104 4308 3258 4349 curae
3309 4290 3544 4347 viscera

1881 4392 2026 4466 ipsis
2063 4387 2445 4446 iromittebat.

1955 4482 2113 4536 Vers.
2152 4479 2206 4532 7.
2254 4477 2478 4532 Euntes
2508 4505 2576 4516 -—
2623 4475 2920 4533 calorum.
2948 4473 3129 4526 Instat
3183 4466 3380 4525 fruitio
3415 4483 3546 4540 quin

1884 4569 2138 4626 habetur
2193 4566 2253 4621 in
2279 4564 2464 4629 caelis,
2504 4563 2619 4620 hoc
2662 4567 2767 4626 est,
2795 4561 2957 4632 apud
3009 4575 3119 4615 vos
3145 4562 3253 4626 est,
3308 4557 3357 4613 si
3410 4572 3549 4615 eam

1887 4658 2156 4730 accipere
2184 4654 2521 4719 volueritis;
2574 4651 2860 4722 accipere,
2893 4649 3156 4721 inquam,
3191 4647 3383 4714 illam,
3428 4663 3552 4704 cre-

1889 4748 2092 4804 dentes
2145 4751 2202 4801 et
2254 4747 2542 4816 praecepta
2579 4744 2904 4797 servantes.
2964 4738 3157 4794 Tertio
3211 4742 3414 4794 autem
3458 4753 3554 4794 ca-

1891 4836 2008 4910 pite
2037 4834 2112 4891 de
2136 4847 2322 4903 regno
2352 4831 2642 4888 caelorum
2672 4828 2918 4900 pulchre
2962 4827 3189 4883 dictum
3224 4831 3330 4882 est.
3367 4827 3554 4898 Opor-

1892 4928 1973 4981 tet
1995 4939 2136 4997 ergo
2165 4927 2222 4978 et
2248 4920 2349 4978 illa
2367 4934 2568 4987 nosse,
2596 4922 2652 4975 et
2675 4916 2816 4974 inde
2836 4915 3126 4989 adaptare
3160 4914 3327 4988 quod
3350 4912 3554 4986 aptius

1895 5012 2214 5070 videbitur.

1337 5167 1358 5203 ⁹
1388 5166 1539 5224 Psal.
1579 5183 1779 5234 Lxxrx,
1819 5167 1876 5225 t.

1415 5316 1641 5388 Varias
1674 5317 2004 5389 lectiones
2045 5326 2111 5385 et
2129 5326 2328 5385 notae.

249 5482 340 5560 (Ἰ)
373 5489 441 5559 τῇ
470 5490 749 5562 προσευχῇ
783 5489 851 5556 Α,
883 5488 946 5545 ut
981 5483 1180 5546 editur
1205 5487 1372 5563 apud
1396 5489 1643 5549 Lucam.

1985 5489 2062 5564 (8)
2095 5487 2216 5546 Hoc
2250 5483 2504 5547 refertur
2529 5483 2610 5546 ad
2635 5480 2736 5541 δύο
2764 5478 2888 5544 δύο,
