3990 6206
54 114 109 147 μευ

56 142 131 203 ίῖε

42 228 131 275 ft}.

16 432 83 477 ,ζ’

8 590 69 645 1η.

0 648 37 683 ξι
70 684 73 687 ,
104 676 113 683 ι

504 234 610 288 327
1816 210 2159 282 EUTHYMIl
2213 208 2541 282 ZIGABENI
3752 234 3851 287 328

579 357 741 413 Vers.
783 358 834 410 8.
872 356 1125 423 lnﬁrmos
1155 386 1220 395 —
1246 354 1389 408 date.
1427 352 1592 408 Dedit
1615 352 1725 407 illis
1778 352 2027 421 gratiam
2058 368 2149 407 sa-
2185 353 2230 405 A

508 446 795 500 nitatum:
828 451 889 499 ut
932 444 1034 515 qui
1066 442 1468 515 prmdicationi
1530 457 1644 495 non
1673 440 1996 502 crederent,
2045 440 2148 494 sul-

510 542 625 591 tem
679 534 979 591 miraculis
1020 533 1478 588 adducerentur.
1537 528 1727 585 Simul
1792 536 1849 585 et
1897 546 1998 585 eos
2052 546 2153 601 per

508 624 701 695 ipsam
751 622 1138 693 promptiores
1194 621 1269 676 ad
1326 619 1810 690 praedicationem
1869 618 2032 673 facit.
2076 622 2153 672 Ne

506 719 706 768 autem
732 711 1087 766 extollantur
1134 709 1303 780 quasi
1364 724 1582 777 magna
1629 713 1995 779 praestantes,
2052 711 2152 761 aut

506 808 767 856 terrenas
806 805 1077 870 quaerant
1127 797 1557 861 retributiones,
1597 796 1912 866 prmmunit
1966 796 2148 865 ipsos,

505 891 711 945 dicens
744 910 755 948 :
792 889 986 943 Gratis
1020 886 1332 958 accepistis
1362 902 1397 940 a
1449 901 1532 939 me
1587 885 1839 953 gratiam
1872 884 2025 939 hanc
2067 900 2156 937 sa-

505 980 781 1044 nitatum,
822 977 982 1032 nullo
1033 980 1227 1030 vestro
1268 974 1631 1045 praecedente
1678 972 1923 1036 labore;
1976 974 2155 1041 gratis

503 1068 640 1124 date
670 1082 771 1122 eas
803 1064 1162 1129 hominibus,
1214 1062 1358 1117 nihil
1399 1060 1723 1132 temporale
1756 1061 1833 1117 ab
1877 1060 2021 1131 ipsis
2073 1076 2158 1115 re-

504 1156 826 1228 quirentes.
880 1151 1197 1207 lntendens
1255 1155 1475 1212 autem,
1524 1155 1585 1203 ut
1634 1150 1762 1203 haec
1819 1148 2156 1219 incorrupte

504 1247 757 1307 servent,
805 1240 975 1311 jubet
1018 1256 1091 1294 ne
1124 1242 1408 1309 praetextu
1453 1237 1623 1291 etiam
1665 1236 1776 1291 vite
1820 1236 2157 1307 quidquam

508 1331 827 1402 accipiant.
861 1329 950 1383 Ait
978 1328 1139 1382 enim
1174 1343 1185 1379 :

571 1421 731 1475 Vers.
770 1422 827 1474 9.
865 1416 1058 1473 Nolite
1082 1446 1151 1456 —
1170 1429 1341 1470 zonas
1369 1419 1614 1470 vestras.
1636 1412 1804 1469 Moris
1830 1411 1992 1467 enim
2028 1415 2155 1468 erat

500 1508 594 1564 his
626 1508 727 1579 qui
759 1523 864 1577 per
902 1505 1059 1559 viam
1122 1503 1569 1573 gradiebantur,
1619 1517 1937 1557 crumenas
2008 1500 2156 1555 ferre

502 1598 662 1652 zonis
692 1610 1010 1667 appensas,
1042 1594 1101 1647 in
1152 1592 1371 1662 quibus
1403 1605 1889 1646 mreosnummOs
1968 1588 2157 1644 habe-

499 1684 667 1740 bant.
711 1686 815 1737 Dat
864 1686 1061 1737 autem
1117 1678 1377 1750 primum
1439 1676 1747 1747 discipulis
1788 1676 1980 1745 legem
2035 1692 2153 1747 per-
2196 1696 2233 1747 Β

500 1773 662 1827 fectu:
700 1770 939 1841 inopiae,
1002 1766 1203 1823 volens
1254 1772 1476 1821 utnon
1532 1766 1727 1819 solum
1780 1764 1909 1819 sine
1966 1765 2153 1834 suspi-

502 1862 688 1924 cione,
720 1859 822 1913 sed
862 1859 1038 1912 etiam
1089 1856 1147 1909 in
1188 1855 1580 1910 admiratione
1613 1855 1754 1908 sint.
1812 1853 1964 1908 Nihil
1994 1853 2149 1907 enim

502 1950 584 2003 ita
614 1945 997 2002 admirandos
1042 1942 1259 2004 reddit,
1307 1942 1454 1996 sicut
1485 1941 1604 1996 vita
1634 1940 1879 2009 frugalis
1908 1956 1977 1995 ac
2015 1939 2147 2011 qui-

501 2035 761 2091 buslibet
802 2032 992 2088 obviis
1023 2036 1314 2085 contenta.
1342 2029 1561 2085 Deinde
1587 2030 1742 2083 omni
1772 2045 1873 2084 eos
1903 2045 2044 2083 cura
2084 2029 2149 2083 li-

500 2124 688 2186 berat,
738 2136 873 2193 qua:
926 2120 1260 2190 frequenter
1305 2117 1733 2187 impedimento
1787 2133 1916 2171 esse
1957 2116 2148 2182 solet;

500 2225 794 2281 suamque
820 2208 935 2262 vult
988 2207 1297 2262 ostendere
1345 2204 1689 2276 potentiam,
1746 2220 1881 2275 quae
1916 2206 1999 2259 eis
2073 2205 2147 2259 ad

501 2299 704 2354 omnia
764 2295 1047 2351 sufﬁciat.
1116 2294 1369 2365 Ideoque
1424 2292 1807 2364 postmodum
1864 2293 2143 2349 dicebat:

504 2386 747 2453 Quando
776 2385 904 2439 misi
930 2398 1016 2438 vos
1048 2385 1171 2438 sine
1215 2381 1413 2438 loculis
1444 2389 1496 2438 et
1527 2396 1683 2452 pera,
1734 2397 1875 2437 num
1918 2382 2151 2453 aliquid

500 2475 689 2543 defuit
720 2474 880 2529 vobis
904 2473 949 2508 ¹⁰
980 2475 1028 2527 .’.

2334 352 2699 411 Ἀσθενούντας
2753 352 2828 422 (9)
2898 383 2960 393 -—
3018 348 3158 403 δότε.
3243 347 3445 403 Ἔδωκε
3511 356 3599 425 μὲν
3685 354 3855 415 αὐτοῖς

2264 444 2423 513 χάριν
2470 440 2719 511 ἰαμάτων,
2772 442 2905 491 ὥστε
2958 443 3073 499 τοὺς
3116 444 3186 511 μὴ
3225 441 3559 510 πειθομένους
3586 450 3655 511 τῷ
3698 447 3855 515 κηρύο

2262 548 2422 599 γματι
2488 531 2758 579 πείθεο-θαι
2827 536 2929 587 τοῖς
2987 530 3292 599 ϐαύμασινο
3351 528 3461 600 ἅμα
3520 534 3606 580 καὶ
3675 531 3857 592 αύτούς

2264 619 2680 689 προθυμοτέρους
2712 625 2869 666 ποιῶν
2910 616 2979 677 εἰς
3023 620 3078 667 τὸ
3127 622 3370 687 κήρυγμα
3401 613 3473 668 δι’
3524 618 3709 679 αὐτῆς,
3750 618 3857 672 "In

2266 700 2323 755 δὲ
2371 709 2440 775 μὴ
2502 704 2816 776 ἐπαρθῶσιν,
2886 707 2953 765 ῶς
3016 705 3213 775 μεγάλα
3268 707 3651 777 κατορθοῦντες,
3719 704 3857 777 μηδὲ

2266 792 2491 852 ζητῶσιν
2565 791 2785 863 ἀμοιϐὰς
2841 792 3042 859 ὑλικὰς,
3109 792 3551 863 προασραλιζεται
3618 797 3853 861 τούτους,

2264 880 2457 950 λέγων·
2516 883 2712 953 Δωρεὰν
2767 879 2965 931 ἐλάϐετε
3018 882 3141 951 παρ’
3195 879 3316 951 ἐμοῦ
3369 887 3462 938 τὴν
3512 883 3670 952 χάριν
3729 886 3855 933 ταύ-

2264 988 2357 1025 την
2408 976 2504 1019 τῶν
2570 970 2819 1040 ἰαμάτων,
2874 966 3038 1039 μηδὲν
3090 968 3237 1019 αὐτοὶ
3294 976 3611 1033 πονεσαντες,
3661 967 3856 1043 δωρεὰν

2268 1053 2387 1107 δότε
2464 1065 2627 1107 ταῦτα
2701 1064 2803 1115 τοῖς
2878 1057 3181 1130 ἀνθρώποις,
3258 1053 3421 1127 μηδὲν
3498 1057 3855 1119 ἐπιζητοῦντες

2268 1143 2514 1216 βιωτικὸν
2555 1144 2605 1206 ἐξ
2636 1144 2817 1198 αὐτῶν.
2869 1145 3162 1196 Ἐπιτείνων
3218 1142 3275 1197 δε
3313 1149 3370 1196 τὸ
3430 1142 3853 1218 ἀδωροδόκητον,

2267 1232 2455 1284 κελεύει
2514 1230 2652 1305 μηδὲ
2712 1236 2873 1305 χάριν
2930 1241 3024 1294 τῆς
3097 1230 3224 1284 ὁδοῦ
3285 1253 3336 1284 τι
3390 1232 3687 1305 λαμϐάνειν.
3756 1241 3856 1291 Φη-

2270 1326 2323 1372 σὶ
2352 1322 2449 1391 γάρ
2480 1338 2492 1350 ·

2338 1414 2421 1466 Μὴ
2478 1440 2545 1448 —-
2606 1410 2766 1469 ζώνας
2829 1411 2991 1481 ἡμῶν.
3044 1411 3197 1469 Ἐθος
3263 1410 3362 1480 γὰρ
3424 1405 3483 1466 ἦν
3552 1416 3656 1469 τοῖς
3718 1405 3857 1461 ὀδοιο

2267 1504 2505 1569 πορούσι,
2550 1496 2821 1568 φασκῶλια
2870 1502 3034 1569 φέρειν
3083 1502 3466 1571 παρῃωρημένα
3494 1505 3610 1559 ταῖς
3650 1498 3856 1562 ζῶναις,

2266 1584 2312 1636 ἐν
2343 1582 2414 1645 οἷς
2444 1583 2586 1656 εἶχον
2618 1589 2739 1646 τούς
2771 1584 2999 1645 ὀϐολούς.
3046 1588 3323 1656 Νομοθετεί
3350 1582 3408 1636 δὲ
3448 1593 3557 1646 τοῖς
3594 1588 3859 1657 μαθηταῖς

2265 1674 2453 1725 τελείαν
2519 1672 2905 1744 ἀκτημοσύνην.
2982 1681 3186 1745 Πρῶτον
3258 1677 3367 1745 μεν,
3434 1674 3491 1724 ού
3552 1680 3707 1745 μόνον
3775 1672 3858 1724 ἁν-

2264 1768 2542 1827 υποπτους,
2613 1761 2739 1813 ἀλλὰ
2810 1767 2898 1813 καὶ
2972 1764 3296 1833 Θαυμασίους
3383 1762 3569 1833 μᾶλλον
3670 1762 3853 1822 αὐτοὺς

2262 1848 2389 1902 εἶναι
2435 1849 2783 1922 βουλόμενος·
2820 1847 2968 1902 οὐδὲν
2998 1853 3099 1921 γὰρ
3131 1851 3263 1901 οὕτω
3311 1858 3445 1901 ποιεῖ
3502 1852 3856 1921 θαυμαστοὺς,

2261 1942 2327 1999 ῶς
2366 1938 2481 2010 βίος
2527 1941 2742 1998 οῐσκενος
2790 1946 2877 1990 και
2925 1938 3201 2012 ὁλιγαρκὴς
3230 1956 3242 1968 ·
3282 1935 3395 1990 εἶτα
3446 1936 3719 2011 φροντίδος
3759 1941 3860 1990 πά-

2263 2047 2358 2087 σης
2471 2026 2803 2079 ἀπαλλάττων
2890 2031 3116 2087 τούτους,
3220 2027 3457 2088 εἰωθυίας
3548 2024 3861 2098 ἐμποδίζειν

2259 2115 2499 2175 πολλάκις
2532 2133 2542 2144 ·
2593 2118 2767 2167 ἔπειτα
2820 2112 2987 2177 δεῖξαι
3042 2115 3193 2167 θέλων
3244 2120 3335 2172 τὴν
3394 2114 3578 2167 ἑαυτοῦ
3634 2112 3861 2187 δύναμιν

2260 2202 2584 2275 ἐπαρκοῦσεοι
2652 2204 2827 2265 αὐτοῖς
2896 2204 2967 2265 εἰς
3026 2203 3250 2257 ἅπαντα.
3328 2206 3412 2255 Διὸ
3479 2208 3569 2255 καὶ
3639 2204 3858 2277 ὕστερον

2258 2292 2436 2362 ἔλεγεν,
2498 2294 2577 2343 ὅτι
2641 2290 2763 2343 Ὀτε
2820 2289 3097 2343 ἀπέστειλα
3156 2293 3294 2363 ἡμᾶς
3374 2293 3493 2364 ἄτερ
3568 2290 3859 2363 βοιλαντίου

2259 2385 2349 2431 καὶ
2380 2386 2566 2455 πήρας,
2600 2385 2670 2453 μὴ
2701 2400 2837 2441 τινος
2863 2380 3181 2453 ὑστερήσατε
3207 2396 3220 2445 ;

569 2565 611 2633 -ι-
640 2563 775 2617 Haec
823 2560 965 2615 dicit
996 2559 1263 2616 Salvator
1294 2558 1601 2630 apostolis,
1659 2558 1872 2614 nolens
1929 2562 1993 2614 ut
2022 2558 2136 2614 sub
2168 2558 2279 2613 hoc
2335 2561 2625 2629 praetextu
2674 2556 2979 2613 facultates
3029 2560 3409 2627 congregant.
3466 2558 3667 2627 Neque
3717 2570 3863 2625 ergo

499 2667 729 2715 aurum,
764 2648 853 2704 vel
879 2656 1206 2717 argentum,
1242 2652 1345 2701 aut
1372 2664 1470 2716 ass,
1498 2662 1685 2718 neque
1716 2662 1959 2718 panem,
2021 2662 2211 2717 neque
2256 2662 2461 2718 peram
2498 2662 2606 2701 nos
2640 2646 2855 2700 habere
2886 2645 3025 2710 vult,
3072 2660 3259 2716 neque
3296 2644 3731 2708 calceamenta,
3760 2660 3861 2699 ne-

496 2756 613 2811 que
642 2746 886 2798 vestem,
946 2752 1139 2807 neque
1172 2736 1473 2797 baculum,
1531 2751 1673 2790 usus
1727 2751 1933 2799 causa,
1984 2741 2084 2789 aut
2135 2750 2319 2806 opum
2370 2735 2695 2806 cupiditate
2752 2750 2857 2805 per
2901 2735 3051 2789 viam
3101 2734 3370 2803 accipere
3403 2750 3415 2787 :
3447 2749 3567 2787 non
3622 2734 3706 2789 ad
3763 2750 3861 2789 zo-

498 2845 629 2884 nam
663 2844 763 2891 nas,
798 2841 992 2896 neque
1018 2830 1078 2878 ut
1120 2824 1358 2878 duabus
1390 2824 1710 2877 induamur
1751 2823 1982 2886 tunicis,
2036 2822 2138 2877 scd
2186 2840 2288 2894 per
2320 2824 2477 2878 viam
2506 2824 2709 2878 omnia
2741 2821 3016 2878 facillime
3051 2826 3107 2877 et
3156 2821 3552 2891 frugalissime
3584 2822 3854 2894 accipia-

502 2934 649 2971 IDUS.

570 3004 785 3075 +Aqui
814 3000 1042 3056 loculos
1094 3001 1222 3072 ipse
1268 3000 1532 3058 ferebat:
1578 3016 1691 3055 non
1725 3004 1923 3055 tamen
1970 3000 2140 3072 quasi
2183 2998 2222 3053 C

498 3093 763 3165 pecunias
821 3091 1094 3161 cupidus,
1155 3089 1259 3145 sed
1290 3089 1463 3160 quasi
1512 3087 1895 3159 dispensator
1935 3105 2142 3144 eorum

499 3198 629 3253 quae
686 3180 1089 3234 offerebantur
1121 3197 1133 3245 ;
1166 3178 1477 3249 possidens
1508 3177 1699 3248 potius
1737 3178 1859 3233 haec
1915 3179 1993 3234 ad
2041 3194 2140 3232 ne-

498 3270 828 3325 cessitatem
857 3282 1026 3321 suam
1051 3272 1106 3320 et
1135 3266 1558 3336 discipulorum
1590 3282 1659 3320 ac
1689 3282 2037 3337 pauperum.

570 3356 738 3413 Vers.
782 3354 868 3409 10.
927 3354 1120 3424 Neque
1162 3370 1359 3424 peram
1389 3384 1458 3394 —-
1517 3353 1803 3409 baculum.
1859 3356 2009 3418 Quia
2057 3370 2143 3409 re-

497 3461 678 3516 gnum
709 3443 997 3499 caelorum
1024 3442 1481 3509 annuntiabant,
1503 3443 1813 3512 oportebat
1839 3458 1943 3497 eos
1966 3440 2143 3513 quasi

498 3532 743 3601 angelos
771 3532 844 3586 de
873 3531 1021 3586 caelo
1051 3530 1495 3597 descendentes,
1544 3530 1702 3584 leves
1737 3544 1807 3584 ac
1837 3530 2142 3599 expeditos

493 3623 783 3686 incedere,
812 3621 977 3675 omni
1007 3625 1239 3673 terrena
1271 3634 1410 3673 cura
1462 3617 1701 3682 liberos,
1742 3623 1798 3671 et
1824 3618 1901 3672 ad
1952 3618 2141 3673 solum

495 3709 886 3765 ministerium
923 3706 1034 3762 sibi
1061 3706 1448 3762 commissum
1478 3704 1877 3776 respicientes.
1940 3708 2140 3761 Peram

495 3804 691 3853 autem
716 3796 853 3852 dicit
881 3794 1271 3866 marsupium,
1317 3809 1434 3864 quo
1492 3794 1568 3848 ad
1608 3794 1715 3848 iter
1766 3793 2141 3851 immittendo

496 3888 637 3960 pani
678 3884 1008 3941 utebantur.

565 3976 818 4043 Dignum
851 3978 937 4028 est
967 3978 1167 4028 autem
1200 3975 1261 4027 ut
1282 3986 1640 4042 quaeramus,
1673 3970 1980 4043 quomodo
2008 3974 2141 4027 Mat-

494 4065 679 4118 tha=us
718 4068 773 4117 et
824 4062 1006 4115 Lucas
1050 4060 1253 4114 dicunt
1290 4058 1541 4129 jussisse
1583 4059 1650 4123 ¹¹,
1714 4064 1772 4112 ut
1825 4058 1906 4113 illi
1948 4074 2140 4131 neque

492 4151 913 4212 calceamenta,
968 4164 1161 4220 neque
1218 4147 1500 4202 baculum
1554 4147 1867 4214 baberent,
1917 4150 2141 4203 Marcus

492 4255 627 4295 vero
661 4238 743 4294 ait
793 4238 919 4293 sola
968 4237 1095 4291 haec
1151 4236 1236 4290 eis
1284 4236 1622 4306 permisisse
1664 4236 1735 4290 ¹².
1796 4236 1943 4301 Quid
2001 4251 2141 4305 ergo

2332 3002 2452 3071 [Καὶ
2519 3000 2628 3068 (10)
2698 3002 2799 3070 μὴν
2884 2997 3037 3058 αὐτὸς
3116 2996 3379 3073 ἐπεφέρετο
3453 2998 3864 3071 γλωσσόκομον,

2259 3086 2365 3139 ἀλλ’
2401 3087 2505 3158 οὐχ
2540 3091 2607 3147 ῶς
2646 3087 2990 3159 φιλοκτήμων,
3041 3085 3145 3137 ἀλλ’
3178 3089 3240 3147 ὡς
3290 3087 3549 3157 οἰκονόμος
3602 3096 3709 3138 τῶν
3766 3087 3865 3159 ἐμ-

2257 3176 2594 3247 ϐεϐλημένων,
2648 3174 3005 3245 ἁποκτῶμενος
3060 3173 3247 3247 μᾶλλον
3306 3173 3437 3225 αύτὰ
3500 3178 3627 3246 πρὸς
3668 3180 3866 3249 χρείαν

2258 3264 2442 3315 ἑαυτοῦ
2468 3284 2517 3315 τε
2544 3268 2632 3315 καὶ
2664 3272 2760 3315 τῶν
2792 3265 3055 3335 μαθητῶν,
3087 3267 3172 3313 καὶ
3207 3270 3304 3313 τῶν
3330 3266 3576 3319 πενήτων,
3606 3262 3631 3335 ]

2326 3357 2409 3409 Μὴ
2466 3358 2636 3424 πήραν
2692 3382 2758 3390 -
2801 3348 3017 3423 ῥάϐδον.
3076 3351 3213 3403 Ἐπεὶ
3271 3355 3363 3408 τὴν
3436 3349 3713 3421 βασιλείαν
3762 3361 3868 3403 τῶν

2255 3441 2481 3511 οὐρανῶν
2537 3440 2903 3511 κατήγγελλον,
2956 3436 3061 3491 ἔδει
3111 3441 3313 3500 πάντως
3366 3438 3566 3501 αύτούς,
3624 3442 3699 3501 ὡς
3759 3438 3869 3510 ἀγ-

2254 3529 2433 3600 γελους
2463 3528 2516 3590 ἐξ
2564 3529 2780 3601 ούρανοῦ
2824 3533 3116 3590 κατιόντας,
3164 3528 3297 3578 οὕτω
3337 3523 3579 3599 βαδίζειν
3630 3532 3870 3600 κούφους

2254 3623 2342 3669 καὶ
2392 3617 2675 3679 εὐσταλεῖς,
2724 3619 2897 3677 πάσης
2936 3619 3024 3687 μὲν
3084 3615 3265 3676 ὑλικῆς
3317 3612 3589 3686 φροντίδος
3668 3614 3875 3669 ἐλευθέ-

2254 3726 2395 3781 ρους,
2440 3712 2505 3764 εἰς
2549 3710 2706 3776 μόνην
2740 3701 2798 3757 δὲ
2849 3702 3127 3775 βλέποντας
3176 3708 3267 3761 τὴν
3307 3702 3743 3774 ἔγχειρισθεῖσαν
3784 3704 3880 3756 αὖ·

2254 3802 2363 3855 τοῖς
2411 3790 2693 3845 διακονίαν.
2740 3798 2916 3865 ῐῖηραν
2978 3789 3034 3843 δὲ
3085 3792 3219 3861 λέγει
3275 3795 3331 3842 τὸ
3383 3791 3495 3861 (ll)
3541 3798 3877 3863 μαρσίπιον,

2256 3883 2294 3953 ᾧ
2324 3882 2603 3954 ἐκέχρηντο
2640 3884 2772 3932 κατά
2811 3886 2903 3939 τὴν
2931 3878 3071 3949 ὁδὸν,
3109 3879 3440 3951 ἐμϐάλλοντες
3466 3882 3647 3952 οῐρτον.

2326 3969 2501 4032 Ἀξιον
2535 3967 2590 4022 δὲ
2629 3972 2881 4033 ζητῆσαι,
2932 3978 3033 4028 πῶς
3074 3971 3332 4028 Ματθαῐος
3372 3971 3459 4039 μὲν
3505 3973 3594 4019 καὶ
3648 3976 3885 4031 Λουκᾶς

2255 4079 2400 4127 φασι,
2467 4058 2803 4116 κελευσθῆναι
2857 4060 3091 4123 τούτους,
3161 4062 3290 4127 μήτε
3340 4052 3670 4128 ὑποδήματα
3724 4056 3884 4129 μηδε

2253 4144 2447 4221 ῥάϐδον
2502 4150 2642 4217 ἔχειν
2691 4163 2702 4176 ”
2764 4148 2788 4197 ὁ
2844 4142 2901 4197 δὲ
2958 4149 3169 4218 Μάρκος
3229 4144 3383 4215 λέγει,
3434 4150 3889 4219 συγχωρηθῆναι

2255 4245 2420 4287 ταῦτα
2485 4236 2598 4305 (12)
2676 4240 2804 4307 μόνα
2866 4234 3061 4293 αὐτοῖς.
3147 4237 3207 4285 Τί
3274 4229 3359 4283 οὖν
3439 4235 3577 4284 ἔστιν
3654 4235 3885 4302 εἰπείν;

486 4328 808 4385 dicendum
849 4332 934 4381 est
967 4327 994 4382 Ἰ
1018 4325 1183 4390 Quod
1209 4324 1469 4396 primum
1502 4323 1747 4394 quidem
1777 4325 1857 4379 ita
1883 4324 2137 4395 jusserit,

2278 4331 2373 4376 Οτι
2424 4334 2623 4398 πρῶτον
2695 4327 2781 4394 μὲν
2853 4324 2987 4373 οὕτω
3054 4321 3380 4395 προσέταξεν,
3448 4323 3516 4382 ὡς
3582 4328 3892 4386 Ματθαίος

486 4419 637 4474 sicut
682 4416 987 4472 Matthaaus
1036 4419 1091 4469 et
1143 4414 1329 4468 Lucas
1381 4412 1703 4469 dixerunt:
1756 4413 2137 4483 postmodum

490 4514 689 4563 autem
746 4504 1075 4577 permiserit
1142 4502 1247 4569 eis,
1318 4506 1377 4557 ut
1443 4501 1854 4557 calcearentur
1912 4506 2142 4558 tantum

492 4594 879 4659 sandaliis,et
931 4594 1249 4649 retinerent
1294 4590 1581 4646 baculum
1635 4590 1710 4646 ad
1744 4590 1968 4661 pedum
2019 4604 2147 4645 cus'

2256 4420 2343 4464 καὶ
2384 4419 2587 4472 Λουκᾶς
2637 4408 2772 4463 εἶπον
2808 4431 2819 4443 ·
2876 4411 3085 4481 ὕστερον
3141 4406 3197 4461 δε
3246 4414 3629 4483 παρεχώρησεν
3684 4412 3897 4475 αὐτοῖς

2256 4498 2609 4553 ύποδεδέσθαι
2637 4504 2787 4571 μόνον
2823 4496 3078 4550 σανδάλια
3121 4502 3209 4549 καὶ
3249 4501 3490 4567 κατέχειν
3517 4496 3763 4571 ῥάϐδον,
3817 4502 3899 4564 εἰς

2259 4588 2487 4663 φυλακήν
2537 4608 2589 4641 τε
2630 4596 2728 4640 τῶν
2777 4586 2974 4657 ποδῶν,
3028 4590 3115 4639 καὶ
3168 4587 3561 4660 ὑποστηριγμὸν
3613 4598 3711 4640 τού
3780 4598 3899 4643 σῶ-

563 4718 609 4752 ¹⁰
641 4718 775 4773 Luc.
806 4732 947 4773 mi.
982 4718 1077 4773 35.
1194 4717 1235 4752 “
1257 4715 1397 4771 Luc.
1422 4731 1498 4786 ix,
1530 4717 1588 4771 3.
1706 4714 1751 4751 ¹²
1781 4712 1962 4768 Marc.
1998 4730 2074 4779 v1,
2103 4715 2155 4778 8,
2199 4717 2256 4769 9.

1708 4861 1931 4930 Variae
1957 4862 2278 4930 lectiones
2322 4872 2384 4930 et
2426 4870 2629 4930 notae.

566 5067 641 5137 (9)
678 5064 1157 5139 Chrysostomus,
1205 5066 1267 5119 ut
1296 5058 1587 5139 alibi_j_am
1616 5059 1851 5139 mmini,
1886 5056 2143 5139 inseruit

493 5132 631 5193 huic
662 5132 1110 5211 vers'uiLvsx‘ooo;
1140 5137 1379 5207 ἐγείρετε,
1435 5136 1571 5211 _Sine
1597 5133 1713 5211 ullo
1753 5132 1938 5211 dubio
1968 5132 2140 5211 lapsu

497 5211 820 5265 memoriie.
856 5201 1405 5262 Tractaturus'enim
1435 5205 1593 5257 hunc
1614 5204 1831 5267 locum,
1862 5201 1918 5256 in
1941 5202 2145 5271 princi-

494 5282 594 5353 pio
655 5283 878 5335 habet:
916 5286 1097 5331 Σκόπει
1153 5298 1241 5350 μοι
1298 5281 1354 5328 το
1407 5277 1638 5353 εὔκαιρον
1679 5283 1769 5335 τῆς
1804 5272 2138 5353 ⁵ἀποστολῆς·

496 5345 701 5425 ὀύᾼγὰρ
760 5352 812 5404 ἐκ
870 5345 1161 5425 προοιμίων
1238 5345 1712 5425 αὐτοὺςβπέμψεν,
1770 5345 1877 5425 ἀλλ’
1933 5348 2017 5397 ὅτε
2076 5378 2143 5425 _—

496 5406 632 5499 εἶδον
674 5408 759 5476 καὶ
806 5408 979 5498 νεκρὸν
1011 5406 1301 5499 ἐγερθέντα.
1370 5406 1508 5475 Vide
1550 5406 1710 5474 t'o'm.’
1748 5418 1858 5483 VII,
1902 5433 1959 5490 p.
2004 5418 2130 5473 308.

2324 5056 2434 5129 (i0)
2472 5060 2533 5115 In
2571 5053 2837 5129 margine
2870 5052 3089 5112 habent
3120 5055 3349 5114 inclusa
3376 5060 3416 5114 Α
3450 5058 3513 5116 Β.
3547 5062 3914 5123 Scholium

2254 5128 2663 5209 auieinaquod
2696 5130 2756 5183 in
2788 5131 3049 5184 versione
3080 5131 3281 5186 Latina
3309 5131 3617 5203 praecedit,
3652 5148 3915 5193 neuter

2254 5208 2557 5359 aﬂ‘iifciié
2606 5268 2789 5325 codex
2848 5273 3112 5343 uterque.
3168 5269 3453 5328 Scribitur
3501 5271 3691 5331 etiam
3752 5300 3915 5351 μαν-

2255 5362 2459 5396 συπιον.

2325 5414 2435 5486 (1?)
2466 5420 2620 5489 μονα,
2648 5412 2814 5471 abest
2842 5414 2909 5468 Α.
