3990 6206
231 193 326 258 329
1196 188 1563 250 COMMENT.
1606 191 1676 248 IN
1712 187 2146 248 MATTHIEUM.
2188 223 2256 234 —
2295 192 2450 250 CAP.
2496 192 2565 248 X.

3471 195 3576 253 330

227 347 395 400 ματος,
448 321 885 396 συγκαταϐαίνων
939 329 1000 394 τῇ
1047 319 1282 391 ἀσθενείᾳ
1331 318 1520 384 αὐτῶν,
1574 316 1667 372 διὰ
1721 322 1810 376 τὴν

1931 317 2151 374 todiam
2177 321 2233 374 et
2261 320 2800 376 sustentamentum
2840 316 3123 389 corporis,
3167 316 3486 374 demittens
3513 336 3576 377 se

226 417 320 470 ἀπὸ
391 423 492 476 τῆς
562 410 872 487 ὁδοιπορίας
935 410 1305 482 ταλαιπωρίαν,
1382 409 1450 468 ὡς
1511 409 1536 459 ό
1603 409 1816 483 Μάρκος

219 504 456 577 ἔγραψεν.
532 503 673 554 ’Δντὶ
726 499 784 553 δε
843 507 954 569 τοῦ,
1012 503 1091 556 Μὴ
1164 499 1454 564 κτήσησθε,
1506 501 1588 554 Μὴ
1648 499 1815 570 αἴρετε

214 592 348 644 εἶπεν
379 593 407 642 ὁ
441 596 676 651 Λουκᾶς.
716 588 826 642 Ἰνα
857 585 915 640 δὲ
957 591 1028 660 μὴ
1080 589 1264 638 εἴπωσι
1298 603 1313 618 ⁸
1348 587 1506 638 Πόθεν
1557 582 1644 636 οὖν
1694 604 1814 658 τρα-

211 682 514 753 γησόμεθα.
548 675 714 750 μηδεν
745 679 994 751 αἴροντες,
1023 679 1176 748 φησίν
1198 695 1210 708 ο

277 858 460 920 Ἄξιος
504 887 575 897 -
625 854 782 908 ἐστίν.
839 853 915 906 Οὐ
963 856 1138 924 χρεία,
1190 855 1366 923 φησὶν,
1404 851 1521 922 ὑμῖν
1573 847 1808 922 ἐφοδίων.

212 948 319 1017 (13)
364 946 548 1008 Ἀξιοι
586 945 687 1018 γάρ
732 943 848 996 ἕστε
879 943 1150 1015 τρέφεσθαι
1195 943 1336 1013 παρά
1382 947 1482 992 τῶν
1531 938 1812 1011 ὠφελουμέ-

211 1057 301 1088 νων
331 1036 423 1107 ὑφ’
455 1036 624 1106 ὑμῶν,
671 1032 794 1104 παρ’
825 1031 902 1090 οἷς
947 1029 1243 1102 ἐργάζεσθε,
1298 1028 1422 1100 μαρ’
1459 1029 1531 1088 οἷς
1576 1034 1806 1080 κοπιᾶτε.

209 1130 372 1178 Τοῦτό
402 1127 511 1195 γὰρ
543 1122 603 1174 οὐ
639 1118 826 1195 δῶρον,
859 1118 988 1170 ἀλλά
1027 1119 1211 1190 μισθός
1266 1117 1378 1170 ἐστι
1434 1123 1530 1176 τῆς
1568 1115 1812 1190 ἐργασίας

209 1215 372 1285 ὑμῶν,
407 1215 501 1264 καὶ
532 1209 830 1281 ἀναγκαῖον,
865 1211 933 1270 ὡς
956 1205 1288 1280 ὀφειλόμενον.

275 1391 371 1452 Εἰς
402 1391 464 1447 ἧν
532 1383 583 1441 δ’
640 1385 702 1438 ἂν
755 1415 826 1427 —
880 1384 1132 1447 ἰξέλθητε.
1196 1381 1307 1436 ἰνα
1359 1387 1431 1456 μὴ
1499 1388 1806 1456 νομίσωσιν,

207 1483 280 1534 ὅτι
345 1483 442 1538 τὰς
509 1478 719 1529 πάντων
789 1482 890 1526 τῶν
956 1472 1308 1546 ὠφελουμένων
1388 1473 1544 1546 θύρας
1634 1471 1809 1534 αὐτοῖς

208 1567 413 1638 ἀνέῳξε,
459 1568 678 1632 κελεύει,
713 1563 836 1634 παρ’
875 1561 1067 1634 ἑκάστῃ
1120 1559 1264 1613 πόλει
1309 1563 1398 1612 καὶ
1439 1564 1585 1632 κώμῃ
1635 1559 1808 1620 ζητεῖν

1925 405 2004 462 ad
2033 405 2498 464 imbecillitatem
2529 423 2748 474 eorum,
2779 410 3019 479 propter
3045 404 3315 462 laborem
3362 407 3467 479 qui
3496 408 3576 464 ab

1925 493 2128 550 itinere
2187 498 2476 567 provenit.
2537 498 2722 553 Lucas
2761 511 2903 552 vero
2958 510 3067 566 pro
3104 511 3175 551 eo
3227 496 3386 567 quod
3438 499 3570 552 est:

1922 583 2124 639 Nolite
2155 585 2470 653 possidere,
2499 585 2682 642 habet
2713 604 2726 640 :
2775 585 2974 641 Nolite
3016 583 3272 656 portare
3330 587 3396 651 ",
3425 585 3578 642 sicut

1923 671 2099 728 etiam
2126 672 2299 728 refert
2326 676 2573 732 Marcus.
2596 677 2675 730 Ne
2722 679 2926 730 autem
2982 673 3202 740 dicant,
3254 673 3419 730 Unde
3459 674 3575 731 ale-

1923 777 2077 826 mur,
2113 762 2159 815 si
2193 761 2335 816 nihil
2377 762 2706 829 tulerimus,
2747 763 2881 819 ideo
2909 763 3085 819 dicit:

1993 851 2157 904 Vcrs.
2206 853 2287 905 10.
2340 851 2567 921 Dignus
2606 883 2674 892 —
2727 858 2830 907 est.
2891 851 3080 914 Nullo,
3135 851 3347 924 inquit,
3404 852 3572 911 vobis

1921 953 2068 1010 Opus
2099 942 2183 994 est
2229 937 2491 1010 viatico;
2533 939 2701 1008 digni
2750 939 2912 995 enim
2962 939 3118 1004 estis,
3174 940 3278 1012 qui
3322 940 3571 996 alamini

1921 1027 1998 1082 ab
2029 1026 2120 1082 his
2141 1026 2243 1098 qui
2275 1042 2310 1082 a
2335 1027 2503 1082 vobis
2513 1027 2817 1098 juvantur,
2841 1030 3006 1100 apud
3036 1044 3190 1100 quos
3208 1028 3566 1100 operamini,

1921 1115 2085 1187 apud
2111 1131 2260 1188 quos
2288 1116 2598 1174 laboratis.
2641 1120 2788 1174 Nam
2819 1117 2931 1173 hoc
2980 1133 3102 1174 non
3145 1117 3395 1183 donum,
3465 1118 3572 1174 sed

1921 1219 2149 1260 merces
2179 1209 2265 1262 est
2289 1205 2489 1278 operis
2521 1206 2718 1278 vestri,
2747 1222 2818 1263 ac
2857 1205 3260 1264 necessarium
3284 1210 3569 1280 tanquam

1920 1293 2189 1350 debitum
2201 1335 2214 1350 .

1990 1384 2148 1437 Vers.
2183 1388 2263 1438 11.
2294 1383 2365 1439 In
2402 1398 2802 1456 quamcunque
2838 1415 2907 1424 —
2937 1383 3182 1441 exeatis.
3227 1387 3306 1440 Ne
3335 1388 3566 1456 putent,

1918 1470 2084 1543 quod
2131 1471 2395 1526 omnium
2438 1472 2540 1544 qui
2571 1471 2648 1528 ab
2674 1474 2758 1527 eis
2804 1472 3158 1543 juvarentur
3214 1473 3436 1543 januas
3482 1473 3568 1528 in—

1920 1558 2085 1628 gredi
2110 1558 2386 1625 debeant,
2423 1560 2594 1631 jubet
2617 1564 2680 1616 ut
2725 1561 2785 1615 in
2830 1576 3189 1633 quacunque
3237 1561 3474 1617 civitate
3514 1565 3569 1618 et

200 1656 286 1707 ἕνα
334 1658 429 1708 τόν
475 1653 622 1716 ἀξιον
664 1661 755 1712 τῆς
790 1650 906 1722 (14)
953 1645 1229 1720 ὑποδοχῆς
1285 1648 1472 1713 αὐτῶν,
1523 1652 1682 1719 ἤγουν
1720 1652 1807 1700 τόν

1931 1648 2066 1716 vico,
2094 1651 2364 1720 quaerant
2389 1664 2578 1704 unum
2625 1648 2893 1718 dignum,
2943 1649 3048 1721 qui
3097 1664 3199 1704 eos
3257 1650 3562 1722 suscipiat,

204 1748 539 1818 σεμνότερον,
589 1744 676 1793 τόν
732 1737 1136 1812 θεοσεϐέστερον,
1189 1742 1279 1789 καὶ
1335 1737 1457 1810 παρ’
1519 1737 1657 1808 αὐτῷ
1722 1741 1810 1809 μέ⁶

197 1853 321 1900 νεεν,
384 1833 480 1891 ἕως
549 1832 612 1881 οἷν
650 1827 924 1891 ἑξέλθωσιν
978 1828 1030 1878 ἐκ
1089 1834 1184 1898 τῇς
1237 1824 1446 1887 πόλεως,
1517 1827 1651 1878 ὥστε
1714 1831 1804 1897 μὴ,

195 1922 370 1974 οἰκίαν
402 1919 458 1982 ἐξ
513 1917 684 1977 οἰκίας
734 1914 1058 1988 ἀμείϐοντας,
1103 1913 1277 1966 λυπεῖν
1330 1933 1384 1966 τε
1412 1917 1496 1966 τόν
1551 1911 1806 1977 ὑπόδεξα-

194 2028 372 2082 μενον,
404 2011 503 2060 καὶ
528 2007 958 2081 γαστριμαργίας
986 1999 1142 2066 δόξαν
1179 2001 1478 2074 λαμϐάνειν,

265 2184 656 2255 Εἰσερχόμενοι
716 2208 779 2220 -—
835 2177 1018 2236 αὐτήν.
1069 2177 1430 2246 Ἀσπάσασθε,
1501 2175 1613 2231 ἀντὶ
1691 2185 1804 2245 τοῦ,

191 2271 532 2343 Ἐπεύχεσθε
580 2268 787 2341 εἰρήνην
829 2266 942 2338 (15)
991 2266 1120 2338 αὐτῇ
1211 2272 1388 2318 Ταῦτα
1434 2267 1535 2342 γὰρ
1595 2267 1806 2340 ὕστερον

186 2367 281 2413 καὶ
339 2367 452 2419 τοῖς
521 2353 882 2428 ἑϐδομήκοντα
942 2355 1163 2426 μαθταῖς
1238 2352 1579 2428 ἐντειλάμενος
1649 2353 1805 2426 εἶπεν,

188 2452 272 2503 ὅτι
334 2448 430 2510 εἰς
488 2446 552 2504 ἦν
611 2441 662 2498 δ’
713 2443 775 2496 ἄν
843 2443 1009 2495 οἰκίαν
1075 2443 1410 2518 εἰσέρχησθε,
1473 2452 1675 2519 πρῶτον
1731 2446 1809 2499 λέ-

185 2557 306 2610 γετε
346 2555 361 2568 ⁸
392 2536 593 2608 Εἰρήνη
628 2540 698 2604 τῷ
729 2535 855 2604 οἴκῳ
892 2532 1005 2602 (16)
1034 2534 1216 2604 τούτῳ.

264 2629 380 2682 Καὶ
424 2655 497 2664 -
546 2621 935 2694 ἰπιστραφὴτω.
983 2624 1123 2673 Διότι
1180 2619 1426 2684 πολλάκις
1483 2621 1508 2674 ό
1549 2619 1808 2696 ὑποδεχόέ

185 2734 372 2787 μενος,
406 2713 574 2783 ὄνομα
603 2711 691 2782 μεν
724 2709 864 2779 εἶχεν
890 2707 1056 2774 ἀξίου,
1091 2706 1209 2780 βίον
1257 2704 1316 2761 δε
1347 2707 1581 2776 ἀνάξισν,
1629 2717 1805 2784 φησὶν,

185 2806 273 2856 ὅτι
327 2803 456 2855 Ἐὰν
487 2803 577 2872 μιν
707 2800 736 2856 ἠ
779 2797 923 2849 οἰκία
969 2797 1081 2866 (17)
1142 2796 1273 2855 αὕτη
1329 2797 1474 2867 ἀξία,
1521 2797 1704 2852 ἐλθέτω
1735 2800 1809 2854 ἐπ’

184 2892 366 2950 αὐτὴν
397 2892 427 2947 ἡ
483 2885 704 2941 δοθεῖσα
744 2885 866 2959 παρ’
899 2886 1040 2958 ὑμῶν
1078 2885 1274 2960 εἰρήνη,
1329 2890 1617 2954 τουτέστιν,
1674 2887 1808 2964 ἔνερ-

183 2982 423 3052 γησάτω
481 2977 550 3037 εἰς
625 2975 809 3042 αὐτὴν,
864 2980 949 3026 καὶ
1002 2976 1134 3026 ἔστω
1201 2974 1402 3047 εἰρήνης
1471 2975 1810 3032 ἀπολαύουσα

187 3075 280 3121 καί
322 3065 566 3138 γαλήνης
599 3082 612 3093 ·
647 3062 731 3116 ἐὰν
769 3059 828 3116 δι
865 3067 937 3135 μὴ
989 3062 1018 3134 ᾖ
1063 3061 1206 3128 ἀξία,
1240 3064 1269 3121 ἠ
1302 3065 1476 3136 εἰρήνη
1520 3066 1660 3138 ὑμῶν
1688 3070 1809 3140 πρὸς

186 3158 332 3220 ὑμᾶς
390 3154 766 3226 ἀναστρεφέτω,
822 3154 1004 3221 ἤγουν,
1055 3147 1221 3222 μηδὲν
1280 3150 1626 3225 ἐνεργησάτω,
1684 3153 1811 3208 ἀλλὰ

184 3249 398 3302 ταύτην
433 3244 550 3316 μεθ’
594 3241 783 3293 ἑαυτῶν
812 3239 1052 3302 λαϐόντες
1089 3239 1328 3302 ἐξελοετε.

261 3337 463 3387 Σκόπει
529 3327 610 3398 δὲ,
667 3337 776 3392 πῶς
849 3328 942 3381 οὐκ
1007 3325 1193 3381 ἔδωκεν
1277 3329 1448 3391 αὐτοῖς
1515 3337 1808 3406 πρόγνωσιν

187 3421 353 3484 ἀξίου
403 3424 498 3471 καὶ
550 3417 784 3486 ἀναξίου,
828 3419 911 3469 ἶνα
951 3425 1024 3487 τῷ
1077 3415 1471 3492 ἀναγκαιοτάτῳ
1522 3418 1810 3493 λειπόμενοι

769 3508 839 3568 ὡς
914 3505 1124 3567 ἀτελεῖς.
1205 3511 1320 3581 Χρὴ
1399 3504 1458 3561 δὲ
1531 3509 1808 3582 θαυμάξειν

1241 3598 1308 3648 τά
1375 3598 1574 3649 πάντων
1635 3598 1811 3661 αὐτοῖς

187 3686 379 3747 ἀνῆκε.
449 3690 544 3746 Τίς
604 3687 703 3759 γὰρ
757 3683 852 3736 οὐκ
927 3681 987 3735 ἂν
1044 3680 1212 3746 ἡδέως
1275 3681 1622 3757 ἐξενοδόχησε
1690 3691 1809 3750 τοὺς

187 3776 362 3836 οὕτως
408 3773 668 3834 ἀσκεύους
721 3777 810 3824 καὶ
849 3769 1182 3846 ἀμερίμνους,
1239 3771 1537 3844 λάμποντας
1590 3774 1704 3848 (18)
1752 3775 1810 3828 οὗ

193 3870 354 3932 μόνον
406 3862 515 3915 ἀπὸ
563 3870 660 3914 τῶν
701 3860 866 3931 λόγων
914 3865 1002 3913 καὶ
1050 3869 1149 3912 τῶν
1195 3862 1492 3935 θαυμάτων,
1542 3862 1670 3916 ἀλλὰ
1722 3870 1812 3918 καὶ

194 3958 298 4027 πρό
336 3955 556 4016 τούτων,
587 3949 689 4002 ἀπὸ
714 3955 806 4002 τοῦ
841 3947 963 4022 βίου
989 3964 1004 4015 ;

184 3516 697 3582 ταπεινοφρονῶσιν,

185 3608 307 3660 πῶς
368 3600 581 3649 πάντων
629 3600 914 3668 γυμνώσας
962 3594 1166 3662 αὐτοὺς,

268 4127 375 4183 Καὶ
435 4156 506 4167 --
555 4126 716 4197 ὑμῶν.
748 4123 807 4176 '0
864 4119 924 4177 δὲ
970 4126 1181 4198 Μάρκος
1233 4131 1428 4198 φησίνο
1484 4128 1813 4192 Ἐκτινάξατε

192 4222 282 4271 τόν
359 4220 504 4288 χοῦν
579 4215 665 4266 τόν
737 4214 976 4265 ὑκοκάτω
1043 4221 1142 4266 τῶν
1221 4211 1396 4267 ποδῶν
1497 4218 1660 4288 ὑμῶν,
1743 4218 1813 4281 εἰς

197 4307 494 4379 μαρτύριον
544 4301 741 4365 αὐτοῖς,
801 4305 982 4372 ἤγουν,
1041 4301 1116 4364 εἰς
1166 4301 1380 4375 ἔλεγχον
1435 4304 1623 4358 αὐτῶν.
1659 4304 1815 4365 Ἐδή-

1918 1736 2191 1793 videlicet
2240 1737 2559 1793 honestum
2614 1737 2713 1793 Dei
2775 1738 3078 1806 cultorem,
3133 1743 3190 1794 et
3231 1739 3385 1811 apud
3426 1755 3566 1795 eum

1920 1829 2216 1896 maneant,
2271 1826 2459 1882 donec
2525 1841 2556 1882 e
2608 1826 2841 1882 civitate
2898 1831 3150 1883 exeant:
3186 1843 3262 1883 ne
3314 1829 3566 1884 domum

1917 1914 1978 1970 in
2019 1914 2268 1970 domum
2322 1918 2748 1986 permutantes,
2787 1919 2842 1971 et
2871 1930 3009 1971 eum
3057 1915 3161 1987 qui
3203 1931 3264 1971 se
3295 1931 3567 1988 suscepe-

1916 2006 2008 2059 rat
2051 2003 2413 2069 contristent,
2465 2008 2521 2060 et
2545 2003 2968 2074 gastrimargite
3026 2004 3433 2076 suspicionem
3480 2005 3568 2061 in-

1918 2096 2178 2148 currant.

1988 2181 2151 2236 Vers.
2195 2180 2277 2236 12.
2328 2180 2728 2251 Ingredientes
2779 2181 3060 2238 —itlam.
3113 2181 3394 2252 Salutate,
3450 2182 3567 2239 hoc

1917 2273 2020 2336 est,
2055 2284 2267 2342 pacem
2307 2268 2385 2325 illi
2426 2269 2772 2342 precamini.
2823 2273 2954 2326 Haec
2984 2269 3144 2327 enim
3173 2269 3566 2343 postmodum

1918 2358 2298 2430 septuaginta
2327 2358 2630 2430 discipulis
2655 2359 3017 2432 praecipiens,
3049 2359 3196 2415 dixit
3220 2378 3232 2418 :
3263 2360 3332 2416 In
3361 2374 3565 2432 quam-

1917 2463 2150 2519 cunque
2187 2448 2424 2504 domum
2472 2448 2864 2519 intraveritis,
2903 2451 3165 2518 primum
3195 2449 3402 2506 dicite:
3434 2449 3568 2507 Pax

1921 2537 2053 2594 huic
2079 2536 2283 2592 domui
2313 2537 2360 2572 ¹⁴

1987 2628 2150 2682 Vers.
2213 2629 2296 2682 13.
2356 2627 2436 2682 Et
2492 2631 2894 2682 convertatur.
2948 2627 3097 2692 Quia
3172 2625 3223 2680 is
3272 2626 3370 2699 qui
3439 2643 3567 2683 sus-

1919 2715 2074 2788 cipit,
2123 2717 2344 2786 saapius
2395 2713 2560 2784 digni
2615 2731 2828 2771 nomen
2878 2715 3079 2782 habet,
3129 2713 3311 2770 vitam
3364 2719 3566 2771 autem

1918 2803 2254 2874 indignam,
2268 2802 2402 2857 ideo
2419 2801 2562 2858 dicit
2579 2822 2591 2861 ε
2615 2802 2926 2875 Siquidem
2941 2803 3342 2859 tueritdomus
3356 2801 3563 2873 digna,

1918 2892 2118 2948 veniat
2191 2907 2372 2962 super
2442 2889 2626 2960 illam,
2682 2907 2796 2962 pax
2874 2907 3007 2963 quae
3059 2908 3095 2947 a
3144 2891 3318 2947 vobis
3372 2892 3564 2956 datur,

1918 2980 1980 3035 id
2030 2984 2136 3044 est,
2189 2984 2465 3052 operetur
2508 2980 2567 3034 in
2631 2979 2812 3048 illam,
2874 2979 3225 3053 fruaturque
3306 2995 3455 3052 pace
3511 2987 3567 3036 et

1919 3067 2340 3140 tranquillitate
2373 3109 2385 3129 ,
2415 3067 2463 3122 si
2501 3083 2638 3123 vero
2678 3068 2850 3123 fuerit
2906 3068 3168 3138 indigna,
3229 3085 3346 3141 pax
3375 3075 3567 3126 vestra

1919 3157 1995 3214 ad
2021 3172 2122 3212 vos
2174 3159 2570 3216 convertatur,
2623 3156 2745 3211 sive
2784 3155 2932 3211 nihil
2973 3162 3250 3228 operetur
3279 3175 3291 3212 :
3325 3157 3423 3213 sed
3453 3158 3568 3213 hac

1918 3245 2228 3302 vobiscum
2257 3249 2518 3316 sumpta,
2553 3245 2720 3298 exite.

1992 3334 2131 3390 Vide
2187 3323 2352 3404 quOd
2422 3349 2543 3388 non
2590 3332 2819 3388 dederit
2869 3331 2952 3387 eis
3034 3331 3568 3404 praecognitionem

1918 3422 2078 3494 digni
2106 3426 2161 3478 et
2189 3420 2412 3491 indigni
2445 3437 2457 3476 :
2489 3425 2552 3476 ut
2602 3436 2660 3476 re
2694 3420 2957 3476 maxime
3009 3419 3346 3476 necessaria
3393 3419 3571 3475 desti—

1921 3510 2046 3574 tuti,
2078 3525 2205 3565 sese
2235 3508 2566 3581 deprimant
2621 3513 2910 3581 tanquam
2962 3507 3316 3581 imperfecti.
3368 3506 3571 3562 Admi-

1917 3598 2175 3657 randum
2207 3601 2294 3654 est
2323 3602 2523 3654 autem
2548 3597 2879 3670 quomodo,
2927 3602 3253 3670 postquam
3283 3594 3568 3651 omnibus

1919 3705 2021 3745 eos
2051 3687 2319 3754 nudavit,
2365 3703 2574 3742 rusum
2606 3685 2718 3742 illis
2746 3686 2950 3742 omnia
3016 3683 3375 3740 submiserit.
3432 3684 3573 3749 Quis

1920 3777 2079 3833 enim
2109 3776 2244 3831 laeta
2267 3774 2457 3832 fronte
2501 3790 2624 3831 non
2684 3775 2969 3846 suscipiat
2998 3773 3254 3846 hospitio
3301 3771 3571 3844 quibusli

1919 3864 2018 3920 bet
2064 3864 2253 3920 obviis
2313 3869 2646 3933 contentos,
2702 3880 2768 3921 ac
2819 3862 3215 3919 sollicitudine
3282 3865 3569 3926 carentes,

1920 3953 2234 4023 fulgentes,
2268 3969 2386 4008 non
2421 3954 2596 4009 verbo
2639 3958 2870 4008 tantum
2910 3957 2965 4007 et
2995 3950 3324 4016 miraculis,
3357 3965 3574 4006 verum

1921 4042 2100 4097 etiam
2129 4040 2292 4112 quod
2335 4041 2520 4114 magis
2553 4046 2662 4107 est,
2693 4041 2855 4097 bona
2893 4041 3010 4097 vita
3050 4039 3078 4094 ?

1997 4129 2164 4188 Vers.
2192 4129 2280 4184 14.
2321 4130 2854 4186 Et—vestrorum.
2896 4132 3124 4187 Marcus
3150 4127 3297 4182 dixit
3329 4127 3566 4182 :Eaccu-

1924 4220 2026 4274 tite
2051 4219 2376 4287 pulverem,
2413 4219 2518 4287 qui
2545 4223 2627 4273 est
2657 4218 2764 4272 sub
2789 4218 3035 4286 pedibus
3067 4215 3288 4280 vestris,
3319 4214 3382 4268 in
3410 4214 3570 4268 testi-

1924 4307 2175 4362 monium
2210 4305 2324 4361 illis
2367 4308 2436 4369 ‘5,
2467 4308 2592 4360 sive
2637 4305 2714 4360 ad
2764 4304 3250 4374 redargutionem
3308 4299 3574 4355 illorum.

197 4392 289 4446 λον
326 4394 437 4466 γὰρ
472 4391 499 4443 ὁ
530 4389 840 4463 ἐκτιναγμός
862 4389 1030 4456 οὗτος,
1059 4390 1141 4442 ὅτι
1169 4389 1227 4442 οὐ
1258 4395 1409 4463 μόνον
1445 4390 1596 4446 οὐδὲν
1626 4394 1810 4448 ἐκεῖθεν

1931 4394 2375 4454 Manifestabant
2404 4395 2564 4450 enim
2591 4409 2696 4466 per
2725 4393 2899 4448 talem
2925 4391 3361 4452 excussionem,
3409 4387 3578 4460 quod

199 4480 406 4549 ἴλαϐον,
462 4477 593 4531 ἀλλά
639 4482 730 4531 καὶ
781 4481 866 4532 τόν
923 4476 1108 4532 ἐκεῖθεν
1159 4483 1422 4553 κονιορτὸν
1479 4480 1815 4537 ἕκτινάσσουο

200 4588 285 4624 σο
315 4568 424 4622 ἀπὸ
472 4575 575 4620 τῶν
620 4562 796 4621 ποδῶν
827 4565 1016 4637 αὐτῶν,
1048 4570 1113 4630 ὡς
1161 4572 1248 4622 καὶ
1300 4569 1454 4623 αὐτόν
1494 4567 1570 4624 δι’
1625 4573 1816 4636 αὐτοὺς

195 4658 442 4713 ἀνόσιον.

273 4837 324 4873 ³³
366 4833 514 4892 Luc.
539 4848 622 4901 xx,
663 4833 718 4889 3.

799 4834 1003 4892 u’Luc.
1026 4850 1086 4902 x,
1119 4838 1173 4894 5.
1252 4837 1298 4873 ¹⁵
1332 4839 1504 4895 Marc.
1537 4837 1572 4892 5
1605 4854 1682 4903 vx,
1709 4843 1795 4894 11.

1924 4499 2050 4540 non
2080 4482 2274 4540 solum
2303 4481 2444 4538 nihil
2470 4481 2609 4538 inde
2640 4481 2990 4552 acceperint,
3030 4478 3135 4534 sed
3166 4477 3344 4533 etiam
3370 4474 3582 4548 pulve-

1925 4588 2074 4638 rem,
2094 4572 2340 4645 quiinde
2355 4569 2724 4640 adhaesisset,
2740 4585 2776 4626 a
2795 4567 3047 4641 pedibus
3067 4566 3190 4622 suis
3212 4567 3578 4630 excuterent,

1929 4667 2219 4736 tanquam
2245 4668 2484 4736 propter
2512 4661 2646 4717 illos
2678 4660 2956 4732 impium.

1451 4987 1674 5060 Varia
1702 4988 2029 5060 lectiones
2060 5001 2126 5059 et
2155 5001 2359 5060 notae.

279 5153 396 5224 (13)
433 5146 672 5224 ἰφοδᾼίου.
707 5153 776 5208 Α.

279 5219 398 5296 tu)
435 5219 836 5296 ἄποδοχῆς-,Ατ

310 5301 373 5351 15
437 5293 645 5369 εἰρήνην
677 5293 754 5346 ἔπ’
784 5295 964 5353 αὐτήν.
997 5295 1062 5351 Α.

276 5293 402 5440 iis;
430 5365 778 5440 intelligitur
793 5381 956 5437 ergo,
976 5382 1062 5422 uni

311 5365 398 5437 16)
430 5365 778 5436 intelligitur
793 5381 956 5437 ergo,
976 5365 1136 5422 unde
1167 5366 1227 5422 in
1248 5367 1572 5424 nonnullos
1591 5369 1824 5428 codices

197 5442 270 5500 h.
291 5438 676 5515 ;1.__ve_nerit:
730 5441 977 5515 ῥίγοντες
1012 5455 1026 5469 ο
1084 5438 1278 5515 Εἰρήνη
1327 5448 1422 5515 τῶ*
1459 5443 1584 5514 οἴκῳ
1636 5445 1822 5515 τούτῳ.

281 5510 402 5588 (17)
429 5510 564 5568 αὕτη
583 5524 707 5566 non
728 5509 913 5568 habet
935 5510 997 5567 in
1021 5509 1202 5567 textu.
1230 5514 1346 5570 Nec
1366 5509 1828 5586 Chrysostomus

573 5598 820 5662 Ρετεωι..
867 5598 973 5660 Gn.
1015 5598 1262 5664 CXXIX.

1930 5160 2374 5232 aBHOSCittom.
2413 5157 2552 5232 VII,_
2577 5173 2718 5230 pag.
2752 5159 2851 5232 311
2888 5156 2993 5218 ﬁn.
3043 5157 3152 5214 Alii
3182 5149 3590 5232 tamendapud

1931 5225 2144 5287 Wetst.
2213 5231 2472 5302 inferunt
2534 5225 2698 5288 ἐκείνῆ
2782 5229 2882 5286 Est
2923 5245 3066 5302 ergo
3154 5225 3583 5301 explicationis,

1932 5306 1997 5357 ut
2037 5317 2175 5357 mox
2205 5298 2442 5355 δοθεῖσα.

2177 5371 2415 5449 C_orrexi
2483 5371 2770 5447 λάμποτας,
2830 5389 2934 5446 pro
2986 5372 3366 5449 λαμϐάνοντας.

1934 5445 2148 5512 tenius,
2173 5445 2490 5517 fulgentes.

3445 5367 3593 5425 Hen-

3246 5601 3310 5661 11
