3990 6206
475 253 574 308 331

472 466 674 521 vicum
713 466 1086 536 signiﬁcavit.
1144 468 1410 525 Sodoma
1456 478 1657 524 autem
1698 475 1752 524 et
1789 469 2116 524 Gomorrha

471 554 733 611 civitates
777 555 919 611 olim
969 573 1203 627 magnae
1242 575 1305 614 ac
1362 558 1668 630 p0pulosae
1713 562 1882 613 erant
1924 574 1937 612 :
1979 573 2113 629 quae

468 648 709 716 propter
734 645 972 700 nimiam
1001 645 1305 702 libidinem
1337 647 1802 703 inhabitantium
1849 645 2114 702 maxima

465 732 800 789 calamitate
830 733 1084 792 redactas
1121 740 1260 790 sunt
1287 736 1347 790 in
1386 735 1678 807 pulveres,
1710 735 1845 803 igne
1885 733 2111 789 ccelitus

464 822 914 892 conﬂagrante;
957 827 1014 878 et
1062 823 1274 878 horum
1326 823 1683 896 supplicium
1723 841 1755 880 a
1822 825 1939 878 Deo
1992 822 2111 877 illis

462 910 810 974 immissum,
867 911 1082 983 quovis
1135 911 1250 968 alio
1303 911 1737 968 formidabilius
1802 912 2111 968 videbatur

463 1014 534 1054 ac
566 999 617 1053 si
656 1003 808 1055 terra
832 997 934 1054 illa
965 998 1043 1054 ad
1073 999 1187 1055 hoc
1220 1016 1403 1072 usque
1458 1005 1695 1071 tempus
1733 999 2111 1056 inﬂammata

461 1087 754 1151 videatur,
796 1103 1091 1159 suamque
1136 1087 1420 1160 praedicet
1445 1089 1858 1144 calamitatem.

534 1175 634 1231 Hic
658 1191 794 1232 vero
842 1175 980 1231 dicit
1017 1176 1284 1233 Christus
1328 1177 1567 1247 gravius
1607 1193 1708 1233 eos
1753 1177 2106 1249 puniendos,

459 1264 562 1336 qui
594 1281 714 1320 non
745 1263 1095 1335 exceperint,
1129 1281 1236 1320 nec
1267 1265 1564 1321 audierint
1593 1264 1768 1322 verba
1814 1264 2108 1336 apostolo-

459 1369 619 1410 rum.
662 1353 924 1409 Sodoma
955 1353 1114 1408 enim
1147 1358 1201 1408 et
1229 1354 1560 1409 Gomorrha
1598 1370 1787 1425 neque
1815 1353 2108 1410 miracula

456 1440 745 1505 viderant,
780 1441 926 1496 sicut
979 1441 1073 1496 isti
1118 1441 1438 1498 innumera
1472 1462 1484 1500 :
1519 1457 1711 1514 neque
1772 1442 1847 1497 ad
1891 1447 2105 1497 terram

455 1529 693 1585 illorum
722 1528 996 1601 discipuli
1029 1546 1066 1586 a
1103 1529 1397 1586 Salvatore
1427 1531 1594 1586 missi
1649 1531 1901 1587 fuerant.
1957 1533 2103 1587 Cum

454 1623 652 1674 autem
666 1618 842 1674 dixit:
879 1618 1271 1675 Tolerabilius
1303 1620 1411 1675 erit
1435 1626 1609 1676 terra
1638 1620 2022 1676 Sodomorum
2052 1628 2100 1674 et

3649 29 3656 38 -
3689 28 3838 62 ιτηῖιιτί-

1806 252 2149 309 EUTHYMII
2187 250 2509 308 ZIGABENI
3679 259 3762 316 352

547 379 710 433 Vers.
770 378 851 432 15.
892 378 1079 436 Amen
1140 410 1206 420 -
1252 380 1367 436 illi.
1425 380 1542 438 Per
1597 379 1889 435 civitatem
1937 379 2116 434 etiam
2146 379 2193 432 A

2298 379 2460 449 Ἀμὴν
2509 410 2576 419 —
2618 378 2802 450 ἐκείνῃ.
2851 382 2944 432 Διὰ
2987 390 3079 442 τῆς
3128 380 3332 453 πόλεως,
3374 385 3462 433 καὶ
3509 385 3589 440 τὴν
3622 389 3762 457 κώμην

2223 464 2472 524 ἐδήλωσε.
2502 470 2578 520 Τὰ
2619 464 2676 520 δὲ
2709 466 2917 541 Σόδομα
2946 475 3034 522 καὶ
3067 472 3130 521 τὰ
3157 469 3412 544 Γόμορρα,
3457 470 3598 522 πάλαι
3631 473 3766 535 πόλεις

2222 552 2375 607 οὖσαι
2407 557 2629 628 μεγάλαι
2676 563 2764 610 καὶ
2812 558 3360 632 πολυανθρωπόταται,
3397 555 3486 610 διὰ
3526 566 3602 616 τὴν
3643 560 3764 615 ἀσέλ-

2219 665 2359 714 γειαν
2435 645 2603 696 αὐτῶν
2682 648 3001 720 πανωλεθρία
3070 651 3542 719 κατετεφρωοησαν,
3593 651 3762 722 οὐρανό-

2221 736 2300 786 θεν
2346 736 2456 805 (19)
2508 739 2866 805 κατενεχθέντι
2914 742 3058 808 πυρί.
3113 743 3212 788 Καὶ
3260 741 3446 788 τούτων
3495 739 3519 795 ἡ
3568 739 3766 802 θεήλατος

2220 823 2349 878 αὕτη
2402 823 2612 884 κόλασις
2669 824 2991 897 φοϐερωτέρα
3043 828 3217 885 πάσης
3274 822 3442 876 ἐδόκει
3493 833 3645 896 πᾶσιν,
3695 828 3764 880 rit:

2217 917 2304 962 καὶ
2358 921 2447 971 τῆς
2507 920 2599 982 γῆς
2672 912 2868 973 ἐκείνης
2928 915 3061 987 ἄχρι
3115 934 3201 964 και
3252 923 3336 964 νῦν
3391 918 3765 987 ἐμπεπρησμένης

2217 1004 2542 1072 φαινομένης,
2595 1007 2682 1052 καὶ
2732 1006 3094 1073 κηρυττούσης
3141 1008 3232 1060 τὴν
3288 1003 3475 1054 οἰκείαν
3522 1023 3761 1076 συμφοραν.

2286 1088 2440 1140 Ἀλλά
2509 1096 2595 1140 νῦν
2661 1091 2685 1140 ὁ
2740 1095 2965 1161 Χριστός
3045 1090 3330 1164 βαρύτερον
3397 1091 3768 1148 κολασὺήσεσθαι

2214 1176 2347 1247 λέγει
2378 1181 2499 1239 τούς
2527 1183 2598 1250 μὴ
2630 1177 2968 1250 δεχομένους,
3015 1178 3147 1251 μηδ’
3179 1179 3459 1240 ἀκούοντας
3489 1185 3598 1242 τούς
3625 1189 3766 1251 λόγους

2215 1275 2312 1317 τῶν
2368 1265 2683 1331 ἀποστόλων,
2734 1264 2874 1320 διότι
2914 1270 2980 1319 τὰ
3047 1265 3252 1340 Σόδομα
3309 1274 3398 1321 καὶ
3444 1272 3507 1320 τὰ
3551 1269 3768 1344 Γόμορρα,

2215 1355 2332 1406 οὔτε
2377 1357 2619 1426 θαύματα
2665 1352 2821 1418 εἶδον,
2873 1359 2941 1416 ὡς
2994 1357 3137 1408 οὗτοι
3175 1362 3359 1430 μυρία,
3405 1361 3662 1430 οὗτεπρός
3696 1364 3768 1415 τὴν

2213 1451 2312 1513 ’γῆν
2352 1443 2520 1495 αὐτῶν
2557 1446 2792 1516 μαθηταὶ
2826 1447 2970 1517 παρὰ
3001 1453 3090 1496 τού
3139 1452 3372 1518 Σωτῆρος
3414 1445 3764 1503 ἀπεστάλησαν,

2217 1532 2384 1583 Εἰπὼν
2439 1529 2516 1599 δὲ,
2578 1535 2658 1584 ὅτι
2709 1533 3065 1608 Ἀνεκτότερον
3122 1536 3270 1585 ἔσται
3308 1542 3372 1606 γῇ
3432 1531 3656 1606 Σοδόμων
3703 1541 3774 1586 καὶ

2214 1620 2483 1695 Γομόρρων
2533 1619 2579 1672 ἐν
2627 1623 2795 1695 ἡμέρα
2843 1627 3085 1694 κρίσεως,
3147 1618 3428 1686 ἐδήλωσεν,
3488 1624 3562 1674 ὃτι
3613 1628 3688 1674 καὶ
3733 1621 3772 1674 ἐν

453 1707 892 1764 Gomorrhorum
924 1709 982 1762 ιή
1027 1707 1119 1763 die
1141 1709 1376 1779 iudicii,
1421 1708 1772 1779 signiﬁcavit
1813 1711 1990 1766 etiam
2041 1711 2097 1766 in

2211 1717 2281 1780 τῷ
2325 1709 2557 1780 μέλλοντι
2605 1710 2753 1761 αἱὼνι
2803 1713 2850 1761 οἱ
2894 1707 3176 1782 Σοδομῖται
3224 1716 3311 1763 καὶ
3375 1711 3672 1785 Γομορρῐται
3711 1730 3771 1762 τι-

450 1796 649 1853 futuro
666 1797 886 1853 saeculo
910 1797 1247 1854 Sodomitas
1265 1802 1321 1854 et
1347 1797 1744 1854 Gomorrhitas
1770 1815 1898 1854 esse
1929 1800 2100 1870 puni-

451 1889 669 1942 endos:
701 1890 757 1942 et
785 1887 923 1941 hinc
961 1885 1383 1957 magnifestum
1422 1891 1509 1944 est
1537 1887 1818 1960 quaedam
1851 1893 2099 1960 peccata

451 1978 508 2031 et
530 1974 625 2030 hic
654 1979 709 2030 et
736 1974 821 2031 ibi
849 1991 977 2031 esse
1016 1975 1348 2047 punienda.

521 2065 858 2121 Timeamus
872 2081 1011 2136 ergo
1033 2069 1090 2121 et
1109 2082 1219 2122 nos
1239 2064 1584 2136 hujusmodi
1609 2066 1821 2132 minas,
1847 2067 2096 2123 scientes

448 2153 606 2227 quod
628 2154 824 2209 omnis
843 2155 943 2226 qui
966 2170 1086 2210 non
1113 2162 1326 2219 servat,
1354 2169 1546 2226 neque
1564 2154 1700 2210 facit
1721 2171 1855 2227 quae
1880 2155 2097 2211 docue-

446 2246 584 2298 runt
609 2241 880 2314 apostoli,
909 2242 1290 2299 manifestum
1323 2248 1412 2298 est
1440 2243 1599 2315 quod
1624 2258 1813 2315 neque
1849 2244 2096 2316 suscipit

448 2347 570 2399 eos,
601 2347 790 2402 neque
822 2331 1057 2387 illorum
1109 2331 1274 2388 audit
1305 2347 1640 2388 sermones.
1675 2333 1865 2397 Quare
1892 2337 2090 2388 autem

449 2435 568 2476 uno
620 2435 742 2475 non
782 2421 1156 2491 suscipiente,
1208 2422 1480 2476 universa
1533 2421 1738 2477 civitas
1795 2421 2094 2493 punienda

447 2507 574 2566 est?
596 2508 743 2574 Quia
771 2508 1209 2581 caateriquoque
1237 2509 1497 2566 videntes
1518 2525 1637 2566 non
1662 2509 2095 2580 prohibuerunt

446 2597 633 2653 illum.
669 2597 778 2663 Qui
809 2602 1008 2654 autem
1040 2613 1159 2654 non
1191 2599 1591 2671 suscipiebant
1621 2599 1947 2670 apostolos,
1989 2615 2092 2672 pu-

445 2687 596 2743 blice
629 2702 731 2742 eos
757 2685 1148 2759 expellebant.

517 2779 678 2842 Vers,
715 2781 798 2842 l6,
820 2777 968 2832 Ecce
996 2807 1063 2816 —
1106 2777 1389 2846 luporum.
1442 2779 1758 2847 Postquam
1803 2777 1916 2832 illis
1989 2794 2092 2834 au-

444 2866 671 2921 dacxam
697 2865 899 2937 injecit
928 2881 1029 2936 per
1066 2881 1137 2920 ea
1166 2881 1301 2936 quas
1331 2863 1802 2931 denuntiaverat,
1827 2872 1881 2922 et
1907 2867 2092 2922 duros

445 2969 515 3010 ac
541 2953 948 3010 adamantinos
968 2953 1254 3008 reddidit:
1284 2953 1551 3026 praedicit
1575 2953 1752 3010 etiam
1778 2970 1937 3010 nunc
1958 2971 2092 3028 quae

2209 1801 2633 1870 μωρηθὴσονται.
2698 1801 2978 1851 Κὰντεῦθεν
3036 1803 3266 1873 φανερὸν,
3329 1802 3392 1860 ὡς
3449 1819 3576 1862 τινες
3636 1799 3774 1872 ἁμαρ-

2207 1892 2318 1940 τίαι
2351 1892 2440 1940 καὶ
2467 1887 2704 1954 ἐνταῦθα,
2738 1893 2824 1939 καὶ
2863 1888 2967 1940 ἐκεῖ
2997 1888 3322 1949 κολάζονται.

2279 2061 2585 2135 Φοϐηθώμεν
2631 2061 2718 2114 οὖν
2775 2067 2864 2116 καὶ
2921 2064 3069 2134 ἡμεῖς
3127 2067 3220 2120 τὴν
3277 2065 3524 2120 τοιαύτην
3571 2061 3779 2130 απιιλήν,

2207 2149 2422 2214 εἰδότες,
2471 2153 2549 2203 ὃτι
2606 2157 2703 2211 πᾶς
2748 2153 2772 2202 ὁ
2803 2156 2874 2223 μὴ
2932 2152 3213 2223 φυλάττων,
3265 2148 3405 2222 μηδὲ
3461 2159 3617 2204 ποιῶν
3669 2152 3778 2221 άπερ

2208 2237 2456 2302 ἐδίδαξαν
2516 2243 2562 2292 οἱ
2614 2239 2915 2300 ἀπόστολοι,
2962 2237 3246 2315 πρόδηλον,
3290 2244 3357 2301 ὡς
3417 2238 3540 2293 ούὸὲ
3587 2237 3781 2311 δέχεται

2206 2333 2435 2395 τούτους,
2486 2332 2601 2382 οὗτε
2653 2327 2829 2381 ἀκούει
2880 2332 2993 2388 τούς
3049 2328 3232 2400 λόγους
3289 2329 3477 2381 αὐτῶν.
3530 2334 3670 2381 Διατί
3715 2325 3780 2392 δὲ,

2208 2419 2310 2478 ἑνός
2360 2423 2429 2490 μὴ
2497 2414 2796 2489 δεξαμένου,
2857 2423 3005 2469 πᾶσα
3071 2420 3100 2476 ἡ
3163 2417 3310 2480 πόλις
3372 2419 3783 2483 κολασθήσεταις

2206 2512 2347 2560 Διότι
2385 2512 2474 2559 καὶ
2508 2509 2556 2559 οἱ
2606 2506 2775 2559 λοιποὶ
2830 2504 3124 2578 βλέποντες,
3176 2507 3268 2559 οὐκ
3321 2507 3588 2559 ἐκώλυσαν
3631 2505 3785 2558 αὐτόν.

2205 2598 2269 2648 Οἱ
2299 2600 2398 2669 γὰρ
2449 2601 2519 2668 μὴ
2568 2593 2993 2669 παραδεχόμενοι
3033 2599 3148 2656 τούς
3187 2596 3534 2661 ἀποστόλους,
3573 2591 3791 2666 δημοσίᾳ

2203 2688 2418 2745 τούτους
2453 2685 2764 2744 ἀπήλαυνον.

2273 2771 2412 2828 Ἰδοὺ
2443 2803 2512 2816 --
2579 2773 2763 2825 λύκων.
2816 2772 3088 2847 Θαρῥύνας
3139 2774 3349 2840 αὐτούς,
3387 2771 3462 2826 δι’
3505 2773 3574 2824 ὧν
3614 2776 3792 2843 παρήγ-

2202 2863 2356 2934 γειλε,
2417 2867 2506 2914 καὶ
2556 2861 2793 2935 στερροὺς
2849 2867 2937 2912 και
2999 2859 3383 2932 ἀδαμαντίνους
3455 2861 3795 2935 ἐργασάμενος

2201 2951 2377 3003 λοιπόν
2434 2954 2668 3024 προλέγει
2739 2955 2828 3001 καὶ
2881 2953 2946 3001 τὰ
3009 2950 3387 3022 συμϐησόμενα
3465 2954 3686 3013 τούτοις,
3743 2947 3794 2998 οὐ

445 3041 558 3097 illis
574 3045 823 3097 ventura
849 3045 1004 3107 sunt,
1026 3057 1141 3097 non
1158 3041 1354 3097 Solum
1367 3057 1502 3114 quae
1520 3043 1703 3114 paulo
1720 3049 1871 3114 post,
1887 3061 2089 3100 verum

2210 3044 2352 3092 μόνον
2427 3043 2492 3092 τᾷι
2559 3043 2744 3111 μικρὸν
2807 3039 3042 3112 ὕστερον,
3122 3039 3249 3091 ἀλλὰ
3330 3044 3423 3091 καὶ
3478 3042 3548 3090 τὰ
3613 3039 3795 3109 μακρόν

445 3131 624 3186 etiam
671 3145 806 3201 quae
836 3129 1014 3199 longo
1059 3135 1191 3202 post
1223 3134 1501 3202 tempore.
1533 3132 1798 3186 Primum
1848 3133 2089 3204 quidem

448 3225 513 3274 ut
564 3219 683 3274 vim
758 3219 1139 3290 praescientiae
1195 3219 1382 3290 ipsius
1425 3226 1825 3290 cognoscant;
1881 3222 2092 3278 deinde

444 3323 586 3363 vero
611 3323 685 3362 ne
707 3308 1016 3378 patientes,
1049 3309 1428 3380 suspicentur
1458 3326 1588 3364 sese
1646 3310 1773 3366 haec
1817 3311 1956 3382 pali,
2013 3312 2092 3366 ob

444 3396 568 3466 ejus
593 3395 696 3468 qui
725 3395 854 3451 illos
878 3395 1033 3451 misit
1064 3396 1526 3454 imbecillitatem
1562 3413 1576 3463 ;
1606 3398 1769 3454 tertio
1805 3405 1866 3454 ut
1887 3399 2092 3454 audito

441 3484 725 3556 primum,
759 3484 917 3556 quod
951 3485 1110 3540 mala
1133 3488 1363 3556 passuri
1400 3485 1533 3549 sint,
1563 3485 1796 3540 facilius
1830 3491 2092 3558 postmo-

444 3574 590 3629 dum
624 3572 824 3629 i’erant.
855 3573 1020 3637 Ecce,
1063 3573 1252 3643 inquit
1308 3588 1408 3643 ego
1438 3576 1604 3629 mitto
1644 3590 1762 3638 vos,
1809 3582 2088 3646 tanquam

445 3678 575 3719 oves
619 3663 682 3717 in
711 3662 887 3719 medio
915 3663 1202 3733 luporum.
1260 3663 1380 3731 Ego
1425 3663 1525 3734 qui
1557 3664 1760 3718 omnia
1819 3679 2088 3735 possum,

445 3752 614 3808 mitto
646 3768 773 3816 vos,
807 3756 872 3806 ut
900 3749 1292 3806 mordeamini
1334 3766 1403 3805 ac
1433 3750 1796 3807 dilaniemini
1828 3771 1840 3819 ;
1901 3768 2090 3824 neque

443 3839 833 3904 ulciscamini,
892 3843 994 3895 aut
1055 3854 1271 3894 manus
1321 3846 1722 3909 repugnantes
1769 3841 2086 3911 objiciatis.

443 3930 840 3996 Quamobrem
866 3928 892 3982 ‘?
919 3927 1070 3992 Quia
1108 3927 1298 3999 magis
1326 3928 1404 3984 ita
1449 3928 1711 3993 vincetis,
1744 3935 1798 3984 et
1827 3929 2004 4002 lupos
2030 3932 2089 3986 in

442 4035 584 4076 oves
608 4017 1097 4075 transmutabitis.
1141 4017 1450 4084 Quomodo
1479 4017 1508 4072 ?
1543 4020 1663 4073 Mea
1693 4019 1926 4088 virtute,
1954 4037 2090 4092 quae

441 4107 650 4164 omnia
666 4107 860 4173 vincit,
886 4112 1195 4180 vestraque
1227 4105 1697 4172 mansuetudine,
1723 4123 1856 4180 qua;
1886 4109 2087 4180 utplu-

440 4197 660 4253 rimum
683 4195 1035 4252 ferocitatem
1061 4211 1130 4252 ac
1154 4195 1570 4252 truculentiam
1592 4194 1920 4252 inﬁdelium
1947 4198 2086 4253 sub-

442 4286 1021 4358 mittit.Nequeenim
1036 4284 1308 4340 ferocitas
1323 4300 1427 4356 per
1449 4284 1834 4350 ferocitatem,
1855 4286 1957 4341 sed
1986 4303 2089 4359 per

440 4375 961 4432 mansuetudinem
1001 4373 1268 4429 submitti
1294 4373 1466 4428 solet.
1515 4375 1663 4429 Nam
1693 4380 1924 4446 oportet
1949 4392 2086 4431 eum

441 4465 538 4536 qui
571 4465 839 4520 medetur
867 4463 1117 4530 insanis,
1150 4462 1437 4534 patienter
1482 4461 1716 4517 illorum
1743 4462 1891 4519 ferre
1935 4462 2084 4535 inju-
2120 4441 2162 4496 θ

441 4554 578 4617 rias,
617 4552 808 4608 solam
841 4569 951 4623 prae
987 4551 1172 4607 oculis
1231 4550 1510 4607 habendo
1565 4549 1984 4608 liberationem
2010 4554 2087 4609 ab

441 4640 696 4696 insania.
740 4641 805 4695 Et
841 4655 949 4695 nos
989 4655 1129 4710 ergo
1169 4639 1281 4695 nisi
1324 4639 1529 4695 ovium
1561 4639 2086 4698 mansuetudinem

443 4728 726 4785 adversus
790 4728 1150 4783 ferocitatem
1210 4729 1466 4794 illorum,
1510 4729 1613 4801 qui
1670 4743 1778 4784 nos
1843 4728 2084 4798 lazdunt,

440 4816 952 4890 proposuerimus,
983 4831 1366 4889 nequaquam
1401 4817 1658 4890 pastoris
1709 4818 1895 4874 nostri
1924 4821 2087 4876 auxi-

441 4904 585 4963 lium
623 4904 880 4962 habituri
910 4922 1137 4962 sumus.
1169 4907 1475 4981 Siquidem
1515 4907 1742 4979 ovium,
1770 4923 1892 4964 non
1918 4909 2086 4982 lupo-

440 5011 598 5063 rum,
627 4999 831 5068 pastor
859 4998 976 5054 est.

2203 3130 2437 3203 ὕστερον.
2491 3135 2695 3200 Πρῶτον
2740 3131 2850 3199 μὲν,
2912 3129 2994 3179 ἵνα
3036 3129 3246 3199 μάθωσι
3297 3132 3393 3185 τὴν
3447 3125 3675 3199 δύναμιν
3715 3133 3797 3185 τῆς

2203 3224 2541 3292 προγνώσεως
2589 3217 2748 3268 αὐτου
2779 3234 2790 3245 '
2827 3213 3064 3290 δεύτερον
3111 3213 3190 3284 δὲ,
3225 3218 3306 3268 ἵνα
3353 3219 3686 3288 πάσχοντες,
3735 3217 3794 3286 μὴ

2203 3309 2553 3371 υποπτεύωσι,
2641 3301 2714 3357 δι’
2784 3303 3046 3358 ἀσθένειαν
3104 3313 3194 3356 τοῦ
3264 3305 3579 3377 πέμψαντος
3652 3310 3804 3355 ταῦτα

2481 3413 2492 3424 ⁸
2534 3399 2727 3469 τρίτον,
2781 3396 2861 3445 ἵνα
2913 3399 3316 3468 προακηκοότες,
3375 3397 3462 3446 ὃτι
3514 3393 3800 3448 κακοπαθή·

3528 3483 3631 3552 ἐγὼ
3693 3481 3810 3532 ἁπο-

2204 3400 2431 3468 πάσχειν

2205 3504 2378 3552 σουσι,
2428 3485 2551 3558 ῥᾷον
2602 3487 2713 3535 τότε
2770 3485 2981 3554 φέροιεν.
3040 3479 3200 3551 Ἰδού,
3261 3487 3450 3554 φησιν,

2204 3574 2391 3626 στέλλω
2449 3575 2602 3646 ὑμᾶς,
2661 3574 2730 3633 ὡς
2786 3569 3021 3645 πρόϐατα
3079 3570 3126 3622 ἐν
3181 3576 3322 3642 μέσῳ
3379 3570 3606 3623 λύκων·
3652 3569 3810 3639 ἒγὼὀ

2200 3665 2368 3715 πάντα
2416 3658 2735 3734 δυνάμενος·
2789 3662 2922 3711 ὥστε
2971 3657 3257 3711 δάκνεσθαι
3312 3661 3476 3732 ὑμᾶς,
3539 3666 3635 3712 καὶ
3692 3678 3818 3710 σπα-

2200 3752 2481 3824 ράττεσθαι
2533 3752 2673 3822 παρὰ
2720 3757 2818 3800 τῶν
2873 3748 3318 3812 ἐπιϐουλευόντων,
3381 3753 3463 3821 μὴ
3532 3747 3816 3820 ἀμύνεσθαι

2202 3836 2279 3907 δε,
2347 3836 2476 3912 μηδ’
2531 3837 2918 3909 ἀντιμάχεσθαι
2973 3843 3086 3898 ταῖς
3161 3841 3323 3909 χερσί
3362 3854 3375 3902 ;
3411 3841 3570 3889 Διότι
3639 3835 3821 3908 μᾶλλον

2200 3931 2334 3980 οὕτω
2409 3933 2640 3986 νικήσετε
2719 3930 2807 3978 καὶ
2877 3924 3206 3998 μεταϐαλεῖτε
3286 3929 3416 3987 τοὺς
3500 3925 3696 3984 λύκους
3757 3922 3822 3982 εἰς

2201 4016 2454 4091 πρόϐατα.
2489 4022 2599 4076 Πῶς
2631 4033 2644 4080 ;
2675 4018 2778 4075 Τῆς
2811 4013 2936 4085 ἐμῆς
2990 4010 3254 4086 δυνάμεως
3293 4018 3351 4065 τὸ
3411 4019 3530 4066 πᾶν
3562 4031 3825 4086 κατεργα-

2201 4105 2434 4177 ζομένης,
2492 4110 2580 4156 καὶ
2640 4113 2734 4165 τῆς
2778 4103 3021 4175 ὑμετέρας
3070 4099 3128 4154 δὲ
3176 4107 3490 4176 πραότητος
3547 4103 3825 4174 χαλώσης,

2199 4197 2267 4255 ὡς
2312 4197 2376 4246 τὰ
2422 4192 2603 4250 πολλὰ,
2655 4196 2711 4244 τό
2761 4193 2940 4263 ἄγριον
2990 4210 3078 4243 και
3137 4194 3344 4262 φονικὸν
3396 4200 3511 4263 τῶν
3573 4190 3827 4244 ἀπίστων.

2199 4283 2274 4335 Ov)
2329 4285 2429 4356 γὰρ
2485 4283 2775 4356 θρασύτητι
2832 4282 3117 4352 θρασύτης,
3178 4278 3285 4330 ἀλλ’
3343 4279 3622 4352 ἐπιεικείᾳ
3680 4297 3834 4330 κατα-

2201 4371 2499 4424 στέλλεσθαι
2557 4371 2717 4424 εἴωθε.
2778 4373 2892 4441 Χρὴ
2953 4371 3053 4443 γὰρ
3117 4371 3202 4419 τὸν
3272 4367 3607 4442 ἰατρεύοντα
3675 4385 3835 4440 μεμη-

2196 4465 2346 4524 νότας
2424 4461 2773 4534 μακροθύμως
2847 4463 3010 4530 φέρειν
3089 4459 3176 4517 τὰς
3253 4463 3560 4531 παροινίας
3647 4458 3835 4522 αὐτῶν,

2196 4554 2325 4623 πρὸς
2363 4553 2522 4623 μόνην
2557 4550 2755 4622 ὁρῶντα
2806 4552 2892 4605 τὴν
2947 4554 3036 4607 τῆς
3073 4548 3261 4618 μανίας
3318 4545 3685 4618 ἀπαλλαγήν.
3743 4549 3838 4597 Καὶ

2197 4641 2346 4711 ἡμεῖς
2397 4634 2504 4702 οὖν,
2566 4637 2648 4690 ἐὰν
2704 4641 2774 4710 μὴ
2831 4634 3100 4709 προϐάτων
3167 4637 3494 4708 ἡμερότητα
3560 4639 3706 4710 πρὸς
3752 4637 3842 4691 τήν

2198 4726 2485 4800 ἀγριότητα
2559 4734 2658 4778 τῶν
2741 4725 3126 4799 ἐπηρεαζόντων
3191 4725 3317 4795 ἡμῖν
3407 4721 3838 4796 ἐπιδειξώμιθα,

2196 4819 2395 4880 πάντως
2435 4816 2539 4887 οὐχ
2578 4815 2750 4887 ἕξομεν
2791 4818 2882 4873 τὴν
2921 4821 3011 4866 τοῦ
3056 4815 3295 4884 ποιμένος
3343 4815 3523 4885 ἡμῶν
3561 4812 3845 4888 βοήθειαν.

2197 4905 2472 4982 Προϐάτων
2500 4907 2619 4980 γὰρ,
2653 4903 2710 4957 ού
2741 4903 2906 4956 λύκων
2932 4901 3043 4956 ἐστὶ
3073 4906 3267 4975 ποιμήν
3303 4902 3432 4976 (20)
3451 4947 3467 4961 .

1673 5121 1896 5191 Variae
1920 5123 2249 5194 lectiones
2281 5132 2346 5191 et
2367 5131 2566 5190 notae.

508 5317 621 5390 (l9)
665 5315 784 5390 Esti
813 5315 990 5374 dativi
1021 5315 1196 5373 etiam
1233 5312 1499 5390 absolute
1552 5315 1847 5385 dicuntur,
1882 5322 2081 5376 tamen

437 5388 790 5474 hio'malim
865 5395 968 5446 aut
1041 5397 1112 5460 τῷ
1189 5388 1480 5462 οὐρανόθεν,
1541 5394 1642 5444 aut
1687 5393 2084 5464 κατενεχθέντος

677 5531 848 5600 Quod
879 5531 972 5588 hic
1020 5529 1269 5604 subjecit
1298 5529 1588 5588 scholium
1627 5531 1952 5592 Hentenius
2013 5549 2083 5592 ex

2192 5318 2460 5387 margine
2475 5315 2562 5371 sui
2577 5313 2955 5389 codicis,id_iu
2969 5318 3177 5389 neutro
3193 5327 3416 5389 meoru
3431 5333 3498 5372 m
3520 5316 3855 5389 reperitur.

2192 5384 2507 5464 Frustraid
2542 5389 2718 5464 etiam
2766 5385 2825 5441 in
2855 5386 2979 5441 aliis
3009 5384 3173 5464 libris
3202 5387 3515 5464 quaesivi.
3568 5384 3860 5464 sparsim

2194 5467 2395 5518 tamen
2425 5460 2546 5515 haec
2575 5459 2847 5532 leguntur
2875 5453 3037 5530 apud
3068 5453 3376 5530 ChrysoSt.
3421 5453 3754 5528 110111333,
3800 5461 3860 5515 in

2192 5532 2550 5592 Matthaaum.
