3990 6206
231 249 327 308 333
1222 249 1576 310 COMMENT.
1620 253 1690 309 IN
1729 249 2179 312 MATTHIEUM.
2222 287 2289 297 -
2330 254 2484 312 CAP.
2518 256 2587 312 X.
3482 258 3587 314 334

292 380 333 446 -ί-
367 379 684 449 Tanquam
736 394 880 435 oves
908 380 964 433 in
1023 379 1222 435 medio
1252 379 1550 452 luporum,
1597 384 1660 436 ut
1706 379 1979 436 videlicet
2005 381 2205 437 ovium
2249 379 2778 437 mansuetudinem
2809 378 3158 447 ostendatis,
3207 393 3411 436 coram
3432 379 3589 452 lupis

222 467 518 539 prostrati,
558 482 665 524 nec
691 469 897 524 ovium
937 471 1162 524 tantum
1203 468 1727 525 mansuetudinem
1758 469 2048 536 habeatis,
2081 469 2186 524 sed
2225 473 2278 525 et
2313 469 2586 525 sedulam
2628 469 3054 538 sinceritatem,
3079 469 3136 524 id
3169 473 3276 534 est,
3311 469 3592 541 simplici-

225 561 402 612 tatem
435 572 507 612 ac
538 556 941 613 innocentiam
975 577 986 615 :
1032 562 1098 613 ut
1128 557 1418 613 verberati
1451 573 1521 613 ac
1552 556 2058 629 persecutionibus
2102 558 2364 629 appetiti,
2405 574 2525 614 non
2557 558 2802 614 cessatis
2843 557 3194 613 benefacere
3234 557 3592 614 verberanti-

216 645 354 701 bus.
405 647 477 701 Ut
505 651 700 700 autem
735 654 1050 718 utrumque
1076 646 1180 702 ﬁat
1227 646 1560 701 secundum
1590 645 1888 711 virtutem,
1921 645 2079 702 adsit
2105 647 2422 718 prudentia
2453 653 2785 719 serpentum
2824 648 2884 702 in
2912 647 3209 703 servando
3237 647 3452 718 capite,
3480 647 3594 703 hoc

216 740 309 790 est
339 734 496 789 ﬁde:
526 741 582 790 et
613 735 962 806 simplicitas
993 735 1307 803 columbae,
1342 735 1401 790 in
1427 751 1545 790 non
1580 735 1876 790 sumenda
1904 735 2122 790 ultione
2152 736 2226 790 de
2265 735 2358 791 his
2401 736 2508 807 qui
2541 737 2819 807 injuriam
2860 736 3147 805 irrogant.
3216 739 3331 793 Nec
3371 737 3486 793 hoc
3515 736 3595 794 ad

221 824 498 896 quinque
526 839 627 878 seu
676 823 884 879 decem
915 839 1101 879 annos
1126 823 1510 890 servandum,
1536 823 1641 880 sed
1672 839 1855 894 usque
1886 823 1963 878 ad
1979 829 2264 880 extrmum
2297 824 2571 896 spiritum
2596 842 2608 880 :
2633 825 2748 880 hoc
2774 825 2934 880 enim
2965 825 3276 894 signiﬁcat,
3299 825 3467 897 quod
3508 825 3594 881 di-

224 912 378 967 citur
409 930 423 967 :
458 911 573 980 Qui
607 913 950 968 sustinuerit
976 928 1154 983 usque
1180 913 1240 968 in
1265 913 1463 982 ﬁnem,
1495 911 1592 968 hic
1617 910 1809 967 salvus
1834 911 1944 968 erit
1987 914 2054 965 ¹⁶.

298 1003 511 1054 Γίνεσθε
557 1033 628 1043 —
665 1007 986 1076 περιστεραί.
1046 1001 1168 1074 [Καὶ
1227 1002 1340 1074 (21)
1395 1002 1480 1054 ἐπὶ
1535 1010 1633 1053 τῶν
1673 1005 1874 1066 ὄφεωνλ

2021 1002 2178 1058 Vers.
2212 1004 2294 1056 t6.
2328 1003 2531 1058 Estote
2556 1033 2612 1045 -›
2653 1003 2956 1060 columbae.
2987 1005 3028 1074 -ιο
3060 1002 3127 1056 Et
3155 1003 3251 1058 hic
3276 1002 3335 1058 in
3359 1018 3597 1075 serpen-

225 1098 339 1156 νῦν,
383 1096 475 1143 καὶ
541 1094 626 1144 ἐπὶ
678 1100 770 1144 τοῦ
827 1092 1097 1164 οἰκονόμου
1144 1100 1238 1153 τῆς
1287 1088 1520 1161 ἀδικίας,
1582 1095 1801 1166 φρόνησι

2018 1106 2120 1157 »us,
2144 1097 2200 1146 et
2228 1090 2362 1146 alibi
2399 1093 2459 1146 in
2491 1106 2805 1148 ceconomo
2837 1091 3066 1163 iniquo,
3094 1091 3480 1164 prudentiam
3509 1093 3594 1148 in-

226 1185 452 1249 νοήσεις,
495 1185 590 1239 τὴν
621 1181 848 1252 φυλακὴν
869 1187 960 1234 τοῦ
991 1181 1180 1234 οἰκείου
1205 1184 1572 1254 συμφέροντος.
1596 1179 1618 1252 ]

2023 1179 2154 1249 lige,
2187 1180 2636 1237 observantiam
2667 1196 2875 1236 eorum
2909 1197 3046 1252 quae
3077 1181 3294 1252 cuique
3322 1186 3461 1237 sunt
3491 1181 3599 1237 uti-

1939 1267 2046 1324 lia.

303 1358 548 1410 Βοῦλεται
596 1358 782 1418 αὐτοὺς
825 1363 914 1410 καὶ
970 1377 1207 1418 συνετους
1266 1355 1416 1426 εἶναι,
1467 1360 1598 1432 πρὸς
1652 1359 1708 1408 τό
1756 1360 1826 1428 μὴ

2021 1357 2142 1414 Vult
2166 1358 2332 1430 ipsos
2379 1362 2436 1414 et
2481 1358 2800 1430 prudentes
2843 1375 2990 1428 esse,
3035 1373 3111 1414 ne
3153 1359 3444 1416 lethaliter
3474 1359 3597 1415 vul-

223 1446 552 1503 πλήττεσθαι
627 1450 860 1518 καιρίως,
927 1451 1015 1498 καὶ
1080 1445 1388 1520 ἁπονήρους,
1445 1449 1570 1518 πρὸς
1633 1449 1691 1496 τὸ
1757 1467 1794 1517 μ.

2020 1456 2238 1513 rentur,
2285 1452 2342 1503 et
2386 1447 2513 1502 sine
2560 1447 2718 1512 vitio,
2764 1463 2839 1502 ne
2886 1447 3168 1518 injuriam
3199 1448 3595 1504 meminerint.

216 1542 593 1601 μνησικακεῖν.
649 1535 789 1586 Ἐπεὶ
827 1537 928 1606 γὰρ
985 1539 1229 1608 φρόνιμός
1276 1533 1412 1586 ἐστιν
1443 1536 1468 1586 ό
1513 1539 1639 1605 ὄφις·
1693 1529 1792 1585 die:

2021 1552 2080 1590 .m
2098 1537 2241 1607 quia
2253 1536 2517 1607 prudens
2529 1541 2614 1591 est
2628 1551 2895 1606 serpens,
2916 1535 3053 1591 ideo
3072 1551 3209 1591 cum
3233 1537 3597 1603 verberatur,

217 1631 567 1695 τυπτόμενος,
621 1627 681 1674 τὸ
730 1626 819 1694 μὲν
878 1623 999 1675 ἄλλο
1049 1631 1202 1694 σῶμα
1265 1625 1520 1697 προίεται,
1575 1627 1733 1694 μόνην
1775 1618 1793 1673 ἑ

2027 1640 2089 1680 as
2135 1624 2368 1696 quidem
2397 1623 2663 1696 corporis
2687 1628 2877 1695 partes
2907 1623 3132 1695 objicit,
3167 1625 3364 1681 solum
3399 1632 3599 1681 autem

215 1713 490 1785 pulchram
518 1717 607 1769 την
659 1711 903 1783 κεφαλὴν,
972 1708 1120 1771 εἰδὼς
1155 1715 1202 1763 ἐν
1247 1715 1407 1783 ταύτῃ
1469 1715 1596 1784 μόνῃ
1627 1715 1791 1784 καιρίι

2025 1715 2126 1782 put
2155 1715 2346 1768 servat
2374 1729 2386 1766 :
2423 1713 2612 1768 sciens
2643 1711 2704 1767 in
2735 1712 2862 1768 solo
2892 1728 2962 1768 eo
2991 1712 3201 1769 lethale
3244 1713 3447 1768 inferri
3477 1713 3601 1768 vul-

211 1803 475 1873 7iuea'0at
527 1806 622 1858 τὴν
682 1801 908 1871 πληγήν·
963 1799 1189 1853 ἐκέλευσε
1240 1802 1514 1872 μιμεῖσθαι
1558 1805 1650 1858 τὴν
1705 1819 1787 1874 φρι

2026 1818 2083 1856 .s.
2115 1801 2296 1856 Jussit
2325 1816 2466 1870 ergo
2497 1800 2879 1872 prudentiam
2906 1801 3123 1856 imitari
3151 1808 3494 1872 serpentum
3536 1805 3602 1857 ut

215 1909 386 1948 νησιν
417 1898 516 1942 τῶν
547 1895 723 1960 ὄφεων,
787 1888 834 1941 ἐν
879 1897 950 1959 τῷ
981 1888 1142 1941 τᾶλλα
1193 1892 1302 1961 μὲν,
1352 1893 1442 1940 καὶ
1471 1895 1706 1962 σώματα,
1748 1908 1791 1939 κ‹

2029 1905 2065 1946 a
2093 1889 2341 1962 quidem
2373 1895 2432 1946 et
2455 1904 2703 1961 corpora
2743 1893 2801 1944 et
2832 1889 3065 1944 animas
3119 1895 3451 1961 caeteraque
3499 1890 3604 1946 ob-

215 1979 442 2049 ψνχὰς,
505 1983 594 2029 καὶ
638 1979 812 2029 πάντα
877 1979 1176 2052 προΐεσθαι,
1236 1982 1396 2049 μόνην
1447 1974 1504 2030 δὲ
1557 1977 1787 2049 φυλάσσε

2030 1979 2174 2045 iant,
2193 1980 2380 2035 solam
2408 1982 2609 2036 autem
2636 1978 2817 2034 fidem
2847 1983 3082 2034 servent
3102 1979 3372 2045 illaesam,
3396 1979 3456 2034 in
3482 1995 3604 2052 qua

219 2071 332 2125 τήν
387 2085 586 2132 πιστιν,
638 2069 704 2126 ὡς
759 2066 1000 2138 κεφαλήν,
1062 2065 1173 2138 ἐνῇ
1232 2071 1359 2140 μόνη
1411 2071 1609 2138 γίνεται
1659 2085 1795 2138 καιρι

2024 2068 2077 2123 la
2108 2067 2170 2123 ﬁt
2220 2067 2438 2123 vulnus
2466 2067 2707 2126 lethale.
2760 2069 2826 2122 Et
2853 2082 3085 2123 rursum
3112 2068 3255 2140 quia
3285 2068 3600 2136 columbae,

223 2155 441 2225 πληγή.
493 2160 591 2206 Καὶ
637 2155 811 2220 πάλιν,
864 2155 1066 2229 ἐπείπερ
1123 2157 1178 2206 αἱ
1215 2160 1536 2229 περιστεραὶ,
1585 2153 1799 2228 ἀφαιροῦ

2029 2174 2086 2212 m
2123 2157 2206 2212 eis
2234 2156 2375 2227 pulli
2413 2156 2778 2220 auferuntur,
2813 2156 3113 2214 malorum
3143 2172 3266 2212 non
3315 2158 3601 2214 memine-

222 2264 394 2316 μεναι
450 2246 518 2294 τὰ
567 2247 737 2307 τέκνα,
797 2243 857 2294 οὗ
911 2252 1326 2308 μνησικακοῦσιν
1380 2252 1484 2304 τοῖς
1543 2242 1798 2315 ἀφελοῦσι

2029 2251 2092 2302 nt
2137 2246 2415 2301 adversus
2450 2261 2552 2300 eos
2580 2244 2684 2317 qui
2733 2243 3120 2311 abstulerunt,
3157 2245 3264 2302 sed
3295 2246 3496 2302 denuo
3523 2247 3602 2302 ad

224 2333 377 2384 ἀλλὰ
429 2338 520 2384 καὶ
573 2336 878 2406 προσίενται
936 2335 1150 2392 τούτους
1215 2329 1383 2402 αὖθις,
1437 2331 1531 2384 κᾶν
1597 2332 1800 2385 πολλάκι

2029 2352 2056 2390 s
2087 2335 2398 2400 accedunt,
2432 2334 2566 2390 licet
2591 2333 2812 2406 saepius
2849 2334 3122 2391 auferant
3153 2351 3166 2401 ;
3196 2335 3367 2406 jubet
3388 2335 3603 2392 horum

225 2421 523 2493 ἆςιέλωσιν,
555 2420 808 2474 ἐπιτάττει
865 2420 1050 2483 ζηλοῦν
1093 2427 1183 2473 καὶ
1237 2426 1329 2480 τὴν
1385 2425 1579 2473 τούτων
1609 2420 1801 2495 ἀκεραα

2029 2440 2193 2496 loque
2247 2422 2681 2494 simplicitatem
2728 2422 2965 2492 imitari,
3013 2424 3128 2480 hoc
3175 2429 3280 2489 est,
3323 2424 3605 2480 innocen-

221 2530 400 2577 τητα,
458 2513 744 2578 τουτέστιν,
822 2509 1062 2576 ἀκακίαν,
1142 2509 1191 2561 ἐν
1233 2518 1303 2581 τῷ
1360 2515 1430 2582 μὴ
1505 2529 1793 2581 μνησικακε

2024 2530 2116 2578 .m,
2164 2513 2223 2567 in
2256 2527 2371 2567 non
2415 2511 2793 2568 vindicandis
2833 2511 3082 2582 injuriis,
3115 2512 3220 2568 sed
3260 2513 3600 2569 accedendo

219 2606 355 2660 τοῖς
402 2594 705 2667 ἀδικοῦσιν,
760 2597 888 2651 ἀλλὰ
967 2603 1055 2650 καὶ
1114 2601 1426 2672 προσίεσθαι
1480 2601 1693 2660 τούτους
1755 2618 1795 2649 κε

1635 2619 1693 2660 υς
1755 2602 1844 2650 καὶ
1952 2603 2026 2658 ad
2060 2617 2162 2658 eos
2189 2603 2291 2674 qui
2331 2601 2620 2666 laeserunt,
2656 2601 2898 2674 illosque
2924 2601 3211 2658 amando.

222 2709 258 2760 φ
267 2693 406 2738 (Leito
414 2725 428 2736 .

309 2781 422 2828 Καὶ
470 2779 565 2847 ὅρα
619 2780 824 2848 σοφίαν.
903 2777 1034 2832 Οὔτε
1091 2779 1192 2850 γὰρ
1250 2782 1344 2835 τὴν
1394 2781 1641 2850 φρόνησιν
1683 2782 1842 2850 μόνην

2028 2781 2098 2838 Ει
2133 2779 2271 2835 vide
2321 2779 2704 2852 sapientiam.
2759 2780 3064 2853 Siquidem
3096 2796 3214 2835 non
3264 2779 3456 2835 solam
3488 2797 3604 2836 ser-

216 2875 341 2918 τῶν
383 2869 543 2937 ὄφεων
589 2867 867 2936 μιμεῖσθαι
922 2866 1254 2938 προσέταξεν,
1314 2868 1430 2919 οὔτε
1478 2871 1571 2925 τὴν
1609 2865 1789 2941 ἀκεραι

2031 2875 2199 2925 ntum
2224 2870 2603 2940 prudentiam
2622 2870 2796 2940 jussit
2822 2869 3056 2939 imitari,
3081 2885 3274 2941 neque
3293 2869 3484 2926 solam
3511 2885 3604 2927 co-

215 2973 380 3013 τητα
435 2957 597 3025 μόνην
651 2962 752 3004 τῶν
824 2962 1159 3027 περιστερῶν,
1218 2953 1326 3006 ἀλλ’
1383 2953 1618 3029 ἐκέρασεν
1678 2955 1791 3028 ἀμφ

2019 2958 2294 3014 mbarum
2337 2956 2795 3030 simplicitatem,
2839 2959 2942 3013 sed
2980 2962 3295 3030 utramque
3337 2957 3594 3014 miscuit.

217 3048 413 3116 τέρας,
443 3039 585 3094 διότι
636 3047 759 3113 μίαν
791 3040 1076 3115 ἀμφότεραι
1126 3051 1364 3096 ποιοῦσιν
1414 3042 1617 3118 ἀρετήν.
1675 3042 1790 3097 Οῦὸ

2031 3061 2099 3100 .m
2130 3045 2321 3101 amba:
2369 3061 2552 3101 unam
2590 3045 2766 3100 simul
2811 3045 3073 3101 efﬁciunt
3115 3046 3414 3102 virtutem.
3443 3045 3607 3102 Nulla

217 3137 344 3206 γὰρ
418 3131 596 3202 ὄφελος
640 3139 734 3192 τῆς
803 3135 1052 3193 τοιαύτης
1133 3138 1446 3206 φρονήσεως,
1500 3132 1586 3186 έάν
1643 3133 1749 3206 ἄπῇ

2032 3135 2112 3189 im
2144 3135 2329 3206 ipsius
2362 3135 2689 3206 prudentia:
2711 3139 2798 3189 est
2822 3134 3061 3200 utilitas,
3094 3135 3142 3190 si
3173 3135 3420 3190 defuerit
3440 3135 3608 3190 inno-

223 3222 577 3293 ἂκεραιὸτης.

1952 3223 2165 3279 centia.

309 3309 496 3381 Ἡμεῖς
551 3305 612 3360 δὲ
665 3310 1020 3381 μιμησώμεθα
1074 3314 1160 3361 καὶ
1236 3309 1394 3369 ἄλλην
1455 3315 1702 3384 φρόνησιν
1753 3319 1845 3364 τοῦ

2037 3315 2138 3368 Nos
2180 3326 2322 3368 vero
2366 3318 2422 3366 et
2463 3311 2640 3366 aliam
2692 3310 2974 3381 serpentis
3026 3310 3330 3366 imitemur
3353 3309 3613 3381 pruden-

226 3404 421 3471 ὄφεως.
505 3396 706 3468 Ὠσπερ
770 3400 872 3471 γὰρ
944 3397 1150 3463 ἐκεῖνος,
1208 3403 1328 3450 ὅταν
1401 3403 1636 3474 γηράσῃ,
1689 3421 1802 3453 στεν

2039 3416 2122 3456 m.
2163 3403 2311 3455 Nam
2348 3400 2498 3454 sicut
2544 3398 2637 3453 ille
2681 3397 2783 3453 ubi
2821 3401 3095 3463 senuerit,
3125 3413 3229 3469 per
3287 3399 3488 3452 locum
3515 3414 3611 3452 an-

224 3493 382 3556 τόττῳ
463 3483 668 3559 διείρας
745 3486 943 3557 ἑαυτὸν,
1032 3485 1308 3550 ἁποξύεται
1385 3493 1475 3546 τὴν
1576 3489 1800 3562 λεγομένη

2033 3495 2198 3546 stum
2229 3490 2548 3555 transiens,
2593 3488 2859 3560 seipsum
2903 3487 3177 3552 leberide,
3211 3487 3325 3543 hoc
3354 3491 3462 3553 est,
3499 3502 3609 3543 suo

223 3572 668 3647 1561;969:422)
717 3579 850 3646 φημὶ
892 3571 978 3643 δὴ,
1022 3581 1114 3634 τὴν
1168 3574 1568 3651 ἐπιδερματίὸα,
1615 3581 1728 3650 (23)
1757 3599 1799 3630 κε

2038 3580 2163 3635 uvio
2189 3595 2258 3636 ac
2289 3578 2439 3651 pelle
2487 3578 2718 3650 spoliat,
2753 3584 2808 3632 et
2838 3578 2917 3634 ita
2946 3575 3181 3644 validus
3213 3576 3459 3632 efﬁcitur
3491 3593 3502 3631 :
3531 3577 3614 3634 ita.

225 3670 440 3737 γίνεται
494 3665 757 3735 σθεναρὸς
828 3667 961 3715 οὕτω
1027 3670 1113 3716 καὶ
1176 3666 1344 3732 αὐτοὶ,
1416 3669 1736 3741 γηράσαντες
1782 3687 1801 3718 τ

2037 3684 2199 3741 oque
2251 3684 2384 3738 nos,
2437 3667 2539 3741 qui
2586 3671 2872 3723 vetustate
2917 3666 3232 3722 affectuum
3280 3665 3613 3736 senuimus,

227 3753 564 3810 παλαιότητι
624 3761 720 3804 τῶν
780 3754 977 3818 παθῶν,
1029 3752 1321 3827 ἐμϐάλωμεν
1376 3754 1584 3815 ἑαυτοὺς
1634 3756 1705 3817 εἰς
1755 3761 1803 3808 τι

2047 3757 2295 3814 iciamus
2338 3774 2447 3814 nos
2478 3757 2645 3829 ipsos
2675 3757 2734 3812 in
2756 3759 3074 3826 angustum
3106 3753 3496 3825 strictumque
3534 3755 3617 3808 vi-

235 3847 431 3899 στενὴν
490 3845 572 3892 καὶ
656 3841 992 3914 τεθλιμμένην
1071 3843 1352 3912 πολιτείαν,
1407 3849 1496 3896 καὶ
1549 3841 1621 3896 δι’
1688 3846 1811 3905 αὐτῆ

2041 3847 2136 3902 ndi
2188 3847 2472 3903 modum:
2507 3852 2564 3903 et
2611 3863 2716 3919 per
2765 3846 2926 3902 hunc
2953 3849 3131 3901 exuta
3180 3843 3363 3900 veteri
3401 3842 3617 3898 animae

235 3930 612 3992 ἁποξῦσαντες
635 3932 720 3981 τὸν
775 3930 1192 4004 πεπαλαιωμένον
1247 3942 1452 4004 χιτῶνα
1506 3942 1602 3996 τῆς
1642 3934 1811 4006 ψυχῆι

1247 3942 1452 4004 χιτῶνα
1506 3942 1602 3996 τῆς
1642 3934 1850 4006 ψυχῆς,
1959 3940 2144 4001 veste,
2175 3937 2402 3992 robusti
2432 3935 2787 3992 efﬁciamur.

242 4021 508 4081 ε-ὶσθενεῑς
554 4020 840 4090 γενώμεθα.
2439 4029 2444 4034 ‘

319 4115 428 4160 Νῦν
497 4110 591 4179 μεν
651 4103 736 4158 οὖν
797 4108 866 4169 εἰς
938 4108 1092 4161 καλὸν
1165 4108 1506 4186 παράδειγμα
1550 4117 1665 4174 τοὺς
1722 4117 1855 4185 ὄφεις

2046 4113 2200 4168 Nunc
2238 4113 2437 4185 itaque
2476 4113 2535 4168 in
2569 4104 3158 4183 bonum,'serpentes
3189 4114 3366 4181 atque
3398 4107 3622 4164 colum-

238 4202 336 4249 καὶ
387 4199 490 4256 τὰς
547 4199 854 4270 περιστερὰς
925 4197 1116 4252 ἔλαϐεν·
1170 4198 1404 4272 ἀλλαχοῦ
1439 4199 1498 4254 δὲ
1544 4202 1732 4275 μᾶλλον
1786 4222 1814 4255 ες

2041 4217 2098 4266 ,s,
2149 4199 2420 4272 exemplo
2456 4201 2719 4272 accepit:
2764 4199 2905 4255 alibi
2960 4215 3096 4254 vero
3143 4198 3203 4252 in
3237 4196 3466 4251 malum
3516 4209 3617 4265 po.

236 4290 410 4338 κακόν
463 4283 788 4354 ἐλήφθησαν.
862 4287 1176 4347 Κακίζονται
1251 4292 1350 4364 γὰρ
1439 4288 1706 4358 Ἰουδαῖοι,
1789 4294 1812 4342 ὁ

2044 4307 2079 4344 λς
2136 4293 2378 4360 sumpta
2427 4293 2582 4344 sunt.
2638 4291 2784 4343 Nam
2833 4287 3226 4358 reprobantur
3280 4282 3466 4338 Judaei
3497 4287 3620 4336 tan-

242 4381 410 4447 ἕξεις,
469 4380 768 4444 γεννήματα
819 4371 1064 4446 ἔχιὸνώνο
1106 4383 1195 4430 καὶ
1250 4375 1581 4432 διαϐάλλεται
1613 4383 1818 4454 Ἐφραίμ

2055 4393 2150 4433 am
2185 4382 2485 4448 serpentes
2517 4381 2572 4432 et
2614 4376 2956 4446 viperarum
2990 4371 3302 4444 progenies
3336 4386 3348 4424 :
3385 4377 3440 4425 et
3469 4368 3624 4424 male

245 4467 320 4523 ὡς
373 4465 668 4536 περιστερὰ
728 4464 895 4528 ἄνους,
971 4465 1064 4516 οὐκ
1122 4468 1327 4536 ἔχουσα
1400 4465 1642 4542 καρδίαν.
1699 4472 1821 4521 Εἷωε

2049 4468 2136 4523 dit
2184 4466 2483 4538 Ephraim,
2529 4467 2696 4536 quasi
2741 4464 3004 4520 columba
3051 4462 3307 4525 demens,
3353 4476 3478 4532 qua:
3508 4474 3625 4514 non

245 4554 352 4624 γὰρ
413 4551 672 4612 πολλάκις
725 4554 755 4610 ἠ
825 4558 1000 4627 Γραφὴ
1057 4550 1341 4629 διαφόρους
1401 4557 1599 4619 εἰκόνας
1647 4557 1700 4620 ἐξ
1755 4557 1821 4610 ἑνὶ

2050 4556 2170 4613 beat
2210 4572 2303 4611 cor
2346 4557 2412 4608 1⁷.
2441 4555 2600 4611 Solet
2644 4553 2804 4610 enim
2833 4552 3171 4623 frequenter
3202 4549 3502 4619 Scriptura
3548 4547 3626 4604 ab

247 4642 391 4701 ζῶον
447 4645 734 4713 παριστᾷν,
791 4642 911 4693 ὅταν
960 4640 1117 4695 ἐκεῖνο
1167 4648 1256 4696 καὶ
1314 4645 1594 4717 θαυμαστὰ
1622 4649 1823 4719 ἔχῃ,κε

2051 4645 2182 4702 dem
2197 4644 2438 4700 animali
2453 4642 2790 4698 differentes
2804 4640 3113 4696 ostendere
3127 4637 3627 4710 comparationes,

241 4732 466 4803 πονηρὰ
511 4729 949 4801 πλεονεκτήματα.
1039 4736 1139 4784 Καὶ
1186 4735 1284 4804 γὰρ
1352 4732 1474 4785 λέων
1525 4738 1634 4806 μὲν,
1693 4740 1783 4787 καὶ

2059 4735 2218 4790 ando
2246 4733 2386 4788 illud
2418 4735 2610 4788 bonas
2635 4729 2810 4786 simul
2839 4737 2894 4785 et
2927 4728 3114 4785 malas
3134 4726 3316 4784 habet
3344 4725 3630 4782 conditio-

251 4820 518 4892 Χριστός,
563 4821 700 4870 κατὰ
736 4822 793 4870 τὸ
846 4818 1122 4892 βασιλικὸν
1152 4827 1241 4874 καὶ
1297 4823 1528 4896 ἄμαχον·
1571 4825 1827 4877 Ἀναπεσὰ

2056 4841 2104 4880 s.
2143 4826 2289 4879 Nam
2337 4828 2394 4878 et
2432 4821 2695 4877 Christus
2733 4819 2947 4874 dicitur
2994 4819 3086 4874 leo
3139 4819 3382 4890 propter
3410 4815 3632 4884 regiam

251 4909 382 4982 τὰρ,
445 4911 630 4979 φησιν,
675 4905 950 4980 ἕκοιμὴθη,
1015 4912 1082 4971 ὡς
1133 4909 1276 4964 λέωνο
1329 4916 1448 4964 λέων
1510 4909 1568 4965 δὲ
1597 4918 1686 4967 καὶ
1729 4915 1754 4966 ὁ
1787 4910 1827 4966 δη

2053 4913 2326 4986 ςηὶιειῐθω
2379 4916 2436 4968 et
2486 4908 3121 4982 inexpugnabilitatem
3181 4924 3194 4964 :
3253 4905 3629 4968 Recumbens,

333 5087 381 5124 “
406 5086 554 5147 Luc.
594 5102 713 5155 xvx,
740 5091 798 5148 3.
918 5092 962 5127 1⁷
995 5088 1158 5164 Osee,
1191 5107 1288 5160 vn,
1328 5094 1412 5151 11.

1479 5269 1702 5341 Variae
1741 5271 2070 5340 lectiones
2110 5275 2408 5338 etnotae.

345 5459 455 5531 (2t)
490 5463 687 5521 Codex
715 5469 963 5539 uterque
991 5465 1226 5525 inclusa
1254 5466 1438 5539 habet
1484 5467 1546 5526 in
1574 5469 1867 5543 margine.

347 5533 455 5588 (22)
494 5532 808 5588 δεραατίδα.
844 5545 908 5588 Δ.

2051 5467 2161 5538 (23)
2225 5469 2542 5546 Utrumque
2594 5463 2978 5542 vocabulum,
3044 5458 3267 5588 λεϐηςίς,
3331 5459 3385 5514 et
3435 5446 3610 5530 ἐπιὸερ

2034 5543 2135 5588 m’c
2162 5537 2343 5588 habet
2374 5537 2680 5588 Fretmnus
2696 5536 2760 5588 in
2789 5534 3033 5588 Glossts.
3066 5549 3132 5588 ι).
3205 5534 3262 5588 4.

347 5533 455 5607 (22)
494 5532 808 5612 δερματίδα.
843 5532 908 5593 Ᾰ.
1376 5532 1400 5539 ‘
1711 5532 1745 5543 ν

1711 5532 1745 5543 “’
1981 5532 2343 5608 partehabet
2373 5532 2760 5596 Fretianusiu
2789 5534 3033 5600 Glossis,
3066 5549 3132 5607 p.
3165 5532 3261 5590 34.
