3990 6206
464 246 569 300 335

1783 242 2133 300 EUTHYMII
2174 243 2503 303 ZlGABENI
3707 262 3798 322 336

461 368 669 439 inquit,
726 369 999 425 dormivit
1055 375 1119 424 ut
1167 370 1273 433 leo,
1334 368 1464 439 quis
1490 367 1788 423 suscitabit
1839 384 1969 424 eum
2012 370 2057 405 ¹θ

2220 390 2379 434 καιος,
2412 376 2545 425 κατά
2574 377 2631 426 τό
2685 375 3157 451 εύπαῤῥησίαστον.
3217 388 3423 445 Δίκαιος
3465 389 3587 459 γὰρ,
3632 395 3792 459 φησὶν,

455 458 657 513 Justus
705 459 883 514 etiam
928 458 1021 514 leo
1074 462 1337 521 vocatur,
1395 462 1628 528 propter
1683 456 2105 514 fortitudinem.

453 547 676 612 Justus,
710 547 804 610 ait,
840 550 1010 617 quasi
1036 547 1119 603 leo
1136 546 1375 615 conlidit
1401 548 1472 602 ¹⁹.
1500 546 1785 602 Praeterea
1814 552 1870 602 et
1903 547 2107 603 diabo-

452 634 547 690 lus
575 635 667 691 leo
716 635 949 703 dicitur,
983 652 1052 692 eo
1083 636 1246 708 quod
1278 634 1526 691 immitis
1560 636 1631 689 sit
1655 651 1725 691 ac
1753 636 2107 705 sanguinem

450 729 637 781 voret.
686 725 757 781 Ut
799 724 899 792 leo,
932 725 1141 797 inquit,
1187 724 1511 781 obambulat
1540 739 1794 795 quarens
1825 740 1989 795 quem
2013 726 2107 781 de-

447 818 601 871 voret
630 816 753 869 ²⁰.³⁰
766 859 778 872 .

518 906 683 958 Vers.
722 903 1121 959 t7.Attendite
1167 934 1235 943 ——
1276 918 1395 958 vos.
1447 902 1709 958 Praedicit
1750 904 1833 957 eis
1874 903 2101 959 futuras

444 992 816 1057 tentationes,
849 1006 1145 1047 exacuens
1172 992 1249 1048 ad
1278 992 1633 1049 certamina.
1672 991 1981 1057 Attendite,
2016 992 2102 1048 in-

442 1080 589 1152 quit,
621 1080 698 1135 ab
728 1080 1097 1145 hominibus,
1124 1080 1239 1137 hoc
1288 1085 1395 1151 est,
1450 1080 1762 1137 observate
1804 1080 2095 1148 homines,

442 1169 563 1224 sive
592 1168 855 1240 pericula
876 1170 953 1226 ab
984 1168 1095 1224 illis
1126 1173 1481 1241 exspectate.

512 1260 669 1313 Vers.
700 1257 786 1312 18.
829 1259 905 1313 Et
948 1290 1001 1299 —
1038 1273 1151 1316 me.
1214 1259 1531 1329 Postquam
1580 1258 1728 1315 dixit
1751 1274 1886 1331 quae
1937 1274 1973 1315 a
2000 1261 2095 1315 Ju-

438 1346 584 1403 dasis
605 1346 834 1418 passuri
862 1351 1051 1413 erant,
1081 1362 1243 1404 nunc
1287 1348 1465 1404 etiam
1496 1347 1631 1404 dicit
1668 1364 1803 1420 quae
1851 1348 1929 1405 ab
1967 1347 2095 1405 aliis

437 1436 737 1507 gentibus.

505 1617 675 1674 Vers.
737 1618 822 1672 18.
888 1618 959 1672 In
1017 1648 1084 1658 —-
1135 1617 1424 1688 gentibus.
1476 1616 1562 1672 Ad
1604 1616 2091 1687 redargutionem

2220 462 2286 521 ὡς
2327 461 2447 513 λέων
2482 466 2711 517 πέποιθε·
2783 466 2904 517 λέων
2946 465 3003 520 δὲ
3054 475 3143 522 καὶ
3198 473 3223 523 ό
3266 469 3525 538 διάϐολος,
3569 481 3702 529 κατὰ
3750 484 3795 531 τὸ

2220 547 2469 623 ἀνήμερον
2521 558 2608 604 καὶ
2661 554 2957 629 αἱμοϐόρον·
2990 557 3092 620 ⁸Ως
3146 559 3264 612 λέων
3312 566 3435 636 γὰρ,
3496 569 3649 635 φησι,
3715 588 3795 620 πε-

2215 648 2443 710 ριπατεῖ,
2469 642 2637 701 ζητῶν
2670 649 2784 696 τίνα
2818 651 3071 719 καταπίῃ.

2286 894 2581 961 Προσέχετε
2641 925 2709 932 —
2791 896 2944 967 ὑμᾶς.
3008 904 3366 971 Προαναφωνεί
3429 906 3629 966 τούτοις
3689 910 3793 967 τοὺς

2210 977 2485 1048 μέλλοντας
2536 988 2871 1057 πειρασμούς,
2922 989 3237 1059 παραθήγων
3296 990 3361 1051 εἰς
3412 995 3530 1054 τοὺς
3583 992 3786 1064 ἀγῶνας.

2211 1071 2506 1139 Προσέχετε
2546 1066 2603 1122 δὲ
2660 1071 2761 1123 ἀπὸ
2800 1081 2900 1124 τῶν
2958 1074 3257 1149 ἀνθρώπων,
3309 1078 3420 1131 ἀντὶ
3470 1089 3581 1150 τοῦ,
3613 1084 3791 1137 Φυλάτ-

2207 1158 2356 1208 τεσθε
2385 1161 2506 1218 τοὺς
2549 1157 2873 1234 ἀνθρώπους,
2925 1166 3113 1234 εἷτουν,
3162 1164 3496 1239 Προσδοκᾶτε
3543 1167 3689 1224 δεινὰ
3719 1172 3790 1225 ἀπ’

2207 1244 2393 1299 αὐτῶν.

2278 1340 2377 1387 Καὶ
2430 1367 2497 1377 —
2547 1338 2693 1409 ἐμοῦ.
2744 1340 2931 1409 Εἰπὼν,
3000 1342 3035 1394 ἃ
3075 1344 3467 1404 ὑποστησονται
3512 1352 3657 1423 παρὰ
3704 1360 3788 1404 τῶν

2202 1420 2493 1493 Ἰουδαίων,
2544 1426 2719 1480 λοιπὸν
2748 1428 2883 1501 λέγει
2927 1436 3016 1483 καὶ
3048 1430 3083 1484 ἃ
3110 1437 3253 1509 παρά
3281 1444 3381 1487 τῶν
3426 1420 3594 1489 ἄλλων
3620 1438 3785 1496 ἐθνῶν.

2276 1603 2362 1667 Εἰς
2417 1636 2485 1645 -—
2521 1608 2735 1662 ἔθνεσιν.
2797 1610 2883 1669 Εἰς
2934 1609 3149 1681 ἔλεγχον
3206 1617 3295 1664 καὶ
3354 1624 3452 1666 τῶν
3505 1613 3784 1683 Ἰουδαίων,

431 1704 773 1762 Judaaorum
805 1711 861 1762 et
891 1709 1179 1779 gentium,
1212 1723 1285 1762 ne
1312 1706 1703 1779 postmodum
1735 1707 1928 1763 dicere
1955 1724 2078 1779 pos-

2214 1698 2289 1744 ιαὶ
2351 1702 2449 1746 τῶν
2507 1693 2677 1761 ἐθνῶν,
2751 1698 2832 1748 ἵνα
2896 1703 2966 1770 μὴ
3043 1697 3299 1753 δύνωνται
3348 1703 3507 1774 λέγειν
3560 1706 3786 1779 ὕστερον,

431 1798 565 1861 sint,
594 1795 759 1867 quod
774 1796 1253 1866 praedicationem
1269 1811 1389 1851 non
1411 1796 1709 1851 audierint
1738 1814 1751 1849 :
1776 1795 1834 1850 in
1856 1801 2088 1853 tantum

430 1883 589 1939 enim
619 1884 880 1950 audient,
940 1889 1001 1941 ut
1056 1886 1236 1941 etiam
1288 1884 1708 1957 praedicatores
1759 1885 2088 1942 innumeris

428 1971 602 2028 malis
633 1971 915 2028 afﬁciant.

499 2063 657 2117 Vers.
690 2061 773 2116 19.
803 2061 950 2118 Cum
992 2068 1187 2119 autem
1214 2092 1282 2104 —
1321 2064 1657 2135 loquamini.
1712 2067 1790 2119 Ne
1842 2064 2081 2121 dicant:

426 2153 493 2207 Et
530 2166 647 2222 quo
680 2154 849 2222 pacto
868 2150 1073 2207 idiotas
1106 2167 1173 2207 ac
1204 2151 1502 2217 illitterati,
1536 2152 1900 2224 persuadere
1920 2157 2084 2224 pote-

424 2240 613 2296 rimus
639 2239 975 2296 rhetoribus
995 2256 1065 2296 ac
1081 2240 1454 2312 philosophis
1475 2242 1502 2295 ?
1534 2242 1797 2313 primum
1813 2241 1970 2297 hanc
1988 2258 2082 2298 eo-

423 2344 561 2386 rum
600 2328 771 2385 solvit
799 2329 1232 2385 dubitationem
1267 2330 1472 2386 dicens
1506 2348 1517 2385 :
1547 2332 1639 2387 Ne
1660 2332 1905 2388 solliciti
1956 2332 2082 2388 sitis

423 2419 709 2490 quomodo
740 2424 845 2475 aut
876 2418 1014 2490 quid
1038 2420 1382 2490 loquamini.

492 2510 651 2564 Vers.
692 2508 779 2563 19.
812 2508 1068 2564 Dabitur
1094 2539 1164 2550 —
1219 2509 1566 2580 loquamini.
1609 2509 1889 2565 Dabitur:
1920 2527 1955 2566 a
1988 2527 2081 2567 me

426 2596 712 2653 videlicet.
756 2598 889 2653 Haec
921 2601 1119 2653 autem
1147 2597 1360 2654 iterum
1382 2598 1527 2653 dixit
1556 2599 1639 2654 eis
1670 2599 1925 2655 instante
1954 2615 2083 2654 cru-

424 2685 507 2741 cis
537 2686 837 2757 passione,
881 2686 1127 2758 quando
1179 2690 1253 2742 de
1297 2687 1508 2743 mundi
1562 2688 2078 2745 consummatione

422 2773 591 2831 illum
622 2776 1158 2845 interrogaverunt.
1208 2777 1295 2831 Ait
1328 2776 1486 2831 enim
1509 2777 1718 2842 Lucas,
1744 2776 1907 2849 quod
1941 2782 2077 2833 tunc

422 2863 600 2919 etiam
616 2862 1014 2934 subjunxerit:
1043 2865 1203 2934 Ergo
1216 2864 1358 2920 dabo
1380 2865 1534 2921 vobis
1554 2881 1615 2921 os
1636 2871 1688 2921 et
1704 2866 2073 2934 sapientiam,

422 2952 520 3010 cui
540 2968 660 3008 non
698 2956 975 3022 poterunt
1006 2954 1417 3011 contradicere
1437 2962 1539 3011 aut
1572 2957 1843 3011 resistere
1879 2970 2076 3012 omnes

419 3041 518 3112 qui
553 3042 947 3098 adversantur
972 3042 1128 3099 vobis
1160 3043 1229 3096 δι.

493 3130 655 3186 Vers.
687 3135 777 3186 20.
827 3132 956 3188 Non
984 3163 1053 3172 ——
1104 3134 1426 3203 loquentes.
1462 3135 1581 3189 Hoc
1651 3136 1755 3199 est,
1790 3133 1888 3206 qui
1936 3136 2076 3190 tunc

417 3218 754 3292 loquentur.

486 3309 658 3365 Vers.
707 3308 801 3365 20.
840 3309 949 3366 Sed
977 3341 1041 3351 —
1074 3310 1253 3368 vobis.
1291 3310 1406 3367 Sed
1433 3311 1679 3383 Spiritus
1702 3314 1945 3369 sanctus
1974 3312 2075 3385 qui

412 3397 676 3471 loquitur
706 3399 768 3454 in
799 3400 988 3455 vobis.

483 3490 640 3545 Vers.
670 3490 757 3541 2t.
787 3488 1306 3557 Prodet—ﬁlium.
1338 3488 1421 3543 llli
1451 3504 1573 3545 non
1597 3491 1934 3555 credentes,
1963 3489 2074 3545 hos

414 3575 671 3645 prodent
696 3573 900 3629 ﬁdeles
916 3618 928 3631 .

486 3663 650 3717 Vers.
680 3663 742 3716 21
776 3663 855 3719 Ει
886 3693 951 3705 —-
983 3679 1101 3721 eos.
1134 3667 1198 3719 Et
1229 3664 1496 3721 similiter
1525 3665 1599 3720 de
1630 3666 1720 3721 his
1751 3667 2072 3725 dicendum

413 3753 525 3806 est.
558 3753 663 3807 Per
691 3750 800 3806 hos
833 3756 1033 3808 autem
1054 3752 1451 3809 amicissimos
1473 3753 1651 3809 etiam
1680 3754 1831 3811 alios
1855 3772 2073 3827 cogna-

412 3842 503 3895 tos
536 3844 592 3894 et
618 3838 936 3896 familieres
966 3839 1260 3911 intelligit.

482 3925 645 3983 Vers.
682 3926 770 3982 22.
825 3928 906 3983 Et
934 3958 1001 3967 —
1029 3944 1236 3986 nomen
1287 3943 1500 3986 meum.
1541 3962 1608 3971 —
1637 3932 1725 3987 Ab
1769 3932 2068 3999 omnibus,

408 4013 469 4072 id
508 4021 616 4079 est.
672 4032 708 4073 a
763 4016 1031 4089 pluribus
1068 4033 1253 4075 :nam
1288 4018 1457 4075 multi
1502 4020 1661 4092 ipsos
1716 4021 2068 4080 dilexerunt.

406 4107 503 4161 Est
536 4111 735 4163 autem
775 4111 830 4163 et
858 4107 972 4163 hoc
997 4108 1312 4179 Scriptura:
1358 4108 1587 4165 idioma
1616 4112 1946 4167 utomnibus
1986 4113 2072 4168 d1-

406 4200 500 4252 cat
520 4212 629 4269 pro
651 4197 941 4268 pluribus.
971 4196 1117 4252 Cum
1143 4204 1341 4253 autem
1368 4200 1639 4271 superius
1657 4200 1951 4256 addiderit
1978 4206 2023 4237 ³²
2055 4219 2067 4257 :

403 4284 664 4355 Propter
692 4304 798 4355 me,
836 4302 995 4342 nunc
1047 4287 1275 4343 addens
1307 4288 1483 4343 etiam
1519 4304 1530 4341 :
1582 4291 1838 4358 Propter
1869 4306 2069 4347 nomen

403 4391 606 4443 meum,
643 4392 929 4447 magnam
961 4376 1044 4433 eis
1076 4376 1538 4433 consolationem
1560 4394 1627 4433 ac
1646 4379 1831 4434 animi
1864 4380 2070 4436 alacri-

403 4468 583 4519 tatem
609 4466 829 4536 injecit,
863 4482 999 4521 cum
1034 4481 1395 4537 persuasum
1446 4466 1729 4533 habeant,
1761 4468 1925 4539 quod
1958 4468 2067 4524 illis

402 4551 558 4606 adsit
584 4558 639 4607 et
671 4555 1003 4619 auxilietur,
1036 4555 1137 4626 qui
1168 4560 1405 4626 propter
1438 4556 1630 4627 ipsum
1662 4557 1990 4627 patiuntur.

472 4638 632 4694 Vers.
690 4646 777 4696 22.
830 4644 940 4708 Qui
1004 4645 1293 4699 —salvus
1329 4645 1461 4699 erit.
1514 4645 1642 4699 Tria
1670 4644 1864 4701 innuit
1914 4662 2067 4717 prm-

401 4742 538 4782 sens
568 4728 845 4785 verbum.
882 4731 1132 4785 Primum
1159 4732 1322 4803 quod
1342 4748 1461 4787 non
1488 4734 1684 4788 solum
1713 4733 1797 4788 eis
1820 4750 1972 4807 opus
1994 4735 2067 4792 sit

401 4814 593 4888 ipsius
649 4818 892 4882 auxilio,
926 4819 1030 4874 sed
1079 4824 1135 4874 et
1167 4821 1406 4892 prOpria
1437 4822 1776 4878 fortitudine
1810 4839 1821 4878 :
1852 4829 1914 4879 ut
1943 4840 2065 4881 non

399 4905 554 4973 illius
587 4906 800 4975 solum,
860 4908 964 4964 sed
992 4912 1047 4964 et
1094 4909 1356 4980 ipsorum
1409 4910 1572 4967 bona
1612 4912 1729 4967 sint
1758 4928 1966 4984 opera.
1998 4916 2064 4969 Et

393 4994 563 5067 quod
587 4994 898 5068 defatigari
921 5012 1041 5053 non
1071 5004 1360 5069 oporteat.
1395 5002 1542 5055 Nam
1563 5016 1697 5071 quas
1728 5001 1946 5058 utilitas
1973 5007 2065 5059 est

390 5083 685 5157 principii,
718 5085 883 5157 quod
916 5086 1099 5143 tinem
1131 5102 1254 5142 non
1302 5087 1483 5145 habet
1511 5089 1538 5145 ‘I
1564 5089 1853 5147 Praeterea
1899 5093 2059 5163 quod

391 5172 471 5231 ad
498 5173 682 5229 linem
710 5191 899 5247 usque
928 5176 1065 5231 vitro
1106 5174 1385 5233 adeunda
1417 5176 1533 5235 sint
1562 5178 1840 5249 pericula.

462 5261 719 5332 Dignum
751 5270 835 5321 est
856 5269 1079 5331 autem,
1109 5265 1293 5321 uthos
1321 5267 1689 5325 admiremur
1711 5284 1723 5323 :
1744 5269 2056 5341 quomodo

389 5351 469 5411 ad
518 5356 679 5408 tanta
751 5370 821 5412 ac
890 5354 1027 5411 talia
1108 5354 1309 5411 emissi
1382 5358 1666 5428 pericula,
1730 5359 2053 5428 audientes,

462 5532 509 5574 ¹⁸
542 5532 680 5593 Gen.
736 5552 890 5604 xmx,
924 5536 984 5596 9.
1129 5536 1175 5573 ¹⁹
1206 5536 1373 5594 Prov.
1400 5552 1605 5608 xxviii,
1642 5540 1700 5598 1.

1819 5542 1956 5601 ²⁰.³⁰
1986 5541 2007 5597 Ι
2048 5541 2199 5599 Petr.
2222 5555 2276 5614 v,
2308 5540 2364 5597 8.

2200 1783 2279 1833 ὅτι
2327 1782 2419 1833 ούκ
2480 1787 2711 1841 ἤκουσαν
2774 1794 2865 1838 τού
2938 1791 3299 1861 κηρύγματος,
3391 1800 3652 1847 Τοσοῦτον
3698 1798 3787 1868 γὰρ

2200 1869 2536 1936 ἀκούσουσιν,
2575 1875 2709 1926 ὥστε
2761 1880 2849 1927 καὶ
2902 1880 3019 1938 τοὺς
3076 1883 3310 1952 κήρυκας
3369 1887 3576 1955 μυρίοις
3615 1893 3790 1947 κακοῖς

2197 1960 2468 2013 ὑποϐαλεῖν
2482 2004 2492 2016 .

2263 2049 2423 2102 Ὀταν
2465 2047 2523 2103 δὲ
2564 2082 2633 2091 -
2689 2052 2957 2112 λαλήσετε.
3003 2061 3117 2109 Ἵνα
3162 2062 3232 2128 μὴ
3287 2057 3527 2129 λέγωσιν,
3564 2062 3646 2112 ὅτι
3691 2065 3787 2114 Καὶ

2193 2147 2323 2203 πῶς,
2384 2137 2592 2193 ἰδιῶται
2663 2148 2752 2194 καὶ
2812 2143 3167 2218 ἀγράμματοι,
3218 2154 3393 2199 πεῖσαι
3457 2145 3790 2222 δυνησόμεθα

2191 2229 2418 2303 ῥήτορας
2475 2233 2562 2281 καί
2617 2231 2982 2304 φιλοσόφουςς
3032 2237 3399 2307 προθεραπεύει
3455 2243 3544 2290 καὶ
3596 2244 3786 2296 ταύτην

2193 2318 2360 2369 αὐτῶν
2417 2324 2509 2377 τὴν
2588 2319 2805 2394 ἀπορίαν
2848 2321 3025 2393 λέγων·
3104 2329 3187 2382 Μὴ
3252 2331 3626 2398 μεριμνήσητε,
3685 2337 3790 2389 πῶς

2194 2407 2222 2463 ἢ
2258 2412 2308 2458 τί
2336 2406 2460 2465 λαλή
2473 2428 2604 2462 σετε.

2264 2499 2549 2554 Δοθησεται
2602 2529 2669 2537 —
2728 2498 2995 2557 λαλήσει-ε.
3078 2503 3378 2569 Δοθησεται,
3457 2506 3580 2577 παρ’
3667 2506 3790 2577 ἐμοῦ

2193 2581 2425 2643 δηλαδή.
2468 2588 2643 2639 Ταῦτα
2674 2584 2732 2639 δὲ
2780 2585 2913 2640 εἶπεν
2944 2589 3122 2650 αὐτοῖς
3159 2596 3248 2642 καὶ
3298 2588 3463 2659 αὖθις,
3496 2592 3791 2664 ἐγγίζοντος

2190 2682 2279 2725 τοῦ
2331 2671 2423 2725 διὰ
2487 2683 2714 2749 σταυροῦ
2752 2679 2965 2741 πάθους,
3028 2681 3109 2730 ὅτε
3139 2685 3255 2753 περὶ
3313 2689 3408 2741 τῆς
3461 2690 3552 2733 τοῦ
3584 2689 3791 2754 κόσμου

2190 2763 2476 2825 συντελείας
2536 2766 2809 2836 ἠρώτησαν
2881 2766 3053 2821 αὐτόν.
3130 2774 3267 2826 Φησὶ
3315 2773 3414 2842 γὰρ
3472 2773 3497 2821 ὁ
3555 2779 3787 2837 Λουκᾶς,

2187 2857 2275 2903 καὶ
2331 2861 2615 2910 τηνικαῦτα
2686 2855 2842 2906 εἰπεῖν
2899 2856 3071 2925 αὐτὸν,
3136 2859 3215 2908 ὅτι
3274 2860 3402 2929 Ἐγὼ
3453 2857 3614 2911 δώσω
3669 2863 3794 2932 ὑμῖν

2189 2946 2359 3013 στόμα
2457 2947 2544 2994 καὶ
2624 2948 2808 3014 σοφίαν
2987 2945 3044 2996 ού
3113 2942 3430 3003 δυνήσονται
3502 2947 3789 3016 ἀντειπεῖν,

2186 3027 2308 3082 οὐδὲ
2331 3030 2633 3089 ἀντιστῆναι
2665 3034 2848 3093 πάντες
2873 3036 2921 3085 oi
2948 3036 3286 3106 ἀντικείμενοι
3318 3038 3456 3108 ύμῖν.

2258 3120 2331 3171 Ou’
2365 3150 2428 3159 ——
2456 3118 2743 3183 λαλοῦντες.
2787 3124 2852 3173 Oi
2880 3121 3146 3185 λαλοῦντες
3183 3129 3315 3178 τότε.

2257 3296 2411 3350 Ἀλλὰ
2468 3331 2534 3339 —-
2588 3298 2728 3370 ύμῖν.
2785 3299 2940 3355 Ἀλλά
2992 3304 3048 3353 τὸ
3117 3308 3322 3374 Πνεῦμα
3364 3307 3420 3356 τὸ
3483 3303 3664 3377 ἅγιον,
3737 3307 3797 3357 τὸ

2182 3387 2364 3441 λαλοῦν
2397 3387 2443 3440 ἐν
2470 3390 2589 3460 ὑμῖν
2621 3393 2753 3441 τότε.

2256 3473 2568 3549 Παραδώσει
2624 3508 2692 3517 -
2736 3482 2925 3533 τέκνον.
2985 3482 3050 3531 Οἱ
3105 3485 3177 3551 μὴ
3221 3484 3611 3549 πιστεύσαντες,
3676 3488 3802 3545 τοὺς

2183 3568 2585 3627 πιστεύσαντας.

2257 3659 2450 3707 Καὶ-
2499 3656 2706 3717 αύτούς.
2745 3662 2843 3709 Καὶ
2888 3657 3031 3709 οὗτοι
3080 3659 3288 3730 ὁμοίως.
3346 3662 3439 3711 Διά
3468 3668 3571 3712 τῶν
3612 3662 3807 3734 φιλτά-

2182 3762 2279 3794 των
2342 3740 2399 3796 de
2447 3747 2660 3812 τούτων,
2718 3750 2805 3798 καὶ
2879 3748 2971 3805 τὰς
3020 3746 3171 3807 ἄλλας
3219 3747 3415 3820 ἐνέφηνε
3480 3757 3810 3823 συγγενείας

2180 3837 2269 3885 καὶ
2290 3833 2620 3895 οἰκειότητας.

2254 3927 2353 3975 Καὶ
2400 3954 2468 3963 —
2526 3925 2683 3995 ὄνομά
2730 3944 2850 3996 μου.
2894 3926 3018 3977 ’Υπό
3065 3926 3287 3991 πάντων,
3344 3925 3454 3978 ἀντὶ
3497 3935 3620 3993 τοῦ,
3676 3930 3810 3982 ’Ὑπὸ

2181 4021 2278 4064 τῶν
2314 4012 2570 4066 πλειόνων.
2626 4013 2813 4065 Πολλοὶ
2859 4017 2959 4085 γὰρ
3010 4014 3199 4076 αύτούς
3253 4018 3560 4085 ἠγάπησαν.
3622 4016 3816 4073 ’ἰδίω-

2180 4123 2252 4174 μα
2293 4098 2350 4154 δὲ
2376 4108 2465 4154 καὶ
2518 4110 2669 4154 τοῦτο
2731 4106 3004 4177 γραφικόν,
3054 4105 3247 4164 πάντας
3300 4104 3479 4175 λέγειν,
3538 4112 3642 4159 καὶ
3677 4113 3815 4168 τούς

2179 4191 2431 4253 πλείονας.
2474 4192 2741 4267 Ἀνωτέρω
2799 4188 2858 4245 δε
2913 4195 3173 4267 προσθεὶς,
3228 4195 3307 4245 ὅτι
3370 4193 3568 4247 Ἐνιαεν
3643 4196 3814 4268 ἐμοῦ,

2179 4287 2263 4332 καὶ
2292 4288 2377 4333 νῦν
2446 4278 2504 4333 δὲ
2544 4282 2718 4348 πάλιν,
2768 4282 2848 4333 ὅτι
2912 4284 3005 4334 Διά
3059 4286 3117 4333 τὸ
3176 4285 3333 4355 ὄνομά
3401 4300 3523 4353 μου·
3591 4286 3818 4345 πολλὴν

2175 4370 2504 4446 παράκλησιν
2569 4376 2657 4422 καὶ
2711 4373 3005 4443 προθυμίαν
3094 4370 3270 4432 αὐτοῖς
3326 4370 3545 4439 ἐνέϐαλε,
3618 4394 3819 4427 πεπει-

2180 4463 2405 4531 σμένοις,
2456 4461 2536 4512 ὃτι
2586 4464 2950 4534 συμπαρέσται
3007 4466 3095 4512 καὶ
3160 4458 3498 4531 ἀντιλήψεται
3550 4471 3675 4514 τῶν
3714 4485 3825 4517 πα-

2180 4552 2414 4620 σχόντων
2448 4545 2519 4600 δι’
2552 4549 2725 4601 αὐτόν.

2244 4638 2392 4690 Ὀ-
2442 4641 2757 4697 σωθήσεται.
2806 4644 2939 4713 Τρία
2994 4640 3051 4691 τὸ
3092 4642 3255 4713 παρόν
3310 4639 3542 4711 ἐμφαίνει
3607 4641 3820 4715 ῥητόν·

2174 4731 2255 4781 ὅτι
2304 4729 2361 4780 ού
2406 4730 2557 4801 μόνον
2588 4734 2747 4802 χρεία
2792 4737 2882 4789 τῆς
2935 4728 3055 4802 παρ’
3108 4728 3268 4781 αὐτοῦ
3324 4725 3605 4801 βοηθείας,
3680 4732 3828 4784 ἀλλὰ

2174 4824 2263 4871 καὶ
2301 4826 2391 4878 τῆς
2439 4818 2605 4870 αὐτῶν
2649 4823 2944 4893 καρτερίας,
2992 4820 3073 4869 ἳνα
3113 4822 3177 4875 αὴ
3232 4818 3390 4870 αὐτοῦ
3418 4822 3615 4890 μόνον,
3679 4820 3833 4875 ἀλλὰ

2173 4914 2261 4961 καὶ
2319 4908 2483 4960 αὐτῶν
2534 4912 2755 4980 γίνοιντο
2820 4911 2884 4959 τὰ
2949 4908 3358 4979 κατορθώματα·
3412 4912 3501 4960 καὶ
3581 4912 3685 4962 ὅτι
3761 4912 3830 4964 ού

2171 5002 2281 5073 χρὴ
2314 4998 2644 5069 ἀποκάμνειν·
2695 5002 2743 5049 τί
2797 4998 2899 5070 γὰρ
2944 4995 3113 5069 ὄφελος
3172 4994 3369 5071 ἀρχῆς,
3414 4996 3508 5048 οὐκ
3540 4996 3835 5071 ἇχούσης

2171 5088 2343 5155 τέλος,
2377 5092 2464 5140 καὶ
2521 5089 2600 5140 ὅτι
2642 5090 2805 5160 μέχρι
2833 5086 3010 5147 τέλους
3068 5085 3207 5147 ζωῆς
3261 5086 3429 5138 αὐτῶν
3460 5091 3834 5161 «aput-«916-

2173 5196 2318 5230 σεται
2350 5180 2415 5229 τὰ
2444 5174 2608 5229 δεινά.

2241 5269 2528 5339 Θαυμάσαι
2569 5263 2626 5318 δὲ
2663 5269 2872 5327 τούτους
2917 5265 3082 5333 ἄξιον,
3109 5272 3215 5326 πῶς
3266 5264 3335 5326 εἰς
3366 5264 3694 5330 τοσούτους
3730 5272 3833 5321 καὶ

2168 5362 2432 5419 τοιούτους
2486 5352 2758 5417 κινδύνους
2817 5353 3264 5427 ἀποστελλόμενοι,
3319 5356 3409 5404 καὶ
3455 5358 3669 5407 πᾶσαν
3737 5358 3839 5429 μὲν

2477 5537 2676 5595 “Luc.
2704 5538 2792 5605 2t,
2824 5540 2913 5594 15.
3034 5538 3081 5571 ³³
3110 5533 3308 5592 Matth.
3347 5549 3407 5602 ι,
3436 5532 3541 5588 18.
