3990 6206
280 202 364 258 337
1203 197 1561 255 COMMENT.
1605 197 1677 253 IN
1717 197 1805 253 MA

1940 195 2157 255 IxEUM.
2199 227 2270 239 -
2312 196 2472 254 CAP.
2512 198 2577 253 X.

3461 201 3566 258 338

277 333 350 384 τήν
375 325 646 397 οἰκουμένην
679 325 926 398 πολεμίαν
966 328 1106 397 ἔχειν
1159 323 1448 393 ἀκούοντες,
1511 323 1633 396 παρ’
1695 324 1805 383 ὃλην

1940 322 2088 394 ιυοά
2099 322 2447 379 universum
2461 321 2670 379 orbem
2687 322 2992 380 inimicum
3004 323 3314 390 haberent,
3329 327 3573 399 totaque

272 413 320 469 δε
345 416 652 487 πειράζεσθαι
689 420 782 473 τὴν
839 419 996 482 ζωὴν,
1047 415 1142 467 οὐκ
1199 411 1510 479 ἐδειλίασαν,
1545 409 1659 464 οὐδ’
1691 412 1814 473 ἐζη-

267 523 405 562 τησαν
447 503 734 574 ἀπαλλαγὴν
795 511 892 556 τῶν
936 500 1114 556 δεινῶν
1171 519 1182 568 ;
1228 503 1510 560 ’Υπηκουον
1573 505 1696 574 γὰρ,
1746 505 1814 564 ὡς

263 593 483 654 ἀπειθεῖς
519 602 588 663 τῷ
625 589 955 663 διδασκάλῳ,
1011 597 1100 645 καὶ
1151 591 1397 666 ἐθάρρουν
1438 594 1502 651 ὡς
1530 595 1710 644 πιστοὶ
1748 597 1809 663 τῇ

260 679 453 752 δυνάμει
501 688 588 733 τοῦ
655 680 1070 741 ἀποστέλλοντος.
1153 682 1522 752 Μεμαθηκότες
1592 675 1650 731 δὲ
1724 682 1813 730 καὶ

257 772 323 821 ότι
365 777 593 822 τοσοῦτον
652 770 870 840 ἰσχύσει
917 773 974 822 τὸ
1021 775 1267 840 κήρυγμα
1319 777 1414 830 τῆς
1458 773 1699 834 πίστεως,
1745 769 1813 828 ὡς

257 855 476 910 διαλύσαι
527 864 613 910 καὶ
645 862 739 916 τὴν
799 855 1155 930 ἀδαμαντίνην
1197 862 1423 930 στοργήν
1450 865 1539 918 τῆς
1587 860 1808 928 φύσεως,

255 952 327 998 καὶ
399 949 486 1008 τὰς
565 951 780 1018 σχίσεις
858 946 1104 1009 ἀλλήλαις
1167 946 1542 1018 ἐκπολεμωσαι,
1623 945 1811 1018 μᾶλλον

253 1035 658 1108 ἀνηρεθίσθησαν,
703 1039 794 1087 καὶ
853 1037 1182 1110 νευρωθίντες
1232 1034 1410 1086 λοιπὸν
1485 1041 1597 1094 ταῖς
1653 1033 1810 1105 ἀναμ-

253 1124 450 1195 φιϐολοις
495 1124 669 1176 ἐλπίσι
723 1131 814 1176 τοῦ
863 1126 1166 1196 κατορθοῦν,
1195 1119 1546 1187 ἀπεδύσαντο,
1604 1120 1813 1176 δώδεκα

251 1218 392 1283 μόνοι,
446 1216 568 1286 πρὸς
611 1214 822 1265 ἅπασαν
883 1217 973 1270 τὴν
1031 1212 1355 1284 οἰκουμένην,
1409 1209 1547 1284 ᾗτινι
1600 1231 1810 1283 συμπα-

248 1304 486 1371 ρετάττετο
517 1301 627 1354 κατ’
663 1301 832 1354 αὐτῶν
867 1306 956 1352 καὶ
985 1303 1010 1352 ὁ
1043 1298 1076 1352 δ
1083 1300 1283 1362 ιοίϐολος
1335 1303 1464 1372 μετὰ
1519 1308 1618 1352 τῶν
1667 1299 1809 1353 ἀπεί-

244 1409 330 1463 ρων
379 1389 533 1442 αὐτοῦ
591 1387 874 1461 δαιμόνων,
938 1394 1026 1442 καὶ
1081 1393 1428 1454 νενικήκασιν,
1480 1388 1573 1441 οὐκ
1614 1387 1809 1441 ἀνελόν-

245 1497 312 1537 τες
385 1482 502 1539 τοὺς
569 1477 850 1543 ἐναντίους,
929 1475 1056 1528 ἀλλὰ
1128 1478 1657 1551 μεταρρυθμίσαντες,
1720 1480 1810 1528 καὶ

246 1562 474 1638 δαιμόνων
513 1566 627 1638 (24)
677 1569 824 1626 ’ίσους
852 1565 1110 1629 λαϐόντες,
1171 1564 1400 1638 ἁγγελων
1453 1569 1603 1627 ἴσους
1631 1563 1808 1623 ἐποίη-

242 1673 338 1708 σαν.

300 1749 423 1794 Οταν
478 1740 536 1795 δε
592 1773 664 1783 -
719 1742 896 1802 ἄλλην.
948 1743 1116 1797 Εἰπὼν
1163 1744 1227 1795 τὰ
1281 1745 1410 1815 μετὰ
1463 1745 1556 1799 τὴν
1624 1740 1808 1799 ἀνάλη-

239 1832 313 1901 1,ὒιν
361 1832 512 1884 αὐτοῦ
568 1831 964 1904 συμϐησόμενα,
1022 1831 1174 1885 πάλιν
1205 1835 1372 1902 ἤγαγε
1413 1833 1498 1882 τὸν
1529 1829 1678 1901 λόγον
1726 1829 1810 1882 ἰπὶ

242 1925 297 1971 τὰ
335 1925 459 1996 πρόύ
506 1929 600 1974 τοῦ
653 1929 907 1994 σταυροῦ.
967 1921 1168 1974 Κελεύει
1217 1918 1276 1972 δὲ
1324 1922 1546 1990 φεύγειν,
1596 1918 1702 1991 ούχ
1745 1921 1810 1979 ὡς

240 2005 432 2077 δειλούς,
477 2008 588 2063 ἀλλ’
636 2012 706 2071 ὡς
753 2007 1116 2082 διωκομένους.
1171 2009 1230 2060 Ὀ
1284 2005 1343 2062 δε
1381 2007 1630 2080 Θεολόγος
1682 2013 1810 2080 Γρη-

240 2103 390 2168 γόριος
441 2098 736 2172 ἑρμηνεύων
777 2103 929 2150 τοῦτό
979 2117 1157 2170 φησιν,
1196 2099 1278 2150 ὅτι
1329 2094 1504 2170 φειδοῖ
1555 2106 1653 2149 τῶν
1681 2094 1809 2150 διωο

238 2191 399 2239 κόντων
450 2193 537 2240 καὶ
613 2196 714 2240 τῶν
777 2190 1181 2260 ἀσθενεστέρων
1255 2191 1345 2238 καὶ
1418 2183 1542 2239 οὐδὲ
1606 2189 1810 2261 μακρὰν

239 2278 429 2346 φεύγειν,
483 2275 594 2328 ἀλλ’
648 2275 750 2328 ἀπὸ
797 2279 992 2337 ταύτης
1053 2283 1145 2336 τῆς
1194 2275 1384 2335 πόλεως
1452 2275 1523 2336 εἰς
1594 2279 1805 2340 ἐκείνην,

239 2364 304 2414 ἰνα
331 2361 588 2436 μηδεμίαν
622 2364 1033 2436 παραλείψωσιν,
1101 2365 1168 2425 εἰς
1200 2364 1259 2422 ἣν
1295 2364 1389 2416 ούκ
1441 2365 1554 2432 (25)
1609 2363 1811 2436 ἀφίξον-

236 2471 322 2504 ται.

293 2541 439 2613 Ἀμην
506 2574 576 2583 -
660 2550 751 2595 τοῦ
832 2540 1123 2617 ἀνθρώπου.
1182 2541 1314 2603 Ἕως
1377 2540 1437 2592 ἆν
1502 2541 1622 2610 ἔλθη
1681 2544 1808 2615 πρὸς

238 2631 361 2700 ὑμᾶς.
411 2638 576 2685 Τοῦτο
623 2628 682 2684 δε
721 2634 845 2707 πρὸς
873 2631 1226 2703 ψυχαγωγίαν
1274 2634 1364 2682 καὶ
1412 2629 1664 2701 ἀνάψυξον
1711 2630 1810 2682 αύ-

236 2726 311 2769 τιῡν
361 2717 482 2788 εἶπε,
544 2719 798 2792 βεϐαιῶν,
875 2723 956 2772 ὃτι
1015 2721 1196 2773 θᾶττον
1251 2723 1458 2780 τούτους
1514 2717 1804 2790 καταλάϐῃ,

237 2812 317 2880 πρὸ
388 2816 477 2860 τοῦ
545 2808 834 2882 περιελθεῖν
903 2809 1088 2869 αύτούς
1130 2810 1304 2869 πάσας
1355 2809 1446 2868 τὰς
1490 2807 1656 2867 πόλεις
1706 2815 1806 2859 τῶν

236 2892 492 2962 Ἰουδαίων,
525 2902 716 2970 ἤγουν,
749 2900 848 2971 πρὸ
897 2903 988 2949 τοῦ
1042 2893 1257 2948 διελθεῖν
1309 2895 1428 2954 ὅλην
1478 2901 1571 2953 τὴν
1617 2895 1807 2948 Παλαι-

1921 413 2042 468 vita
2067 428 2177 468 sua
2202 415 2570 468 tentarentur
2602 429 2614 468 :
2641 428 2766 468 non
2792 412 3194 470 detrectarunt
3219 413 3571 486 periculum,

1921 515 2112 572 neque
2143 500 2546 556 liberationem
2575 517 2610 557 a
2639 501 2808 557 malis
2830 507 3249 574 poposcerunt.
3279 502 3576 560 Parebant

1923 590 2080 644 enim
2110 593 2392 658 tanquam
2423 589 2700 659 morigeri
2727 591 3013 660 magistro
3043 606 3054 645 :
3083 595 3141 647 et
3168 591 3572 661 conﬁdebant,

1924 683 2125 749 utpote
2156 677 2380 748 ﬁdeles,
2415 677 2490 733 de
2523 679 2790 750 potentia
2820 679 3160 736 emittentis.
3193 679 3342 736 Cum
3373 685 3574 738 autem

1920 767 2284 831 didicissent,
2315 766 2480 838 quod
2513 771 2737 822 tantam
2778 767 3024 824 haberet
3059 768 3200 825 ﬁdei
3229 770 3574 841 prmdicatio

1920 855 2351 921 fortitudinem,
2413 859 2472 911 ut
2528 855 2989 911 adamantinum
3045 872 3288 930 quoque
3343 863 3574 916 natura:

1921 960 2190 1000 amorem
2239 943 2607 1009 dissolveret,
2658 944 2839 1000 variis
2891 944 3201 1001 affectibus
3251 963 3315 1002 se
3364 951 3573 1004 mutuo

1920 1032 2311 1100 vincentibus,
2330 1032 2521 1101 magis
2538 1031 2759 1089 incitati
2777 1035 2936 1098 sunt,
2961 1033 3301 1106 additisque
3321 1035 3572 1101 viribus,

1919 1121 2248 1176 indubitata
2279 1135 2385 1190 spe
2425 1119 2706 1193 deinceps
2743 1120 2982 1192 egregia
3016 1136 3202 1194 opera
3231 1122 3572 1191 exhibendi,

1919 1208 2026 1264 soli
2071 1207 2390 1264 duodecim
2436 1208 2704 1279 aggressi
2747 1212 2887 1265 sunt
2928 1209 3136 1266 orbem
3182 1211 3571 1268 universum:

1919 1311 2055 1351 cum
2084 1311 2207 1367 quo
2233 1295 2524 1350 adversus
2549 1296 2680 1351 illos
2713 1311 2775 1351 se
2803 1295 3082 1353 diabolus
3107 1299 3412 1370 opposuit,
3439 1297 3576 1370 jun-

1918 1383 2026 1439 ctis
2055 1397 2257 1439 secum
2289 1383 2616 1438 innumeris
2646 1383 2983 1439 daemoniis.
3023 1383 3104 1439 Illi
3133 1401 3276 1442 vero
3304 1386 3574 1442 obtinue-

1919 1475 2054 1528 runt
2084 1470 2408 1536 victoriam,
2443 1486 2566 1527 non
2593 1471 3008 1529 interﬁcientes
3043 1473 3434 1536 adversarios,
3469 1474 3575 1530 sed

1920 1560 2033 1616 sibi
2063 1564 2565 1616 connumerantes
2592 1577 2605 1614 :
2641 1564 2697 1616 et
2719 1576 2873 1632 quos
2899 1561 3280 1618 daemonibus
3311 1561 3576 1634 aequales

1842 1671 1886 1727 Β
1918 1653 2296 1720 acceperunt,
2329 1648 2557 1718 angelis
2591 1649 2814 1706 similes
2843 1649 3250 1708 reddiderunt.

1987 1740 2144 1794 Vers.
2187 1741 2275 1794 23.
2319 1736 2457 1792 Cum
2491 1743 2683 1794 autem
2714 1768 2781 1778 —
2811 1739 3016 1796 aliam.
3063 1743 3389 1813 Postquam
3427 1739 3577 1799 dixit

1916 1841 2053 1900 quin
2083 1830 2223 1898 post
2251 1825 2664 1883 ascensionem
2706 1841 2880 1884 suam
2920 1831 3089 1884 erant
3119 1833 3424 1898 eventura,
3458 1845 3575 1887 ser-

1919 1929 2161 1972 monem
2208 1915 2286 1971 ad
2330 1929 2402 1970 ea
2439 1914 2690 1980 reduxit,
2733 1931 2869 1988 quin
2916 1921 3052 1973 ante
3095 1932 3336 1973 crucem
3375 1918 3576 1976 futura

1919 2008 2106 2060 erant.
2138 2002 2310 2059 Jubet
2339 2006 2539 2059 autem
2569 2002 2794 2072 fugere,
2837 2018 2961 2060 non
2990 2007 3281 2077 tanquam
3309 2004 3572 2072 timidos,

1919 2091 2025 2148 sed
2049 2096 2337 2164 tanquam
2362 2107 2464 2148 eos
2489 2091 2594 2164 qui
2615 2091 3007 2164 expelluntur.
3035 2094 3252 2149 Verum
3275 2094 3426 2150 sicut
3446 2096 3578 2151 Gre-

1920 2182 2127 2252 gorius
2148 2181 2480 2251 Theologus
2496 2180 2936 2252 interpretatur,
2963 2181 3136 2251 jubet
3166 2185 3228 2238 ut
3247 2183 3577 2239 miserean-

1919 2274 2014 2326 tur
2041 2269 2526 2341 persequentium
2553 2273 2611 2324 et
2634 2268 3111 2336 imbecilliorum,
3144 2285 3252 2326 nec
3282 2269 3461 2341 longe
3486 2271 3573 2328 fu-

1919 2359 2102 2430 giant,
2135 2358 2240 2414 sed
2260 2358 2338 2414 ab
2359 2357 2473 2414 hac
2495 2357 2725 2414 civitate
2744 2357 2804 2413 in
2824 2358 3010 2428 illam,
3033 2374 3109 2417 ne
3131 2359 3315 2417 ullam
3341 2363 3575 2433 praeter-

1918 2452 2076 2515 eant,
2110 2447 2188 2503 ad
2221 2462 2407 2519 quam
2442 2462 2563 2503 non
2593 2447 2964 2518 perveniant.

1989 2539 2149 2593 Vers.
2171 2537 2257 2591 23.
2278 2537 2326 2592 A
2337 2551 2468 2592 men
2479 2567 2548 2576 —
2565 2535 3270 2609 hominis.—Priusquam
3291 2539 3486 2595 veniat
3502 2537 3576 2595 ad

1919 2641 2040 2684 vos.
2069 2627 2190 2682 Hoc
2223 2629 2424 2682 autem
2454 2625 2529 2682 ad
2572 2624 2850 2682 solatium
2883 2631 2938 2682 et
2967 2625 3336 2698 refrigerium
3366 2642 3576 2683 eorum

1917 2714 2088 2772 dixit.
2117 2715 2506 2779 conﬁrmans,
2528 2713 2695 2779 quod
2720 2713 2890 2770 cilius
2915 2729 3018 2771 eos
3041 2718 3194 2770 esset
3217 2715 3329 2770 sibi
3355 2714 3580 2786 adjun~

1918 2809 2141 2869 cturus,
2173 2818 2360 2875 quam
2403 2802 2515 2875 ipsi
2556 2817 2764 2859 omnes
2800 2802 3141 2859 Iudaeorum
3172 2803 3442 2861 civitates
3468 2803 3578 2859 cir-

1915 2892 2224 2961 cumirent,
2250 2892 2374 2946 sive
2390 2896 2714 2963 antequam
2736 2891 2813 2948 ad
2837 2891 3177 2948 universam
3199 2891 3575 2950 Palaestinam

236 2988 405 3041 στίνην.
442 2985 633 3060 Ἤρκει
684 2988 810 3059 γὰρ,
843 2990 931 3037 καὶ
965 2990 1115 3057 μόνον
1155 2984 1417 3056 ἐπιφανεὶς
1469 2984 1647 3046 αὐτοῖς
1690 2982 1804 3036 ἀντὶ

1940 2980 2283 3036 Lccederent.
2305 2979 2647 3036 Sutﬁciebat
2664 2981 2821 3037 enim
2842 2995 2947 3052 pro
2964 2979 3128 3037 omni
3146 2981 3572 3048 consolatione,

233 3075 379 3132 κοίτης
402 3074 798 3148 παρακλήσεως,
831 3074 990 3134 οὕτως
1017 3072 1386 3145 ἐλαυνομένοις,
1414 3072 1438 3125 ὁ
1475 3069 1542 3131 δὴ
1567 3077 1678 3126 τότε
1715 3076 1802 3124 καὶ

234 3167 498 3229 πεποίηκεν,
529 3166 606 3224 ὡς
651 3164 935 3233 ὑπίσχετο.
965 3165 1109 3216 Ἐπεὶ
1138 3159 1196 3215 δὲ
1241 3167 1330 3214 καὶ
1374 3161 1803 3234 βλασφημείσθαι

231 3254 351 3321 παρὰ
377 3259 470 3302 τῶν
501 3248 805 3304 διωκόντων
834 3251 1057 3323 ἔμελλον,
1086 3251 1176 3303 καί
1203 3247 1237 3303 δ
1242 3250 1296 3302 ιά
1319 3260 1471 3303 τοῦτο
1494 3247 1798 3316 δάκνεσθαι,

231 3341 583 3410 παραμυθεῖται
620 3345 708 3392 καὶ
737 3348 892 3393 τοῦτο
917 3344 974 3393 τὸ
1013 3344 1187 3412 μέρος,
1220 3339 1320 3391 ἀπὸ
1359 3347 1448 3392 τοῦ
1474 3341 1592 3392 καθ’
1622 3339 1802 3392 ἑαυτὸν

230 3423 612 3500 ὑποδείγματος,
645 3429 818 3482 εἰπών·

287 3606 385 3660 Ούκ
427 3639 492 3650 -
540 3612 634 3662 τὸν
681 3611 860 3682 κύριον
917 3607 1096 3662 αὐτοῦ.
1168 3607 1454 3678 ’Λπόφασιν
1518 3609 1607 3678 μὲν
1667 3606 1802 3678 λέγει

228 3701 378 3753 κοινὴν
425 3702 511 3750 καὶ
564 3702 707 3750 πᾶσι
759 3701 1036 3770 γνώριμον,
1103 3696 1461 3770 προσαρμόζει
1530 3692 1587 3748 δὲ
1635 3715 1798 3768 ταυτῃ

228 3786 280 3833 τὰ
328 3785 431 3837 καθ’
490 3787 701 3852 ἑαυτὸν,
748 3787 832 3838 ἱνα
893 3781 1082 3856 μηδεὶς
1138 3783 1415 3855 ἀντιλέγειν
1475 3787 1612 3856 ἔχοι.
1691 3785 1801 3836 Ούκ

229 3873 344 3923 ἔστιν
391 3879 560 3944 ὅντως,
639 3877 754 3926 οὔτε
834 3876 1070 3944 μαθητὴς
1151 3878 1393 3947 κρείττων
1463 3881 1554 3925 τού
1609 3874 1798 3926 οἰκείου

229 3955 545 4030 διδασκάλου,
579 3967 704 4016 οὔτε
751 3959 938 4024 δοῦλος
977 3967 1217 4036 κρείττων
1269 3970 1360 4014 τοῦ
1399 3967 1581 4036 κυρίου
1617 3963 1796 4028 αὐτοῦ,

227 4049 300 4110 ἕως
344 4053 399 4102 ἄν
425 4055 449 4104 6
499 4057 602 4126 μὲν
636 4055 711 4108 εἰη
743 4053 998 4123 μαθητὴς,
1029 4053 1053 4102 ό
1086 4048 1144 4104 δε
1184 4047 1392 4112 δοῦλος.
1422 4057 1631 4122 ’Υφεσις
1677 4052 1798 4123 (26)

225 4142 303 4209 γάρ
327 4139 430 4193 ἔστι
465 4147 554 4194 καὶ
595 4145 653 4192 τὸ
712 4137 1067 4194 διδάσκεσθαι
1118 4144 1205 4192 καὶ
1265 4144 1322 4192 τὸ
1382 4135 1661 4201 δουλεύειν,
1710 4145 1799 4192 καὶ

225 4230 318 4278 κατ’
368 4231 487 4284 αὐτὸ
533 4238 698 4283 τοῦτο
753 4231 955 4291 πάντως
1007 4230 1123 4299 (27)
1177 4228 1549 4288 ύποϐεϐἠκασι*
1603 4232 1798 4281 Λοιπὸν

227 4311 296 4366 οὖν
322 4315 426 4372 οὐδ’
447 4321 607 4392 ὑμεῖς
636 4318 747 4371 ἔστι
775 4319 901 4390 ύπερ
933 4317 1038 4390 ἐμὲ,
1063 4322 1149 4370 τὸν
1181 4314 1509 4370 διδάσκαλον
1538 4319 1680 4390 ὑμῶν
1711 4323 1798 4370 καὶ

229 4408 403 4477 Κύριον.

281 4494 496 4569 Ἀρκιτόν
516 4526 601 4538 -ο
623 4497 646 4546 6
666 4491 991 4558 διδάσκαλος
1018 4496 1198 4550 αὐτοῦ.
1219 4497 1393 4570 Ἀρκεί
1409 4503 1519 4556 τοῖς
1534 4497 1798 4568 μαθηταῖς

227 4582 322 4650 ὑμῖν
348 4585 408 4644 εἰς
451 4586 820 4659 παραμυθίαν,
856 4587 937 4636 ἱνα
968 4586 1184 4654 γένησθε
1216 4583 1697 4656 βλασφημούμενοι,
1730 4586 1797 4645 ὡς

334 4673 356 4722 6
385 4670 714 4734 διδάσκαλος
747 4673 910 4743 ὑμῶν,
941 4678 1030 4724 καὶ
1065 4677 1201 4744 μέγα
1230 4674 1350 4745 ύμῖν
1389 4677 1467 4741 τὸ,
1504 4677 1592 4724 καὶ
1619 4671 1668 4723 ἐν
1696 4679 1798 4732 τοῖς

230 4764 441 4821 τοιούτοις
480 4763 804 4824 ἐξισωθῆναί
833 4779 943 4832 μοι.

290 4852 370 4899 Καί
397 4851 420 4900 ὁ
458 4847 643 4911 δοῦλος
675 4880 744 4889 -
775 4849 956 4904 αὐτοῦ.
995 4848 1293 4902 Ἐλκυστίον
1319 4854 1408 4902 καὶ
1439 4848 1522 4902 ἐπὶ
1553 4852 1610 4902 τὸ
1639 4851 1795 4923 ῥητόν

232 4941 352 4987 τοῦτο
370 4938 513 4990 πάλιν
543 4943 628 5009 τὸ,
671 4937 906 5012 ἀρκετόν,
947 4940 1033 4990 ’ίνοι
1064 4942 1296 5010 γένηται.

289 5027 337 5074 Εἰ
386 5057 448 5068 -
508 5029 810 5089 οἰκειακούς
871 5027 1051 5082 αύτοῦ.
1137 5026 1435 5089 Βεελζεϐούλ
1506 5027 1792 5100 ὠνόμαζον,

1917 3073 1979 3125 ut
2006 3069 2117 3124 illis
2148 3069 2300 3126 adeo
2329 3068 2638 3138 exagitatis
2671 3074 2986 3142 appareret
3013 3087 3027 3126 :
3055 3070 3225 3143 quod
3254 3085 3401 3127 sane
3432 3073 3574 3128 tunc

1913 3158 2096 3215 etiam
2117 3157 2270 3223 fecit,
2292 3157 2442 3214 sicut
2456 3157 2746 3228 promisit.
2768 3158 2920 3224 Quia
2940 3162 3141 3215 autem
3163 3159 3430 3214 futurum
3449 3161 3576 3214 erat

1914 3251 1978 3303 ut
2006 3248 2084 3303 ab
2108 3245 2201 3303 his
2224 3246 2329 3318 qui
2359 3261 2421 3301 se
2452 3249 2971 3318 persequerentur,
2996 3245 3365 3302 calumniam
3392 3246 3573 3302 susti-

1913 3339 2138 3404 nerent,
2183 3339 2240 3391 et
2270 3334 2404 3391 ideo
2440 3333 2689 3391 moleste
2721 3334 2981 3391 ferrent:
3021 3349 3204 3406 super
3240 3333 3354 3390 hoc
3393 3333 3574 3391 etiam

1912 3425 2380 3481 consolationem
2405 3423 2594 3488 aﬁ'ert,
2616 3424 2834 3496 partim
2857 3440 2894 3481 a
2913 3423 3157 3498 proprio
3187 3423 3486 3497 exemplo,
3517 3429 3574 3480 et

1913 3513 1991 3570 ab
2021 3513 2113 3570 his
2143 3529 2276 3586 quae
2303 3513 2417 3569 sibi
2447 3513 2561 3586 ipsi
2585 3512 2960 3580 accidebant,
2993 3512 3202 3569 dicens
3237 3529 3251 3568 :

1985 3605 2147 3660 Vers.
2187 3606 2275 3659 24.
2313 3603 2451 3659 Non
2489 3633 2558 3642 —
2596 3602 2902 3659 dominum
2941 3618 3138 3659 suum.
3171 3601 3569 3660 Communem

1910 3693 2135 3767 profert
2164 3694 2537 3760 sententiam,
2565 3706 2824 3765 quaeque
2863 3692 3142 3748 omnibus
3173 3696 3315 3750 nota
3343 3696 3430 3748 est
3465 3712 3478 3746 :
3509 3694 3571 3748 et

1910 3783 2050 3840 huic
2080 3783 2350 3855 adaptat,
2377 3797 2511 3854 quas
2533 3780 2693 3836 circa
2726 3795 2789 3836 se
2816 3780 3184 3848 accidunt,ut
3217 3780 3416 3837 nullus
3436 3795 3574 3852 pos-

1911 3872 1985 3927 sit
2033 3869 2457 3928 contradicere.
2506 3871 2646 3926 Vere
2689 3868 2850 3925 enim
2892 3868 2974 3926 ita
3017 3874 3119 3934 est,
3170 3869 3336 3942 quod
3373 3883 3572 3942 neque

1911 3959 2243 4030 discipulus
2270 3974 2378 4014 suo
2400 3957 2686 4028 magistro
2706 3958 3082 4029 praestantior
3103 3962 3207 4024 est,
3230 3973 3426 4030 neque
3453 3973 3573 4014 ser-

1910 4063 2020 4102 vus
2045 4063 2155 4102 suo
2180 4046 2427 4102 domino
2458 4062 2469 4102 :
2499 4045 2645 4102 dum
2675 4045 2770 4102 ille
2795 4045 3131 4119 discipulus
3157 4045 3351 4110 fuerit,
3381 4049 3437 4102 et
3459 4045 3570 4102 iste

1911 4151 2136 4192 servus.
2156 4135 2305 4190 Nam
2321 4134 2608 4204 subjectio
2620 4134 2902 4206 quaedam
2915 4137 3003 4190 est
3019 4134 3218 4189 doceri
3235 4149 3304 4190 ac
3323 4134 3569 4198 servire,

1909 4223 2305 4280 etsecundum
2318 4221 2646 4294 hocipsum
2660 4223 2906 4279 omnino
2919 4221 3170 4292 subjecti
3185 4225 3342 4276 sunt.
3361 4221 3569 4292 Itaque

1910 4327 2103 4386 neque
2117 4326 2223 4367 vos
2236 4325 2526 4384 suprame
2539 4311 2847 4377 estis,cum
2860 4309 3274 4380 simmagister
3287 4323 3356 4366 ac
3369 4307 3567 4365 Domi-

1908 4417 2023 4457 nus
2074 4403 2283 4456 vester.

1977 4491 2140 4545 Vers.
2173 4492 2262 4544 25.
2296 4487 2523 4559 Sufﬁcit
2556 4517 2622 4529 —
2651 4484 2935 4557 magister
2965 4499 3128 4542 suus.
3171 4484 3323 4542 Satis
3351 4487 3438 4542 est
3463 4500 3566 4542 vo-

1906 4580 1999 4636 bis
2025 4577 2330 4650 discipulis
2352 4576 2427 4633 ad
2454 4574 2944 4640 consolationem,
2969 4577 3032 4631 ut
3054 4573 3419 4631 contumelia
3438 4574 3568 4631 afﬁ-

1907 4667 2171 4732 ciamini,
2192 4667 2343 4721 sicut
2359 4670 2414 4721 et
2430 4679 2562 4736 ego,
2577 4663 2679 4737 qui
2698 4679 2833 4719 sum
2851 4663 3122 4733 Magister
3137 4669 3331 4720 vester
3351 4681 3364 4719 :
3381 4664 3564 4736 idque

1907 4771 2199 4826 magnum
2226 4758 2331 4821 est,
2361 4758 2423 4810 ut
2449 4754 2626 4810 etiam
2651 4753 2711 4809 in
2740 4752 2957 4810 talibus
2985 4752 3132 4809 mihi
3158 4752 3382 4809 similes
3411 4753 3563 4812 sitis.

1976 4849 2135 4902 Vers.
2171 4847 2256 4900 25.
2291 4845 2369 4900 Et
2399 4859 2603 4901 servus
2643 4874 2712 4884 —
2750 4858 2911 4900 suus.
2936 4845 3201 4899 “Rursum
3232 4843 3410 4900 etiam
3439 4843 3561 4900 huc

1904 4934 2266 4993 trahendum
2291 4938 2398 5000 est,
2426 4933 2590 5007 quod
2620 4932 2766 4990 dixit
2799 4951 2812 4992 :
2846 4931 3087 5002 Sufﬁcit
3119 4937 3185 4989 ut
3213 4933 3346 5002 ﬁat.

1976 5027 2137 5082 Vers.
2168 5028 2258 5081 25.
2290 5024 2361 5082 Si
2386 5037 2454 5065 —‘
2481 5022 2828 5082 domesticos
2857 5024 2985 5095 ejus
3003 5020 3032 5078 Τ
3050 5021 3354 5081 Beelzebul
3371 5020 3561 5081 nomi-

1415 5205 1641 5274 Varize
1679 5204 2010 5274 lectiones
2050 5212 2117 5270 et
2156 5211 2336 5270 notae

294 5396 390 5476 Q9
425 5403 515 5476 Bis
529 5417 685 5476 ergo
715 5405 830 5476 ἶσος
859 5416 996 5458 cum
1036 5401 1312 5473 genitivo.

423 5466 952 5546 Malimvt’xqiﬁwwat.

1976 5400 2088 5472 (26)
2115 5402 2156 5456 1.
2191 5414 2262 5472 et
2277 5398 2579 5472 ἐλάττωσις.

1974 5469 2089 5542 (27)
2129 5469 2538 5530 ύποϐεϐλήκασι.
2578 5471 2636 5527 Β.
