3990 6206
388 244 494 301 339

1704 240 2055 298 EUTHYMII
2097 241 2426 297 ZIGABENI

3636 246 3741 302 340

388 368 620 429 nabant
641 368 974 442 principem
999 366 1456 425 daemoniorum.
1483 367 1551 423 Et
1574 367 1705 423 licet
1729 367 2039 423 manifeste

2161 371 2235 419 τόν
2282 369 2521 441 ἄρχοντα
2548 375 2646 419 τῶν
2674 364 2976 439 δαιμονίων.
3006 368 3065 421 Εἰ
3097 365 3156 422 δε
3201 374 3290 421 καὶ
3321 379 3547 443 φανερῶς
3571 372 3628 424 ού
3659 376 3741 443 γέ-

391 462 674 530 scriptum
704 474 822 514 non
856 458 929 513 sit
958 461 1235 512 vocatum
1263 472 1390 512 esse
1422 456 1709 511 Christum
1739 456 2043 513 Beelzebul

389 563 423 605 a
456 548 700 611 Iudaeis,
734 546 1047 602 verisimile
1089 552 1286 601 tamen
1330 550 1438 615 est,
1478 550 1531 601 et
1560 546 1674 601 hoc
1705 545 2041 601 convicium

388 637 675 693 adversus
703 636 869 691 illum
892 636 1181 705 jactatum
1207 650 1353 689 esse.
1384 633 1486 689 Vel
1512 634 1687 689 etiam
1716 634 1831 689 alio
1858 634 2040 691 modo

386 731 667 781 vocatum
699 740 826 779 esse
858 724 999 778 dicit
1038 723 1358 787 Beelzebul,
1400 723 1543 795 quia
1581 723 1844 778 amicum
1888 722 2040 777 illius

386 814 686 871 vocabant
700 829 858 878 eum,
876 813 1137 867 dicentes
1160 814 1302 867 :Hic
1316 828 1432 867 non
1447 812 1603 881 ejicil
1620 812 1912 867 dcemom'a
1926 812 2043 867 nisi

385 919 487 973 per
513 902 818 959 Beelzebul
842 902 1174 971 principem
1198 900 1621 955 daemoniorum
1641 903 1708 965 ³³,
1731 904 1793 954 ut
1817 900 1874 953 in
1904 915 2039 970 pro-

387 1006 560 1047 cessu
590 991 989 1045 inveniemus.
1024 989 1199 1060 Atqui
1222 988 1410 1043 multa
1432 1003 1673 1059 quoque
1700 988 1817 1043 alia
1844 988 2041 1043 convi-

386 1080 477 1135 cia
503 1078 815 1150 jactabant
843 1078 903 1131 in
935 1093 1071 1132 eum
1106 1092 1117 1131 :
1151 1092 1361 1131 verum
1390 1076 1505 1131 hoc
1536 1076 1729 1132 solum
1761 1076 2043 1147 apposuit.

384 1172 673 1241 tanquam
708 1169 980 1223 omnium
1013 1166 1363 1238 pessimum.

456 1260 614 1313 Vers.
650 1257 783 1327 (26).
821 1257 909 1311 Ne
941 1285 1007 1296 —
1039 1256 1194 1311 illos.
1232 1253 1644 1311 Conviciantes
1672 1254 1945 1310 videlicet
1972 1270 2042 1311 ac

384 1346 729 1401 mordentes
753 1344 903 1416 (yy).

457 1436 620 1490 Vers.
637 1438 726 1488 26.
740 1431 1601 1488 Nihil—sciatur.Universalis
1618 1431 1839 1501 quidem
1856 1446 2042 1487 sermo

382 1523 612 1579 videtur
628 1537 641 1587 ;
656 1525 745 1575 est
760 1526 958 1576 tamen
973 1520 1401 1591 etproprius,de
1414 1519 1626 1574 virtute
1638 1519 1799 1574 enim
1812 1526 2044 1591 aposto-

384 1613 579 1669 lorum
602 1610 881 1682 loquitur,
901 1608 1065 1681 quod
1083 1609 1239 1664 hanc
1257 1608 1625 1679 impossibile
1645 1609 1713 1663 sit
1732 1609 2038 1675 abscondi,

2146 476 2395 529 γραπται,
2449 456 2703 514 κληθῆναι
2748 456 3047 517 Βεελζεϐούλ
3093 461 3178 509 τόν
3227 462 3457 531 Χριστὸν
3505 461 3604 511 ύπό
3643 470 3741 512 τῶν

2900 550 2988 598 καὶ
3062 554 3213 598 τοῦτο
3294 546 3743 620 βλασφημηθῆναι

2148 635 2262 686 κατ’
2296 634 2472 697 αὐτοῦ,
2505 634 2535 693 ἡ
2569 638 2657 685 καὶ
2698 635 2875 707 ἑτέρως
2920 634 3175 693 κληθῆναι
3205 643 3359 688 τοῦτο
3409 637 3562 707 λέγει,
3602 634 3743 690 διότι

2150 724 2291 794 φίλον
2349 724 2506 774 αύτού
2569 730 2749 775 τοῦτον
2798 723 3029 789 ἐκάλουν,
3092 724 3342 795 λέγοντες,

2150 542 2438 612 Ἰουδαίων,
2506 544 2613 596 ἀλλ’
2664 545 2768 597 εἰκὸ
2779 566 2816 611 ς,

3415 727 3495 777 ὃτι
3575 726 3743 788 Οὗτος

2148 812 2241 864 οῦκ
2293 811 2520 864 ἐκϐάλλει
2586 816 2649 863 τά
2733 809 3001 884 δαιμόνια,
3068 812 3110 865 εί
3175 817 3245 884 μὴ
3309 813 3355 864 έν
3414 822 3485 884 τῷ
3539 816 3741 876 Βεελζε-

2150 900 2291 969 ϐούλ,
2326 903 2549 975 ἄρχοντι
2585 909 2684 953 τῶν
2744 898 3041 973 ὃοιμονίων,
3097 904 3167 962 ὡς
3203 907 3465 974 προϊόντες
3522 906 3746 975 εὑρήσο-

2149 1007 2259 1060 μεν.
2318 994 2416 1041 Καὶ
2458 992 2559 1061 μὴν
2611 990 2718 1059 (28)
2750 989 2911 1041 πολλά
2960 994 3046 1040 καὶ
3076 989 3205 1041 ἄλλα
3241 990 3744 1063 κατεϐλασφήμησαν

2150 1078 2327 1131 αὐτοῦ.
2393 1084 2556 1131 Τοῦτο
2606 1074 2666 1130 δέ
2725 1083 2877 1150 μόνον
2930 1080 3120 1131 τέθεικε
3157 1087 3266 1149 νῦν,
3321 1083 3387 1142 ὡς
3428 1088 3604 1151 χεῖρον
3644 1088 3744 1131 τῶν

2149 1164 2311 1218 ἄλλων
2324 1209 2336 1221 .

2219 1259 2305 1313 Μὴ
2360 1285 2429 1297 -
2473 1254 2677 1316 αὐτοῦς.
2743 1252 3125 1329 Λοιδοροῦντας
3187 1262 3276 1309 καὶ
3330 1254 3746 1329 διακωμῳδοῦν-

2149 1362 2261 1405 τας.

2223 1428 2390 1485 Οὐδὲν
2445 1462 2515 1472 -
2569 1434 2950 1503 γνωσθήσεται.
3022 1441 3168 1487 Δοκεῖ
3241 1439 3329 1506 μεν
3395 1435 3670 1497 καθολικὸς
3721 1439 3748 1489 ό

2150 1520 2317 1592 λόγος,
2357 1522 2469 1572 ἔστι
2528 1518 2586 1573 δὲ
2642 1519 2831 1582 ἰδίκός.
2897 1529 3018 1595 Περὶ
3075 1532 3165 1583 τῆς
3224 1522 3407 1597 ἀρετῆς
3464 1526 3564 1597 γὰρ
3612 1524 3750 1593 λέγει

2151 1616 2249 1659 τῶν
2300 1607 2618 1675 ἀποστόλων,
2675 1612 2755 1662 ὅτι
2816 1606 3072 1663 ἀδύνατον
3124 1611 3377 1684 κρυϐῆναι
3435 1616 3649 1670 ταύτην,
3690 1613 3749 1666 Εἰ

383 1715 732 1773 quanquam
765 1698 925 1753 enim
957 1712 1117 1751 nunc
1160 1697 1515 1752 abscondita
1557 1698 1647 1763 sit,
1685 1701 1739 1753 et
1770 1698 1903 1753 ideo
1932 1714 2041 1753 vos

2161 1700 2251 1769 γὰρ
2297 1702 2383 1749 καὶ
2420 1706 2508 1749 νῦν
2556 1698 2891 1765 κεκάλυπται,
2926 1705 3014 1753 καὶ
3076 1697 3169 1752 διὰ
3223 1708 3374 1752 τοῦτο
3415 1699 3747 1774 λοιδοροῦσιν

384 1789 482 1861 obj
496 1792 709 1857 urgant
734 1802 745 1841 :
776 1803 881 1841 suo
904 1790 1103 1841 tamen
1127 1790 1393 1857 tempore
1414 1786 1737 1855 detegetur.
1764 1786 1879 1841 Etsi
1902 1803 2042 1857 ergo

383 1892 545 1933 nunc
558 1876 633 1931 ab
647 1874 933 1931 omnibus
948 1873 1303 1943 arguamini,
1321 1888 1393 1928 ne
1407 1874 1503 1928 tim
1518 1873 1717 1928 ueritis
1731 1878 1926 1930 tamen
1942 1891 2043 1931 eos

384 1967 487 2037 qui
516 1964 901 2033 redarguunt,
936 1963 1038 2017 sed
1070 1962 1204 2016 illos
1237 1963 1433 2033 potius
1463 1968 1814 2034 exspectate,
1848 1964 1951 2034 qui
1983 1965 2041 2019 in

382 2056 690 2124 posterum
720 2056 856 2106 sunt
886 2050 1218 2115 laudaturi;
1253 2066 1447 2123 neque
1477 2052 1793 2122 praesentia
1818 2054 2040 2107 contri-

384 2145 563 2207 stant,
589 2141 696 2195 sed
719 2140 915 2195 futura
935 2138 1133 2210 potius
1158 2140 1233 2194 ad
1256 2139 1682 2195 conﬁdendum
1707 2140 2035 2197 adducant.

454 2231 618 2285 Vers.
658 2233 746 2283 27.
792 2229 928 2294 Qua
966 2258 1035 2270 —
1077 2228 1262 2284 tectis.
1304 2232 1621 2300 Postquam
1660 2229 1771 2283 hos
1812 2230 2042 2286 tristitia

382 2319 663 2378 liberavit.
699 2333 834 2389 qua;
866 2321 1109 2389 propter
1142 2316 1407 2372 convicia
1442 2321 1741 2384 causatur,
1774 2333 1933 2373 nunc
1965 2319 2040 2374 de

384 2407 809 2481 praedicatione
839 2406 1100 2462 disserit.
1146 2406 1319 2478 Atqui
1358 2421 1554 2477 neque
1587 2407 1841 2462 tenebrae
1871 2411 2041 2464 erant

382 2496 628 2569 quando
657 2496 785 2551 haec
812 2495 1067 2560 dicebat,
1096 2510 1291 2566 neque
1320 2494 1380 2549 in
1412 2511 1617 2550 aurem
1645 2496 1729 2550 eis
1755 2494 2042 2567 loqueba-

383 2589 498 2641 tur.
532 2585 644 2642 Sed
669 2585 807 2656 quia
834 2584 1109 2655 privatim
1138 2584 1265 2639 beec
1292 2588 1347 2639 et
1372 2599 1494 2639 non
1521 2584 1751 2655 publice
1782 2584 2037 2651 dicebat,

383 2678 439 2730 et
462 2673 598 2728 solis
621 2674 724 2737 eis,
749 2688 869 2728 non
893 2672 1197 2737 omnibus,
1224 2672 1357 2727 ideo
1380 2672 1457 2727 ait
1485 2689 1495 2728 :
1523 2673 1693 2738 Quod
1710 2673 1844 2728 dico
1866 2673 2040 2729 vobis

384 2762 685 2836 privatim,
739 2762 913 2816 dicite
968 2761 1205 2832 publice
1256 2778 1268 2816 :
1324 2765 1379 2816 et
1430 2762 1593 2833 quod
1640 2762 1745 2816 soli
1798 2763 2037 2830 auditis,

382 2850 704 2924 prtedicate
747 2849 1047 2905 omnibus.
1092 2850 1150 2903 In
1194 2849 1452 2904 tenebris
1495 2865 1637 2919 ergo
1680 2851 2035 2917 nominavit,

382 2939 546 3012 quod
604 2939 881 3010 privatim
938 2936 1261 2993 dicebatur.
1323 2940 1383 2992 ln
1441 2953 1647 2993 aurem
1680 2955 1839 3004 vero,
1875 2940 2039 3011 quod

384 3027 547 3085 solis.
584 3029 647 3081 Et
678 3043 886 3081 rursus
929 3042 940 3079 :

385 3120 607 3179 autem,
637 3115 802 3187 quod
833 3115 1135 3172 omnibus.

455 3207 613 3260 Vers.
665 3204 752 3259 28.
804 3205 881 3259 Et
925 3235 993 3245 —-
1039 3204 1332 3275 gehenna.
1386 3208 1531 3262 Cum
1576 3206 1742 3278 prius
1789 3206 1863 3262 de
1912 3207 2041 3263 aliis

384 3293 662 3366 periculis
690 3293 1021 3361 dissereret,
1052 3294 1374 3349 subincidit
1400 3300 1455 3349 et
1485 3311 1681 3351 sermo
1707 3297 1780 3351 de
1811 3296 2043 3351 interfe-

386 3383 579 3441 ctione
611 3384 882 3454 ipsorum
918 3400 931 3449 ;
964 3384 1120 3439 hanc
1150 3399 1291 3454 ergo
1324 3384 1502 3439 etiam
1536 3384 1821 3456 praedicit,
1842 3385 2041 3454 jubet‘

384 3489 501 3546 que
531 3488 665 3527 eam
695 3473 1047 3543 parvipendi
1091 3489 1104 3527 :
1148 3474 1237 3529 Ne
1276 3473 1606 3536 timueritis,
1641 3474 1935 3543 inquiens,
1969 3474 2043 3528 ab

386 3562 478 3618 his
526 3562 629 3631 qui
676 3560 952 3615 occidunt
1002 3574 1236 3628 corpus,
1286 3561 1399 3615 hoc
1449 3566 1554 3616 est.
1606 3564 1685 3617 Ne
1735 3560 2043 3616 timueritis

385 3648 721 3705 occidentes
744 3662 983 3717 corpus,
1006 3661 1198 3718 neque
1218 3652 1532 3718 propterea
1555 3649 2045 3719 praedicationem

383 3734 734 3805 relinquatis
762 3754 773 3786 ε
807 3734 907 3787 sed
938 3750 1075 3789 eum
1105 3736 1298 3790 timete
1324 3736 1428 3807 qui
1454 3752 1562 3792 vos
1592 3736 1669 3791 ad
1697 3738 2046 3807 hujusmodi

387 3822 783 3880 ministerium
816 3822 1027 3889 emisit,
1061 3828 1117 3879 et
1146 3823 1320 3879 facite
1364 3825 1528 3895 quod
1552 3826 1791 3897 jussum
1825 3832 1930 3882 est.
1966 3828 2047 3883 Si-

386 3912 632 3983 quidem
652 3910 751 3976 illi,
771 3911 876 3967 etsi
896 3927 1112 3983 corpus
1127 3912 1421 3979 occidant,
1439 3929 1825 3988 nequaquam
1846 3920 2048 3973 tamen

388 4001 658 4058 animam
708 4000 1121 4071 superabunt:
1169 4002 1263 4056 hic
1316 4008 1516 4059 autem
1570 4008 1626 4059 et
1673 4006 1939 4061 animam
1994 4012 2050 4063 et

389 4105 605 4161 corpus
630 4093 823 4160 potest
849 4090 1096 4161 perdere
1125 4091 1181 4146 in
1211 4091 1505 4161 gehenna,
1534 4093 1647 4148 hoc
1675 4098 1783 4159 est,
1814 4096 2045 4166 punire.

389 4180 688 4237 Timorem
739 4179 917 4250 igitur
968 4179 1306 4249 hominum,
1352 4182 1451 4237 Dei
1498 4183 1708 4239 timore
1764 4185 2044 4256 repellite,

387 4270 682 4326 minorem
707 4266 980 4323 videlicet
1005 4270 1247 4340 majore.
1281 4269 1531 4327 Aliunde
1560 4287 1801 4344 quoque
1830 4274 1941 4328 hos
1975 4274 2049 4330 de

388 4356 814 4415 interfectionis
882 4361 1047 4413 metu
1104 4358 1450 4415 consolatur
1519 4376 1532 4415 :
1602 4366 1659 4415 et
1716 4360 1848 4417 vide
1904 4362 2048 4435 quid

392 4447 551 4503 dicat
564 4488 577 4502 .

460 4539 621 4591 Vers.
654 4538 741 4590 29.
768 4538 980 4593 Nonne
1007 4567 1074 4579 -—
1098 4543 1270 4608 patre
1299 4544 1507 4595 vestro.
1542 4538 1829 4614 ’Λσσάριον
1861 4557 2049 4611 genus

391 4623 573 4687 oboli,
598 4624 1018 4680 diminutivum
1048 4630 1133 4682 est
1155 4626 1232 4682 ab
1258 4643 1410 4696 asse,
1440 4629 1608 4698 cujus
1635 4634 1830 4685 tamen
1857 4630 2047 4685 vilitas

387 4711 705 4783 proverbio
757 4713 1003 4768 celebris
1053 4720 1162 4771 est.
1212 4717 1357 4774 Dicit
1395 4733 1535 4788 ergo
1580 4734 1739 4774 nunc
1786 4719 2047 4774 Christus

2154 1788 2307 1858 ὑμᾶς,
2356 1786 2461 1837 ἀλλ’
2512 1786 3002 1859 ἀποκαλυφθήσεται
3057 1797 3137 1859 τῷ,
3180 1794 3375 1863 χρόνῳ,
3433 1795 3520 1841 καὶ
3569 1790 3747 1842 λοιπόν

2153 1878 2510 1946 τιμηθήσεσθε
2566 1879 2709 1949 παρὰ
2761 1878 2985 1931 πάντων.
3046 1882 3129 1935 Μὴ
3190 1874 3276 1929 οὖν
3326 1878 3585 1949 φοϐηθῆτε
3630 1884 3751 1939 τοὺς

2151 1971 2237 2014 νύν
2266 1960 2669 2035 κωμῳδοῦντας,
2706 1964 2831 2017 ἀλλὰ
2859 1961 3190 2039 προσδοκᾶτε
3210 1969 3329 2026 τοὺς
3355 1968 3568 2039 ὕστερον
3592 1966 3726 2038 ἐγκω

2151 2054 2449 2125 μιάσοντας,
2487 2051 2625 2124 μηδὲ
2657 2057 2721 2105 τὰ
2750 2058 2982 2126 παρόντα
3018 2054 3240 2107 λυπείτω
3286 2054 3493 2127 μᾶλλον,
3529 2054 3657 2107 ἀλλά
3684 2060 3750 2108 τὰ

2150 2141 2398 2213 μῦλοντα
2439 2144 2653 2194 πειθέτω
2687 2143 2913 2216 θαρρεῖν.

2219 2229 2284 2281 ⁸0
2318 2261 2388 2270 -
2438 2227 2713 2302 δωμάτων.
2778 2231 3102 2293 Ἀπαλλάξας
3142 2232 3327 2292 αύτούς
3379 2236 3468 2284 καὶ
3521 2240 3611 2292 τῆς
3664 2232 3749 2284 ἐπὶ

2150 2324 2259 2378 τοῖς
2317 2316 2543 2371 ὀνείδεσι
2594 2320 2777 2385 λύπης,
2821 2326 2938 2393 περὶ
2991 2328 3080 2371 τοῦ
3128 2323 3456 2391 κηρύγματος
3512 2318 3751 2391 διαλέγε-

2151 2426 2257 2458 ται.
2329 2414 2428 2461 Καὶ
2474 2413 2579 2479 μην
2629 2412 2744 2461 οὔτε
2810 2413 2994 2470 σκότος
3033 2406 3114 2479 ἧν,
3178 2412 3256 2461 ὅτε
3306 2417 3472 2461 ταῦτα
3524 2408 3746 2479 ἐλέγετο,

2149 2500 2267 2549 οὔτε
2313 2497 2385 2558 εἰς
2418 2502 2475 2549 τὸ
2529 2496 2612 2557 ούς
2664 2499 2840 2559 αὐτοῖς
2896 2498 3079 2570 ἑλεγεν·
3134 2497 3239 2550 ἀλλ’
3298 2495 3574 2572 ἐπειδήπερ
3632 2495 3753 2571 ἰδίᾳ

2150 2591 2239 2637 καὶ
2276 2585 2334 2636 ού
2388 2583 2624 2658 δημοσίᾳ
2662 2595 2829 2638 ταῦτα
2869 2584 2996 2655 εἷπε,
3026 2592 3115 2639 καὶ
3145 2591 3339 2659 μόνοις,
3368 2592 3457 2639 καὶ
3495 2587 3552 2638 ού
3586 2593 3746 2652 πᾶσι,

2150 2680 2306 2745 φησὶν
2347 2674 2481 2746 (29),
2519 2678 2599 2727 ὅτι
2651 2675 2715 2727 ⁸0
2740 2676 2870 2747 λέγω
2919 2677 3038 2746 ὑμῖν
3097 2673 3228 2748 ἰδίᾳ,
3287 2680 3456 2728 εἴπατε
3504 2673 3746 2747 δημοσίᾳ

2148 2768 2237 2815 καὶ
2307 2764 2332 2815 ὃ
2384 2764 2643 2821 ἠκούσατε
2708 2771 2873 2833 μόνοι,
2929 2765 3187 2835 κηρύξατε
3233 2772 3411 2817 πᾶσιν
3457 2764 3504 2815 ἐν
3557 2770 3752 2837 σκοτία

2148 2856 2237 2924 μὲν
2284 2852 2559 2923 ὀνομάσας,
2594 2858 2651 2905 τό
2680 2854 2793 2905 κατ’
2828 2851 2989 2905 ἰδίαν·
3024 2854 3094 2913 εἰς
3135 2858 3191 2905 τό
3224 2851 3311 2915 οὖς
3342 2851 3419 2919 δε,
3451 2857 3506 2905 τό
3536 2858 3739 2925 μόνοις,

2152 2947 2250 2994 Καὶ
2284 2939 2435 3002 αὖθις
2489 2942 2569 2995 Ἐν
2607 2948 2733 3014 φωτὶ
2764 2946 2873 3015 μεν,
2902 2947 2960 2994 τό
3005 2939 3243 3015 δημοσίᾳ
3282 2960 3294 2973 ⁸
3328 2942 3410 2995 ἰπὶ
3435 2950 3533 2993 τῶν
3566 2938 3752 3015 δωμά-

984 3026 1049 3081 In
1092 3027 1243 3096 luce,
1284 3026 1449 3099 quod
1494 3026 1748 3099 publice,
1787 3029 1847 3083 in
1876 3028 2039 3084 tectis
2070 3052 2109 3108 ρ
2148 3050 2246 3083 των
2280 3027 2438 3096 δε,τό
2477 3037 2629 3084 πᾶσι.

2223 3214 2323 3263 Καὶ
2353 3239 2419 3250 ——
2441 3213 2635 3281 γεέννῃ.
2673 3214 2795 3283 Περὶ
2821 3218 2920 3261 τῶν
2950 3209 3111 3261 ἄλλων
3140 3206 3318 3262 δεινῶν
3355 3207 3748 3283 προδιαλαϐὼν,

2150 3298 2443 3356 ύποκατέϐη
2476 3304 2564 3350 καὶ
2587 3300 2658 3360 εἰς
2679 3302 2764 3350 τόν
2793 3304 2909 3372 περὶ
2940 3307 3032 3360 τῆς
3056 3297 3361 3371 ἀναιρέσεως
3382 3299 3547 3350 αὐτῶν
3572 3300 3751 3370 λόγον,

2151 3392 2240 3439 καὶ
2294 3387 2528 3461 προλέγει
2580 3393 2669 3439 καὶ
2724 3391 2941 3456 ταύτην,
3004 3392 3088 3438 καὶ
3146 3387 3333 3440 κελεύει
3410 3398 3753 3459 καταφρονεῖν

2154 3477 2330 3535 αὐτῆς.
2386 3482 2470 3542 Μή
2533 3476 2778 3547 φοϐῆσθε,
2838 3476 3011 3547 λέγων,
3065 3475 3163 3527 ἀπό
3218 3484 3315 3527 τῶν
3369 3474 3755 3529 ἀποκτενόντων

2152 3567 2210 3617 τό
2246 3573 2416 3637 σῶμα,
2441 3570 2697 3618 τουτέστι.
2742 3568 2825 3623 Μὴ
2866 3564 3094 3637 φοϐῆσθε
3115 3568 3233 3625 τούς
3265 3563 3652 3625 ἀποκτείνοντας
3693 3569 3754 3617 τό

2158 3661 2329 3725 σῶμα,
2384 3650 2521 3724 μηδὲ
2579 3650 2670 3705 διὰ
2722 3661 2873 3705 τοῦτο
2939 3653 3253 3711 καταλίπητε
3304 3657 3361 3705 τό
3438 3656 3753 3727 κηρύσσειν,

2157 3741 2281 3793 ἀλλά
2311 3740 2570 3813 φοϐήθητε
2596 3746 2680 3793 τὸν
2708 3741 3084 3793 ἀποστείλαντα
3112 3744 3247 3814 ὑμᾶς
3278 3742 3347 3803 εἰς
3376 3747 3470 3800 τὴν
3500 3746 3759 3799 τοιαύτην

2158 3828 2444 3897 διακονίαν,
2498 3835 2584 3882 καὶ
2614 3838 2805 3883 ποιεῖτε
2848 3835 2904 3882 τό
2935 3831 3220 3883 κελευσθέν.
3265 3832 3477 3883 Ἐκεῖνοι
3504 3835 3592 3903 μὲν
3622 3836 3758 3905 γὰρ,

2158 3918 2200 3971 εἰ
2244 3923 2410 3971 καὶτὸ
2445 3928 2596 3990 σῶμα
2626 3918 3014 3989 ἀποκτείνωσιν,
3052 3919 3159 3971 ἀλλ’
3190 3920 3277 3971 οὖν
3307 3919 3365 3970 ού
3391 3926 3763 3990 περιγενήσονο

2156 4027 2243 4060 ται
2284 4013 2370 4060 καὶ
2418 4017 2506 4068 τῆς
2549 4008 2754 4079 ψυχῆς·
2806 4008 2954 4070 οὗτος
3012 4006 3071 4060 δὲ
3119 4013 3207 4060 καὶ
3246 4012 3337 4066 τὴν
3365 4008 3551 4079 ψυχὴν
3572 4014 3662 4060 καὶ
3692 4012 3761 4060 τὸ

2161 4105 2311 4167 σῶμα
2354 4093 2574 4148 δύναται
2626 4096 2875 4149 ἀπολέσαι
2931 4096 2978 4148 ἐν
3025 4101 3215 4169 γεέννῃ,
3268 4098 3294 4148 ὅ
3346 4096 3476 4164 ἔστι,
3506 4096 3761 4152 κολάσαι.

2158 4184 2315 4238 Φόϐον
2346 4183 2433 4237 οὖν
2479 4184 2761 4238 ἀπώσασθε
2814 4185 2952 4257 φόϐῷ
2998 4190 3083 4236 τὸν
3110 4194 3208 4236 τῶν
3238 4185 3514 4256 ύνθρωπων
3546 4194 3619 4253 τῷ
3662 4193 3763 4237 τοῦ

2160 4276 2294 4339 θεοῦ,
2326 4280 2415 4326 καὶ
2477 4278 2562 4327 τόν
2630 4278 2818 4332 ἡττονα
2883 4275 2953 4343 τῷ
2994 4276 3211 4346 μείζονι.
3274 4278 3372 4326 Καὶ
3410 4273 3653 4346 ἑτέρωθεν
3694 4271 3764 4327 δε

2080 4406 2126 4460 D
2158 4365 2539 4437 παραμυθεῖται
2572 4366 2688 4435 (30)
2718 4366 2920 4423 τούτοις
2946 4368 3039 4420 τὴν
3064 4359 3260 4415 δειλίαν
3281 4369 3372 4424 τῆς
3410 4362 3751 4434 ἀναιρέσεως,

2163 4457 2259 4505 Καὶ
2281 4454 2376 4527 ὅρα
2401 4458 2451 4504 τί
2480 4471 2655 4524 φησιν.

2168 4540 2173 4546 ’
2230 4542 2372 4613 Οὐχὶ
2416 4573 2483 4582 —
2534 4542 2771 4613 οὐρανοῖς
2820 4540 2953 4612 (31).
3007 4545 3076 4593 Τὸ
3127 4543 3215 4612 μὶν
3283 4538 3557 4612 ἀσσάριον,
3613 4536 3762 4601 εἶδος

2159 4630 2338 4682 ὀϐολοῦ
2391 4630 2522 4684 ἐστι.
2584 4634 2733 4701 Λέγει
2766 4626 2823 4681 δὲ
2848 4638 2934 4680 νῦν
2974 4632 2999 4681 ό
3040 4632 3268 4703 Χριστός
3313 4629 3426 4680 κατ’
3478 4628 3757 4703 ἐρώτησιν,

2160 4721 2238 4771 ὅτι
2291 4719 2417 4790 ούχὶ
2482 4724 2729 4772 τοσοῦτόν
2780 4719 2908 4771 εἰσιν
2968 4718 3302 4771 εὐτελέστατα
3358 4721 3424 4770 τὰ
3477 4720 3758 4793 στρουθία,

1616 4965 1840 5035 Variae
1878 4965 2203 5035 lectiones
2246 4977 2309 5035 et
2350 4976 2527 5035 notae

464 4837 511 4873 ³⁸
546 4834 745 4892 Matth.
779 4851 881 4903 xn,
916 4839 1008 4895 24.

486 5108 577 5165 28)
609 5111 697 5160 καὶ
729 5106 858 5160 ἄλλα
886 5106 1075 5165 πολλά.
1120 5108 1191 5165 Α.

486 5110 554 5164 28
609 5111 697 5160 καὶ
729 5108 858 5160 ἄλλα
886 5108 1075 5165 πολλά.
1120 5108 1191 5165 Α.

462 5108 581 5323 ἓ29ξ
604 5182 705 5253 γάρ
748 5179 914 5234 addit
950 5185 1017 5235 A.
1086 5250 1097 5261 .
1678 5251 1697 5265 κ
1788 5248 1809 5269 “

492 5257 557 5323 30
632 5256 714 5306 Ita
754 5267 995 5323 quoque
1041 5252 1385 5319 Cinnamus,
1435 5268 1494 5323 p.
1530 5257 1629 5323 _78.
1703 5257 1802 5304 Λνσ

492 5252 714 5325 ἔδω-μα
754 5267 995 5323 quoque
1041 5252 1385 5319 Cinnamus,
1426 5268 1494 5325 7p.
1528 5257 1629 5325 A78.
1678 5252 1906 5325 Ἃνὸρας
1949 5260 2047 5305 τῶν

391 5321 695 5448 ἐπὶλξόξης
741 5321 1278 5399 παραμυθησόμενους
1338 5321 1591 5399 Κοιὸράδῳ
1640 5330 1727 5384 τήν
1779 5321 2047 5400 συμφοράν

393 5416 503 5449 ευτε
567 5416 613 5449 ε.

2231 5110 2679 5183 (31)Hentenius
2702 5111 3035 5183 ergo,cujus
3053 5111 3446 5183 interpretatio
3459 5110 3759 5183 dissentit,

2158 5198 2288 5256 non
2308 5182 2536 5256 videtur
2565 5185 2848 5253 reperisse
2878 5189 3008 5255 post
3034 5182 3253 5256 πατρὸς
3281 5185 3419 5256 ὑμῶν
3459 5182 3764 5256 vocabula

2157 5262 2247 5305 τοῦ
2271 5253 2317 5305 ἐν
2346 5254 2594 5327 οὐρανοῖς,
2619 5271 2754 5325 quae
2788 5253 2911 5310 uter
2962 5271 3029 5309 ue
3058 5253 3225 5310 meus
3243 5253 3545 5311 babeLSic
3576 5256 3761 5310 etiam

2158 5342 2314 5381 vers.
2355 5330 2443 5381 27.
2468 5342 2574 5381 pro
2614 5328 2638 5377 ὅ
2668 5326 2817 5381 λέγω.
2850 5272 3081 5381 videtur
3118 5325 3329 5381 lauisse
3358 5326 3392 5377 οἰ
3420 5325 3572 5381 λέγω.

2158 5342 2314 5381 vers.
2355 5325 2443 5391 27,
2468 5342 2574 5397 pro
2614 5328 2638 5377 ὁ
2668 5326 2817 5397 λέγω,
2850 5325 3081 5381 videtur
3118 5325 3329 5397 legisse
3358 5326 3392 5377 οἰ
3420 5325 3572 5397 λέγω.

463 5522 595 5594 (yy)
625 5520 981 5577 Mordenles.
1015 5520 1094 5576 Ac
1126 5518 1175 5575 si
1203 5517 1429 5592 legerit,
1465 5516 1764 5588 δάκνοντας,
1801 5523 1927 5578 Mox
1960 5522 2068 5577 sim

2161 5536 2209 5577 ex
2240 5516 2619 5593 κωμῳδοῦντας
2648 5519 2881 5591 legitur.
