3990 6206
226 213 293 270 341
1121 198 1490 257 COMMENT.
1533 196 1604 252 IN
1639 193 2079 252 MATTHASUM.
2120 225 2188 236 ——
2228 193 2384 250 CAP.
2415 193 2488 248 X.

3376 195 3482 252 342

223 343 270 399 ὡς
294 333 521 387 πωλεῖσθαι
568 327 661 382 δύο
722 336 813 382 τοῦ
865 328 1145 403 ἀσσαρίου,
1197 331 1286 378 καὶ
1324 327 1482 398 ὅμως,
1519 319 1641 376 οὐδὲ
1671 323 1718 374 ἓν

1862 319 2257 393 nterrogando
2286 336 2298 374 :
2343 321 2547 376 Nonne
2600 318 2778 374 tantae
2809 317 3046 376 vilitatis
3075 322 3214 376 sunt
3249 335 3485 393 passer-

218 426 428 479 ἰκτούτων
469 421 722 493 θηρεύεται
777 423 945 491 χωρὶς
993 425 1083 471 τοῦ
1130 413 1434 486 Θεοῦ;ούχ
1479 417 1547 474 ὡς
1598 432 1721 464 συν-

216 520 433 586 εργοῦντος,
459 507 552 560 ω’
576 511 644 569 ὡς
671 513 1130 581 παραχωροῦντας.

253 767 381 839 Ὺμῶν
423 764 474 819 δὲ
513 798 576 807 -
627 767 782 824 εἰσίν,
845 767 1010 839 ’Υμιίς
1070 763 1127 819 δὲ
1183 769 1427 819 τοσοῦτόν
1481 763 1596 818 ἐστε
1647 784 1720 816 τι·

204 865 298 925 μιοι,
327 859 440 908 ὥστε
481 862 563 907 καὶ
605 859 779 917 πάσας
808 857 948 928 ὑμῶν
979 859 1070 917 τὰς
1118 860 1311 927 τρίχας
1365 856 1721 927 ήριθμημένας

205 941 438 1018 εἶναιπαρὰ
465 953 609 998 Θεοῦ.
656 945 813 1002 Δηλοῖ
864 942 921 998 δε
973 948 999 1003 ἡ
1051 944 1419 1018 ἀπαρίθμησις
1462 954 1560 995 των
1610 963 1720 1018 τρι-

198 1042 296 1104 χῶν,
329 1038 408 1092 τήν
435 1033 612 1106 ἀκριϐῆ
665 1043 878 1105 γνῶσιν,
933 1035 1012 1086 ὅτι
1057 1033 1170 1085 λίαν
1208 1036 1528 1105 γινώσκεσθε
1557 1033 1716 1103 αὐτῷ,

197 1129 262 1172 καὶ
301 1121 586 1195 λεπτομερώς
641 1120 753 1175 οἶδε
803 1127 972 1176 πάντα
1026 1125 1091 1175 τὰ
1143 1123 1259 1175 καθ’
1313 1125 1448 1196 ὑμᾶς
1479 1120 1572 1175 διὰ
1629 1128 1721 1180 τήν

194 1210 291 1279 ἄγαν
351 1212 472 1281 ὑμῶν
534 1212 815 1264 οἰχείωσιν.
893 1217 990 1264 Καὶ
1066 1211 1107 1262 εἰ
1185 1221 1282 1263 τῶν
1353 1211 1721 1264 εὐτελεστάτων

195 1301 421 1369 στρουθίων
459 1296 605 1353 οὐδὲν
662 1303 933 1374 θηρεύεται
982 1305 1148 1374 χωρὶς
1198 1300 1381 1366 αὑτοῦ,
1432 1302 1603 1362 καθὼς
1657 1303 1723 1354 εἶ-

186 1404 323 1457 ρςται,
366 1388 515 1459 πολλῷ
561 1388 751 1461 μᾶλλον
805 1391 950 1460 ὑμεῖς
995 1391 1043 1440 οἱ
1087 1394 1252 1460 τίμιοι
1304 1389 1396 1441 ούχ
1455 1388 1724 1461 ἀναιρεθή-

191 1477 321 1542 σεσθε,
354 1481 415 1546 μή
443 1485 875 1552 παραχωροῦντος
906 1477 1090 1533 αύτοῦ.
1133 1482 1232 1530 Καὶ
1277 1477 1454 1529 λοιπὸν
1511 1477 1568 1530 ού
1610 1483 1718 1551 χρή

195 1559 446 1621 δεδοικέναι.

240 1747 307 1797 Mi:
341 1743 506 1793 -ούν
559 1745 726 1815 ὑμεῖς.
790 1743 1043 1805 Πολλάκις
1100 1743 1414 1815 ὶγκελεύεται
1453 1749 1545 1802 τήν
1603 1744 1726 1818 ἀφο-

185 1826 271 1879 ϐίαν
318 1830 496 1895 αὐτοῖς,
546 1827 643 1884 διὰ
699 1835 765 1884 τὰ
816 1834 1004 1904 μεγέθη
1065 1841 1162 1884 τῶν
1219 1832 1498 1906 μελλόντων
1550 1853 1725 1909 πειρα-

184 1926 310 1986 σμὼν.

239 2011 325 2067 Πᾶς
370 2037 432 2046 -
480 2007 529 2059 ἐν
590 2008 848 2084 οὐρανοῖς.
906 2009 1233 2081 Ὀμολογίοιν,
1289 2015 1382 2068 τήν
1433 2017 1724 2086 μαρτυρίαν

183 2091 298 2161 λέγει,
346 2098 656 2168 παραθήγων
716 2097 906 2160 αὐτούς
966 2099 1037 2159 εἰς
1089 2103 1146 2150 τὸ
1213 2103 1514 2172 μαρτύριον.
1588 2106 1724 2158 Φησὶ

183 2183 273 2252 γᾱφ,
338 2185 409 2235 ὅτι
459 2191 565 2246 Πᾶς
643 2188 786 2244 ὅστις
857 2192 1179 2262 μαρτυρήσει
1238 2208 1327 2260 μοι
1383 2191 1599 2246 θεότητα
1652 2187 1724 2240 ἐν·

184 2276 305 2322 a}:th
331 2281 417 2323 τῶν
447 2272 754 2347 ἀνθρώπων,
805 2282 1128 2349 μαρτυρήσω
1159 2277 1298 2348 αύτῷ
1350 2277 1494 2349 κάγὼ
1547 2283 1725 2330 πίστιν

184 2376 348 2410 mimos
398 2371 484 2414 τοῦ
544 2367 754 2437 Πατρὸς
793 2385 912 2436 μου,
967 2371 1254 2432 τουτέστιν,
1320 2374 1412 2429 ’ος
1471 2366 1726 2441 ἀνακηρύ-

181 2446 304 2517 ξειμε
329 2455 466 2513 Θεὸν,
518 2451 832 2526 ἀνακηρύξω
885 2453 1040 2507 αὐτὸν
1075 2453 1220 2526 κάγὼ
1279 2461 1484 2510 πιστόν.
1541 2456 1726 2519 Ὀστις

186 2529 288 2584 iis
327 2536 590 2598 ἀπωσηταί
639 2561 720 2613 με,
768 2541 1045 2615 ἀπώσομαι
1102 2543 1243 2616 κάγὼ
1300 2545 1468 2600 αὐτόν.
1503 2550 1571 2598 Τὸ
1601 2555 1725 2617 γοῦν

188 2621 243 2672 Ἐν
282 2624 396 2696 ἐμοὶ,
434 2627 546 2681 ἀντὶ
603 2638 717 2696 τοῦ,
769 2630 935 2702 Ἐμοί.
995 2637 1094 2684 Καὶ
1127 2637 1204 2700 τὸ,
1256 2633 1336 2687 Ἐν
1393 2635 1551 2706 αὐτῷ,
1613 2635 1725 2688 ἀντὶ

187 2718 260 2772 τοῦ,
304 2715 454 2784 Αὐτῷ.
487 2716 544 2768 ’0
591 2715 651 2770 δὲ
679 2725 1056 2791 Χροσόστομός
1104 2723 1216 2793 (32)
1265 2741 1444 2794 φησιν,
1497 2725 1575 2776 ὅτι
1632 2725 1725 2777 οὐκ

175 2795 290 2868 εἶπεν,
335 2811 509 2867 Ὅστις
570 2806 886 2877 ὁμολογήσει
939 2807 1070 2880 ἐμοὶ,
1122 2808 1229 2861 ἀλλ’
1278 2811 1358 2864 Ἐν
1407 2811 1540 2884 ἐμοὶ,
1581 2833 1723 2866 τουτο

175 2903 298 2955 εστιν,
325 2892 404 2942 ὑπ’
448 2892 574 2966 ἐμοῦ
633 2894 1005 2968 βοηθούμενος.
1047 2897 1196 2950 Ὀθεν
1248 2899 1535 2962 ἀκολούθως
1582 2910 1725 2954 νοοῦ-

171 2994 238 3042 μεν
279 2998 355 3031 και
402 3001 458 3032 το
492 3001 504 3011 ⁸

180 3069 260 3116 1⁸πό
298 3077 379 3130 τῆς
442 3072 848 3144 εὐγνωμοσύνης
891 3074 1050 3127 αὑτοῦ
1108 3080 1424 3149 κινούμενος.
1475 3081 1615 3134 Ἐπεὶ
1666 3077 1724 3134 δε

173 3165 368 3227 ταραχῆς
412 3165 498 3210 καὶ
539 3159 703 3232 φόϐου
769 3166 959 3234 μεστὸν
1016 3164 1184 3236 ἔμελλε
1234 3170 1470 3238 γίνεσθαι
1523 3173 1579 3222 τὸ
1632 3175 1722 3229 κή-

168 3258 325 3313 ρυγμα,
355 3245 804 3320 προδιαλαμϐάνει
833 3257 921 3304 καὶ
946 3257 1061 3325 περὶ
1092 3257 1297 3323 τούτου,
1330 3256 1510 3328 λέγων.

1829 409 1964 475 culi,
1989 414 2051 464 ut
2082 409 2204 465 duo
2254 409 2592 464 vendantur
2630 407 2874 473 assario,
2932 407 3047 464 hoc
3095 413 3200 476 est,
3233 409 3482 465 minimo

1829 498 2008 554 obolo
2034 498 2061 552 ‘l
2092 503 2148 554 et
2175 503 2373 553 tamen
2396 511 2595 568 neque
2621 511 2776 552 unus
2795 512 2866 552 ex
2882 497 2976 552 his
3002 498 3237 571 capitur
3264 498 3484 572 laqueo

1829 588 2059 660 absque
2076 589 2216 653 Deo,
2236 603 2358 644 non
2373 591 2659 659 tanquam
2677 592 3056 658 cooperante,
3076 587 3180 644 sed
3196 592 3485 662 tanquam

1828 676 2222 749 permittente.

1898 765 2074 823 Vers.
2117 767 2203 822 30.
2247 765 2441 822 Vestri
2467 769 2659 821 autem
2693 797 2760 804 —
2786 771 2943 821 sunt.
2971 767 3087 821 Vos
3111 770 3308 822 autem
3340 767 3490 823 tanti

1829 857 1992 921 estis,
2025 858 2091 911 ut
2116 869 2327 911 omnes
2351 869 2596 926 quoque
2627 854 2821 926 capilli
2851 855 3342 911 vestrinumerati
3373 857 3492 913 sint.

1829 962 1865 1002 a
1896 949 2033 1001 Deo.
2068 943 2374 1013 Signiﬁcat
2406 948 2607 998 autem
2641 943 2994 1015 capillorum
3017 959 3300 1000 numerus
3321 961 3492 1002 exac-

1832 1039 1950 1090 tam
1979 1034 2270 1096 notitiam,
2304 1031 2469 1103 quod
2495 1031 2669 1086 valde
2697 1031 2915 1101 cogniti
2945 1031 3070 1087 sitis
3109 1031 3186 1088 ab
3209 1047 3301 1100 eo,
3324 1037 3380 1089 et
3410 1033 3489 1089 ad

1830 1124 2130 1178 minutum
2155 1136 2389 1193 quoque
2416 1120 2581 1175 novit
2601 1136 2686 1186 ea,
2718 1136 2854 1192 qua;
2873 1119 3031 1176 circa
3047 1136 3151 1176 vos
3166 1126 3325 1188 sunt,
3353 1136 3488 1194 pro-

1829 1214 1959 1282 pter
1997 1224 2264 1281 magnan
2316 1207 2628 1264 vobiscum
2658 1207 3078 1266 familiaritem.
3114 1209 3287 1273 Quod
3323 1210 3370 1264 si
3414 1225 3489 1266 ne

1833 1315 1987 1354 unus
2030 1298 2279 1371 quidem
2310 1297 2740 1352 vilissimorum
2773 1297 3244 1369 passerculorum
3271 1298 3490 1372 laqueo

1832 1389 2082 1460 capitur,
2132 1387 2355 1458 absque
2387 1386 2515 1457 ejus
2559 1401 2873 1452 consensu,
2909 1387 3058 1443 sicut
3107 1387 3338 1443 dictum
3378 1391 3490 1454 est,

1833 1477 2020 1533 multo
2052 1475 2250 1545 magis
2282 1490 2408 1540 vos,
2443 1473 2546 1545 qui
2577 1474 2818 1546 pretiosi
2845 1474 3005 1538 estis,
3039 1490 3161 1530 non
3183 1475 3489 1532 interﬁcie-

1833 1567 2000 1629 miui,
2031 1566 2143 1622 nisi
2170 1564 2298 1636 ipse
2328 1563 2714 1620 consenserit.
2745 1566 2871 1619 Non
2920 1567 3153 1635 oportet
3191 1579 3332 1634 ergo
3375 1564 3490 1622 for-

1757 1650 1803 1706 B
1837 1656 2088 1711 midare.

1903 1745 2063 1798 Vers.
2097 1743 2183 1798 31.
2217 1742 2299 1798 Ne
2329 1741 2512 1812 igitur
2556 1772 2623 1780 —
2672 1756 2780 1797 vos.
2815 1741 2901 1796 Ad
2932 1740 3158 1798 timoris
3211 1741 3490 1814 abjectio-

1831 1847 1972 1888 nem
2015 1831 2236 1903 saepius
2291 1830 2658 1896 adhortatur,
2724 1833 2966 1901 propter
3016 1829 3491 1900 magnitudinem

1834 1920 2245 1976 tentationum.

1906 2011 1960 2063 V.
1999 2011 2087 2064 32.
2115 2007 2314 2063 Omnis
2337 2036 2406 2048 -—
2431 2007 2491 2060 V.
2523 2009 2610 2062 33.
2642 2005 2713 2062 In
2736 2006 2894 2063 caelis
2919 2010 3019 2063 est.
3040 2005 3492 2065 Confessionem

1834 2101 2011 2154 vocat
2037 2096 2469 2166 testimonium,
2496 2109 2827 2166 provocans
2857 2110 2961 2150 eos
2991 2095 3070 2151 ad
3101 2097 3191 2151 sui
3228 2096 3492 2154 testimo-

1834 2189 2021 2242 nium.
2073 2185 2219 2240 Dicit
2249 2199 2421 2254 ergo:
2453 2183 2658 2240 Omnis
2688 2182 2792 2255 qui
2840 2183 3248 2240 testimonium
3295 2184 3495 2242 tulerit

1833 2276 1908 2331 de
1939 2290 2073 2331 mea
2097 2273 2404 2329 divinitate
2445 2287 2650 2328 coram
2697 2271 3069 2337 hominibus,
3098 2275 3155 2329 et
3181 2287 3293 2344 ego
3333 2273 3492 2330 testi-

1835 2363 2094 2419 monium
2129 2362 2316 2418 {eram
2344 2360 2423 2417 illi
2449 2375 2656 2416 coram
2682 2361 2844 2416 Patre
2874 2375 3011 2417 meo
3038 2377 3051 2415 :
3085 2361 3199 2417 hoc
3239 2365 3348 2429 est,
3381 2363 3494 2427 Qui

1835 2453 2241 2526 praedicaverit
2293 2467 2387 2506 me
2447 2465 2576 2506 esse
2621 2452 2827 2516 Deum,
2878 2449 3221 2522 praedicabo
3274 2455 3331 2506 et
3379 2467 3492 2524 ego

1834 2559 1972 2599 eum
2004 2558 2138 2598 esse
2168 2541 2422 2597 ﬁdelem.
2481 2539 2762 2612 Quisquis
2818 2543 3018 2596 autem
3052 2555 3146 2595 me
3194 2540 3488 2614 rcpulerit,

1833 2631 2119 2704 repellam
2141 2635 2196 2686 et
2227 2646 2340 2702 ego
2384 2629 2574 2685 illum.
2609 2627 2779 2694 Quod
2810 2643 2951 2698 ergo
2976 2627 3190 2684 dicitur
3223 2644 3236 2684 :
3271 2629 3340 2684 In
3379 2645 3488 2700 me,

1833 2722 1990 2777 idem
2021 2724 2110 2776 est
2151 2736 2220 2777 ac
2277 2720 2325 2776 si
2377 2719 2549 2784 dicat,
2597 2717 2768 2773 Mihi.
2824 2720 2880 2773 et
2924 2716 3089 2789 quod
3136 2717 3350 2774 dicitur
3383 2735 3394 2772 :
3425 2719 3491 2775 1η

1835 2811 1960 2873 illo,
2015 2825 2085 2865 ac
2147 2809 2196 2864 si
2248 2809 2424 2877 dicat,
2485 2807 2594 2862 illi.
2655 2805 3123 2877 Chrysostomus
3180 2821 3318 2862 vero
3386 2806 3489 2875 ait,

1832 2898 1997 2968 quod
2028 2913 2149 2952 non
2179 2897 2319 2952 dixit
2343 2913 2360 2952 :
2388 2895 2665 2966 Quisquis
2693 2893 3070 2950 confitebitur
3092 2893 3212 2949 sive
3236 2894 3495 2950 testimo-

538 2983 892 3055 Ὀμολογήσω
939 2985 1082 3058 κὰγὼ
1136 2987 1182 3040 ἐν
1235 2989 1394 3060 αὐτῷ,
1450 2989 1564 3043 ἀντὶ
1608 3000 1720 3059 τοῦ,

1862 2989 2002 3043 tium
2047 2986 2275 3041 dederit
2304 2984 2472 3050 mihi,
2521 2984 2623 3039 sed
2657 2987 2718 3039 In
2751 2999 2844 3040 me
2891 2983 3014 3040 sive
3064 2999 3163 3055 per
3208 2999 3325 3051 me,
3379 2983 3492 3040 hoc

1834 3082 1940 3141 est,
1969 3092 2004 3132 a
2030 3091 2124 3131 me
2149 3074 2406 3145 adjutus.
2436 3071 2598 3130 Unde
2625 3077 3057 3146 consequenter
3077 3073 3255 3129 etiam
3281 3071 3495 3132 intelli-

1833 3167 2054 3237 gimus,
2087 3181 2213 3220 cum
2245 3164 2455 3219 dicitur
2486 3179 2497 3216 :
2533 3162 2863 3218 Conﬁtebor
2889 3167 2945 3219 et
2977 3178 3086 3232 ego
3117 3163 3177 3219 in
3210 3163 3326 3232 illo,
3359 3179 3490 3235 per-

1831 3256 1971 3314 inde
2001 3269 2132 3311 esse
2162 3269 2232 3310 ac
2258 3254 2307 3308 si
2336 3252 2497 3308 dicat
2524 3268 2535 3307 :
2570 3256 2616 3307 A
2647 3251 3004 3322 gratitudine
3034 3252 3224 3323 ipsius
3255 3256 3482 3308 motus.

170 3329 285 3391 Quia
317 3343 504 3392 autem
537 3338 808 3394 futurum
852 3356 949 3395 era
990 3347 1049 3397 ut
1103 3343 1436 3402 turbatione
1469 3364 1537 3404 ac
1588 3349 1746 3406 caede
1773 3345 2117 3419 impleretur
2173 3341 2540 3416 praedicatio,
2583 3339 2658 3397 de
2708 3339 2824 3396 hoc
2875 3354 3110 3413 quoque
3150 3343 3360 3398 tractat
3409 3339 3493 3396 di-

165 3431 295 3473 ρους.

222 3513 290 3600 Μή
318 3517 557 3582 νομίσητε
621 3546 682 3555 —
731 3518 1024 3591 μάχαιραν.
1065 3517 1214 3591 [Τοῦ
1267 3525 1375 3594 (33)
1418 3525 1674 3600 Θεολόγου
1709 3545 1720 3557 ·

162 3597 209 3644 Τί
251 3593 300 3648 δι
338 3601 362 3656 ἠ
415 3605 672 3676 μάχαιρα
701 3620 713 3668 ;
745 3604 802 3656 Ἦ
855 3611 985 3678 τομή
1029 3617 1120 3660 τοῦ
1150 3609 1324 3681 λόγου,
1359 3615 1387 3670 ἡ
1441 3611 1728 3688 διαιροῦσα

165 3698 208 3730 τῦ
246 3695 405 3758 χεῖρον
450 3691 551 3744 ἀπὸ
606 3701 695 3744 τοῦ
744 3700 1050 3766 κρείττονος,
1092 3703 1180 3750 καὶ
1235 3697 1605 3776 διχοτομοῦσα
1641 3709 1726 3758 τὸν

161 3778 312 3824 πιστὸν
354 3784 436 3830 καὶ
481 3785 570 3832 τὸν
632 3783 872 3848 ἄπιστον,
925 3790 1012 3836 καὶ
1067 3783 1405 3861 ἐπεγείρουσα
1455 3796 1542 3844 τὸν
1593 3795 1726 3858 υἱὸν,

161 3878 231 3910 και
272 3869 353 3920 τήν
401 3869 691 3942 θυγατέρα,
749 3877 836 3922 καὶ
889 3879 982 3931 τήν
1029 3877 1230 3947 νύμφην
1284 3886 1354 3948 τῷ
1400 3886 1582 3955 πατρὶ,
1638 3888 1727 3936 καὶ

255 3961 420 4027 μητρὶ,
482 3965 575 4011 καὶ
630 3967 691 4032 τῇ
748 3963 986 4035 πενθερᾴ,
1027 3966 1092 4015 τὰ
1142 3969 1228 4017 νέα
1279 3973 1367 4019 καὶ
1427 3975 1722 4043 πρόσφατα,

164 4045 246 4099 τοῖς
269 4043 486 4108 παλαιοῖς
511 4053 614 4099 καὶ
648 4046 922 4105 σκίὼὅεσι.
945 4051 962 4122 ]

218 4133 299 4181 Καὶ
339 4140 435 4204 μήν
494 4137 677 4206 ἔλεγον
743 4141 793 4189 οἱ
845 4140 1070 4211 οἰγγελοι,
1152 4147 1476 4215 γεννηθέντος
1529 4149 1722 4203 αὐτοῦ’

161 4217 263 4278 λοξα
304 4220 348 4272 ἐν
393 4224 648 4294 {duis-rat;
698 4234 831 4297 Θεῷ,
877 4235 962 4280 καὶ
1013 4231 1096 4282 ἐπὶ
1143 4241 1241 4303 γῆς
1289 4235 1482 4310 εἰρήνη.
1533 4245 1631 4292 Καὶ
1679 4243 1726 4292 οἱ

161 4316 382 4376 προφῆται
433 4311 492 4364 δὲ
545 4320 652 4371 τήν
689 4315 892 4388 εἰρήνην
940 4319 1099 4371 αὐτοῦ
1142 4323 1302 4376 πάλαι
1349 4334 1724 4400 προκατήγγει-

161 4411 244 4446 ιπν.
286 4404 374 4451 Καὶ
409 4403 567 4464 αὐτὸς
622 4401 679 4455 δὲ
709 4413 817 4467 τοῖς
871 4409 1130 4478 μαθηταῖς
1182 4415 1514 4485 προσέταξεν,
1565 4419 1726 4493 εἰσερ-

161 4497 374 4549 χομενους
450 4492 522 4553 εἰς
623 4493 847 4552 ἑκάστην
925 4496 1112 4564 οὶκίαν,
1195 4501 1399 4573 εἰρήνην
1480 4505 1725 4577 ἐπιλέγειν

162 4581 281 4641 αντῇ.
345 4584 454 4640 Πῶς
525 4576 624 4633 οὖν
695 4602 824 4653 φησι
875 4593 983 4646 νῦν,
1041 4589 1121 4638 ὅτι
1179 4589 1286 4641 Ούκ
1342 4587 1493 4649 ἦλθον
1548 4593 1724 4666 βαλεῖν

163 4673 363 4728 uarum;
411 4674 549 4721 Διοτι
622 4673 651 4728 ἡ
713 4673 958 4744 μάχαιρα
1010 4676 1141 4734 αῦτη
1195 4687 1354 4731 ποιεῖν
1414 4682 1580 4753 ἔμελλε
1635 4690 1724 4743 τήν

164 4763 328 4817 uerum
381 4754 599 4826 ἐκείνην,
661 4766 780 4832 περὶ
830 4762 891 4821 ἧς
944 4759 1082 4816 εἶπον
1142 4767 1191 4818 οἰ
1242 4787 1294 4820 τε
1347 4770 1578 4840 ἄγγελοι,
1636 4781 1724 4826 καὶ

167 4850 240 4902 προ
289 4847 468 4896 τούτων
522 4851 578 4900 οἱ
623 4857 912 4921 προφῆται.
979 4856 1264 4928 Μάχαιροιν
1319 4854 1375 4910 δὲ
1423 4858 1574 4930 λέγει,
1632 4868 1724 4922 τήν

165 4939 266 4994 πρυς
289 4934 433 4984 αὐτὸν
465 4938 706 5007 ἀγάπην,
758 4939 827 4998 ὡς
859 4935 1169 5013 διαιροῦσαν
1219 4949 1333 5006 τοὺς
1390 4951 1725 5013 πιστεύοντας

219 5104 258 5137 ⁸⁸
283 5105 411 5167 Luc.
440 5127 498 5178 ιι,
536 5117 624 5171 14.
709 5116 756 5151 ³⁵
782 5116 958 5174 Math.
984 5135 1043 5187 x,
1070 5123 1158 5180 12.

1908 3526 2076 3580 Vers.
2106 3523 2194 3578 34.
2245 3522 2334 3578 Ne
2377 3520 2584 3592 putetis
2646 3550 2714 3559 —
2768 3517 3050 3590 gladium.
3087 3517 3130 3588 -ξ-
3171 3517 3326 3584 Quid
3367 3532 3495 3590 per-

1837 3613 2110 3683 gladium
2132 3610 2519 3682 signiﬁcatur,
2541 3607 2654 3665 nisi
2685 3609 2864 3665 sectio
2885 3606 3069 3674 verbi,
3093 3607 3366 3663 dividens
3386 3622 3495 3680 pe-

1830 3703 1928 3773 jus
1950 3719 1986 3759 a
2010 3701 2262 3770 meliori,
2284 3704 2341 3756 et
2363 3713 2653 3771 separans
2681 3697 2923 3754 fidelem
2953 3697 3030 3754 ab
3060 3695 3275 3752 inﬁdeli
3305 3711 3317 3751 :
3343 3695 3496 3752 exci-

1836 3797 1965 3848 tans
2016 3790 2195 3847 ﬁlium
2231 3794 2287 3846 et
2337 3789 2512 3844 ﬁliam
2546 3804 2616 3845 ac
2655 3803 2872 3844 nurum
2928 3788 3210 3843 adversus
3262 3789 3494 3858 patrem

1834 3885 1892 3937 et
1909 3885 2165 3936 matrem
2191 3894 2261 3935 ac
2287 3893 2524 3934 socrum
2544 3894 2561 3935 :
2581 3881 2639 3933 et
2659 3891 2814 3934 nova
2837 3891 2906 3934 ac
2927 3874 3185 3932 recentia
3207 3874 3494 3933 adversus

1836 3970 2086 4042 antiqua
2123 3974 2180 4024 et
2203 3968 2543 4024 inveterata.

1902 4155 2075 4227 Atqui
2104 4159 2247 4210 nato
2273 4169 2343 4210 eo
2368 4153 2648 4210 dicebant
2671 4153 2868 4224 angeli
2901 4174 2914 4209 :
2951 4152 3148 4209 Gloria
3179 4153 3242 4208 in
3273 4151 3496 4210 altissi-

1833 4244 1935 4299 mis
1961 4245 2095 4308 Deo,
2119 4249 2172 4298 et
2218 4243 2280 4297 in
2331 4247 2490 4298 terra
2532 4257 2655 4311 pax
2703 4243 2768 4292 δι.
2805 4241 2873 4296 Et
2920 4240 3223 4313 prophetia
3279 4254 3495 4311 pacem

1833 4333 1961 4404 ejus
1987 4330 2508 4387 annuntiaverant.
2538 4336 2670 4402 Ipse
2693 4344 2937 4401 quoque
2967 4326 3270 4400 discipulis
3283 4328 3492 4400 jussit,

1837 4427 1898 4476 ut
1970 4419 2304 4492 quamlibet
2363 4419 2610 4474 domum
2672 4417 3091 4487 ingredientes,
3158 4431 3374 4487 pacem
3441 4417 3495 4472 ei

1835 4512 2103 4581 optarent
2141 4511 2210 4564 ³⁵.
2245 4507 2549 4574 Quomodo
2587 4521 2728 4576 ergo
2773 4521 2930 4562 nunc
2959 4504 3100 4561 dicit
3130 4521 3142 4560 :
3172 4505 3308 4561 Non
3364 4505 3496 4562 veni

1833 4601 2116 4654 missurus
2161 4613 2368 4670 pacem,
2421 4597 2523 4654 sed
2563 4595 2824 4667 gladium
2850 4596 2878 4649 ?
2907 4595 3056 4661 Quia
3108 4593 3343 4664 gladius
3375 4595 3492 4662 hic,

1835 4703 2046 4760 pacem
2075 4687 2237 4744 illam
2265 4688 2528 4743 facturus
2557 4691 2664 4750 est,
2698 4685 2773 4740 de
2818 4700 2942 4757 qua
2969 4683 3249 4740 dixerunt
3277 4684 3494 4759 angeli,

1834 4783 1888 4832 ct
1918 4781 2054 4832 ante
2075 4777 2208 4833 illos
2235 4777 2555 4849 prophetae.
2603 4773 2886 4831 Gladium
2943 4777 3144 4832 autem
3189 4779 3366 4830 vocat
3408 4773 3499 4830 di-

1835 4864 2140 4922 lectionem
2184 4881 2327 4936 erga
2380 4880 2464 4930 se,
2520 4868 2724 4937 utpote
2778 4862 2980 4921 ﬁdeles
3031 4863 3110 4922 ab
3161 4862 3495 4921 inﬁdelibus

1839 4953 2250 5012 dividentem:
2328 4955 2501 5026 cujus
2575 4952 3018 5027 inexpugnabili
3088 4953 3314 5020 virtute,
3378 4949 3492 5025 ipsi

1341 5251 1561 5322 Variae
1601 5253 1930 5325 lectiones
1977 5265 2042 5324 et
2076 5267 2275 5325 notae.

217 5371 477 5454 ρξξῐξοιη.
515 5382 631 5447 VII,
667 5398 725 5454 p.
751 5386 856 5439 39'2
885 5387 944 5440 Ε.

218 5447 318 5514 (33)
344 5448 575 5509 Inclusa
614 5447 684 5509 ω·
707 5456 984 5525 margine
1013 5456 1193 5517 habet
1216 5462 1283 5518 A.
1321 5464 1560 5536 Legirur
1575 5467 1671 5524 hic
1696 5467 1723 5526 li

1882 5469 1942 5526 in
1981 5470 2272 5538 oratione,
2298 5475 2368 5534 είς
2397 5475 2462 5524 τὰ
2491 5470 2754 5547 ἐπιφάνια,
2776 5485 2836 5546 p.
2869 5471 2992 5526 236.
