3990 6206
432 295 533 356 343

1751 287 2103 345 EUTHYMII
2140 284 2470 343 ZIGABENI

3680 277 3784 336 344

427 435 670 495 quoque
691 434 906 491 genere
942 418 1312 487 amicissimi,
1346 417 1516 473 citius
1544 432 1580 472 a
1606 418 1818 472 mutua
1838 417 2082 485 conjun-

2200 412 2300 465 ἀπὸ
2335 420 2433 464 τῶν
2465 416 2535 483 μὴ
2576 414 2943 478 πιστευόντων,
2985 406 3044 472 ἧς
3076 419 3136 484 τῇ
3186 410 3380 483 ἀμάχῳ
3432 406 3650 479 δυνάμει
3698 404 3791 458 καὶ

428 512 619 567 ctione
643 513 782 565 sunt
810 508 1007 572 divisi,
1036 506 1323 578 facileque
1340 506 1643 561 abstracti.
1664 504 1820 561 Alibi
1843 508 2082 576 praeter-

427 617 499 657 ea
527 600 937 656 vehementem
972 596 1095 669 ejus
1121 596 1485 652 activitatem
1528 595 1964 659 demonstrans,
1998 593 2080 648 di-

425 690 510 746 xit
543 712 554 742 :
584 691 788 759 Ignem
815 687 943 741 veni
991 687 1279 742 missurus
1308 685 1370 740 in
1419 692 1635 741 terram
1664 685 1733 739 ⁸⁸.
1777 682 2085 754 Siquidem

427 779 685 851 primum
704 774 1053 832 abscindere
1070 774 1397 845 oportebat,
1415 775 1576 844 quod
1592 777 1716 827 erat
1733 770 2084 827 immedica;

425 866 588 923 bile:
625 865 837 921 deinde
890 863 1201 935 paciﬁcare
1248 866 1479 927 caetera,
1529 865 1585 916 et
1635 875 1777 930 erga
1820 861 2085 931 seipsum

431 962 487 1012 et
517 970 659 1024 erga
690 957 894 1009 Deum.
921 953 1165 1024 Propter
1190 951 1303 1007 hoc
1335 965 1476 1020 ergo
1504 949 1713 1004 durius
1744 949 1827 1005 ita
1854 948 2086 1004 locutus

429 1046 536 1111 est,
571 1047 633 1098 ut
661 1042 754 1097 his
809 1040 1058 1111 cognitis
1089 1043 1295 1112 postea
1338 1053 1462 1094 non
1499 1038 1831 1093 turbentur.
1876 1036 2084 1092 Adhuc

430 1135 629 1189 autem
658 1146 1014 1195 sermonem,
1047 1129 1151 1201 qui
1177 1128 1251 1184 de
1281 1128 1394 1183 hoc
1426 1126 1617 1183 factus
1647 1130 1752 1192 est,
1782 1125 2081 1198 explanat,

428 1220 594 1277 brevi
617 1219 801 1275 verbo
822 1218 1093 1275 auditum
1116 1232 1325 1275 eorum
1350 1230 1652 1280 exercens,
1680 1230 1756 1272 ne
1777 1214 1857 1271 ob
1881 1230 2081 1271 rerum

429 1307 841 1365 difﬁcultatem
863 1306 1204 1364 reclament.

503 1558 666 1613 Vers.
695 1559 783 1612 35.
821 1556 965 1613 Veni
983 1586 1052 1595 —
1074 1568 1293 1611 socrum
1309 1569 1497 1610 suam.
1524 1554 1565 1625 νι-
1583 1552 1867 1611 Michaeae:
1890 1554 2082 1611 Filius

429 1645 843 1703 contumeliam
859 1644 1033 1715 faciet
1051 1644 1231 1713 patri,
1256 1649 1308 1699 et
1326 1643 1456 1711 ﬁlia
1475 1648 1780 1713 consurget
1803 1643 2084 1699 adversus

427 1738 678 1791 matrem
732 1749 928 1805 suam,
989 1748 1175 1788 nurus
1227 1731 1511 1787 adversus
1546 1747 1768 1787 socrum
1811 1747 1996 1801 suam,
2028 1738 2081 1789 et

428 1824 657 1880 inimici
680 1822 932 1878 hominis
960 1836 1155 1877 omnes
1179 1820 1485 1876 domestici
1511 1823 1639 1890 ejus
1667 1822 1734 1875 ³⁷.

500 1916 724 1967 Rursus
742 1926 845 1983 per
856 1911 966 1966 hos
980 1909 1383 1975 charissimos,
1403 1909 1822 1978 cognationem
1837 1924 2082 1966 omnem

428 1999 803 2070 significavit.
838 1998 1245 2068 Propriissime
1268 2002 1467 2053 autem
1489 1998 1657 2065 dixit,
1692 2003 1757 2054 ut
1776 1998 2083 2056 hominem

426 2088 545 2143 sive
560 2086 749 2142 ﬁlium
771 2086 1059 2142 dissidere
1078 2085 1293 2142 faciam
1309 2085 1595 2141 adversus
1628 2090 1856 2158 patrem
1882 2104 2080 2153 suum,

424 2176 609 2233 ﬁliam
624 2180 823 2232 autem
838 2175 1128 2231 adversus
1143 2179 1395 2230 matrem
1409 2191 1595 2229 suam.
1620 2175 1924 2246 Siquidem
1938 2176 2081 2233 cha-

424 2265 610 2321 riores
642 2268 781 2319 sunt
814 2280 826 2319 :
860 2263 1016 2318 ﬁlius
1046 2263 1291 2336 quidem
1345 2264 1518 2334 patri,
1552 2262 1667 2319 ﬁlia
1705 2279 1847 2321 vero
1885 2254 2079 2331 matri,

423 2358 666 2425 propter
691 2356 913 2408 natura:
940 2352 1406 2407 similitudinem.
1432 2352 1518 2407 Ad
1540 2352 1664 2407 haec
1693 2368 1913 2408 nurum
1945 2360 2082 2425 apte

425 2442 568 2498 dixit
589 2440 876 2498 adversus
894 2457 1131 2496 socrum
1150 2456 1322 2496 suam
1346 2440 1727 2497 dividendam
1755 2457 1884 2498 esse
1908 2460 1927 2509 ;
1959 2459 2083 2501 ma-

424 2545 613 2601 gnum
627 2530 784 2585 enim
801 2546 939 2586 cum
961 2530 1341 2586 observantia
1359 2529 1672 2602 pudorem,
1688 2531 2081 2588 reverentiam

426 2634 496 2674 ac
525 2618 883 2692 obsequium
912 2618 1271 2675 exhibebant
1295 2633 1481 2674 nurus
1512 2618 1800 2674 socrlbus.
1834 2618 1898 2674 1n
1928 2634 2083 2675 nuru

424 2712 622 2765 autem
676 2707 1033 2778 signiﬁcavit
1062 2712 1118 2763 et
1162 2722 1446 2777 generum
1484 2706 1766 2762 adversus
1808 2723 2081 2763 socerum

422 2812 597 2852 suum
621 2796 1047 2868 separandum.
1064 2797 1139 2851 Su
1149 2795 1561 2868 periusitaque
1584 2795 1916 2867 simplicem
1932 2796 2081 2852 face-

419 2891 512 2949 rat
543 2886 1040 2941 enumerationem
1069 2884 1273 2939 dicens
1305 2900 1317 2939 :
1348 2884 1557 2939 Prodet
1595 2886 1789 2954 frater
1820 2887 2079 2954 fratrem

421 2974 483 3028 in
517 2981 782 3039 mortem,
813 2981 864 3030 et
889 2981 1059 3043 pater
1082 2974 1273 3043 ﬁlium
1303 2974 1348 3007 ³⁸
1380 2990 1394 3038 ;
1426 2973 1523 3027 hic
1559 2989 1695 3028 vero
1724 2974 1835 3029 alio
1892 2975 2076 3030 modo

422 3063 798 3117 enumeravit
823 3062 1166 3118 naturaliori
1199 3061 1516 3133 magisque
1542 3063 1809 3134 proprio.
1842 3063 2013 3128 Quod
2029 3064 2075 3119 si

421 3150 712 3207 dissidere
730 3150 869 3207 facit
889 3152 1195 3207 hominem
1213 3151 1507 3207 adversus
1532 3166 1690 3216 eum,
1711 3153 1811 3223 qui
1833 3152 1967 3222 ipso
1988 3170 2077 3208 su-
2109 3126 2149 3181 (δ

422 3240 621 3311 perior
649 3244 758 3309 est,
798 3239 988 3296 multo
1021 3240 1214 3309 magis
1244 3240 1321 3296 ad
1335 3255 1535 3295 versus
1568 3241 1909 3310 conjugem,
1942 3258 2078 3314 quin

422 3327 536 3399 ipsi
551 3326 816 3400 subjecta
836 3333 952 3385 est:
971 3327 1116 3384 illud
1136 3328 1297 3384 enim
1322 3328 1740 3393 naturale,hoc
1768 3335 1965 3385 autem
1985 3346 2080 3386 as-

425 3416 665 3472 cititium
694 3421 798 3473 est.
821 3417 1070 3473 Proinde
1097 3417 1211 3473 hoc
1238 3417 1409 3488 quasi
1440 3417 1827 3473 manifestum
1848 3418 2083 3491 reliquit

424 3504 894 3575 intelligendum.
922 3507 989 3561 1n
1021 3506 1405 3578 sequentibus
1431 3521 1569 3561 vero
1596 3506 1776 3561 etiam
1805 3523 2083 3579 expresse

425 3592 499 3647 de
521 3594 879 3664 conjugibus
911 3593 1421 3659 commemorabit,
1451 3593 1657 3649 dicens
1683 3610 1695 3648 :
1728 3594 1946 3659 Omnis,
1982 3595 2086 3666 qui

427 3682 735 3753 reliquerit
756 3683 1007 3749 domum,
1038 3689 1142 3739 aut
1164 3684 1406 3753 fratres,
1440 3688 1547 3738 aut
1568 3697 1814 3749 sorores,
1850 3688 1951 3737 aut
1974 3698 2085 3752 pa-

429 3778 591 3839 trem,
618 3777 724 3827 aut
745 3780 1013 3841 matrem,
1045 3776 1151 3827 aut
1182 3786 1445 3835 uxorem,
1466 3777 1570 3826 aut
1595 3770 1885 3840 ﬁlios,aut
1912 3786 2087 3841 agros

424 3867 667 3930 propter
695 3877 901 3918 nomen
931 3877 1140 3924 meum,
1169 3861 1444 3929 centupla
1485 3859 1748 3928 accipiet,
1774 3866 1827 3916 et
1860 3863 1993 3917 vita
2015 3876 2091 3919 ιε’-

430 3955 612 4006 ιθνηεε
636 3952 917 4008 sortietur
948 3950 1342 4007 haereditatem
1373 3948 1446 4006 ’9.

504 4038 668 4094 Vers.
704 4041 795 4097 36.
835 4042 914 4095 Et
956 4041 1184 4096 inimici
1215 4069 1280 4081 —
1326 4040 1473 4108 eius.
1519 4038 1642 4094 Hoc
1672 4038 2091 4111 propheticum

435 4131 527 4182 est
550 4128 824 4194 verbum,
848 4128 1069 4185 dictum
1090 4129 1233 4185 olim
1265 4129 1554 4184 adversus
1570 4127 1821 4195 Judaaos,
1844 4129 2091 4201 quando

436 4220 643 4274 contra
676 4234 739 4274 se
760 4218 1014 4275 invicem
1041 4217 1442 4273 dissensiones
1466 4216 1796 4273 habebant.
1825 4218 2089 4273 Christus

437 4311 640 4366 autem
661 4313 996 4382 opportune
1019 4307 1245 4379 aptavit
1276 4307 1363 4361 his
1389 4322 1524 4378 quae
1547 4307 1701 4363 dicta
1718 4312 1877 4373 sunt,
1911 4306 2091 4377 signi-

434 4402 625 4460 ﬁcans
652 4398 817 4474 quod
847 4412 1058 4455 omnes
1088 4395 1397 4452 domestici
1428 4395 1555 4467 ejus
1608 4396 1714 4468 qui
1763 4396 2093 4453 crediturus

438 4496 543 4556 est,
575 4488 802 4547 inimici
832 4487 960 4559 ejus
986 4485 1334 4543 efﬁciantur.

512 4583 673 4635 Vere.
704 4584 798 4635 37.
830 4577 941 4644 Qui
970 4579 1203 4633 amat—
1224 4575 1454 4646 dignus.
1479 4574 1581 4630 Hic
1601 4589 1845 4647 quoque
1862 4575 1936 4630 de
1954 4574 2093 4631 solis

443 4666 908 4724 ascendentibus
928 4664 1486 4722 etdescendentibus
1501 4664 1560 4719 in
1576 4679 1942 4736 unoquoque
1973 4664 2092 4719 dis-

432 4756 640 4833 seruit,
678 4761 964 4826 tanquam
984 4754 1180 4823 magis
1203 4753 1461 4825 propriis
1479 4758 1533 4809 et
1554 4752 1966 4809 familiaribus.
1989 4751 2096 4818 Qui

446 4850 631 4914 amat,
663 4845 875 4917 inquit,
902 4842 1033 4899 illos
1065 4858 1246 4914 supra
1277 4858 1372 4898 me
1403 4858 1415 4897 :
1449 4858 1589 4897 nam
1622 4841 1870 4914 quando
1901 4842 1982 4897 illi
2014 4842 2097 4914 pii

446 4939 606 5002 sunt,
635 4934 951 4991 honestum
972 4934 1059 4987 est
1084 4930 1211 4988 illos
1238 4947 1459 4988 amare.
1496 4932 1736 5003 Semper
1755 4935 1953 4989 autem
1987 4947 2099 4988 ma.

446 5025 573 5084 lum
612 5028 701 5083 est
727 5036 931 5082 amare
956 5019 1089 5079 illos
1121 5036 1306 5095 supra
1338 5023 1548 5078 Deum.

2194 501 2333 553 αῦτά
2374 503 2439 553 τά
2468 500 2685 573 φίλτατα
2729 504 2848 571 γένη
2907 502 3092 553 θᾶττον
3142 497 3542 557 διεσπάσθησαν
3600 495 3653 547 ἐκ
3694 504 3792 558 τῆς

2194 589 2419 647 ἀλλήλων
2486 594 2783 661 συναφείας,
2839 594 2929 640 καὶ
2977 589 3205 661 εὐχερῶς
3249 586 3635 662 ἀπερραγησαν.
3686 588 3792 640 Καὶ

2198 676 2431 750 ἀλλαχοῦ
2473 674 2531 731 δὲ
2583 682 2640 729 τὸ
2692 674 2919 750 σφοδρὸν
2964 677 3127 738 αὐτῆς
3177 683 3265 729 καὶ
3319 674 3641 749 δραστήριον
3694 673 3790 746 ἒμ-

2195 770 2385 840 φαίνων
2454 770 2671 842 εἴρηκεν,
2740 768 2820 818 ὅτι
2883 772 2991 841 Πῦρ
3069 766 3222 825 ἦλθον
3304 764 3478 837 βαλεῖν
3545 762 3630 815 ἐπὶ
3694 766 3787 821 τὴν

2192 864 2312 928 γῆν.
2372 852 2518 910 Ἔδει
2564 858 2688 929 γὰρ,
2748 851 2854 908 ἔδει
2903 862 3105 929 πρῶτον
3159 853 3484 913 ἀποκοπῆναι
3534 855 3592 904 τό
3642 850 3788 903 ἀνιά-

2193 965 2289 1005 τως
2333 948 2478 1017 ἔχον,
2520 942 2630 997 εἶτα
2658 946 2715 996 τὸ
2763 943 2940 996 λοιπὸν
2991 943 3303 1017 εἰρηνεῦσαι,
3360 945 3487 1015 πρός
3522 960 3575 993 τε
3613 940 3787 1010 ἑαυτὸ,

2198 1038 2288 1087 καὶ
2318 1038 2443 1109 πρὸς
2472 1037 2559 1086 τὸν
2590 1037 2736 1087 Θεόν.
2772 1036 2865 1085 Διά
2893 1039 3045 1085 τοῦτο
3092 1036 3264 1085 τοίνυν
3314 1032 3472 1091 οὕτως
3519 1029 3793 1101 ἀποτόμως

2195 1119 2353 1191 εἶπεν,
2442 1124 2524 1175 ἱνα
2580 1128 2915 1194 ’γινώσκοντες
2989 1128 3175 1190 ταῦτα,
3264 1125 3335 1193 μὴ
3415 1120 3787 1193 ταράττωνται.

2195 1210 2569 1285 Προσεξωπλοῖ
2621 1207 2681 1263 δὲ
2718 1215 2807 1262 καὶ
2856 1212 2932 1263 ἔτι
2968 1214 3056 1262 τὸν
3094 1214 3211 1284 περὶ
3260 1211 3438 1263 τούτου
3476 1207 3647 1278 λόγον,
3698 1226 3791 1276 γυο

2198 1300 2406 1373 μνοίζων
2448 1304 2540 1359 τὴν
2589 1298 2747 1357 ἀκοήν
2801 1298 2966 1350 αὐτῶν
3020 1307 3083 1372 τῇ
3131 1300 3430 1374 τραχύτητι
3466 1304 3564 1349 τῶν
3617 1294 3789 1368 ῥημά-

2190 1409 2310 1455 των,
2346 1390 2427 1441 ἶνα
2454 1393 2525 1461 μὴ
2573 1390 2620 1440 ἐν
2668 1396 2730 1461 τῇ
2781 1384 3041 1461 δυσκολίᾳ
3071 1396 3170 1440 τῶν
3212 1388 3529 1462 πραγμάτων
3560 1384 3791 1456 ἰλιγγιά-

2195 1497 2383 1532 σωσιν.

2259 1565 2449 1619 Ἦλθον
2511 1597 2579 1607 --
2622 1573 2715 1625 τῆς
2762 1567 3005 1639 πενθερᾶς
3057 1564 3237 1625 αὐτῆς.
3293 1563 3450 1637 [(34)
3502 1568 3744 1634 Μιχαίου
3774 1580 3787 1593 ·

2194 1656 2426 1729 θυγάτηρ
2503 1653 2922 1712 ἐπαναστήσεται
3002 1653 3087 1705 ἐπὶ
3151 1657 3243 1711 τὴν
3324 1656 3525 1726 μητέρα
3608 1650 3790 1716 αὐτῆς,

2123 1746 2365 1815 Βνύμφη
2457 1743 2541 1795 ἐπὶ
2594 1748 2687 1801 τὴν
2762 1745 3005 1816 πενθερὰν
3063 1742 3266 1802 αὐτῆς·
3335 1740 3517 1815 ἐχθροὶ
3575 1737 3791 1813 ἀνδρὸς,

2193 1834 2377 1892 πάντες
2408 1833 2455 1883 οἱ
2486 1830 2533 1882 ἐν
2563 1839 2634 1901 τῷ
2672 1833 2795 1902 οἴκῳ
2827 1830 3004 1884 αὐτοῦ.
3035 1829 3057 1903 ]

2272 1922 2432 1972 Πάλιν
2466 1916 2559 1971 διὰ
2604 1927 2704 1970 τῶν
2744 1919 2996 1991 φιλτάτων
3043 1921 3259 1986 τούτων,
3306 1922 3551 1971 παντοίαν
3607 1924 3796 1989 συγγέ-

2193 2029 2328 2061 νειαν
2388 2008 2605 2080 ἐνέφηνε,
2667 2008 2969 2060 Οὶκειότατα
3026 2005 3083 2059 δὲ
3142 2004 3297 2076 εἶπεν,
3356 2008 3623 2080 ἄνθρωπον
3679 2011 3789 2079 μὲν,

2194 2101 2354 2150 εἵτουν
2408 2099 2539 2163 υἱὸν,
2594 2094 2778 2149 διελεῖν
2833 2099 2968 2148 κατά
3018 2104 3109 2149 τοῦ
3162 2099 3354 2170 πατρὸς
3394 2097 3573 2166 αὐτοῦ,
3634 2099 3793 2169 θύγα-

2192 2190 2313 2259 τέρα
2361 2182 2418 2237 δὲ
2465 2188 2599 2237 κοιτά
2641 2193 2735 2247 τῆς
2776 2189 2969 2257 μητρός
3018 2184 3213 2245 αὐτῆς·
3266 2184 3491 2258 (pf/crepat
3529 2188 3631 2259 γὰρ
3681 2187 3797 2247 υἱος

2192 2278 2281 2346 μὲν
2339 2279 2521 2346 πατρὶ,
2571 2275 2804 2346 θυγάτηρ
2863 2272 2921 2325 δε
2988 2278 3166 2347 μητρὶ,
3232 2270 3304 2325 δι’
3363 2275 3648 2345 ὁμοιότητα
3703 2276 3794 2345 φύ-

2194 2382 2340 2423 σεως.
2402 2367 2501 2415 Καὶ
2560 2367 2647 2419 τὴν
2700 2365 2900 2434 νύμφην
2959 2359 3017 2414 δὲ
3085 2362 3236 2422 αὖθις
3300 2359 3564 2435 ἁρμοδίως
3622 2366 3799 2433 εἴρηκε

2195 2449 2427 2523 διχάσαι
2455 2454 2589 2503 κατά
2625 2459 2718 2513 τῆς
2748 2453 2989 2525 πενθερᾶς
3020 2451 3199 2512 αὐτῆς,
3239 2450 3432 2507 Πολλὴν
3477 2453 3580 2525 γὰρ
3632 2447 3790 2515 αἰδὼ,

2191 2546 2280 2592 καὶ
2322 2544 2500 2611 τιμὴν,
2558 2544 2646 2591 καὶ
2703 2542 2972 2614 θεραπείαν
3021 2547 3273 2613 παρεῖχον
3327 2541 3381 2591 αἱ
3427 2560 3623 2612 νυμφαι
3679 2537 3792 2600 ταῖς

2192 2631 2475 2703 πενθεραῖς.
2541 2631 2635 2680 Διά
2692 2625 2750 2680 δὲ
2822 2637 2916 2690 τῆς
2984 2631 3200 2701 νύμφης,
3253 2624 3482 2686 ἐδήλωσε
3544 2633 3635 2681 καὶ
3704 2633 3794 2681 τὸν

2190 2722 2405 2789 νυμφίον
2475 2719 2609 2769 κατὰ
2664 2724 2755 2768 τοῦ
2812 2719 3055 2791 πενθεροῦ
3128 2713 3497 2788 διχαζόμενον.
3577 2718 3793 2770 Ὀπίσω

2192 2809 2279 2877 μὲν
2331 2803 2418 2857 οὖν
2476 2804 2641 2864 ἁπλῆν
2696 2805 3054 2877 ἀπαρίθμησιν
3114 2804 3413 2874 ἐποιήσατο,
3472 2806 3646 2871 εἰπὼν,
3713 2808 3797 2858 ὅτι

2192 2891 2505 2967 Παραδωσει
2554 2891 2770 2965 ἀδελφὸς
2819 2890 3033 2966 ἀδελφὸν
3074 2893 3147 2955 εἰς
3198 2896 3432 2958 θάνατον,
3472 2898 3560 2945 καὶ
3612 2898 3795 2967 πατὴρ

2189 2986 2359 3034 τέκνον
2394 2999 2405 3011 ·
2485 2981 2705 3034 ἐνταῦθα
2784 2978 2842 3035 δε
2926 2986 3112 3054 τρόπον
3166 2984 3332 3056 ἕτερον
3381 2981 3799 3054 ἀπηριθμὴσατο

2192 3075 2540 3142 φυσικώτερόν
2576 3090 2627 3122 τε
2666 3075 2754 3122 καὶ
2802 3076 3200 3145 σχετικώτερον,
3261 3071 3318 3122 Εἰ
3364 3067 3421 3122 δε
3449 3074 3532 3122 τόν
3584 3072 3800 3145 ἄνθρω-

2190 3177 2283 3208 πον
2348 3154 2571 3228 διχάσει
2622 3161 2755 3210 κατά
2799 3166 2892 3211 τοῦ
2950 3160 3312 3232 ὑπερκειμένου
3368 3162 3566 3231 πατρὸς
3604 3159 3798 3227 αὐτοῦ,

2189 3246 2357 3317 πολλῷ
2399 3246 2586 3319 μᾶλλον
2640 3250 2774 3299 κατὰ
2818 3256 2907 3308 τῆς
2964 3249 3301 3318 ὑποκειμένης
3342 3247 3479 3318 αὐτῷ
3530 3251 3798 3319 συζύγου.

2189 3341 2292 3386 Τοῦ
2323 3338 2412 3406 μὲν
2442 3338 2541 3407 γὰρ
2578 3338 2750 3406 φύσει,
2792 3344 2885 3397 τῆς
2938 3332 2995 3388 δὲ
3052 3338 3188 3388 θέσει
3234 3339 3289 3387 τὸ
3336 3336 3560 3407 φίλτρον.
3599 3343 3804 3409 Τιμιώ-

2191 3442 2333 3496 τερον
2385 3419 2443 3475 δε
2487 3427 2544 3475 τὸ
2578 3443 2727 3494 φυσει
2757 3431 2847 3476 τοῦ
2899 3426 3053 3477 θέσει.
3101 3427 3293 3476 Λοιπὸν
3328 3424 3435 3490 οὖν,
3486 3428 3555 3485 ὡς
3609 3422 3798 3491 δῆλον,

2193 3510 2357 3582 ἀφῆκε
2404 3508 2557 3563 τοῦτο
2609 3514 2863 3569 νοεῖσθαι,
2924 3516 3121 3583 Προῑὼν
3178 3508 3237 3564 δὲ
3292 3513 3461 3586 ῥητῶς
3532 3518 3621 3565 καὶ
3677 3519 3804 3589 περὶ

2192 3607 2290 3651 τῶν
2356 3600 2595 3670 συζύγων
2655 3597 2893 3664 διέξεισι,
2957 3599 3136 3673 λέγων,
3196 3602 3274 3652 ὅτι
3333 3607 3430 3661 πᾶς
3486 3601 3535 3660 ὃς
3600 3600 3804 3673 ἀφῆκεν

2195 3688 2380 3755 οἰκίαν,
2420 3690 2448 3747 ἦ
2489 3685 2758 3761 ἀδελφοὺς,
2808 3690 2836 3747 ἢ
2885 3686 3128 3761 ἀδελφὰς,
3165 3691 3194 3748 ἢ
3246 3694 3459 3761 πατέρα,
3502 3691 3530 3748 ἡ
3568 3695 3802 3764 μητέρα,

2196 3780 2225 3837 ἧ
2268 3786 2511 3849 γυναῖκα,
2558 3779 2587 3837 ἦ
2639 3782 2809 3846 τέκνα,
2862 3778 2891 3835 ἢ
2942 3777 3149 3853 ἀγροὺς,
3200 3779 3357 3831 ἕνεκεν
3400 3787 3491 3830 τοῦ
3546 3778 3807 3851 ὀνόματός

2197 3886 2320 3937 μου,
2370 3866 2871 3919 ἑκατονταπλασίονα
2933 3866 3175 3937 λήψεται,
3250 3872 3336 3919 καὶ
3385 3868 3523 3927 ζωήν
3588 3868 3806 3921 αἰώνιον

2198 3954 2488 4028 κληρονομή
2500 3975 2597 4010 σει.

2272 4048 2372 4097 Καὶ
2414 4043 2597 4118 ἐχθροὶ
2644 4076 2714 4084 --
2763 4044 2942 4096 αὑτοῦ.
2992 4052 3158 4098 Τοῦτο
3206 4050 3525 4119 προφητικὸν
3572 4044 3691 4098 ἐστι
3744 4052 3808 4099 τὸ

2196 4134 2353 4207 ῥητὸν
2393 4132 2575 4204 λεχθὲν
2627 4133 2787 4186 πάλαι
2843 4136 2978 4185 κατά
3033 4143 3130 4185 τῶν
3188 4131 3477 4202 Ἰουδαίων,
3547 4136 3629 4188 ὅτε
3686 4138 3810 4189 κατ’

2198 4222 2426 4281 ἀλλήλων
2467 4221 2800 4294 ἐσχίσθησαν
2835 4242 2848 4255 ο
2881 4224 2906 4273 ὁ
2960 4220 3018 4275 δὲ
3068 4227 3299 4295 Χριστὸς
3351 4224 3601 4298 εὐκαίρως
3647 4233 3813 4277 τοῦτο

2197 4317 2298 4371 τοῖς
2344 4316 2698 4383 προκειμένοις
2746 4316 3106 4385 προσήρμοσε,
3158 4308 3347 4379 δηλῶν,
3400 4314 3478 4364 ὅτι
3530 4316 3718 4374 πάντες
3762 4316 3814 4366 οἱ

2200 4399 2379 4451 οἰκεῖοι
2434 4406 2525 4452 τοῦ
2569 4399 2827 4471 μέλλοντος
2880 4403 3138 4453 πιστεύειν
3198 4400 3382 4474 ἐχθροὶ
3434 4404 3600 4474 τούτῳ
3650 4410 3819 4474 ’γενὴ-

2126 4487 2168 4541 D
2204 4507 2402 4540 σονται.

2269 4576 2327 4629 Ὀ
2382 4576 2535 4649 φιλῶν
2594 4608 2661 4617 -
2722 4577 2878 4640 ἄξιος.
2957 4576 3234 4631 Κάνταῦθα
3300 4583 3417 4653 περὶ
3476 4583 3646 4651 μόνων
3703 4589 3819 4633 τῶν

2204 4664 2442 4718 ἀνιόντων
2499 4671 2587 4718 καὶ
2646 4671 2925 4718 κατιόντων
3004 4665 3078 4738 ἐφ’
3129 4666 3330 4739 ἑκάστῳ
3405 4663 3665 4739 διέλαϐεν,
3736 4672 3820 4731 ὡς

2205 4754 2540 4828 οἰκειοτέρων.
2592 4754 2651 4807 Ὀ
2714 4754 2886 4826 φιλῶν,
2951 4760 3131 4827 φησὶν,
3204 4756 3411 4825 αὐτοὺς,
3469 4758 3616 4831 ὑπὲρ,
3694 4757 3822 4829 ἐμ.

2202 4842 2325 4896 Ὀτε
2377 4847 2466 4915 μὲν
2521 4846 2617 4919 γὰρ
2679 4843 2998 4908 εὐσεϐοῦσιν,
3056 4843 3207 4896 καλὸν
3249 4848 3306 4896 τὸ
3365 4844 3524 4916 φιλεῖν
3572 4846 3768 4909 αὐτούς
3804 4871 3821 4883 ·

2208 4931 2285 4985 ἀεὶ
2326 4928 2384 4985 δι
2410 4935 2588 4998 κακὸν,
2626 4935 2683 4985 τό
2713 4932 2869 5004 φιλεῖν
2902 4932 3089 4995 αὐτοὺς
3119 4934 3244 5007 ὑπὲρ
3266 4936 3350 4987 τὸν
3382 4938 3532 4987 Θεὸν.

518 5180 565 5215 ⁸³
594 5180 733 5235 Luc.
762 5192 855 5243 χιι,
883 5177 970 5233 49.
1008 5174 1049 5210 ³⁷
1085 5172 1257 5230 Mich.
1281 5187 1380 5239 vn,
1414 5175 1471 5229 6.
1513 5173 1559 5208 ³⁸
1582 5169 1783 5229 Matth.
1821 5186 1880 5236 x,
1914 5174 2001 5226 21.
2033 5171 2079 5206 ³ο

2200 5170 2300 5229 tth.
2332 5186 2447 5235 nx,
2475 5175 2567 5229 29.

1674 5348 2246 5419 Variwlectiones
2279 5358 2343 5419 et
2376 5362 2575 5418 notae.

519 5550 630 5625 (34)
665 5551 797 5606 Haec
826 5563 961 5625 quae
989 5546 1221 5607 inclusa
1253 5549 1411 5616 sunt,
1441 5553 1687 5623 uterque
1719 5548 1907 5604 Codex
1944 5547 2128 5605 habet
2157 5546 2219 5604 in
2258 5547 2536 5619 margine.
2559 5547 2739 5606 Paulo
2762 5547 3004 5605 inferius
3042 5547 3300 5609 habebat
3334 5549 3681 5610 Hentenius.
