3990 6206
227 259 315 317 345
1191 265 1564 328 COMMENT.
1605 270 1674 325 IN
1715 271 2164 331 MATTHZEUM.
2202 304 2270 315 —
2303 273 2464 332 CAP.
2506 272 2602 332 XI.

3454 280 3560 338 346

287 392 380 440 Καὶ
406 386 460 448 ὃς
483 418 554 428 —
583 389 747 452 ἄξιος.
781 394 1004 467 Σταυρόν
1031 393 1188 466 λέγει,
1214 396 1302 447 τὸν
1331 397 1460 468 πρὸς
1487 397 1553 447 τά
1579 394 1783 468 βιωτικέ

1982 399 2148 455 Vers.
2182 399 2272 456 38.
2304 400 2382 456 Et
2410 402 2516 471 qui
2549 432 2618 441 —
2659 401 2887 473 dignus.
2927 403 3174 460 Crucem
3203 408 3380 461 vocat
3409 421 3562 462 mor-

227 477 444 542 θάνατον,
499 473 640 529 διότι
673 480 956 551 θανάσιμον
987 478 1048 540 ἦν
1087 486 1302 558 ὄργανον
1341 485 1368 536 ό
1400 488 1638 559 σταυρὸς.
1684 489 1798 557 Χρὴ

215 566 303 638 γὰρ
334 567 423 615 τόν
477 563 776 619 ἀκολουθεῖν
805 569 1050 640 μέλλοντα
1100 579 1171 641 τῷ
1201 579 1435 645 Χριστῷ,
1489 575 1802 646 νεκρωθῆναι

210 655 327 723 πρὸς
358 655 449 713 τὰς
501 658 760 725 κοσμικὰς
789 654 1004 726 ἡδονὰς,
1057 662 1126 721 ὡς
1167 659 1370 721 ἐκεῖνος.
1411 660 1714 715 Ἀκολουθεῖ
1743 659 1802 716 δε

211 739 373 793 ὀπίσω
405 741 591 812 αὐτοῦ,
622 749 724 806 πᾶς
753 746 780 797 ὀ
816 743 1010 819 βαίνων
1058 747 1174 800 κατ’
1232 752 1380 822 ἴχνος
1419 757 1513 811 τῆς
1541 750 1802 814 πολιτείας

213 848 384 883 αυτου.

271 916 326 970 ’0
355 948 427 958 -
459 916 702 973 ἀπολέσει
722 921 905 980 αὐτήν.
927 953 992 965 -
1013 923 1072 977 Ὀ
1101 926 1278 1000 εὑρὼν,
1309 923 1424 979 ἀντὶ
1442 933 1553 998 τοῦ,
1581 925 1639 979 ’0
1675 946 1797 1002 κερ-

213 1000 366 1067 δένας
389 1006 553 1065 αὐτὴν
583 1011 632 1060 έν
661 1019 826 1084 καιρῷ
851 1018 1162 1088 μαρτυρίου,
1189 1018 1279 1066 καὶ
1305 1018 1378 1087 μὴ
1398 1013 1653 1077 ἀπολέσας
1682 1000 1796 1087 (3'5)

210 1091 360 1152 αὐτὴν
391 1090 468 1146 δι’
495 1094 822 1170 ἀναιρέσεως,
855 1099 1003 1164 οὗτος
1033 1100 1271 1156 ἀπολέσει
1291 1103 1471 1174 αὐτὴν,
1511 1102 1560 1156 έν
1578 1111 1649 1174 τῷ
1677 1102 1796 1176 μέλ-

205 1179 335 1234 λοντι
364 1187 538 1250 αίῶνι,
597 1191 888 1256 τουτέστιν,
953 1189 1020 1251 εἰς
1051 1189 1264 1244 κόλασιν
1317 1191 1546 1265 ἐμϐαλεῖ,
1579 1195 1648 1254 ὡς
1674 1212 1797 1269 προ·

207 1265 495 1325 δεδωκυῖαν
517 1278 615 1333 τὴν
652 1281 853 1329 πίστιν.

270 1364 368 1412 Καὶ
398 1362 427 1412 ὀ
457 1392 524 1402 -
556 1364 768 1438 εὑρήσει
796 1365 976 1426 αὐτήν.
1006 1366 1065 1420 '0
1119 1363 1178 1422 δε
1206 1367 1499 1444 ἀφαιρεθεὶς
1528 1370 1689 1430 αὐτὴν
1719 1367 1794 1425 δι’

201 1445 280 1518 ipsi
308 1451 457 1522 παρὰ
482 1457 584 1502 τῶν
614 1450 869 1521 ἀπίστων,
929 1455 1079 1519 οὗτος
1113 1458 1323 1531 εὑρήσει
1379 1459 1568 1530 μᾶλλον
1607 1461 1790 1527 αὐτὴν,

202 1539 372 1606 ἤγουν,
400 1536 666 1612 κερδανεῖ,
699 1548 879 1599 σώσει.
933 1551 1110 1598 Ταῦτα
1157 1542 1215 1598 δὲ
1243 1546 1427 1617 ἔλεγεν,
1461 1546 1673 1620 ἀπάγων
1703 1552 1792 1622 μὲν

202 1625 380 1687 αὐτοὺς
429 1635 528 1691 τῆς
579 1629 814 1700 ἀγεννοῦς
869 1632 1211 1706 φιλοψυχίας·
1251 1638 1561 1709 παραθήγων
1593 1635 1652 1691 δὲ
1685 1638 1794 1691 ἐπι-

1911 491 2027 542 tem
2066 489 2143 544 ad
2174 505 2243 544 ea
2272 505 2403 561 quae
2437 489 2647 546 mundi
2687 497 2824 546 sunt
2868 510 2880 550 :
2923 491 3063 564 quia
3095 493 3302 548 mortis
3346 493 3562 548 instru-

1912 583 2177 632 mentum
2225 583 2349 633 erat
2394 594 2560 634 crux.
2611 581 2851 652 Oportet
2901 581 3059 636 enim
3102 597 3237 637 eum
3270 583 3368 654 qui
3405 582 3561 638 Chri-

1909 669 2062 719 stum
2079 670 2383 721 secuturus
2405 672 2512 732 est,
2529 673 2828 724 mortuum
2851 685 2982 725 esse
2996 672 3071 726 ad
3097 671 3436 728 mundanas
3462 688 3559 726 vo-

1906 752 2186 824 luptates,
2218 754 2374 810 sicut
2400 754 2518 812 ille.
2540 757 2814 829 Sequitur
2842 764 3040 814 autem
3063 759 3251 828 illum,
3283 760 3558 833 quisquis

1907 855 2007 911 per
2034 842 2290 911 vestigia
2315 846 2783 901 conversationis
2814 848 2943 917 ejus
2970 847 3208 903 incedit.

1982 929 2143 985 Vers.
2191 934 2277 986 39.
2316 932 2429 997 Qui
2456 965 2524 972 —
2552 934 2748 1003 perdet
2775 950 2924 991 eam.
2960 937 3070 1000 Qui
3098 937 3406 1002 invenerit,
3440 936 3554 993 hoc

1906 1021 2012 1086 est,
2045 1017 2304 1074 lucratus
2346 1019 2522 1076 fuerit
2567 1027 2830 1094 tempore
2865 1025 3156 1095 martyrii,
3192 1030 3248 1080 et
3279 1040 3400 1080 non
3433 1040 3556 1098 per-

1905 1104 2117 1161 diderit
2169 1122 2274 1179 per
2325 1113 2600 1176 mortem,
2649 1110 2746 1166 hic
2797 1111 3003 1182 perdet
3049 1128 3183 1168 eam
3233 1113 3295 1167 in
3350 1112 3550 1168 futuro

1903 1194 2144 1259 saeculo,
2191 1197 2304 1250 hoc
2359 1201 2468 1262 est,
2527 1198 2588 1254 in
2642 1199 2998 1271 supplicium
3051 1201 3292 1272 injiciet,
3341 1216 3553 1274 nempe

1901 1282 2130 1354 perdita
2156 1283 2300 1340 ﬁde.

1973 1372 2134 1427 Vers.
2159 1373 2246 1427 39.
2275 1374 2355 1430 Et
2374 1375 2477 1444 qui
2496 1405 2559 1415 ——
2585 1375 2843 1433 inveniet
2869 1392 3018 1436 eam.
3041 1378 3142 1433 Cui
3165 1379 3364 1435 ablata
3380 1379 3552 1436 fuerit

1901 1475 2028 1517 mea
2045 1476 2228 1518 causa
2246 1462 2324 1517 ab
2345 1463 2710 1534 inﬁdelibus,
2732 1465 2828 1521 hic
2849 1466 3047 1536 potius
3072 1466 3332 1522 inveniet
3361 1468 3539 1533 illam,

1902 1549 2021 1604 sive
2044 1549 2388 1616 lucrabitur,
2416 1551 2476 1607 id
2504 1557 2615 1621 est,
2639 1553 2917 1609 servabit.
2944 1557 3076 1610 Haec
3089 1560 3290 1611 autem
3314 1556 3552 1612 dicebat

1903 1637 2205 1694 adducens
2231 1639 2359 1694 illos
2384 1641 2461 1696 ab
2495 1641 2715 1711 ignavo
2740 1641 2870 1697 vitae
2899 1659 3123 1708 amore,
3152 1649 3209 1700 et
3233 1645 3309 1700 ad
3337 1651 3552 1717 marty-

196 1719 249 1764 τό
276 1719 587 1791 μαρτύριον.
607 1719 711 1773 Καὶ
733 1718 966 1792 ἀλλαχοῦ
990 1720 1065 1794 [ἐν
1092 1723 1204 1794 (36)
1223 1732 1293 1795 τῷ
1319 1735 1612 1800 τριακοστῷ
1634 1733 1783 1800 τρίτῷ

1903 1727 2056 1783 rium
2077 1743 2445 1799 provocans:
2465 1730 2631 1802 quod
2653 1731 2828 1787 etiam
2853 1731 3155 1788 tricesimo
3169 1733 3333 1790 tertio
3358 1735 3548 1805 capite

199 1803 448 1874 κεφαλαίῳ
476 1805 500 1878 ]
534 1803 570 1858 δ
573 1810 595 1858 ‘s
618 1807 792 1878 πάλιν,
815 1808 991 1884 ἑτέρως
1011 1811 1037 1863 ὁ
1057 1816 1280 1887 Χριστός
1297 1817 1357 1866 τὸ
1377 1819 1540 1888 παρόν
1561 1835 1792 1889 μετεχει-

196 1895 375 1961 ρίσατο
419 1894 536 1964 (37)
567 1899 756 1968 νόημα.
824 1903 924 1951 Καὶ
984 1899 1226 1964 πολλάκις
1274 1901 1354 1956 ἐπὶ
1394 1903 1590 1956 πολλῶν
1648 1907 1791 1958 ε’ίωθε

197 1999 338 2032 τουτο
362 2001 554 2038 ποιειν.

257 2067 312 2120 Ὀ
351 2101 424 2111 -—
471 2074 562 2123 τόν
621 2071 1001 2128 ἀποστείλαντά
1055 2097 1138 2150 με.
1206 2086 1383 2133 Ταῦτα
1447 2079 1603 2150 εἶπεν,
1655 2084 1791 2139 ἀνοί-

195 2177 290 2226 γων
318 2166 428 2219 τοῖς
455 2162 723 2232 μαθηταῖς
775 2166 870 2225 re;
909 2164 1078 2227 οἰκίας
1133 2176 1230 2220 τῶν
1276 2177 1643 2228 πιστευόντων.
1707 2181 1790 2236 Τίς

193 2248 284 2320 γὰρ
340 2247 441 2299 οὐκ
492 2248 557 2300 ἂν
617 2248 892 2313 ἀσπασίως
943 2253 1130 2317 αὐτοὺς
1187 2256 1394 2326 έξενισε,
1445 2261 1635 2332 μελλων
1665 2265 1789 2317 ὑποο

193 2330 443 2396 δέξασθαι
484 2335 566 2390 δι’
597 2338 767 2392 αὐτῶν
788 2345 879 2412 μεν
907 2345 991 2394 τόν
1026 2347 1166 2414 Υἰόν,
1201 2342 1294 2398 διὰ
1317 2355 1408 2400 τοῦ
1435 2351 1558 2402 Υἰοῦ
1589 2348 1668 2419 δε,
1701 2357 1788 2406 τὸν

193 2428 394 2498 Πατέρα
427 2440 442 2489 ς

253 2512 308 2564 Ὀ
337 2512 686 2584 -λήψεται.
746 2523 846 2572 Καὶ
894 2527 1060 2573 ταῦτα
1117 2519 1210 2574 διὰ
1259 2529 1354 2583 τὴν
1415 2526 1578 2585 αὐτὴν
1617 2529 1787 2583 αἰτίαν

197 2603 377 2671 εἴρηκε.
456 2603 764 2667 Καθολικῶς
845 2604 904 2660 δὲ
984 2619 1186 2683 πρῶτον
1266 2612 1598 2686 ἀποφαίνεται
1671 2624 1787 2692 περὶ

199 2686 354 2750 ἁπλῶς
413 2699 708 2766 προφήτου,
767 2701 858 2748 καὶ
906 2704 1023 2771 περὶ
1095 2698 1268 2764 ἀπλῶς
1323 2699 1534 2756 δικαίου
1594 2723 1606 2736 ο
1677 2705 1788 2761 εἶτα

190 2776 412 2853 ἐπιφέρει
458 2786 582 2854 περὶ
632 2791 730 2835 τῶν
787 2787 1051 2856 μαθητῶν.
1088 2793 1240 2860 Λέγει
1285 2787 1364 2858 δε,
1397 2793 1477 2845 ὅτι
1516 2795 1542 2845 ὁ
1577 2794 1785 2858 ξενίζων

184 2874 472 2939 προφήτην,
534 2871 564 2929 ἦ
629 2871 799 2933 ἁπλῶς
849 2871 1076 2946 δίκαιον,
1133 2883 1206 2949 μὴ
1262 2881 1378 2932 κατ’
1424 2880 1696 2956 ἐπίδειξιν,
1749 2891 1780 2945 ἤ

178 2961 290 3007 τίνα
341 2963 542 3030 τρόπον
591 2958 1074 3035 ἐσχηματισμένον,
1132 2965 1238 3018 ἀλλ’
1293 2969 1363 3031 εἰς
1433 2975 1594 3044 ὄνομα
1652 2994 1779 3048 προ-

177 3050 353 3114 percu,
383 3047 414 3104 ἦ
459 3043 699 3117 δικαίου,
742 3055 1005 3116 τουτέστι,
1047 3051 1121 3106 δι’
1152 3056 1279 3108 αὐτό
1309 3062 1366 3110 τό
1411 3058 1778 3132 ὀνομάζεσθαι,

173 3139 258 3184 καὶ
284 3130 418 3186 εἶναι
461 3135 676 3204 αὐτοὺς,
728 3142 815 3190 τόν
869 3143 959 3211 μὲν
1003 3149 1292 3217 προφήτην,
1338 3150 1424 3199 τὸν
1456 3146 1515 3201 δὲ
1551 3147 1778 3215 δίκαιον,

174 3224 363 3292 μισθόν
393 3230 670 3298 προγὸτου
721 3226 964 3298 λήψεται.
1018 3237 1183 3285 Τοῦτο
1235 3231 1294 3287 δε
1323 3232 1514 3297 διπλῆν
1545 3241 1656 3312 ἔχει
1687 3246 1780 3301 τὴν

174 3310 465 3382 ἑρμηνείαν·
517 3312 584 3367 Ἥ
644 3316 721 3367 ὅτι
773 3325 872 3368 τῶν
925 3322 1052 3372 ἴσων
1100 3322 1274 3384 αὐτοῖς
1328 3335 1491 3398 τιμῶν
1526 3330 1780 3393 καταξιω-

175 3401 390 3456 θήσεται
442 3418 455 3430 ·
516 3407 654 3474 μέγα
690 3407 788 3477 γὰρ
837 3412 924 3459 καὶ
978 3411 1007 3466 ἡ
1059 3409 1333 3482 φιλοξενία,
1388 3421 1478 3469 καὶ
1529 3419 1775 3490 μᾶλλονή

171 3495 267 3539 τῶν
302 3491 636 3564 θεραπόντων
691 3502 782 3546 τοῦ
818 3503 972 3551 Θεοῦ.
1041 3498 1106 3552 Ἦ
1153 3501 1232 3552 ὅτι
1287 3506 1478 3574 μισθὸν
1521 3508 1647 3581 ὑπερ
1686 3516 1779 3562 τοῦ

171 3583 437 3648 προφήτου
496 3586 586 3633 καὶ
646 3583 770 3655 ὑπὲρ
835 3593 925 3637 τοῦ
957 3583 1165 3641 δικαίου
1210 3590 1450 3663 λήψεται.
1492 3601 1612 3671 Περὶ
1653 3617 1778 3673 προο

171 3669 330 3735 ςὲτου
372 3663 433 3720 δε
466 3676 560 3721 καὶ
589 3676 707 3745 περὶ
748 3669 958 3727 δικαίου
981 3676 1154 3748 εἰπὼν,
1185 3675 1397 3748 ἔδειξεν,
1448 3684 1527 3736 ὅτι
1560 3663 1628 3737 ὀἱ
1674 3663 1775 3760 μα-

168 3753 342 3819 θηταὶ,
396 3762 490 3808 καὶ
552 3768 834 3832 προφῆται,
899 3769 988 3816 καὶ
1045 3762 1246 3821 δίκαιοι
1303 3772 1530 3831 ἔσονται,
1579 3773 1687 3829 Ἵνα
1718 3773 1775 3829 δὲ

166 3847 232 3911 μὴ
256 3843 594 3918 προϐςῦηταί
642 3867 722 3911 τις
760 3856 955 3924 μενίαν,
998 3856 1095 3929 ὅρα
1123 3860 1284 3930 πέχρι
1309 3864 1475 3913 πόσου
1517 3881 1775 3935 συγκατα-

166 3927 352 3989 ϐαίνει,

238 4025 338 4072 [αἱ
386 4053 460 4063 —-
506 4027 594 4076 τὸν
646 4029 839 4098 μισθὸν
887 4030 1074 4088 αὐτοῦ.
1153 4039 1400 4110 Μικροὺς,
1449 4043 1564 4101 τοὺς
1606 4045 1774 4114 μαθη-

163 4109 253 4169 τάς
282 4106 412 4202 εἶπε,
447 4108 726 4166 διδάσκων
757 4116 943 4180 αὐτοὺς
970 4106 1348 4194 μετριοφρονεῖν
1381 4106 1394 4157 λ
1435 4106 1646 4202 ψυχρόν
1690 4129 1768 4202 δὲ,

164 4201 219 4247 τὸ
274 4194 425 4272 ὕδωρ
491 4207 677 4272 φησίν.
733 4203 792 4258 Ὀ
852 4210 1067 4280 Μάρκος
1120 4213 1220 4287 γάρ
1263 4194 1772 4291 Ποτὴριονωῦδατος

160 4302 360 4343 ειοτκε.

235 4541 340 4588 Καὶ
416 4537 618 4608 έγένετο
681 4570 743 4582 —-
821 4543 1012 4596 αὐτῶν.
1082 4549 1409 4620 Διατοίσσων,
1479 4553 1592 4609 ἀντὶ
1651 4566 1763 4624 τοῦ,

594 4625 958 4702 ἐντελλόμενος.
1015 4635 1215 4696 Μετέϐη
1267 4635 1326 4692 δὲ
1377 4640 1582 4710 έκεῖθεν,
1635 4647 1767 4700 ὥστε

153 4706 447 4766 διδάσκειν
506 4721 597 4769 καὶ
653 4721 938 4793 κηρύσσειν
992 4721 1043 4775 έν
1090 4732 1202 4786 ταῖς
1248 4727 1430 4782 πόλεσι
1473 4739 1570 4783 τῶν
1600 4736 1767 4805 μαθη-

227 4891 278 4924 “
308 4849 608 4962 Mal-ciu,
637 4897 726 4953 41.

1899 1814 2060 1872 facit.
2103 1819 2357 1874 Rursum
2404 1818 2544 1875 alibi
2577 1819 2740 1876 vario
2771 1821 2952 1877 modo
2988 1821 3256 1877 Christus
3286 1827 3546 1878 mentem

1898 1904 2148 1977 impellit
2181 1922 2194 1962 :
2227 1907 2573 1980 saepiusque
2592 1909 2654 1964 id
2679 1910 2738 1964 in
2768 1910 2970 1966 multis
3000 1910 3192 1967 facere
3217 1911 3384 1968 solet.

1971 2084 2131 2138 Vers.
2174 2085 2262 2142 40.
2305 2084 2419 2152 Qui
2454 2115 2522 2126 —
2559 2100 2652 2142 me
2691 2085 2858 2142 misit.
2910 2087 3044 2144 Haec
3081 2088 3226 2144 dixit
3275 2088 3546 2160 aperiens

1898 2171 2204 2244 discipulis
2247 2173 2466 2229 domos
2491 2173 2780 2230 ﬁdelium.
2817 2175 2959 2242 Quis
2996 2177 3154 2232 enim
3187 2177 3320 2233 laeta
3358 2178 3547 2233 fronte

1897 2258 2030 2314 illos
2066 2275 2189 2317 non
2231 2262 2479 2334 excipiet
2509 2262 2795 2336 hospitio,
2836 2280 2942 2337 per
2967 2265 3132 2338 ipsos
3163 2272 3546 2339 suscepturus

1899 2347 2128 2416 Filium,
2163 2352 2218 2405 et
2250 2365 2356 2422 per
2383 2350 2620 2420 Filium,
2655 2352 2887 2409 Patrem
2910 2353 2937 2408 ‘?

1971 2526 2128 2582 Vers.
2178 2529 2266 2583 41.
2327 2528 2439 2596 Qui
2479 2560 2548 2570 —
2597 2531 2856 2599 accipiet.
2905 2531 3094 2589 Etiam
3130 2533 3258 2589 haec
3305 2539 3546 2606 propter

1897 2613 2175 2670 eamdem
2215 2615 2365 2673 dixit
2411 2633 2678 2676 causam.
2719 2620 3074 2677 Generaliter
3111 2626 3310 2677 autem
3347 2623 3544 2693 primo

1895 2700 2235 2773 simpliciter
2277 2705 2354 2761 de
2391 2707 2680 2779 propheta
2725 2709 2918 2773 sentit,
2965 2725 3036 2765 ac
3086 2709 3433 2780 simpliciter
3468 2711 3544 2766 de

1890 2789 2052 2860 justo
2080 2791 2353 2862 intelligit
2384 2794 2489 2866 (zz)
2526 2811 2538 2862 ;
2571 2799 2628 2851 et
2653 2795 2867 2852 deinde
2899 2797 2974 2852 de
3001 2797 3315 2870 discipulis
3345 2798 3538 2856 infert.

1893 2876 2041 2933 Dicit
2080 2879 2240 2935 enim
2277 2897 2294 2939 :
2332 2883 2442 2947 Qui
2483 2884 2838 2956 prophetam
2881 2890 2984 2942 aut
3017 2887 3247 2956 justum
3286 2886 3541 2959 hospitio

1892 2967 2127 3039 excipit,
2147 2984 2267 3024 non
2286 2971 2360 3024 ad
2382 2971 2976 3042 demonstrationem,
2996 2979 3099 3032 aut
3115 2975 3234 3032 alio
3251 2977 3540 3049 quopiam

1817 3089 1858 3146 Ο
1892 3054 2174 3146 simulato
2206 3059 2409 3127 modo,
2443 3061 2546 3115 sed
2573 3061 2652 3117 ob
2677 3078 2897 3119 nomen
2922 3065 3228 3136 prophetas
3258 3066 3348 3120 vel
3372 3066 3537 3137 justi,

1889 3142 1951 3198 id
1994 3149 2099 3214 est,
2143 3151 2387 3217 propter
2427 3149 2542 3204 hoc
2580 3150 2777 3222 ipsum
2827 3153 2993 3224 quod
3049 3156 3440 3210 nominantur
3485 3159 3542 3211 et

1889 3236 2036 3297 sunt,
2079 3232 2172 3289 ille
2219 3235 2523 3306 propheta,
2562 3243 2617 3293 et
2658 3238 2750 3293 hic
2777 3241 2992 3311 justus,
3034 3242 3366 3298 mercedem
3401 3259 3540 3314 pro-

1888 3321 2078 3393 phetae
2107 3328 2164 3378 et
2188 3323 2331 3394 justi
2373 3325 2640 3398 accipiet.
2688 3327 2748 3382 Id
2783 3332 2982 3383 autem
3017 3329 3319 3400 duplicem
3357 3330 3539 3387 habet

1889 3408 2455 3482 interpretationem.
2481 3415 2578 3470 Vel
2606 3415 2770 3487 quod
2793 3417 3122 3489 aequalibus
3151 3433 3290 3473 cum
3311 3419 3404 3474 his
3429 3420 3538 3475 ho-

1887 3498 2128 3554 noribus
2157 3499 2376 3571 dignus
2402 3500 2740 3560 habebitur.
2765 3508 2914 3561 Nam
2945 3520 3168 3575 magna
3193 3521 3287 3562 res
3317 3512 3408 3563 est
3434 3509 3539 3564 ho-

1885 3585 2180 3657 spitalitas
2235 3607 2249 3644 :
2291 3595 2349 3646 et
2377 3592 2674 3664 praecipue
2723 3594 2772 3649 si
2813 3594 2914 3650 Dei
2949 3595 3067 3650 sint
3103 3595 3380 3662 cultores,
3432 3597 3537 3668 qui

1886 3675 2279 3747 excipiuntur.
2334 3678 2446 3734 Aut
2493 3681 2658 3753 quod
2711 3682 2963 3739 dicendo
3015 3684 3351 3740 mercedem
3400 3702 3532 3757 pro-

1882 3763 2079 3836 pheta
2103 3773 2160 3820 et
2181 3765 2345 3837 justi,
2374 3770 2697 3824 ostenderit
2723 3771 3046 3843 discipulos
3065 3777 3123 3828 et
3146 3773 3462 3846 praphetas
3479 3778 3536 3832 et

1879 3852 2072 3922 justos
2087 3853 2429 3912 futuros.Ne
2442 3857 2578 3929 quis
2590 3875 2728 3914 vero
2743 3862 3108 3933 paupertatis
3129 3863 3533 3920 velamentum

1883 3939 2186 4008 obtendat,
2223 3944 2354 4000 vide
2373 3961 2690 4020 quousque
2716 3964 3054 4006 sermonem
3085 3951 3374 4008 demittat.

1954 4031 2120 4087 Vers.
2162 4034 2250 4087 42.
2285 4034 2359 4088 Et
2397 4065 2464 4076 --
2502 4037 2813 4093 mercedem
2849 4055 3035 4095 suam.
3082 4041 3338 4096 Pusillos
3383 4041 3533 4098 dixit

1880 4117 2226 4191 discipulos,
2258 4122 2476 4178 docens
2497 4139 2600 4180 eos
2628 4126 2985 4183 modestiam
3023 4144 3281 4185 servare.
3317 4134 3531 4204 Ψυχρὸν

1879 4209 2280 4264 communiter
2319 4210 2524 4268 dicunt
2566 4230 2785 4286 equam
2834 4215 3137 4288 frigidam,
3175 4233 3528 4290 quanquam

1879 4293 2220 4368 simpliciter
2242 4313 2468 4370 aquam
2494 4301 2826 4371 signiﬁcare
2866 4309 3080 4375 potest.
3114 4307 3272 4360 Unde
3301 4309 3360 4359 et
3383 4307 3531 4362 Mar-

1877 4398 1984 4440 cus
2021 4386 2069 4421 ιο
2100 4392 2355 4462 Ποτὴριον
2382 4385 2596 4456 ὕδατος,
2628 4391 2688 4446 id
2719 4396 2820 4455 est,
2864 4393 3144 4448 Poculum
3173 4408 3333 4464 aqua
3357 4393 3530 4452 abso-

1875 4471 1994 4528 lute
2025 4471 2191 4530 dixit.

1946 4559 2098 4616 CAP-
2133 4566 2217 4628 XI,
2251 4579 2404 4620 vers.
2449 4566 2498 4620 1.
2532 4567 2613 4622 Et
2649 4567 2878 4637 factum
2915 4573 3017 4624 est.
3049 4599 3116 4608 —
3141 4568 3408 4625 illorum.
3441 4568 3527 4639 H-

1877 4652 2202 4720 Διατάσσων,
2231 4668 2340 4725 pro
2367 4655 2740 4725 praecipiens,
2774 4656 3002 4726 jubens.
3051 4657 3406 4727 Progressus
3438 4663 3528 4712 est

1875 4737 2015 4794 inde
2055 4740 2132 4797 ad
2162 4740 2495 4798 docendum
2533 4748 2590 4800 et
2623 4745 3079 4816 prmdicandum
3104 4747 3162 4802 in
3190 4746 3527 4804 civitatibus

1410 5030 1634 5102 Varia
1665 5033 1990 5108 lectiones
2017 5051 2083 5110 et
2123 5053 2323 5112 notae.

363 5215 1055 5375 @ngmatsénsﬁ.
1075 5291 1296 5375 βοιυω
1317 5291 1612 5375 ὲοορνροει
1631 5301 1765 5375 μάρ-

143 5353 354 5426 τύρισν,
413 5352 732 5412 Hentenius
786 5352 1022 5416 videtur
1072 5361 1288 5434 legisse
1319 5352 1548 5421 ὃκαὶ”ίν
1698 5352 1764 5413 f—

1876 5251 1940 5285 πο
1948 5240 2029 5288 ιεῖ.

1902 5305 2334 5432 ginem
2359 5308 2683 5379 impellere,
2717 5310 2980 5370 alienum
3003 5315 3104 5371 est.
3122 5313 3249 5372 Imo
3263 5317 3524 5371 tractare

1873 5391 2236 5432 sententiam.

228 5526 341 5636 gf)
381 5530 567 5588 Sentit
596 5564 660 5574 —
693 5532 1003 5608 intelligit.
1055 5544 1120 5596 In
1167 5541 1371 5602 Graeco
1415 5549 1503 5603 est
1546 5548 1744 5607 solum
1792 5551 2149 5625 ἀποφαίνεται,
2193 5555 2355 5628 quod
2387 5557 2552 5616 reddi
2602 5563 2813 5632 potest,
2855 5562 3138 5636 loquitur,
3169 5559 3518 5618 sententiam

153 5597 324 5654 dicit.
