3990 6206
455 267 557 323 347

1780 267 2123 326 EUTHYMII
2167 267 2488 324 ZIGABENI

3697 272 3807 326 348

455 390 903 463 discipulorum,
934 408 969 448 a
993 393 1213 464 quibus
1241 394 1322 450 illi
1346 394 1459 451 orti
1487 398 1650 451 erant
1682 410 1693 448 :
1727 395 1848 451 sive
1878 394 1939 450 in
1968 394 2099 450 civi-

2224 402 2328 458 τῶν,
2392 393 2447 455 ἐξ
2494 394 2561 445 ὧν
2627 395 2883 467 ὥρμηντο.
2956 392 3045 465 [Ἦ
3091 393 3205 465 (38)
3270 395 3458 466 αὐτῶν,
3511 400 3651 460 ἦτοι,
3710 405 3815 449 τῶν

456 480 678 537 tatibus
703 481 1036 537 Judaorum

634 570 791 624 CAP.
834 573 935 627 XX.
969 572 1052 628 De
1079 573 1387 643 discipulis
1417 591 1450 628 α
1474 575 1706 631 Joanne
1735 574 1946 630 missis.

525 750 684 803 Vers.
722 753 771 803 2.
806 752 951 805 Cum
980 757 1169 806 autem
1198 751 1455 808 Joannes
1485 752 1744 808 audisset
1788 782 1855 792 ——
1901 765 2104 821 exspe-

462 845 688 893 ctamus
717 840 743 894 ?
774 841 957 895 Lucas
980 856 1117 895 vero
1144 840 1284 894 dicit
1310 842 1378 904 ‘°,
1408 841 1571 912 quod
1594 841 1711 911 ipsi
1733 842 2109 896 renuntiave-

452 932 590 982 runt
624 930 795 998 signa
830 929 1066 991 Joanni,
1101 934 1155 983 et
1207 933 1339 983 tunc
1372 928 1522 983 duos
1565 930 1858 999 quosdam
1891 945 1958 984 ex
1994 929 2107 983 illis

452 1015 633 1081 misit,
655 1017 1272 1087 quodasmulationem
1299 1017 1424 1071 sive
1444 1016 1729 1072 invidiam
1749 1018 2103 1084 manifestat,

451 1119 636 1174 quam
656 1104 951 1159 habebant
972 1104 1064 1159 isti
1089 1105 1378 1159 adversus
1404 1104 1721 1161 Christum.
1746 1104 2105 1160 Misitautem

452 1191 581 1245 illos
630 1192 891 1248 Joannes
945 1194 1341 1261 interrogans,
1405 1209 1483 1248 an
1524 1194 1651 1264 ipse
1702 1201 1878 1258 esset,
1924 1209 2107 1265 quem

452 1285 773 1336 venturum
818 1298 947 1336 esse
988 1282 1268 1337 dicebant
1311 1283 1442 1337 libri
1482 1283 1936 1353 prophetarum,
1982 1298 2106 1337 non

455 1373 741 1439 tanquam
770 1370 1052 1440 ignorans
1083 1388 1099 1424 :
1129 1387 1246 1441 quo
1276 1372 1434 1425 enim
1457 1376 1632 1442 pacto
1657 1370 1974 1435 dubitaret,
2004 1371 2109 1442 qui

458 1463 631 1511 antea
646 1474 780 1513 cum
802 1460 1249 1530 praedicaverat,
1275 1466 1330 1515 et
1346 1460 1600 1532 propriis
1626 1460 1905 1515 manibus
1923 1460 2109 1530 bapti'

455 1552 707 1608 zaverat,
740 1563 810 1602 ac
839 1548 1098 1619 desuper
1136 1549 1535 1603 testimonium
1565 1549 1639 1603 de
1670 1564 1740 1603 eo
1771 1549 2101 1611 audiverat,

454 1634 849 1707 divinumque
892 1637 1168 1707 Spiritum
1223 1653 1403 1708 super
1455 1653 1592 1692 eum
1641 1636 2105 1692 descendentem

2214 479 2509 555 Ἰουδαίων]
2523 525 2533 536 .

2218 578 2360 625 ΚΕΦ.
2433 570 2503 624 κ’.
2587 576 2711 643 Περὶ
2784 580 2880 623 τῶν
2970 570 3357 625 ἀποσταλέντων
3422 575 3565 645 παρά
3641 574 3818 627 Ἰωάν-

2960 662 3068 714 νόυ.

2284 748 2534 809 Ἀκούσας
2583 746 2642 801 δὲ
2702 752 2938 811 Ἰωάννης
3000 780 3067 790 -
3119 746 3493 824 προσδοκῶμεν
3558 768 3570 817 ;
3628 752 3686 802 Ὀ
3753 748 3817 805 δὲ

2217 840 2424 899 Λουκᾱίς
2457 858 2634 909 φησιν,
2684 840 2761 890 ὅτι
2816 839 2963 891 αὐτοὶ
3031 838 3343 911 ἀπήγγειλαν
3383 842 3449 891 τά
3505 848 3696 911 σημεῖα
3740 850 3815 911 τῶ

2219 929 2445 999 Ἰωάννη,
2480 933 2566 979 καὶ
2621 932 2737 979 τότε
2767 927 2960 999 ἔπεμψε
3011 925 3106 979 δύο
3169 931 3310 988 τινὰς
3349 927 3401 990 ἑξ
3456 928 3641 996 αὐτῶν,
3686 931 3815 1001 ὅπερ

2216 1017 2445 1089 ἐμφαίνει
2498 1021 2591 1073 τὴν
2646 1016 2983 1081 ζηλοτυπίαν,
3037 1016 3095 1074 ἢν
3163 1015 3305 1087 εἶχον
3361 1016 3503 1068 οὗτοι
3568 1022 3693 1089 πρὸς
3725 1022 3819 1070 τὸν

2218 1111 2467 1180 Χριστόν.
2548 1103 2778 1177 Ἐπεμψε
2838 1102 2895 1157 δε
2948 1106 3137 1167 αὐτοὺς
3196 1107 3221 1156 ό
3278 1105 3528 1169 Ἰωάννης,
3588 1105 3818 1181 ἐρωτῶν,

2218 1194 2259 1246 εὶ
2312 1193 2467 1255 αὐτός
2525 1193 2681 1259 ἐστιν,
2744 1196 2795 1246 ὄν
2856 1196 3109 1265 ἔρχεσθαί
3163 1213 3318 1265 φασιν
3375 1196 3429 1246 αἱ
3486 1193 3659 1266 βίϐλοι
3713 1204 3821 1247 τῶν

2216 1291 2511 1356 προφητῶν,
2570 1283 2672 1353 οὐχ
2738 1284 2803 1344 ὡς
2863 1282 3076 1352 ἀγνοῶν
3132 1290 3237 1342 πῶς
3288 1284 3495 1356 γάρ;ὀ
3550 1287 3824 1356 προκηρύο

2218 1371 2309 1433 ξας
2340 1372 2489 1423 αὐτόν
2517 1376 2603 1423 καὶ
2653 1376 2841 1445 χερσὶν
2893 1368 3058 1432 ἰδίαις
3106 1371 3391 1442 βαπτίσας,
3424 1377 3510 1423 καὶ
3563 1379 3652 1431 τῆς
3682 1374 3824 1423 οἰνω-

2221 1462 2298 1512 θεν
2355 1465 2471 1532 περὶ
2524 1461 2681 1512 αὐτοῦ
2752 1465 3043 1533 μαρτυρίας
3096 1462 3347 1525 ἀκούσας,
3416 1465 3504 1512 καὶ
3560 1464 3619 1512 τὸ
3679 1463 3822 1514 θεῖον

2217 1556 2424 1621 Πνεῦμα
2486 1552 2749 1601 κατᾶπτάν
2803 1548 2881 1600 ἐπ’
2931 1549 3104 1613 αὑτὸν,
3169 1551 3293 1601 ῶσεὶ
3344 1552 3671 1623 περιστερὰν,
3702 1553 3826 1603 θεα-

2218 1641 2453 1709 σάμενος⁹
2521 1636 2627 1689 ἀλλ’
2676 1635 2830 1698 εἰδὼς
2891 1642 3011 1698 τοὺς
3060 1637 3242 1690 ἑαυτοῦ
3298 1640 3538 1709 μαθητὰς
3591 1637 3822 1698 ζηλοτύ-

454 1724 631 1794 quasi
644 1724 985 1782 columbam
1004 1725 1420 1799 conspexerat?
1434 1728 1548 1781 Sed
1570 1726 1765 1781 sciens
1779 1725 2099 1797 discipulos

2224 1747 2323 1788 πως
2370 1730 2499 1800 πρὸς
2557 1729 2641 1777 τὸν
2687 1730 2915 1799 Χριστὸν
2966 1729 3200 1797 ἔχοντας.
3238 1730 3334 1779 Καὶ
3370 1729 3471 1798 γὰρ
3501 1732 3591 1778 καὶ
3620 1732 3814 1799 πρότε-

456 1828 596 1867 suos
621 1814 841 1869 invidia
874 1815 1096 1870 moveri
1123 1816 1407 1871 adversus
1434 1815 1728 1870 Christum
1763 1831 1776 1879 ;
1811 1815 2107 1885 siquidem

456 1902 619 1971 prius
658 1918 900 1973 quoque
940 1910 1338 1969 accesserant,
1382 1904 1646 1959 dicentes
1690 1922 1703 1959 :
1744 1903 1948 1968 Rabbi,
2010 1905 2109 1972 qui

457 1996 579 2043 erat
621 1996 806 2046 tecum
848 1998 1013 2047 trans
1069 1992 1382 2057 Iordanem,
1436 1994 1528 2047 cui
1586 1999 1651 2047 tu
1709 1994 2106 2047 testimonium

454 2078 830 2144 perhibuisti,
874 2095 990 2136 ecce
1024 2082 1071 2135 is
1116 2081 1392 2150 baptizat,
1434 2086 1485 2135 et
1524 2096 1718 2136 omnes
1759 2080 1997 2137 veniunt
2033 2080 2109 2135 ad

459 2181 587 2221 eum
616 2169 681 2221 “.

528 2256 913 2312 Vehementer
943 2258 1101 2313 enim
1136 2262 1560 2331 praeceptorem
1597 2274 1777 2313 suum
1811 2262 2104 2327 amantes,

460 2347 513 2398 et
528 2344 746 2415 pariter
760 2345 948 2413 gloria
966 2346 1120 2401 illius
1141 2346 1253 2401 frui
1280 2349 1604 2418 cupientes,
1620 2346 2103 2415 indignabantur,

457 2433 727 2489 videntes
780 2436 1079 2491 Christum
1136 2435 1423 2492 celebrem
1477 2436 1628 2491 ﬁeri.
1688 2436 1899 2491 Verum
1959 2436 2107 2507 quia

457 2521 677 2593 saepius
724 2539 825 2578 eos
884 2524 1282 2592 admonendo,
1336 2523 1692 2595 persuadere
1736 2523 2100 2594 nequiverat,

454 2625 613 2665 nunc
639 2616 836 2667 autem
859 2612 1026 2668 brevi
1052 2614 1374 2668 moriturus
1402 2618 1528 2667 erat
1556 2628 1569 2666 :
1592 2612 1833 2666 delectis
1862 2610 2102 2665 duobus

452 2698 554 2770 qui
596 2700 1013 2770 prudentiores
1054 2706 1273 2768 essent,
1306 2702 1417 2756 hos
1459 2700 1636 2755 mittit
1662 2700 1739 2753 ad
1781 2699 2097 2763 Christum,

451 2792 737 2858 praetextu
776 2790 1022 2861 quidem
1062 2788 1489 2857 interrogandi,
1533 2803 1609 2842 an
1651 2788 1781 2858 ipse
1815 2792 1965 2842 esset
2003 2786 2099 2842 ille

450 2877 553 2947 qui
585 2884 871 2933 venturus
900 2886 1059 2944 erat;
1097 2896 1234 2933 vera
1267 2885 1465 2933 tamen
1488 2892 1674 2931 causa
1692 2884 1837 2941 erat,
1872 2882 1935 2931 ut
1964 2892 2100 2931 con-

451 2966 666 3035 spectis
698 2967 997 3021 miraculis
1039 2984 1174 3038 quae
1209 2966 1463 3022 faciebat
1498 2964 1825 3020 crederent.
1872 2964 2104 3021 Sciebat

452 3068 713 3125 namque
747 3056 1148 3110 testimonium
1177 3056 1254 3110 ab
1288 3056 1563 3127 operibus
1591 3053 1935 3110 credibilius
1977 3070 2104 3109 esse

450 3142 763 3214 magisque
804 3144 1141 3216 suspicione
1172 3160 1392 3200 carere.
1445 3144 1583 3199 Ideo
1616 3143 1791 3199 etiam
1836 3143 2102 3199 Christus

448 3233 685 3301 cognito
716 3234 880 3305 quod
917 3234 995 3289 ob
1040 3233 1095 3288 id
1134 3235 1327 3305 potius
1374 3233 1635 3289 Joannes
1674 3249 1775 3288 eos
1822 3233 2100 3297 misisset,

450 3323 648 3377 statim
683 3322 742 3377 in
786 3323 886 3379 illa
921 3323 1067 3379 hora
1116 3324 1303 3379 multa
1349 3327 1625 3395 operatus
1668 3327 1756 3377 est
1794 3322 2099 3385 miracula,

450 3412 602 3466 sicut
639 3412 780 3468 dicit
832 3415 1014 3468 Lucas
1058 3415 1117 3467 ιι.
1175 3417 1312 3469 Nam
1376 3412 1425 3466 si
1482 3414 1737 3467 Joannes
1792 3411 2103 3466 manifeste

448 3499 706 3556 misisset
747 3516 850 3555 eos
888 3517 1009 3571 quo
1042 3506 1405 3572 spectatores
1440 3500 1668 3561 ﬁerent,
1716 3514 2103 3569 nequaquam

447 3587 793 3657 persuaderi
846 3588 1177 3658 potuissent
1224 3595 1283 3643 ut
1326 3588 1469 3642 illuc
1515 3586 1768 3641 abirent.
1818 3586 1905 3641 Ob
1946 3586 2104 3641 hanc

449 3689 591 3741 ergo
622 3691 866 3730 causam
895 3680 1244 3747 praetextum
1264 3676 1433 3730 ﬁnxit
1453 3675 1954 3743 interrogationis.

527 3762 594 3818 V.
635 3765 687 3817 4.
716 3765 791 3819 Et
832 3764 1209 3831 respondens.
1243 3793 1304 3801 —
1345 3766 1410 3817 V.
1449 3764 1481 3816 5
1524 3762 1748 3817 Laetum
1798 3763 2105 3830 Evangelii

451 3852 723 3907 nuntium
751 3851 1069 3919 accipiunt.
1104 3852 1241 3906 Vide
1268 3851 1577 3924 quomodo
1596 3866 1717 3906 non
1737 3851 1814 3907 ad
1845 3850 2103 3908 efﬁctam

449 3955 655 3995 eorum
680 3941 1204 4011 interrogationem
1232 3940 1621 4012 responderit,
1656 3940 1761 3995 sed
1791 3941 1869 3997 ad
1901 3957 2102 3997 veram

451 4044 719 4093 causam,
776 4036 1014 4100 propter
1078 4045 1265 4101 quam
1326 4028 1493 4083 missi
1560 4033 1746 4083 erant.
1806 4030 2104 4101 Pauperes

450 4122 669 4184 autem,
711 4119 815 4189 qui
856 4118 1058 4173 laatum
1105 4117 1409 4187 Evangelii
1456 4118 1734 4173 nuntium
1783 4120 2099 4191 accipiunt,

449 4206 597 4262 dixit
617 4207 941 4279 apostolos.
970 4208 1124 4273 Quid
1147 4208 1306 4263 enim
1334 4222 1403 4263 eo
1428 4207 1761 4278 pauperius,
1782 4208 1883 4279 qui
1915 4214 2103 4263 artem

449 4302 679 4352 exercet
710 4296 1089 4369 piscatoriam
1116 4296 1144 4350 ?

521 4388 676 4441 Vers.
738 4387 795 4441 6.
856 4388 930 4441 Et
991 4387 1188 4442 beatus
1224 4386 1378 4439 —in
1431 4400 1540 4440 me.
1606 4386 1723 4440 Hoc
1779 4386 2102 4457 praesertim

447 4481 690 4547 propter
728 4477 892 4548 ipsos
930 4475 1078 4531 dixit
1116 4474 1365 4530 Joannis
1420 4474 1765 4545 discipulos,
1821 4476 2101 4545 detegens

449 4564 561 4618 illis
589 4565 783 4621 cordis
809 4582 1014 4620 eorum
1048 4580 1338 4620 arcanum
1388 4581 1400 4617 :
1445 4563 1820 4635 ostenditque
1853 4565 2011 4635 quod
2042 4581 2102 4621 se

452 4666 570 4705 non
594 4653 974 4724 lateretipsos
1014 4670 1252 4725 quoque
1288 4652 1530 4717 offendi,
1563 4654 1706 4723 quia
1740 4669 1875 4707 cum
1910 4654 2104 4724 publi-

451 4740 612 4793 canis
636 4746 689 4794 et
716 4743 1125 4811 peccatoribus
1148 4742 1549 4797 manducabat
1576 4743 1620 4775 ⁴δ
1656 4757 1667 4795 :
1699 4746 1756 4796 et
1790 4742 2103 4798 manifeste

451 4827 617 4899 prius
650 4829 1137 4898 gastrimargiam
1159 4832 1264 4899 ipsi
1298 4831 1640 4901 objecerant
1664 4830 1951 4885 adversus
1978 4832 2105 4887 dis-

449 4916 675 4988 cipulos
696 4917 844 4987 ejus,
878 4923 941 4974 ut
972 4918 1192 4974 dictum
1219 4923 1306 4975 est
1335 4918 1567 4974 decimo
1594 4924 1808 4989 quarto
1839 4921 2048 4993 capite.

522 5193 570 5228 ⁴⁰
604 5195 819 5262 Luc.v1,
872 5195 957 5249 18.
1039 5195 1081 5230 ⁴¹
1161 5196 1327 5251 Joan.
1361 5210 1441 5262 ιιι,
1474 5196 1564 5251 26.
1632 5194 1770 5250 Luc.
1799 5210 1896 5265 vn,
1929 5197 2015 5252 t2.

2215 1835 2301 1888 ρον
2359 1816 2726 1889 προσελθόντες
2769 1812 2907 1867 εἶπον
2951 1816 3091 1885 αὐτῷ
3148 1817 3248 1881 ὅτι,
3307 1814 3402 1876 ’ος
3442 1811 3501 1873 ἦν
3552 1818 3685 1886 μετά
3715 1822 3821 1865 σοῦ

2214 1907 2371 1975 πέραν
2450 1911 2540 1954 τοῦ
2603 1900 2891 1977 Ἰορδάνου,
3101 1907 3163 1955 σὺ
3248 1904 3667 1978 μεμαρτύρηκας,
3732 1898 3827 1954 ἴδε

2216 1992 2362 2053 οὗτος
2416 1991 2683 2065 βαπτίζει,
2754 1996 2843 2044 καὶ
2907 1994 3091 2052 πάντες
3176 1994 3426 2063 ἔρχονται
3519 1994 3645 2066 πρὸς
3726 1990 3829 2042 αύ-

2214 2100 2300 2133 τον
2309 2124 2320 2135 .

2284 2256 2695 2330 ’Υπερφιλοῦντες
2765 2259 2865 2330 γὰρ
2942 2259 3027 2309 τὸν
3105 2252 3242 2308 ’ἰδιον
3313 2253 3659 2322 διδάσκαλον,
3724 2261 3829 2308 καὶ

2214 2344 2595 2417 παραπολαύειν
2648 2353 2742 2405 τῆς
2795 2345 2953 2397 αὐτοῦ
3013 2342 3172 2407 δόξης
3228 2344 3496 2410 ἐθέλοντες,
3534 2341 3829 2397 ἐδάκνοντό

2217 2432 2481 2505 βλέποντες
2538 2433 2691 2485 αὐτὸν
2750 2435 2858 2504 (39)
2896 2430 3293 2505 εὐδοκιμοῦντα.
3348 2434 3486 2486 Ἐπεὶ
3523 2430 3583 2485 δέ
3622 2432 3830 2485 πολλά-

2214 2542 2296 2583 κις
2329 2526 2664 2597 παραινέσας,
2720 2522 2814 2574 οὐκ
2871 2525 3070 2574 ἔπεισεν
3126 2522 3336 2585 αὐτοὺς,
3383 2521 3560 2573 λοιπὸν
3617 2520 3831 2591 μέλλων

2558 2607 2663 2662 δύα
2746 2614 2862 2671 τοὺς
2964 2613 3341 2679 συνετωτέρούς
3432 2609 3830 2679 ἐπίλεξάμενος,

2212 2704 2400 2771 πέμπει
2455 2702 2665 2759 τούτους
2720 2702 2847 2771 πρὸς
2904 2702 2989 2750 τὸν
3076 2703 3325 2773 Χριστὸν,
3409 2700 3666 2770 προφάσει

2213 2786 2578 2859 ἐρωτήσοντας,
2598 2788 2640 2840 εἰ
2665 2788 2815 2848 αὐτὸς
2837 2787 2974 2840 ἐστιν
3008 2789 3033 2839 ὁ
3064 2787 3360 2859 ἐρχόμενος,
3390 2787 3445 2844 τῆ
3481 2783 3540 2837 δε
3569 2785 3829 2853 ἀληθεία,

3709 2881 3828 2927 Καὶ

2212 2967 2312 3037 γὰρ
2344 2969 2436 3022 τὴν
2466 2963 2565 3017 ἀπὸ
2596 2974 2694 3016 τῶν
2719 2967 3036 3036 πραγμάτων
3067 2969 3356 3037 μαρτυρίαν
3382 2967 3689 3035 πιστοτέραν
3718 2968 3828 3014 καὶ

2214 2611 2467 2681 τελευτᾷν,
2558 2611 2663 2662 δύα
2746 2614 2862 2671 τοὺς
2964 2613 3341 2683 συνετωτέρούς

2215 2877 2296 2927 ἱνα
2329 2877 2633 2947 θεασάμενοι
2666 2880 2732 2928 τὰ
2780 2878 3039 2947 θαύματα,
3094 2877 3127 2927 οἷ
3165 2883 3320 2940 ποιεῖ,
3354 2874 3635 2927 πεισθῶσί.

2216 3051 2627 3125 ἀνυποπτοτέραν
2660 3052 2922 3125 ἐγίνωσκε.
2966 3056 3052 3105 Διό
3082 3058 3170 3105 καὶ
3210 3054 3502 3125 ὀΧριστὸς,
3531 3048 3689 3111 εἰδὼς
3732 3053 3831 3103 ὅτι

2217 3139 2309 3194 διά
2336 3149 2487 3194 τοῦτο
2513 3142 2699 3213 μᾶλλον
2727 3143 2914 3204 αὐτοὺς
2943 3141 3162 3214 ἔπεμψεν
3190 3143 3215 3193 ὁ
3248 3142 3505 3202 Ἰωάννης,
3544 3140 3737 3199 εὐθέως
3774 3139 3830 3191 ἐν

2214 3230 2343 3304 αὐτῇ
2389 3240 2450 3303 τῇ
2503 3234 2611 3304 ὥρᾳ
2648 3231 3107 3302 ἐθαυματούργησε
3146 3229 3329 3296 πολλὰ,
3380 3230 3550 3289 καθώς
3581 3247 3748 3298 φησιν
3799 3232 3829 3280 ὁ

2216 3325 2441 3381 Λουκᾶς.
2476 3321 2535 3371 Εἰ
2564 3322 2665 3392 γὰρ
2717 3329 2943 3392 φανερῶς
2982 3320 3169 3380 αὐτοὺς
3222 3317 3413 3389 ἔπεμψε
3466 3319 3675 3381 θεατὰς,
3720 3317 3832 3369 οὐκ

2215 3411 2274 3461 ἄν
2333 3408 2580 3469 ἀπῆλθον.
2660 3412 2754 3463 Διά
2827 3417 2979 3461 τουτο
3057 3405 3143 3460 οὖν
3214 3407 3471 3460 ἐπλάσατο
3546 3412 3831 3479 πρόφασιν

2216 3497 2375 3572 ἐρωτή
2388 3517 2529 3558 σεως.

2290 3765 2388 3817 Καὶ
2438 3764 2732 3835 ἀποκριθεὶς
2788 3797 2852 3806 —
2909 3764 3348 3835 εὐαγγελίζονται.
3408 3762 3560 3836 Ὀρα,
3600 3770 3720 3824 πῶς
3766 3765 3833 3815 οὐ

2213 3858 2339 3928 πρὸς
2386 3858 2479 3912 τὴν
2510 3854 2897 3926 πεπλανημένην
2947 3853 3115 3905 αὐτῶν
3170 3852 3422 3925 ἐρώτησιν
3479 3850 3834 3922 ἀπεκρίνατο,

2213 3943 2341 3995 ἀλλά
2354 3947 2481 4018 πρὸς
2494 3948 2584 4000 τὴν
2603 3941 2766 4001 ἀληθῆ
2791 3943 2979 4013 αἰτίαν,
3012 3939 3082 3993 δι’
3098 3942 3158 3999 ἣν
3178 3940 3405 4013 ἐπέμφθη
3418 3959 3533 3995 σαν,
3551 3944 3839 4010 Πτωχοὺς

2216 4029 2274 4085 δὲ
2306 4032 2810 4103 εύαγγελιζομένους,
2840 4035 2957 4092 τοὺς
2986 4029 3309 4091 ἀποστόλους
3340 4033 3595 4101 ὠνόμασε.
3632 4034 3699 4081 Τί
3717 4032 3835 4101 γὰρ

2214 4126 2507 4194 πενέστερον
2542 4120 2833 4182 ἁλιευτικῆς
2865 4139 2880 4191 ;

2287 4393 2385 4441 Καὶ
2449 4389 2700 4461 μακάριος
2762 4418 2827 4428 —
2882 4386 2928 4437 ἐν
2987 4386 3123 4457 ἐμοί.
3191 4392 3353 4438 Τοῦτο
3410 4390 3841 4458 προηγουμένως

2214 4474 2284 4529 δι’
2328 4478 2511 4536 αὐτοὺς
2566 4474 2671 4528 εἷπε
2719 4479 2840 4536 τοὺς
2872 4477 3110 4545 μαθητὰς
3151 4473 3409 4539 Ἰωάννου,
3440 4472 3844 4526 ἀνακαλύπτων

2213 4566 2389 4626 αὐτοῖς
2441 4570 2499 4617 τὸ
2558 4573 2652 4625 τῆς
2706 4562 2931 4637 καρδίας
2983 4563 3150 4614 αὐτῶν
3198 4568 3509 4633 μυστήριον,
3568 4568 3665 4613 καὶ
3713 4560 3842 4615 6n-

2211 4658 2392 4720 κνύων,
2475 4656 2553 4706 ὅτι
2634 4654 2691 4705 ού
2776 4653 3049 4711 λελήθασιν
3116 4652 3292 4718 αὐτὸν,
3346 4647 3849 4722 σκανδαλιζόμενοι

2212 4750 2300 4795 καὶ
2367 4743 2531 4811 αύτοί,
2600 4739 2739 4794 διότι
2814 4744 2943 4813 μετά
3023 4739 3247 4792 τελωνῶν
3335 4745 3423 4791 καὶ
3497 4740 3848 4811 ἁμαρτωλῶν

2214 4832 2394 4885 ἐσθίει.
2467 4837 2565 4884 Καὶ
2620 4834 2717 4903 γὰρ
2785 4836 2873 4882 καὶ
2923 4837 3147 4901 φανερῶς
3200 4833 3445 4903 πρότερον
3514 4827 3848 4883 ἐνεκάλεσαν

2216 4920 2355 4990 αὐτῷ
2405 4920 2517 4991 (40)
2557 4923 2976 4994 γαστριμαργίαν
3012 4921 3146 4970 κατά
3200 4926 3299 4969 τῶν
3351 4919 3601 4988 μαθητῶν
3635 4918 3851 4987 urire-5,

2216 5014 2284 5072 ὡς
2351 5008 2398 5061 ἐν
2472 5017 2544 5080 τῷ
2626 5005 3184 5084 τεσσαρεσκαιδεκάτῳ
3256 5007 3513 5079 κεφαλαίῳ
3576 5012 3855 5081 προείρη-

2218 5118 2305 5152 ται
2319 5139 2331 5153 ο

2093 5197 2141 5233 ⁴²
2168 5196 2365 5254 Matth.
2398 5211 2476 5261 1x,
2513 5194 2597 5250 14.

1659 5320 1881 5389 Varia
1904 5321 2231 5390 lectiones
2260 5327 2549 5389 etnotae.

521 5461 634 5537 (:58)
665 5461 896 5537 Inclusa
923 5463 980 5537 in
1014 5463 1282 5537 margine
1313 5462 1590 5531 leguntur
1623 5467 1683 5519 Β.
1719 5471 1781 5519 In
1815 5465 2107 5537 principio

452 5549 488 5590 θ,
526 5530 841 5608 διατάσσων
910 5534 986 5590 ad
1056 5530 1419 5608 ἐντελλόμενος,
1488 5537 1703 5593 omittit
1758 5530 2107 5603 Héntenius,

526 5603 641 5677 (39)
671 5609 757 5660 τὸν
788 5612 1040 5681 Χρίστόν.

2287 5464 2401 5537 (40)
2447 5463 2601 5516 αὐτὸν
2655 5464 3071 5537 γαστρίμαργον.
3113 5465 3179 5518 Α.
3240 5460 3357 5518 Sed
3409 5458 3527 5515 hoc
3557 5460 3860 5532 postulat

2210 5534 2476 5592 ἐκάλεσαν.
