3990 6206
128 271 222 327 349

1098 268 1472 327 COMMENT.
1513 268 1583 322 IN
1622 269 2070 327 MATTHEUM.
2103 303 2172 311 —
2197 271 2349 327 CAP.
2381 271 2475 328 XI.

3352 276 3456 334 350

188 399 372 450 Τούτων
425 392 486 448 δὲ
537 426 606 435 -
647 395 904 450 Ἰωάννου.
960 395 1116 448 Οὗτοι
1171 397 1259 468 μεν
1321 394 1684 469 βελτιωθέντεςη

1883 396 2024 452 Vers
2055 398 2108 452 7.
2138 399 2246 454 His
2285 405 2481 456 autem
2511 431 2576 440 —
2596 399 2840 456 Joanne.
2868 399 2951 456 Illi
2977 399 3224 474 quidem
3256 401 3458 458 melio-

123 486 342 543 ἀπελθόν.
368 490 519 537 Διατί
546 481 604 536 δὲ
633 489 704 555 μὴ
730 488 994 558 παρόντων
1025 484 1192 536 αὐτῶν
1222 483 1356 556 λέγει
1383 489 1497 557 περὶ
1530 483 1697 537 Ἰωάν-

113 595 191 627 νου
213 592 226 641 ;
251 573 355 627 Ἵνα
384 578 456 646 μὴ
493 570 622 646 δόξῃ
652 573 945 626 κολακεύειν
971 574 1144 628 αὐτόν.

165 758 224 808 Τί
275 783 345 794 -
421 752 757 826 σαλευόμενον
801 771 816 820 ;
902 753 1242 814 Ἀκούσαντες
1294 753 1342 804 οἱ
1399 750 1550 824 ὄχλοι
1609 755 1694 809 τὴν

109 842 344 916 ἐρώτησιν
393 841 654 908 Ἰωάννου,
703 848 793 895 καὶ
844 841 1151 913 ἁγνοήσντες
1206 844 1293 893 τὸν
1350 843 1542 893 σκοπὸν
1600 839 1692 891 αύ-

109 939 209 996 τοῦ,
248 927 725 1004 ὃιεθορυϐήθησαν,
776 940 886 993 πῶς
937 933 962 983 ό
1008 937 1236 983 τοσαῦτα
1271 935 1361 982 καὶ
1407 928 1694 987 τηλικαῦτα

111 1026 212 1094 περὶ
256 1020 415 1071 animi)
470 1025 836 1094 μαρτυρήσας,
893 1018 1201 1092 ἀμφιϐάλλει
1260 1026 1370 1085 νύν,
1424 1023 1512 1070 καὶ
1557 1019 1691 1068 ὑπώ-

111 1128 338 1171 πτευσαν,
389 1110 471 1160 ὅτι
518 1108 830 1180 μετεϐλήθη.
863 1115 1022 1161 Τοῦτο
1083 1104 1141 1160 δὲ
1173 1111 1326 1178 γνοὺς
1373 1108 1399 1158 ό
1438 1109 1689 1180 Χριστός,

111 1200 358 1269 θεραπεύει
386 1200 483 1254 τὴν
531 1200 780 1255 τοιαύτην
820 1197 1071 1268 ὑποψίαν,
1124 1193 1400 1249 διδάσκων
1431 1197 1560 1267 ἅμα,
1601 1199 1690 1246 καὶ

107 1289 177 1338 ὅτι
226 1283 661 1358 καρδιογνώστης
719 1285 876 1339 ἐστίν.
930 1285 1415 1360 Ἐντρεπτικώτερον
1464 1281 1523 1336 δὲ
1565 1285 1688 1335 καθ-

105 1381 366 1446 απτόμενος
399 1375 592 1443 αὐτῶν,
630 1379 790 1446 φησίν
835 1395 847 1408 ·
877 1379 940 1427 Τί
980 1373 1212 1437 ἐξήλθετε
1248 1375 1317 1434 εἰς
1369 1378 1458 1430 τὴν
1500 1374 1690 1447 ἔρημον

107 1466 437 1531 6ειίσασ9αι;
525 1463 757 1535 κάλαμον
841 1463 940 1515 ύπό
1022 1461 1206 1535 ἀνέμου
1289 1461 1687 1533 σαλευόμενον;

101 1559 340 1618 τουτέστι,
399 1559 594 1624 κοῦφον

105 1638 242 1698 δίκην
269 1643 510 1712 καλάμου
537 1645 633 1698 τὴν
672 1644 882 1711 γνώμην
913 1640 1334 1712 εύμετοίτρεπτον,
1368 1641 1437 1699 ὡς
1461 1637 1689 1709 ὑπολαμ-

99 1729 254 1782 ξοξνετε
276 1737 385 1794 νῦν,
420 1733 452 1787 ἢ
493 1729 791 1780 τούναντίον
832 1728 1038 1801 μᾶλλον,
1075 1729 1337 1800 σταθηρόν
1381 1731 1470 1779 καὶ
1499 1731 1691 1799 πέτρας

108 1821 430 1892 arriperem»,
484 1821 557 1879 ὡς
617 1819 648 1875 ἠ
684 1821 800 1870 ⁴τότε
841 1813 1047 1875 σπουδὴ
1093 1821 1184 1868 καὶ
1236 1812 1505 1890 συνδρομὴ
1548 1817 1689 1887 ὑμῶν

687 1557 778 1604 καὶ
860 1552 1155 1624 εύρίπιστον
1232 1552 1519 1624 ἄνθρωπον,
1602 1554 1690 1602 καὶ

105 1909 349 1979 ἐμαρτύρει
370 1925 384 1961 :

169 1995 304 2048 Ἀλλὰ
331 2026 401 2036 -
438 1995 830 2067 ἠμφιεσμένον;
877 1993 1119 2052 Δηλονότι
1158 1992 1438 2066 τρυφηλὸν,
1472 1993 1555 2044 ἵνα
1601 1979 1690 2043 κοιὶ

107 2079 188 2133 διά
212 2092 350 2136 τοῦτο
373 2080 508 2155 δόξῃ
541 2090 741 2154 χαῦνος
773 2087 862 2136 καὶ
893 2081 1262 2154 εὐμετάϐλητος
1295 2100 1307 2111 ·
1338 2086 1367 2139 ἤ
1400 2081 1688 2133 τούναντίον

106 2172 292 2240 μᾶλλον,
322 2172 880 2244 ἐσκληραγωγημένον,
907 2175 976 2233 ὡς
1003 2177 1092 2224 καὶ
1115 2174 1145 2230 ἠ
1179 2171 1332 2229 στολὴ
1360 2174 1567 2239 τούτου,
1600 2173 1688 2221 καὶ

109 2261 135 2315 ἑ
164 2267 307 2333 τροςοη
351 2259 816 2314 διεϐεϐαιὼσαντο.

168 2433 294 2489 Ἰδού
344 2466 404 2475 —
462 2437 617 2490 εἰσίν.
676 2436 840 2497 Οὗτος
897 2433 975 2503 δὲ,
1029 2442 1274 2509 πρότερον
1330 2439 1439 2510 μὲν,
1498 2456 1546 2489 εν
1621 2445 1682 2509 τῇ

105 2523 259 2595 {sine}
287 2521 536 2597 διητᾶτο,
585 2532 675 2576 νῦν
728 2522 806 2590 δὲ,
840 2523 888 2577 ἓν
947 2533 1017 2595 τῷ
1065 2522 1410 2599 δεσμωτηρίῳ
1463 2530 1687 2597 τετήρη-

101 2632 192 2666 ται.
231 2614 365 2666 Ἐπεὶ
390 2615 496 2684 γάρ
528 2632 662 2674 τινες
687 2617 777 2685 μὲν
817 2615 1014 2667 οἴκοθεν
1062 2614 1166 2667 εἰσὶ
1212 2621 1416 2686 κοῦφοι,
1465 2617 1596 2675 τινὲς
1628 2610 1686 2666 δὲ

100 2707 183 2752 και
204 2703 292 2752 ὑπὸ
329 2710 536 2776 τρυφῆς
588 2709 742 2754 τούτο
795 2704 1094 2773 πάσχουσι,
1152 2704 1370 2755 τέθεικεν
1400 2703 1424 2752 ό
1458 2705 1688 2775 Χριστὸς

101 2793 180 2839 καὶ
229 2798 373 2842 τοῦτο
425 2789 659 2857 κάκεῖνο,
718 2794 808 2841 καὶ
849 2790 1074 2861 ἤλεγξεν,
1121 2795 1185 2850 ὡς
1246 2787 1515 2862 οὐδέτερόν
1574 2788 1686 2842 ἐστι

97 2884 202 2944 περὶ
244 2883 325 2930 τόν
358 2879 627 2936 Ἰωάννην.
691 2875 818 2931 Εἶτα
870 2879 1095 2952 ἐπιφέρει
1145 2885 1232 2936 τήν
1292 2878 1554 2943 ἀλήθειαν,
1595 2883 1685 2930 καὶ

91 2975 328 3041 μαρτυρεῖ
360 2975 421 3038 τῇ
457 2966 696 3039 ἀληθείᾳ,
754 2973 843 3020 καὶ
894 2967 1063 3020 πλέκει
1117 2975 1188 3036 τῷ
1244 2975 1510 3039 Βαπτιστῇ
1560 2966 1684 3040 λαμ-

91 3059 204 3128 πρὰν
238 3055 502 3127 ἐγκωμίου
535 3061 800 3128 στέφανον.

1807 497 1900 538 res
1934 484 2143 541 redditi
2171 485 2610 542 abscesserunt.
2668 490 2858 553 Quare
2907 497 3106 545 autem
3162 505 3281 545 non
3310 488 3456 560 ipsis

1808 574 2201 642 praesentibus
2230 574 2463 632 locutus
2494 581 2584 632 est
2610 577 2683 633 de
2712 578 2938 633 Joanne
2968 578 2995 631 ?
3025 581 3104 635 Ne
3143 578 3196 634 ei
3226 579 3456 635 videre—

1809 665 1900 715 tur
1925 661 2175 718 adulari.

1875 751 2034 805 Vers.
2065 756 2117 805 7.
2167 751 2317 818 Quid
2368 783 2434 793 —
2500 753 2828 824 agitatam?
2883 755 3088 812 Audita
3164 771 3201 811 a
3263 753 3455 811 turbis

1801 838 2046 893 Joannis
2077 839 2552 908 interrogatione,
2587 857 2724 897 cum
2767 842 3058 899 intentum
3109 844 3454 912 ignorarent

1802 926 1975 992 illitis,
2011 928 2260 983 turbatae
2283 933 2418 984 sunt
2449 955 2458 981 .-
2488 931 2797 1001 quomodo
2831 932 2878 986 is
2905 932 3008 1003 qui
3035 933 3109 989 de
3135 933 3245 987 hoc
3271 937 3352 988 tot
3383 947 3452 987 ac

1804 1020 1966 1070 tanta
1987 1020 2230 1072 testatus
2244 1017 2456 1073 fuisset
2470 1033 2630 1073 nunc
2646 1019 2984 1084 dubitabat,
3002 1022 3452 1076 etimmutatum

1801 1119 1938 1159 eum
1992 1121 2119 1160 esse
2159 1105 2637 1176 suspicabantur.
2699 1109 2824 1172 Quo
2872 1109 3133 1177 cognito,
3186 1108 3452 1164 Christus

1797 1193 2148 1263 hujusmodi
2179 1194 2446 1250 medetur
2503 1196 2846 1267 suspicioni,
2892 1197 3116 1252 docens
3153 1197 3348 1266 simul,
3397 1201 3452 1252 et

1799 1283 1962 1354 quod
1994 1283 2266 1339 cordium
2292 1288 2444 1340 esset
2468 1286 2760 1356 cognitor,
2807 1290 2862 1342 et
2893 1285 3314 1342 confundendo
3345 1302 3448 1342 eos

1797 1373 2184 1442 redarguens.
2215 1373 2305 1427 Ait
2342 1388 2484 1442 ergo
2517 1392 2529 1428 :
2565 1374 2716 1439 Quid
2765 1374 2963 1429 existis
3003 1375 3064 1429 in
3123 1376 3446 1441 desertum,

1803 1463 1866 1514 ut
1897 1460 2168 1515 videretis
2226 1461 2600 1525 arundinem,
2633 1478 2768 1534 quae
2825 1478 2860 1518 a
2927 1467 3101 1518 vento
3140 1464 3391 1531 agitatur
3421 1462 3448 1517 ‘2

1798 1548 1912 1603 hoc
1935 1553 2040 1615 est,
2072 1549 2265 1605 levem
2304 1558 2360 1604 et
2383 1549 2724 1606 instabilem
2763 1551 3092 1615 hominem,
3125 1556 3180 1606 et
3220 1555 3296 1606 ad
3323 1566 3449 1606 mo-

1799 1637 1945 1692 dum
1973 1638 2284 1693 arundinis
2315 1637 2483 1694 facile
2525 1644 2719 1694 mente
2772 1639 3146 1704 mutabilem,
3200 1644 3262 1695 ut
3287 1655 3445 1694 nunc

1799 1725 2344 1796 suspicamini?aut
2373 1742 2404 1781 e
2431 1725 2664 1782 diverso
2711 1727 3285 1799 stabilem,saxoque
3314 1727 3447 1782 soli-

1799 1815 2051 1881 diorem,
2075 1821 2139 1870 ut
2163 1821 2303 1871 tunc
2326 1819 2586 1871 vestrum
2620 1815 2881 1871 studium
2917 1831 2986 1871 ac
3015 1832 3340 1872 concursus
3369 1822 3448 1872 te-

1800 1903 2108 1959 stabantur
2131 1903 2158 1957 ?

1870 1991 2031 2047 Vers.
2065 1993 2117 2046 8.
2148 1992 2269 2048 Sed
2296 2021 2364 2032 —
2385 1992 2669 2047 amictum
2698 1992 2726 2046 ‘2
2747 1991 2973 2047 Deliciis
3023 1993 3245 2048 scilicet
3297 2007 3444 2062 gau-
3506 2024 3508 2026 τ

1797 2078 2059 2149 dentem,
2095 2084 2158 2135 ut
2212 2081 2391 2135 etiam
2426 2095 2497 2135 ex
2543 2081 2654 2136 hoc
2682 2080 2872 2136 mollis
2930 2081 3194 2137 videatur
3247 2081 3447 2137 facile-

1796 2185 1913 2244 que
1933 2169 2237 2226 mutabilis
2262 2185 2276 2235 ;
2294 2175 2394 2224 aut
2420 2169 2618 2240 potius
2634 2185 2664 2225 e
2691 2170 3010 2235 contrario,
3035 2171 3202 2226 duris
3223 2171 3445 2226 exerci-

1797 2266 2001 2326 tatum,
2043 2263 2106 2315 ut
2141 2258 2320 2315 etiam
2369 2257 2554 2313 vestis
2603 2258 2732 2330 ejus
2798 2275 2865 2314 ac
2919 2259 3082 2314 cibus
3138 2258 3445 2315 confirma-

1795 2354 1953 2405 runt

1865 2438 2028 2494 Vers.
2063 2440 2120 2493 8.
2163 2438 2306 2493 Ecce
2334 2441 2560 2492 —sunt.
2597 2435 2700 2491 Hic
2739 2451 2881 2492 vero
2907 2436 3169 2508 primum
3197 2437 3440 2509 quidem

1791 2528 1852 2584 in
1873 2527 2110 2583 deserto
2139 2527 2506 2592 versabatur,
2540 2541 2700 2582 nunc
2739 2531 2932 2582 autem
2965 2526 3020 2581 in
3051 2541 3284 2582 carcere
3315 2529 3446 2584 reti—

1793 2622 1981 2672 netur.
2010 2615 2154 2682 Quia
2182 2631 2322 2671 vero
2361 2615 2609 2688 quidam
2655 2631 2691 2671 a
2742 2615 2924 2670 domo
2985 2616 3064 2685 (a)
3125 2617 3285 2672 leves
3314 2632 3442 2674 esse

1793 2711 2221 2772 monstrantur,
2251 2709 2309 2760 et
2335 2704 2581 2777 quidam
2612 2720 2648 2760 a
2676 2703 2902 2759 deliciis
2948 2704 3062 2760 hoc
3107 2703 3430 2775 patiuntur,

1791 2794 1991 2866 posuit
2011 2793 2277 2850 Christus
2299 2799 2355 2849 et
2379 2795 2492 2850 hoc
2513 2798 2569 2849 et
2587 2793 2748 2862 illud,
2773 2809 2843 2849 ac
2864 2793 3138 2865 probavit
3159 2797 3440 2850 neutrum

1791 2898 1969 2956 posse
2035 2882 2155 2938 dici
2205 2883 2279 2938 de
2307 2885 2554 2938 Joanne.
2615 2882 2831 2938 Deinde
2879 2882 3044 2954 quod
3090 2897 3294 2937 verum
3356 2887 3444 2939 est

1793 2970 1986 3036 infert,
2016 2975 2073 3026 et
2103 2971 2331 3026 veritati
2361 2975 2689 3036 attestatur,
2723 2987 2794 3026 ac
2821 2971 3084 3042 Baptistae
3111 2969 3440 3042 elegantem

1794 3059 2045 3116 contexit
2069 3059 2322 3115 encomii
2361 3075 2670 3115 coronam.

154 3143 301 3195 Ἀλλὰ
343 3175 416 3185 --
473 3149 766 3217 προφήτου.
823 3175 886 3185 -
953 3149 1356 3220 Περισσότερον,
1407 3143 1518 3198 ἀντὶ
1572 3153 1684 3212 τοῦ,

1866 3149 2028 3203 Vers.
2053 3151 2103 3204 9.
2131 3148 2245 3204 Sed
2269 3179 2332 3189 —
2350 3148 2661 3216 propheta.
2692 3178 2757 3190 —
2783 3149 3304 3213 Excellentiorem,
3331 3149 3440 3204 hoc

89 3233 320 3292 Μείζονα.
366 3230 500 3285 Εἶτα
550 3233 684 3304 λέγει
734 3239 824 3286 καὶ
874 3237 1010 3286 κατὰ
1057 3239 1110 3286 τί
1153 3235 1387 3306 μείζονα,
1428 3236 1509 3286 ὅτι
1554 3237 1687 3286 κατὰ

85 3327 136 3370 τό
163 3323 582 3394 προπορεύεσθαι
611 3322 832 3380 πλησίον
858 3331 945 3382 τῆς
962 3328 1258 3395 παρουσίας
1284 3323 1463 3378 αὑτοῦ.
1490 3323 1688 3383 Μείζο-

81 3428 153 3469 az;
299 3419 402 3461 τῶν
431 3409 596 3462 ἄλλων
635 3413 873 3484 κηρύκων
909 3415 957 3463 οἰ
998 3416 1428 3486 προπορενόμενοι
1457 3413 1684 3470 πλησίον

81 3506 166 3548 τού
193 3497 474 3569 βασιλέως.

149 3585 558 3661 [Περισσότεγον
611 3588 724 3658 (41)
759 3594 1048 3661 προφήτου,
1107 3592 1172 3650 ὡς
1220 3595 1310 3642 καὶ
1351 3589 1506 3642 αὑτὸν
1558 3587 1681 3642 ἰδὼν

81 3675 483 3747 ὀφθαλμοοανῶς
513 3681 598 3728 τὸν
628 3677 715 3729 ὑπ’
746 3678 904 3730 αὐτοῦ
930 3683 1394 3751 προφητευόμενον,
1429 3680 1484 3730 ὃν
1508 3681 1556 3730 οἱ
1582 3680 1681 3752 πρὸ

81 3765 238 3816 αὗτοὺ
265 3773 534 3835 προφῆται
554 3764 938 3837 αἰνιγματωδῶς
968 3765 1286 3838 ἐθεάσαντο.]

142 3853 313 3915 Οὗτος
391 3883 462 3894 -
527 3856 813 3928 ἔμπροσθέν
895 3875 1012 3907 σου.
1097 3858 1241 3908 Μετὰ
1315 3860 1411 3913 τὴν
1495 3855 1682 3907 οἰκείαν

1374 3961 1385 3974 ·
1420 3947 1528 3996 ἔστι
1583 3946 1680 4017 γὰρ

75 4031 374 4100 διαλαχὼν,
409 4033 468 4082 τό
498 4032 676 4104 ῥητόν.
727 4034 944 4105 Εἴρηται
975 4029 1053 4099 δε,
1091 4036 1156 4093 ὡς
1199 4033 1301 4085 ἀπὸ
1350 4041 1440 4087 τοῦ
1484 4037 1683 4104 Πατρός

69 4123 160 4169 καὶ
208 4126 337 4172 Θεοῦ
387 4123 540 4192 πρὸς.
582 4124 669 4172 τόν
718 4123 836 4174 Υἰὸν
885 4126 974 4174 καὶ
1000 4127 1146 4176 Θεόν.
1177 4122 1198 4136 ”
1223 4122 1444 4195 Αγγελον
1476 4119 1536 4175 δε
1568 4116 1683 4193 (42)

71 4209 246 4271 αὑτοῦ,
283 4213 372 4260 τόν
429 4211 673 4268 Ἰωάννην
725 4211 751 4262 ὁ
805 4215 936 4272 Θεὸς
988 4213 1272 4284 ὠνόμασεν,
1306 4214 1335 4271 ἦ
1398 4215 1463 4272 ὡς
1511 4210 1681 4283 ἀπαγ-

71 3947 389 4014 μαρτνρίαν,
436 3942 665 4014 ἐπιφέρει
712 3947 800 3995 καὶ
851 3948 944 4001 τὴν
999 3949 1326 4018 προφητικὴν

63 4298 314 4364 γείὶαντα
363 4307 436 4368 τῷ
489 4299 595 4369 λαῷ
650 4301 714 4350 τὰ
750 4299 1034 4358 λαληθέντα
1081 4307 1198 4375 περὶ
1247 4309 1338 4353 τοῦ
1403 4307 1639 4374 Χριστοῦ
1669 4307 1681 4324 ’

63 4377 309 4454 ἐγενετο
361 4390 494 4459 γὰρ,
553 4393 702 4458 φησὶ,
755 4389 901 4462 ῥῆμα
955 4393 1082 4442 Θεοῦ
1118 4389 1203 4442 ἐπὶ
1255 4391 1522 4449 Ἰωάννην
1590 4395 1677 4444 τὸν

65 4483 162 4525 τοῦ
200 4477 480 4550 Ζαχαρίου
549 4479 660 4528 υἱόν
717 4477 765 4528 ἐν
821 4486 882 4549 τῇ
935 4476 1109 4551 ἐρήμῳ
1148 4496 1159 4508 °
1207 4480 1236 4538 ἡ
1279 4482 1344 4539 ὡς
1401 4479 1674 4551 ἀγγελικόν

71 4562 182 4630 βίον
250 4571 660 4640 μετερχόμενον,
728 4565 778 4617 ἐν
825 4573 897 4636 τῷ
950 4569 1274 4642 ύπεραρθῆαι
1345 4578 1443 4620 τῶν
1481 4573 1672 4640 γηίνων

67 4657 150 4702 ni
200 4661 399 4725 γρονεῑν
449 4654 692 4726 ούροίνια,
773 4659 842 4708 Τὸ
897 4651 973 4724 δὲ,
1034 4660 1140 4727 Πρὸ
1210 4663 1496 4729 προσώπου
1553 4678 1670 4726 σου,

73 4737 169 4793 ἐστι
197 4752 313 4810 τοῦ,
369 4744 621 4796 Ἐνώπιον
673 4763 768 4796 σου
826 4741 1195 4816 προοδεύοντα,
1261 4749 1330 4807 ὡς
1377 4747 1582 4813 οἰκεῖον,
1623 4747 1672 4808 ὃς

74 4835 151 4879 ul
197 4835 493 4905 ἔμπροσθέν
553 4851 650 4884 σου
685 4832 977 4905 εύτρεπέσει
1024 4839 1116 4892 τήν
1169 4830 1292 4886 όδον
1342 4854 1456 4889 σου.
1517 4833 1672 4897 Ὀδός

77 4912 131 4968 δε
159 4930 246 4972 τοῦ
287 4928 553 4997 Χριστοῦ,
607 4923 663 4974 αἱ
713 4921 893 4992 ψυχαὶ
943 4931 1042 4975 τῶν
1091 4921 1394 4996 ἀνθρώπων,
1455 4926 1522 4976 ὧν
1552 4924 1670 4978 ἐπι-

136 5097 177 5130 “
201 5097 446 5155 Πειθὼ.
477 5115 558 5169 ιιι,
591 5103 637 5154 l.
717 5099 765 5135 ⁴⁵
791 5101 919 5156 Luc.
958 5103 1072 5166 vui,
1096 5101 1156 5157 2.

1793 3242 1884 3293 est
1910 3237 2218 3308 majorem.
2244 3235 2457 3292 Deinde
2478 3236 2614 3291 dicit
2640 3237 2699 3291 in
2725 3252 2846 3308 quo
2887 3237 3202 3305 majorem,
3227 3237 3440 3292 videli-

1791 3331 1882 3383 cet
1907 3327 1968 3382 in
1989 3343 2060 3383 eo
2081 3326 2240 3399 quod
2267 3327 2486 3381 venerit
2503 3325 2659 3382 circa
2675 3325 2885 3380 Christi
2912 3326 3258 3380 adventum.
3291 3328 3438 3381 Nam

1794 3417 2052 3486 majores
2073 3416 2200 3472 aliis
2231 3417 2382 3472 inter
2412 3430 2717 3487 praecones
2748 3419 2884 3469 sunt
2912 3414 2974 3469 hi
2996 3413 3098 3486 qui
3129 3429 3317 3486 prope
3348 3429 3440 3470 re-

1791 3521 1927 3576 gem
1958 3505 2324 3576 praecedunt.
2959 3563 2974 3572 θ

1859 3597 1900 3664 +
1932 3593 2428 3652 Excellentiorem
2457 3592 2769 3665 propheta,
2800 3595 2998 3664 utpote
3015 3592 3118 3664 qui
3147 3592 3269 3647 suis
3292 3589 3439 3647 vidit

1790 3684 1978 3740 oculis
2019 3700 2055 3739 a
2085 3699 2147 3738 se
2179 3683 2620 3754 prophetatum,
2677 3697 2859 3754 quem
2911 3682 3211 3753 prephetaa
3238 3680 3439 3752 ipsum

1791 3773 2188 3843 praecedentes
2220 3771 2282 3826 in
2309 3771 2626 3840 aenigmate
2667 3777 3124 3842 conspexerant.

1861 3863 2018 3916 Vers.
2047 3863 2127 3917 10.
2161 3861 2272 3916 Hic
2295 3890 2364 3902 —
2389 3865 2524 3916 ante
2552 3865 2629 3916 te.
2667 3859 2988 3931 Postquam
3030 3858 3437 3914 testimonium

1792 3949 1961 4005 affert
1981 3962 2037 4005 et
2071 3949 2487 4021 propheticum
2517 3965 2530 4004 :
2562 3952 2652 4003 est
2677 3948 2834 4003 enim
2856 3948 3158 4005 Malachiaa
3189 3947 3438 4002 verbum

1791 4039 1860 4092 “.
1891 4038 2119 4094 Dictum
2151 4043 2240 4095 est
2269 4043 2470 4094 autem
2497 4039 2662 4109 quasi
2695 4053 2732 4092 a
2788 4040 2953 4092 Patre
2996 4043 3053 4092 et
3080 4039 3218 4100 Deo,
3248 4037 3325 4092 ad
3351 4037 3439 4092 Fi-

1788 4126 1935 4182 lium
1965 4127 2142 4182 etiam
2183 4127 2381 4182 Deum.
2425 4127 2719 4182 Joannem
2750 4141 2887 4181 vero
2933 4125 3214 4195 angelum
3260 4141 3437 4181 suum

1793 4219 1945 4271 Deus
1975 4216 2327 4279 nominavit,
2363 4215 2484 4270 sive
2500 4215 2643 4285 quia
2692 4213 2903 4286 ἄγγελος
2931 4214 3145 4268 dicitur
3169 4214 3433 4278 nuntius,

1789 4308 1843 4360 et
1869 4305 2127 4360 Joannes
2153 4318 2281 4374 quae
2311 4301 2419 4356 sibi
2446 4302 2606 4357 dicta
2631 4307 2799 4358 erant
2827 4302 2901 4356 de
2941 4301 3173 4356 Christo
3205 4316 3436 4355 annun-

1788 4393 1951 4448 tiavit
1980 4392 2205 4464 populo
2235 4408 2248 4446 :
2283 4392 2532 4446 Factum
2562 4396 2665 4458 est,
2697 4388 2910 4461 inquit,
2937 4390 3171 4444 verbum
3207 4389 3308 4443 Dei
3336 4404 3436 4442 su-

1710 4469 1756 4524 D
1781 4483 2180 4551 perloannem
2198 4479 2704 4547 Zachariwﬁlium
2718 4480 2777 4532 in
2789 4478 3097 4534 deserto“.
3120 4477 3250 4532 Sive
3262 4477 3429 4549 quasi

1783 4571 2116 4640 angelicam
2131 4571 2445 4637 degentem
2473 4567 2664 4633 vitam,
2697 4582 2767 4622 eo
2797 4568 2961 4638 quod
2995 4583 3167 4637 super
3203 4573 3434 4624 terrena

1781 4657 2498 4722 elevabatur,accmlestia
2514 4657 2798 4729 sapiebat.
2819 4658 2964 4710 Ante
2998 4655 3208 4712 faciem
3240 4663 3430 4725 tuam,

1781 4749 1893 4803 hoc
1907 4753 1993 4804 est
2007 4749 2066 4804 in
2085 4753 2408 4820 conspectu
2421 4751 2524 4803 tuo
2538 4745 2996 4819 praecedentem,
3028 4750 3317 4818 tanquam
3330 4747 3433 4803 do-

1781 4836 2422 4909 mesticumtuum,qui
2454 4836 2633 4892 etiam
2665 4850 2868 4892 coram
2901 4839 2954 4890 te
2997 4836 3228 4907 parabit
3273 4836 3432 4893 viam

1781 4926 2090 4983 tuam.Via
2113 4930 2310 4982 autem
2341 4925 2552 4982 Christi
2573 4925 3288 4982 animaaeranthominum
3327 4941 3434 4998 per

1278 5225 1503 5295 Variae
1533 5226 1862 5295 lectiones
1886 5236 1950 5296 et
1982 5235 2181 5295 notae.

131 5362 239 5432 lit)
259 5364 492 5421 inclusa
519 5371 770 5438 uterque
800 5365 984 5423 codex
1006 5365 1268 5424 habetin
1300 5367 1589 5438 margine.

1847 5368 1960 5440 (42)
1994 5367 2199 5423 ἑαυτοῦ.
2235 5375 2295 5425 Δ.

131 5539 212 5606 (α)
243 5542 290 5595 Α
325 5543 506 5600 domo.
536 5543 660 5602 Hoc
692 5543 1015 5604 obscurum
1048 5549 1161 5604 est.
1203 5545 1430 5615 Malim,
1457 5553 1561 5605 aut
1594 5548 1915 5606 domestica
1943 5547 2391 5617 consuetudine,
2428 5553 2530 5606 aut
2555 5565 2593 5606 a
2633 5551 2964 5608 natz'vz'tate.
