3990 6206
561 238 659 294 351
1893 243 2225 300 EUTHYMII
2264 244 2423 303 ZIGA
2432 245 2565 301 BEN
2573 246 2594 301 Ι
3796 247 3895 304 352

559 380 713 437 quas
743 368 1057 438 oportebat
1081 368 1332 423 verbum
1369 367 1690 439 procedere
1711 373 1886 440 prout
1918 370 2081 425 tertio
2111 386 2135 426 c

2330 370 2504 424 ῗαίνειν
2558 372 2753 443 ἔμελλεν
2811 374 2836 425 ὁ
2890 372 3059 444 λόγος,
3118 376 3185 434 ὡς
3234 369 3282 423 ἐν
3329 380 3400 442 τῷ
3450 376 3607 445 τρίτῳ
3657 372 3906 443 κεφαλαίῳ

562 455 675 525 pite
713 455 884 511 latius
908 457 1186 512 diximus.
1225 457 1420 512 Potest
1450 458 1622 512 etiam
1662 458 1781 513 dici
1831 459 2135 515 excellenti

2330 459 2626 536 τλατύτερον
2679 461 2976 535 εἰρήκαμεν.
3047 466 3263 532 Λέγοιτο
3330 457 3381 512 δ’
3438 462 3499 512 ἄν
3548 466 3906 533 περισσότερος

560 544 1015 615 propheta,quia
1034 560 1172 599 eum
1194 560 1375 616 quem
1405 544 1551 599 vidit
1588 546 2003 617 prOphetabat,
2043 564 2136 619 qui

2328 554 2605 623 προφήτου,
2664 556 2751 601 καὶ
2831 553 2894 610 ὡς
2952 554 3037 601 τὸν
3097 550 3183 601 ὑπ’
3257 549 3414 601 αὐτοῦ
3472 554 3904 622 προφητευόμενον

556 630 699 685 nulli
731 632 979 701 contigit
1010 633 1451 703 prOphetarum.
1490 636 1604 689 Nec
1634 634 1779 691 vidit
1806 639 2055 699 tantum,
2112 652 2132 690 η

2329 636 2465 703 ἰδὼν,
2511 641 2573 697 ὡς
2622 635 2795 700 οὐδεὶς
2846 647 2945 690 τῶν
2993 638 3155 689 ἄλλων
3190 646 3486 713 προφητῶν,
3535 642 3723 710 καὶμὴ
3763 642 3905 709 μόνον

563 735 694 774 rum
727 720 904 775 etiam
926 721 1266 793 baptizavit.

2322 724 2465 791 ἰδὼν,
2500 725 2625 778 ἀλλὰ
2654 732 2737 779 κοὶ
2769 725 3049 799 βαπτίσας.

630 810 789 863 Vers.
821 811 906 864 11.
947 812 1132 865 Amen
1159 840 1223 850 —
1248 811 1536 879 Baptista.
1594 814 1720 867 Non
1774 816 1949 867 natus
1979 816 2091 877 est,
2120 812 2206 867 in-

2389 816 2553 886 Ἀμὴν
2633 847 2701 855 —-
2769 822 3086 868 Βαπτιστοῡ.
3166 814 3240 865 Ού
3329 818 3649 885 γεγέννηται,
3737 819 3906 884 φησὶν,

558 896 699 967 quit,
733 900 882 952 inter
908 898 1201 962 homines,
1235 900 1339 970 qui
1368 914 1398 953 e
1452 899 1806 955 mulieribus
1864 901 1987 956 nati
2049 917 2134 956 sui

2332 902 2367 954 ἰν
2413 910 2517 963 τοῖς
2572 908 2903 975 γεννωμένοις
2979 903 3034 954 ἐκ
3093 910 3351 973 γυναικῶν
3404 901 3682 975 ἁνθρώροις
3725 902 3908 973 μείζων

558 986 750 1055 major
779 986 893 1041 illo.
924 988 1065 1052 Quis
1093 987 1251 1042 enim
1267 987 1487 1042 aliusin
1515 987 1662 1044 uteri
1692 988 1940 1044 tenebris
1954 989 2134 1045 absco

2334 992 2499 1045 ιύτοῦ,
2550 994 2636 1051 Τίς
2692 996 2791 1063 γὰρ
2859 990 3028 1060 ἄλλος,
3099 990 3146 1043 ἐν
3229 996 3399 1043 σκότει
3453 997 3651 1064 μήτρας
3709 989 3910 1061 ἐπικρυο

558 1072 737 1136 ditus,
769 1073 964 1129 lucem
1003 1075 1238 1130 venisse
1265 1075 1510 1145 agnovit
1538 1081 1595 1131 et
1625 1076 1785 1131 illam
1818 1078 2132 1133 exsultatio

2330 1084 2583 1151 πτόμενος,
2642 1078 2887 1153 ἐγνώρισε
2967 1082 3025 1131 τὸ
3085 1088 3184 1150 φῶς
3236 1078 3395 1147 ἐλθὸν,
3452 1084 3539 1130 καὶ
3594 1086 3749 1130 τούτο
3806 1087 3906 1139 τοῖς

560 1161 829 1218 adoravit
866 1164 913 1198 ⁴⁶
940 1162 967 1216 ?
998 1164 1194 1219 Nullus
1222 1164 1372 1219 alius
1404 1169 1617 1235 praeter
1661 1165 1820 1220 hunc
1860 1165 2072 1231 solum,
2107 1182 2136 1237 q

2332 1174 2647 1242 τκιρτήμασι
2723 1171 3105 1242 προσεκύνησεν
3158 1186 3171 1231 ;
3248 1164 3431 1227 Οὐδεὶς
3488 1166 3675 1238 ἕτερος,
3746 1168 3790 1219 εἰ
3842 1171 3908 1238 μὴ

559 1252 769 1305 merito
808 1266 949 1305 sane
988 1252 1215 1306 cunctis
1245 1253 1439 1323 major
1493 1260 1596 1307 est.
1633 1256 1697 1309 Et
1722 1270 1947 1319 rursus,
1998 1254 2099 1325 qui
2132 1289 2135 1304 .

2333 1263 2465 1318 ιὸνος
2529 1277 2695 1318 ουτος.
2771 1260 2974 1319 Μιίζων
3056 1258 3160 1329 ἄρα
3232 1259 3432 1309 πάντων
3510 1256 3737 1316 εἰκότως.
3817 1260 3909 1307 Καὶ

558 1338 807 1395 infantia
836 1340 916 1394 ita
943 1340 1267 1395 solitariam
1299 1356 1368 1395 ac
1399 1341 1753 1397 eremitieam
1807 1341 1977 1396 duxit
2001 1342 2134 1397 vitai

2333 1346 2487 1409 ιῦθις,
2546 1351 2625 1407 τίς
2678 1344 2733 1397 ἐκ
2788 1344 3014 1420 βρέφους
3070 1345 3204 1396 οὕτω
3263 1349 3465 1415 γέγονεν
3532 1342 3779 1415 ἐρημικός
3829 1348 3909 1393 καὶ

560 1428 793 1497 taleque
820 1427 988 1499 elegit
1016 1427 1362 1483 exercitium
1382 1430 1409 1485 ?
1440 1428 1607 1485 Certe
1662 1430 1860 1485 nullus
1908 1430 2136 1485 omniut

2335 1437 2560 1492 τοιαύτην
2613 1435 2843 1491 ἄσκησιν
2897 1433 3070 1499 atra;
3113 1439 3224 1485 Τῶν
3284 1434 3483 1484 πάντων
3532 1435 3689 1483 ὄντων
3726 1427 3911 1492 οὐδεὶς.

558 1515 879 1585 Postquam
894 1531 1035 1585 ergo
1052 1517 1369 1587 Baptistam
1382 1516 2128 1574 laudavitaconcursulud

2339 1528 2619 1582 Επαινέσας
2704 1522 2790 1574 οὖν
2849 1526 2933 1574 τὸν
2997 1525 3304 1583 Βαπτιστήν,
3382 1522 3481 1572 ἀπὸ
3535 1539 3587 1572 τε
3644 1527 3740 1580 τῆς
3797 1524 3915 1592 πρὸς

560 1618 733 1658 orum
764 1604 841 1659 ad
867 1605 1086 1676 ipsum,
1125 1604 1342 1661 deinde
1367 1622 1402 1661 a
1435 1607 1641 1662 virtute
1681 1607 1860 1673 illius,
1906 1613 1962 1662 et
1988 1607 2136 1663 tertic

2341 1612 2491 1678 ιύτὸν,
2524 1607 2826 1683 συνδρομῆς
2868 1620 2964 1663 τῶν
3017 1606 3306 1676 Ἰουδαίων,
3366 1608 3464 1661 ἀπὸ
3518 1627 3571 1661 τε
3599 1617 3693 1669 τῆς
3738 1607 3917 1680 ἀρετῆς

558 1710 666 1748 suo
685 1693 995 1763 suffragio,
1008 1701 1221 1767 quarto
1233 1712 1465 1767 quoque
1480 1713 1515 1751 a
1532 1698 1832 1769 prophetae
1850 1698 2134 1753 testimoni

2336 1701 2495 1765 ιύτοῡ,
2554 1704 2642 1751 καὶ
2694 1719 2865 1773 τριτον
2920 1697 3019 1750 ἀπὸ
3074 1707 3169 1760 τῆς
3219 1698 3411 1759 οὶκιιας
3440 1696 3643 1768 ψήφου,
3694 1701 3779 1747 καὶ
3830 1702 3912 1747 τέ-

561 1788 613 1838 et
635 1784 923 1854 majorem
942 1783 1250 1855 praphetis
1276 1800 1413 1840 eum
1436 1785 1787 1855 praedicavit,
1811 1801 1881 1842 ac
1908 1786 2137 1841 univers

2339 1808 2501 1861 ἀρτον
2570 1787 2669 1840 ἀπὸ
2722 1796 2818 1849 τῆς
2864 1794 3188 1862 προφητικῆς
3251 1790 3540 1859 μαρτυρίας
3591 1826 3606 1840 .
3661 1790 3752 1836 καὶ
3813 1789 3915 1855 psi.‘

558 1872 687 1927 liter
711 1872 995 1928 omnibus
1022 1872 1305 1942 majorem
1331 1873 1679 1929 hominibus
1705 1893 1717 1940 ;
1744 1880 1909 1930 curat
1939 1875 2019 1946 (b)
2050 1875 2130 1930 ha

2341 1881 2444 1934 ζονα
2491 1880 2580 1948 μεν
2629 1884 2727 1927 τῶν
2784 1884 3060 1948 προφητῶν
3113 1873 3441 1946 ἁνακηρύξας
3493 1876 3670 1937 αὐτὸν,
3709 1876 3917 1943 μείζονα

559 1960 808 2013 laudum
828 1959 1319 2028 magnitudinem,
1343 1976 1418 2015 ne
1445 1968 1685 2034 propter
1707 1963 1853 2027 haec,
1878 1964 2013 2035 ipso
2030 1963 2135 2018 etia

2340 1961 2378 2017 is
2451 1964 2673 2016 καθόλου
2750 1967 2952 2016 πάντων
3029 1961 3308 2034 ἀνθρώπων
3395 1982 3407 1993 ο
3487 1962 3755 2033 θεραπεύει
3830 1964 3916 2015 τὴν

562 2046 787 2102 Christo
825 2047 1269 2103 honoratiorem
1321 2048 1622 2107 ducerent.
1651 2053 1711 2106 Et
1736 2052 1892 2120 vide,
1940 2052 2084 2124 quid
2130 2071 2138 2104 t

2344 2051 2603 2125 νπερϐολὴν
2696 2062 2796 2104 τῶν
2870 2051 3158 2123 ἐγκωμίων,
3237 2051 3320 2100 ἱνα
3416 2052 3487 2121 μὴ
3571 2044 3667 2100 διὰ
3759 2055 3920 2099 ταῦτα

562 2139 679 2191 cat.
2318 2142 2505 2213 μᾶλλον
2531 2146 2928 2215 προτιμήσωσιν
2960 2140 3111 2193 αύτὸν
3160 2146 3251 2191 τοῦ
3299 2144 3549 2213 Χριστοῦ.
3586 2142 3688 2191 Καὶ
3720 2139 3837 2209 ὅρα,
3869 2141 3915 2187 τί

2322 2250 2501 2301 φησιν.

638 2317 789 2371 Vers.
818 2318 909 2372 11.
946 2318 1263 2385 Quiautem
1284 2349 1352 2360 —
1373 2322 1454 2374 est
1472 2319 1597 2374 illo.
1626 2316 1907 2373 Minorem
1948 2316 2207 2388 seipsum

2388 2319 2469 2371 '0
2524 2315 2582 2370 δε
2654 2348 2703 2357 -
2743 2316 2903 2369 αὐτοῦ
2951 2314 3082 2369 ἐστί.
3135 2318 3472 2390 Μικρότερον,
3530 2315 3718 2365 ἑαυτὸν
3770 2312 3918 2383 λέγει,

561 2403 721 2470 dicit,
740 2421 810 2460 eo
828 2407 991 2477 quod
1007 2408 1087 2464 ita
1108 2409 1403 2463 videretur
1417 2407 1575 2479 apud
1587 2410 1612 2462 J
1621 2406 1839 2462 udaaos.
1869 2409 2007 2461 Nam
2031 2408 2137 2462 Joa

2345 2406 2413 2459 tu;
2445 2410 2500 2459 τὸ
2534 2404 2705 2459 δοκεῖν
2742 2406 2876 2458 οὓτω
2906 2407 3049 2477 παρὰ
3084 2412 3196 2466 τοῖς
3234 2400 3534 2463 Ἰουδαίοις,
3566 2403 3801 2462 Μείζονα
3830 2404 3921 2473 γὰρ

566 2509 702 2549 nem
729 2511 800 2550 eo
830 2496 1118 2567 majorem
1152 2497 1476 2561 habebant,
1502 2501 1705 2568 utpote
1726 2494 1831 2567 qui
1859 2495 1931 2550 ab
1961 2494 2142 2549 infant

2341 2497 2479 2549 ιύτοῦ
2508 2500 2593 2548 τὸν
2618 2498 2853 2553 Ἰωάννην
2894 2493 3151 2565 ἐνόμιζον,
3203 2496 3267 2553 ὡς
3306 2492 3359 2544 ἐκ
3392 2490 3616 2565 βρέφους
3652 2490 3917 2563 ἐρημικόν,

568 2583 627 2638 in
653 2599 918 2639 eremum
947 2591 1278 2650 secesserat,
1307 2588 1362 2641 et
1412 2583 1755 2641 admirabili
1788 2584 1918 2639 vitae
1944 2583 2144 2638 institu

2343 2591 2408 2638 La't
2466 2585 2577 2657 ξένῃ
2640 2580 2819 2655 διαίτῃ
2896 2588 3182 2655 χρώμενον.
3233 2585 3331 2634 Τὸν
3403 2584 3503 2653 γὰρ
3551 2583 3810 2653 Χριστὸν,
3862 2582 3919 2639 ως

566 2687 711 2727 usus
768 2672 979 2729 fuerat.
1022 2674 1315 2729 Christum
1355 2689 1495 2728 vero
1543 2676 1836 2743 tanquam
1901 2687 2140 2726 commu

2347 2683 2497 2735 ,οινῶς
2556 2670 2917 2744 διαιτώμενον,
2976 2670 3305 2733 ύπεϐίϐαζον.
3365 2668 3422 2720 Ὀ
3507 2665 3565 2720 δὲ
3614 2671 3923 2741 μικρότερος

565 2758 747 2815 modo
764 2765 1211 2816 conversantem
1228 2759 1607 2830 dejiciebant.
1632 2759 1759 2823 Qui,
1776 2758 1988 2830 inquit,
2016 2759 2139 2813 min

2344 2783 2500 2826 νησιν,
2533 2764 2558 2814 ὁ
2590 2759 2755 2813 δοκῶν
2801 2761 3019 2813 ἐλάττων
3050 2760 3231 2827 αὐτού,
3264 2762 3453 2830 μείζων
3502 2757 3665 2808 αὐτοῦ
3705 2761 3849 2809 ἐστιν
3879 2762 3920 2807 εν

565 2855 671 2914 est,
704 2848 764 2903 id
795 2853 883 2903 est
906 2850 1005 2919 qui
1039 2848 1267 2904 videtur
1315 2850 1512 2903 minor
1536 2847 1654 2913 illo,
1712 2847 1905 2918 major
1932 2863 2001 2901 eo
2034 2852 2121 2902 est

2351 2861 2389 2923 ᾧ
2433 2850 2727 2924 βασιλεύειν
2771 2859 2867 2902 τῶν
2926 2850 3171 2924 ούρανών,
3219 2851 3283 2907 ὡς
3330 2852 3400 2918 μη
3443 2850 3594 2919 μόνον
3625 2846 3923 2917 ἄνθρωπος,

562 2954 747 3008 regno
779 2938 1081 3004 caelorum,
1118 2939 1233 2995 hoc
1258 2944 1364 3003 est,
1393 2938 1734 3010 imperando
1766 2937 1930 2993 cmlis
1964 2954 1975 2993 :
2010 2943 2138 3009 utpc

1168 2956 1233 2995 oc
1258 2944 1364 3003 est,
1393 2938 1734 3010 imperando
1766 2937 1930 2993 cmlis
1964 2954 1975 2993 :
2010 2942 2209 3009 utpote
2321 2940 2447 2993 ἀλλὰ
2472 2946 2562 2991 καὶ
2598 2944 2744 3001 Θεὸς.

567 3043 687 3083 non
718 3028 891 3083 homo
924 3029 1136 3097 solum,
1172 3029 1273 3083 sed
1303 3028 1479 3084 etiam
1512 3032 1685 3084 Deus.
2244 3071 2282 3126 Ο

638 3116 796 3171 Vers.
832 3118 923 3173 12.
964 3119 1007 3172 Α
1042 3149 1108 3157 -
1156 3118 1331 3173 illud.
1382 3118 1837 3188 Chrysostomus
1860 3116 2023 3181 dicit,
2055 3114 2211 3188 quod

2392 3115 2521 3170 Ἀπὸ
2573 3146 2640 3155 --
2671 3114 2852 3172 αύτήν.
2910 3113 2967 3167 Ὀ
3025 3113 3140 3184 (43)
3201 3116 3570 3185 Χρυσόστομός
3611 3130 3796 3182 φησιν.
3847 3112 3924 3161 ὅτι

565 3203 661 3259 hic
691 3221 937 3276 regnum
963 3212 1135 3262 vocat
1178 3207 1359 3263 fidem
1412 3208 1473 3263 in
1512 3208 1728 3278 ipsum,
1778 3211 1981 3278 utpote
2011 3205 2141 3261 arrh

2349 3203 2595 3257 iamhiav
2642 3203 2870 3277 οὐρανῶν
2920 3203 3055 3273 λέγει
3100 3210 3207 3267 νύν,
3266 3206 3357 3260 τὴν
3402 3201 3470 3262 εἰς
3518 3200 3675 3251 αὐτὸν
3723 3203 3925 3261 πίστιν,

564 3294 786 3351 bonem
801 3297 874 3351 ad
886 3311 1138 3365 regnum
1150 3296 1459 3361 cmlorum,
1477 3297 1555 3352 ad
1569 3296 1907 3352 fruitionem
1920 3296 2140 3366 ,inqual

2348 3314 2389 3355 ›ς
2454 3293 2614 3345 οὖσαν
2703 3291 2938 3367 ἀρραϐών
3008 3299 3101 3352 τῆς
3168 3289 3443 3362 βασιλείας
3498 3296 3596 3340 τῶν
3667 3286 3924 3360 οὐρανῶν,

565 3384 858 3439 bonorum
887 3401 1018 3458 quea
1039 3386 1333 3441 habentur
1358 3387 1416 3441 in
1465 3386 1650 3441 caelis.
1682 3385 1808 3440 Vim
1838 3390 2037 3441 autem
2067 3399 2141 3455 pa

2344 3388 2455 3454 mpii.
2514 3379 2730 3451 δὴ,τῆς
2786 3380 3115 3439 ἀπολαύσεως
3166 3388 3265 3430 τῶν
3307 3378 3353 3430 ἄν
3406 3378 3639 3451 οὐρανοῖς
3691 3374 3920 3447 ἀγαθῶν.

562 3477 678 3538 tur,
712 3473 825 3527 hoc
848 3482 937 3528 est
964 3474 1252 3529 violenter
1281 3474 1357 3529 ab
1388 3474 1733 3529 hominibus
1752 3473 2040 3543 arripitur,
2065 3472 2138 3526 du

2352 3474 2565 3531 ιιάςεται
2613 3466 2689 3534 δὲ,
2734 3469 2846 3522 ἀντὶ
2894 3477 3003 3538 τού,
3058 3466 3244 3540 βιαίως
3296 3466 3587 3538 ἀρπάζεται
3640 3468 3791 3536 παρὰ
3834 3473 3928 3514 τῶν

565 3561 641 3615 illi
674 3561 786 3616 sibi
817 3562 959 3633 ipsis
990 3563 1105 3617 vim
1152 3562 1430 3626 inferunt,
1472 3578 1541 3618 ac
1586 3568 1739 3617 certe
1796 3561 2141 3617 necessitate

2356 3562 2620 3634 νθρώπων,
2689 3557 2736 3610 ἐν
2788 3567 2859 3629 τῷ
2942 3556 3145 3629 βιάζειν
3207 3557 3415 3609 ἑαυτούε
3487 3559 3578 3606 καὶ
3636 3558 3791 3622 νικᾲν
3842 3558 3928 3607 τήν

564 3649 945 3721 propriorum
966 3650 1205 3705 vincunt
1222 3649 1560 3718 aﬂ‘ectuum,
1586 3655 1685 3704 aut
1703 3650 1879 3704 etiam
1907 3648 2140 3704 inﬁdelit

2352 3651 2551 3719 τιάγκην
2600 3656 2699 3700 τῶν
2756 3643 3075 3705 οἰωνδηποτε
3126 3648 3322 3712 παθῶν,
3381 3648 3410 3702 ἤ
3457 3648 3542 3694 καὶ
3594 3646 3689 3698 τὴν
3746 3660 3928 3713 τυραν-

564 3738 1054 3810 tistyrannidem.
1086 3738 1342 3809 Ideoque
1382 3739 1495 3793 hoc
1520 3737 1919 3801 manifestans,
1962 3738 2138 3807 subju

2356 3735 2442 3789 ίδα
2495 3746 2589 3797 τῆς
2641 3734 2909 3796 ἀπιστίας.
2979 3737 3064 3787 Διὸ
3111 3740 3200 3787 καὶ
3255 3741 3407 3785 τούτο
3458 3732 3765 3801 σαφηνίζων
3814 3729 3932 3785 ἐπέρ

563 3826 649 3882 xit
681 3826 846 3898 quod
888 3827 1136 3882 Violenti
1158 3827 1403 3894 rapiant
1434 3826 1612 3881 illud.
1650 3828 1803 3882 Hanc
1844 3842 1978 3883 vero
2008 3826 2139 3882 laud

2351 3846 2495 3898 ναγεν,
2570 3828 2648 3877 ὃτι
2730 3830 2954 3876 Βιασταὶ
3043 3824 3371 3898 αρπάσουσιν
3460 3820 3642 3876 αύτήν.
3725 3824 3927 3873 Ταύτῃ

564 3914 745 3969 bilem
779 3914 1142 3980 violentiam,
1171 3914 1462 3986 incepisse
1513 3914 1654 3970 dicit
1682 3931 1719 3970 a
1764 3914 1977 3970 diebus
2005 3930 2140 3987 praet

2352 3917 2383 3968 ’ὲ
2437 3920 2529 3973 τὴν
2597 3913 2862 3972 ἐπαινετὴν
2920 3911 3041 3985 βίαν
3126 3911 3388 3985 ἄρξασθαί
3447 3927 3604 3979 φησιν
3668 3906 3781 3958 ἀπὸ
3839 3916 3928 3957 τών

565 4003 812 4059 cationis
834 4004 1096 4067 Joannis,
1119 4005 1218 4076 qui
1248 4004 1461 4076 populo
1502 4004 1778 4060 clamavit
1807 4021 1820 4059 :
1847 4005 2141 4076 Resipiscii

2352 4010 2531 4079 ἑμερῶν
2610 4010 2701 4055 τοῦ
2774 4005 3111 4076 κηρύγματος
3197 4000 3452 4061 Ἰωάννου,
3540 3994 3779 4066 βοῶντος
3867 4001 3928 4059 τῷ

566 4092 744 4147 instat
764 4092 923 4149 enim
954 4109 1204 4163 regnum
1238 4093 1544 4149 cmlorum.
1580 4096 1695 4150 Hoc
1727 4098 1924 4149 autem
1948 4109 2142 4149 nunct

2356 4100 2429 4162 αῷ
2478 4110 2489 4121 .
2520 4098 2821 4145 Μετανοεῖτι
2878 4132 2889 4144 .
2924 4094 3110 4161 ἧἹγιχι
3317 4088 3346 4144 ἠ
3396 4083 3642 4157 βασιλεία
3692 4092 3805 4134 τῶν
3853 4082 3932 4133 Οὐδ

566 4182 651 4236 xit
687 4181 971 4248 Christus,
1040 4182 1217 4237 simul
1260 4182 1504 4255 quidem
1545 4181 1606 4237 in
1655 4182 1895 4238 laudem
1944 4183 2138 4239 Joann

2358 4190 2507 4235 ανών.
2580 4184 2769 4253 Εἷρηκε
2809 4175 2867 4231 δε
2919 4186 3070 4231 τοῦτο
3123 4185 3209 4228 νῦν
3262 4177 3286 4226 ὁ
3332 4176 3582 4246 Χριστὸς,
3665 4172 3791 4243 ἅμα
3852 4176 3930 4242 μὲν

566 4271 731 4343 quasi
758 4270 1073 4327 hominum
1100 4272 1349 4327 salutem
1371 4270 1442 4326 sit
1463 4271 1797 4343 auspicatus
1827 4292 1838 4331 :
1867 4272 2045 4328 simul
2069 4289 2142 4345 qu

2358 4279 2538 4323 καινῶν
2591 4273 2675 4322 τὸν
2740 4270 3002 4331 Ἰωάννην,
3074 4269 3137 4327 ὡς
3204 4264 3357 4317 αὐτὸν
3417 4262 3765 4333 ἐναρξάμενον
3851 4268 3934 4317 τῆς

566 4376 683 4433 que
708 4360 972 4417 excitans
998 4360 1312 4427 auditores,
1351 4364 1414 4416 ut
1443 4366 1498 4417 et
1518 4360 1634 4433 ipsi
1674 4361 1940 4418 similiter
1988 4360 2142 4417 vimi

2358 4364 2584 4434 tempta;
2640 4368 2737 4411 τῶν
2795 4356 3096 4430 ἀνθρώπων,
3177 4356 3287 4427 οἶμα
3337 4348 3394 4405 δε
3446 4356 3536 4403 καὶ
3605 4352 3934 4423 παραθηγω

569 4430 784 4507 ferrent
815 4450 926 4506 sibi
957 4451 1115 4523 ipsis.
1542 4430 1556 4433 τ

2360 4453 2441 4510 οὺς
2496 4447 2771 4507 ἀκούοντας
2828 4447 2899 4507 εἰς
2944 4448 3001 4497 τό
3054 4449 3142 4496 καὶ
3212 4442 3400 4502 αὐτούς
3456 4441 3645 4512 ὁμοίως
3730 4437 3936 4511 ,διάξειν

2324 4557 2556 4599 εαυτους.

641 4628 804 4683 Vers.
829 4630 915 4683 13.
945 4629 1150 4685 Omnes
1171 4660 1238 4671 —
1255 4628 1775 4699 prophetauerunt.
1807 4628 2023 4698 Legem
2046 4632 2217 4685 vocat

2397 4629 2584 4686 Πάντες
2657 4656 2725 4664 -
2798 4628 3207 4696 προεφήτευσαν.
3321 4623 3494 4690 Nape»
3602 4615 3776 4686 λέγει,
3856 4622 3941 4669 τήν

572 4719 827 4770 veterem
850 4717 1293 4786 legislationem.
1320 4718 1619 4790 Siquidem
1642 4719 1820 4773 etiam
1844 4718 1903 4773 in
1928 4718 2039 4773 hac
2071 4734 2148 4771 mi

2369 4715 2547 4767 αλαιὰν
2599 4715 2927 4785 νομοθεσίαν.
2984 4716 3085 4764 Καὶ
3146 4712 3246 4784 γὰρ
3298 4712 3387 4759 καὶ
3446 4706 3497 4757 ἐν
3537 4709 3709 4776 ταύτῃ
3783 4702 3945 4754 πολλα

570 4808 631 4860 ta
662 4804 734 4861 de
755 4805 983 4862 Christo
1024 4807 1305 4878 praedicta
1354 4812 1530 4864 sunt:
1562 4813 1618 4864 et
1678 4807 1939 4864 maxime
1969 4806 2031 4862 in
2080 4806 2146 4879 ιθι

2372 4809 2441 4877 ερὶ
2492 4810 2727 4877 Χριστοῦ
2784 4806 3079 4875 προείρητο,
3139 4804 3228 4851 καὶ
3284 4795 3471 4869 μᾶλλον
3542 4794 3595 4846 ἐν
3648 4800 3766 4854 τοῖς
3834 4800 3948 4865 περι

642 4988 690 5022 ⁴⁶
720 4986 859 5041 Luc.
889 4998 932 5054 Ι,
961 4985 1054 5043 41.

1798 5082 2013 5150 Varia:
2051 5081 2379 5150 lectiones
2419 5089 2485 5147 et
2513 5086 2694 5145 notas

582 5352 594 5369 ,
644 5281 757 5369 (15)
812 5282 1000 5369 Τοω.-
1028 5281 1147 5367 νη,
1193 5296 1257 5366 .p.
1327 5282 1427 5369 417
1458 5283 1527 5368 ,0.
1569 5285 1741 5369 ΞΛΚαὶ
1772 5284 1883 5367 ’γὰρ
1940 5280 2064 5369 ςέιθεῖ
2095 5354 2106 5368 ι
2134 5298 2158 5331 κ

2378 5290 2471 5365 um
2502 5275 2709 5369 tractat
2736 5276 2775 5329 t.
2799 5269 2942 5338 VIII,
2972 5285 3033 5344 p.
3076 5271 3179 5327 320
3205 5268 3265 5332 C,
3293 5266 3390 5324 ubi
3416 5264 3656 5322 nullum
3689 5264 3954 5322 verbum

575 5350 765 5425 ἔπείγει
822 5352 1002 5425 λοιποῦ
1036 5350 1239 5425 ,αύτούς
1291 5358 1379 5405 καὶ
1455 5356 1678 5407 ἐντεῦθεν
1742 5350 1811 5414 εἰς
1854 5350 1995 5425 ’τὴν
2045 5354 2223 5425 πίστιν
2333 5352 2452 5422 περὶ
2480 5350 2723 5407 πίστεως.

575 5430 669 5484 τὴν
692 5422 893 5477 ’ἑαυτοῦ
949 5422 1329 5480 Subobscure
1382 5440 1524 5494 ergo
1576 5426 1745 5482 dixit.
1814 5423 2101 5480 Eumdem
2142 5422 2225 5477 lo-

647 5551 717 5623 (b)
751 5552 963 5607 Curat.
1006 5549 1188 5607 Etiam
1210 5548 1323 5606 hoc
1354 5547 1691 5606 obscurum.
1721 5549 1942 5616 Malim,
1964 5552 2261 5618 temperat,
2285 5544 2521 5601 modum
2553 5540 2713 5613 ponit
2742 5539 2881 5596 huic
2911 5538 3157 5597 laudum
3185 5531 3605 5606 magnitudini.
