  <div class='ocr_page' id='page_1' title='image "/cluster/home/n/w/nwhite01/storage/ocr_20150623/129/hvd.32044073502395/182.png"; bbox 0 0 3990 6206; ppageno 0'>
   <div class='ocr_carea' id='block_1_1' title="bbox 126 273 224 333">
    <p class='ocr_par' dir='ltr' id='par_1_1' title="bbox 126 273 224 333">
     <span class='ocr_line' id='line_1_1' title="bbox 126 273 224 333; baseline 0 0"><span class='ocrx_word' id='word_1_1' title='bbox 126 273 224 333; x_wconf 83' lang='lat'>353</span> 
     </span>
    </p>
   </div>
   <div class='ocr_carea' id='block_1_2' title="bbox 1094 258 2490 333">
    <p class='ocr_par' dir='ltr' id='par_1_2' title="bbox 1094 258 2490 333">
     <span class='ocr_line' id='line_1_2' title="bbox 1094 258 2490 333; baseline -0.003 -7"><span class='ocrx_word' id='word_1_2' title='bbox 1094 266 1464 327; x_wconf 88' lang='lat' dir='ltr'>COMMENT.</span> <span class='ocrx_word' id='word_1_3' title='bbox 1504 261 1576 324; x_wconf 88' lang='lat' dir='ltr'>IN</span> <span class='ocrx_word' id='word_1_4' title='bbox 1609 258 2056 333; x_wconf 66' lang='lat' dir='ltr'>‘MATTHAEUM.</span> <span class='ocrx_word' id='word_1_5' title='bbox 2099 298 2168 310; x_wconf 93' lang='lat'><strong><em>—</em></strong></span> <span class='ocrx_word' id='word_1_6' title='bbox 2204 265 2360 324; x_wconf 84' lang='lat' dir='ltr'>CAP.</span> <span class='ocrx_word' id='word_1_7' title='bbox 2404 263 2490 324; x_wconf 89' lang='grc' dir='ltr'>Χῐ.</span> 
     </span>
    </p>
   </div>
   <div class='ocr_carea' id='block_1_3' title="bbox 3367 265 3474 324">
    <p class='ocr_par' dir='ltr' id='par_1_3' title="bbox 3367 265 3474 324">
     <span class='ocr_line' id='line_1_3' title="bbox 3367 265 3474 324; baseline 0 0"><span class='ocrx_word' id='word_1_8' title='bbox 3367 265 3474 324; x_wconf 79' lang='grc'>354</span> 
     </span>
    </p>
   </div>
   <div class='ocr_carea' id='block_1_4' title="bbox 128 392 1729 470">
    <p class='ocr_par' dir='ltr' id='par_1_4' title="bbox 128 396 1716 470">
     <span class='ocr_line' id='line_1_4' title="bbox 128 396 1716 470; baseline -0.006 -16"><span class='ocrx_word' id='word_1_9' title='bbox 128 405 307 454; x_wconf 79' lang='grc' dir='ltr'>θνσιων</span> <span class='ocrx_word' id='word_1_10' title='bbox 360 402 568 470; x_wconf 85' lang='grc' dir='ltr'>νόμοις,</span> <span class='ocrx_word' id='word_1_11' title='bbox 637 397 795 448; x_wconf 89' lang='grc' dir='ltr'>τύπον</span> <span class='ocrx_word' id='word_1_12' title='bbox 865 399 955 447; x_wconf 86' lang='grc' dir='ltr'>καὶ</span> <span class='ocrx_word' id='word_1_13' title='bbox 1010 399 1322 468; x_wconf 88' lang='grc' dir='ltr'>προμήνομα</span> <span class='ocrx_word' id='word_1_14' title='bbox 1385 396 1716 466; x_wconf 77' lang='grc' dir='ltr'>κεκτημένοις</span> 
     </span>
    </p>
   </div>
   <div class='ocr_carea' id='block_1_5' title="bbox 1851 392 3478 470">
    <p class='ocr_par' dir='ltr' id='par_1_5' title="bbox 1851 392 3478 467">
     <span class='ocr_line' id='line_1_5' title="bbox 1851 392 3478 467; baseline 0.001 -19"><span class='ocrx_word' id='word_1_15' title='bbox 1851 409 1939 448; x_wconf 70' lang='grc' dir='ltr'>ωε</span> <span class='ocrx_word' id='word_1_16' title='bbox 1961 393 2035 448; x_wconf 91' lang='lat' dir='ltr'>de</span> <span class='ocrx_word' id='word_1_17' title='bbox 2065 392 2666 464; x_wconf 81' lang='lat' dir='ltr'>sacriﬁciis,ﬁguram</span> <span class='ocrx_word' id='word_1_18' title='bbox 2711 399 2811 452; x_wconf 90' lang='lat' dir='ltr'>aut</span> <span class='ocrx_word' id='word_1_19' title='bbox 2831 395 3191 467; x_wconf 68' lang='lat' dir='ltr'>praesagium</span> <span class='ocrx_word' id='word_1_20' title='bbox 3206 393 3478 450; x_wconf 90' lang='lat' dir='ltr'>habenti-</span> 
     </span>
    </p>
   </div>
   <div class='ocr_carea' id='block_1_6' title="bbox 123 484 1715 558">
    <p class='ocr_par' dir='ltr' id='par_1_6' title="bbox 123 484 1715 558">
     <span class='ocr_line' id='line_1_6' title="bbox 123 484 1715 558; baseline -0.005 -16"><span class='ocrx_word' id='word_1_21' title='bbox 123 498 207 542; x_wconf 70' lang='grc' dir='ltr'>τοῦ</span> <span class='ocrx_word' id='word_1_22' title='bbox 252 490 474 547; x_wconf 76' lang='grc' dir='ltr'>τυθῆναι</span> <span class='ocrx_word' id='word_1_23' title='bbox 558 484 825 558; x_wconf 79' lang='grc' dir='ltr'>μέλλοντος</span> <span class='ocrx_word' id='word_1_24' title='bbox 886 485 1013 556; x_wconf 72' lang='grc' dir='ltr'>ὑπὲρ</span> <span class='ocrx_word' id='word_1_25' title='bbox 1090 491 1180 536; x_wconf 84' lang='grc' dir='ltr'>τοῦ</span> <span class='ocrx_word' id='word_1_26' title='bbox 1263 488 1485 554; x_wconf 86' lang='grc' dir='ltr'>κόσμου.</span> <span class='ocrx_word' id='word_1_27' title='bbox 1552 487 1715 540; x_wconf 81' lang='grc' dir='ltr'>Φησὶν</span> 
     </span>
    </p>
   </div>
   <div class='ocr_carea' id='block_1_7' title="bbox 112 573 1718 647">
    <p class='ocr_par' dir='ltr' id='par_1_7' title="bbox 112 573 1718 647">
     <span class='ocr_line' id='line_1_7' title="bbox 112 573 1718 647; baseline -0.006 -17"><span class='ocrx_word' id='word_1_28' title='bbox 112 576 196 630; x_wconf 77' lang='grc' dir='ltr'>όῦν</span> <span class='ocrx_word' id='word_1_29' title='bbox 252 580 332 628; x_wconf 82' lang='grc' dir='ltr'>ὅτι</span> <span class='ocrx_word' id='word_1_30' title='bbox 409 577 600 635; x_wconf 83' lang='grc' dir='ltr'>πάντες</span> <span class='ocrx_word' id='word_1_31' title='bbox 659 573 709 625; x_wconf 85' lang='grc' dir='ltr'>οἰ</span> <span class='ocrx_word' id='word_1_32' title='bbox 788 580 1070 647; x_wconf 78' lang='grc' dir='ltr'>προφῆται,</span> <span class='ocrx_word' id='word_1_33' title='bbox 1150 573 1198 623; x_wconf 85' lang='grc' dir='ltr'>οἱ</span> <span class='ocrx_word' id='word_1_34' title='bbox 1267 573 1718 646; x_wconf 65' lang='grc' dir='ltr'>προφητεύσαντες</span> 
     </span>
    </p>
   </div>
   <div class='ocr_carea' id='block_1_8' title="bbox 106 660 1717 738">
    <p class='ocr_par' dir='ltr' id='par_1_8' title="bbox 106 660 1717 738">
     <span class='ocr_line' id='line_1_8' title="bbox 106 660 1717 738; baseline -0.006 -19"><span class='ocrx_word' id='word_1_35' title='bbox 106 662 313 724; x_wconf 74' lang='grc' dir='ltr'>δηλαδή</span> <span class='ocrx_word' id='word_1_36' title='bbox 378 669 503 738; x_wconf 79' lang='grc' dir='ltr'>περὶ</span> <span class='ocrx_word' id='word_1_37' title='bbox 551 670 643 715; x_wconf 75' lang='grc' dir='ltr'>τοῦ</span> <span class='ocrx_word' id='word_1_38' title='bbox 696 660 964 734; x_wconf 79' lang='grc' dir='ltr'>μέλλοντος</span> <span class='ocrx_word' id='word_1_39' title='bbox 1022 663 1274 733; x_wconf 79' lang='grc' dir='ltr'>ἔρχεσθαι</span> <span class='ocrx_word' id='word_1_40' title='bbox 1325 667 1578 733; x_wconf 81' lang='grc' dir='ltr'>Χριστοῦ,</span> <span class='ocrx_word' id='word_1_41' title='bbox 1628 664 1717 711; x_wconf 83' lang='grc' dir='ltr'>καὶ</span> 
     </span>
    </p>
   </div>
   <div class='ocr_carea' id='block_1_9' title="bbox 105 749 1718 827">
    <p class='ocr_par' dir='ltr' id='par_1_9' title="bbox 105 749 1718 827">
     <span class='ocr_line' id='line_1_9' title="bbox 105 749 1718 827; baseline -0.004 -20"><span class='ocrx_word' id='word_1_42' title='bbox 105 758 336 820; x_wconf 79' lang='grc' dir='ltr'>ὁνόμος.</span> <span class='ocrx_word' id='word_1_43' title='bbox 389 755 416 805; x_wconf 98' lang='lat'>6</span> <span class='ocrx_word' id='word_1_44' title='bbox 450 753 821 827; x_wconf 69' lang='grc' dir='ltr'>προφητεύσας</span> <span class='ocrx_word' id='word_1_45' title='bbox 869 755 988 825; x_wconf 83' lang='grc' dir='ltr'>περὶ</span> <span class='ocrx_word' id='word_1_46' title='bbox 1040 758 1131 801; x_wconf 77' lang='grc' dir='ltr'>τοῦ</span> <span class='ocrx_word' id='word_1_47' title='bbox 1188 749 1455 821; x_wconf 79' lang='grc' dir='ltr'>μέλλοντος</span> <span class='ocrx_word' id='word_1_48' title='bbox 1501 751 1718 801; x_wconf 75' lang='grc' dir='ltr'>θύεσθαι</span> 
     </span>
    </p>
   </div>
   <div class='ocr_carea' id='block_1_10' title="bbox 109 840 1719 915">
    <p class='ocr_par' dir='ltr' id='par_1_10' title="bbox 109 840 1719 915">
     <span class='ocr_line' id='line_1_10' title="bbox 109 840 1719 915; baseline -0.005 -18"><span class='ocrx_word' id='word_1_49' title='bbox 109 843 375 915; x_wconf 70' lang='grc' dir='ltr'>προϐάτου</span> <span class='ocrx_word' id='word_1_50' title='bbox 421 847 513 894; x_wconf 85' lang='grc' dir='ltr'>καὶ</span> <span class='ocrx_word' id='word_1_51' title='bbox 569 840 756 912; x_wconf 79' lang='grc' dir='ltr'>ἀμνοῦ,</span> <span class='ocrx_word' id='word_1_52' title='bbox 809 844 998 914; x_wconf 79' lang='grc' dir='ltr'>μέχρις</span> <span class='ocrx_word' id='word_1_53' title='bbox 1046 840 1283 891; x_wconf 78' lang='grc' dir='ltr'>Ἰωάννου</span> <span class='ocrx_word' id='word_1_54' title='bbox 1331 840 1421 899; x_wconf 83' lang='grc' dir='ltr'>τὰς</span> <span class='ocrx_word' id='word_1_55' title='bbox 1473 841 1719 899; x_wconf 75' lang='grc' dir='ltr'>τοιαύτας</span> 
     </span>
    </p>
   </div>
   <div class='ocr_carea' id='block_1_11' title="bbox 111 928 1718 1004">
    <p class='ocr_par' dir='ltr' id='par_1_11' title="bbox 111 928 1718 1004">
     <span class='ocr_line' id='line_1_11' title="bbox 111 928 1718 1004; baseline -0.004 -19"><span class='ocrx_word' id='word_1_56' title='bbox 111 935 273 985; x_wconf 65' lang='grc' dir='ltr'>αὐτῶν</span> <span class='ocrx_word' id='word_1_57' title='bbox 327 935 652 1004; x_wconf 59' lang='grc' dir='ltr'>προφητείας</span> <span class='ocrx_word' id='word_1_58' title='bbox 711 929 978 991; x_wconf 70' lang='grc' dir='ltr'>ἐξέτειναν.</span> <span class='ocrx_word' id='word_1_59' title='bbox 1023 935 1198 1001; x_wconf 85' lang='grc' dir='ltr'>Μεχρι</span> <span class='ocrx_word' id='word_1_60' title='bbox 1245 930 1334 1000; x_wconf 73' lang='grc' dir='ltr'>μὲν</span> <span class='ocrx_word' id='word_1_61' title='bbox 1385 930 1486 1002; x_wconf 78' lang='grc' dir='ltr'>’γὰρ</span> <span class='ocrx_word' id='word_1_62' title='bbox 1536 928 1718 980; x_wconf 85' lang='grc' dir='ltr'>Ἰωάν-</span> 
     </span>
    </p>
   </div>
   <div class='ocr_carea' id='block_1_12' title="bbox 109 1013 1716 1095">
    <p class='ocr_par' dir='ltr' id='par_1_12' title="bbox 109 1013 1716 1095">
     <span class='ocr_line' id='line_1_12' title="bbox 109 1013 1716 1095; baseline -0.004 -21"><span class='ocrx_word' id='word_1_63' title='bbox 109 1043 194 1074; x_wconf 81' lang='grc' dir='ltr'>νου</span> <span class='ocrx_word' id='word_1_64' title='bbox 243 1028 562 1095; x_wconf 56' lang='grc' dir='ltr'>προφητεῖαι</span> <span class='ocrx_word' id='word_1_65' title='bbox 615 1015 751 1076; x_wconf 72' lang='grc' dir='ltr'>ἦσαν</span> <span class='ocrx_word' id='word_1_66' title='bbox 804 1014 1002 1069; x_wconf 75' lang='grc' dir='ltr'>αὗταιο</span> <span class='ocrx_word' id='word_1_67' title='bbox 1036 1016 1113 1069; x_wconf 86' lang='grc' dir='ltr'>ἐπ’</span> <span class='ocrx_word' id='word_1_68' title='bbox 1173 1017 1334 1070; x_wconf 77' lang='grc' dir='ltr'>αὐτοῦ</span> <span class='ocrx_word' id='word_1_69' title='bbox 1401 1013 1460 1069; x_wconf 71' lang='grc' dir='ltr'>δὲ</span> <span class='ocrx_word' id='word_1_70' title='bbox 1519 1016 1716 1078; x_wconf 85' lang='grc' dir='ltr'>λοιπόν,</span> 
     </span>
    </p>
   </div>
   <div class='ocr_carea' id='block_1_13' title="bbox 113 1104 1722 1183">
    <p class='ocr_par' dir='ltr' id='par_1_13' title="bbox 113 1104 1722 1183">
     <span class='ocr_line' id='line_1_13' title="bbox 113 1104 1722 1183; baseline -0.004 -20"><span class='ocrx_word' id='word_1_71' title='bbox 113 1113 204 1163; x_wconf 64' lang='grc' dir='ltr'>οὐκ</span> <span class='ocrx_word' id='word_1_72' title='bbox 266 1114 349 1162; x_wconf 82' lang='grc' dir='ltr'>ἔτι</span> <span class='ocrx_word' id='word_1_73' title='bbox 409 1114 727 1183; x_wconf 69' lang='grc' dir='ltr'>προφητεῖαι</span> <span class='ocrx_word' id='word_1_74' title='bbox 792 1111 1162 1178; x_wconf 72' lang='grc' dir='ltr'>μεμενήκασιν,</span> <span class='ocrx_word' id='word_1_75' title='bbox 1240 1104 1367 1157; x_wconf 76' lang='grc' dir='ltr'>ἀλλὰ</span> <span class='ocrx_word' id='word_1_76' title='bbox 1435 1107 1722 1178; x_wconf 73' lang='grc' dir='ltr'>πράγματα</span> 
     </span>
    </p>
   </div>
   <div class='ocr_carea' id='block_1_14' title="bbox 110 1190 1719 1271">
    <p class='ocr_par' dir='ltr' id='par_1_14' title="bbox 110 1190 1719 1271">
     <span class='ocr_line' id='line_1_14' title="bbox 110 1190 1719 1271; baseline -0.004 -20"><span class='ocrx_word' id='word_1_77' title='bbox 110 1205 411 1271; x_wconf 67' lang='grc' dir='ltr'>γεγόνασι..</span> <span class='ocrx_word' id='word_1_78' title='bbox 465 1204 566 1250; x_wconf 79' lang='grc' dir='ltr'>Και</span> <span class='ocrx_word' id='word_1_79' title='bbox 617 1198 716 1269; x_wconf 71' lang='grc' dir='ltr'>γὰρ</span> <span class='ocrx_word' id='word_1_80' title='bbox 771 1195 926 1256; x_wconf 71' lang='grc' dir='ltr'>αὐτὸς</span> <span class='ocrx_word' id='word_1_81' title='bbox 972 1190 1077 1247; x_wconf 83' lang='grc' dir='ltr'>εἶδε</span> <span class='ocrx_word' id='word_1_82' title='bbox 1123 1199 1218 1252; x_wconf 82' lang='grc' dir='ltr'>τὴν</span> <span class='ocrx_word' id='word_1_83' title='bbox 1248 1192 1459 1246; x_wconf 80' lang='grc' dir='ltr'>ἔκϐασιν</span> <span class='ocrx_word' id='word_1_84' title='bbox 1502 1197 1719 1250; x_wconf 84' lang='grc' dir='ltr'>τούτων.</span> 
     </span>
    </p>
   </div>
   <div class='ocr_carea' id='block_1_15' title="bbox 109 1281 1722 1357">
    <p class='ocr_par' dir='ltr' id='par_1_15' title="bbox 109 1281 1722 1357">
     <span class='ocr_line' id='line_1_15' title="bbox 109 1281 1722 1357; baseline -0.004 -17"><span class='ocrx_word' id='word_1_85' title='bbox 109 1293 195 1341; x_wconf 79' lang='grc' dir='ltr'>Διό</span> <span class='ocrx_word' id='word_1_86' title='bbox 249 1294 367 1350; x_wconf 80' lang='grc' dir='ltr'>καὶ,</span> <span class='ocrx_word' id='word_1_87' title='bbox 417 1285 662 1357; x_wconf 75' lang='grc' dir='ltr'>ἐπιγνοὺς</span> <span class='ocrx_word' id='word_1_88' title='bbox 712 1289 803 1336; x_wconf 89' lang='grc' dir='ltr'>τόν</span> <span class='ocrx_word' id='word_1_89' title='bbox 842 1285 1093 1356; x_wconf 84' lang='grc' dir='ltr'>Χριστόν,</span> <span class='ocrx_word' id='word_1_90' title='bbox 1145 1281 1306 1356; x_wconf 83' lang='grc' dir='ltr'>ἀμνὸν</span> <span class='ocrx_word' id='word_1_91' title='bbox 1352 1282 1508 1335; x_wconf 77' lang='grc' dir='ltr'>αὐτὸν</span> <span class='ocrx_word' id='word_1_92' title='bbox 1561 1300 1722 1356; x_wconf 88' lang='grc' dir='ltr'>προσ-</span> 
     </span>
    </p>
   </div>
   <div class='ocr_carea' id='block_1_16' title="bbox 766 1369 1721 1445">
    <p class='ocr_par' dir='ltr' id='par_1_16' title="bbox 766 1369 1721 1445">
     <span class='ocr_line' id='line_1_16' title="bbox 766 1369 1721 1445; baseline -0.002 -20"><span class='ocrx_word' id='word_1_93' title='bbox 766 1369 910 1425; x_wconf 82' lang='grc' dir='ltr'>Ἰδού</span> <span class='ocrx_word' id='word_1_94' title='bbox 963 1373 990 1424; x_wconf 91' lang='lat'>6</span> <span class='ocrx_word' id='word_1_95' title='bbox 1061 1372 1246 1445; x_wconf 82' lang='grc' dir='ltr'>Ἀμνός</span> <span class='ocrx_word' id='word_1_96' title='bbox 1321 1379 1412 1424; x_wconf 84' lang='grc' dir='ltr'>τοῦ</span> <span class='ocrx_word' id='word_1_97' title='bbox 1488 1379 1644 1442; x_wconf 84' lang='grc' dir='ltr'>Θεοῦ,</span> <span class='ocrx_word' id='word_1_98' title='bbox 1697 1373 1721 1423; x_wconf 92' lang='lat'>6</span> 
     </span>
    </p>
   </div>
   <div class='ocr_carea' id='block_1_17' title="bbox 110 1463 1066 1540">
    <p class='ocr_par' dir='ltr' id='par_1_17' title="bbox 110 1463 1066 1540">
     <span class='ocr_line' id='line_1_17' title="bbox 110 1463 1066 1540; baseline -0.003 -22"><span class='ocrx_word' id='word_1_99' title='bbox 110 1470 270 1540; x_wconf 80' lang='grc' dir='ltr'>αἴρων</span> <span class='ocrx_word' id='word_1_100' title='bbox 297 1469 394 1522; x_wconf 68' lang='grc' dir='ltr'>τήν</span> <span class='ocrx_word' id='word_1_101' title='bbox 424 1463 690 1538; x_wconf 76' lang='grc' dir='ltr'>ἁμαρτίαν</span> <span class='ocrx_word' id='word_1_102' title='bbox 719 1469 812 1514; x_wconf 83' lang='grc' dir='ltr'>τοῦ</span> <span class='ocrx_word' id='word_1_103' title='bbox 841 1466 1066 1533; x_wconf 79' lang='grc' dir='ltr'>κόσμου.</span> 
     </span>
    </p>
   </div>
   <div class='ocr_carea' id='block_1_18' title="bbox 111 1375 681 1451">
    <p class='ocr_par' dir='ltr' id='par_1_18' title="bbox 111 1375 681 1451">
     <span class='ocr_line' id='line_1_18' title="bbox 111 1375 681 1451; baseline -0.002 -22"><span class='ocrx_word' id='word_1_104' title='bbox 111 1382 419 1451; x_wconf 68' lang='grc' dir='ltr'>ηγόρευσεν,</span> <span class='ocrx_word' id='word_1_105' title='bbox 506 1375 681 1428; x_wconf 81' lang='grc' dir='ltr'>εἰπών.</span> 
     </span>
    </p>
   </div>
   <div class='ocr_carea' id='block_1_19' title="bbox 183 1548 1723 1628">
    <p class='ocr_par' dir='ltr' id='par_1_19' title="bbox 183 1548 1723 1628">
     <span class='ocr_line' id='line_1_19' title="bbox 183 1548 1723 1628; baseline -0.003 -23"><span class='ocrx_word' id='word_1_106' title='bbox 183 1559 374 1628; x_wconf 80' lang='grc' dir='ltr'>Εῑρηκε</span> <span class='ocrx_word' id='word_1_107' title='bbox 415 1549 477 1605; x_wconf 68' lang='grc' dir='ltr'>δε</span> <span class='ocrx_word' id='word_1_108' title='bbox 527 1555 614 1604; x_wconf 88' lang='grc' dir='ltr'>τὸν</span> <span class='ocrx_word' id='word_1_109' title='bbox 663 1550 813 1622; x_wconf 73' lang='grc' dir='ltr'>λόγον</span> <span class='ocrx_word' id='word_1_110' title='bbox 871 1557 1050 1603; x_wconf 77' lang='grc' dir='ltr'>τοῦτον</span> <span class='ocrx_word' id='word_1_111' title='bbox 1081 1551 1107 1601; x_wconf 93' lang='lat'>6</span> <span class='ocrx_word' id='word_1_112' title='bbox 1162 1552 1414 1624; x_wconf 82' lang='grc' dir='ltr'>Χριστός,</span> <span class='ocrx_word' id='word_1_113' title='bbox 1469 1548 1578 1622; x_wconf 81' lang='grc' dir='ltr'>ἅμα</span> <span class='ocrx_word' id='word_1_114' title='bbox 1633 1551 1723 1621; x_wconf 70' lang='grc' dir='ltr'>μεν</span> 
     </span>
    </p>
   </div>
   <div class='ocr_carea' id='block_1_20' title="bbox 111 1638 1723 1711">
    <p class='ocr_par' dir='ltr' id='par_1_20' title="bbox 111 1638 1723 1711">
     <span class='ocr_line' id='line_1_20' title="bbox 111 1638 1723 1711; baseline -0.003 -16"><span class='ocrx_word' id='word_1_115' title='bbox 111 1648 202 1696; x_wconf 79' lang='grc' dir='ltr'>καὶ</span> <span class='ocrx_word' id='word_1_116' title='bbox 247 1642 481 1694; x_wconf 77' lang='grc' dir='ltr'>ἐντεῦθεν</span> <span class='ocrx_word' id='word_1_117' title='bbox 529 1642 745 1692; x_wconf 73' lang='grc' dir='ltr'>ἐπαινῶν</span> <span class='ocrx_word' id='word_1_118' title='bbox 799 1641 886 1690; x_wconf 88' lang='grc' dir='ltr'>τόν</span> <span class='ocrx_word' id='word_1_119' title='bbox 942 1639 1201 1707; x_wconf 76' lang='grc' dir='ltr'>Ἰωάννην,</span> <span class='ocrx_word' id='word_1_120' title='bbox 1250 1641 1314 1698; x_wconf 86' lang='grc' dir='ltr'>ὡς</span> <span class='ocrx_word' id='word_1_121' title='bbox 1369 1638 1481 1710; x_wconf 78' lang='grc'>(44)</span> <span class='ocrx_word' id='word_1_122' title='bbox 1523 1647 1723 1711; x_wconf 86' lang='grc' dir='ltr'>πρῶτον</span> 
     </span>
    </p>
   </div>
   <div class='ocr_carea' id='block_1_21' title="bbox 1825 481 3472 554">
    <p class='ocr_par' dir='ltr' id='par_1_21' title="bbox 1825 481 3472 554">
     <span class='ocr_line' id='line_1_21' title="bbox 1825 481 3472 554; baseline 0.001 -17"><span class='ocrx_word' id='word_1_123' title='bbox 1825 481 1939 537; x_wconf 87' lang='lat' dir='ltr'>bus</span> <span class='ocrx_word' id='word_1_124' title='bbox 1958 483 2106 553; x_wconf 89' lang='lat' dir='ltr'>ejus,</span> <span class='ocrx_word' id='word_1_125' title='bbox 2130 483 2231 554; x_wconf 86' lang='lat' dir='ltr'>qui</span> <span class='ocrx_word' id='word_1_126' title='bbox 2255 497 2364 554; x_wconf 92' lang='lat' dir='ltr'>pro</span> <span class='ocrx_word' id='word_1_127' title='bbox 2378 483 2608 540; x_wconf 90' lang='lat' dir='ltr'>mundo</span> <span class='ocrx_word' id='word_1_128' title='bbox 2622 490 2744 541; x_wconf 87' lang='lat' dir='ltr'>erat</span> <span class='ocrx_word' id='word_1_129' title='bbox 2761 483 3119 540; x_wconf 76' lang='lat' dir='ltr'>efferendus.</span> <span class='ocrx_word' id='word_1_130' title='bbox 3142 484 3286 540; x_wconf 86' lang='lat' dir='ltr'>Dicit</span> <span class='ocrx_word' id='word_1_131' title='bbox 3301 499 3472 554; x_wconf 84' lang='lat' dir='ltr'>ergo:</span> 
     </span>
    </p>
   </div>
   <div class='ocr_carea' id='block_1_22' title="bbox 1827 572 3478 644">
    <p class='ocr_par' dir='ltr' id='par_1_22' title="bbox 1827 572 3478 644">
     <span class='ocr_line' id='line_1_22' title="bbox 1827 572 3478 644; baseline 0.001 -18"><span class='ocrx_word' id='word_1_132' title='bbox 1827 572 2046 627; x_wconf 86' lang='lat' dir='ltr'>Omnes</span> <span class='ocrx_word' id='word_1_133' title='bbox 2066 572 2386 644; x_wconf 59' lang='lat' dir='ltr'>prophetae,</span> <span class='ocrx_word' id='word_1_134' title='bbox 2421 574 2522 644; x_wconf 92' lang='lat' dir='ltr'>qui</span> <span class='ocrx_word' id='word_1_135' title='bbox 2551 573 2819 630; x_wconf 79' lang='lat' dir='ltr'>videlicet</span> <span class='ocrx_word' id='word_1_136' title='bbox 2855 573 2929 629; x_wconf 90' lang='lat' dir='ltr'>de</span> <span class='ocrx_word' id='word_1_137' title='bbox 2956 578 3204 628; x_wconf 83' lang='lat' dir='ltr'>venturo</span> <span class='ocrx_word' id='word_1_138' title='bbox 3245 573 3478 629; x_wconf 77' lang='lat' dir='ltr'>Christo</span> 
     </span>
    </p>
   </div>
   <div class='ocr_carea' id='block_1_23' title="bbox 1827 660 3480 734">
    <p class='ocr_par' dir='ltr' id='par_1_23' title="bbox 1827 660 3480 734">
     <span class='ocr_line' id='line_1_23' title="bbox 1827 660 3480 734; baseline 0.001 -20"><span class='ocrx_word' id='word_1_139' title='bbox 1827 660 2335 731; x_wconf 85' lang='lat' dir='ltr'>prophetaverant,</span> <span class='ocrx_word' id='word_1_140' title='bbox 2388 666 2445 716; x_wconf 89' lang='lat' dir='ltr'>et</span> <span class='ocrx_word' id='word_1_141' title='bbox 2508 661 2602 717; x_wconf 81' lang='lat' dir='ltr'>lex</span> <span class='ocrx_word' id='word_1_142' title='bbox 2643 679 2773 734; x_wconf 67' lang='lat' dir='ltr'>quae</span> <span class='ocrx_word' id='word_1_143' title='bbox 2839 663 2900 718; x_wconf 93' lang='lat' dir='ltr'>in</span> <span class='ocrx_word' id='word_1_144' title='bbox 2969 663 3172 718; x_wconf 92' lang='lat' dir='ltr'>ovium</span> <span class='ocrx_word' id='word_1_145' title='bbox 3235 669 3290 718; x_wconf 92' lang='lat' dir='ltr'>et</span> <span class='ocrx_word' id='word_1_146' title='bbox 3341 661 3480 732; x_wconf 82' lang='lat' dir='ltr'>agni</span> 
     </span>
    </p>
   </div>
   <div class='ocr_carea' id='block_1_24' title="bbox 1826 748 3479 822">
    <p class='ocr_par' dir='ltr' id='par_1_24' title="bbox 1826 748 3479 822">
     <span class='ocr_line' id='line_1_24' title="bbox 1826 748 3479 822; baseline 0.002 -19"><span class='ocrx_word' id='word_1_147' title='bbox 1826 748 2253 819; x_wconf 87' lang='lat' dir='ltr'>immolatione,</span> <span class='ocrx_word' id='word_1_148' title='bbox 2287 750 2687 822; x_wconf 88' lang='lat' dir='ltr'>prophetabat</span> <span class='ocrx_word' id='word_1_149' title='bbox 2725 752 2800 807; x_wconf 92' lang='lat' dir='ltr'>de</span> <span class='ocrx_word' id='word_1_150' title='bbox 2832 751 3059 807; x_wconf 80' lang='lat' dir='ltr'>Christo</span> <span class='ocrx_word' id='word_1_151' title='bbox 3086 750 3479 815; x_wconf 90' lang='lat' dir='ltr'>immolando,</span> 
     </span>
    </p>
   </div>
   <div class='ocr_carea' id='block_1_25' title="bbox 1827 837 3484 912">
    <p class='ocr_par' dir='ltr' id='par_1_25' title="bbox 1827 837 3484 912">
     <span class='ocr_line' id='line_1_25' title="bbox 1827 837 3484 912; baseline 0.002 -20"><span class='ocrx_word' id='word_1_152' title='bbox 1827 837 2174 908; x_wconf 90' lang='lat' dir='ltr'>hujusmodi</span> <span class='ocrx_word' id='word_1_153' title='bbox 2207 839 2546 910; x_wconf 89' lang='lat' dir='ltr'>prophetias</span> <span class='ocrx_word' id='word_1_154' title='bbox 2575 841 2650 894; x_wconf 87' lang='lat' dir='ltr'>ad</span> <span class='ocrx_word' id='word_1_155' title='bbox 2675 843 2967 896; x_wconf 87' lang='lat' dir='ltr'>Joannem</span> <span class='ocrx_word' id='word_1_156' title='bbox 3013 857 3195 911; x_wconf 86' lang='lat' dir='ltr'>usque</span> <span class='ocrx_word' id='word_1_157' title='bbox 3251 844 3484 912; x_wconf 87' lang='lat' dir='ltr'>proten-</span> 
     </span>
    </p>
   </div>
   <div class='ocr_carea' id='block_1_26' title="bbox 1828 925 3482 1000">
    <p class='ocr_par' dir='ltr' id='par_1_26' title="bbox 1828 925 3482 1000">
     <span class='ocr_line' id='line_1_26' title="bbox 1828 925 3482 1000; baseline 0.002 -20"><span class='ocrx_word' id='word_1_158' title='bbox 1828 925 2068 983; x_wconf 89' lang='lat' dir='ltr'>derunt.</span> <span class='ocrx_word' id='word_1_159' title='bbox 2120 929 2216 982; x_wconf 68' lang='lat' dir='ltr'>Hae</span> <span class='ocrx_word' id='word_1_160' title='bbox 2265 927 2554 998; x_wconf 88' lang='lat' dir='ltr'>siquidem</span> <span class='ocrx_word' id='word_1_161' title='bbox 2597 929 2917 1000; x_wconf 59' lang='lat' dir='ltr'>prophetia</span> <span class='ocrx_word' id='word_1_162' title='bbox 2967 933 3137 984; x_wconf 88' lang='lat' dir='ltr'>erant</span> <span class='ocrx_word' id='word_1_163' title='bbox 3177 945 3365 1000; x_wconf 90' lang='lat' dir='ltr'>usque</span> <span class='ocrx_word' id='word_1_164' title='bbox 3405 929 3482 984; x_wconf 90' lang='lat' dir='ltr'>ad</span> 
     </span>
    </p>
   </div>
   <div class='ocr_carea' id='block_1_27' title="bbox 1825 1013 3486 1088">
    <p class='ocr_par' dir='ltr' id='par_1_27' title="bbox 1825 1013 3486 1088">
     <span class='ocr_line' id='line_1_27' title="bbox 1825 1013 3486 1088; baseline 0.003 -21"><span class='ocrx_word' id='word_1_165' title='bbox 1825 1013 2110 1069; x_wconf 85' lang='lat' dir='ltr'>Joannem</span> <span class='ocrx_word' id='word_1_166' title='bbox 2145 1031 2156 1070; x_wconf 88' lang='lat'><strong>:</strong></span> <span class='ocrx_word' id='word_1_167' title='bbox 2188 1013 2469 1088; x_wconf 88' lang='lat' dir='ltr'>deinceps</span> <span class='ocrx_word' id='word_1_168' title='bbox 2518 1031 2660 1070; x_wconf 90' lang='lat' dir='ltr'>vero</span> <span class='ocrx_word' id='word_1_169' title='bbox 2708 1032 2841 1071; x_wconf 90' lang='lat' dir='ltr'>cum</span> <span class='ocrx_word' id='word_1_170' title='bbox 2878 1015 2975 1071; x_wconf 89' lang='lat' dir='ltr'>illo</span> <span class='ocrx_word' id='word_1_171' title='bbox 2999 1017 3125 1086; x_wconf 87' lang='lat' dir='ltr'>jam</span> <span class='ocrx_word' id='word_1_172' title='bbox 3175 1032 3297 1071; x_wconf 90' lang='lat' dir='ltr'>non</span> <span class='ocrx_word' id='word_1_173' title='bbox 3351 1032 3486 1088; x_wconf 89' lang='lat' dir='ltr'>pro-</span> 
     </span>
    </p>
   </div>
   <div class='ocr_carea' id='block_1_28' title="bbox 1828 1101 3486 1176">
    <p class='ocr_par' dir='ltr' id='par_1_28' title="bbox 1828 1101 3486 1176">
     <span class='ocr_line' id='line_1_28' title="bbox 1828 1101 3486 1176; baseline 0.002 -19"><span class='ocrx_word' id='word_1_174' title='bbox 1828 1101 2043 1174; x_wconf 65' lang='lat' dir='ltr'>phetia:</span> <span class='ocrx_word' id='word_1_175' title='bbox 2070 1109 2442 1172; x_wconf 87' lang='lat' dir='ltr'>manserunt,</span> <span class='ocrx_word' id='word_1_176' title='bbox 2484 1103 2589 1159; x_wconf 88' lang='lat' dir='ltr'>sed</span> <span class='ocrx_word' id='word_1_177' title='bbox 2619 1119 2866 1176; x_wconf 89' lang='lat' dir='ltr'>operum</span> <span class='ocrx_word' id='word_1_178' title='bbox 2890 1105 3282 1161; x_wconf 83' lang='lat' dir='ltr'>exhibitiones</span> <span class='ocrx_word' id='word_1_179' title='bbox 3323 1105 3486 1161; x_wconf 84' lang='lat' dir='ltr'>factae</span> 
     </span>
    </p>
   </div>
   <div class='ocr_carea' id='block_1_29' title="bbox 1831 1193 3487 1267">
    <p class='ocr_par' dir='ltr' id='par_1_29' title="bbox 1831 1193 3487 1267">
     <span class='ocr_line' id='line_1_29' title="bbox 1831 1193 3487 1267; baseline 0.004 -22"><span class='ocrx_word' id='word_1_180' title='bbox 1831 1196 1997 1248; x_wconf 91' lang='lat' dir='ltr'>sunt.</span> <span class='ocrx_word' id='word_1_181' title='bbox 2057 1194 2205 1248; x_wconf 88' lang='lat' dir='ltr'>Nam</span> <span class='ocrx_word' id='word_1_182' title='bbox 2261 1193 2466 1248; x_wconf 85' lang='lat' dir='ltr'>horum</span> <span class='ocrx_word' id='word_1_183' title='bbox 2500 1193 2631 1265; x_wconf 88' lang='lat' dir='ltr'>ipse</span> <span class='ocrx_word' id='word_1_184' title='bbox 2684 1193 2830 1250; x_wconf 90' lang='lat' dir='ltr'>vidit</span> <span class='ocrx_word' id='word_1_185' title='bbox 2871 1199 3150 1250; x_wconf 83' lang='lat' dir='ltr'>eventum</span> <span class='ocrx_word' id='word_1_186' title='bbox 3183 1212 3196 1250; x_wconf 91' lang='lat'><strong>:</strong></span> <span class='ocrx_word' id='word_1_187' title='bbox 3229 1195 3487 1267; x_wconf 91' lang='lat' dir='ltr'>ideoque</span> 
     </span>
    </p>
   </div>
   <div class='ocr_carea' id='block_1_30' title="bbox 1830 1281 3483 1356">
    <p class='ocr_par' dir='ltr' id='par_1_30' title="bbox 1830 1281 3483 1356">
     <span class='ocr_line' id='line_1_30' title="bbox 1830 1281 3483 1356; baseline 0.001 -19"><span class='ocrx_word' id='word_1_188' title='bbox 1830 1281 2036 1351; x_wconf 82' lang='lat' dir='ltr'>agnito</span> <span class='ocrx_word' id='word_1_189' title='bbox 2078 1281 2330 1346; x_wconf 80' lang='lat' dir='ltr'>Christo,</span> <span class='ocrx_word' id='word_1_190' title='bbox 2377 1299 2600 1355; x_wconf 82' lang='lat' dir='ltr'>agnum</span> <span class='ocrx_word' id='word_1_191' title='bbox 2644 1299 2781 1339; x_wconf 90' lang='lat' dir='ltr'>eum</span> <span class='ocrx_word' id='word_1_192' title='bbox 2840 1282 3184 1356; x_wconf 84' lang='lat' dir='ltr'>appellavit,</span> <span class='ocrx_word' id='word_1_193' title='bbox 3238 1285 3483 1341; x_wconf 89' lang='lat' dir='ltr'>dicens:</span> 
     </span>
    </p>
   </div>
   <div class='ocr_carea' id='block_1_31' title="bbox 1829 1371 3342 1443">
    <p class='ocr_par' dir='ltr' id='par_1_31' title="bbox 1829 1371 3342 1443">
     <span class='ocr_line' id='line_1_31' title="bbox 1829 1371 3342 1443; baseline 0.002 -17"><span class='ocrx_word' id='word_1_194' title='bbox 1829 1371 1984 1427; x_wconf 84' lang='lat' dir='ltr'>Ecce</span> <span class='ocrx_word' id='word_1_195' title='bbox 2019 1371 2222 1442; x_wconf 85' lang='lat' dir='ltr'><strong><em>Agnus</em></strong></span> <span class='ocrx_word' id='word_1_196' title='bbox 2253 1371 2355 1427; x_wconf 91' lang='lat' dir='ltr'>Dei</span> <span class='ocrx_word' id='word_1_197' title='bbox 2378 1372 2482 1443; x_wconf 86' lang='lat' dir='ltr'>qui</span> <span class='ocrx_word' id='word_1_198' title='bbox 2517 1373 2670 1428; x_wconf 77' lang='lat' dir='ltr'>tollit</span> <span class='ocrx_word' id='word_1_199' title='bbox 2696 1380 3006 1442; x_wconf 83' lang='lat' dir='ltr'>peccatum</span> <span class='ocrx_word' id='word_1_200' title='bbox 3040 1373 3244 1430; x_wconf 83' lang='lat' dir='ltr'>mundi</span> <span class='ocrx_word' id='word_1_201' title='bbox 3273 1376 3342 1429; x_wconf 65' lang='grc' dir='ltr'>ιτ.</span> 
     </span>
    </p>
   </div>
   <div class='ocr_carea' id='block_1_32' title="bbox 1901 1547 3490 1622">
    <p class='ocr_par' dir='ltr' id='par_1_32' title="bbox 1901 1547 3490 1622">
     <span class='ocr_line' id='line_1_32' title="bbox 1901 1547 3490 1622; baseline 0.001 -18"><span class='ocrx_word' id='word_1_202' title='bbox 1901 1547 2164 1605; x_wconf 81' lang='lat' dir='ltr'>Christus</span> <span class='ocrx_word' id='word_1_203' title='bbox 2176 1553 2376 1606; x_wconf 89' lang='lat' dir='ltr'>autem</span> <span class='ocrx_word' id='word_1_204' title='bbox 2389 1549 2550 1605; x_wconf 92' lang='lat' dir='ltr'>hunc</span> <span class='ocrx_word' id='word_1_205' title='bbox 2571 1549 2806 1605; x_wconf 89' lang='lat' dir='ltr'>locutus</span> <span class='ocrx_word' id='word_1_206' title='bbox 2824 1554 3282 1622; x_wconf 86' lang='lat' dir='ltr'>estsermonem,</span> <span class='ocrx_word' id='word_1_207' title='bbox 3313 1550 3490 1607; x_wconf 89' lang='lat' dir='ltr'>simul</span> 
     </span>
    </p>
   </div>
   <div class='ocr_carea' id='block_1_33' title="bbox 1830 1638 3490 1713">
    <p class='ocr_par' dir='ltr' id='par_1_33' title="bbox 1830 1638 3490 1713">
     <span class='ocr_line' id='line_1_33' title="bbox 1830 1638 3490 1713; baseline 0.003 -22"><span class='ocrx_word' id='word_1_208' title='bbox 1830 1639 2126 1694; x_wconf 87' lang='lat' dir='ltr'>Joannem</span> <span class='ocrx_word' id='word_1_209' title='bbox 2175 1638 2314 1694; x_wconf 90' lang='lat' dir='ltr'>hinc</span> <span class='ocrx_word' id='word_1_210' title='bbox 2351 1638 2626 1704; x_wconf 88' lang='lat' dir='ltr'>laudans,</span> <span class='ocrx_word' id='word_1_211' title='bbox 2681 1644 2975 1710; x_wconf 84' lang='lat' dir='ltr'>tanquam</span> <span class='ocrx_word' id='word_1_212' title='bbox 3050 1640 3318 1710; x_wconf 88' lang='lat' dir='ltr'>primum</span> <span class='ocrx_word' id='word_1_213' title='bbox 3387 1641 3490 1713; x_wconf 89' lang='lat' dir='ltr'>qui</span> 
     </span>
    </p>
   </div>
   <div class='ocr_carea' id='block_1_34' title="bbox 105 1725 1729 1804">
    <p class='ocr_par' dir='ltr' id='par_1_34' title="bbox 105 1727 1722 1804">
     <span class='ocr_line' id='line_1_34' title="bbox 105 1727 1722 1804; baseline -0.004 -18"><span class='ocrx_word' id='word_1_214' title='bbox 105 1735 394 1804; x_wconf 72' lang='grc' dir='ltr'>ἐπιγνόντα</span> <span class='ocrx_word' id='word_1_215' title='bbox 469 1735 566 1787; x_wconf 81' lang='grc' dir='ltr'>τήν</span> <span class='ocrx_word' id='word_1_216' title='bbox 625 1727 837 1782; x_wconf 75' lang='grc' dir='ltr'>ἔκϐασιν</span> <span class='ocrx_word' id='word_1_217' title='bbox 902 1737 1002 1781; x_wconf 85' lang='grc' dir='ltr'>τῶν</span> <span class='ocrx_word' id='word_1_218' title='bbox 1076 1730 1322 1780; x_wconf 79' lang='grc' dir='ltr'>τοιούτων</span> <span class='ocrx_word' id='word_1_219' title='bbox 1379 1736 1722 1800; x_wconf 70' lang='grc' dir='ltr'>προφητειῶν,</span> 
     </span>
    </p>
   </div>
   <div class='ocr_carea' id='block_1_35' title="bbox 1851 1725 3493 1804">
    <p class='ocr_par' dir='ltr' id='par_1_35' title="bbox 1851 1727 3493 1801">
     <span class='ocr_line' id='line_1_35' title="bbox 1851 1727 3493 1801; baseline 0.002 -20"><span class='ocrx_word' id='word_1_220' title='bbox 1851 1741 2049 1781; x_wconf 80' lang='lat' dir='ltr'>larum</span> <span class='ocrx_word' id='word_1_221' title='bbox 2098 1727 2541 1798; x_wconf 90' lang='lat' dir='ltr'>prophetiarum</span> <span class='ocrx_word' id='word_1_222' title='bbox 2605 1728 2886 1797; x_wconf 82' lang='lat' dir='ltr'>cognovit</span> <span class='ocrx_word' id='word_1_223' title='bbox 2950 1732 3248 1794; x_wconf 87' lang='lat' dir='ltr'>eventum,</span> <span class='ocrx_word' id='word_1_224' title='bbox 3317 1730 3493 1801; x_wconf 90' lang='lat' dir='ltr'>quasi</span> 
     </span>
    </p>
   </div>
   <div class='ocr_carea' id='block_1_36' title="bbox 115 1812 1721 1892">
    <p class='ocr_par' dir='ltr' id='par_1_36' title="bbox 115 1812 1721 1892">
     <span class='ocr_line' id='line_1_36' title="bbox 115 1812 1721 1892; baseline -0.004 -18"><span class='ocrx_word' id='word_1_225' title='bbox 115 1819 204 1874; x_wconf 77' lang='grc' dir='ltr'>οἷα</span> <span class='ocrx_word' id='word_1_226' title='bbox 263 1827 356 1872; x_wconf 79' lang='grc' dir='ltr'>καὶ</span> <span class='ocrx_word' id='word_1_227' title='bbox 415 1819 572 1871; x_wconf 70' lang='grc' dir='ltr'>αὐτόν</span> <span class='ocrx_word' id='word_1_228' title='bbox 625 1823 896 1892; x_wconf 70' lang='grc' dir='ltr'>προφήτην</span> <span class='ocrx_word' id='word_1_229' title='bbox 927 1834 940 1846; x_wconf 82' lang='grc'>⁶</span> <span class='ocrx_word' id='word_1_230' title='bbox 990 1819 1098 1888; x_wconf 81' lang='grc' dir='ltr'>ἄμα</span> <span class='ocrx_word' id='word_1_231' title='bbox 1166 1812 1224 1869; x_wconf 71' lang='grc' dir='ltr'>δι</span> <span class='ocrx_word' id='word_1_232' title='bbox 1281 1821 1370 1868; x_wconf 84' lang='grc' dir='ltr'>καὶ</span> <span class='ocrx_word' id='word_1_233' title='bbox 1427 1813 1721 1883; x_wconf 79' lang='grc' dir='ltr'>διδάσκων,</span> 
     </span>
    </p>
   </div>
   <div class='ocr_carea' id='block_1_37' title="bbox 113 1905 1722 1984">
    <p class='ocr_par' dir='ltr' id='par_1_37' title="bbox 113 1905 1722 1984">
     <span class='ocr_line' id='line_1_37' title="bbox 113 1905 1722 1984; baseline -0.004 -21"><span class='ocrx_word' id='word_1_234' title='bbox 113 1917 198 1963; x_wconf 80' lang='grc' dir='ltr'>ὅτι</span> <span class='ocrx_word' id='word_1_235' title='bbox 245 1913 602 1984; x_wconf 71' lang='grc' dir='ltr'>παραγέγονεν</span> <span class='ocrx_word' id='word_1_236' title='bbox 637 1927 650 1938; x_wconf 86' lang='grc'><strong>·</strong></span> <span class='ocrx_word' id='word_1_237' title='bbox 709 1909 1170 1981; x_wconf 74' lang='grc' dir='ltr'>προφητευόμενος,</span> <span class='ocrx_word' id='word_1_238' title='bbox 1222 1910 1311 1957; x_wconf 81' lang='grc' dir='ltr'>καὶ</span> <span class='ocrx_word' id='word_1_239' title='bbox 1349 1905 1442 1957; x_wconf 74' lang='grc' dir='ltr'>οὐκ</span> <span class='ocrx_word' id='word_1_240' title='bbox 1485 1908 1560 1958; x_wconf 79' lang='grc' dir='ltr'>ἔτι</span> <span class='ocrx_word' id='word_1_241' title='bbox 1611 1910 1722 1982; x_wconf 77' lang='grc' dir='ltr'>χρὴ</span> 
     </span>
    </p>
   </div>
   <div class='ocr_carea' id='block_1_38' title="bbox 111 1996 638 2075">
    <p class='ocr_par' dir='ltr' id='par_1_38' title="bbox 111 1996 638 2075">
     <span class='ocr_line' id='line_1_38' title="bbox 111 1996 638 2075; baseline -0.004 -23"><span class='ocrx_word' id='word_1_242' title='bbox 111 1996 424 2075; x_wconf 77' lang='grc' dir='ltr'>προσδοκᾶν</span> <span class='ocrx_word' id='word_1_243' title='bbox 452 1999 638 2068; x_wconf 83' lang='grc' dir='ltr'>ἕτερον.</span> 
     </span>
    </p>
   </div>
   <div class='ocr_carea' id='block_1_39' title="bbox 185 2081 1728 2155">
    <p class='ocr_par' dir='ltr' id='par_1_39' title="bbox 185 2081 1728 2155">
     <span class='ocr_line' id='line_1_39' title="bbox 185 2081 1728 2155; baseline -0.005 -13"><span class='ocrx_word' id='word_1_244' title='bbox 185 2089 347 2142; x_wconf 73' lang='grc' dir='ltr'>Ἐστι</span> <span class='ocrx_word' id='word_1_245' title='bbox 415 2083 477 2139; x_wconf 63' lang='grc' dir='ltr'>δὲ</span> <span class='ocrx_word' id='word_1_246' title='bbox 535 2089 629 2136; x_wconf 86' lang='grc' dir='ltr'>καὶ</span> <span class='ocrx_word' id='word_1_247' title='bbox 709 2083 836 2141; x_wconf 83' lang='grc' dir='ltr'>ἄλλη</span> <span class='ocrx_word' id='word_1_248' title='bbox 915 2101 993 2142; x_wconf 91' lang='grc' dir='ltr'>τις</span> <span class='ocrx_word' id='word_1_249' title='bbox 1049 2081 1313 2155; x_wconf 73' lang='grc' dir='ltr'>ἕξήγησις,</span> <span class='ocrx_word' id='word_1_250' title='bbox 1391 2084 1470 2135; x_wconf 85' lang='grc' dir='ltr'>ὅτι</span> <span class='ocrx_word' id='word_1_251' title='bbox 1546 2101 1728 2143; x_wconf 85' lang='grc' dir='ltr'>παντες</span> 
     </span>
    </p>
   </div>
   <div class='ocr_carea' id='block_1_40' title="bbox 109 2172 1728 2248">
    <p class='ocr_par' dir='ltr' id='par_1_40' title="bbox 109 2172 1728 2248">
     <span class='ocr_line' id='line_1_40' title="bbox 109 2172 1728 2248; baseline -0.004 -19"><span class='ocrx_word' id='word_1_252' title='bbox 109 2178 291 2237; x_wconf 68' lang='grc' dir='ltr'>ἁπλῶς</span> <span class='ocrx_word' id='word_1_253' title='bbox 347 2178 397 2226; x_wconf 82' lang='grc' dir='ltr'>οἱ</span> <span class='ocrx_word' id='word_1_254' title='bbox 455 2181 722 2248; x_wconf 63' lang='grc' dir='ltr'>προφῆται</span> <span class='ocrx_word' id='word_1_255' title='bbox 769 2177 860 2226; x_wconf 79' lang='grc' dir='ltr'>καὶ</span> <span class='ocrx_word' id='word_1_256' title='bbox 918 2174 944 2224; x_wconf 92' lang='lat'>6</span> <span class='ocrx_word' id='word_1_257' title='bbox 989 2177 1141 2245; x_wconf 83' lang='grc' dir='ltr'>νόμος</span> <span class='ocrx_word' id='word_1_258' title='bbox 1194 2179 1286 2225; x_wconf 80' lang='grc' dir='ltr'>τοῦ</span> <span class='ocrx_word' id='word_1_259' title='bbox 1349 2172 1462 2243; x_wconf 78' lang='grc'>(4-5)</span> <span class='ocrx_word' id='word_1_260' title='bbox 1530 2189 1728 2244; x_wconf 74' lang='grc' dir='ltr'>προφη-</span> 
     </span>
    </p>
   </div>
   <div class='ocr_carea' id='block_1_41' title="bbox 107 2256 1725 2336">
    <p class='ocr_par' dir='ltr' id='par_1_41' title="bbox 107 2256 1725 2336">
     <span class='ocr_line' id='line_1_41' title="bbox 107 2256 1725 2336; baseline -0.004 -19"><span class='ocrx_word' id='word_1_261' title='bbox 107 2269 278 2318; x_wconf 70' lang='grc' dir='ltr'>τεύειν</span> <span class='ocrx_word' id='word_1_262' title='bbox 365 2267 459 2324; x_wconf 79' lang='grc' dir='ltr'>ἕως</span> <span class='ocrx_word' id='word_1_263' title='bbox 539 2263 775 2315; x_wconf 87' lang='grc' dir='ltr'>Ἰωάννου</span> <span class='ocrx_word' id='word_1_264' title='bbox 855 2266 1240 2336; x_wconf 74' lang='grc' dir='ltr'>προεφήτευσαν</span> <span class='ocrx_word' id='word_1_265' title='bbox 1311 2259 1358 2312; x_wconf 82' lang='grc' dir='ltr'>ἐν</span> <span class='ocrx_word' id='word_1_266' title='bbox 1427 2256 1725 2323; x_wconf 83' lang='grc' dir='ltr'>Ἰοῦδαίοις,</span> 
     </span>
    </p>
   </div>
   <div class='ocr_carea' id='block_1_42' title="bbox 105 2345 1725 2423">
    <p class='ocr_par' dir='ltr' id='par_1_42' title="bbox 105 2345 1725 2423">
     <span class='ocr_line' id='line_1_42' title="bbox 105 2345 1725 2423; baseline -0.003 -18"><span class='ocrx_word' id='word_1_267' title='bbox 105 2361 202 2404; x_wconf 83' lang='grc' dir='ltr'>καί</span> <span class='ocrx_word' id='word_1_268' title='bbox 246 2353 548 2413; x_wconf 81' lang='grc' dir='ltr'>τελευταῖος</span> <span class='ocrx_word' id='word_1_269' title='bbox 590 2355 862 2423; x_wconf 75' lang='grc' dir='ltr'>προφήτης</span> <span class='ocrx_word' id='word_1_270' title='bbox 912 2345 1062 2410; x_wconf 77' lang='grc' dir='ltr'>οὗτός</span> <span class='ocrx_word' id='word_1_271' title='bbox 1101 2348 1213 2402; x_wconf 79' lang='grc' dir='ltr'>ἔστι</span> <span class='ocrx_word' id='word_1_272' title='bbox 1245 2365 1257 2378; x_wconf 84' lang='lat'><strong><em>°</em></strong></span> <span class='ocrx_word' id='word_1_273' title='bbox 1314 2351 1373 2400; x_wconf 89' lang='grc' dir='ltr'>τὸ</span> <span class='ocrx_word' id='word_1_274' title='bbox 1420 2348 1597 2400; x_wconf 88' lang='grc' dir='ltr'>λοιπὸν</span> <span class='ocrx_word' id='word_1_275' title='bbox 1647 2345 1725 2412; x_wconf 73' lang='grc' dir='ltr'>δὲ,</span> 
     </span>
    </p>
   </div>
   <div class='ocr_carea' id='block_1_43' title="bbox 109 2439 1730 2514">
    <p class='ocr_par' dir='ltr' id='par_1_43' title="bbox 109 2439 1730 2514">
     <span class='ocr_line' id='line_1_43' title="bbox 109 2439 1730 2514; baseline -0.004 -19"><span class='ocrx_word' id='word_1_276' title='bbox 109 2439 290 2502; x_wconf 59' lang='grc' dir='ltr'>οὐδεὶς</span> <span class='ocrx_word' id='word_1_277' title='bbox 350 2443 522 2514; x_wconf 81' lang='grc' dir='ltr'>ἔτερος</span> <span class='ocrx_word' id='word_1_278' title='bbox 571 2440 749 2500; x_wconf 69' lang='grc' dir='ltr'>αὐτοῖς</span> <span class='ocrx_word' id='word_1_279' title='bbox 801 2440 1168 2512; x_wconf 77' lang='grc' dir='ltr'>προφητεύσει,</span> <span class='ocrx_word' id='word_1_280' title='bbox 1227 2442 1314 2489; x_wconf 78' lang='grc' dir='ltr'>καὶ</span> <span class='ocrx_word' id='word_1_281' title='bbox 1380 2441 1490 2513; x_wconf 79' lang='grc' dir='ltr'>χρὴ</span> <span class='ocrx_word' id='word_1_282' title='bbox 1563 2440 1730 2507; x_wconf 84' lang='grc' dir='ltr'>τούτῷ</span> 
     </span>
    </p>
   </div>
   <div class='ocr_carea' id='block_1_44' title="bbox 110 2525 1731 2601">
    <p class='ocr_par' dir='ltr' id='par_1_44' title="bbox 110 2525 1731 2601">
     <span class='ocr_line' id='line_1_44' title="bbox 110 2525 1731 2601; baseline -0.004 -18"><span class='ocrx_word' id='word_1_283' title='bbox 110 2531 399 2583; x_wconf 69' lang='grc' dir='ltr'>πείθεσθαι</span> <span class='ocrx_word' id='word_1_284' title='bbox 455 2531 663 2589; x_wconf 81' lang='grc' dir='ltr'>πάντως</span> <span class='ocrx_word' id='word_1_285' title='bbox 721 2529 792 2589; x_wconf 83' lang='grc' dir='ltr'>ὡς</span> <span class='ocrx_word' id='word_1_286' title='bbox 848 2526 1136 2598; x_wconf 72' lang='grc' dir='ltr'>τελευταίῳο</span> <span class='ocrx_word' id='word_1_287' title='bbox 1197 2526 1360 2579; x_wconf 83' lang='grc' dir='ltr'>πολλὰ</span> <span class='ocrx_word' id='word_1_288' title='bbox 1411 2531 1530 2601; x_wconf 84' lang='grc' dir='ltr'>περὶ</span> <span class='ocrx_word' id='word_1_289' title='bbox 1609 2525 1731 2598; x_wconf 82' lang='grc' dir='ltr'>ἐμοῦ</span> 
     </span>
    </p>
   </div>
   <div class='ocr_carea' id='block_1_45' title="bbox 107 2615 1730 2694">
    <p class='ocr_par' dir='ltr' id='par_1_45' title="bbox 107 2615 1730 2694">
     <span class='ocr_line' id='line_1_45' title="bbox 107 2615 1730 2694; baseline -0.003 -23"><span class='ocrx_word' id='word_1_290' title='bbox 107 2624 528 2694; x_wconf 70' lang='grc' dir='ltr'>μαρτυρήσαντι</span> <span class='ocrx_word' id='word_1_291' title='bbox 579 2622 666 2668; x_wconf 66' lang='grc' dir='ltr'>καὶ</span> <span class='ocrx_word' id='word_1_292' title='bbox 730 2621 1210 2688; x_wconf 65' lang='grc' dir='ltr'>νυμφαγωγήσαντι</span> <span class='ocrx_word' id='word_1_293' title='bbox 1280 2635 1370 2688; x_wconf 90' lang='grc' dir='ltr'>μοι</span> <span class='ocrx_word' id='word_1_294' title='bbox 1425 2619 1517 2676; x_wconf 85' lang='grc' dir='ltr'>τὰς</span> <span class='ocrx_word' id='word_1_295' title='bbox 1573 2615 1730 2667; x_wconf 82' lang='grc' dir='ltr'>ἁπάν-</span> 
     </span>
    </p>
   </div>
   <div class='ocr_carea' id='block_1_46' title="bbox 111 2705 1730 2779">
    <p class='ocr_par' dir='ltr' id='par_1_46' title="bbox 111 2705 1730 2779">
     <span class='ocr_line' id='line_1_46' title="bbox 111 2705 1730 2779; baseline -0.002 -20"><span class='ocrx_word' id='word_1_296' title='bbox 111 2709 415 2779; x_wconf 58' lang='grc' dir='ltr'>των-ᾇυχάς</span> <span class='ocrx_word' id='word_1_297' title='bbox 449 2725 460 2736; x_wconf 84' lang='grc'><em>’</em></span> <span class='ocrx_word' id='word_1_298' title='bbox 519 2705 630 2758; x_wconf 84' lang='grc' dir='ltr'>ἐπεὶ</span> <span class='ocrx_word' id='word_1_299' title='bbox 676 2711 767 2757; x_wconf 85' lang='grc' dir='ltr'>καὶ</span> <span class='ocrx_word' id='word_1_300' title='bbox 824 2706 1244 2765; x_wconf 78' lang='grc' dir='ltr'>Κατασκευάζειν</span> <span class='ocrx_word' id='word_1_301' title='bbox 1294 2706 1580 2777; x_wconf 78' lang='grc' dir='ltr'>ἔμπροσθέν</span> <span class='ocrx_word' id='word_1_302' title='bbox 1631 2724 1730 2777; x_wconf 91' lang='grc' dir='ltr'>μου</span> 
     </span>
    </p>
   </div>
   <div class='ocr_carea' id='block_1_47' title="bbox 111 2791 1732 2868">
    <p class='ocr_par' dir='ltr' id='par_1_47' title="bbox 111 2791 1732 2868">
     <span class='ocr_line' id='line_1_47' title="bbox 111 2791 1732 2868; baseline -0.001 -20"><span class='ocrx_word' id='word_1_303' title='bbox 111 2803 222 2852; x_wconf 59' lang='grc' dir='ltr'>τὴν</span> <span class='ocrx_word' id='word_1_304' title='bbox 277 2793 398 2848; x_wconf 71' lang='grc' dir='ltr'>ὁδον</span> <span class='ocrx_word' id='word_1_305' title='bbox 427 2815 554 2868; x_wconf 79' lang='grc' dir='ltr'>μου,</span> <span class='ocrx_word' id='word_1_306' title='bbox 613 2794 891 2865; x_wconf 80' lang='grc' dir='ltr'>Μαλαχίας</span> <span class='ocrx_word' id='word_1_307' title='bbox 942 2795 968 2845; x_wconf 88' lang='lat'>6</span> <span class='ocrx_word' id='word_1_308' title='bbox 1014 2799 1281 2867; x_wconf 74' lang='grc' dir='ltr'>προφήτης</span> <span class='ocrx_word' id='word_1_309' title='bbox 1352 2791 1486 2846; x_wconf 82' lang='grc' dir='ltr'>εἶπεν</span> <span class='ocrx_word' id='word_1_310' title='bbox 1557 2793 1732 2846; x_wconf 73' lang='grc' dir='ltr'>αὐτόν.</span> 
     </span>
    </p>
   </div>
   <div class='ocr_carea' id='block_1_48' title="bbox 199 2879 1732 2956">
    <p class='ocr_par' dir='ltr' id='par_1_48' title="bbox 199 2879 1732 2956">
     <span class='ocr_line' id='line_1_48' title="bbox 199 2879 1732 2956; baseline -0.002 -19"><span class='ocrx_word' id='word_1_311' title='bbox 199 2891 300 2938; x_wconf 78' lang='grc' dir='ltr'>Καὶ</span> <span class='ocrx_word' id='word_1_312' title='bbox 386 2885 430 2936; x_wconf 75' lang='grc' dir='ltr'>εἰ</span> <span class='ocrx_word' id='word_1_313' title='bbox 506 2917 570 2926; x_wconf 88' lang='grc'>--</span> <span class='ocrx_word' id='word_1_314' title='bbox 632 2885 658 2934; x_wconf 90' lang='lat'>6</span> <span class='ocrx_word' id='word_1_315' title='bbox 726 2882 917 2955; x_wconf 75' lang='grc' dir='ltr'>μέλλων</span> <span class='ocrx_word' id='word_1_316' title='bbox 1006 2885 1278 2956; x_wconf 77' lang='grc' dir='ltr'>ἔρχεσθαι.</span> <span class='ocrx_word' id='word_1_317' title='bbox 1358 2879 1732 2952; x_wconf 82' lang='grc' dir='ltr'>Ιιροσδοκῶσιν</span> 
     </span>
    </p>
   </div>
   <div class='ocr_carea' id='block_1_49' title="bbox 1388 2971 1736 3024">
    <p class='ocr_par' dir='ltr' id='par_1_49' title="bbox 1388 2971 1736 3024">
     <span class='ocr_line' id='line_1_49' title="bbox 1388 2971 1736 3024; baseline -0.006 0"><span class='ocrx_word' id='word_1_318' title='bbox 1388 2973 1505 3024; x_wconf 85' lang='grc' dir='ltr'>ὅταν</span> <span class='ocrx_word' id='word_1_319' title='bbox 1581 2971 1736 3024; x_wconf 82' lang='grc' dir='ltr'>ἐλθὼν</span> 
     </span>
    </p>
   </div>
   <div class='ocr_carea' id='block_1_50' title="bbox 106 3057 1735 3135">
    <p class='ocr_par' dir='ltr' id='par_1_50' title="bbox 106 3057 1735 3135">
     <span class='ocr_line' id='line_1_50' title="bbox 106 3057 1735 3135; baseline -0.001 -21"><span class='ocrx_word' id='word_1_320' title='bbox 106 3061 326 3126; x_wconf 55' lang='lat' dir='ltr'>Tum,</span> <span class='ocrx_word' id='word_1_321' title='bbox 391 3057 678 3135; x_wconf 64' lang='grc' dir='ltr'>προδράμη</span> <span class='ocrx_word' id='word_1_322' title='bbox 731 3069 826 3122; x_wconf 82' lang='grc' dir='ltr'>τῆς</span> <span class='ocrx_word' id='word_1_323' title='bbox 885 3065 1181 3134; x_wconf 87' lang='grc' dir='ltr'>παρουσίας</span> <span class='ocrx_word' id='word_1_324' title='bbox 1236 3061 1418 3117; x_wconf 78' lang='grc' dir='ltr'>αὐτοῦ.</span> <span class='ocrx_word' id='word_1_325' title='bbox 1482 3065 1580 3113; x_wconf 78' lang='grc' dir='ltr'>Καὶ</span> <span class='ocrx_word' id='word_1_326' title='bbox 1633 3063 1735 3132; x_wconf 73' lang='grc' dir='ltr'>γὰρ</span> 
     </span>
    </p>
   </div>
   <div class='ocr_carea' id='block_1_51' title="bbox 106 2970 1307 3047">
    <p class='ocr_par' dir='ltr' id='par_1_51' title="bbox 106 2970 1307 3047">
     <span class='ocr_line' id='line_1_51' title="bbox 106 2970 1307 3047; baseline -0.004 -20"><span class='ocrx_word' id='word_1_327' title='bbox 106 2971 405 3036; x_wconf 54' lang='lat' dir='ltr'>laudarim,</span> <span class='ocrx_word' id='word_1_328' title='bbox 475 2992 592 3024; x_wconf 85' lang='grc' dir='ltr'>τοτε</span> <span class='ocrx_word' id='word_1_329' title='bbox 664 2975 750 3023; x_wconf 88' lang='grc' dir='ltr'>τὸν</span> <span class='ocrx_word' id='word_1_330' title='bbox 824 2976 1056 3047; x_wconf 82' lang='grc' dir='ltr'>Χριστὸν</span> <span class='ocrx_word' id='word_1_331' title='bbox 1127 2970 1307 3041; x_wconf 70' lang='grc' dir='ltr'>ἔλθεῖν,</span> 
     </span>
    </p>
   </div>
   <div class='ocr_carea' id='block_1_52' title="bbox 109 3147 1737 3223">
    <p class='ocr_par' dir='ltr' id='par_1_52' title="bbox 109 3147 1737 3223">
     <span class='ocr_line' id='line_1_52' title="bbox 109 3147 1737 3223; baseline -0.001 -21"><span class='ocrx_word' id='word_1_332' title='bbox 109 3154 228 3202; x_wconf 64' lang='grc' dir='ltr'>ἔστι</span> <span class='ocrx_word' id='word_1_333' title='bbox 323 3155 620 3223; x_wconf 60' lang='grc' dir='ltr'>προφητεία</span> <span class='ocrx_word' id='word_1_334' title='bbox 713 3148 995 3218; x_wconf 80' lang='grc' dir='ltr'>Μαλαχίου</span> <span class='ocrx_word' id='word_1_335' title='bbox 1094 3147 1360 3220; x_wconf 70' lang='grc' dir='ltr'>λέγουσα·</span> <span class='ocrx_word' id='word_1_336' title='bbox 1441 3149 1737 3202; x_wconf 85' lang='grc' dir='ltr'>Ἀποστελῶ</span> 
     </span>
    </p>
   </div>
   <div class='ocr_carea' id='block_1_53' title="bbox 103 3236 1738 3312">
    <p class='ocr_par' dir='ltr' id='par_1_53' title="bbox 103 3236 1738 3312">
     <span class='ocr_line' id='line_1_53' title="bbox 103 3236 1738 3312; baseline 0 -22"><span class='ocrx_word' id='word_1_337' title='bbox 103 3242 236 3312; x_wconf 68' lang='grc' dir='ltr'>ὑμῖν</span> <span class='ocrx_word' id='word_1_338' title='bbox 347 3238 530 3290; x_wconf 73' lang='grc' dir='ltr'>Ἠλίαν</span> <span class='ocrx_word' id='word_1_339' title='bbox 615 3240 701 3290; x_wconf 87' lang='grc' dir='ltr'>τόν</span> <span class='ocrx_word' id='word_1_340' title='bbox 803 3236 1086 3299; x_wconf 81' lang='grc' dir='ltr'>Θεσϐίτην,</span> <span class='ocrx_word' id='word_1_341' title='bbox 1159 3237 1217 3298; x_wconf 86' lang='grc' dir='ltr'>ὃς</span> <span class='ocrx_word' id='word_1_342' title='bbox 1312 3236 1738 3296; x_wconf 81' lang='grc' dir='ltr'>ἁπόκαταστήσει</span> 
     </span>
    </p>
   </div>
   <div class='ocr_carea' id='block_1_54' title="bbox 98 3326 1741 3400">
    <p class='ocr_par' dir='ltr' id='par_1_54' title="bbox 98 3326 1741 3400">
     <span class='ocr_line' id='line_1_54' title="bbox 98 3326 1741 3400; baseline 0.001 -21"><span class='ocrx_word' id='word_1_343' title='bbox 98 3327 354 3400; x_wconf 71' lang='grc' dir='ltr'>καρδίαν</span> <span class='ocrx_word' id='word_1_344' title='bbox 413 3330 610 3400; x_wconf 85' lang='grc' dir='ltr'>ποτρός</span> <span class='ocrx_word' id='word_1_345' title='bbox 668 3330 797 3400; x_wconf 87' lang='grc' dir='ltr'>πρὸς</span> <span class='ocrx_word' id='word_1_346' title='bbox 846 3328 976 3378; x_wconf 85' lang='grc' dir='ltr'>υἱον.</span> <span class='ocrx_word' id='word_1_347' title='bbox 1041 3331 1140 3379; x_wconf 79' lang='grc' dir='ltr'>Καὶ</span> <span class='ocrx_word' id='word_1_348' title='bbox 1200 3326 1368 3398; x_wconf 86' lang='grc' dir='ltr'>μίλλει</span> <span class='ocrx_word' id='word_1_349' title='bbox 1418 3330 1508 3400; x_wconf 69' lang='grc' dir='ltr'>μὲν</span> <span class='ocrx_word' id='word_1_350' title='bbox 1563 3326 1741 3389; x_wconf 84' lang='grc' dir='ltr'>Ἠλίας</span> 
     </span>
    </p>
   </div>
   <div class='ocr_carea' id='block_1_55' title="bbox 92 3414 1742 3490">
    <p class='ocr_par' dir='ltr' id='par_1_55' title="bbox 92 3414 1742 3490">
     <span class='ocr_line' id='line_1_55' title="bbox 92 3414 1742 3490; baseline -0.001 -21"><span class='ocrx_word' id='word_1_351' title='bbox 92 3414 454 3490; x_wconf 66' lang='grc' dir='ltr'>προδραμεῖν</span> <span class='ocrx_word' id='word_1_352' title='bbox 515 3423 608 3476; x_wconf 82' lang='grc' dir='ltr'>τῆς</span> <span class='ocrx_word' id='word_1_353' title='bbox 657 3423 750 3467; x_wconf 78' lang='grc' dir='ltr'>τοῦ</span> <span class='ocrx_word' id='word_1_354' title='bbox 802 3418 1039 3488; x_wconf 82' lang='grc' dir='ltr'>Χριστόῦ</span> <span class='ocrx_word' id='word_1_355' title='bbox 1094 3419 1411 3488; x_wconf 75' lang='grc' dir='ltr'>παρουσίας,</span> <span class='ocrx_word' id='word_1_356' title='bbox 1472 3414 1599 3468; x_wconf 79' lang='grc' dir='ltr'>ἀλλὰ</span> <span class='ocrx_word' id='word_1_357' title='bbox 1645 3423 1742 3476; x_wconf 79' lang='grc' dir='ltr'>τῆς</span> 
     </span>
    </p>
   </div>
   <div class='ocr_carea' id='block_1_56' title="bbox 93 3501 1738 3579">
    <p class='ocr_par' dir='ltr' id='par_1_56' title="bbox 93 3501 1738 3579">
     <span class='ocr_line' id='line_1_56' title="bbox 93 3501 1738 3579; baseline -0.001 -21"><span class='ocrx_word' id='word_1_358' title='bbox 93 3503 396 3575; x_wconf 74' lang='grc' dir='ltr'>δευτέρας.</span> <span class='ocrx_word' id='word_1_359' title='bbox 468 3510 573 3564; x_wconf 76' lang='grc' dir='ltr'>Τῆς</span> <span class='ocrx_word' id='word_1_360' title='bbox 625 3505 728 3575; x_wconf 73' lang='grc' dir='ltr'>γὰρ</span> <span class='ocrx_word' id='word_1_361' title='bbox 784 3509 998 3578; x_wconf 80' lang='grc' dir='ltr'>πρώτης</span> <span class='ocrx_word' id='word_1_362' title='bbox 1036 3504 1062 3556; x_wconf 90' lang='lat'>6</span> <span class='ocrx_word' id='word_1_363' title='bbox 1115 3505 1356 3564; x_wconf 88' lang='grc' dir='ltr'>Ἰωάννης</span> <span class='ocrx_word' id='word_1_364' title='bbox 1420 3501 1738 3579; x_wconf 82' lang='grc' dir='ltr'>προέδραμε.</span> 
     </span>
    </p>
   </div>
   <div class='ocr_carea' id='block_1_57' title="bbox 91 3589 1742 3666">
    <p class='ocr_par' dir='ltr' id='par_1_57' title="bbox 91 3589 1742 3666">
     <span class='ocr_line' id='line_1_57' title="bbox 91 3589 1742 3666; baseline -0.002 -18"><span class='ocrx_word' id='word_1_365' title='bbox 91 3602 283 3653; x_wconf 66' lang='grc' dir='ltr'>οιςσὶν</span> <span class='ocrx_word' id='word_1_366' title='bbox 334 3591 429 3645; x_wconf 79' lang='grc' dir='ltr'>οὖν</span> <span class='ocrx_word' id='word_1_367' title='bbox 486 3595 512 3644; x_wconf 90' lang='lat'>6</span> <span class='ocrx_word' id='word_1_368' title='bbox 571 3595 824 3666; x_wconf 78' lang='grc' dir='ltr'>Χριστός,</span> <span class='ocrx_word' id='word_1_369' title='bbox 879 3595 960 3644; x_wconf 84' lang='grc' dir='ltr'>ὅτι</span> <span class='ocrx_word' id='word_1_370' title='bbox 1020 3592 1136 3644; x_wconf 81' lang='grc' dir='ltr'>Ἐὰν</span> <span class='ocrx_word' id='word_1_371' title='bbox 1176 3591 1352 3650; x_wconf 81' lang='grc' dir='ltr'>θέλητε</span> <span class='ocrx_word' id='word_1_372' title='bbox 1409 3589 1682 3660; x_wconf 82' lang='grc' dir='ltr'>δέξασθαι,</span> <span class='ocrx_word' id='word_1_373' title='bbox 1715 3593 1742 3645; x_wconf 88' lang='grc' dir='ltr'><strong>ὃ</strong></span> 
     </span>
    </p>
   </div>
   <div class='ocr_carea' id='block_1_58' title="bbox 88 3679 1744 3757">
    <p class='ocr_par' dir='ltr' id='par_1_58' title="bbox 88 3679 1744 3757">
     <span class='ocr_line' id='line_1_58' title="bbox 88 3679 1744 3757; baseline -0.002 -20"><span class='ocrx_word' id='word_1_374' title='bbox 88 3685 285 3757; x_wconf 61' lang='grc' dir='ltr'>μέλλω</span> <span class='ocrx_word' id='word_1_375' title='bbox 327 3690 422 3734; x_wconf 73' lang='grc' dir='ltr'>νῦν</span> <span class='ocrx_word' id='word_1_376' title='bbox 481 3681 638 3734; x_wconf 87' lang='grc' dir='ltr'>εἰπεῖν</span> <span class='ocrx_word' id='word_1_377' title='bbox 672 3699 684 3710; x_wconf 90' lang='grc'>·</span> <span class='ocrx_word' id='word_1_378' title='bbox 721 3683 750 3740; x_wconf 76' lang='grc' dir='ltr'><strong><em>ἡ</em></strong></span> <span class='ocrx_word' id='word_1_379' title='bbox 805 3679 1081 3745; x_wconf 78' lang='grc' dir='ltr'>δέξασθαι,</span> <span class='ocrx_word' id='word_1_380' title='bbox 1139 3680 1252 3733; x_wconf 78' lang='grc' dir='ltr'>ἀντὶ</span> <span class='ocrx_word' id='word_1_381' title='bbox 1298 3689 1412 3750; x_wconf 81' lang='grc' dir='ltr'>τοῦ,</span> <span class='ocrx_word' id='word_1_382' title='bbox 1456 3687 1744 3755; x_wconf 82' lang='grc' dir='ltr'>Προσέχειν</span> 
     </span>
    </p>
   </div>
   <div class='ocr_carea' id='block_1_59' title="bbox 90 3769 1744 3847">
    <p class='ocr_par' dir='ltr' id='par_1_59' title="bbox 90 3769 1744 3847">
     <span class='ocr_line' id='line_1_59' title="bbox 90 3769 1744 3847; baseline -0.002 -22"><span class='ocrx_word' id='word_1_383' title='bbox 90 3779 224 3835; x_wconf 71' lang='grc' dir='ltr'>τόίς</span> <span class='ocrx_word' id='word_1_384' title='bbox 285 3775 648 3847; x_wconf 72' lang='grc' dir='ltr'>πράγμασιν·</span> <span class='ocrx_word' id='word_1_385' title='bbox 704 3771 856 3831; x_wconf 78' lang='grc' dir='ltr'>αύτός</span> <span class='ocrx_word' id='word_1_386' title='bbox 899 3769 1037 3822; x_wconf 78' lang='grc' dir='ltr'>ἔστιν</span> <span class='ocrx_word' id='word_1_387' title='bbox 1089 3771 1208 3841; x_wconf 62' lang='grc'>(46)</span> <span class='ocrx_word' id='word_1_388' title='bbox 1259 3769 1435 3831; x_wconf 86' lang='grc' dir='ltr'>Ἠλίας</span> <span class='ocrx_word' id='word_1_389' title='bbox 1479 3772 1504 3822; x_wconf 97' lang='lat'>6</span> <span class='ocrx_word' id='word_1_390' title='bbox 1553 3769 1744 3842; x_wconf 73' lang='grc' dir='ltr'>μέλλων</span> 
     </span>
    </p>
   </div>
   <div class='ocr_carea' id='block_1_60' title="bbox 84 3855 1746 3936">
    <p class='ocr_par' dir='ltr' id='par_1_60' title="bbox 84 3855 1746 3936">
     <span class='ocr_line' id='line_1_60' title="bbox 84 3855 1746 3936; baseline -0.002 -21"><span class='ocrx_word' id='word_1_391' title='bbox 84 3865 391 3936; x_wconf 63' lang='grc' dir='ltr'>ἔρχεσθαι</span> <span class='ocrx_word' id='word_1_392' title='bbox 424 3879 437 3890; x_wconf 84' lang='lat'><strong><em>°</em></strong></span> <span class='ocrx_word' id='word_1_393' title='bbox 477 3859 636 3921; x_wconf 71' lang='grc' dir='ltr'>αὑτός</span> <span class='ocrx_word' id='word_1_394' title='bbox 693 3857 851 3929; x_wconf 73' lang='grc' dir='ltr'>ἔστιν,</span> <span class='ocrx_word' id='word_1_395' title='bbox 897 3861 966 3921; x_wconf 83' lang='grc' dir='ltr'>ὡς</span> <span class='ocrx_word' id='word_1_396' title='bbox 1027 3864 1121 3917; x_wconf 86' lang='grc' dir='ltr'>τήν</span> <span class='ocrx_word' id='word_1_397' title='bbox 1176 3859 1338 3917; x_wconf 73' lang='grc' dir='ltr'>αὐτὴν</span> <span class='ocrx_word' id='word_1_398' title='bbox 1392 3859 1534 3930; x_wconf 84' lang='grc' dir='ltr'>αύτῷ</span> <span class='ocrx_word' id='word_1_399' title='bbox 1567 3855 1746 3912; x_wconf 82' lang='grc' dir='ltr'>διακο-</span> 
     </span>
    </p>
   </div>
   <div class='ocr_carea' id='block_1_61' title="bbox 87 3947 1749 4023">
    <p class='ocr_par' dir='ltr' id='par_1_61' title="bbox 87 3947 1749 4023">
     <span class='ocr_line' id='line_1_61' title="bbox 87 3947 1749 4023; baseline -0.002 -20"><span class='ocrx_word' id='word_1_400' title='bbox 87 3959 232 4003; x_wconf 69' lang='grc' dir='ltr'>νία-ν</span> <span class='ocrx_word' id='word_1_401' title='bbox 323 3949 518 4002; x_wconf 71' lang='grc' dir='ltr'>ἀνύων.</span> <span class='ocrx_word' id='word_1_402' title='bbox 571 3948 772 4020; x_wconf 83' lang='grc' dir='ltr'>Ὧσμερ</span> <span class='ocrx_word' id='word_1_403' title='bbox 828 3951 929 4023; x_wconf 70' lang='grc' dir='ltr'>γὰρ</span> <span class='ocrx_word' id='word_1_404' title='bbox 1008 3947 1214 4017; x_wconf 71' lang='grc' dir='ltr'>ἐκεῖνος,</span> <span class='ocrx_word' id='word_1_405' title='bbox 1281 3953 1587 4022; x_wconf 84' lang='grc' dir='ltr'>προτρέχων</span> <span class='ocrx_word' id='word_1_406' title='bbox 1653 3958 1749 4010; x_wconf 86' lang='grc' dir='ltr'>τῆς</span> 
     </span>
    </p>
   </div>
   <div class='ocr_carea' id='block_1_62' title="bbox 89 4035 1749 4112">
    <p class='ocr_par' dir='ltr' id='par_1_62' title="bbox 89 4035 1749 4112">
     <span class='ocr_line' id='line_1_62' title="bbox 89 4035 1749 4112; baseline -0.002 -19"><span class='ocrx_word' id='word_1_407' title='bbox 89 4038 390 4112; x_wconf 72' lang='grc' dir='ltr'>δευτέρας</span> <span class='ocrx_word' id='word_1_408' title='bbox 459 4057 562 4109; x_wconf 87' lang='grc' dir='ltr'>μου</span> <span class='ocrx_word' id='word_1_409' title='bbox 617 4043 928 4109; x_wconf 83' lang='grc' dir='ltr'>παρουσίας,</span> <span class='ocrx_word' id='word_1_410' title='bbox 1005 4035 1304 4111; x_wconf 73' lang='grc' dir='ltr'>ἐπιστρέψει</span> <span class='ocrx_word' id='word_1_411' title='bbox 1363 4040 1459 4100; x_wconf 80' lang='grc' dir='ltr'>τὰς</span> <span class='ocrx_word' id='word_1_412' title='bbox 1529 4035 1749 4112; x_wconf 81' lang='grc' dir='ltr'>καρδίας</span> 
     </span>
    </p>
   </div>
   <div class='ocr_carea' id='block_1_63' title="bbox 88 4121 1744 4198">
    <p class='ocr_par' dir='ltr' id='par_1_63' title="bbox 88 4121 1744 4198">
     <span class='ocr_line' id='line_1_63' title="bbox 88 4121 1744 4198; baseline 0 -18"><span class='ocrx_word' id='word_1_413' title='bbox 88 4137 222 4180; x_wconf 73' lang='grc' dir='ltr'>τῶν</span> <span class='ocrx_word' id='word_1_414' title='bbox 314 4134 615 4185; x_wconf 70' lang='grc' dir='ltr'>τηνικαῦτα</span> <span class='ocrx_word' id='word_1_415' title='bbox 687 4121 957 4179; x_wconf 77' lang='grc' dir='ltr'>Ἰουδαίων</span> <span class='ocrx_word' id='word_1_416' title='bbox 1011 4129 1140 4198; x_wconf 82' lang='grc' dir='ltr'>πρὸς</span> <span class='ocrx_word' id='word_1_417' title='bbox 1193 4130 1314 4187; x_wconf 81' lang='grc' dir='ltr'>τοὺς</span> <span class='ocrx_word' id='word_1_418' title='bbox 1379 4125 1702 4188; x_wconf 75' lang='grc' dir='ltr'>ἀποστόλους</span> <span class='ocrx_word' id='word_1_419' title='bbox 1731 4145 1744 4158; x_wconf 81' lang='grc'><strong><em>⁸</em></strong></span> 
     </span>
    </p>
   </div>
   <div class='ocr_carea' id='block_1_64' title="bbox 87 4212 1749 4292">
    <p class='ocr_par' dir='ltr' id='par_1_64' title="bbox 87 4212 1749 4292">
     <span class='ocr_line' id='line_1_64' title="bbox 87 4212 1749 4292; baseline -0.001 -21"><span class='ocrx_word' id='word_1_420' title='bbox 87 4222 352 4292; x_wconf 67' lang='grc' dir='ltr'>πατέρες</span> <span class='ocrx_word' id='word_1_421' title='bbox 401 4219 512 4286; x_wconf 68' lang='grc' dir='ltr'>γὰρ</span> <span class='ocrx_word' id='word_1_422' title='bbox 570 4217 621 4266; x_wconf 79' lang='grc' dir='ltr'>οἱ</span> <span class='ocrx_word' id='word_1_423' title='bbox 658 4212 909 4268; x_wconf 85' lang='grc' dir='ltr'>Ἰουδαῖοι</span> <span class='ocrx_word' id='word_1_424' title='bbox 955 4224 1053 4267; x_wconf 73' lang='grc' dir='ltr'>τῶν</span> <span class='ocrx_word' id='word_1_425' title='bbox 1098 4213 1397 4268; x_wconf 81' lang='grc' dir='ltr'>ἀποστόλων</span> <span class='ocrx_word' id='word_1_426' title='bbox 1429 4233 1441 4246; x_wconf 77' lang='grc'><strong><em>⁸</em></strong></span> <span class='ocrx_word' id='word_1_427' title='bbox 1483 4224 1617 4269; x_wconf 78' lang='grc' dir='ltr'>οὕτω</span> <span class='ocrx_word' id='word_1_428' title='bbox 1660 4222 1749 4270; x_wconf 86' lang='grc' dir='ltr'>καὶ</span> 
     </span>
    </p>
   </div>
   <div class='ocr_carea' id='block_1_65' title="bbox 391 4308 1746 4380">
    <p class='ocr_par' dir='ltr' id='par_1_65' title="bbox 391 4308 1746 4380">
     <span class='ocr_line' id='line_1_65' title="bbox 391 4308 1746 4380; baseline 0.001 -24"><span class='ocrx_word' id='word_1_429' title='bbox 391 4308 704 4376; x_wconf 79' lang='grc' dir='ltr'>προτρέχων</span> <span class='ocrx_word' id='word_1_430' title='bbox 785 4312 875 4364; x_wconf 79' lang='grc' dir='ltr'>της</span> <span class='ocrx_word' id='word_1_431' title='bbox 950 4309 1159 4378; x_wconf 83' lang='grc' dir='ltr'>πρώτης</span> <span class='ocrx_word' id='word_1_432' title='bbox 1255 4324 1354 4376; x_wconf 88' lang='grc' dir='ltr'>μου</span> <span class='ocrx_word' id='word_1_433' title='bbox 1435 4311 1746 4380; x_wconf 78' lang='grc' dir='ltr'>παρουσίας,</span> 
     </span>
    </p>
   </div>
   <div class='ocr_carea' id='block_1_66' title="bbox 87 4390 1749 4467">
    <p class='ocr_par' dir='ltr' id='par_1_66' title="bbox 87 4390 1749 4467">
     <span class='ocr_line' id='line_1_66' title="bbox 87 4390 1749 4467; baseline 0.001 -20"><span class='ocrx_word' id='word_1_434' title='bbox 87 4399 437 4466; x_wconf 56' lang='grc' dir='ltr'>ἐπιστρέφει</span> <span class='ocrx_word' id='word_1_435' title='bbox 511 4395 605 4454; x_wconf 78' lang='grc' dir='ltr'>τας</span> <span class='ocrx_word' id='word_1_436' title='bbox 678 4390 902 4467; x_wconf 86' lang='grc' dir='ltr'>καρδίας</span> <span class='ocrx_word' id='word_1_437' title='bbox 966 4403 1064 4446; x_wconf 74' lang='grc' dir='ltr'>τῶν</span> <span class='ocrx_word' id='word_1_438' title='bbox 1130 4393 1412 4466; x_wconf 80' lang='grc' dir='ltr'>μελλόντων</span> <span class='ocrx_word' id='word_1_439' title='bbox 1487 4399 1749 4448; x_wconf 80' lang='grc' dir='ltr'>πιστεύειν</span> 
     </span>
    </p>
   </div>
   <div class='ocr_carea' id='block_1_67' title="bbox 87 4305 306 4367">
    <p class='ocr_par' dir='ltr' id='par_1_67' title="bbox 87 4305 306 4367">
     <span class='ocr_line' id='line_1_67' title="bbox 87 4305 306 4367; baseline -0.014 -6"><span class='ocrx_word' id='word_1_440' title='bbox 87 4305 306 4367; x_wconf 65' lang='grc' dir='ltr'>οὗτος,</span> 
     </span>
    </p>
   </div>
   <div class='ocr_carea' id='block_1_68' title="bbox 1832 1814 3492 1890">
    <p class='ocr_par' dir='ltr' id='par_1_68' title="bbox 1832 1814 3492 1890">
     <span class='ocr_line' id='line_1_68' title="bbox 1832 1814 3492 1890; baseline 0.002 -21"><span class='ocrx_word' id='word_1_441' title='bbox 1832 1819 1890 1870; x_wconf 89' lang='lat' dir='ltr'>et</span> <span class='ocrx_word' id='word_1_442' title='bbox 1917 1814 2116 1888; x_wconf 88' lang='lat' dir='ltr'>ipsum</span> <span class='ocrx_word' id='word_1_443' title='bbox 2144 1816 2499 1887; x_wconf 85' lang='lat' dir='ltr'>prophetam</span> <span class='ocrx_word' id='word_1_444' title='bbox 2527 1833 2539 1871; x_wconf 94' lang='lat'><strong>:</strong></span> <span class='ocrx_word' id='word_1_445' title='bbox 2574 1816 2752 1871; x_wconf 90' lang='lat' dir='ltr'>simul</span> <span class='ocrx_word' id='word_1_446' title='bbox 2777 1832 3020 1888; x_wconf 89' lang='lat' dir='ltr'>quoque</span> <span class='ocrx_word' id='word_1_447' title='bbox 3051 1817 3292 1888; x_wconf 89' lang='lat' dir='ltr'>docens,</span> <span class='ocrx_word' id='word_1_448' title='bbox 3327 1817 3492 1890; x_wconf 87' lang='lat' dir='ltr'>quod</span> 
     </span>
    </p>
   </div>
   <div class='ocr_carea' id='block_1_69' title="bbox 1833 1904 3493 1978">
    <p class='ocr_par' dir='ltr' id='par_1_69' title="bbox 1833 1904 3493 1978">
     <span class='ocr_line' id='line_1_69' title="bbox 1833 1904 3493 1978; baseline 0.001 -17"><span class='ocrx_word' id='word_1_449' title='bbox 1833 1904 2137 1961; x_wconf 82' lang='lat' dir='ltr'>advenerit</span> <span class='ocrx_word' id='word_1_450' title='bbox 2158 1905 2286 1975; x_wconf 90' lang='lat' dir='ltr'>jam</span> <span class='ocrx_word' id='word_1_451' title='bbox 2317 1906 2420 1977; x_wconf 89' lang='lat' dir='ltr'>qui</span> <span class='ocrx_word' id='word_1_452' title='bbox 2446 1905 2938 1977; x_wconf 88' lang='lat' dir='ltr'>prophetabatur,</span> <span class='ocrx_word' id='word_1_453' title='bbox 2970 1921 3078 1962; x_wconf 91' lang='lat' dir='ltr'>nec</span> <span class='ocrx_word' id='word_1_454' title='bbox 3109 1907 3388 1978; x_wconf 79' lang='lat' dir='ltr'>deinceps</span> <span class='ocrx_word' id='word_1_455' title='bbox 3416 1906 3493 1962; x_wconf 88' lang='lat' dir='ltr'>al-</span> 
     </span>
    </p>
   </div>
   <div class='ocr_carea' id='block_1_70' title="bbox 1834 1997 2712 2066">
    <p class='ocr_par' dir='ltr' id='par_1_70' title="bbox 1834 1997 2712 2066">
     <span class='ocr_line' id='line_1_70' title="bbox 1834 1997 2712 2066; baseline 0 -16"><span class='ocrx_word' id='word_1_456' title='bbox 1834 1997 2025 2050; x_wconf 89' lang='lat' dir='ltr'>terum</span> <span class='ocrx_word' id='word_1_457' title='bbox 2055 1999 2327 2066; x_wconf 86' lang='lat' dir='ltr'>oporteat</span> <span class='ocrx_word' id='word_1_458' title='bbox 2349 2001 2712 2065; x_wconf 88' lang='lat' dir='ltr'>exspectare.</span> 
     </span>
    </p>
   </div>
   <div class='ocr_carea' id='block_1_71' title="bbox 1907 2082 3496 2156">
    <p class='ocr_par' dir='ltr' id='par_1_71' title="bbox 1907 2082 3496 2156">
     <span class='ocr_line' id='line_1_71' title="bbox 1907 2082 3496 2156; baseline 0.002 -19"><span class='ocrx_word' id='word_1_459' title='bbox 1907 2085 2216 2143; x_wconf 89' lang='lat' dir='ltr'>Estautem</span> <span class='ocrx_word' id='word_1_460' title='bbox 2247 2087 2304 2138; x_wconf 90' lang='lat' dir='ltr'>et</span> <span class='ocrx_word' id='word_1_461' title='bbox 2331 2082 2448 2139; x_wconf 89' lang='lat' dir='ltr'>alia</span> <span class='ocrx_word' id='word_1_462' title='bbox 2473 2083 2756 2155; x_wconf 69' lang='lat' dir='ltr'>quaedam</span> <span class='ocrx_word' id='word_1_463' title='bbox 2771 2083 3085 2155; x_wconf 79' lang='lat' dir='ltr'>expositio,</span> <span class='ocrx_word' id='word_1_464' title='bbox 3107 2084 3272 2156; x_wconf 90' lang='lat' dir='ltr'>quod</span> <span class='ocrx_word' id='word_1_465' title='bbox 3285 2099 3496 2140; x_wconf 86' lang='lat' dir='ltr'>omnes</span> 
     </span>
    </p>
   </div>
   <div class='ocr_carea' id='block_1_72' title="bbox 1838 2170 3493 2244">
    <p class='ocr_par' dir='ltr' id='par_1_72' title="bbox 1838 2170 3493 2244">
     <span class='ocr_line' id='line_1_72' title="bbox 1838 2170 3493 2244; baseline 0.001 -18"><span class='ocrx_word' id='word_1_466' title='bbox 1838 2170 2184 2242; x_wconf 89' lang='lat' dir='ltr'>simpliciter</span> <span class='ocrx_word' id='word_1_467' title='bbox 2212 2172 2512 2243; x_wconf 72' lang='lat' dir='ltr'>prephette</span> <span class='ocrx_word' id='word_1_468' title='bbox 2541 2177 2598 2227; x_wconf 87' lang='lat' dir='ltr'>et</span> <span class='ocrx_word' id='word_1_469' title='bbox 2622 2171 2714 2227; x_wconf 81' lang='lat' dir='ltr'>lex</span> <span class='ocrx_word' id='word_1_470' title='bbox 2741 2172 3156 2244; x_wconf 88' lang='lat' dir='ltr'>prophetandi,</span> <span class='ocrx_word' id='word_1_471' title='bbox 3194 2189 3381 2244; x_wconf 89' lang='lat' dir='ltr'>usque</span> <span class='ocrx_word' id='word_1_472' title='bbox 3415 2172 3493 2228; x_wconf 90' lang='lat' dir='ltr'>ad</span> 
     </span>
    </p>
   </div>
   <div class='ocr_carea' id='block_1_73' title="bbox 1836 2259 3489 2332">
    <p class='ocr_par' dir='ltr' id='par_1_73' title="bbox 1836 2259 3489 2332">
     <span class='ocr_line' id='line_1_73' title="bbox 1836 2259 3489 2332; baseline 0.001 -18"><span class='ocrx_word' id='word_1_473' title='bbox 1836 2260 2126 2315; x_wconf 82' lang='lat' dir='ltr'>Joannem</span> <span class='ocrx_word' id='word_1_474' title='bbox 2171 2259 2394 2316; x_wconf 70' lang='lat' dir='ltr'>Judaais</span> <span class='ocrx_word' id='word_1_475' title='bbox 2451 2260 2958 2332; x_wconf 86' lang='lat' dir='ltr'>prophetaverant,</span> <span class='ocrx_word' id='word_1_476' title='bbox 2993 2266 3049 2317; x_wconf 89' lang='lat' dir='ltr'>et</span> <span class='ocrx_word' id='word_1_477' title='bbox 3099 2260 3198 2318; x_wconf 89' lang='lat' dir='ltr'>hic</span> <span class='ocrx_word' id='word_1_478' title='bbox 3246 2261 3489 2317; x_wconf 88' lang='lat' dir='ltr'>ultimus</span> 
     </span>
    </p>
   </div>
   <div class='ocr_carea' id='block_1_74' title="bbox 1839 2348 3497 2421">
    <p class='ocr_par' dir='ltr' id='par_1_74' title="bbox 1839 2348 3497 2421">
     <span class='ocr_line' id='line_1_74' title="bbox 1839 2348 3497 2421; baseline 0.001 -18"><span class='ocrx_word' id='word_1_479' title='bbox 1839 2352 1923 2403; x_wconf 90' lang='lat' dir='ltr'>est</span> <span class='ocrx_word' id='word_1_480' title='bbox 1962 2348 2390 2420; x_wconf 88' lang='lat' dir='ltr'>prophetarum</span> <span class='ocrx_word' id='word_1_481' title='bbox 2425 2349 2744 2421; x_wconf 83' lang='lat' dir='ltr'>:deinceps</span> <span class='ocrx_word' id='word_1_482' title='bbox 2790 2365 2931 2406; x_wconf 90' lang='lat' dir='ltr'>vero</span> <span class='ocrx_word' id='word_1_483' title='bbox 2963 2350 3164 2405; x_wconf 90' lang='lat' dir='ltr'>nullus</span> <span class='ocrx_word' id='word_1_484' title='bbox 3217 2349 3364 2406; x_wconf 86' lang='lat' dir='ltr'>alius</span> <span class='ocrx_word' id='word_1_485' title='bbox 3411 2351 3497 2405; x_wconf 87' lang='lat' dir='ltr'>eis</span> 
     </span>
    </p>
   </div>
   <div class='ocr_carea' id='block_1_75' title="bbox 1838 2436 3489 2511">
    <p class='ocr_par' dir='ltr' id='par_1_75' title="bbox 1838 2436 3489 2511">
     <span class='ocr_line' id='line_1_75' title="bbox 1838 2436 3489 2511; baseline 0.002 -20"><span class='ocrx_word' id='word_1_486' title='bbox 1838 2436 2245 2509; x_wconf 89' lang='lat' dir='ltr'>prophetabit.</span> <span class='ocrx_word' id='word_1_487' title='bbox 2303 2438 2447 2494; x_wconf 88' lang='lat' dir='ltr'>Huic</span> <span class='ocrx_word' id='word_1_488' title='bbox 2490 2453 2632 2508; x_wconf 81' lang='lat' dir='ltr'>ergo</span> <span class='ocrx_word' id='word_1_489' title='bbox 2678 2439 2846 2510; x_wconf 90' lang='lat' dir='ltr'>quasi</span> <span class='ocrx_word' id='word_1_490' title='bbox 2893 2444 3195 2511; x_wconf 84' lang='lat' dir='ltr'>postremo</span> <span class='ocrx_word' id='word_1_491' title='bbox 3241 2439 3489 2495; x_wconf 92' lang='lat' dir='ltr'>omnino</span> 
     </span>
    </p>
   </div>
   <div class='ocr_carea' id='block_1_76' title="bbox 1839 2525 3494 2600">
    <p class='ocr_par' dir='ltr' id='par_1_76' title="bbox 1839 2525 3494 2600">
     <span class='ocr_line' id='line_1_76' title="bbox 1839 2525 3494 2600; baseline 0.001 -18"><span class='ocrx_word' id='word_1_492' title='bbox 1839 2525 2074 2582; x_wconf 89' lang='lat' dir='ltr'>credere</span> <span class='ocrx_word' id='word_1_493' title='bbox 2103 2532 2357 2598; x_wconf 86' lang='lat' dir='ltr'>oportet,</span> <span class='ocrx_word' id='word_1_494' title='bbox 2410 2529 2511 2600; x_wconf 89' lang='lat' dir='ltr'>qui</span> <span class='ocrx_word' id='word_1_495' title='bbox 2547 2527 2734 2584; x_wconf 89' lang='lat' dir='ltr'>multa</span> <span class='ocrx_word' id='word_1_496' title='bbox 2770 2527 2843 2583; x_wconf 89' lang='lat' dir='ltr'>de</span> <span class='ocrx_word' id='word_1_497' title='bbox 2873 2544 2971 2584; x_wconf 91' lang='lat' dir='ltr'>me</span> <span class='ocrx_word' id='word_1_498' title='bbox 2993 2533 3238 2585; x_wconf 88' lang='lat' dir='ltr'>testatus</span> <span class='ocrx_word' id='word_1_499' title='bbox 3281 2533 3368 2584; x_wconf 88' lang='lat' dir='ltr'>est</span> <span class='ocrx_word' id='word_1_500' title='bbox 3396 2546 3412 2583; x_wconf 92' lang='lat'><em>:</em></span> <span class='ocrx_word' id='word_1_501' title='bbox 3439 2532 3494 2584; x_wconf 91' lang='lat' dir='ltr'>et</span> 
     </span>
    </p>
   </div>
   <div class='ocr_carea' id='block_1_77' title="bbox 1840 2615 3499 2689">
    <p class='ocr_par' dir='ltr' id='par_1_77' title="bbox 1840 2615 3499 2689">
     <span class='ocr_line' id='line_1_77' title="bbox 1840 2615 3499 2689; baseline 0.002 -19"><span class='ocrx_word' id='word_1_502' title='bbox 1840 2617 1994 2671; x_wconf 86' lang='lat' dir='ltr'>venit</span> <span class='ocrx_word' id='word_1_503' title='bbox 2027 2619 2088 2669; x_wconf 90' lang='lat' dir='ltr'>ut</span> <span class='ocrx_word' id='word_1_504' title='bbox 2113 2615 2384 2671; x_wconf 91' lang='lat' dir='ltr'>omnium</span> <span class='ocrx_word' id='word_1_505' title='bbox 2416 2616 2649 2671; x_wconf 89' lang='lat' dir='ltr'>animas</span> <span class='ocrx_word' id='word_1_506' title='bbox 2696 2622 2982 2689; x_wconf 82' lang='lat' dir='ltr'>tanquam</span> <span class='ocrx_word' id='word_1_507' title='bbox 3023 2632 3269 2689; x_wconf 88' lang='lat' dir='ltr'>sponsas</span> <span class='ocrx_word' id='word_1_508' title='bbox 3300 2617 3376 2671; x_wconf 88' lang='lat' dir='ltr'>ad</span> <span class='ocrx_word' id='word_1_509' title='bbox 3405 2632 3499 2673; x_wconf 90' lang='lat' dir='ltr'>me</span> 
     </span>
    </p>
   </div>
   <div class='ocr_carea' id='block_1_78' title="bbox 1840 2703 3503 2777">
    <p class='ocr_par' dir='ltr' id='par_1_78' title="bbox 1840 2703 3503 2777">
     <span class='ocr_line' id='line_1_78' title="bbox 1840 2703 3503 2777; baseline 0 -17"><span class='ocrx_word' id='word_1_510' title='bbox 1840 2704 2120 2760; x_wconf 81' lang='lat' dir='ltr'>adducat.</span> <span class='ocrx_word' id='word_1_511' title='bbox 2157 2707 2304 2760; x_wconf 88' lang='lat' dir='ltr'>Nam</span> <span class='ocrx_word' id='word_1_512' title='bbox 2334 2703 2566 2760; x_wconf 91' lang='lat' dir='ltr'>ethunc</span> <span class='ocrx_word' id='word_1_513' title='bbox 2588 2705 2904 2762; x_wconf 88' lang='lat' dir='ltr'>Malachias</span> <span class='ocrx_word' id='word_1_514' title='bbox 2932 2705 3223 2777; x_wconf 86' lang='lat' dir='ltr'>propheta</span> <span class='ocrx_word' id='word_1_515' title='bbox 3251 2706 3503 2760; x_wconf 90' lang='lat' dir='ltr'>missum</span> 
     </span>
    </p>
   </div>
   <div class='ocr_carea' id='block_1_79' title="bbox 1841 2794 3285 2864">
    <p class='ocr_par' dir='ltr' id='par_1_79' title="bbox 1841 2794 3285 2864">
     <span class='ocr_line' id='line_1_79' title="bbox 1841 2794 3285 2864; baseline 0 -14"><span class='ocrx_word' id='word_1_516' title='bbox 1841 2794 1987 2850; x_wconf 88' lang='lat' dir='ltr'>dixit</span> <span class='ocrx_word' id='word_1_517' title='bbox 2017 2795 2064 2829; x_wconf 78' lang='grc'>⁴⁸</span> <span class='ocrx_word' id='word_1_518' title='bbox 2098 2811 2111 2849; x_wconf 89' lang='lat'>:</span> <span class='ocrx_word' id='word_1_519' title='bbox 2149 2795 2219 2852; x_wconf 91' lang='lat' dir='ltr'>Ut</span> <span class='ocrx_word' id='word_1_520' title='bbox 2249 2801 2571 2864; x_wconf 80' lang='lat' dir='ltr'>appararet</span> <span class='ocrx_word' id='word_1_521' title='bbox 2610 2797 2767 2852; x_wconf 81' lang='lat' dir='ltr'>viam</span> <span class='ocrx_word' id='word_1_522' title='bbox 2803 2810 2980 2851; x_wconf 88' lang='lat' dir='ltr'>meam</span> <span class='ocrx_word' id='word_1_523' title='bbox 3007 2802 3148 2852; x_wconf 83' lang='lat' dir='ltr'>ante</span> <span class='ocrx_word' id='word_1_524' title='bbox 3175 2811 3285 2851; x_wconf 90' lang='lat' dir='ltr'>me.</span> 
     </span>
    </p>
   </div>
   <div class='ocr_carea' id='block_1_80' title="bbox 1913 2883 3505 2957">
    <p class='ocr_par' dir='ltr' id='par_1_80' title="bbox 1913 2883 3505 2957">
     <span class='ocr_line' id='line_1_80' title="bbox 1913 2883 3505 2957; baseline 0.003 -21"><span class='ocrx_word' id='word_1_525' title='bbox 1913 2883 2078 2939; x_wconf 75' lang='lat' dir='ltr'>Vers.</span> <span class='ocrx_word' id='word_1_526' title='bbox 2131 2883 2218 2938; x_wconf 78' lang='grc'>14.</span> <span class='ocrx_word' id='word_1_527' title='bbox 2265 2883 2342 2938; x_wconf 85' lang='lat' dir='ltr'>Et</span> <span class='ocrx_word' id='word_1_528' title='bbox 2396 2885 2448 2939; x_wconf 85' lang='lat' dir='ltr'>si</span> <span class='ocrx_word' id='word_1_529' title='bbox 2493 2915 2559 2924; x_wconf 93' lang='lat'><em>—</em></span> <span class='ocrx_word' id='word_1_530' title='bbox 2603 2891 2880 2940; x_wconf 84' lang='lat' dir='ltr'>venturus</span> <span class='ocrx_word' id='word_1_531' title='bbox 2957 2890 3098 2940; x_wconf 86' lang='lat' dir='ltr'>erat.</span> <span class='ocrx_word' id='word_1_532' title='bbox 3151 2886 3505 2957; x_wconf 84' lang='lat' dir='ltr'>Exspectant</span> 
     </span>
    </p>
   </div>
   <div class='ocr_carea' id='block_1_81' title="bbox 1841 2969 3503 3042">
    <p class='ocr_par' dir='ltr' id='par_1_81' title="bbox 1841 2969 3503 3042">
     <span class='ocr_line' id='line_1_81' title="bbox 1841 2969 3503 3042; baseline 0.004 -18"><span class='ocrx_word' id='word_1_533' title='bbox 1841 2970 2030 3026; x_wconf 60' lang='lat' dir='ltr'>Judaei</span> <span class='ocrx_word' id='word_1_534' title='bbox 2048 2969 2348 3027; x_wconf 89' lang='lat' dir='ltr'>Christum</span> <span class='ocrx_word' id='word_1_535' title='bbox 2378 2977 2518 3027; x_wconf 92' lang='lat' dir='ltr'>tunc</span> <span class='ocrx_word' id='word_1_536' title='bbox 2544 2978 2850 3028; x_wconf 89' lang='lat' dir='ltr'>venturum</span> <span class='ocrx_word' id='word_1_537' title='bbox 2885 2989 3020 3028; x_wconf 91' lang='lat' dir='ltr'>cum</span> <span class='ocrx_word' id='word_1_538' title='bbox 3053 2975 3275 3029; x_wconf 88' lang='lat' dir='ltr'>venerit</span> <span class='ocrx_word' id='word_1_539' title='bbox 3327 2973 3503 3042; x_wconf 84' lang='lat' dir='ltr'>Elias,</span> 
     </span>
    </p>
   </div>
   <div class='ocr_carea' id='block_1_82' title="bbox 1770 3060 3506 3151">
    <p class='ocr_par' dir='ltr' id='par_1_82' title="bbox 1770 3060 3506 3151">
     <span class='ocr_line' id='line_1_82' title="bbox 1770 3060 3506 3151; baseline 0.002 -36"><span class='ocrx_word' id='word_1_540' title='bbox 1770 3095 1809 3151; x_wconf 63' lang='grc' dir='ltr'>ρ</span> <span class='ocrx_word' id='word_1_541' title='bbox 1843 3065 1907 3115; x_wconf 91' lang='lat' dir='ltr'>ut</span> <span class='ocrx_word' id='word_1_542' title='bbox 1944 3065 2258 3151; x_wconf 76' lang='lat' dir='ltr'>praecurrat</span> <span class='ocrx_word' id='word_1_543' title='bbox 2293 3060 2634 3151; x_wconf 5' lang='lat' dir='ltr'>adventum,</span> <span class='ocrx_word' id='word_1_544' title='bbox 2684 3064 2862 3151; x_wconf 31' lang='lat' dir='ltr'>ejuss</span> <span class='ocrx_word' id='word_1_545' title='bbox 2893 3062 3194 3119; x_wconf 72' lang='lat' dir='ltr'>Malachiee</span> <span class='ocrx_word' id='word_1_546' title='bbox 3238 3079 3506 3135; x_wconf 86' lang='lat' dir='ltr'>namque</span> 
     </span>
    </p>
   </div>
   <div class='ocr_carea' id='block_1_83' title="bbox 1845 3148 3498 3220">
    <p class='ocr_par' dir='ltr' id='par_1_83' title="bbox 1845 3148 3498 3220">
     <span class='ocr_line' id='line_1_83' title="bbox 1845 3148 3498 3220; baseline 0.003 -18"><span class='ocrx_word' id='word_1_547' title='bbox 1845 3148 2161 3219; x_wconf 85' lang='lat' dir='ltr'>prophetia</span> <span class='ocrx_word' id='word_1_548' title='bbox 2236 3154 2326 3204; x_wconf 88' lang='lat' dir='ltr'>est</span> <span class='ocrx_word' id='word_1_549' title='bbox 2382 3165 2517 3220; x_wconf 67' lang='lat' dir='ltr'>quae</span> <span class='ocrx_word' id='word_1_550' title='bbox 2579 3149 2760 3205; x_wconf 90' lang='lat' dir='ltr'>dicit:</span> <span class='ocrx_word' id='word_1_551' title='bbox 2795 3150 3031 3207; x_wconf 79' lang='lat' dir='ltr'>Mittam</span> <span class='ocrx_word' id='word_1_552' title='bbox 3093 3153 3244 3206; x_wconf 83' lang='lat' dir='ltr'>vobis</span> <span class='ocrx_word' id='word_1_553' title='bbox 3297 3153 3498 3207; x_wconf 80' lang='lat' dir='ltr'>Etiam</span> 
     </span>
    </p>
   </div>
   <div class='ocr_carea' id='block_1_84' title="bbox 1853 3237 3507 3308">
    <p class='ocr_par' dir='ltr' id='par_1_84' title="bbox 1853 3237 3507 3308">
     <span class='ocr_line' id='line_1_84' title="bbox 1853 3237 3507 3308; baseline 0.002 -16"><span class='ocrx_word' id='word_1_554' title='bbox 1853 3237 2204 3307; x_wconf 83' lang='lat' dir='ltr'>Thesbyten,</span> <span class='ocrx_word' id='word_1_555' title='bbox 2221 3237 2325 3308; x_wconf 88' lang='lat' dir='ltr'>qui</span> <span class='ocrx_word' id='word_1_556' title='bbox 2340 3238 2608 3294; x_wconf 83' lang='lat' dir='ltr'>restituet</span> <span class='ocrx_word' id='word_1_557' title='bbox 2623 3239 2925 3306; x_wconf 83' lang='lat' dir='ltr'>corpatris</span> <span class='ocrx_word' id='word_1_558' title='bbox 2947 3240 3028 3296; x_wconf 87' lang='lat' dir='ltr'>ad</span> <span class='ocrx_word' id='word_1_559' title='bbox 3035 3241 3250 3307; x_wconf 81' lang='lat' dir='ltr'>ﬁlium.</span> <span class='ocrx_word' id='word_1_560' title='bbox 3273 3243 3339 3296; x_wconf 88' lang='lat' dir='ltr'>Et</span> <span class='ocrx_word' id='word_1_561' title='bbox 3353 3246 3507 3295; x_wconf 90' lang='lat' dir='ltr'>certe</span> 
     </span>
    </p>
   </div>
   <div class='ocr_carea' id='block_1_85' title="bbox 1845 3326 3506 3399">
    <p class='ocr_par' dir='ltr' id='par_1_85' title="bbox 1845 3326 3506 3399">
     <span class='ocr_line' id='line_1_85' title="bbox 1845 3326 3506 3399; baseline 0.001 -19"><span class='ocrx_word' id='word_1_562' title='bbox 1845 3331 2134 3381; x_wconf 87' lang='lat' dir='ltr'>venturus</span> <span class='ocrx_word' id='word_1_563' title='bbox 2161 3331 2248 3382; x_wconf 90' lang='lat' dir='ltr'>est</span> <span class='ocrx_word' id='word_1_564' title='bbox 2277 3326 2454 3392; x_wconf 91' lang='lat' dir='ltr'>Elias,</span> <span class='ocrx_word' id='word_1_565' title='bbox 2489 3331 2553 3382; x_wconf 90' lang='lat' dir='ltr'>ut</span> <span class='ocrx_word' id='word_1_566' title='bbox 2574 3334 2898 3399; x_wconf 71' lang='lat' dir='ltr'>praecurrat</span> <span class='ocrx_word' id='word_1_567' title='bbox 2924 3327 3133 3384; x_wconf 88' lang='lat' dir='ltr'>Christi</span> <span class='ocrx_word' id='word_1_568' title='bbox 3159 3327 3506 3391; x_wconf 90' lang='lat' dir='ltr'>adventum,</span> 
     </span>
    </p>
   </div>
   <div class='ocr_carea' id='block_1_86' title="bbox 1851 3414 3512 3488">
    <p class='ocr_par' dir='ltr' id='par_1_86' title="bbox 1851 3414 3512 3488">
     <span class='ocr_line' id='line_1_86' title="bbox 1851 3414 3512 3488; baseline 0.001 -18"><span class='ocrx_word' id='word_1_569' title='bbox 1851 3414 1959 3471; x_wconf 86' lang='lat' dir='ltr'>sed</span> <span class='ocrx_word' id='word_1_570' title='bbox 1989 3414 2322 3471; x_wconf 88' lang='lat' dir='ltr'>secundum</span> <span class='ocrx_word' id='word_1_571' title='bbox 2353 3431 2366 3482; x_wconf 91' lang='lat'><strong>;</strong></span> <span class='ocrx_word' id='word_1_572' title='bbox 2395 3416 2658 3472; x_wconf 88' lang='lat' dir='ltr'>Joannes</span> <span class='ocrx_word' id='word_1_573' title='bbox 2691 3431 2954 3488; x_wconf 88' lang='lat' dir='ltr'>namque</span> <span class='ocrx_word' id='word_1_574' title='bbox 2983 3416 3246 3487; x_wconf 88' lang='lat' dir='ltr'>primum</span> <span class='ocrx_word' id='word_1_575' title='bbox 3287 3432 3512 3488; x_wconf 64' lang='lat' dir='ltr'>praecu-</span> 
     </span>
    </p>
   </div>
   <div class='ocr_carea' id='block_1_87' title="bbox 1850 3503 3513 3577">
    <p class='ocr_par' dir='ltr' id='par_1_87' title="bbox 1850 3503 3513 3577">
     <span class='ocr_line' id='line_1_87' title="bbox 1850 3503 3513 3577; baseline 0.001 -17"><span class='ocrx_word' id='word_1_576' title='bbox 1850 3505 2048 3560; x_wconf 87' lang='lat' dir='ltr'>currit.</span> <span class='ocrx_word' id='word_1_577' title='bbox 2076 3503 2224 3561; x_wconf 91' lang='lat' dir='ltr'>Dicit</span> <span class='ocrx_word' id='word_1_578' title='bbox 2262 3520 2404 3574; x_wconf 85' lang='lat' dir='ltr'>ergo</span> <span class='ocrx_word' id='word_1_579' title='bbox 2433 3505 2696 3562; x_wconf 90' lang='lat' dir='ltr'>Christus</span> <span class='ocrx_word' id='word_1_580' title='bbox 2723 3527 2736 3560; x_wconf 89' lang='lat'><strong>:</strong></span> <span class='ocrx_word' id='word_1_581' title='bbox 2766 3505 2821 3561; x_wconf 91' lang='lat' dir='ltr'>Si</span> <span class='ocrx_word' id='word_1_582' title='bbox 2847 3504 3026 3561; x_wconf 91' lang='lat' dir='ltr'>vultis</span> <span class='ocrx_word' id='word_1_583' title='bbox 3054 3506 3316 3577; x_wconf 89' lang='lat' dir='ltr'>recipere</span> <span class='ocrx_word' id='word_1_584' title='bbox 3345 3505 3513 3577; x_wconf 90' lang='lat' dir='ltr'>quod</span> 
     </span>
    </p>
   </div>
   <div class='ocr_carea' id='block_1_88' title="bbox 1850 3592 3514 3666">
    <p class='ocr_par' dir='ltr' id='par_1_88' title="bbox 1850 3592 3514 3666">
     <span class='ocr_line' id='line_1_88' title="bbox 1850 3592 3514 3666; baseline 0.001 -17"><span class='ocrx_word' id='word_1_585' title='bbox 1850 3592 2115 3649; x_wconf 82' lang='lat' dir='ltr'>futurum</span> <span class='ocrx_word' id='word_1_586' title='bbox 2164 3609 2292 3650; x_wconf 90' lang='lat' dir='ltr'>esse</span> <span class='ocrx_word' id='word_1_587' title='bbox 2331 3593 2554 3649; x_wconf 91' lang='lat' dir='ltr'>dictum</span> <span class='ocrx_word' id='word_1_588' title='bbox 2610 3597 2698 3650; x_wconf 91' lang='lat' dir='ltr'>est</span> <span class='ocrx_word' id='word_1_589' title='bbox 2740 3594 2814 3650; x_wconf 92' lang='lat' dir='ltr'>de</span> <span class='ocrx_word' id='word_1_590' title='bbox 2865 3593 2982 3650; x_wconf 91' lang='lat' dir='ltr'>hoc</span> <span class='ocrx_word' id='word_1_591' title='bbox 3033 3597 3302 3666; x_wconf 87' lang='lat' dir='ltr'>tempore</span> <span class='ocrx_word' id='word_1_592' title='bbox 3345 3595 3514 3650; x_wconf 87' lang='lat' dir='ltr'>:sive</span> 
     </span>
    </p>
   </div>
   <div class='ocr_carea' id='block_1_89' title="bbox 1853 3682 3516 3755">
    <p class='ocr_par' dir='ltr' id='par_1_89' title="bbox 1853 3682 3516 3755">
     <span class='ocr_line' id='line_1_89' title="bbox 1853 3682 3516 3755; baseline 0.002 -17"><span class='ocrx_word' id='word_1_593' title='bbox 1853 3683 2173 3755; x_wconf 89' lang='lat' dir='ltr'>suscipere,</span> <span class='ocrx_word' id='word_1_594' title='bbox 2205 3683 2265 3739; x_wconf 92' lang='lat' dir='ltr'>id</span> <span class='ocrx_word' id='word_1_595' title='bbox 2307 3687 2394 3740; x_wconf 92' lang='lat' dir='ltr'>est</span> <span class='ocrx_word' id='word_1_596' title='bbox 2448 3683 2628 3739; x_wconf 89' lang='lat' dir='ltr'>rebus</span> <span class='ocrx_word' id='word_1_597' title='bbox 2665 3684 2939 3740; x_wconf 90' lang='lat' dir='ltr'>animum</span> <span class='ocrx_word' id='word_1_598' title='bbox 2995 3682 3325 3748; x_wconf 89' lang='lat' dir='ltr'>advertere,</span> <span class='ocrx_word' id='word_1_599' title='bbox 3388 3683 3516 3754; x_wconf 91' lang='lat' dir='ltr'>ipse</span> 
     </span>
    </p>
   </div>
   <div class='ocr_carea' id='block_1_90' title="bbox 1853 3772 3518 3845">
    <p class='ocr_par' dir='ltr' id='par_1_90' title="bbox 1853 3772 3518 3845">
     <span class='ocr_line' id='line_1_90' title="bbox 1853 3772 3518 3845; baseline 0.001 -19"><span class='ocrx_word' id='word_1_600' title='bbox 1853 3777 1940 3828; x_wconf 90' lang='lat' dir='ltr'>est</span> <span class='ocrx_word' id='word_1_601' title='bbox 1970 3772 2120 3829; x_wconf 89' lang='lat' dir='ltr'>Elias</span> <span class='ocrx_word' id='word_1_602' title='bbox 2169 3773 2270 3845; x_wconf 90' lang='lat' dir='ltr'>qui</span> <span class='ocrx_word' id='word_1_603' title='bbox 2323 3776 2605 3828; x_wconf 88' lang='lat' dir='ltr'>venturus</span> <span class='ocrx_word' id='word_1_604' title='bbox 2649 3776 2794 3838; x_wconf 90' lang='lat' dir='ltr'>erat,</span> <span class='ocrx_word' id='word_1_605' title='bbox 2855 3776 3057 3844; x_wconf 89' lang='lat' dir='ltr'>utpote</span> <span class='ocrx_word' id='word_1_606' title='bbox 3109 3772 3309 3844; x_wconf 90' lang='lat' dir='ltr'>ipsum</span> <span class='ocrx_word' id='word_1_607' title='bbox 3361 3773 3518 3830; x_wconf 88' lang='lat' dir='ltr'>illius</span> 
     </span>
    </p>
   </div>
   <div class='ocr_carea' id='block_1_91' title="bbox 1855 3860 3514 3933">
    <p class='ocr_par' dir='ltr' id='par_1_91' title="bbox 1855 3860 3514 3933">
     <span class='ocr_line' id='line_1_91' title="bbox 1855 3860 3514 3933; baseline 0.002 -18"><span class='ocrx_word' id='word_1_608' title='bbox 1855 3860 2249 3917; x_wconf 90' lang='lat' dir='ltr'>ministerium</span> <span class='ocrx_word' id='word_1_609' title='bbox 2275 3861 2606 3933; x_wconf 83' lang='lat' dir='ltr'>perﬁciens.</span> <span class='ocrx_word' id='word_1_610' title='bbox 2642 3862 2803 3918; x_wconf 91' lang='lat' dir='ltr'>Sicut</span> <span class='ocrx_word' id='word_1_611' title='bbox 2837 3861 2997 3917; x_wconf 91' lang='lat' dir='ltr'>enim</span> <span class='ocrx_word' id='word_1_612' title='bbox 3041 3861 3136 3917; x_wconf 88' lang='lat' dir='ltr'>ille</span> <span class='ocrx_word' id='word_1_613' title='bbox 3170 3863 3514 3918; x_wconf 89' lang='lat' dir='ltr'>secundum</span> 
     </span>
    </p>
   </div>
   <div class='ocr_carea' id='block_1_92' title="bbox 1857 3949 3520 4022">
    <p class='ocr_par' dir='ltr' id='par_1_92' title="bbox 1857 3949 3520 4022">
     <span class='ocr_line' id='line_1_92' title="bbox 1857 3949 3520 4022; baseline 0.002 -18"><span class='ocrx_word' id='word_1_614' title='bbox 1857 3964 2063 4004; x_wconf 90' lang='lat' dir='ltr'>meum</span> <span class='ocrx_word' id='word_1_615' title='bbox 2118 3949 2439 4006; x_wconf 87' lang='lat' dir='ltr'>adventum</span> <span class='ocrx_word' id='word_1_616' title='bbox 2509 3965 2903 4022; x_wconf 79' lang='lat' dir='ltr'>praecurrens,</span> <span class='ocrx_word' id='word_1_617' title='bbox 2964 3955 3268 4006; x_wconf 88' lang='lat' dir='ltr'>convertet</span> <span class='ocrx_word' id='word_1_618' title='bbox 3338 3951 3520 4008; x_wconf 89' lang='lat' dir='ltr'>corda</span> 
     </span>
    </p>
   </div>
   <div class='ocr_carea' id='block_1_93' title="bbox 1855 4036 3522 4112">
    <p class='ocr_par' dir='ltr' id='par_1_93' title="bbox 1855 4036 3522 4112">
     <span class='ocr_line' id='line_1_93' title="bbox 1855 4036 3522 4112; baseline 0.001 -20"><span class='ocrx_word' id='word_1_619' title='bbox 1855 4036 2203 4093; x_wconf 69' lang='lat' dir='ltr'>Judaeorum</span> <span class='ocrx_word' id='word_1_620' title='bbox 2252 4037 2408 4094; x_wconf 89' lang='lat' dir='ltr'>illius</span> <span class='ocrx_word' id='word_1_621' title='bbox 2466 4039 2752 4110; x_wconf 90' lang='lat' dir='ltr'>temporis</span> <span class='ocrx_word' id='word_1_622' title='bbox 2797 4038 2875 4094; x_wconf 91' lang='lat' dir='ltr'>ad</span> <span class='ocrx_word' id='word_1_623' title='bbox 2941 4038 3265 4110; x_wconf 88' lang='lat' dir='ltr'>apostolos,</span> <span class='ocrx_word' id='word_1_624' title='bbox 3321 4045 3522 4112; x_wconf 88' lang='lat' dir='ltr'>patres</span> 
     </span>
    </p>
   </div>
   <div class='ocr_carea' id='block_1_94' title="bbox 1859 4124 3511 4198">
    <p class='ocr_par' dir='ltr' id='par_1_94' title="bbox 1859 4124 3511 4198">
     <span class='ocr_line' id='line_1_94' title="bbox 1859 4124 3511 4198; baseline 0.002 -18"><span class='ocrx_word' id='word_1_625' title='bbox 1859 4124 2150 4197; x_wconf 88' lang='lat' dir='ltr'>siquidem</span> <span class='ocrx_word' id='word_1_626' title='bbox 2205 4125 2621 4198; x_wconf 85' lang='lat' dir='ltr'>apostolorum</span> <span class='ocrx_word' id='word_1_627' title='bbox 2691 4132 2826 4182; x_wconf 86' lang='lat' dir='ltr'>sunt</span> <span class='ocrx_word' id='word_1_628' title='bbox 2878 4127 3064 4182; x_wconf 68' lang='lat' dir='ltr'>Judtei</span> <span class='ocrx_word' id='word_1_629' title='bbox 3097 4143 3107 4181; x_wconf 92' lang='lat'><strong>:</strong></span> <span class='ocrx_word' id='word_1_630' title='bbox 3143 4129 3224 4184; x_wconf 91' lang='lat' dir='ltr'>ita</span> <span class='ocrx_word' id='word_1_631' title='bbox 3286 4133 3341 4183; x_wconf 90' lang='lat' dir='ltr'>et</span> <span class='ocrx_word' id='word_1_632' title='bbox 3415 4128 3511 4184; x_wconf 90' lang='lat' dir='ltr'>hic</span> 
     </span>
    </p>
   </div>
   <div class='ocr_carea' id='block_1_95' title="bbox 1859 4215 3523 4284">
    <p class='ocr_par' dir='ltr' id='par_1_95' title="bbox 1859 4215 3523 4284">
     <span class='ocr_line' id='line_1_95' title="bbox 1859 4215 3523 4284; baseline 0.001 -15"><span class='ocrx_word' id='word_1_633' title='bbox 1859 4215 2164 4280; x_wconf 87' lang='lat' dir='ltr'>convertit,</span> <span class='ocrx_word' id='word_1_634' title='bbox 2223 4228 2593 4284; x_wconf 84' lang='lat' dir='ltr'>praecurrens</span> <span class='ocrx_word' id='word_1_635' title='bbox 2649 4231 2851 4270; x_wconf 92' lang='lat' dir='ltr'>meum</span> <span class='ocrx_word' id='word_1_636' title='bbox 2919 4215 3262 4280; x_wconf 88' lang='lat' dir='ltr'>adventum,</span> <span class='ocrx_word' id='word_1_637' title='bbox 3336 4216 3523 4272; x_wconf 86' lang='lat' dir='ltr'>corda</span> 
     </span>
    </p>
   </div>
   <div class='ocr_carea' id='block_1_96' title="bbox 1861 4301 3526 4375">
    <p class='ocr_par' dir='ltr' id='par_1_96' title="bbox 1861 4301 3526 4375">
     <span class='ocr_line' id='line_1_96' title="bbox 1861 4301 3526 4375; baseline 0 -17"><span class='ocrx_word' id='word_1_638' title='bbox 1861 4318 2068 4359; x_wconf 90' lang='lat' dir='ltr'>eorum</span> <span class='ocrx_word' id='word_1_639' title='bbox 2097 4303 2201 4373; x_wconf 89' lang='lat' dir='ltr'>qui</span> <span class='ocrx_word' id='word_1_640' title='bbox 2253 4301 2529 4358; x_wconf 88' lang='lat' dir='ltr'>credituri</span> <span class='ocrx_word' id='word_1_641' title='bbox 2575 4307 2714 4358; x_wconf 90' lang='lat' dir='ltr'>sunt</span> <span class='ocrx_word' id='word_1_642' title='bbox 2758 4303 3101 4359; x_wconf 68' lang='lat' dir='ltr'>Iudaeorum</span> <span class='ocrx_word' id='word_1_643' title='bbox 3153 4303 3232 4359; x_wconf 89' lang='lat' dir='ltr'>ad</span> <span class='ocrx_word' id='word_1_644' title='bbox 3281 4318 3377 4358; x_wconf 89' lang='lat' dir='ltr'>me</span> <span class='ocrx_word' id='word_1_645' title='bbox 3419 4303 3526 4375; x_wconf 89' lang='lat' dir='ltr'>qui</span> 
     </span>
    </p>
   </div>
   <div class='ocr_carea' id='block_1_97' title="bbox 1862 4389 3525 4447">
    <p class='ocr_par' dir='ltr' id='par_1_97' title="bbox 1862 4389 3525 4447">
     <span class='ocr_line' id='line_1_97' title="bbox 1862 4389 3525 4447; baseline 0.001 -1"><span class='ocrx_word' id='word_1_646' title='bbox 1862 4408 2001 4447; x_wconf 90' lang='lat' dir='ltr'>sum</span> <span class='ocrx_word' id='word_1_647' title='bbox 2044 4389 2195 4446; x_wconf 84' lang='lat' dir='ltr'>ﬁlius</span> <span class='ocrx_word' id='word_1_648' title='bbox 2234 4405 2463 4447; x_wconf 88' lang='lat' dir='ltr'>eorum.</span> <span class='ocrx_word' id='word_1_649' title='bbox 2505 4392 2656 4445; x_wconf 86' lang='lat' dir='ltr'>Nam</span> <span class='ocrx_word' id='word_1_650' title='bbox 2713 4391 3046 4447; x_wconf 87' lang='lat' dir='ltr'>secundum</span> <span class='ocrx_word' id='word_1_651' title='bbox 3085 4390 3525 4447; x_wconf 85' lang='lat' dir='ltr'>humanitatem</span> 
     </span>
    </p>
   </div>
   <div class='ocr_carea' id='block_1_98' title="bbox 87 4457 1729 4564">
    <p class='ocr_par' dir='ltr' id='par_1_98' title="bbox 87 4480 1729 4559">
     <span class='ocr_line' id='line_1_98' title="bbox 87 4480 1729 4559; baseline 0.001 -23"><span class='ocrx_word' id='word_1_652' title='bbox 87 4481 418 4539; x_wconf 75' lang='grc' dir='ltr'>Ἰουδαίων</span> <span class='ocrx_word' id='word_1_653' title='bbox 479 4486 616 4555; x_wconf 81' lang='grc' dir='ltr'>πρὸς</span> <span class='ocrx_word' id='word_1_654' title='bbox 669 4480 772 4552; x_wconf 71' lang='grc' dir='ltr'>ἐμὲ,</span> <span class='ocrx_word' id='word_1_655' title='bbox 830 4484 917 4533; x_wconf 83' lang='grc' dir='ltr'>τὸν</span> <span class='ocrx_word' id='word_1_656' title='bbox 986 4485 1096 4534; x_wconf 82' lang='grc' dir='ltr'>υἱὸν</span> <span class='ocrx_word' id='word_1_657' title='bbox 1172 4481 1358 4534; x_wconf 78' lang='grc' dir='ltr'>αὐτῶν.</span> <span class='ocrx_word' id='word_1_658' title='bbox 1427 4486 1574 4536; x_wconf 80' lang='grc' dir='ltr'>Κατὰ</span> <span class='ocrx_word' id='word_1_659' title='bbox 1651 4486 1729 4559; x_wconf 58' lang='grc' dir='ltr'>γὰι</span> 
     </span>
    </p>
   </div>
   <div class='ocr_carea' id='block_1_99' title="bbox 1851 4457 3526 4564">
    <p class='ocr_par' dir='ltr' id='par_1_99' title="bbox 1861 4478 3526 4564">
     <span class='ocr_line' id='line_1_99' title="bbox 1861 4478 3526 4564; baseline 0 -28"><span class='ocrx_word' id='word_1_660' title='bbox 1861 4479 2123 4536; x_wconf 88' lang='lat' dir='ltr'>Christus</span> <span class='ocrx_word' id='word_1_661' title='bbox 2154 4495 2190 4536; x_wconf 88' lang='lat' dir='ltr'>a</span> <span class='ocrx_word' id='word_1_662' title='bbox 2213 4479 2436 4535; x_wconf 79' lang='lat' dir='ltr'>Judaeis</span> <span class='ocrx_word' id='word_1_663' title='bbox 2468 4478 2792 4535; x_wconf 85' lang='lat' dir='ltr'>descendit.</span> <span class='ocrx_word' id='word_1_664' title='bbox 2823 4481 2889 4535; x_wconf 91' lang='lat' dir='ltr'>Et</span> <span class='ocrx_word' id='word_1_665' title='bbox 2913 4479 3062 4535; x_wconf 91' lang='lat' dir='ltr'>sicut</span> <span class='ocrx_word' id='word_1_666' title='bbox 3086 4479 3318 4552; x_wconf 89' lang='lat' dir='ltr'>primus</span> <span class='ocrx_word' id='word_1_667' title='bbox 3348 4479 3526 4564; x_wconf 59' lang='lat' dir='ltr'>Elias,</span> 
     </span>
    </p>
   </div>
   <div class='ocr_carea' id='block_1_100' title="bbox 91 4567 1750 4644">
    <p class='ocr_par' dir='ltr' id='par_1_100' title="bbox 91 4567 1750 4644">
     <span class='ocr_line' id='line_1_100' title="bbox 91 4567 1750 4644; baseline 0.001 -20"><span class='ocrx_word' id='word_1_668' title='bbox 91 4579 220 4631; x_wconf 61' lang='grc' dir='ltr'>τήν</span> <span class='ocrx_word' id='word_1_669' title='bbox 276 4571 676 4644; x_wconf 67' lang='grc' dir='ltr'>ἐνανθρὼπησιν</span> <span class='ocrx_word' id='word_1_670' title='bbox 724 4570 774 4633; x_wconf 78' lang='grc' dir='ltr'><strong>ἐξ</strong></span> <span class='ocrx_word' id='word_1_671' title='bbox 825 4567 1094 4623; x_wconf 81' lang='grc' dir='ltr'>Ἰουδαίων</span> <span class='ocrx_word' id='word_1_672' title='bbox 1133 4573 1158 4623; x_wconf 90' lang='lat'>6</span> <span class='ocrx_word' id='word_1_673' title='bbox 1195 4575 1428 4644; x_wconf 82' lang='grc' dir='ltr'>Χριστός</span> <span class='ocrx_word' id='word_1_674' title='bbox 1473 4579 1750 4644; x_wconf 72' lang='grc' dir='ltr'>κατήγετο.</span> 
     </span>
    </p>
   </div>
   <div class='ocr_carea' id='block_1_101' title="bbox 95 4657 1755 4736">
    <p class='ocr_par' dir='ltr' id='par_1_101' title="bbox 95 4657 1755 4736">
     <span class='ocr_line' id='line_1_101' title="bbox 95 4657 1755 4736; baseline 0.001 -22"><span class='ocrx_word' id='word_1_675' title='bbox 95 4669 236 4718; x_wconf 66' lang='grc' dir='ltr'>Καὶ</span> <span class='ocrx_word' id='word_1_676' title='bbox 302 4663 489 4732; x_wconf 71' lang='grc' dir='ltr'>ὥσπερ</span> <span class='ocrx_word' id='word_1_677' title='bbox 551 4661 578 4710; x_wconf 90' lang='lat'>6</span> <span class='ocrx_word' id='word_1_678' title='bbox 637 4667 833 4732; x_wconf 82' lang='grc' dir='ltr'>πρῶτος</span> <span class='ocrx_word' id='word_1_679' title='bbox 886 4659 1083 4730; x_wconf 81' lang='grc' dir='ltr'>Ἠλίας,</span> <span class='ocrx_word' id='word_1_680' title='bbox 1154 4657 1390 4733; x_wconf 82' lang='grc' dir='ltr'>δεύτερος</span> <span class='ocrx_word' id='word_1_681' title='bbox 1459 4659 1755 4736; x_wconf 80' lang='grc' dir='ltr'>πρόδρομος</span> 
     </span>
    </p>
   </div>
   <div class='ocr_carea' id='block_1_102' title="bbox 453 4743 1758 4826">
    <p class='ocr_par' dir='ltr' id='par_1_102' title="bbox 453 4743 1758 4826">
     <span class='ocr_line' id='line_1_102' title="bbox 453 4743 1758 4826; baseline 0.005 -27"><span class='ocrx_word' id='word_1_682' title='bbox 453 4748 589 4799; x_wconf 70' lang='grc' dir='ltr'>οὕτω</span> <span class='ocrx_word' id='word_1_683' title='bbox 636 4743 702 4805; x_wconf 76' lang='grc' dir='ltr'>δή</span> <span class='ocrx_word' id='word_1_684' title='bbox 761 4753 850 4801; x_wconf 81' lang='grc' dir='ltr'>καὶ</span> <span class='ocrx_word' id='word_1_685' title='bbox 881 4750 906 4800; x_wconf 91' lang='grc' dir='ltr'>ό</span> <span class='ocrx_word' id='word_1_686' title='bbox 935 4757 1130 4824; x_wconf 85' lang='grc' dir='ltr'>πρῶτος</span> <span class='ocrx_word' id='word_1_687' title='bbox 1158 4746 1480 4824; x_wconf 77' lang='grc' dir='ltr'>πρόδρομος,</span> <span class='ocrx_word' id='word_1_688' title='bbox 1523 4747 1758 4826; x_wconf 81' lang='grc' dir='ltr'>δεύτερος</span> 
     </span>
    </p>
   </div>
   <div class='ocr_carea' id='block_1_103' title="bbox 97 4759 394 4823">
    <p class='ocr_par' dir='ltr' id='par_1_103' title="bbox 97 4759 394 4823">
     <span class='ocr_line' id='line_1_103' title="bbox 97 4759 394 4823; baseline -0.01 -20"><span class='ocrx_word' id='word_1_689' title='bbox 97 4759 208 4823; x_wconf 62' lang='lat'>)1&quot;,</span> <span class='ocrx_word' id='word_1_690' title='bbox 220 4769 346 4802; x_wconf 73' lang='grc' dir='ltr'>εταε</span> <span class='ocrx_word' id='word_1_691' title='bbox 381 4766 394 4776; x_wconf 88' lang='grc'><em>”</em></span> 
     </span>
    </p>
   </div>
   <div class='ocr_carea' id='block_1_104' title="bbox 95 4834 1749 4914">
    <p class='ocr_par' dir='ltr' id='par_1_104' title="bbox 95 4834 1749 4914">
     <span class='ocr_line' id='line_1_104' title="bbox 95 4834 1749 4914; baseline 0.003 -24"><span class='ocrx_word' id='word_1_692' title='bbox 95 4840 320 4899; x_wconf 54' lang='lat' dir='ltr'>una;</span> <span class='ocrx_word' id='word_1_693' title='bbox 375 4838 850 4912; x_wconf 68' lang='grc' dir='ltr'>προσαγορεύεται,</span> <span class='ocrx_word' id='word_1_694' title='bbox 913 4834 1006 4890; x_wconf 78' lang='grc' dir='ltr'>διὰ</span> <span class='ocrx_word' id='word_1_695' title='bbox 1057 4842 1172 4907; x_wconf 75' lang='grc' dir='ltr'>τὴν,</span> <span class='ocrx_word' id='word_1_696' title='bbox 1217 4840 1284 4900; x_wconf 86' lang='grc' dir='ltr'>ὡς</span> <span class='ocrx_word' id='word_1_697' title='bbox 1347 4842 1549 4914; x_wconf 88' lang='grc' dir='ltr'>εἶρηται</span> <span class='ocrx_word' id='word_1_698' title='bbox 1617 4841 1749 4912; x_wconf 85' lang='grc'>(47).</span> 
     </span>
    </p>
   </div>
   <div class='ocr_carea' id='block_1_105' title="bbox 97 4923 663 5001">
    <p class='ocr_par' dir='ltr' id='par_1_105' title="bbox 97 4923 663 5001">
     <span class='ocr_line' id='line_1_105' title="bbox 97 4923 663 5001; baseline 0.002 -21"><span class='ocrx_word' id='word_1_699' title='bbox 97 4931 329 5001; x_wconf 56' lang='grc' dir='ltr'>ὁμοία-ν</span> <span class='ocrx_word' id='word_1_700' title='bbox 363 4923 663 4981; x_wconf 69' lang='grc' dir='ltr'>διακονίαν.</span> 
     </span>
    </p>
   </div>
   <div class='ocr_carea' id='block_1_106' title="bbox 197 5022 1256 5094">
    <p class='ocr_par' dir='ltr' id='par_1_106' title="bbox 197 5022 1256 5094">
     <span class='ocr_line' id='line_1_106' title="bbox 197 5022 1256 5094; baseline 0 -13"><span class='ocrx_word' id='word_1_701' title='bbox 197 5027 258 5061; x_wconf 73' lang='grc' dir='ltr'>⁶τ</span> <span class='ocrx_word' id='word_1_702' title='bbox 296 5027 476 5081; x_wconf 79' lang='lat' dir='ltr'>Joan.</span> <span class='ocrx_word' id='word_1_703' title='bbox 503 5040 543 5094; x_wconf 84' lang='grc' dir='ltr'>ι,</span> <span class='ocrx_word' id='word_1_704' title='bbox 570 5025 661 5080; x_wconf 79' lang='lat'>29.</span> <span class='ocrx_word' id='word_1_705' title='bbox 739 5023 785 5059; x_wconf 78' lang='lat'>&quot;</span> <span class='ocrx_word' id='word_1_706' title='bbox 812 5022 1051 5081; x_wconf 79' lang='lat' dir='ltr'>Malach.</span> <span class='ocrx_word' id='word_1_707' title='bbox 1083 5025 1162 5092; x_wconf 88' lang='lat' dir='ltr'>ni,</span> <span class='ocrx_word' id='word_1_708' title='bbox 1203 5027 1256 5081; x_wconf 81' lang='grc'>1.</span> 
     </span>
    </p>
   </div>
   <div class='ocr_carea' id='block_1_107' title="bbox 1864 4566 3528 4642">
    <p class='ocr_par' dir='ltr' id='par_1_107' title="bbox 1864 4566 3528 4642">
     <span class='ocr_line' id='line_1_107' title="bbox 1864 4566 3528 4642; baseline -0.001 -16"><span class='ocrx_word' id='word_1_709' title='bbox 1864 4569 2164 4626; x_wconf 88' lang='lat' dir='ltr'>secundus</span> <span class='ocrx_word' id='word_1_710' title='bbox 2192 4584 2527 4640; x_wconf 76' lang='lat' dir='ltr'>praecursor</span> <span class='ocrx_word' id='word_1_711' title='bbox 2580 4566 2817 4637; x_wconf 87' lang='lat' dir='ltr'>dicitur,</span> <span class='ocrx_word' id='word_1_712' title='bbox 2863 4569 2946 4624; x_wconf 87' lang='lat' dir='ltr'>ita</span> <span class='ocrx_word' id='word_1_713' title='bbox 2977 4583 3123 4625; x_wconf 85' lang='lat' dir='ltr'>sane</span> <span class='ocrx_word' id='word_1_714' title='bbox 3185 4572 3240 4626; x_wconf 85' lang='lat' dir='ltr'>et</span> <span class='ocrx_word' id='word_1_715' title='bbox 3295 4569 3528 4642; x_wconf 90' lang='lat' dir='ltr'>primus</span> 
     </span>
    </p>
   </div>
   <div class='ocr_carea' id='block_1_108' title="bbox 1863 4655 3533 4732">
    <p class='ocr_par' dir='ltr' id='par_1_108' title="bbox 1863 4655 3533 4732">
     <span class='ocr_line' id='line_1_108' title="bbox 1863 4655 3533 4732; baseline 0.002 -20"><span class='ocrx_word' id='word_1_716' title='bbox 1863 4673 2214 4732; x_wconf 72' lang='lat' dir='ltr'>praecursor,</span> <span class='ocrx_word' id='word_1_717' title='bbox 2246 4656 2546 4713; x_wconf 90' lang='lat' dir='ltr'>secundus</span> <span class='ocrx_word' id='word_1_718' title='bbox 2566 4656 2718 4713; x_wconf 90' lang='lat' dir='ltr'>Elias</span> <span class='ocrx_word' id='word_1_719' title='bbox 2735 4655 3073 4730; x_wconf 88' lang='lat' dir='ltr'>appellatur</span> <span class='ocrx_word' id='word_1_720' title='bbox 3108 4661 3351 4732; x_wconf 87' lang='lat' dir='ltr'>propter</span> <span class='ocrx_word' id='word_1_721' title='bbox 3373 4658 3533 4716; x_wconf 86' lang='lat' dir='ltr'>simi-</span> 
     </span>
    </p>
   </div>
   <div class='ocr_carea' id='block_1_109' title="bbox 1866 4745 2868 4814">
    <p class='ocr_par' dir='ltr' id='par_1_109' title="bbox 1866 4745 2868 4814">
     <span class='ocr_line' id='line_1_109' title="bbox 1866 4745 2868 4814; baseline -0.003 -9"><span class='ocrx_word' id='word_1_722' title='bbox 1866 4747 1923 4806; x_wconf 91' lang='lat' dir='ltr'>le</span> <span class='ocrx_word' id='word_1_723' title='bbox 1952 4745 2367 4814; x_wconf 88' lang='lat' dir='ltr'>ministerium,</span> <span class='ocrx_word' id='word_1_724' title='bbox 2402 4750 2467 4803; x_wconf 90' lang='lat' dir='ltr'>ut</span> <span class='ocrx_word' id='word_1_725' title='bbox 2497 4746 2724 4804; x_wconf 89' lang='lat' dir='ltr'>dictum</span> <span class='ocrx_word' id='word_1_726' title='bbox 2761 4750 2868 4804; x_wconf 87' lang='lat' dir='ltr'>est.</span> 
     </span>
    </p>
   </div>
   <div class='ocr_carea' id='block_1_110' title="bbox 1370 5123 2322 5196">
    <p class='ocr_par' dir='ltr' id='par_1_110' title="bbox 1370 5123 2322 5196">
     <span class='ocr_line' id='line_1_110' title="bbox 1370 5123 2322 5196; baseline -0.004 0"><span class='ocrx_word' id='word_1_727' title='bbox 1370 5125 1596 5196; x_wconf 69' lang='lat' dir='ltr'>Variae</span> <span class='ocrx_word' id='word_1_728' title='bbox 1646 5123 1970 5195; x_wconf 90' lang='lat' dir='ltr'>lectiones</span> <span class='ocrx_word' id='word_1_729' title='bbox 2011 5135 2076 5193; x_wconf 87' lang='lat' dir='ltr'>et</span> <span class='ocrx_word' id='word_1_730' title='bbox 2115 5134 2322 5193; x_wconf 67' lang='lat' dir='ltr'>notae.</span> 
     </span>
    </p>
   </div>
   <div class='ocr_carea' id='block_1_111' title="bbox 188 5266 839 5340">
    <p class='ocr_par' dir='ltr' id='par_1_111' title="bbox 188 5266 839 5340">
     <span class='ocr_line' id='line_1_111' title="bbox 188 5266 839 5340; baseline -0.006 -16"><span class='ocrx_word' id='word_1_731' title='bbox 188 5269 344 5340; x_wconf 65' lang='grc'>(44)</span> <span class='ocrx_word' id='word_1_732' title='bbox 374 5268 493 5340; x_wconf 62' lang='grc' dir='ltr'>καί,</span> <span class='ocrx_word' id='word_1_733' title='bbox 517 5281 626 5337; x_wconf 87' lang='lat' dir='ltr'>pro</span> <span class='ocrx_word' id='word_1_734' title='bbox 655 5266 740 5327; x_wconf 84' lang='grc' dir='ltr'>ὡς.</span> <span class='ocrx_word' id='word_1_735' title='bbox 773 5269 839 5322; x_wconf 86' lang='grc' dir='ltr'>Α.</span> 
     </span>
    </p>
   </div>
   <div class='ocr_carea' id='block_1_112' title="bbox 183 5336 1766 5412">
    <p class='ocr_par' dir='ltr' id='par_1_112' title="bbox 183 5336 1766 5412">
     <span class='ocr_line' id='line_1_112' title="bbox 183 5336 1766 5412; baseline 0 -16"><span class='ocrx_word' id='word_1_736' title='bbox 183 5336 341 5412; x_wconf 69' lang='grc'>(45)</span> <span class='ocrx_word' id='word_1_737' title='bbox 373 5337 467 5392; x_wconf 79' lang='lat' dir='ltr'>Ita</span> <span class='ocrx_word' id='word_1_738' title='bbox 493 5336 733 5412; x_wconf 76' lang='lat' dir='ltr'>quoque</span> <span class='ocrx_word' id='word_1_739' title='bbox 760 5336 1083 5412; x_wconf 82' lang='lat' dir='ltr'>Hentenius</span> <span class='ocrx_word' id='word_1_740' title='bbox 1120 5337 1355 5412; x_wconf 85' lang='lat' dir='ltr'>videtur</span> <span class='ocrx_word' id='word_1_741' title='bbox 1389 5338 1624 5409; x_wconf 82' lang='lat' dir='ltr'>legisse,</span> <span class='ocrx_word' id='word_1_742' title='bbox 1662 5339 1766 5411; x_wconf 90' lang='lat' dir='ltr'>qui</span> 
     </span>
    </p>
   </div>
   <div class='ocr_carea' id='block_1_113' title="bbox 385 5407 1767 5482">
    <p class='ocr_par' dir='ltr' id='par_1_113' title="bbox 385 5407 1767 5482">
     <span class='ocr_line' id='line_1_113' title="bbox 385 5407 1767 5482; baseline 0.002 -19"><span class='ocrx_word' id='word_1_743' title='bbox 385 5407 564 5482; x_wconf 59' lang='lat' dir='ltr'>(andi</span> <span class='ocrx_word' id='word_1_744' title='bbox 577 5407 1009 5482; x_wconf 69' lang='lat' dir='ltr'>habethlinime</span> <span class='ocrx_word' id='word_1_745' title='bbox 1026 5413 1225 5465; x_wconf 92' lang='lat' dir='ltr'>autem</span> <span class='ocrx_word' id='word_1_746' title='bbox 1242 5409 1301 5465; x_wconf 89' lang='lat' dir='ltr'>in</span> <span class='ocrx_word' id='word_1_747' title='bbox 1323 5425 1392 5466; x_wconf 91' lang='lat' dir='ltr'>eo</span> <span class='ocrx_word' id='word_1_748' title='bbox 1411 5407 1656 5482; x_wconf 82' lang='lat' dir='ltr'>possum</span> <span class='ocrx_word' id='word_1_749' title='bbox 1671 5407 1767 5466; x_wconf 79' lang='lat' dir='ltr'>ac-</span> 
     </span>
    </p>
   </div>
   <div class='ocr_carea' id='block_1_114' title="bbox 85 5478 1762 5564">
    <p class='ocr_par' dir='ltr' id='par_1_114' title="bbox 85 5478 1762 5564">
     <span class='ocr_line' id='line_1_114' title="bbox 85 5478 1762 5564; baseline 0.003 -31"><span class='ocrx_word' id='word_1_750' title='bbox 85 5478 493 5564; x_wconf 56' lang='grc' dir='ltr'>ξιιιὶὲξοεεε.</span> <span class='ocrx_word' id='word_1_751' title='bbox 524 5478 709 5564; x_wconf 71' lang='lat' dir='ltr'>C_re_do</span> <span class='ocrx_word' id='word_1_752' title='bbox 747 5495 892 5564; x_wconf 61' lang='lat' dir='ltr'>ergo</span> <span class='ocrx_word' id='word_1_753' title='bbox 917 5485 1048 5564; x_wconf 36' lang='lat' dir='ltr'>“aut</span> <span class='ocrx_word' id='word_1_754' title='bbox 1074 5485 1154 5546; x_wconf 86' lang='grc' dir='ltr'>τό,</span> <span class='ocrx_word' id='word_1_755' title='bbox 1187 5486 1290 5537; x_wconf 89' lang='lat' dir='ltr'>aut</span> <span class='ocrx_word' id='word_1_756' title='bbox 1312 5490 1384 5553; x_wconf 84' lang='grc' dir='ltr'>τῷ</span> <span class='ocrx_word' id='word_1_757' title='bbox 1413 5478 1762 5564; x_wconf 57' lang='lat' dir='ltr'>&quot;legendum</span> 
     </span>
    </p>
   </div>
   <div class='ocr_carea' id='block_1_115' title="bbox 87 5551 1764 5627">
    <p class='ocr_par' dir='ltr' id='par_1_115' title="bbox 87 5551 1764 5627">
     <span class='ocr_line' id='line_1_115' title="bbox 87 5551 1764 5627; baseline 0 -17"><span class='ocrx_word' id='word_1_758' title='bbox 87 5551 457 5627; x_wconf 66' lang='lat' dir='ltr'>ésseJocp</span> <span class='ocrx_word' id='word_1_759' title='bbox 484 5559 688 5627; x_wconf 52' lang='grc' dir='ltr'>πατεῖ)</span> <span class='ocrx_word' id='word_1_760' title='bbox 709 5552 860 5627; x_wconf 88' lang='lat' dir='ltr'>quid</span> <span class='ocrx_word' id='word_1_761' title='bbox 879 5552 974 5616; x_wconf 88' lang='lat' dir='ltr'>sit,</span> <span class='ocrx_word' id='word_1_762' title='bbox 997 5568 1104 5625; x_wconf 85' lang='lat' dir='ltr'>per</span> <span class='ocrx_word' id='word_1_763' title='bbox 1123 5568 1184 5608; x_wconf 85' lang='lat' dir='ltr'>se</span> <span class='ocrx_word' id='word_1_764' title='bbox 1204 5551 1474 5627; x_wconf 78' lang='lat' dir='ltr'>apparet.</span> <span class='ocrx_word' id='word_1_765' title='bbox 1496 5551 1764 5610; x_wconf 82' lang='lat' dir='ltr'>Alterum</span> 
     </span>
    </p>
   </div>
   <div class='ocr_carea' id='block_1_116' title="bbox 93 5610 1768 5704">
    <p class='ocr_par' dir='ltr' id='par_1_116' title="bbox 93 5610 1768 5704">
     <span class='ocr_line' id='line_1_116' title="bbox 93 5610 1768 5704; baseline -0.005 -16"><span class='ocrx_word' id='word_1_766' title='bbox 416 5621 497 5680; x_wconf 85' lang='lat' dir='ltr'>ita</span> <span class='ocrx_word' id='word_1_767' title='bbox 537 5610 749 5700; x_wconf 58' lang='lat' dir='ltr'>capio?</span> <span class='ocrx_word' id='word_1_768' title='bbox 797 5626 866 5678; x_wconf 84' lang='grc' dir='ltr'>οἱ</span> <span class='ocrx_word' id='word_1_769' title='bbox 919 5610 1184 5703; x_wconf 60' lang='grc' dir='ltr'>πρδγῆται</span> <span class='ocrx_word' id='word_1_770' title='bbox 1229 5610 1377 5680; x_wconf 45' lang='lat' dir='ltr'>actio”</span> <span class='ocrx_word' id='word_1_771' title='bbox 1421 5628 1577 5702; x_wconf 86' lang='grc' dir='ltr'>νόμος</span> <span class='ocrx_word' id='word_1_772' title='bbox 1614 5644 1768 5704; x_wconf 85' lang='grc' dir='ltr'>προε-</span> 
     </span>
    </p>
   </div>
   <div class='ocr_carea' id='block_1_117' title="bbox 85 5427 294 5489">
    <p class='ocr_par' dir='ltr' id='par_1_117' title="bbox 85 5427 294 5489">
     <span class='ocr_line' id='line_1_117' title="bbox 85 5427 294 5489; baseline 0 -5"><span class='ocrx_word' id='word_1_773' title='bbox 85 5427 294 5489; x_wconf 55' lang='lat' dir='ltr'>Ir???</span> 
     </span>
    </p>
   </div>
   <div class='ocr_carea' id='block_1_118' title="bbox 1914 5266 3540 5341">
    <p class='ocr_par' dir='ltr' id='par_1_118' title="bbox 1914 5266 3540 5341">
     <span class='ocr_line' id='line_1_118' title="bbox 1914 5266 3540 5341; baseline -0.003 -21"><span class='ocrx_word' id='word_1_774' title='bbox 1914 5272 2138 5341; x_wconf 83' lang='grc' dir='ltr'>ἡτευσαν</span> <span class='ocrx_word' id='word_1_775' title='bbox 2194 5270 2252 5319; x_wconf 88' lang='grc' dir='ltr'>τό</span> <span class='ocrx_word' id='word_1_776' title='bbox 2304 5269 2668 5341; x_wconf 79' lang='grc' dir='ltr'>προφητεύειν.</span> <span class='ocrx_word' id='word_1_777' title='bbox 2746 5271 2794 5324; x_wconf 76' lang='grc'>1.</span> <span class='ocrx_word' id='word_1_778' title='bbox 2858 5281 2934 5333; x_wconf 88' lang='lat' dir='ltr'>e.,</span> <span class='ocrx_word' id='word_1_779' title='bbox 2993 5268 3052 5320; x_wconf 88' lang='grc' dir='ltr'>τό</span> <span class='ocrx_word' id='word_1_780' title='bbox 3108 5266 3540 5341; x_wconf 70' lang='grc' dir='ltr'>προφητευθήναι</span> 
     </span>
    </p>
   </div>
   <div class='ocr_carea' id='block_1_119' title="bbox 1875 5337 3537 5414">
    <p class='ocr_par' dir='ltr' id='par_1_119' title="bbox 1875 5337 3537 5414">
     <span class='ocr_line' id='line_1_119' title="bbox 1875 5337 3537 5414; baseline -0.002 -23"><span class='ocrx_word' id='word_1_781' title='bbox 1875 5337 1968 5414; x_wconf 71' lang='grc' dir='ltr'>ξως</span> <span class='ocrx_word' id='word_1_782' title='bbox 2028 5339 2306 5414; x_wconf 34' lang='lat' dir='ltr'>flaminica.</span> <span class='ocrx_word' id='word_1_783' title='bbox 2344 5337 2648 5414; x_wconf 52' lang='grc' dir='ltr'>’ῘΕλΘόντ-ος</span> <span class='ocrx_word' id='word_1_784' title='bbox 2715 5342 2846 5414; x_wconf 68' lang='grc' dir='ltr'>’γὰρ⁸</span> <span class='ocrx_word' id='word_1_785' title='bbox 2891 5346 2982 5414; x_wconf 82' lang='grc' dir='ltr'>τοῦ</span> <span class='ocrx_word' id='word_1_786' title='bbox 3057 5337 3537 5414; x_wconf 25' lang='grc' dir='ltr'>προφαητευθέντος,</span> 
     </span>
    </p>
   </div>
   <div class='ocr_carea' id='block_1_120' title="bbox 1874 5405 3541 5483">
    <p class='ocr_par' dir='ltr' id='par_1_120' title="bbox 1874 5405 3541 5483">
     <span class='ocr_line' id='line_1_120' title="bbox 1874 5405 3541 5483; baseline -0.003 -21"><span class='ocrx_word' id='word_1_787' title='bbox 1874 5411 1927 5462; x_wconf 86' lang='grc' dir='ltr'>ὃν</span> <span class='ocrx_word' id='word_1_788' title='bbox 1980 5408 2132 5469; x_wconf 76' lang='grc' dir='ltr'>αὐτός</span> <span class='ocrx_word' id='word_1_789' title='bbox 2175 5405 2733 5469; x_wconf 63' lang='grc' dir='ltr'>ἐδακτυλοδείνιτησεν⁷</span> <span class='ocrx_word' id='word_1_790' title='bbox 2762 5405 2795 5465; x_wconf 81' lang='grc' dir='ltr'>ό’</span> <span class='ocrx_word' id='word_1_791' title='bbox 2835 5405 3107 5476; x_wconf 82' lang='grc' dir='ltr'>Ἰωάννης,’</span> <span class='ocrx_word' id='word_1_792' title='bbox 3147 5405 3320 5463; x_wconf 74' lang='grc' dir='ltr'>οὐκέτι</span> <span class='ocrx_word' id='word_1_793' title='bbox 3373 5409 3541 5483; x_wconf 82' lang='grc' dir='ltr'>χρεία</span> 
     </span>
    </p>
   </div>
   <div class='ocr_carea' id='block_1_121' title="bbox 1873 5485 2209 5557">
    <p class='ocr_par' dir='ltr' id='par_1_121' title="bbox 1873 5485 2209 5557">
     <span class='ocr_line' id='line_1_121' title="bbox 1873 5485 2209 5557; baseline 0 0"><span class='ocrx_word' id='word_1_794' title='bbox 1873 5485 2209 5557; x_wconf 62' lang='grc' dir='ltr'>πρφφητείαξτ</span> 
     </span>
    </p>
   </div>
   <div class='ocr_carea' id='block_1_122' title="bbox 1947 5550 2635 5625">
    <p class='ocr_par' dir='ltr' id='par_1_122' title="bbox 1947 5550 2635 5625">
     <span class='ocr_line' id='line_1_122' title="bbox 1947 5550 2635 5625; baseline 0 -17"><span class='ocrx_word' id='word_1_795' title='bbox 1947 5550 2057 5625; x_wconf 81' lang='grc'>(46)</span> <span class='ocrx_word' id='word_1_796' title='bbox 2095 5550 2296 5625; x_wconf 52' lang='lat' dir='ltr'>fallat,</span> <span class='ocrx_word' id='word_1_797' title='bbox 2329 5550 2544 5625; x_wconf 86' lang='lat' dir='ltr'>omittit</span> <span class='ocrx_word' id='word_1_798' title='bbox 2572 5555 2635 5608; x_wconf 82' lang='grc' dir='ltr'>Β.</span> 
     </span>
    </p>
   </div>
   <div class='ocr_carea' id='block_1_123' title="bbox 1946 5624 2743 5702">
    <p class='ocr_par' dir='ltr' id='par_1_123' title="bbox 1946 5624 2743 5702">
     <span class='ocr_line' id='line_1_123' title="bbox 1946 5624 2743 5702; baseline 0.003 -22"><span class='ocrx_word' id='word_1_799' title='bbox 1946 5624 2058 5699; x_wconf 78' lang='grc'>(47)</span> <span class='ocrx_word' id='word_1_800' title='bbox 2081 5624 2284 5700; x_wconf 83' lang='grc' dir='ltr'>ὁμοίαν,</span> <span class='ocrx_word' id='word_1_801' title='bbox 2311 5624 2384 5687; x_wconf 85' lang='grc' dir='ltr'>ὡς</span> <span class='ocrx_word' id='word_1_802' title='bbox 2410 5625 2644 5702; x_wconf 81' lang='grc' dir='ltr'>εἴρηται.</span> <span class='ocrx_word' id='word_1_803' title='bbox 2673 5627 2743 5684; x_wconf 72' lang='grc' dir='ltr'>Α.</span> 
     </span>
    </p>
   </div>
  </div>
