3990 6206
1892 224 2237 282 EUTHYMII
2279 222 2609 280 ZIGABENI
3774 226 3855 283 356

2420 356 2462 400 Ο
2528 350 2663 419 ἔχων
2711 380 2779 389 -
2842 348 3085 404 ἁκονέτω.
3160 355 3297 401 *Ωτα
3356 348 3517 405 νοητὰ
3595 348 3708 420 λέγει
3758 360 3862 402 νῦν·

2337 438 2565 494 αἰσθητὰ
2637 441 2738 511 γὰρ
2812 440 2994 498 πάντες
3056 439 3198 509 εἶχον
3261 439 3310 489 οἱ
3387 436 3704 508 ἀκροώμενοι.
3757 446 3861 498 Φησὶ

580 225 683 279 355

651 350 809 403 Vers.
841 351 925 403 15.
962 348 1160 415 Qui—
1190 349 1413 404 audiat.
1459 351 1648 405 Aures
1678 365 1838 404 nunc
1880 349 2019 404 dicit
2058 344 2228 403 intel-
2257 350 2303 402 A

577 438 1111 507 ligibiles:omnes
1177 438 1474 510 siquidem
1547 440 1849 494 auditores
1921 440 2228 494 habebant

579 528 909 582 sensibiles.
946 527 1088 582 Dicit
1119 533 1315 582 autem
1354 544 1366 581 :
1397 529 1505 592 Qui
1537 528 1716 583 habet
1745 544 1919 583 aures
1960 529 2228 597 intelligi-

574 616 727 670 biles
755 616 833 671 ad
859 616 1332 684 intelligendum,
1362 616 1647 686 intelligat
1671 618 1830 688 quod
1860 618 2087 672 dictum
2118 623 2225 685 est,

574 710 718 776 puta
748 706 909 776 quod
940 706 1200 760 Joannes
1233 706 1305 760 sit
1338 706 1490 760 Elias
1520 724 1536 775 ;
1574 705 1885 761 videbatur
1916 707 2072 761 enim
2092 707 2229 761 aeni-

573 794 756 862 gmati
789 793 1001 848 simile.
1038 796 1182 849 Nam
1233 794 1702 849 demonstrando
1755 795 1921 865 quod
1968 797 2227 849 Joannes

571 888 728 937 esset
746 882 1107 946 Elias,simul
1123 898 1365 953 quoque
1395 882 2228 939 demonstraveratadvenisse

574 970 888 1025 Christum.
945 970 1152 1023 Dicens
1200 977 1399 1025 autem
1458 988 1470 1024 :
1517 972 1629 1038 Qui
1699 971 1871 1029 habet
1930 986 2100 1028 aures
2153 971 2230 1026 ad

572 1058 923 1114 audiendum
943 1058 1160 1122 audiat,
1187 1059 1399 1113 excitat
1420 1074 1525 1114 eos
1540 1059 1615 1113 ad
1631 1058 2123 1131 interrogandum
2154 1062 2229 1115 de

572 1163 642 1203 eo
682 1147 847 1218 quod
873 1148 1134 1215 aenigma
1167 1146 1497 1202 videbatur.

644 1239 799 1291 Vers.
863 1237 945 1289 16.
1005 1237 1120 1291 Cui
1172 1266 1237 1276 -
1292 1238 1505 1292 hanc?
1557 1239 1742 1293 Lucas
1808 1238 1989 1293 habet
2038 1256 2051 1292 :
2109 1240 2228 1294 Cui

571 1324 905 1381 assimilabo
962 1325 1223 1379 homines
1290 1327 1679 1394 generationis
1722 1328 1769 1361 ⁴⁹
1813 1327 1839 1381 ?
1866 1327 2227 1383 Assimilabo

570 1429 726 1478 vero,
770 1414 826 1467 id
856 1418 945 1467 est
968 1412 1365 1483 Comparabo.
1402 1414 1539 1469 Vult
1573 1420 1772 1470 autem
1808 1431 1937 1471 esse
1987 1416 2227 1472 difﬁcile

569 1502 914 1557 convincere
940 1500 1198 1555 Judaeos.

637 1590 802 1644 Vers.
831 1591 917 1644 16.
950 1588 1169 1644 Similis
1200 1620 1267 1629 —
1296 1592 1432 1645 suis.
1467 1591 1727 1646 Puerulis
1779 1592 2015 1648 Judaeos
2066 1608 2222 1648 com-

570 1680 821 1750 paravit,
850 1684 1089 1749 propter
1113 1693 1318 1734 eorum
1342 1679 1767 1751 insipientiam.
1800 1683 2212 1737 Forumautem

2334 1687 2526 1747 είκασε,
2589 1680 2682 1733 διὰ
2738 1688 2830 1740 τὴν
2884 1681 3177 1757 ἀφροσύνην
3220 1683 3407 1735 αὐτῶν.
3453 1681 3647 1753 Ἀγορὰ
3695 1677 3745 1731 δέ
3784 1678 3877 1730 ἐστι

565 1770 728 1825 locus
791 1769 1177 1839 estpublicus
1226 1769 1286 1823 in
1331 1785 1510 1840 quem
1584 1771 1901 1826 multitudo
1962 1773 2212 1843 undique

2333 1776 2489 1832 τόπος
2551 1767 2832 1842 δημόσιος,
2889 1770 2937 1822 ἐν
3086 1775 3147 1828 τὴ
3202 1769 3371 1827 πλήθη
3423 1770 3735 1839 πανταχόθεν
3780 1764 3877 1838 cvp-

564 1859 809 1914 conﬂuit
842 1858 1267 1927 negotiationis
1310 1859 1520 1928 gratia.
1578 1860 2003 1915 Consodalibus
2060 1877 2219 1923 vero,

562 1947 675 2003 hoc
718 1951 807 2003 est
856 1946 1066 2002 amicis
1122 1947 1279 2002 suis:
1324 1953 1380 2002 et
1445 1947 1715 2019 seipsum
1765 1965 1834 2004 ac
1890 1948 2219 2021 Baptistam

2338 524 2395 577 δὲ
2436 528 2547 596 (48)
2580 530 2659 578 ότι
2699 529 2723 577 ό
2771 530 2907 597 ἔχων
2950 524 3057 577 ὦτα
3103 530 3261 583 νοητὰ
3305 531 3379 587 εὶς
3410 530 3466 577 τὸ
3508 530 3728 591 συνιέναι,
3773 548 3868 580 συν-

2336 621 2462 668 τέτω
2499 620 2555 666 τὸ
2584 616 2759 689 ῥηθὲν,
2815 616 2990 686 ἢγουν,
3048 624 3151 675 πῶς
3204 614 3343 667 ἐστιν
3403 614 3573 673 Ἠλίας
3610 616 3867 677 όἸωάννης.

2338 702 2538 757 Ἐδόκει
2598 708 2698 778 γὰρ
2774 705 3043 775 αἰνίγματι
3102 706 3295 775 ὅμοιον,
3351 700 3623 765 ἀποδείξας
3674 708 3750 777 μὲν
3804 708 3869 757 οὖν

2338 794 2535 861 Ἠλίαν,
2590 797 2675 845 τόν
2726 795 2985 861 Ἰωάννην,
3035 789 3387 859 συναπέδειξε,
3448 799 3536 843 καὶ
3588 795 3658 843 ὀτί
3693 802 3868 866 παραγέ-

2336 902 2478 953 γονεν
2510 885 2534 933 ό
2567 887 2813 956 Χριστός.
2859 884 3025 935 Εἰπὼν
3058 879 3136 947 δὲ,
3183 884 3263 934 ὅτι
3290 882 3346 933 Ὀ
3378 884 3512 952 ἔχων
3542 882 3643 932 ὦτα
3690 880 3868 947 unum,

2336 970 2579 1035 ἀκουέτω,
2643 968 2903 1045 διήγειρεν
2960 972 3153 1032 αὐτοὺς
3223 971 3292 1032 εἰς
3358 973 3415 1022 τὸ
3483 970 3724 1044 ἐρωτῆσαι
3782 978 3871 1046 περὶ

2335 1068 2426 1113 τοῦ
2460 1058 2735 1122 δοκοῦντος
2762 1061 3084 1133 αἰνίγματος.

2406 1244 2518 1291 Τίνι
2568 1270 2633 1279 -
2694 1242 2922 1304 ταύτην;
2981 1239 3039 1290 '0
3089 1234 3147 1302 δὲ
3187 1242 3393 1299 Λουκᾶς
3438 1255 3451 1266 ·
3512 1240 3625 1289 Τίνι
3677 1239 3875 1307 ὁμοιώσω

2336 1333 2451 1388 τοὺς
2506 1327 2802 1402 ἀνθρώπους
2860 1336 2950 1388 τῆς
3009 1333 3183 1399 γενεᾶς
3238 1345 3483 1393 ταυτηςς
3537 1356 3601 1365 —
3650 1324 3874 1397 Ὀμοιώσω

2338 1414 2414 1478 δὲ,
2470 1416 2580 1468 ἀντὶ
2633 1425 2745 1483 τοῦ,
2787 1419 3112 1491 Παρεικάσω.
3176 1415 3415 1469 Βούλεται
3464 1412 3523 1467 δὲ
3580 1417 3634 1466 τὸ
3687 1411 3874 1486 δυσάρε-

2339 1524 2457 1556 στον
2487 1504 2682 1575 ἐλέγξαι
2711 1503 3000 1559 Ἰουδαίων.

2404 1593 2589 1664 Ὀμοία
2647 1625 2700 1635 -
2743 1595 2930 1647 αὐτῶν.
2994 1592 3230 1654 Παιδίοις
3275 1597 3392 1653 τοὺς
3448 1589 3725 1652 Ἰουδαίους
3774 1610 3876 1661 παρα

2331 1860 2555 1931 ῥέουσιν,
2617 1859 2866 1931 ἐμπορίας
2943 1863 3123 1933 χάριν.
3181 1859 3446 1931 Ἐταιρους
3508 1855 3588 1927 δὲ,
3664 1858 3882 1921 τουτέστι,

2333 1948 2508 2019 φίλους
2552 1949 2737 2013 αὐτῶν,
2806 1948 2937 2019 λέγει
3013 1949 3207 2013 ἑαυτὸν,
3294 1948 3383 1998 καί
3460 1950 3549 1998 τόν
3626 1946 3880 1999 Bumasti»

562 2036 848 2107 intelligit,
873 2035 1091 2107 quibus
1122 2036 1536 2092 acclamabant
1573 2037 1694 2092 sive
1726 2038 2212 2109 colloquebantur

2334 2037 2589 2103 Ἰωάννην,
2668 2036 2745 2097 οῖς
2821 2044 3197 2110 προσέφώνουν,
3260 2040 3441 2106 εἶτουν,
3506 2034 3792 2087 συνελάλουν
3848 2032 3886 2081 οἱ

560 2124 765 2181 Judaei.

2329 2123 2626 2179 Ἰουδαοῖοι.

633 2217 787 2269 Vers.
819 2215 902 2269 17.
943 2216 1014 2269 Et
1053 2244 1122 2254 —
1156 2214 1491 2283 planxistis.
1523 2215 1733 2270 Dicunt
1776 2215 2042 2287 praedicti
2078 2232 2212 2275 con.

2404 2221 2502 2266 Καὶ
2562 2246 2628 2254 -
2693 2213 2971 2284 ἐκόψασθε.
3042 2216 3145 2269 Καὶ
3191 2213 3403 2284 λέγουσι
3468 2220 3577 2273 τοῖς
3640 2208 3885 2267 δηλωθεῐσι

2328 2300 2559 2362 παιδίοις
2611 2305 2658 2354 οἱ
2708 2310 2932 2355 τοιοῦτοι
2986 2303 3177 2375 ἑταῖροι
3231 2304 3420 2369 αὐτῶν,
3474 2304 3554 2353 ὅτι
3614 2300 3887 2366 Ηύλήσαμεν

2328 2392 2468 2462 ὑμῖν,
2565 2396 2651 2443 καὶ
2730 2392 2824 2442 οὐκ
2903 2391 3248 2463 ὠρχήσασθε,
3336 2391 3691 2463 ἐθρηνήσαμεν
3768 2386 3885 2455 ὑμῖν.

2324 2486 2412 2532 καὶ
2480 2480 2571 2531 οὐκ
2622 2479 2900 2551 ἐκοῲασθε.
2960 2487 3137 2531 Ταῦτα
3185 2476 3263 2546 δὲ,
3314 2481 3562 2535 τοιαύτην
3617 2480 3726 2547 ἔχει
3793 2470 3890 2524 διά-

2322 2588 2502 2621 νοιαν·
2561 2571 2639 2621 ὅτι
2697 2566 3068 2640 ἐπεδειξάμεθα
3120 2570 3239 2640 ὑμῖν
3293 2571 3555 2620 πολιτείαν
3595 2564 3886 2637 εὐπρόσιτον,

3617 2660 3703 2705 καὶ
3766 2649 3894 2703 πάλιν

561 2304 867 2359 sodalibus
900 2304 1025 2357 suis
1058 2320 1067 2355 :
1097 2303 1263 2359 Tibia
1290 2304 1605 2359 cecinimus
1640 2305 1813 2369 vobis,
1847 2311 1953 2360 etc.
1988 2305 2218 2361 Habent

562 2398 761 2448 autem
808 2392 966 2447 hunc
1015 2408 1302 2447 sensum:
1347 2392 1728 2449 Ostendimus
1784 2394 1952 2449 vobis
1986 2393 2215 2448 facilem

561 2481 800 2537 vivendi
856 2496 1134 2536 normam
1188 2486 1244 2535 et
1298 2496 1419 2536 non
1462 2481 1682 2552 placuit
1730 2499 1743 2546 ;
1787 2498 1855 2537 ac
1912 2482 2212 2537 difﬁcilem

558 2580 614 2624 et
644 2586 846 2624 rursus
899 2568 1218 2640 displicuit.
1274 2569 1438 2623 Tibia
1484 2584 1742 2640 namque
1812 2569 1948 2625 laeta
1999 2586 2212 2625 canere

562 2657 729 2714 facile
751 2663 836 2714 est
872 2675 885 2721 ;
913 2657 1192 2729 lugubria
1216 2673 1353 2713 vero
1372 2673 1601 2721 canere,
1621 2657 1877 2714 difﬁcile.
1896 2661 2209 2713 Etrursum

560 2748 794 2812 saltare,
837 2748 1019 2802 altero
1059 2746 1195 2801 laata
1225 2753 1473 2801 canente
1521 2746 1680 2801 tibia.
1730 2747 2020 2804 delectat:
2052 2748 2211 2802 simi-

2321 2663 2410 2709 καὶ
2485 2659 2579 2710 οὐκ
2645 2659 2941 2731 ἠρέσθητε·
2992 2662 3081 2709 καὶ
3157 2654 3537 2729 δυσπρόσιτον,

2320 2747 2413 2799 οὐκ
2473 2748 2744 2821 ὴρέσθητε.
2805 2751 2872 2799 Τό
2921 2752 3009 2819 μὲν
3065 2749 3165 2820 γὰρ
3212 2745 3400 2809 acim,
3461 2746 3808 2817 εὐπρόσιτον·
3846 2741 3893 2787 τό

506 2883 511 2887 .
558 2837 687 2892 liter
716 2836 997 2907 plangere
1029 2836 1149 2889 sive
1180 2835 1401 2903 lugere,
1426 2834 1629 2906 aliquo
1654 2834 1932 2904 lugubria
1961 2840 2208 2891 canente

559 2925 910 2996 complacet.
951 2924 1167 2979 Deinde
1189 2923 1453 2979 subdens
1478 2922 1897 2995 interpretatur
1928 2925 2209 2996 prmdicta

557 3013 757 3070 dicens
781 3030 792 3067 :

628 3193 901 3247 Vers.18.
952 3190 1116 3246 Venit
1142 3221 1210 3232 —
1237 3191 1396 3246 Vers.
1430 3192 1515 3244 49.
1547 3195 1933 3259 peccatorum.
1963 3190 2206 3247 Joannis

559 3280 793 3337 vivendi
825 3280 1031 3335 modus
1053 3279 1309 3335 difﬁcilis
1351 3284 1475 3333 erat
1504 3285 1559 3333 et
1582 3294 1756 3350 asper
1788 3296 1801 3343 ;
1826 3294 2018 3351 neque
2045 3279 2204 3334 enim

554 3385 772 3440 panem
786 3369 1020 3433 edebat,
1040 3384 1234 3439 neque
1265 3368 1475 3422 vinum
1500 3367 1744 3422 bibebat
1777 3384 1789 3421 :
1825 3367 2032 3423 Christi
2065 3382 2203 3422 vero

554 3456 740 3512 facilis
772 3473 841 3511 ac
872 3457 1032 3520 levis,
1062 3472 1280 3526 panem
1317 3455 1617 3526 siquidem
1645 3454 1856 3510 edebat
1876 3456 2202 3525 vinumque

552 3545 797 3599 bibebat
828 3563 840 3598 ε
884 3549 939 3598 et
969 3549 1136 3598 erant
1169 3543 1423 3597 invicem
1475 3542 1784 3597 contraria:
1813 3542 1903 3596 hac
1958 3542 2200 3597 vivendi

551 3633 828 3696 rationes,
876 3632 1133 3685 neutrius
1164 3636 1359 3686 tamen
1401 3629 1767 3685 conversatio
1801 3630 2044 3700 placuit.
2084 3630 2198 3686 Sed

551 3722 841 3774 Joannem
874 3719 1117 3790 quidem
1169 3722 1408 3790 propter
1438 3734 1734 3781 escarum,
1771 3717 1999 3788 vinique
2023 3719 2201 3775 absti-

550 3808 837 3871 nentiam,
882 3808 1249 3862 daamonium
1300 3806 1516 3861 habere
1558 3806 1871 3872 dicebant;
1906 3808 2200 3864 Christum

550 3912 709 3962 vero,
732 3894 889 3966 quod
922 3895 1120 3950 ederet
1147 3911 1217 3951 ac
1242 3894 1483 3960 biberet,
1512 3894 1930 3965 comedonem,
1959 3895 2201 3968 vinique

550 3991 817 4058 potorem
832 3985 1251 4041 nominabant:
1280 4000 1624 4057 quanquam
1649 3984 1960 4041 manifeste
1986 3986 2199 4041 horum

548 4073 880 4130 calumnias
912 4089 1028 4128 non
1082 4074 1376 4145 scripserit
1418 4074 1803 4144 evangelista,
1836 4080 2195 4145 praasentem

547 4179 885 4219 sermonem
918 4163 1235 4218 arbitratus
1267 4161 1560 4218 sufficere.

616 4253 1132 4319 Quemadmodum
1149 4252 1297 4306 enim
1310 4252 1430 4306 duo
1449 4257 1778 4318 venatores,
1794 4252 2201 4323 animalcaptu

544 4341 783 4396 difficile
810 4341 1014 4396 venari
1038 4346 1342 4407 conantes,
1369 4341 1534 4411 quod
1558 4341 1701 4396 solis
1743 4340 1982 4396 duobus
2006 4340 2200 4395 modis

2321 2834 2379 2888 δὲ
2431 2838 2649 2910 θρηνεῖν,
2710 2832 3086 2909 δυσπρόσιτον.
3160 2840 3257 2887 Καὶ
3307 2831 3457 2895 αὖθις
3509 2836 3535 2885 ὁ
3604 2832 3897 2906 ὀρχούμενός

2318 2944 2371 2976 τε
2431 2924 2705 2984 aulo-am;
2778 2942 2911 2983 τινος
2973 2921 3247 2997 ἀρέσκεται
3327 2927 3414 2973 καὶ
3490 2924 3517 2973 ὁ
3585 2923 3895 2989 κοπτόμενος,

2247 3043 2287 3096 C
2317 3016 2482 3064 εἵτουν
2547 3012 2756 3077 κλαίων,
2838 3014 3145 3086 θρηνοῦντός
3222 3030 3357 3072 τινος
3430 3008 3735 3083 ἀρέσκεται.
3792 3001 3899 3058 Εἶτα

2316 3101 2644 3172 ἐφερμηνεύει
2673 3102 2739 3151 τὰ
2766 3101 2989 3174 ῥηθέντα
3016 3100 3177 3170 λέγων
3205 3119 3217 3131 ·

2382 3189 2539 3242 Ἦλθε
2619 3220 2687 3228 α-
2768 3188 3101 3261 ἀμαρτωλῶν,
3193 3188 3251 3240 Ἠ
3335 3191 3426 3260 μὲν
3507 3193 3602 3240 τοῦ

2314 3274 2516 3341 δίαιτα,
2578 3274 2937 3349 δυσπρόσιτος
2984 3284 3071 3329 καὶ
3121 3282 3346 3351 τραχεία
3378 3294 3389 3305 ·
3423 3279 3547 3328 οὔτε
3591 3278 3692 3347 γὰρ
3745 3272 3897 3329 ἤσθιεν

2310 3368 2486 3440 ἄρτον.
2533 3370 2647 3419 οὔτε
2676 3370 2836 3419 ἔπινεν
2885 3364 3016 3418 οἶνον
3043 3384 3053 3395 ’
3091 3368 3120 3424 ἡ
3157 3362 3216 3418 δί
3258 3373 3348 3417 τοῦ
3381 3372 3649 3438 Χριστοῦ,
3704 3361 3897 3431 εὐπρόσ-

2313 3475 2419 3515 ιτος
2472 3459 2561 3507 καὶ
2615 3455 2802 3527 ὁμαλή.
2844 3460 2906 3507 Τί
2962 3457 3315 3525 γάρ;ἤσθιεν
3370 3456 3549 3525 ἄρτον,
3614 3456 3709 3503 καὶ
3760 3452 3901 3500 ἔπινεν

2310 3542 2479 3596 οἷνον’
2530 3550 2619 3595 καὶ
2687 3541 2819 3600 ἦσαν
2880 3548 2967 3615 μὲν
3031 3543 3268 3603 ἀλλήλαις
3342 3542 3573 3595 ἔναντίαι
3634 3540 3788 3591 αὗται
3858 3536 3901 3583 αἱ

2311 3630 2539 3688 δίαιται,
2607 3630 2877 3706 Οόὸετέρῳ
2936 3629 2993 3683 δὲ
3047 3640 3145 3683 τῶν
3196 3633 3328 3683 οὕτω
3390 3628 3759 3702 διαιτωμένων
3810 3626 3904 3697 ἦρέ·

3395 3716 3489 3771 διὰ
3567 3724 3665 3777 τὴν
3722 3716 3901 3767 iaciant

3680 3184 3893 3238 Ἰωάννου

2312 3737 2529 3771 σκοντο”
2588 3719 2711 3771 ἀλλὰ
2760 3724 2846 3771 τόν
2903 3721 3139 3777 Ἰωάννην
3201 3724 3311 3791 μὲν,

2308 3816 2396 3860 καὶ
2448 3807 2666 3874 ἀοινίαν,
2701 3805 2968 3880 δαιμόνιον
3010 3812 3148 3879 ἔχειν
3184 3809 3351 3880 ἔλεγον
3382 3827 3392 3836 ·
3428 3812 3520 3860 τὸν
3558 3805 3623 3861 δὲ
3675 3806 3904 3880 Χριστὸν,

2310 3896 2402 3950 διὰ
2476 3902 2532 3949 τὸ
2611 3896 2776 3949 ἐσθίεν
2855 3903 2943 3949 καὶ
3002 3903 3186 3962 πίνειν,
3258 3900 3416 3970 φάγον
3475 3902 3576 3949 καὶ
3656 3896 3903 3947 οἰνοπότῑν

2309 3986 2593 4058 ὠνόμαζον,
2653 3986 2697 4037 εἰ
2756 3991 2845 4037 καὶ
2898 3990 2968 4057 μὴ
3028 3986 3197 4059 ῥητῶς
3252 3988 3343 4047 τὰς
3400 3982 3670 4045 διαϐολὰς
3736 3984 3905 4035 τούτων

2308 4074 2589 4149 ἀνέγραψεν
2652 4075 2678 4125 ό
2762 4074 3154 4145 εὖαγγελιστής,
3258 4078 3478 4145 νομίσας
3572 4072 3758 4147 ἀρκεῖν
3839 4071 3907 4119 τον

2308 4168 2542 4235 παρόντα
2569 4162 2741 4233 λόγον.

2377 4251 2575 4323 "Qa-nep
2607 4255 2707 4323 ’γὰρ
2765 4248 2861 4303 δύο
2910 4253 3175 4326 θηρευταὶ,
3235 4252 3365 4311 ζῶον
3406 4247 3771 4325 δυσθήρατον
3818 4245 3913 4315 (69)

2312 4342 2433 4393 ἑλεῖν
2485 4338 2808 4403 σπεύδοντες,
2875 4339 2930 4390 ἐκ
2989 4337 3085 4393 δύο
3142 4344 3305 4411 μόνων
3354 4336 3625 4402 διεξόδων
3682 4337 3915 4411 θηρευθῆ-

544 4431 678 4502 capi
711 4436 902 4502 potest
931 4430 1043 4485 sibi
1083 4435 1292 4485 mutuo
1336 4408 1667 4496 contrariis,
1715 4430 2051 4485 dividentes
2084 4430 2198 4485 hos

2321 4450 2393 4480 ραι
2449 4428 2647 4500 μέλλον,
2705 4426 2940 4480 ἐναντίων
3018 4428 3279 4493 ἀλλήλαις,
3346 4427 3609 4501 ἑκατέραν
3699 4419 3918 4486 διεξόδου

542 4522 693 4576 inter
718 4521 1136 4585 se,utalterum
1165 4521 1419 4591 quisque
1434 4518 1629 4588 eligat,
1656 4520 1927 4589 opposito
1955 4519 2199 4590 quidem

543 4607 694 4662 inter
709 4609 1027 4663 seinvicem
1044 4610 1216 4664 modo
1243 4612 1560 4666 venantur:
1578 4608 1726 4662 idem
1742 4614 1941 4663 tamen
1957 4609 2202 4676 faciunt_

544 4700 627 4752 Ita
653 4713 887 4767 quoque
918 4696 1014 4752 hic
1046 4696 1405 4768 dispositum
1447 4701 1551 4761 est,
1587 4702 1649 4751 ut
1673 4695 1932 4752 Joannes
1958 4697 2202 4768 quidem

542 4784 840 4840 duriorem
868 4784 1101 4839 vivendi
1129 4784 1398 4853 regulam
1436 4785 1700 4849 haberet,
1757 4785 2014 4839 Christus
2062 4801 2201 4841 vero

541 4873 874 4929 molliorem
908 4891 919 4927 :
963 4876 1029 4927 ut
1048 4872 1171 4927 sive
1192 4874 1349 4928 hunc
1375 4873 1497 4927 sive
1519 4872 1686 4928 illum
1717 4873 2020 4942 eligentes,
2060 4874 2198 4930 obe-

541 4963 830 5018 direnteis
855 4980 867 5017 :
892 4966 947 5017 et
972 4964 1056 5019 vel
1081 4977 1185 5033 per
1210 4962 1369 5018 hunc
1383 4962 1470 5018 vel
1489 4978 1593 5034 per
1613 4961 1777 5017 illum
1816 4968 2196 5034 caperentur.

611 5141 657 5176 ‘9
688 5141 822 5196 Luc.
852 5155 951 5206 vn,
996 5142 1084 5196 32.

2313 4519 2548 4589 ἐκατερος
2611 4514 2890 4580 διαλαϐὼν,
2945 4515 3223 4579 ἐξεναντίας
3271 4519 3357 4587 μὲν
3427 4515 3687 4575 ἀλλήλοις
3759 4516 3919 4564 ἵσταν·

2311 4626 2416 4673 ται,
2469 4608 2526 4657 τὸ
2563 4604 2687 4655 αὐτό
2747 4601 2805 4657 δε
2861 4610 3137 4657 ποίοὺσιν·
3200 4605 3358 4665 οὕτως
3434 4605 3795 4676 ᾠκονομηθη.
3850 4603 3923 4649 τὸν

2312 4698 2401 4767 μὲν
2504 4693 2739 4751 Ἰωάννην
2842 4694 3184 4767 σκληροτέραν

2314 4781 2373 4836 δὲ
2438 4786 2664 4856 Χριστόν
2738 4781 3121 4857 μαλακωτέραν,

2312 4872 2496 4925 ἐκεῖνον
2569 4867 2964 4943 ἀποδεξαμένοι,
3043 4873 3328 4924 πεισθῶσιν
3400 4869 3620 4936 αὐτοῖς,

2314 4960 2407 5015 διὰ
2460 4962 2667 5027 τούτου,
2727 4962 2824 5013 εἴτε
2877 4956 2949 5013 δι’
3002 4958 3192 5014 ἐκείνου
3244 4961 3556 5036 θηραθώσι.

3290 4696 3429 4764 ἔχειν
3518 4692 3776 4765 ἀγωγην,
3851 4691 3923 4738 τὸν

3548 4789 3769 4846 τοῦτον,
3846 4781 3929 4829 si?!

3697 4874 3793 4921 καὶ
3844 4869 3931 4917 sit;

3638 4963 3749 5014 Καὶ
3810 4952 3929 5016 ἦσαν

3203 4783 3286 4833 ἵνα
3356 4785 3454 4833 εἴτε

1747 5273 1973 5344 νοτὶω
2016 5272 2341 5344 lectiones
2376 5282 2441 5343 et
2483 5285 2684 5346 notae.

608 5469 724 5542 (48)
755 5468 834 5542 ὅτι
864 5471 1045 5526 abest.
1085 5472 1141 5526 Β.

609 5470 697 5542 (48
755 5470 834 5523 ὅτι
864 5471 1045 5526 abest.
1085 5472 1141 5526 Β,

609 5470 724 5615 (49;
783 5538 1158 5618 δυσθήρευτον.
1218 5542 1291 5600 Α.
1354 5542 1672 5617 Utrumque
1746 5544 2027 5617 probum,
2101 5544 2183 5601 uti

2303 5472 2583 5545 ἀθήρευτος
2638 5475 2695 5528 et
2751 5470 3055 5545 ᾁθὴρατοςη
3091 5467 3204 5526 Sed
3258 5462 3565 5535 ἀθήρευτας
3630 5466 3696 5520 et
3750 5458 3937 5517 δυσθήο

2301 5541 2453 5620 ρατὸς
2492 5541 2895 5616 frequentiora
2924 5544 3083 5598 sunt.
