3990 6206
232 243 305 300 357
1066 233 1434 291 COMMENT.
1478 234 1548 289 IN
1590 232 2037 291 MATTH/EUM.
2079 264 2145 275 —
2186 231 2342 289 CAP.
2389 234 2489 290 Xl.

3364 240 3470 295 358

227 366 381 417 ἐναντίαι
399 365 469 433 μὲν
510 360 743 422 ἀλλήλαις
792 361 849 412 αἱ
903 356 1039 412 ὁδοί.
1085 362 1144 411 τὸ
1198 357 1257 411 δὲ
1306 360 1473 432 ἔργον,
1506 360 1701 431 ὅμοιον.

1861 361 1881 413 t
1909 360 2074 414 erant
2101 373 2248 415 sane
2286 358 2379 414 hae
2418 358 2525 415 viae
2556 358 2712 415 inter
2738 374 2803 414 se
2838 358 3093 416 invicem
3114 363 3425 418 contraria
3455 380 3470 419 :

226 453 316 507 Ἀλλ’
359 451 492 515 αὐτοὶ,
538 451 768 522 καθάπερ
824 451 1001 523 θηρίον
1062 444 1379 521 δύστροπον,
1440 448 1706 521 ἑκατέρους

217 544 425 613 stipam,
452 537 701 612 ἑκατέρους
732 537 992 600 ἐκάκιζον,

253 718 549 789 Ἐρωτήσωμιν
611 720 806 781 τοίνυν,
857 714 1062 775 αὐτούς·
1138 713 1306 768 Καλὸν
1366 716 1396 772 ἠ
1478 713 1706 786 σκληρο-

201 811 287 877 τέρα
313 804 502 856 πολιτεία
518 823 533 875 ;
582 809 687 857 Καὶ
743 812 852 864 πῶς
914 804 1006 856 οὐκ
1054 801 1328 862 ἐπείσθητε
1370 811 1441 874 τῷ
1472 803 1700 873 Ἰωάννη,

201 898 262 945 τὸν
300 897 485 966 Χριστὸν
542 894 665 965 ὑμῖν
725 889 1120 946 ὑποδιικνύοντι
1172 910 1190 963 ;
1261 891 1416 946 ’Δλλὰ
1471 891 1624 944 καλὸν
1671 893 1702 950 ἡ

206 982 469 1055 μαλακωτέρα·
536 987 626 1034 καὶ
676 990 784 1043 πῶς
865 982 960 1034 οὐκ
1026 980 1297 1039 ἐπείσθητε
1349 988 1422 1052 τῷ
1468 987 1703 1053 Χριστῷ,

201 1076 264 1127 τήν
284 1066 376 1122 ὀδόν
399 1072 517 1142 ὑμᾶς
543 1078 638 1132 τῆς
674 1075 934 1142 σωτηρίας
959 1067 1274 1123 διδάσκοντι
1298 1086 1312 1137 ;

250 1163 359 1211 Διατί
406 1156 456 1212 δὲ
520 1158 713 1231 μᾶλλον
786 1161 812 1211 6
871 1159 1104 1219 Ἰωάννης
1184 1163 1279 1218 τὴν
1358 1157 1705 1234 σκληροτέραν

196 1246 345 1318 ἀγωγὴν
379 1244 505 1319 ιῖχις
560 1253 706 1301 Διότι
752 1244 862 1301 ἔδει
917 1252 1003 1300 τὸν
1047 1251 1137 1320 μὲν
1183 1253 1391 1321 κήρυκα
1418 1255 1513 1308 τῆς
1547 1265 1701 1320 μετα-

194 1341 294 1395 νοίας
331 1338 603 1411 σκυθρωπὸν
651 1335 802 1405 εἶναι,
840 1340 926 1389 τὸν
966 1333 1026 1390 δὲ
1082 1333 1284 1411 δοτῆρα
1336 1344 1429 1399 τῆς
1478 1334 1704 1408 ἀφέσεως

194 1432 264 1475 τῶν
304 1424 546 1498 ἁμαρτιῶν,
626 1430 902 1498 χαρίεντα.
962 1431 1063 1479 Καὶ
1113 1427 1194 1478 ὅτι
1250 1427 1277 1477 6
1335 1428 1424 1497 μὶν
1467 1426 1703 1485 Ἰωάννης

191 1510 296 1564 om:
336 1513 457 1566 πλέον
501 1510 803 1576 ἐπεδείξατο
853 1521 961 1575 τοῖς
1000 1511 1300 1579 Ἰουδαίοις,
1337 1514 1382 1566 εἰ
1418 1518 1490 1586 μὴ
1550 1513 1701 1566 πολι-

193 1606 286 1651 τείαν
330 1606 485 1673 μόνην.
534 1602 780 1663 Ἰωάννης
845 1605 965 1677 γὰρ,
1028 1608 1206 1675 φησὶν,
1274 1600 1425 1656 οὐδὲν
1490 1602 1702 1660 ίποίησι

1816 445 2005 502 simile
2042 451 2241 502 tamen
2271 452 2397 502 erat
2458 462 2637 518 opus.
2677 449 2889 503 Verum
2919 448 2999 513 hi,
3029 451 3319 520 tanquam
3351 449 3475 507 fera

1815 536 1999 606 captu
2035 534 2309 601 difﬁcilis,
2350 542 2665 607 utrumque
2709 535 3025 605 fugientes,
3087 537 3319 611 utrique
3371 538 3472 595 de-

1815 621 2154 680 trahebant.

1889 711 2326 782 lnterrogemus
2358 727 2499 782 ergo
2526 712 2674 768 illos.
2709 715 2885 769 Estne
2928 715 3119 786 proba
3155 715 3273 772 vita
3302 731 3474 789 aspe—

1814 800 1936 855 rior
1954 800 1982 854 ‘I
2002 800 2308 871 quomodo
2327 815 2469 869 ergo
2491 816 2612 856 non
2634 802 2918 858 obedistis
2943 805 3160 860 Joanni
3179 804 3474 862 Christum

1816 887 1990 944 vobis
2023 888 2451 943 demonstranti
2480 889 2507 944 ?
2536 892 2607 944 At
2634 889 2903 946 fortassis
2958 891 3081 948 vita
3139 892 3378 948 mollior
3403 908 3474 950 ac

1817 977 2059 1032 suavior
2081 977 2275 1045 magis
2290 971 2504 1046 placet.
2526 976 2594 1032 Et
2617 992 2805 1048 quare
2822 992 2948 1034 non
2968 978 3255 1036 obedistis
3286 981 3474 1037 Chris-

1814 1068 1873 1119 to
1906 1064 2065 1119 viam
2091 1062 2297 1119 salutis
2322 1080 2429 1119 vos
2454 1064 2737 1121 docenti?

1883 1153 2097 1208 Verum
2115 1168 2302 1225 quam
2322 1152 2402 1208 ob
2419 1168 2665 1210 causam
2686 1153 2951 1211 Joannes
2972 1156 3166 1227 potius
3192 1172 3471 1229 asperam

1812 1240 2056 1297 vivendi
2081 1255 2359 1298 normam
2392 1241 2646 1298 habuit?
2675 1240 2823 1309 Quia
2848 1244 3164 1315 oportebat
3193 1248 3478 1316 paeniten-

1810 1329 1906 1385 tia;
1920 1329 2363 1400 praedicatorem
2387 1330 2612 1386 tristem
2625 1331 2959 1402 quamdam
2978 1334 3334 1401 gravitatem
3347 1351 3469 1407 pra:

1812 1431 1876 1473 se
1900 1420 2051 1473 ferre
2076 1433 2088 1473 :
2109 1422 2166 1473 et
2182 1416 2554 1473 remissionis
2578 1425 2958 1490 peccatorum
2972 1421 3333 1492 largitorem,
3371 1424 3477 1480 hu-

1810 1522 2061 1563 manum
2093 1512 2270 1578 atque
2300 1505 2630 1575 benignum
2661 1522 2809 1573 esse,
2841 1510 2906 1562 Et
2937 1510 3082 1580 quia
3103 1509 3371 1568 Joannes
3390 1514 3476 1569 ni-

1809 1596 1895 1653 hil
1916 1596 2198 1667 amplius,
2229 1611 2409 1667 quam
2445 1596 2635 1651 solam
2668 1597 2798 1651 vitae
2829 1613 3107 1654 normam
3134 1600 3356 1655 Iudaeis
3376 1601 3476 1657 de-

187 1697 358 1760 σημεῖον·
407 1693 432 1743 6
466 1687 520 1744 δὲ
574 1696 809 1766 Χριστὸς
860 1697 950 1744 καὶ
996 1696 1090 1751 τὴν
1128 1693 1241 1763 (50)
1304 1690 1404 1745 ἀπὸ
1449 1699 1550 1744 τῶν
1598 1693 1701 1744 θεο-

1857 1683 2167 1742 ionstravit
2196 1699 2208 1738 :
2237 1684 2528 1756 siquidem
2554 1685 2829 1748 Joannes,
2874 1687 3087 1759 inquit,
3119 1687 3353 1745 nullum
3382 1690 3473 1759 fe-

187 1787 332 1848 ιρετῶν
364 1781 622 1852 θαυμάτων
647 1786 938 1854 μαρτυρίαν
964 1780 1225 1839 ἐκέκτητο.

234 1953 384 2017 ’Δλλως
426 1976 476 2010 τε
529 1955 610 2025 δί,
677 1963 768 2011 καὶ
816 1964 1088 2029 γινώσκων
1150 1956 1375 2020 ἀσθινιῖς
1444 1963 1565 2021 τοὺς
1617 1957 1700 2010 ἁν-

184 2042 374 2114 6ρώπως,
474 2046 900 2119 συγκατέϐαινεν,
994 2049 1078 2100 ἶνα
1174 2044 1402 2121 κιρδήοη
1513 2046 1703 2120 μᾶλλον

184 2130 317 2192 αὐτοὺς
368 2136 595 2190 ἑντεῦθιν.
664 2138 761 2189 Διά
810 2143 962 2189 τοῦτο
1023 2140 1112 2188 καὶ
1169 2136 1236 2197 εἰς
1303 2136 1563 2209 τραπέζας
1627 2155 1705 2189 τι·

181 2216 305 2271 λωνῶν
347 2222 672 2295 οἰκονομικῶς
739 2224 1041 2299 εἰσήρχετο,
1128 2230 1216 2279 καὶ
1272 2222 1380 2287 τοῖς
1448 2228 1706 2298 μεμφομέ-

177 2326 255 2366 νοις
303 2309 585 2383 ἀπελογεῖτο,
669 2317 765 2371 τὴν
845 2313 1016 2365 αἰτίαν
1087 2313 1272 2385 λέγων.
1362 2314 1474 2367 Οὐκ
1553 2311 1706 2372 ἦλθον

178 2394 339 2449 saliva:
421 2397 684 2472 δικαίους,
775 2399 905 2454 ἀλλὰ
991 2402 1329 2479 ἁμαρτωλούς
1408 2402 1475 2464 ιίς
1548 2405 1706 2475 μετά-

174 2503 280 2535 νιισιν

228 2572 330 2625 Ἀλλ’
376 2574 490 2631 οὐδὲ
517 2587 611 2640 τῆς
664 2578 891 2652 σκληρᾶς
940 2579 1197 2653 ἠμέλησεν
1253 2579 1489 2652 ἀγωγῆς,
1537 2578 1586 2632 ἓν
1641 2587 1704 2652 τῇ

176 2662 303 2733 ἐρήμῳ
336 2670 449 2736 μετὰ
500 2676 600 2719 τῶν
655 2670 848 2740 θηρίων
889 2668 1129 2735 οἰκήσας,
1184 2674 1273 2722 καὶ
1310 2671 1709 2743 τεσσαράκοντα

177 2755 391 2814 vitari-3n;
438 2758 660 2828 ἡμέρας,
715 2758 787 2817 ὡς
830 2753 1251 2831 προδεδήλωται.
1308 2763 1408 2811 Καὶ
1464 2758 1537 2821 εἰς
1576 2777 1707 2831 τρα-

170 2837 289 2901 πέζας
311 2837 361 2893 th
401 2843 592 2909 εἰσιὼν,
645 2843 869 2906 εὐλαϐῶς
914 2865 968 2899 τι
1004 2851 1093 2899 καὶ
1143 2845 1408 2923 ἕγκρατῶς
1435 2852 1524 2901 καὶ
1554 2846 1701 2919 ἅγιο-

168 2936 322 2996 πρεπῶς
338 2933 479 2988 ἤσθιε
507 2938 598 2986 καὶ
628 2936 795 2991 ἔπινε.

217 3107 298 3158 Καὶ
342 3139 403 3148 —
449 3110 640 3174 αὐτῆς.
734 3108 1075 3178 mammae»,
1132 3111 1247 3167 ἀντὶ
1329 3122 1439 3186 τοῦ,
1518 3119 1706 3168 Δικαία

163 3186 379 3262 ἃρτίσθη,
428 3203 703 3253 τουτέστιν
741 3199 1049 3275 ἐθαυμάσθη
1104 3205 1134 3261 ἠ
1170 3203 1327 3275 σοφία
1361 3210 1452 3256 τοῦ
1483 3210 1637 3270 Θεοῦ,
1669 3205 1700 3262 ἠ

162 3278 494 3367 ’ἐξιπθμὴσασα
520 3293 611 3342 τόν
654 3289 895 3348 Ἰωάννην
941 3296 1031 3344 καὶ
1082 3294 1168 3344 τὸν
1220 3296 1448 3367 Χριστὸν
1478 3292 1706 3355 ἐναντίας

163 3363 281 3432 ῠδούς
319 3375 569 3430 πολιτιιῶν
638 3378 789 3445 ἰέναι,
842 3376 938 3432 διὰ
988 3385 1081 3439 τὴν
1130 3381 1291 3439 αὐτήν
1327 3382 1567 3454 ὠφέλειαν
1606 3391 1705 3436 τῶν

160 3452 404 3529 ἀνθρώπων.
456 3467 805 3538 ἐθαυμάσθη
861 3464 941 3533 δὴ,
982 3467 1084 3521 ἀπὸ
1147 3478 1248 3521 τῶν
1293 3452 1477 3523 τέκνων
1521 3472 1705 3544 αὐτῆς,

158 3562 300 3613 εγω,
347 3556 480 3624 παρὰ
530 3563 639 3606 τῶν
695 3560 964 3608 συνιέντων
1030 3557 1212 3616 αὐτὴν.
1296 3562 1408 3611 Υἱοὶ
1462 3562 1564 3633 γὰρ
1621 3580 1709 3613 σο-

156 3637 261 3699 ῼέις,
304 3642 349 3690 οἱ
393 3650 617 3696 συνετοὶ·
676 3645 706 3702 ἡ
768 3642 1111 3713 Ἐδικαιώθη,
1165 3645 1277 3698 ἀντὶ
1334 3656 1469 3719 τοῦ,ι
1525 3654 1712 3702 Δικαία

155 3726 225 3771 καὶ
260 3724 546 3796 ἀνέγκλητος
600 3732 876 3803 ἐλογίσθη,
936 3737 1001 3794 ὡς
1054 3740 1329 3793 ποιήσασα
1372 3742 1473 3788 πᾶν
1502 3737 1529 3790 ὁ
1579 3734 1709 3805 ἔδει,

152 3814 385 3870 καὶπαιτὶ
436 3826 614 3894 τρόπῳ
665 3820 977 3896 χρησαμένη
1026 3826 1151 3898 πρὸς
1204 3829 1467 3898 σωτηρίαν
1521 3826 1711 3884 αὐτῶν.

213 3991 311 4043 Τότε
358 4023 421 4037 -
477 4002 827 4070 μετενόησαν.
913 3997 1240 4068 Ὀνειδίξειν,
1291 4000 1405 4055 ἀντὶ
1444 4010 1555 4073 τοῦ»
1613 4010 1713 4057 Τα“

154 4078 354 4167 ξεινίζειν.
406 4084 659 4150 Ὀνειδος
685 4090 787 4160 γὰρ
841 4093 929 4140 καὶ
977 4091 1002 4141 6
1057 4090 1396 4165 ταλανισμός.
1456 4095 1716 4167 Δυνάμεις

156 4157 217 4227 δε,
245 4168 299 4218 τὰ
320 4171 553 4245 acapna
576 4175 744 4247 λέγει.

211 4255 323 4309 Οὐαί
363 4279 445 4313 σοι
498 4295 572 4305 —-
637 4269 975 4336 μετενόησαν.
1049 4271 1119 4320 T6
1177 4269 1292 4341 (51)
1350 4266 1558 4345 Σοδομα

152 4345 225 4391 καὶ
263 4348 479 4425 Γόμορρα
527 4355 770 4421 τίθησιν,
803 4356 869 4415 ὡς
898 4355 969 4418 si;
1016 4354 1286 4429 ἀσιἏγιιαν
1316 4358 1713 4432 ἐπιφανέστατω

151 4432 414 4525 ἷὲνρτὐρον
444 4437 504 4494 δί
560 4448 662 4496 καὶ
721 4448 815 4502 τήν
855 4441 1075 4513 Σιδῶνα,
1107 4449 1178 4509 ὡς
1214 4447 1287 4510 εἰς
1317 4444 1717 4525 ιίδωλολατρίαν

158 4510 429 4588 διαεσήτους
440 4570 455 4583 ,

212 4607 322 4668 mir
364 4645 435 4657 —
487 4619 643 4691 ὑμῖν.
687 4623 759 4674 Τὸ
807 4619 968 4692 Πλὴν,
1028 4622 1141 4677 ἀντὶ
1196 4633 1308 4697 τοῦ,
1390 4629 1497 4681 Λιὰ
1540 4633 1717 4683 τοῦτο.

158 4695 336 4790 ξιξ-μύει
360 4698 416 4755 δι
460 4712 533 4776 τῷ
564 4706 872 4782 ταλανισμῷ
899 4714 985 4764 καὶ
1027 4710 1261 4785 ἀπειλὴν,
1293 4695 1384 4769 θῖνα
1413 4716 1443 4775 ἦ
1482 4716 1717 4790 αἰσχυν-

159 4780 304 4853 θδσο,
330 4790 357 4849 ἦ
387 4792 691 4863 φοϐηθῶσι.

216 4960 432 5028 “10m.
466 4988 523 5041 x,
554 4974 658 5033 41.

1747 4406 1796 4466 D

742 4975 787 5014 ⁸¹
819 4977 1018 5037 Matth.
1044 4995 1124 5049 Ix,
1157 4982 1244 5040 13.
1323 4984 1372 5020 ⁸³
1400 4986 1572 5044 Marc.
1608 5004 1645 5053 1,
1680 4987 1770 5047 13.

1810 1776 1891 1831 cit
1909 1774 2134 1845 signum
2175 1773 2220 1808 ⁸¹
2254 1789 2268 1827 z
2299 1771 2573 1830 Christus
2606 1789 2747 1829 vero
2768 1775 2950 1831 etiam
2984 1791 3019 1831 a
3056 1775 3271 1832 divinis
3301 1778 3476 1835 mira-

1812 1862 1960 1919 culis
2000 1861 2406 1919 testimonium
2436 1862 2689 1933 adeptus
2715 1868 2828 1918 est.

1882 1954 2172 2008 Praeterea
2188 1965 2433 2022 quoque
2456 1951 2646 2006 sciens
2672 1950 3001 2007 imbecilles
3032 1968 3165 2009 esse
3198 1953 3476 2011 homines

1813 2040 2072 2097 demittit
2095 2055 2244 2103 sese,
2280 2045 2341 2094 ut
2370 2038 2502 2094 illos
2525 2038 3128 2109 magislucrifaceret,
3160 2046 3214 2098 et
3233 2049 3478 2115 propter

1811 2130 1929 2185 hoc
1957 2128 2037 2184 ad
2058 2142 2300 2184 mensas
2326 2128 2500 2183 etiam
2529 2127 2988 2199 publicanorum
3026 2130 3474 2201 dispensatoris

1814 2216 2138 2276 accedebat
2172 2237 2184 2271 :
2217 2220 2274 2272 et
2301 2215 2752 2286 indignantibus
2775 2234 3020 2274 causam
3052 2220 3356 2283 reddebat,
3387 2219 3475 2275 di-

1816 2322 1956 2364 cens
1985 2326 1998 2365 :
2030 2307 2164 2363 Non
2188 2305 2310 2360 veni
2328 2304 2405 2361 ad
2434 2306 2764 2362 vocandum
2780 2308 2995 2376 justas,
3023 2308 3125 2364 sed
3150 2315 3475 2378 peccatores

1814 2397 1892 2453 ad
1918 2396 2320 2468 pwnitentiam
2351 2396 2420 2450 σι.

1887 2577 2083 2646 Neque
2123 2579 2321 2631 tamen
2364 2572 2578 2629 duram
2603 2573 2842 2630 vivendi
2886 2588 3165 2631 normam
3197 2575 3473 2646 neglexit,

1814 2664 1878 2720 in
1907 2664 2142 2719 deserto
2168 2679 2305 2718 cum
2332 2661 2468 2718 feris
2495 2668 2765 2719 versatus
2791 2665 2859 2732 ⁸³,
2896 2678 2968 2718 ac
2988 2663 3198 2719 diebus
3221 2667 3476 2735 quadra-

1814 2752 1978 2826 ginta
1995 2752 2290 2823 jejunaus,
2323 2757 2388 2807 ut.
2416 2766 2599 2823 supra
2622 2751 2842 2807 dictum
2871 2758 2977 2807 est.
3020 2752 3305 2809 Praeterea
3330 2769 3476 2825 quo-

1816 2857 1933 2915 que
1960 2842 2038 2897 ad
2086 2852 2330 2897 mensas
2378 2839 2673 2897 accedens
2721 2841 3074 2905 verecunde,
3128 2846 3471 2913 temperate,

1814 2936 1872 2988 et
1895 2935 2069 3002 prout
2119 2935 2353 2985 sanctos
2390 2928 2578 2998 decet,
2627 2928 2902 2999 religiose
2948 2928 3165 2986 edebat
3193 2946 3263 2987 ac
3302 2931 3470 2988 bibe-

1732 3045 1775 3103 C
1812 3019 1938 3077 bat.

1884 3108 2052 3164 Vers.
2082 3108 2167 3162 19.
2186 3107 2262 3162 Et
2282 3106 2503 3162 —suis.
2531 3136 2599 3147 —
2617 3106 2945 3163 Justiﬁcata
2970 3113 3080 3172 est,
3108 3110 3272 3166 Justa
3297 3109 3357 3165 id
3388 3117 3476 3167 est

1810 3198 2019 3256 habita
2045 3200 2152 3261 est,
2170 3194 2372 3251 sivead
2382 3194 2676 3250 mirationi
2690 3195 2895 3252 habita
2906 3197 3115 3267 estDei
3150 3198 3466 3269 sapientia,

1811 3304 1942 3361 qua)
1970 3284 2264 3357 disposuit
2289 3288 2354 3338 ut
2378 3281 2639 3338 Christus
2667 3297 2739 3338 ac
2761 3283 3025 3338 Joannes
3043 3285 3333 3356 oppositis
3360 3285 3475 3343 viis

1813 3368 2175 3440 incederent,
2236 3376 2469 3445 propter
2523 3371 2723 3443 ipsam
2779 3370 3098 3428 hominum
3139 3373 3471 3429 utilitatem.

1815 3462 2209 3521 Admirationi
2246 3466 2447 3517 autem
2472 3459 2678 3516 habita
2705 3466 2793 3516 est
2820 3476 2856 3516 a
2899 3460 3033 3516 ﬁliis
3059 3463 3201 3526 suis,
3235 3462 3358 3518 sive
3399 3463 3474 3518 ab

1817 3552 2273 3622 intelligentibus
2298 3550 2459 3606 illam
2509 3565 2521 3603 :
2554 3548 2658 3604 ﬁlii
2687 3565 2951 3621 namque
2994 3550 3300 3621 sapientiae
3335 3555 3474 3608 sunt

1819 3644 2119 3715 sapientes
2148 3646 2253 3697 aut
2289 3637 2678 3708 intelligentes
2704 3654 2717 3692 :
2753 3637 2842 3694 vel
2868 3637 3199 3697 Justiﬁcata
3223 3646 3332 3703 est,
3365 3640 3477 3697 hoc

1820 3737 1907 3789 est
1919 3733 1945 3787 Ι
1954 3735 2086 3787 usta
2105 3746 2175 3786 ac
2197 3726 2735 3801 irreprehensibilis
2750 3727 2954 3784 habita
2971 3732 3060 3783 est
3087 3744 3100 3783 :
3127 3733 3327 3800 utpote
3346 3744 3476 3801 quae

1823 3822 1957 3878 fecit
1974 3818 2274 3893 quidquid
2298 3817 2503 3875 debuit
2532 3834 2546 3874 :
2570 3822 2626 3874 et
2656 3817 2823 3873 omni
2845 3815 3029 3874 modo
3055 3834 3163 3873 usa
3188 3822 3275 3873 est
3305 3819 3383 3874 ad
3410 3818 3473 3874 il-

1822 3913 2019 3968 lorum
2042 3909 2314 3966 salutem.

1894 4002 2059 4055 Vers.
2096 3999 2183 4053 20.
2210 3998 2374 4053 Tunc
2401 3984 2470 4037 -ὲ
2499 3996 2899 4066 resipuissent.
2935 3997 3325 4069 Exprobrare,
3352 3997 3467 4054 hoc

1825 4092 1932 4153 est,
1966 4087 2203 4144 Miserae
2232 4084 2427 4142 dicere
2478 4100 2548 4143 ac
2605 4085 2940 4157 deplorare.
2996 4089 3144 4142 Nam
3184 4086 3475 4158 probrum

1825 4175 2064 4234 miseria
2090 4179 2202 4231 est.
2245 4174 2493 4230 Virtutes
2523 4178 2727 4230 antem
2756 4173 2898 4230 dicit
2937 4174 3245 4231 miracula.

1898 4267 2056 4321 Vers.
2100 4264 2190 4318 21.
2241 4263 2340 4320 Va:
2378 4262 2577 4318 tibi—
2624 4263 3024 4331 resipuissent.
3087 4261 3152 4318 In
3184 4261 3480 4332 sequenti-

1825 4354 1941 4412 bus
1969 4353 2228 4410 Sodoma
2254 4355 2313 4407 et
2356 4348 2691 4408 Gomorrha
2717 4351 2907 4421 ponit,
2925 4354 3124 4421 utpote
3148 4349 3210 4405 in
3229 4348 3478 4405 libidine

1824 4442 2310 4503 nominatissima
2340 4458 2354 4509 ;
2385 4442 2606 4513 Tyrum
2632 4445 2822 4497 autem
2844 4444 2901 4496 et
2943 4439 3171 4496 Sidona
3190 4442 3477 4511 tanquam

1826 4533 2091 4591 maxime
2115 4532 2178 4588 in
2196 4530 2535 4588 idololatria
2559 4528 2845 4600 insignes.

1896 4626 2055 4681 Vers.
2112 4625 2200 4677 22.
2230 4621 2506 4678 Attamen
2563 4650 2634 4661 —
2684 4617 2866 4675 vobis.
2916 4618 3216 4689 Attamen,
3243 4617 3304 4674 id
3370 4620 3479 4686 est,

1826 4715 2068 4786 Propter
2094 4712 2228 4770 hoc.
2260 4709 2565 4782 Signiﬁcat
2589 4712 2791 4765 autem
2820 4706 3130 4766 miseriam
3157 4722 3228 4765 ac
3253 4706 3477 4776 minas,

1830 4808 1894 4863 ut
1928 4803 2019 4862 vel
2048 4802 2405 4861 erubescant
2429 4799 2524 4858 vel
2553 4802 2826 4874 paveant.

1322 5164 1548 5235 Varia
1575 5164 1906 5236 lectiones
1937 5173 2234 5233 etnotae.

211 5338 312 5482 (so;
347 5340 445 5403 διπά
474 5358 579 5404 τῶν
604 5352 824 5411 omittit
850 5352 916 5409 B-

208 5416 281 5479 (5l
342 5424 430 5482 Τὸ.
451 5429 705 5482 oronter
729 5425 916 5481 vicinu

152 5479 480 5592 sum
512 5479 666 5592 ergo.
680 5479 1068 5592 Butes-ﬁngi
1084 5479 1726 5592 sr'iaas‘éaezzs

862 5573 929 5622 Εν
950 5576 1059 5632 τοῖς
1084 5570 1168 5634 ἐξῆ
1182 5568 1457 5647 ζΣόδομα.
1489 5576 1604 5633 Cur
1622 5591 1729 5634 au-

150 5552 267 5611 nius
300 5560 524 5620 videtur
545 5552 764 5637 legisse
797 5584 811 5621 :

342 5424 430 5500 T6,
451 5429 720 5503 propter:
729 5425 990 5503 vicinum
1009 5431 1102 5487 τὴν
1133 5424 1213 5503 δέ,
1230 5428 1323 5503 vix
1349 5430 1486 5489 ferri
1509 5436 1720 5503 potest.

1830 5366 1965 5434 tem_
1977 5354 2899 5434 rép‘oﬁﬁa_memoravit,_quorum
2914 5354 3081 5434 nulla
3102 5352 3205 5434 _hic
3220 5352 3483 5434 ﬁt_men-_

1832 5434 1911 5489 tio
1940 5430 1971 5487 ‘l
1997 5422 2196 5487 Vel'e'x
2224 5428 2355 5486 loco
2385 5428 2560 5485 simili
2580 5422 2779 5486 Matth.
2811 5445 2870 5493 x,
2909 5427 2992 5494 15,
3026 5425 3119 5484 vel
3147 5423 3307 5499 quod
3345 5422 3484 5482 alibi

1833 5503 2013 5561 etiam
2040 5502 2164 5560 ista:
2194 5500 2375 5559 urbes
2397 5501 2684 5573 conjungi
2712 5499 2930 5560 solent.
