3906 6202
407 240 512 300 359
1720 236 1907 301 EUTH
1923 244 2076 301 YMII
2116 236 2415 303 ZICABEN
3666 236 3770 302 360

474 370 639 424 Vers.
664 368 753 424 23.
783 369 860 424 Et
877 369 1219 425 hodiernum
1232 369 1379 425 diem
1408 369 1785 440 Capernanm
1810 370 2037 425 celebrir

2245 376 2342 425 Καὶ
2412 403 2471 412 —-
2531 376 2774 445 σήμερον.
2829 370 2885 423 Ἠ
2934 373 3277 444 Καπερναούμ
3330 366 3533 433 ἔνδοξος
3590 374 3769 441 γέγονε

404 457 533 523 fuit,
568 473 638 512 eo
664 456 831 528 quod
876 457 1229 513 habitaverit
1260 459 1319 513 in
1352 474 1421 514 ea
1439 458 1723 523 Christus,
1755 458 2060 530 multaque

403 547 694 602 miracula
721 548 777 601 in
802 562 873 602 ea
905 546 1177 602 ediderit.
1205 548 1349 603 Dicit
1377 563 1517 618 ergo
1551 567 1562 601 :
1622 551 1686 603 Et
1721 553 1781 604 tu
1807 564 1912 619 per
1941 548 2061 619 glo—

402 636 551 691 riam
587 651 772 706 usque
828 634 904 690 ad
934 635 1151 690 cmlum
1182 636 1460 702 exaltata,
1498 653 1685 708 usque
1718 637 1793 694 ad
1841 636 2061 693 inferos

402 724 727 779 detraheris
756 724 1287 795 perignominiam.
1310 728 1455 781 Sunt
1474 731 1671 781 autem
1697 742 1826 797 quae
1857 726 2062 781 dicun-

401 818 494 869 tur
523 813 762 867 alterius
793 814 875 867 rei
921 814 1337 881 signiﬁcativa.
1394 815 1700 885 Siquidem
1734 831 1925 886 usque
1982 815 2061 870 ad

402 902 633 967 malum,
668 901 864 973 gloriae
894 901 1261 958 demonstrat
1321 903 1792 973 magnitudinem
1828 918 2060 975 ;usque

402 991 475 1045 ad
506 990 721 1045 inferos
777 1002 995 1055 autem,
1042 990 1408 1060 ignominiae.
1465 996 1864 1063 Augmentum
1918 1007 2059 1047 vero

400 1077 666 1134 criminis
718 1084 770 1134 et
819 1078 1242 1134 demonstratio
1294 1085 1571 1135 extremae
1620 1079 1919 1150 pravitatis
1950 1084 2054 1147 est,

402 1182 522 1223 non
555 1165 736 1221 solum
763 1166 992 1237 pejores
1014 1182 1144 1222 esse
1169 1168 1572 1239 peccatoribus
1594 1168 1692 1239 qui
1715 1174 1852 1224 tunc
1868 1173 2059 1240 erant,

402 1256 502 1309 sed
532 1254 643 1309 illis
674 1256 775 1326 qui
805 1270 1078 1325 unquam
1112 1255 1369 1311 fuerant.

474 1344 637 1397 Vers.
668 1342 754 1397 24.
781 1343 1060 1400 Attamen
1086 1374 1151 1384 —
1196 1344 1317 1399 tibi.
1351 1374 1423 1385 —
1452 1343 1650 1411 Vobis,
1700 1344 1778 1400 ad
1809 1344 2060 1402 civitatis

401 1431 553 1488 iilius
582 1431 741 1487 cives
772 1432 999 1488 dictum
1025 1436 1113 1488 est
1144 1449 1158 1499 ;
1187 1432 1311 1488 Tibi
1341 1448 1500 1501 vero,
1532 1432 1611 1489 ad
1636 1433 1950 1491 civitatem.

475 1610 638 1663 Vers.
682 1608 772 1662 25.
807 1608 879 1663 In
902 1638 969 1647 —-
994 1609 1285 1677 parvulis,
1316 1609 1677 1681 Ἀπόχρίσεως
1703 1610 2057 1666 vocabulum

2172 457 2264 512 διὰ
2301 465 2358 512 τὸ
2391 468 2648 513 κατοικεῖν
2680 460 2729 512 ἐν
2775 458 2903 532 αὐτῇ
2960 463 3048 510 τὸν
3092 461 3336 530 Χριστὸν,
3386 464 3476 511 καὶ
3504 461 3570 510 τὰ
3604 458 3768 510 πολλά

2170 558 2267 601 τῶν
2327 552 2603 622 θαυμάτων
2656 548 2704 600 ἐν
2737 548 2864 619 αὐτῇ
2919 548 3140 600 τελέσαι.
3195 552 3359 604 Φησὶν
3404 544 3503 598 οὖν.
3545 549 3622 599 ὅτι
3656 551 3757 599 Καὶ

2170 642 2250 703 οὐ,
2309 640 2338 695 ἡ
2399 642 2561 709 μέχρι
2609 644 2701 689 τοῦ
2754 636 2971 708 οὐρανοῦ
3038 636 3308 705 ὑψωθείσα
3372 644 3433 707 τῇ
3496 631 3621 706 δόξῃ
3679 637 3769 693 ἕως

2169 723 2301 797 ᾅδου
2359 725 2800 797 καταϐιϐάσθήση
2843 732 2904 796 τῇ
2960 721 3167 795 ἀδοξίᾳ.
3211 724 3527 796 Ἐμφαντικὰ
3581 720 3641 775 δε
3688 726 3766 787 τὸ,

2170 820 2346 889 Μέχρι
2395 822 2488 867 τοῦ
2546 814 2783 888 οὐρανοῦ,
2847 817 2935 865 καὶ
2996 817 3074 878 τὸ,
3133 812 3266 874 Ἕως
3335 810 3489 882 ᾅδου·
3549 812 3768 883 ’πεμφθεί-

2169 923 2317 955 νουσι
2371 906 2496 977 γὰρ,
2552 906 2609 954 τὸ
2659 905 2769 974 μὲν,
2821 903 3032 974 μέγεθος
3074 897 3253 963 δόξης·
3309 903 3367 951 τό
3418 896 3476 951 δὲ
3529 896 3767 961 ἀδοξίας.

2169 992 2402 1055 Αῦξησις
2440 989 2499 1044 δε
2556 996 2874 1065 κατηγορίας
2912 995 3002 1042 καὶ
3038 986 3325 1052 .ἆπόδειξις
3380 992 3566 1049 κακίας
3618 989 3771 1061 ὑπερο

2170 1081 2481 1143 ϐαλλούσης,
2519 1083 2577 1132 τὸ
2624 1079 2805 1150 λέγειν,
2863 1078 3052 1141 αὐτοὺς
3081 1083 3152 1151 μὴ
3204 1083 3356 1150 μόνον
3408 1081 3622 1151 χείρους
3669 1083 3771 1127 τῶν

2168 1174 2282 1222 τότε
2360 1168 2696 1241 ἁμαρτωλῶν,
2781 1166 2907 1220 ἀλλά
2976 1171 3066 1218 καὶ
3150 1174 3249 1218 τῶν
3342 1170 3548 1218 πώποτε
3625 1182 3769 1233 γενο-

2169 1261 2330 1330 μένων
2339 1297 2351 1310 .

2240 1347 2380 1405 Πλὴν
2418 1377 2487 1387 —
2535 1350 2639 1399 σοί.
2702 1348 2771 1398 Τό
2828 1348 2940 1418 μὲν,
2994 1352 3143 1417 Υμῖν,
3203 1345 3336 1416 πρὸς
3382 1349 3497 1403 τοῦς
3555 1341 3776 1401 πολίτας

2168 1443 2262 1497 τῆς
2310 1434 2504 1497 πόλεως
2595 1433 2789 1497 ἐκείνης
2891 1436 3112 1508 εἶρηται’
3216 1436 3274 1485 τὸ
3344 1428 3405 1485 δι
3469 1436 3575 1498 Σοὶ,
3647 1433 3776 1502 πρὸς

2168 1529 2261 1583 τὴν
2294 1524 2440 1576 πόλιν
2455 1568 2467 1580 ,

2240 1614 2323 1665 Ἐν
2373 1644 2438 1654 —
2476 1617 2703 1673 νηπίοις.
2760 1614 2829 1664 Τὸ
2881 1619 2976 1671 τῆς
3016 1608 3333 1684 ἀποκρίσεως
3388 1612 3571 1680 ὄνομα,
3616 1606 3773 1660 πολυ-

404 1697 588 1769 (quod
647 1713 754 1752 nos
811 1698 1208 1753 communiter
1254 1699 1702 1770 responsionem
1752 1698 2033 1755 vertimus

2178 1708 2428 1775 σήμαντόν
2476 1700 2633 1766 ἐστιν,
2668 1699 2779 1753 Ἵνα
2825 1702 2924 1773 γὰρ
2960 1698 3096 1751 ἐάσω
3139 1701 3225 1750 τὸν
3279 1694 3653 1771 διαχωρισμὸν
3680 1702 3774 1748 καὶ

404 1786 562 1841 varia
590 1785 899 1857 signiﬁcat.
936 1785 1089 1841 Mitto
1116 1802 1274 1841 nunc
1293 1789 1733 1858 separationem
1768 1804 1835 1843 ac
1866 1788 2058 1858 diges-

406 1875 625 1930 tionem
654 1874 984 1929 secundum
1017 1875 1300 1941 medicos,
1331 1880 1388 1931 et
1424 1892 1558 1948 qua:
1585 1876 1661 1932 ad
1694 1876 1803 1932 hoc
1834 1877 1916 1942 ﬁt,
1950 1881 2060 1932 ter-

404 1963 812 2018 minationem.
872 1963 1169 2018 Interdum
1223 1964 1470 2035 quidem
1527 1964 1801 2038 principii
1857 1965 2058 2021 locum

400 2052 600 2116 habet,
663 2058 725 2107 ut
778 2068 913 2106 cum
945 2052 1173 2117 dicitur,
1236 2054 1598 2123 Respondens
1624 2054 1806 2114 Jesus
1857 2055 1999 2110 dixit
2042 2072 2057 2110 :

404 2141 697 2207 Conﬁteor
755 2141 879 2206 tibi,
930 2140 1126 2206 Pater,
1169 2142 1415 2198 Domine
1468 2144 1601 2200 casti
1649 2150 1702 2199 et
1757 2150 1953 2209 terra,
1985 2144 2059 2200 de

403 2245 525 2301 quo
559 2245 718 2285 nunc
750 2234 835 2285 est
863 2246 1058 2285 sermo
1088 2247 1101 2295 ;
1145 2230 1308 2286 nulla
1334 2231 1494 2286 enim
1541 2235 1843 2303 praecessit
1885 2234 2061 2288 inter-

405 2318 652 2386 rogatio.
690 2318 1063 2390 Quandoque
1104 2335 1239 2374 vero
1275 2320 1351 2374 ad
1378 2319 1898 2389 interrogationem
1932 2322 2060 2377 red-

344 2396 345 2399 i
405 2406 585 2472 ditur,
621 2412 683 2461 ut
709 2412 797 2462 est
817 2406 962 2461 illud
989 2428 1001 2462 :
1030 2408 1387 2477 Respondens
1406 2408 1601 2465 Simon
1622 2411 1833 2465 Petrus
1854 2410 2007 2467 dixit
2041 2431 2055 2467 :

404 2495 488 2549 Tu
514 2511 568 2551 es
602 2494 877 2551 Christus
907 2496 1099 2551 Filius
1137 2497 1231 2551 Dei
1262 2497 1379 2553 vivi
1403 2499 1449 2532 ⁵³
1485 2516 1498 2562 ;
1534 2499 1835 2569 ρτωοθεεὶι
1887 2500 2058 2556 inter-

400 2583 647 2655 rogatio.
665 2583 964 2639 lnterdum
981 2600 1221 2656 quoque
1241 2585 1533 2641 sermonis
1548 2588 2057 2644 continuationem

403 2671 717 2743 signiﬁcat,
752 2678 813 2728 ut
835 2673 1025 2744 capite
1045 2673 1325 2729 vicesimo
1350 2690 1508 2730 nono
1530 2676 1729 2745 hujus,
1749 2692 1884 2731 cum
1910 2675 2060 2732 Cha-

401 2776 615 2817 nanaaa
644 2762 917 2817 dixisset:
941 2763 1168 2833 Utique,
1182 2765 1433 2828 Domine,
1450 2781 1577 2818 nam
1592 2770 1643 2819 et
1657 2765 2059 2822 catettiedunt

401 2850 472 2905 de
503 2852 680 2914 micis,
713 2866 847 2921 quae
868 2852 1091 2906 cadunt
1110 2866 1145 2907 a
1169 2868 1363 2907 mensa
1382 2853 1753 2908 dominorum
1774 2869 2012 2908 suorum
2038 2871 2059 2919 ;

402 2946 828 3011 consequenter
851 2941 1046 2994 statim
1076 2941 1206 3011 subj
1219 2942 1456 3011 ungitur
1486 2959 1497 2997 :
1524 2944 1687 2998 Tunc
1712 2943 2059 3014 respondens

402 3027 567 3082 Jesus
594 3028 742 3084 dixit
795 3029 886 3083 illi
918 3046 930 3083 :
976 3030 1023 3084 0
1060 3031 1295 3095 mulier,
1338 3048 1545 3100 magna
1598 3034 1679 3087 est
1720 3033 1864 3099 ﬁdes
1901 3039 2001 3087 tua
2042 3049 2055 3099 ;

402 3116 504 3185 ﬁat
540 3116 650 3171 tibi
685 3117 836 3172 sicut
875 3118 955 3173 vis
984 3119 1052 3169 δι.
1086 3120 1171 3173 Ad
1200 3120 1326 3174 haec
1360 3136 1602 3192 quoque
1628 3121 1920 3189 significat
1964 3136 2060 3175 ex-

403 3202 798 3260 hortationem
830 3206 952 3260 sive
1000 3206 1500 3279 deprecationem,
1535 3214 1595 3263 ut
1620 3225 1755 3264 cum
1790 3210 2002 3265 dicitur
2040 3224 2053 3263 :

403 3293 775 3362 Respondeas
801 3301 993 3351 autem
1031 3297 1238 3352 Petrus
1266 3297 1417 3353 dixit
1452 3299 1504 3353 ei
1531 3314 1543 3352 :
1584 3299 1855 3354 Edissere
1893 3297 2059 3354 nobis

397 3383 749 3452 parabolam
768 3384 921 3439 hanc
948 3385 1015 3436 ⁸⁵.
1042 3385 1414 3457 Quandoque
1438 3392 1633 3442 autem
1656 3388 1944 3453 abundat,
1998 3393 2060 3443 ut

406 3485 543 3526 cum
573 3470 823 3526 dicitur:
856 3473 1217 3541 Respondens
1254 3478 1446 3529 autem
1474 3475 1687 3530 Petrus
1718 3476 1873 3532 dixit
1912 3477 2013 3531 illi
2038 3491 2059 3531 .'

402 3557 481 3612 Et
506 3559 557 3612 si
576 3574 766 3614 omnes
783 3558 1278 3629 o/Tendanturper
1292 3567 1362 3627 te,
1398 3577 1493 3632 ego
1518 3568 1713 3619 tamen
1742 3579 2059 3635 nunquam

405 3646 677 3713 offendar
700 3648 767 3699 ⁵⁸.
802 3646 1107 3717 Siquidem
1126 3649 1353 3703 Marcus
1380 3651 1773 3721 praetermisit,
1798 3655 2058 3724 Respon-

406 3736 574 3798 dens,
618 3740 673 3790 et
701 3734 847 3789 dixit
882 3751 895 3788 :
931 3738 1144 3791 Petrus
1197 3743 1383 3793 autem
1415 3740 1497 3794 ait
1528 3738 1624 3793 itii
1652 3740 1721 3809 ⁵⁷,
1750 3744 1857 3795 etc.
1888 3744 2063 3797 Inter-

405 3824 551 3879 dum
580 3838 718 3878 vero
744 3821 1040 3893 signiﬁcat
1067 3825 1243 3880 etiam
1262 3825 1805 3895 interrogationem,
1832 3833 1894 3884 ut
1922 3845 2061 3885 cum

406 3912 624 3967 dicitur
653 3931 664 3968 :
702 3911 1036 3982 Respondit
1064 3913 1146 3968 eis
1175 3914 1346 3968 Jesus
1374 3932 1387 3969 :
1420 3916 1577 3972 Num
1620 3930 1718 3987 ego
1755 3916 2061 3974 duodecim

415 4000 556 4070 elegi
583 4001 630 4034 ⁸³
656 3999 683 4053 ‘I

483 4089 781 4152 Conﬁteor
818 4094 1016 4144 autem
1049 4089 1188 4146 dicit
1213 4107 1372 4147 nunc
1394 4093 1720 4163 gratiarum
1744 4094 2058 4151 actionem.

409 4179 713 4249 Sapientes
743 4194 881 4233 vero
915 4182 972 4233 et
1008 4180 1323 4249 prudentes
1380 4197 1481 4238 eos
1527 4182 1630 4254 qui
1660 4184 1804 4239 tales
1837 4184 2060 4256 populo

404 4267 784 4332 videbantur,
826 4273 962 4337 puta
1012 4268 1248 4325 Scribas
1298 4273 1354 4325 et
1400 4271 1746 4326 l’harisaeos.
1782 4273 2060 4329 Parvulos

408 4371 569 4419 vero,
596 4353 892 4426 apostolos
923 4360 1160 4426 prOpter
1210 4356 1652 4429 simplicitatem
1694 4365 1750 4415 et
1780 4360 2062 4417 innocen-

2167 1798 2260 1850 την
2320 1789 2657 1862 διαφόρησιν,
2728 1791 2864 1840 κατὰ
2916 1792 3038 1849 τοὺς
3114 1787 3340 1861 ἰατροὺς,
3399 1791 3488 1837 καὶ
3551 1790 3647 1843 τὴν
3706 1785 3780 1845 εἰς

2168 1888 2319 1932 τοῦτο
2365 1879 2665 1940 κατάληξιν.
2718 1880 2840 1929 ποτε
2870 1880 2959 1949 μὲν
3007 1882 3162 1928 τόπον
3202 1874 3374 1947 ἀρχῆς
3415 1877 3550 1946 ἔχει,
3586 1877 3657 1935 ὡς
3698 1879 3784 1926 τό-

2170 1969 2489 2042 Ἀποκριθεὶς
2545 1969 2571 2018 ὁ
2644 1966 2853 2027 Ἰησοῦς
2915 1962 3074 2018 εἶπεν·
3142 1962 3583 2035 Ἐξομολογοῦμαί
3674 1981 3784 2031 σοι,

2170 2060 2358 2129 Πάτερ,
2408 2059 2563 2130 Κύριε
2614 2062 2705 2107 τοῦ
2786 2054 3005 2128 οὐρανοῦ
3084 2059 3173 2104 καὶ
3226 2060 3315 2112 τῆς
3360 2060 3479 2122 γῆς·
3539 2055 3667 2125 περὶ
3724 2050 3786 2102 οὗ

2166 2153 2253 2196 νῦν
2286 2147 2311 2196 ὁ
2340 2144 2503 2216 λόγος·
2564 2144 2622 2196 οῦ
2673 2148 3013 2217 προηγήσατο
3068 2144 3167 2215 γὰρ
3226 2140 3499 2215 ἕρώτησις·
3533 2141 3665 2191 ποτε
3699 2135 3779 2208 δε,

2166 2238 2293 2307 πρὸς
2340 2233 2594 2308 ἐρώτησιν
2657 2228 2997 2285 ἁποδίδοται’
3055 2232 3126 2291 ὡς
3179 2233 3258 2282 τὸ·
3314 2229 3643 2301 Ἀποκριθεὶς
3703 2232 3784 2279 Σί-

2167 2345 2274 2396 μων
2333 2327 2519 2395 Πέτρος
2599 2318 2723 2376 εἶπε.
2789 2324 2856 2372 Σὺ
2923 2317 2971 2372 εἶ
3022 2321 3047 2371 ὁ
3134 2322 3359 2391 Χριστός
3429 2319 3455 2369 ὁ
3517 2319 3641 2376 Υἱὸς
3688 2324 3783 2367 τοῦ

2169 2419 2302 2466 Θεοῦ
2358 2419 2445 2464 τοῦ
2500 2411 2707 2472 ζῶντος·
2749 2413 3095 2482 προηγήσατο
3150 2410 3249 2482 γὰρ
3308 2405 3585 2478 ἐρώτησις·
3652 2408 3781 2457 ποτε

2170 2499 2244 2570 δε,
2276 2502 2429 2571 λόγου
2476 2496 2745 2570 διαδοχὴν
2786 2494 2956 2556 δηλοῖ”
3007 2504 3099 2556 τῆς
3135 2499 3233 2568 γὰρ
3265 2498 3565 2554 Χαναναίας
3600 2493 3778 2546 εἰποῦ-

2171 2608 2286 2651 σης·
2355 2593 2476 2654 Ναὶ,
2538 2591 2710 2662 Κύριε⁶
2765 2588 2856 2639 καὶ
2906 2589 3006 2657 γὰρ
3061 2587 3127 2637 τὰ
3180 2586 3399 2656 κυνάρια
3454 2582 3621 2635 ἐσθίει
3674 2581 3777 2633 ἀπὸ

2168 2687 2266 2729 τῶν
2329 2676 2531 2748 ψιχὶων
2601 2684 2700 2727 τῶν
2783 2679 3077 2727 πιπτόντων
3150 2672 3249 2725 ἀπὸ
3335 2680 3425 2731 τῆς
3504 2675 3780 2744 τραπέζης

2168 2774 2266 2818 τῶν
2333 2771 2523 2839 κυρίων
2626 2764 2811 2816 αὐτῶν·
2893 2762 3188 2835 ἀποκριθεὶς
3261 2762 3287 2813 ό
3362 2761 3566 2819 Ἰησοῦς
3636 2758 3783 2811 εἶπεν

2170 2856 2322 2927 αὐτῇ
2390 2853 2411 2872 ⁷
2459 2861 2505 2905 Ω
2592 2856 2765 2924 γύναι,
2823 2852 3018 2925 μεγάλη
3090 2870 3184 2903 σου
3241 2852 3268 2907 ἡ
3343 2854 3547 2913 πίστις,
3620 2866 3786 2918 γενη-

2171 2946 2309 3001 θήτω
2370 2962 2452 2995 σοι
2504 2945 2571 3003 ὡς
2629 2942 2798 3001 θελεις.
2883 2943 3013 2994 Ποτέ
3067 2936 3146 3004 δι,
3205 2941 3445 3010 σημαίνει
3477 2936 3787 3011 Ῐπαράκλη-

2172 3051 2273 3099 σιν,
2332 3033 2402 3093 ὡς
2448 3036 2526 3083 τὸ·
2571 3030 2896 3103 Ἀποκριθεὶς
2963 3024 3022 3081 δι
3086 3029 3111 3079 ὁ
3168 3031 3357 3100 Πέτρος
3407 3022 3543 3077 εἶπεν
3606 3023 3783 3094 αὐτῷ.

2168 3119 2189 3193 [
2256 3122 2459 3193 Φράσον
2771 3120 2894 3190 ἡμῖν
2976 3122 3071 3175 τὴν
3152 3113 3449 3189 παραϐολὴν
3550 3114 3777 3169 ταύτην⁸

2172 3211 2297 3262 Ποτε
2344 3205 2421 3273 δὲ,
2481 3211 2715 3281 περιττὸν
2784 3208 3033 3259 τέθειταιο
3094 3207 3163 3265 ὡς
3214 3207 3299 3256 τὸ·
3365 3200 3706 3275 Ἀποκριθεὶς
3757 3201 3789 3251 ὁ

2169 3302 2357 3370 Πέτρος
2413 3293 2547 3349 εἶπεν
2610 3294 2830 3366 αὐτῷ’]
2900 3294 2961 3347 Εἰ
3030 3295 3216 3353 πάντες
3287 3286 3791 3346 σκανδαλισθήσον-

2167 3406 2254 3438 ται
2355 3384 2403 3437 ἒν
2499 3389 2603 3450 σοὶ,
2706 3382 2806 3454 ἐγὼ
2882 3379 2941 3435 δε
3031 3378 3277 3433 οὐδέποτε
3378 3373 3793 3434 σκανδαλισθή-

2171 3489 2351 3547 σομαι⁶
2414 3478 2502 3525 καὶ
2540 3475 2641 3545 γὰρ
2682 3474 2707 3523 ὁ
2748 3474 2958 3546 Μάρκος
3004 3470 3251 3542 παρέλιπε
3293 3470 3371 3535 τὸ,
3418 3466 3787 3538 Ἀποκριθεὶς,

2168 3568 2258 3615 καὶ
2326 3559 2479 3615 εἶπεν·
2546 3562 2604 3614 Ὀ
2649 3557 2708 3613 δι
2776 3564 2965 3632 Πέτρος
3023 3561 3115 3630 ἔφη
3178 3557 3339 3627 αὐτῷ·
3388 3558 3504 3608 ἔστι
3578 3551 3633 3606 δ’
3692 3554 3793 3605 ὅτε

2171 3648 2325 3709 δηλοῖ
2375 3656 2464 3703 καὶ
2492 3654 2585 3708 τὴν
2634 3648 2884 3723 ἐρώτησιν
2939 3650 3004 3708 ὡς
3046 3651 3122 3699 τό·
3174 3645 3453 3718 Ἀπεκρίθη
3508 3642 3722 3705 αὐτοῖς,
3756 3642 3788 3693 ὁ

2170 3741 2391 3801 Ἰησοῦς-
2475 3739 2585 3792 Οὔκ
2687 3737 2783 3809 ἐγὼ
2854 3738 2989 3810 ἡμᾶς
3059 3738 3181 3796 τοὺς
3263 3730 3473 3787 δώδεκα
3545 3730 3795 3793 ἐξελεξά-

2170 3850 2292 3903 μην.

2239 4094 2643 4166 Ἐξομολόγησιν
2692 4089 2753 4145 δὲ
2792 4098 2901 4157 νῦν,
2947 4093 3041 4148 τὴν
3072 4088 3417 4161 εὐχαριστίαν
3464 4085 3634 4157 λέγει’
3683 4092 3798 4139 Καὶ

2174 4188 2358 4257 σοφοὺς
2414 4187 2524 4255 μὲν,
2564 4186 2653 4234 καὶ
2714 4184 2974 4244 συνετοὺς,
3016 4181 3135 4240 τοὺς
3180 4178 3308 4230 οὕτω
3367 4171 3669 4237 δοκοῦντας
3719 4183 3803 4226 τὼ

2169 4273 2295 4344 λαῷ.
2350 4276 2683 4347 Γραμματέας
2731 4278 2819 4321 καὶ
2863 4272 3205 4343 Φαρισαίους
3262 4270 3480 4324 νηπίους
3533 4260 3621 4329 δε,
3671 4268 3805 4323 τοὺς

3185 4360 3269 4407 καὶ
3337 4352 3625 4426 ἀπόνηρον,
3699 4358 3807 4405 καὶ

2172 4362 2505 4425 ἀποστόλους,
2588 4357 2681 4411 διὰ
2736 4362 2794 4410 τὸ
2884 4360 3098 4426 ἄκακον,

409 4443 549 4501 tiam
577 4460 647 4500 ac
675 4444 1092 4500 sinceritatem.
1118 4447 1343 4503 Gratias
1374 4446 1477 4503 tibi
1499 4462 1636 4518 ago,
1660 4449 1865 4522 inquit,
1895 4466 2037 4522 quoc

2178 4451 2359 4524 ἀφελές.
2428 4450 2746 4523 [εὐχαριστῶ
2815 4467 2918 4513 σοι,
2980 4450 3157 4519 φησὶν,
3214 4448 3294 4496 ὅτι
3345 4439 3667 4514 ἀπέκρυψας
3726 4444 3809 4493 τὰ

408 4532 794 4588 absconderis
825 4532 965 4589 ﬁdei
1018 4536 1297 4607 mysteria
1339 4552 1375 4591 a
1420 4538 1787 4608 sapientibus
1820 4543 1875 4594 et
1925 4555 2060 4611 pru-

406 4618 708 4683 dentibus,
740 4621 843 4679 illa
874 4637 1232 4692 cognoscere
1266 4624 1601 4681 nolentibus
1636 4644 1647 4683 :
1690 4632 1745 4683 et
1774 4628 2057 4685 revelaris

407 4721 481 4765 ea
509 4709 797 4778 parvulis,
821 4710 949 4765 lento
968 4711 1307 4783 animoipsa
1321 4715 1801 4787 suscipientibus.
1825 4716 2055 4774 Gratias

413 4800 613 4852 autem
627 4812 813 4867 agens
829 4798 1004 4865 Patri,
1030 4800 1459 4861 demonstravit
1475 4822 1535 4862 se
1553 4805 1760 4862 Filium
1777 4807 1906 4878 ejus
1924 4823 2056 4866 esse

484 4975 531 5009 ⁸³
564 4976 759 5031 Matth.
793 4993 909 5042 xvn,
950 4983 1030 5035 16.

1144 4982 1191 5015 ⁵⁸
1218 4983 1423 5039 Matth.
1467 5000 1562 5049 xv,
1604 4988 1693 5051 27,
1736 4985 1824 5042 28.

426 5044 472 5081 ⁵⁸
504 5048 669 5103 Joan.
708 5063 778 5115 γι,
816 5053 910 5105 70.

1934 4988 1981 5023 ⁵⁵
2012 4985 2208 5044 Matth.
2250 5001 2349 5050 xv,
2378 4986 2474 5041 15.

2168 4550 2257 4601 τῆς
2332 4545 2557 4600 πίστεως
2627 4541 2897 4610 μυστήρια
2983 4534 3083 4587 ἀπὸ
3150 4540 3316 4605 σοφῶν
3374 4534 3463 4582 καὶ
3521 4538 3805 4594 συνετῶν,

2168 4634 2239 4703 μὴ
2319 4628 2641 4686 θελησάντων
2702 4625 2979 4697 ἐπιγνῶναι
3033 4630 3222 4691 ταῦτα,
3275 4625 3364 4672 καὶ
3430 4617 3817 4689 ἀπεκάλυψας

2168 4719 2301 4771 αῦτὰ
2373 4721 2599 4784 νηπίοις,
2666 4721 2774 4777 τοῖς
2825 4708 3270 4787 παραδεξαμένοις
3354 4706 3511 4771 αὐτοὶ,
3590 4706 3821 4779 Εὐχα-

2166 4811 2425 4883 ριστὴσας
2498 4808 2588 4878 μὲν
2667 4800 2755 4856 οὖν
2824 4810 2896 4874 τῷ
2965 4805 3152 4874 Πατρὶ,
3225 4795 3344 4869 (53)
3393 4791 3616 4862 ἔδειξεν,
3712 4797 3835 4849 ὅτι

2592 4983 2640 5019 ⁸⁸
2665 4981 2843 5040 Matth
2868 4996 3026 5049 xxvr,
3050 4979 3137 5036 33.
3248 4976 3295 5012 ⁵⁷
3334 4976 3511 5032 Marc.
3550 4988 3679 5040 xxv,
3740 4979 3833 5033 29

1628 5126 1853 5195 Variae
1882 5127 2211 5197 lectiones
2242 5136 2307 5197 et
2338 5135 2543 5196 notas.

488 5312 603 5385 (52)
628 5312 860 5371 Inclusa
890 5316 944 5371 in
978 5316 1247 5388 margine
1286 5320 1465 5378 habet
1496 5322 1551 5377 Β.

488 5454 564 5526 (ι’)
585 5455 740 5537 Sunt
765 5463 983 5537 autem,
1016 5462 1122 5537 etc.
1172 5461 1793 5537 Signiﬁcantissimum
1843 5472 2063 5537 autem,

414 5537 606 5603 nsque
661 5528 739 5585 ad
782 5528 999 5587 caelum
1051 5536 1105 5588 et
1154 5528 1345 5606 usque
1396 5534 1475 5591 ad
1524 5536 1812 5595 infernos.
1874 5528 2066 5613 Siqui;

2252 5325 2362 5397 (53)
2404 5319 2667 5386 ἀπέδειξεν
2681 5363 2693 5378 .
2732 5327 2773 5375 Δ
2786 5362 2799 5377 .

2177 5396 2339 5466 dem,
2365 5401 2477 5452 etc.

2245 5537 2329 5613 (ἀ)
2373 5538 2441 5598 Ut
2453 5534 2926 5612 capite—hujus.
2941 5532 3077 5590 Haec
3087 5530 3149 5588 in
3160 5526 3309 5587 meis
3326 5523 3508 5585 codd.
3534 5522 3789 5588 absun
