3906 6202
214 239 281 304 361
1101 240 1471 303 COMMENT.
1523 246 1591 301 IN
1629 243 2072 301 MATTH/EUM.
2112 278 2180 286 -—
2219 245 2377 304 CAP.
2429 248 2550 303 XX.

3354 249 3459 305 362

211 376 288 432 υἱὸς
323 371 428 421 ἐστιν
459 370 630 435 αὐτοῦ,
676 376 765 422 καὶ
821 373 946 445 παρ’
983 370 1169 423 ἐκείνου
1211 369 1543 423 ἀπέσταλται·
1577 370 1702 442 ὑπὲρ

1886 397 1887 404 η
1933 367 2033 424 illo
2098 370 2372 426 missum.
2420 371 2551 441 Egit
2615 384 2755 441 ergo
2806 371 3024 441 gratias
3091 371 3460 427 credentium

208 469 274 512 τῶν
300 461 636 510 πιστευσάντων
660 455 718 510 δὲ
738 465 968 519 ποιήσας
997 463 1089 518 τήν
1113 460 1478 531 εὐχαριστίαν,
1511 454 1703 516 ἐδήλωη

203 568 274 612 σεν,
306 546 392 598 οἷαν
435 544 627 616 ἀγάπην
679 550 792 617 ἔχει
836 553 954 620 περὶ
1010 548 1217 607 αὐτούς.
1282 550 1487 604 Ταύτην
1527 544 1587 599 δι
1615 549 1701 603 τὴν

194 637 462 706 εὐχαριστίαν
480 640 784 706 προσήγαγε
823 644 894 706 τῷ
921 643 1054 705 Θεῷ,
1082 640 1171 686 καὶ
1192 636 1316 707 ὑπερ
1343 643 1440 687 τῶν
1479 631 1702 707 ἐϐδομή-

185 742 304 774 κοντα
323 721 610 789 ἀποστόλων,
639 724 722 775 ὅτε
739 723 1067 796 ὑπέστρεψαν
1081 727 1207 796 πρὸς
1226 723 1399 788 αὐτὸν,
1417 725 1486 785 ὡς
1506 726 1704 796 εἴρηκεν

187 813 206 861 ό
225 817 402 870 Λουκᾶς.

235 904 312 952 Ναὶ
335 900 356 949 ό
395 903 562 970 Πατὴρ
593 929 655 938 -
679 900 968 973 ἔμπροσθέν
1001 917 1116 952 σου.
1143 903 1248 950 Ναί
1271 903 1571 972 εὐχαριστῶ
1597 917 1700 966 σοι,

190 986 217 1038 ὦ
237 990 386 1059 Πάτερ,
416 983 546 1038 διότι
577 988 735 1047 οὕτως
764 985 958 1058 ἐγένετο
989 982 1224 1052 εὐδοκία,
1253 991 1432 1058 ἤγουν,
1461 986 1706 1060 ἀρέσκεια

183 1074 342 1126 ἰνώπιόν
368 1093 470 1144 σου,
523 1079 762 1128 τουτέστι
802 1075 942 1146 (54),
998 1071 1138 1127 διότι
1175 1078 1334 1134 οὕτως
1374 1069 1700 1144 ηύδὸγησας,

181 1162 471 1234 ἆτιοκρνϐἠναι
492 1166 586 1233 μὲν
623 1171 791 1215 ταῦτα
821 1161 922 1215 ἀπὸ
952 1170 1051 1214 τῶν
1082 1162 1505 1235 ἁποσεισαμὲνων
1548 1162 1701 1228 αὐτὰ,

179 1251 225 1310 ὡς
248 1250 444 1313 ἀναξίων,
470 1250 901 1321 ἀποκαλυφθῆναι
931 1247 965 1302 δ
969 1254 989 1302 ε
1017 1258 1183 1303 ταῦτα
1211 1258 1322 1311 ταῖς
1347 1253 1705 1323 προσιεμένοις

175 1340 289 1400 αὐτὰ,
313 1343 369 1400 ὡς
393 1339 567 1402 ἀξίοις.
602 1345 810 1391 Δίκαιον
839 1341 940 1414 γὰρ
970 1345 1120 1392 τοῦτό
1169 1339 1328 1394 ἐστιν.
1379 1345 1490 1392 Ἵνα
1519 1334 1578 1390 δι
1605 1342 1700 1409 μὴ,

173 1425 246 1478 ἀπὸ
271 1435 346 1478 τοῦ
367 1427 752 1501 εὐχαριστῆσαι
779 1436 849 1498 τῷ
883 1432 1068 1502 Πᾶτρὶ,
1123 1425 1251 1500 δόξῃ
1281 1434 1384 1488 τοῖς
1416 1426 1704 1498 ἀνθρώποις

166 1515 469 1588 ἀσθενέστερος
496 1515 683 1580 αὑτοῦ,
706 1521 796 1567 καὶ
815 1512 908 1567 διὰ
929 1520 1080 1568 τοῦτο
1102 1525 1194 1577 τῆς
1217 1523 1447 1587 Πατρικῆ
1461 1535 1481 1576 ς
1503 1517 1703 1586 φύσεως

168 1602 373 1676 ἀλλότριος
409 1608 552 1674 φήσί·

1809 457 2074 523 nomine,
2107 458 2450 530 signiﬁcans
2497 474 2677 531 quem
2709 474 2850 528 erga
2898 459 3172 515 homines
3218 459 3462 517 haberet

1811 558 2100 601 amorem.
2133 546 2301 602 Hanc
2325 553 2512 604 autem
2546 547 2870 618 gratiarum
2892 548 3189 604 actionem
3214 551 3332 605 Deo
3357 547 3462 603 ob-

1809 633 2129 690 tulitetiam
2143 651 2245 707 pro
2265 637 2636 708 septuaginta
2647 653 2798 708 quos
2809 637 3102 702 emiserat,
3119 637 3363 710 quando
3381 636 3461 692 ad

1811 736 1950 777 eum
1978 725 2199 779 reversi
2229 731 2388 791 sunt,
2425 726 2579 781 sicut
2608 725 2756 782 dixit
2787 729 2992 784 Lucas.

1883 898 2043 954 Vers.
2101 901 2190 956 26.
2244 902 2454 973 Utique
2475 903 2652 959 Pater
2699 933 2768 944 —
2796 902 2953 974 apud
2971 910 3049 960 te.
3083 904 3292 975 Utique
3323 918 3460 975 gra-

1813 985 1922 1041 tias
1943 986 2050 1042 tibi
2071 1004 2206 1059 ago,
2239 993 2423 1054 Pater,
2446 990 2589 1061 quia
2609 991 2691 1046 ita
2713 991 2993 1048 fuitbona
3006 992 3309 1056 voluntas,
3342 991 3460 1048 sive

1811 1072 2244 1145 beneplacitum
2271 1093 2475 1134 coram
2502 1082 2576 1143 te,
2605 1078 2718 1135 hoc
2747 1083 2856 1143 est,
2886 1080 3032 1149 quia
3060 1079 3140 1135 ita
3165 1079 3316 1134 bene
3339 1079 3462 1150 pla-

1811 1161 1932 1216 cuit
1959 1162 2086 1230 tibi,
2110 1169 2174 1221 ut
2201 1166 2329 1221 haec
2354 1166 2662 1238 repelleres
2692 1167 2771 1223 ab
2799 1167 2869 1222 iis
2897 1167 3041 1239 quia
3069 1182 3141 1224 ea
3167 1166 3462 1238 repellunt

1812 1252 2100 1322 tanquam
2141 1253 2422 1325 indignis,
2465 1255 2755 1312 revelares
2788 1260 2975 1311 autem
3025 1272 3096 1312 ea
3123 1254 3216 1310 his
3255 1255 3358 1327 qui
3384 1255 3463 1311 ad

1811 1337 1914 1394 illa
1942 1341 2234 1396 accedunt
2273 1347 2563 1414 tanquam
2597 1344 2795 1414 dignis
2825 1361 2837 1398 :
2868 1345 3045 1415 idque
3071 1345 3310 1416 justum
3350 1348 3457 1399 est.

1811 1428 1891 1481 Ne
1923 1431 2123 1484 tamen
2147 1429 2300 1486 Patri
2333 1433 2553 1500 gratias
2586 1448 2791 1502 agens,
2823 1432 3090 1488 videatur
3117 1430 3463 1488 hominibus

1811 1515 2013 1663 Eninus
2070 1517 2169 1573 illo
2214 1521 2442 1590 potens,
2485 1521 2599 1574 eta
2636 1525 2850 1576 natura
2910 1521 3158 1575 Paterna
3209 1518 3460 1582 alienus,

1855 1602 1959 1660 ixit
1991 1623 2003 1661 :
2629 1631 2635 1634 ·
3240 1635 3243 1638 ·

1855 1602 1959 1660 ixit
1991 1623 2003 1661 :
2629 1631 2635 1634 -

213 1692 359 1744 Πέντα
385 1722 446 1732 -
484 1711 609 1763 μου·
643 1693 843 1760 Πάντα,
871 1696 935 1744 τὰ
964 1700 1055 1744 τοῦ
1088 1694 1290 1765 Πατρὸς
1320 1687 1573 1750 δηλονότι.
1601 1695 1701 1743 Καὶ

1886 1702 2051 1754 Vers.
2091 1698 2178 1751 27.
2222 1695 2437 1752 Omnia
2470 1727 2534 1735 ——
2579 1711 2728 1752 mea.
2767 1695 2981 1750 Omnia
3025 1695 3290 1751 videlicet
3326 1710 3462 1766 quae

159 1778 347 1849 ἀλλαχοῦ
373 1783 468 1851 γάρ
509 1798 663 1852 φησι·
699 1782 893 1849 Πάντα,
938 1781 1038 1832 ὅσα
1062 1782 1174 1851 ἔχει
1200 1781 1226 1830 6
1256 1785 1458 1853 Πατὴρ,
1497 1777 1593 1850 ἑμα
1617 1777 1701 1830 ἐσ-

158 1885 229 1931 τιν,
259 1870 343 1920 Εάν
380 1865 434 1920 δὲ
459 1871 629 1921 πάντα
660 1869 801 1938 αὐτῷ
832 1865 1124 1943 παρεδόθη,
1153 1870 1354 1921 πάντων
1385 1869 1488 1941 ἄρα
1519 1869 1703 1939 Κύριός

156 1955 278 2005 ἐστιν·
310 1955 346 2007 εἰ
371 1953 424 2008 δὲ
451 1959 660 2008 πάντων
705 1955 819 2008 ἐστὶ
852 1963 1062 2029 Κύριος,
1115 1960 1230 2018 ἴσος
1282 1958 1385 2031 οίρα
1413 1964 1485 2008 τῶ
1536 1959 1702 2028 Πατρί

154 2060 254 2095 εστι.

205 2136 260 2183 T6
303 2129 355 2184 δὲ
387 2131 689 2208 Παρεδοθη,
747 2136 1033 2206 θεοπρεπῶς
1089 2135 1299 2202 νόησον,
1355 2132 1459 2204 οὐχ
1510 2133 1587 2185 ὅτι
1633 2137 1701 2205 μὴ

156 2222 262 2288 ἔχων
303 2229 457 2275 ταῦτα
510 2227 786 2296 πρότερον,
835 2220 1118 2294 παρέλαϐεν
1149 2222 1383 2294 ὕστερον
1422 2217 1571 2272 οὐδὲν
1600 2223 1700 2294 γάρ

152 2306 260 2359 ἐστιν
283 2311 424 2362 αὐτοῦ
451 2315 877 2384 προγενέστερον,
927 2307 1049 2362 οὐδὲ
1080 2310 1236 2370 αὐτὸς
1283 2310 1308 2361 6
1359 2313 1561 2383 Πατὴρ,
1595 2308 1702 2361 ἀλλ’

153 2395 236 2466 ἐμοι
260 2403 419 2470 Πατὴρ
473 2405 568 2451 καὶ
632 2399 742 2471 ἅμα
780 2401 915 2464 Υἱὸς,
965 2403 1054 2450 καὶ
1100 2397 1210 2470 ἅμα
1251 2400 1454 2449 πάντων
1495 2399 1702 2470 Κύριοι⁶

149 2480 230 2532 ἀλλ’
266 2489 420 2538 ιῖωθεν
459 2488 812 2559 οἰκονομικῶς
848 2485 1011 2556 λέγειν
1052 2494 1270 2538 τοιοῦτοι
1306 2484 1598 2556 πολλαχοῦ,
1627 2505 1703 2537 τι-

151 2578 230 2637 μῶν
254 2576 328 2623 τὸν
358 2581 591 2648 Πατέρα,
623 2580 712 2626 καὶ
745 2578 938 2631 ταύτην
978 2574 1062 2626 ἐπὶ
1093 2583 1191 2625 τῶν
1221 2593 1463 2627 τοιούτων
1491 2577 1581 2645 ἔχε
1610 2577 1702 2632 τὴν

150 2677 278 2712 ινσιν.

205 2753 366 2799 Καὶ-ο
406 2751 449 2803 εἰ
498 2757 577 2824 μή
632 2754 657 2803 ὁ
688 2754 825 2811 Υἱός.
881 2751 1210 2822 Ἐπίγνωαιν,
1267 2751 1323 2803 ού
1389 2755 1477 2810 τὴν
1533 2750 1706 2812 ἁπλῶς

147 2839 284 2901 fni»,
325 2838 452 2890 ἀλλὰ
502 2845 602 2898 τὴν
646 2843 781 2891 κατὰ
824 2844 978 2911 φύσιν
1033 2840 1220 2891 αὐτῶν.
1282 2837 1405 2890 ’Ὁτι
1461 2840 1549 2911 μὲν
1604 2839 1706 2912 γάρ

140 2921 251 2973 ἐστιν
321 2929 436 2987 Υἱός
496 2933 598 2980 καὶ
664 2933 868 3001 Πατὴρ,
943 2927 1345 2999 ἐπεγινὼσκομεν
1401 2929 1586 2987 πάντες
1660 2927 1708 2979 οἰ

1811 1787 1992 1843 Patris
2017 1788 2174 1840 sunt.
2193 1784 2498 1856 Siquidem
2525 1785 2702 1840 etiam
2730 1783 2867 1838 alibi
2891 1783 3029 1839 dicit
3062 1799 3073 1838 :
3105 1783 3314 1839 Omnia
3333 1799 3464 1854 qua

1807 1876 1984 1932 Pater
2011 1873 2173 1930 habet
2203 1888 2322 1928 mea
2364 1879 2515 1928 sunt.
2544 1875 2592 1908 ⁸ο
2625 1872 2793 1936 Quod
2843 1872 2893 1926 si
2931 1871 3136 1928 omnia
3171 1872 3223 1927 ei
3253 1871 3464 1928 tradita

1811 1969 1969 2030 sunt,
1992 1961 2264 2019 omnium
2279 1963 2480 2032 utique
2493 1961 2780 2017 Dominus
2797 1965 2887 2016 est
2918 1976 2931 2026 ;
2966 1959 3015 2014 si
3037 1975 3180 2016 vero
3193 1960 3466 2015 omnium

1810 2051 2098 2108 Dominus
2125 2055 2231 2116 est,
2273 2049 2518 2120 aequalis
2539 2053 2692 2104 certe
2732 2052 2824 2105 est
2861 2049 3033 2104 Patri.

1880 2140 1944 2196 Id
1977 2144 2175 2196 autem
2207 2160 2220 2191 :
2251 2138 2493 2195 Tradita
2520 2145 2678 2203 sunt,
2707 2138 3078 2210 proutDeum
3104 2136 3274 2192 decet
3302 2136 3466 2192 intel—

1808 2229 1945 2299 lige,
1965 2244 2088 2284 non
2109 2227 2273 2299 quod
2294 2227 2558 2298 primum
2588 2242 2662 2283 ea
2686 2242 2806 2282 non
2829 2226 3056 2282 habens
3078 2225 3466 2298 postmodum

1810 2316 2137 2389 acceperit:
2169 2315 2317 2371 nihil
2341 2316 2500 2370 enim
2521 2315 2690 2371 illum
2722 2315 3044 2388 praecessit,
3078 2329 3152 2370 ne
3185 2314 3311 2386 ipse
3339 2313 3468 2386 qui-

1809 2405 1950 2462 dem
1982 2405 2172 2471 Pater,
2198 2403 2302 2460 sed
2333 2405 2509 2460 simul
2542 2407 2708 2461 Pater
2737 2407 2793 2459 et
2822 2402 2999 2458 simul
3032 2401 3228 2466 Filius,
3258 2401 3466 2457 simul-

1811 2511 1928 2567 que
1972 2494 2244 2549 omnium
2276 2493 2582 2548 Dominus.
2627 2496 2841 2547 Verum
2873 2492 3180 2548 consuevit
3217 2491 3466 2561 dispen-

1813 2582 2028 2639 satorie
2051 2582 2178 2638 hmc
2205 2581 2413 2652 sazpius
2435 2581 2648 2645 dicere,
2688 2581 2924 2636 Patrem
2946 2581 3268 2636 honarans.
3305 2582 3467 2634 Hanc

1813 2686 1954 2742 ergo
1984 2671 2047 2726 in
2073 2671 2362 2726 similibus
2387 2670 2604 2726 habeto
2637 2669 3014 2725 solutionem.

1888 2849 2044 2902 Vers.
2080 2849 2164 2900 27.
2207 2846 2283 2900 Et
2344 2875 2412 2884 -—
2467 2844 2581 2899 nisi
2607 2843 2819 2900 Filius.
2877 2844 3281 2913 Cognitionem
3329 2843 3469 2899 dicit

1815 2951 1939 2992 non
1970 2935 2300 3003 vulgarem,
2334 2933 2436 2989 sed
2455 2933 2627 3004 juxta
2651 2937 2932 2989 naturam
2957 2934 3254 3004 ipsorum.
3296 2931 3468 2998 Quod

141 3015 447 3077 πιστεύοντες’
503 3023 595 3076 τίς
651 3012 710 3068 δὲ
757 3019 888 3068 κατὰ
939 3021 1032 3073 τὴν
1077 3019 1229 3087 φύσιν
1281 3019 1420 3067 ἐστὶν
1481 3017 1506 3067 ό
1572 3017 1705 3080 Υἱός,

1886 3025 1975 3080 ,ἰω
2005 3024 2118 3078 sint
2150 3023 2319 3078 Pater
2344 3026 2400 3077 et
2431 3022 2606 3077 Filius
2635 3023 3059 3090 cognoscimus
3091 3037 3298 3077 omnes
3351 3037 3472 3076 cre-

135 3105 204 3150 καὶ
227 3107 294 3163 τίς
343 3105 368 3155 6
427 3109 642 3176 Πατὴρ,
704 3101 875 3166 οὐδεὶς
920 3103 1267 3174 ἐπιγινώσκει.
1337 3107 1480 3174 Λέγει
1541 3107 1643 3174 ’γὰρ
1683 3104 1708 3155 6

135 3193 323 3250 Λουκᾶς·
378 3190 576 3256 Οὐδεὶς
641 3200 884 3264 γινωσ-ιιει
943 3197 1017 3252 τίς
1069 3191 1207 3244 ἔστιν
1273 3193 1298 3243 ὁ
1348 3195 1487 3258 Υἱὸς,
1543 3193 1586 3244 εἰ
1642 3197 1710 3263 μὴ

132 3279 342 3353 ὁΠα-τὴρ
404 3300 418 3311 ·
471 3287 567 3334 καὶ
606 3287 687 3343 τίς
735 3280 875 3334 ἔστιν
933 3281 958 3332 6
1009 3285 1210 3353 Πατὴρ,
1266 3281 1308 3333 εἰ
1360 3285 1429 3352 μὴ
1482 3283 1506 3332 ὁ
1573 3283 1707 3342 Υἱός.

132 3368 265 3418 Τοῦτο
292 3365 347 3420 6‘s
389 3367 526 3422 εἶπεν
573 3372 600 3422 ὁ
660 3373 910 3444 Χριστὸς,
945 3366 1218 3422 διδάσκων
1247 3374 1586 3442 φανερώτερον
1617 3373 1709 3427 τὴν

129 3460 230 3524 προς
260 3460 341 3508 τόν
387 3464 602 3531 Πατέρα
638 3463 888 3516 ἰσότητα.
947 3458 1008 3511 Εἰ
1060 3459 1160 3531 γὰρ
1202 3461 1350 3530 μόνοι
1379 3465 1478 3508 τῶν
1508 3460 1710 3510 πάντων

131 3545 229 3599 ἴσην
280 3544 466 3616 ἔχουσι
546 3552 647 3606 τὴν
705 3551 825 3620 περὶ
881 3546 1107 3605 ἀλλήλων
1160 3553 1376 3618 γνῶσιν,
1436 3549 1546 3598 ἴσοι
1611 3546 1714 3620 ἄρα

127 3649 254 3687 τισιν.

186 3727 273 3774 Καὶ
329 3755 388 3765 -
425 3724 797 3796 ἀποκαλύψαι.
853 3726 956 3780 Καὶ
993 3731 1142 3776 τοῦτο
1197 3727 1290 3781 τήν
1335 3723 1555 3780 ἰσότητα
1607 3719 1713 3774 dei-

123 3827 294 3866 κννσιν.
344 3813 538 3887 Εὶγὰρ
574 3814 932 3866 ἀποκαλύπτει
992 3817 1081 3886 μὲν
1131 3815 1156 3864 ὁ
1212 3817 1416 3886 Πατήρ,
1452 3815 1519 3874 ὡς
1581 3809 1712 3862 ἂνω-

123 3904 230 3958 τέρω
279 3897 600 3966 δεδήλωται,
660 3901 1013 3954 ἀποκαλύπτει
1062 3898 1121 3953 δι
1169 3905 1256 3954 καὶ
1316 3903 1342 3953 ό
1407 3902 1547 3968 Υἱός,
1601 3903 1712 3952 ἴσοι

132 3987 218 4056 ἄρα
255 3989 394 4044 εἰσίν.
440 3991 810 4062 Ἀποκαλύψει
870 3987 927 4043 δὲ
963 3998 1067 4050 τοῖς
1107 3989 1273 4052 ἀξίοις
1300 3994 1393 4046 τὴν
1439 3992 1590 4061 φύσιν
1620 3994 1712 4040 τοῦ

129 4080 319 4148 Πατρός,
351 4080 399 4131 ἐν
437 4088 510 4151 τῷ
544 4080 786 4153 μέλλοντι
835 4079 1002 4134 αἰῶνι.
1057 4078 1120 4131 Εἰ
1175 4075 1232 4130 δὲ
1285 4083 1376 4136 τὴν
1418 4081 1573 4148 φύσιν
1619 4083 1711 4128 τοῦ

129 4169 303 4239 Πατρός
369 4168 732 4240 ἀποκαλύψει,
791 4170 990 4228 πάντως
1051 4172 1142 4220 καὶ
1204 4171 1296 4225 τὴν
1349 4165 1551 4230 ἑαυτοῦ,
1620 4169 1709 4216 καὶ

123 4259 200 4307 τὴν
245 4266 329 4308 τοῦ
374 4260 533 4329 ἁγίου
571 4260 900 4329 Πνεύματος⁶
940 4261 1036 4328 μία
1064 4258 1164 4329 γὰρ
1217 4259 1305 4307 καὶ
1336 4256 1448 4326 (55)
1507 4257 1536 4312 ἡ
1580 4256 1706 4312 αύτή

1817 3114 2047 3169 dentes.
2097 3110 2238 3176 Quis
2269 3115 2466 3165 autem
2498 3111 2572 3164 sit
2624 3110 2795 3164 Pater
2836 3111 3008 3180 juxta
3062 3115 3363 3175 naturam,
3417 3113 3474 3164 et

1817 3202 1953 3274 quis
2007 3200 2186 3254 Filius
2225 3213 2405 3252 nemo
2456 3199 2780 3268 cognoscit.
2840 3199 2982 3252 Dicit
3037 3199 3194 3252 enim
3239 3201 3465 3252 Lucas:

1819 3292 1993 3346 Nemo
2015 3289 2296 3359 cognoscit
2312 3286 2438 3356 quis
2460 3286 2533 3340 sit
2554 3285 2766 3349 Filius,
2786 3286 2901 3339 nisi
2922 3288 3095 3340 Pater
3117 3302 3132 3337 :
3161 3291 3214 3340 et
3237 3285 3367 3354 quis
3394 3285 3471 3338 sit

1819 3381 2020 3445 Pater,
2073 3377 2189 3431 nisi
2216 3375 2406 3431 Filius
2439 3375 2506 3428 ⁸ο.
2554 3380 2671 3428 Hoc
2693 3388 2830 3442 ergo
2853 3373 2999 3427 dixit
3027 3372 3306 3437 Christus,
3341 3386 3466 3426 ma-

1819 3468 2090 3524 nifestius
2137 3464 2359 3520 docens
2397 3461 2796 3534 aequalitatem
2837 3462 2912 3517 ad
2957 3463 3208 3518 Patrem.
3244 3462 3391 3516 Nam
3423 3459 3471 3514 si

1823 3558 1932 3613 soli
1961 3555 2223 3612 omnium
2255 3551 2550 3624 mqualem
2571 3551 2792 3606 habent
2819 3551 2887 3605 de
2907 3567 2967 3605 se
2993 3549 3246 3605 invicem
3275 3547 3446 3618 cogni
3473 3582 3477 3587 -

1821 3647 2065 3713 tionem,
2097 3641 2358 3715 aequales
2381 3642 2584 3712 utique
2610 3645 2766 3694 sunt.

1890 3738 2049 3789 Vers.
2082 3735 2168 3786 27.
2201 3733 2277 3785 Et
2309 3759 2374 3769 -—
2397 3728 2668 3786 revelare.
2699 3728 2889 3783 Etiam
2919 3727 3033 3782 hoc
3066 3724 3472 3796 aequalitatem

1819 3824 2059 3879 indicat.
2087 3822 2140 3877 Si
2167 3819 2325 3874 enim
2356 3819 2580 3876 revelat
2613 3821 2776 3872 Pater
2807 3823 2869 3870 ut
2893 3830 3078 3887 supra
3107 3813 3332 3868 dictum
3365 3817 3472 3880 est,

1819 3913 2043 3967 revelat
2068 3916 2122 3965 et
2159 3908 2352 3972 Filius,
2387 3905 2648 3978 aequales
2673 3911 2828 3961 certe
2852 3910 3008 3959 sunt.
3043 3901 3352 3958 Revelabit
3373 3917 3479 3957 au-

1820 4006 1936 4056 tem
1959 4005 2235 4055 naturam
2269 3997 2483 4060 Patris,
2517 3995 2587 4049 iis
2619 3995 2721 4066 qui
2747 3994 2910 4062 digni
2952 3993 3162 4048 fuerint
3191 3992 3248 4047 in
3273 3993 3472 4046 futuro

1820 4087 2056 4143 saeculo.
2114 4085 2284 4150 Quod
2313 4085 2362 4139 si
2405 4083 2584 4137 Patris
2635 4088 2896 4137 naturam
2929 4079 3231 4143 revelabit,
3266 4078 3470 4149 utique

1819 4181 1875 4233 et
1929 4190 2100 4230 suam
2127 4177 2183 4228 et
2232 4171 2484 4242 Spiritus
2539 4171 2753 4225 sancti.
2813 4173 2938 4225 Una
2968 4169 3123 4223 enim
3153 4172 3206 4222 et
3262 4166 3473 4221 eadem

1820 4269 1904 4322 est
1929 4264 2116 4318 trium.
2158 4259 2416 4316 Dicendo
2449 4275 2586 4313 vero
2621 4278 2632 4316 :
2662 4259 2844 4314 Nemo
2894 4258 3199 4327 cognoscit,
3244 4259 3474 4308 creatu-

126 4340 218 4393 ἐστι
238 4354 330 4395 τῶν
378 4355 560 4422 τριῶν.
598 4345 623 4418 [
654 4345 1009 4415 Ἀποκαλὺψει
1053 4343 1168 4416 (56)
1200 4340 1258 4397 δὲ
1288 4345 1407 4396 ὅσον
1440 4341 1705 4415 ἐφικτόν.]

1889 4371 1914 4408 s
1946 4349 2293 4421 signiﬁcavit
2326 4365 2338 4402 :
2371 4347 2651 4420 Spiritum
2705 4350 2972 4400 sanctum
3007 4347 3220 4405 autem,
3266 4344 3472 4410 utpote

126 4430 268 4483 Εἰπὼν
316 4431 395 4499 δέ,
456 4437 545 4488 ὅτι
604 4430 795 4495 Οὐδεὶς
861 4433 1210 4505 ἐπιγινώσκει,
1273 4435 1394 4493 τοὺς
1467 4435 1710 4491 κτιστοὺς

127 4513 344 4576 ἐδήλωσε.
408 4528 482 4576 T6
558 4530 777 4594 Πνεῦμα
832 4517 892 4574 δὲ
945 4523 1003 4574 τὸ
1032 4521 1198 4593 ἅγιον,
1251 4523 1316 4581 ὡς
1342 4522 1611 4590 ἄκτιστον,
1649 4519 1708 4571 ού

126 4623 296 4681 ’ἵναπερ
307 4610 473 4665 uiae:
482 4656 494 4666 .

182 4703 269 4749 Καί
292 4696 438 4752 διατί
457 4705 536 4772 μὴ
570 4705 666 4753 καὶ
699 4704 814 4772 περὶ
851 4701 1034 4752 τούτου
1076 4705 1300 4774 φανερῶς
1324 4702 1493 4773 εἴρηκε
1526 4715 1540 4765 ;
1568 4703 1706 4752 Διότι

124 4786 239 4837 οὗτοι
265 4792 440 4863 καιρὸς
465 4786 530 4849 ἓν
567 4785 799 4850 διδάξαι
835 4793 952 4861 περὶ
981 4788 1155 4840 αὐτοῦ.
1184 4792 1284 4840 Καὶ
1309 4789 1409 4860 γὰρ
1439 4783 1544 4839 ἔδει
1569 4794 1706 4861 πρῶ-

126 4889 191 4921 τον
238 4882 322 4933 τὴν
369 4886 490 4950 περὶ
555 4885 657 4930 τοῦ
721 4877 845 4930 Tim)
893 4885 1084 4947 γνῶσιν
1143 4875 1524 4943 ὼσημανθῆναι
1589 4882 1705 4937 ταῖς

127 4957 296 5032 ’ᾇυχαῐς
317 4973 412 5018 τῶν
441 4969 730 5040 μαθητῶν
763 4963 874 5017 εἶτα
899 4971 987 5016 καὶ
1013 4968 1078 5017 τὰ
1116 4968 1232 5039 περὶ
1252 4972 1340 5016 τοῦ
1371 4965 1518 5035 ἁγίου
1553 4965 1705 5016 ΙΙνεύ-

121 5068 256 5118 ματος
285 5056 456 5117 αὐτοῖς
481 5054 952 5126 ἀποκαλυφθῆναι.

179 5148 220 5183 ⁵⁸
244 5151 406 5210 Joan.
439 5169 570 5221 xvr,
609 5153 702 5210 15.
817 5154 866 5188 ⁸ο
898 5154 1030 5208 Luc.
1062 5168 1121 5217 x,
1149 5151 1237 5206 22.

1817 4443 2144 4499 increatum
2178 4453 2296 4494 non
2329 4433 2788 4506 comprehendit.

1887 4695 2145 4764 thuam
2161 4688 2239 4745 ob
2255 4702 2502 4742 causam
2521 4684 2592 4740 de
2618 4683 2731 4740 hoc
2749 4683 2927 4739 etiam
2951 4680 3328 4737 manifestius
3350 4695 3470 4737 non

1815 4788 1897 4837 est
1939 4781 2167 4836 locutus
2197 4777 2224 4831 ‘t
2252 4776 2400 4841 Quia
2449 4775 2712 4830 nondum
2771 4779 3006 4843 tempus
3037 4775 3162 4826 erat
3206 4775 3267 4824 ut
3298 4770 3370 4825 de
3402 4785 3472 4824 eo

1814 4873 2070 4928 doceret.
2123 4867 2384 4922 Primum
2417 4863 2710 4935 siquidem
2755 4860 3062 4933 oportebat
3111 4858 3239 4913 Filii
3271 4858 3474 4927 cogni-

1813 4961 2034 5017 tionem
2067 4955 2366 5013 mentibus
2411 4952 2843 5024 discipulorum
2888 4947 3181 5004 insinuari
3216 4964 3228 5002 :
3264 4947 3472 5002 deinde

1813 5051 1990 5108 etiam
2019 5048 2132 5104 illis
2162 5063 2232 5102 ea
2277 5043 2544 5106 revelari,
2594 5057 2728 5113 quae
2779 5044 2916 5095 sunt
2976 5038 3226 5109 Spiritus
3284 5039 3476 5093 sancti

1320 5248 1546 5318 Variae
1576 5250 1901 5320 lectiones
1939 5255 2004 5314 et
2033 5256 2234 5312 notae.

177 5397 281 5542 $56;
297 5403 568 5468 τουτέστι,
602 5393 828 5454 omittit
861 5395 928 5450 A.
1049 5465 1060 5477 _
1406 5465 1415 5477 ι
1670 5465 1682 5477 ⁹

195 5468 258 5524 35
311 5467 614 5542 ut,un
635 5466 961 5523 Hentenius
988 5468 1164 5523 etiam
1179 5465 1682 5538 agnoscit,addidi

195 5465 281 5542 35)
311 5465 614 5544 ut,quod
635 5466 961 5523 Hentenius
988 5465 1164 5523 etiam
1179 5465 1464 5538 agnoscit,
1481 5465 1706 5523 addidi.

378 5571 647 5625 Pnaon.
730 5563 991 5621 CXXIX.

1891 5389 2004 5464 (56)
2029 5386 2524 5465 l_nc_l_usa‘uterque
2547 5379 2732 5437 codex
2754 5377 2814 5435 in
2833 5376 3102 5448 margine
3123 5373 3321 5432 habet.
3345 5375 3473 5430 Non

1820 5457 2083 5536 agnoscit
2116 5457 2463 5517 Hentenius.

3078 5546 3146 5598 12
