3906 6202
338 220 441 275 363

1632 205 1989 266 EUTHYMII
2030 200 2354 257 ZIGABENI

3582 201 3691 260 364

408 343 575 401 Vers.
605 341 693 397 28.
736 339 933 396 Venite
976 366 1046 378 —
1098 352 1219 392 vos.
1253 336 1363 402 Qui
1391 335 1677 392 laboratis
1726 335 1788 390 in
1812 346 1979 405 Opere

2164 334 2313 379 Δεῦτε
2354 358 2402 367 —-
2456 330 2606 398 ὑμᾶς.
2650 328 2715 379 Oi
2752 337 3031 391 κοπιῶντες
3066 329 3135 390 εἰς
3172 332 3267 387 τὴν
3308 327 3552 401 ἐργασίαν
3592 338 3689 390 τῆς

337 431 582 503 peccati,
616 434 672 485 et
697 428 827 499 ejus
868 426 1132 499 pondere
1172 424 1397 481 onerati
1427 426 1586 480 estis.
1620 423 1791 479 Vides
1840 435 1986 493 quo-

339 520 525 576 modo
556 514 877 573 ostenderit
927 518 1263 585 peccatum,
1290 517 1347 568 et
1376 512 1643 568 laborem
1672 516 1727 567 et
1752 509 1985 581 pondus

337 607 560 665 habere
572 608 599 664 ?
616 609 761 661 Nam
776 602 1044 659 laborem
1057 601 1241 657 habet
1252 601 1602 673 priusquam
1617 597 1954 672 perﬁciatur
1971 617 1982 660 ;

336 695 519 753 habet
543 693 781 766 pondus
808 695 1124 764 postquam
1153 688 1481 761 perfectum
1510 692 1622 744 est.

412 788 603 839 Potest
658 786 858 838 autem
893 784 948 835 et
977 778 1093 834 alio
1125 777 1307 833 modo
1348 777 1468 833 dici
1500 794 1511 832 :
1548 775 1658 842 Qui
1700 774 1986 831 laboratis

338 872 417 930 ad
469 886 647 936 vana,
689 874 746 925 et
793 869 1009 924 horum
1058 866 1216 921 curis
1273 866 1496 921 onerati
1545 864 1703 920 estis.
1764 866 1829 919 Et
1876 876 1987 931 ego

337 958 683 1017 refocillabo
732 973 867 1022 vos,
899 956 1021 1011 sive
1071 954 1338 1011 liberabo
1385 953 1485 1011 tali
1514 953 1741 1022 labore,
1770 951 1987 1023 talique

340 1049 627 1121 pondere.

413 1224 581 1280 Vers.
605 1222 692 1277 29.
734 1220 946 1277 Tollite
967 1250 1033 1262 —
1055 1233 1174 1276 vos.
1202 1220 1423 1290 Jugum
1448 1216 1781 1274 nominavit
1810 1232 1989 1272 evan-

342 1312 532 1384 gelica
562 1315 865 1382 praecepta
896 1323 1025 1373 sua,
1058 1308 1218 1377 quod
1244 1308 1307 1362 in
1332 1307 1463 1379 jugi
1493 1305 1745 1362 modum
1786 1320 1988 1375 super-

339 1403 639 1472 ponantur
696 1395 1113 1453 accedentibus
1142 1394 1220 1450 ad
1248 1411 1321 1451 ea
1352 1414 1364 1450 :
1400 1399 1457 1450 et
1494 1395 1659 1466 ipsos
1709 1392 1989 1462 colligent

340 1487 421 1545 ad
450 1502 511 1542 se
539 1485 819 1551 invicem,
848 1488 903 1539 et
933 1483 1013 1539 ad
1051 1483 1316 1553 aurigam
1348 1482 1664 1539 Christum.

412 1578 573 1630 Vers.
628 1577 722 1631 29.
776 1574 857 1627 Et
886 1603 955 1611 —
984 1572 1184 1627 corde.
1232 1572 1531 1627 Mititatem
1568 1570 1667 1627 hic
1693 1570 1834 1625 dicit
1862 1584 1987 1625 mo-

2093 414 2374 489 ἁμαρτίας,
2406 420 2494 467 καὶ
2523 420 2921 490 πεφορτισμένοι
2951 426 3021 488 τῷ
3068 416 3221 492 βάρει
3246 420 3456 479 ταύτης.
3507 417 3688 491 Ὁρᾷς,

2095 502 2231 564 ὅπως
2271 499 2431 565 ἔδειξε
2460 508 2551 561 τήν
2583 504 2839 579 ἁμαρτίαν
2879 511 2968 557 καὶ
3004 511 3158 558 κόπον
3198 511 3285 558 καὶ
3319 504 3481 579 βάρος
3528 508 3688 578 ἓχουυ

2098 610 2191 642 σαν
2225 608 2237 656 ;
2272 591 2426 662 Ἔχει
2454 594 2572 665 γὰρ,
2611 595 2725 663 ἔχει
2755 598 2913 646 κόπον
2937 598 3047 667 μεν,
3088 598 3187 668 πρὸ
3227 602 3317 646 τοῦ
3350 593 3692 653 ἀποτελεσθῆο

2095 697 2196 731 ναι*
2232 678 2395 752 βάρος
2428 677 2507 746 δι,
2539 683 2669 750 μετὰ
2690 688 2862 736 τοῦτο.

2168 771 2383 838 Λέγοιτο
2415 765 2466 820 δ’
2506 768 2565 819 ἄν
2592 773 2681 821 καὶ
2713 768 2915 845 ἑτέρως,
2957 771 3035 821 ὅτι
3061 774 3149 822 καὶ
3180 770 3292 843 (57)
3330 773 3378 823 οἱ
3412 779 3692 834 κοπιῶντες

2098 856 2163 915 εἰς
2221 859 2286 907 τά
2337 858 2553 927 μάταια,
2628 861 2717 908 καὶ
2768 862 3163 932 πεφορτισμένοι
3233 864 3348 920 ταῖς
3416 864 3693 932 μερίμναις

2095 947 2308 997 τούτων.
2390 943 2554 1015 Κάγώ
2630 944 2914 998 ἀναπαύσω
2996 947 3153 1018 ἡμᾶς,
3230 950 3412 1018 ἧγουν,
3493 948 3691 1001 ἐλευθε-

2094 1038 2249 1105 ρώσω
2304 1036 2393 1085 καὶ
2466 1040 2554 1086 τοῦ
2611 1037 2847 1087 τοιούτου
2909 1039 3071 1087 κόπου
3146 1040 3237 1088 καὶ
3302 1043 3393 1088 τοῦ
3456 1040 3691 1089 τοιούτου

2098 1121 2317 1195 βάρους.

2164 1209 2356 1283 ’Δρατε
2384 1240 2452 1250 —
2505 1211 2657 1282 ὑμᾶς.
2716 1213 2883 1282 Ζυγόν
2924 1211 3181 1284 ὠνόμασε,
3231 1214 3325 1275 τὰς
3356 1212 3693 1286 εὐαγγελικάς

2096 1296 2293 1360 ἄντολάς
2316 1298 2495 1367 αὐτοῦ,
2527 1296 2621 1351 διὰ
2648 1302 2704 1351 τὸ
2726 1297 3019 1353 ἐπικεῖσθαι
3032 1305 3220 1376 τρόπον
3261 1301 3421 1373 ζυγοῦ
3446 1310 3555 1362 τοῖς
3576 1302 3692 1374 (58)

2094 1387 2469 1461 ὑπερχομένοις
2486 1386 2662 1455 αὐτὰς,
2694 1392 2783 1440 καὶ
2815 1384 3023 1441 συνδεῖν
3045 1389 3231 1452 αὐτοὺς
3256 1389 3491 1452 ἀλλήλοις
3527 1409 3582 1443 τε
3602 1396 3689 1443 καὶ

2095 1481 2167 1545 τῷ
2198 1474 2407 1549 ἐλατῆρι
2430 1483 2666 1549 Χριστῷ.

2168 1567 2268 1615 Καὶ
2312 1593 2383 1605 —
2438 1560 2653 1637 καρδίᾳ.
2723 1567 3001 1638 Πραότητα
3074 1572 3181 1632 νῦν,
3231 1569 3323 1625 τὴν
3381 1572 3690 1619 ταπείνωσιν

338 1663 596 1721 destiam
621 1678 635 1716 :
658 1678 796 1733 pars
813 1659 1107 1733 siquidem
1134 1659 1436 1716 modestia;
1463 1663 1550 1715 est
1572 1660 1812 1715 mititas.
1848 1658 1979 1714 ldeo

2113 1655 2248 1722 tiyu‘
2277 1655 2431 1725 μέρος
2465 1654 2567 1727 γὰρ
2618 1660 2711 1715 τῆς
2767 1659 3139 1723 ταπεινώσεως,
3200 1656 3227 1712 ἡ
3289 1659 3543 1728 πραότης·
3605 1653 3688 1708 διὸ

337 1757 649 1825 postquam
706 1749 848 1805 dixit
894 1768 907 1808 :
959 1748 1119 1817 Quod
1174 1750 1330 1803 milis
1381 1748 1507 1813 sim,
1574 1748 1987 1819 interpretatur

339 1840 507 1912 quod
535 1839 680 1894 dixit
713 1854 726 1903 ;
757 1843 813 1893 et
864 1836 995 1893 vide
1024 1837 1171 1908 quid
1214 1836 1415 1893 addat.
1460 1839 1659 1908 Neque
1702 1836 1861 1892 enim
1901 1835 1987 1891 di-

336 1929 422 1984 xit
448 1942 461 1983 :
494 1927 740 1982 Humilis
756 1931 1002 1992 tantum,
1027 1925 1132 1981 sed
1158 1925 1394 1981 humilis
1415 1926 1602 1995 corde,
1626 1926 1741 1981 hoc
1771 1929 1858 1980 est
1881 1924 1987 1980 hu-

340 2015 495 2070 milis
524 2015 725 2069 animo
754 2019 811 2069 et
837 2012 1137 2068 electione.
1172 2013 1479 2068 Humilitas
1507 2029 1773 2085 namque
1799 2013 1876 2069 ab
1901 2014 1987 2069 in-

338 2102 593 2159 fortunio
632 2101 982 2172 procedens,
1035 2100 1403 2157 infructuosa
1455 2106 1561 2167 est,
1613 2107 1809 2171 utpote
1838 2101 1987 2156 levis

341 2189 804 2247 etinvoluntaria
823 2206 836 2255 ;
862 2192 1145 2260 praeterea
1164 2190 1234 2260 (e)
1250 2188 1642 2245 humilitatem
1661 2189 1745 2244 eis
1774 2188 1982 2255 attulit,

341 2284 628 2351 tauquam
658 2279 855 2335 omnis
883 2277 1145 2334 radicem
1198 2278 1454 2334 virtutis.
1513 2277 1789 2349 Seipsum
1843 2278 1983 2333 item

340 2367 395 2421 in
419 2367 763 2438 exemplum
794 2364 1116 2431 constituit,
1145 2370 1206 2421 ut
1236 2364 1469 2421 facilius
1501 2381 1697 2421 sermo
1729 2366 1985 2436 suscipe-

339 2461 515 2512 retur.

410 2544 575 2599 Vers.
615 2548 701 2600 29.
718 2544 797 2599 Et
816 2542 1122 2600 —vestris.
1152 2541 1465 2599 Humilitas
1486 2542 1563 2613 (Ι)
1586 2542 1745 2597 enim
1769 2541 1984 2608 cordis,

340 2646 717 2705 quaecunque
772 2632 1011 2703 patitur,
1074 2631 1251 2687 verbo
1309 2629 1502 2686 solum
1567 2630 1684 2701 pati
1737 2630 1983 2694 videtur,

339 2736 533 2793 neque
571 2721 861 2777 turbatur.
890 2720 1144 2785 Quidam
1175 2735 1316 2776 vero
1347 2718 1654 2791 Requicm,
1690 2734 1824 2774 eam
1850 2735 1987 2791 quas

341 2815 564 2866 aeterna
593 2814 679 2865 est
700 2809 1179 2881 interpretantur.

411 2900 568 2953 Vers.
603 2901 687 2953 30.
720 2896 932 2967 Iugum
962 2896 1113 2952 enim
1169 2925 1239 2936 ——
1290 2895 1423 2951 leve.
1474 2896 1694 2967 Jugum
1745 2910 1987 2968 quoque

338 2986 573 3042 vocavit
598 3000 751 3040 onus
781 3001 793 3050 ;
830 2984 935 3040 sed
955 2985 1170 3054 jugum
1200 2983 1449 3055 quidem
1493 2988 1735 3056 propter
1764 2984 1987 3040 dictam
2021 3012 2060 3069 ρ

341 3088 585 3129 causam
618 3090 632 3139 ;
663 3088 817 3128 onus
862 3077 1078 3138 autem,
1109 3088 1179 3128 eo
1201 3072 1360 3144 quod
1387 3087 1567 3141 grave
1605 3074 1677 3128 sit
1708 3072 1986 3128 inexercio

342 3164 494 3218 tatis.
539 3161 675 3216 Vide
733 3175 874 3230 ergo
932 3161 1240 3232 quomodo
1288 3165 1347 3217 et
1379 3161 1596 3231 jugum
1644 3162 1875 3229 dixerit,
1936 3166 1992 3217 et

342 3265 524 3306 suave
555 3250 864 3317 vocaverit,
897 3265 1051 3306 onus
1081 3266 1322 3322 quoque
1366 3249 1596 3317 dixerit,
1629 3254 1685 3306 et
1730 3250 1857 3305 leve
1889 3266 1992 3321 ap-

342 3338 664 3412 pellaverit,
698 3343 761 3394 ut
788 3354 983 3411 neque
1022 3339 1320 3410 despicias
1350 3339 1523 3409 quasi
1556 3337 1767 3404 facilia,
1801 3355 1990 3410 neque

339 3428 534 3499 fugias
562 3433 849 3499 tanquam
871 3427 1203 3483 laboriosa.
1229 3428 1436 3491 Quaere
1458 3432 1659 3481 autem
1688 3427 1750 3480 in
1780 3428 1990 3497 quinto

342 3515 535 3586 capite
592 3514 1141 3584 interpretationem
1186 3514 1316 3583 ejus
1359 3514 1403 3548 δι
1452 3513 1617 3585 quod
1670 3512 1878 3569 dicitur
1916 3515 1990 3570 de

345 3606 604 3671 angusta
632 3605 805 3672 porta
835 3607 888 3657 et
916 3601 1106 3657 stricta
1143 3601 1239 3657 via
1260 3617 1394 3673 quae
1426 3600 1585 3657 ducit
1611 3602 1687 3657 ad
1719 3602 1917 3658 vitam.

414 3776 560 3847 Cap.
599 3774 709 3840 XII,
742 3789 898 3830 vers.
951 3776 1007 3831 1.
1048 3774 1119 3831 In
1146 3776 1249 3832 illo
1300 3807 1362 3816 —
1414 3787 1647 3849 segetes.
1692 3778 1986 3849 Sabbatis,

340 3862 453 3919 hoc
490 3867 594 3930 est,
627 3863 723 3919 die
745 3862 1008 3919 Sabbati.
1039 3864 1290 3934 Segeles,
1324 3864 1439 3920 hoc
1469 3871 1577 3938 est,
1610 3883 1784 3939 agros
1820 3869 1991 3925 semi-

344 3958 512 4010 natos
537 3952 870 4009 frumentis.

416 4044 577 4097 Vers.
632 4045 691 4099 1.
727 4040 1015 4110 Discipuli
1032 4058 1159 4097 vero
1188 4073 1258 4082 —
1285 4042 1588 4100 comedere.
1620 4047 1846 4101 Marcus
1886 4064 1986 4104 au-

343 4136 463 4188 tem
493 4130 675 4186 dixit:
715 4132 1030 4199 Caeperunt
1058 4131 1336 4202 discipuli
1359 4135 1483 4202 ejus
1510 4134 1666 4191 inter
1694 4135 1992 4193 ambulan-

342 4222 484 4276 dum
510 4222 724 4277 vellere
749 4219 935 4291 spicas
967 4221 1014 4255 ⁸³
1042 4220 1190 4284 Quia
1229 4223 1383 4276 enim
1418 4239 1522 4293 per
1566 4224 1794 4280 medias
1827 4240 1989 4295 sege-

2094 1745 2183 1792 καὶ
2239 1740 2411 1808 εἰπὼν,
2492 1742 2570 1793 ὅτι
2643 1746 2809 1814 Πρᾶός
2895 1742 3023 1814 εἰμι,
3103 1741 3487 1816 ἐρηρμὴνευσεν
3570 1744 3684 1818 ὅπερ

2096 1826 2220 1895 εἶπε,
2272 1835 2360 1880 καί
2410 1835 2591 1882 σκόπει
2629 1834 2722 1888 τὴν
2752 1833 3079 1905 προσθήκην.
3116 1830 3191 1884 Οὐ
3246 1834 3348 1903 γὰρ
3405 1829 3561 1897 εἶπεν,
3614 1834 3694 1885 ὃτι

2094 1924 2333 1980 ταπεινὸς
2362 1924 2538 1991 μόνον,
2578 1919 2687 1972 ἀλλ’
2745 1922 2825 1972 ὃτι
2885 1923 3121 1983 ταπεινὸς
3161 1928 3222 1993 τῇ
3279 1918 3497 1995 καρδίᾳ,
3543 1942 3695 1975 τουτο

2096 2007 2230 2074 ἔστι,
2314 2010 2552 2069 ταπεινὸς
2630 2015 2692 2081 τῇ
2767 2007 2921 2081 ψυχῇ
2980 2013 3299 2084 προαιρέσει·
3358 2010 3416 2063 Ἠ
3478 2014 3583 2085 γὰρ
3643 2009 3696 2063 ἐκ

2096 2097 2444 2170 περιστάσεως
2504 2102 2810 2158 ταπείνωσις
2866 2099 3121 2170 ἄκαρπος,
3171 2101 3240 2161 ὡς
3282 2097 3586 2161 ἐπιπόλαιος
3645 2119 3695 2152 τε

2094 2189 2183 2236 καὶ
2235 2183 2593 2259 ἀπροαίρετος.
2651 2189 2755 2244 Τὴν
2813 2191 3119 2239 ταπείνωσιν
3177 2184 3235 2239 δε
3296 2188 3449 2240 πάλιν
3516 2188 3697 2248 αὐτοῖς

2094 2277 2396 2347 προέτεινεν,
2445 2275 2510 2333 ὡς
2551 2273 2704 2347 ῥίζαν
2759 2272 2966 2335 ἁπάσης
3018 2274 3222 2349 ἀρετῆς·
3265 2275 3445 2328 ἑαυτὸν
3486 2272 3548 2329 δι
3595 2297 3697 2329 πα-

2093 2358 2357 2435 ράδειγμα
2404 2362 2515 2434 (59)
2565 2366 2952 2436 προεστήσατο,
3000 2372 3159 2416 ποιῶν
3193 2361 3580 2439 ὠπαράδεκτον
3609 2370 3696 2419 τὸν

2095 2449 2271 2520 λόγον.

2174 2543 2273 2591 Καί
2305 2569 2371 2578 -
2397 2539 2554 2611 ὑμῶν.
2603 2539 2660 2593 Ὀ
2702 2541 2803 2614 γὰρ
2838 2542 3094 2608 ταπεινὸς,
3126 2542 3293 2593 πάντα
3327 2543 3429 2594 ὅσα
3466 2544 3697 2614 πάσχει,

2096 2630 2229 2679 κατά
2278 2627 2425 2697 λόγον
2465 2628 2694 2697 πάσχειν
2743 2624 2931 2693 δοκῶν,
2966 2628 3024 2679 οὗ
3065 2631 3403 2702 ταράσσεται.
3461 2635 3606 2692 Τινὲς
3640 2628 3699 2684 δε

2099 2715 2410 2786 ἀνάπαυσιν,
2442 2718 2536 2773 τήν
2571 2714 2773 2768 αἰώνιον
2805 2716 3191 2789 ἑρμηνεύουσιν.

2168 2892 2226 2945 Ὀ
2278 2894 2378 2966 γὰρ
2431 2892 2589 2963 ξῦγὸς
2640 2923 2709 2931 -
2761 2892 2973 2967 ἐλαφρόν
3020 2891 3151 2946 ἔστι.
3187 2897 3285 2946 Τὸν
3335 2898 3514 2967 ζυγὸν,
3570 2896 3699 2949 ἐχά-

2098 2981 2212 3033 λεσε
2242 2985 2330 3033 καὶ
2382 2984 2605 3055 φορτίον·
2667 2978 2794 3031 ἀλλά
2844 2983 3001 3053 ζυγὸν
3058 2984 3167 3049 μεν,
3214 2978 3306 3035 διὰ
3366 2986 3461 3040 τὴν
3510 2984 3699 3057 ῥηθεῖ..

2104 3090 2197 3122 σαν
2229 3069 2419 3121 αἰτίαν
2464 3072 2668 3143 φορτίον
2714 3064 2793 3135 δε,
2836 3065 2930 3121 διὰ
2984 3073 3044 3122 τὸ
3107 3069 3286 3144 βαρεῖν
3332 3075 3462 3145 πρὸς
3515 3078 3697 3147 καιρὸν

2100 3162 2215 3218 τοὺς
2282 3157 2663 3228 ἀγυμνάστους.
2721 3156 2857 3230 Ὀρα
2921 3154 3001 3226 δε,
3066 3168 3173 3219 πῶς
3227 3165 3316 3212 καὶ
3358 3160 3520 3232 ζυγὸν
3588 3158 3699 3215 εἷπε

2100 3251 2189 3298 καὶ
2232 3249 2468 3317 χτηστὸν
2521 3244 2746 3310 ἐκάλεσε,
2803 3250 2893 3297 καὶ
2950 3252 3155 3319 φορτίον
3207 3250 3398 3321 εἴρηκε,
3455 3254 3547 3302 καὶ
3586 3249 3699 3302 ἕλοιο

2102 3338 2224 3407 φρὸν
2282 3338 2720 3409 προσηγόρευσεν·
2778 3335 2859 3385 ἵνα
2933 3340 3066 3407 μήτε
3116 3339 3179 3396 ὡς
3254 3337 3472 3389 εὐχύλων
3537 3358 3700 3391 κατα-

2102 3428 2381 3495 φρονήσῃς,
2412 3426 2545 3495 μήτε
2592 3425 2658 3484 ὡς
2688 3420 2906 3475 ἐπιπονα
2949 3426 3134 3496 φύγῃς.
3196 3431 3348 3482 Ζήτει
3402 3423 3462 3479 δέ
3510 3432 3602 3479 καὶ
3627 3428 3700 3490 εἰς

2100 3516 2158 3563 τὸ
2202 3515 2431 3583 πέμπτον
2500 3510 2795 3584 κεφάλαιον,
2847 3515 2941 3570 τὴν
2990 3512 3243 3583 ἐξήγησιν
3298 3521 3411 3583 τοῦ,
3472 3516 3587 3587 (60)
3635 3521 3699 3570 Ti

2104 3605 2252 3659 στενὴ
2281 3602 2310 3658 ἡ
2340 3600 2474 3658 πύλη
2506 3604 2595 3652 καὶ
2617 3600 2923 3672 τεθλιμμένη
2955 3602 2983 3658 ᾖ
3012 3598 3131 3662 ὁδὸς
3158 3603 3187 3661 ἠ
3215 3600 3496 3674 ἀπάγουσα
3518 3603 3698 3666 είςτήν

2102 3690 2260 3750 ζωήν.

2174 3777 2256 3829 Ἐν
2290 3806 2355 3818 -
2400 3781 2687 3852 σπορίμων.
2732 3807 2797 3819 -
2834 3783 2955 3840 Τοῖς
2985 3776 3264 3845 Σάϐϐασιν,
3300 3778 3415 3833 ἀττὶ
3452 3789 3565 3852 τοῦ,
3617 3782 3701 3838 Ἐν

2100 3867 2269 3939 ἡμέρᾳ
2318 3865 2614 3934 Σαϐϐάτων,
2659 3870 2950 3933 τουτέστιν,
2990 3865 3038 3919 ἐν
3068 3866 3334 3939 Σαϐϐάτῳ·
3369 3875 3611 3945 σπόριμα
3642 3869 3703 3925 δε

2099 3955 2249 4027 λέγει,
2282 3958 2346 4007 τά
2373 3951 2482 4026 γήδ
2488 3975 2559 4021 ια,
2591 3957 2655 4007 τά
2683 3954 2824 4012 λήῑα.

2172 4048 2237 4097 Οἱ
2281 4040 2340 4097 δὲ
2391 4046 2626 4117 μαθηταὶ
2680 4074 2751 4085 —
2790 4042 2998 4098 ἐσθίειν.
3054 4043 3113 4097 ’0
3172 4040 3230 4098 δε
3268 4048 3483 4120 Μάριος
3533 4045 3701 4107 εἶπεν.

2099 4137 2177 4188 ὃτι
2241 4138 2330 4187 καὶ
2389 4133 2641 4205 Ἤρξαντο
2707 4133 2756 4185 οἱ
2818 4134 3053 4205 μαθηταὶ
3121 4133 3279 4186 αὑτοῦ
3332 4130 3457 4188 ὁδὸν
3508 4146 3702 4205 ποιεῖν,

2099 4224 2349 4285 τίλλοντες
2394 4226 2511 4282 τοὺς
2548 4223 2802 4293 στάχνας.
2864 4221 3001 4275 Ἐπεὶ
3049 4224 3148 4296 γὰρ
3206 4228 3362 4295 μέσον
3421 4225 3537 4296 (6t)
3601 4237 3707 4281 τῶν

342 4316 429 4367 tes
456 4310 810 4377 transibant,
845 4324 966 4363 una
1010 4309 1205 4379 spicas
1244 4310 1580 4367 evellebant
1609 4318 1668 4368 ut
1699 4315 1979 4384 praegredi

2113 4316 2367 4385 σπορίμων
2415 4308 2723 4383 διήρχοντο,
2795 4310 2907 4382 ἅμα
2974 4314 3064 4383 μὶν
3122 4309 3354 4364 ἀνέσπων
3400 4318 3521 4375 τοὺς
3580 4319 3709 4370 ani-

340 4404 606 4471 possent,
631 4403 685 4453 et
701 4398 914 4454 avulsa
932 4412 1122 4466 grana
1148 4398 1419 4465 edebant,
1442 4400 1835 4457 conlricantes
1866 4418 1991 4459 ma-

341 4488 541 4558 nibus,
573 4488 723 4543 sicut
760 4488 903 4542 dixit
929 4486 1113 4543 Lucas
1146 4487 1212 4554 ⁶³,
1254 4488 1366 4543 hoc
1397 4496 1499 4555 est,
1530 4497 1778 4547 terentes
1803 4506 1817 4559 ;
1846 4507 1987 4548 nam

414 4664 456 4699 ⁶¹
487 4661 684 4720 Matth.
716 4679 815 4729 vn,
851 4664 931 4719 14.
1048 4667 1092 4702 ⁸³
1124 4667 1297 4722 Marc.
1326 4682 1383 4733 ιι,
1430 4667 1516 4722 23.

1634 4669 1681 4705 ⁸³
1712 4668 1850 4727 Luc.
1882 4685 1956 4736 v1,
1990 4670 2043 4726 1.

2098 4422 2259 4475 χυας,
2310 4402 2392 4453 ἱνα
2463 4399 2756 4472 προϐαίνειν
2811 4401 2999 4470 ἔχοιεν
3052 4399 3162 4472 οἶμα
3215 4396 3273 4453 δὲ
3339 4404 3526 4460 ἤσθιον
3580 4410 3711 4468 τοὺς

2102 4491 2521 4562 ἀνασπωμένους,
2570 4488 2840 4560 ψώχοντες
2893 4494 3007 4549 ταῖς
3049 4493 3258 4561 χερσὶν,
3305 4492 3374 4554 ὡς
3428 4493 3455 4543 ό
3490 4498 3713 4557 Λουκᾶς

1538 4846 1762 4914 Variae
1807 4847 2135 4916 lectiones
2181 4856 2245 4914 et
2285 4855 2486 4915 notae.

413 5037 528 5107 (57)
560 5040 667 5101 καί,
702 5036 871 5092 abest
901 5039 966 5092 Α.

410 5110 520 5179 (58)
552 5108 995 5188 decedentibus,
1015 5108 1360 5188 Ilentenius.
1386 5109 1553 5167 Forte
1578 5112 1734 5184 legit,
1770 5112 1985 5188 ἇπερχο-

337 5179 525 5253 μένοις.
570 5181 814 5253 Rectius,
848 5181 1309 5237 succedentibus.

408 5252 519 5323 (59)
546 5251 712 5317 Quod
734 5253 959 5323 primus
976 5254 1148 5308 talem
1164 5269 1223 5309 se
1242 5252 1320 5309 ad
1337 5254 1675 5327 exemplum
1694 5255 1983 5317 exhibuit.

408 5402 476 5475 (ρ)
508 5403 820 5461 Prwlerea.
855 5405 963 5459 etc.
992 5400 1220 5475 Rursus
1252 5409 1449 5463 autem
1479 5407 1865 5467 humilitatem
1897 5409 1984 5467 eis

333 5474 660 5549 preposuit,
697 5474 1163 5533 commendant.

2095 5042 2279 5117 Igitur
2306 5046 2532 5117 προεστῂ
2543 5058 2689 5117 σατο,
2718 5053 2841 5095 non
2879 5043 3262 5117 πψεσιήσατο.

2166 5114 2278 5186 (60)
2309 5110 2455 5184 Ergo
2511 5111 2607 5167 hic
2649 5125 2895 5185 quoque
2923 5110 3327 5182 comprobant
3378 5112 3719 5175 lectionem

2092 5190 2156 5254 τί,
2195 5201 2302 5254 pro
2334 5188 2432 5237 ὅτι.

2162 5201 2470 5329 (ἕῦομέἷζν
2494 5254 2724 5311 videtur
2752 5252 2966 5324 legisse
3006 5251 3360 5313 Hentenius.

2164 5406 2233 5478 (ί)
2266 5405 2740 5481 Humilitas,etc._
2775 5401 3020 5481 Humilis
3044 5403 3718 5481 enim(corde)omnia,

2091 5475 2222 5552 quae
2254 5481 2484 5551 patitur,
2519 5476 2851 5535 secundum
2878 5475 3170 5534 rationem
3209 5475 3335 5548 pati
3373 5475 3720 5541 existimat;
