3906 6202
215 208 282 271 365
1087 199 1441 263 COMMENT.
1483 203 1552 258 IN
1591 204 1691 261 MA

1860 209 2027 266 EUM.
2068 243 2135 252 —
2167 213 2323 270 CAP.
2355 213 2475 268 XX.

3347 211 3453 272 366

210 342 353 410 εἴρηκεν,
395 336 415 386 ὃ
453 332 575 402 ἔστι,
628 331 907 407 τρίϐοντες.
969 332 1209 385 Ἐπείνων
1253 332 1377 405 γὰρ,
1429 329 1513 381 οἶα
1559 329 1691 402 λιμῶ

1860 336 2168 400 ιυτίθὺεωι,
2189 341 2477 409 tanquam
2502 337 2658 394 fame
2676 337 2964 410 compulsi
2993 338 3107 394 hoc
3128 337 3410 396 facientes
3436 356 3448 393 :

211 430 406 498 μαχόμενοι
432 439 442 452 ’
473 421 684 496 βραχέα
709 425 800 493 μὲν
839 424 939 494 γὰρ
971 429 1060 473 τοῦ
1092 425 1327 492 σώματος
1355 418 1652 494 ἐφρόντιζον
1677 442 1689 453 ·

203 519 242 566 τό
274 519 343 564 πᾶν
369 508 413 563 δε
444 519 499 583 τῇ
535 509 783 583 ἀκροάσει
813 515 902 562 καὶ
930 506 1248 582 προσεδρείᾳ
1293 507 1403 579 (62)
1451 516 1540 560 τοῦ
1589 516 1692 561 Σω-

201 610 305 674 τῆρος
324 603 472 670 ἔνεμον,
500 603 587 651 καὶ
619 595 713 651 διὰ
742 606 892 651 τοῦτο
921 598 1214 671 ἐλίμωττον.

241 692 286 741 Οὶ
335 685 380 740 δὲ
437 693 708 759 Φαρισαῖοι
767 719 831 728 —
897 686 1157 757 Σαϐϐάτῳ.
1237 684 1295 738 Ὁ
1368 681 1428 738 δε
1491 692 1692 746 Λουκᾶς

188 797 298 848 φησιν
340 779 401 828 ὅτι
443 783 543 836 τοῖς
597 777 858 847 μαθηταῖς
913 772 1055 827 οὖτοι
1092 773 1232 826 εἶπον
1263 791 1276 804 ⁸
1319 778 1382 826 Τί
1436 781 1628 826 ποιεῖτε
1667 775 1692 826 ὃ

189 865 250 917 οὐκ
287 865 415 927 ἔξεστι
456 872 612 917 ποιεῖν
689 863 736 916 ἓν
794 872 902 926 τοίς
958 863 1231 930 Σαϐϐασι;
1296 866 1396 915 Καὶ
1445 864 1542 936 γὰρ
1601 865 1690 912 καὶ

188 958 314 1022 τούτῳ,
358 952 590 1015 κάκείνοις
644 961 812 1004 ταῦτα
863 949 1001 1006 εἶπον
1076 954 1124 1004 οἱ
1191 949 1529 1023 σμικρολογοι
1601 954 1691 1001 καὶ

186 1040 455 1115 μεμψίμοιροι.
508 1047 608 1096 Kul
662 1046 781 1114 περὶ
836 1040 1024 1093 ἐκείνου
1075 1043 1164 1112 μεν
1219 1043 1417 1114 εἴρηκεν
1470 1040 1495 1088 6
1549 1045 1690 1091 Ματ-

182 1132 310 1190 θεῖος·
357 1135 454 1204 περὶ
505 1133 701 1182 τούτων
763 1126 820 1182 δὲ
872 1131 898 1181 6
956 1135 1182 1189 Λουκᾶς.
1256 1131 1354 1181 Καὶ
1420 1125 1689 1196 πολλαχοῦ

180 1225 336 1272 τοιαῦτα
372 1218 604 1281 πολλάκις
668 1220 922 1291 εὑρήσεις.
975 1216 1306 1290 Ἐμὲμψαντο
1373 1212 1432 1267 δε
1482 1218 1539 1266 τὸ
1587 1213 1690 1265 τίλ-

175 1306 259 1378 λειν,
283 1311 332 1367 ὡς
355 1309 503 1380 ἔργον,
537 1307 597 1359 ού
629 1310 688 1360 τὸ
719 1305 932 1362 εσθίειν.

220 1483 260 1536 Ὀ
303 1481 352 1537 ἃ
399 1485 598 1548 Ἰησοῦς
653 1516 724 1526 -
781 1488 997 1557 μόνοις;
1051 1483 1132 1536 Ἐν
1186 1489 1247 1555 τῇ
1300 1486 1478 1556 πρώτη
1521 1477 1688 1552 βίϐλῳ

169 1580 237 1622 τῶν
279 1573 521 1626 Βασιλειῶν
593 1575 872 1648 ἱστόρηται
932 1574 1010 1624 ὅτι
1066 1567 1253 1640 Δαυὶδ,
1313 1569 1689 1629 ἐπιϐουλευθεὶς

1804 425 2097 496 siquidem
2129 426 2442 483 minimam
2473 427 2738 498 corporis
2768 443 2973 485 curam
3001 428 3308 497 gerebant,
3340 427 3448 484 sed

1802 513 1965 569 omni
1988 519 2257 587 tempore
2279 515 2487 571 auditu
2512 520 2568 571 et
2583 515 2933 572 assiduitate
2957 516 3281 574 Salvatoris
3302 516 3453 574 deti-

1802 602 2113 670 nebantur,
2147 609 2203 660 et
2233 603 2368 661 ideo
2400 604 2558 660 fame
2588 604 3033 676 premebantur.

1872 691 2032 747 Vers.
2065 692 2118 746 2.
2160 693 2446 748 Pharisaei
2464 698 2661 749 autem
2691 724 2760 736 --
2785 694 3055 750 Sabbato.
3093 695 3280 750 Lucas
3310 710 3450 752 vero

1801 778 1903 846 ait,
1926 781 2090 851 quod
2122 781 2204 836 ita
2234 781 2508 846 dixerint,
2533 781 2840 854 discipulis
2867 797 2879 835 :
2903 783 3053 849 Quid
3075 783 3273 852 facitis
3293 784 3453 854 quod

1799 884 1914 924 non
1944 869 2074 926 licet
2090 871 2297 938 facere
2316 869 2593 926 Sabbatis
2622 871 2670 906 ⁶⁴
2699 871 2728 924 ?
2749 870 3047 941 siquidem
3072 875 3129 926 et
3146 871 3372 928 Christo
3397 875 3453 928 et

1799 957 2106 1029 discipulis
2127 957 2254 1014 haec
2271 958 2569 1023 dixerunt,
2589 957 2764 1013 anxie
2778 959 2937 1015 circa
2963 960 3088 1014 min
3098 959 3263 1015 utula
3279 975 3452 1016 occu-

1798 1046 1940 1118 pati,
1974 1061 2043 1102 ac
2090 1046 2372 1117 carpendi
2424 1051 2758 1118 quaerentes
2810 1047 3194 1103 occasionem
3229 1061 3241 1101 :
3281 1052 3340 1103 et
3375 1047 3450 1103 de

1795 1127 2176 1204 hoc‘quidem
2217 1134 2364 1190 dixit
2397 1135 2724 1201 Matthaeus,
2747 1134 2822 1191 de
2861 1134 2973 1190 illis
3005 1139 3208 1190 autem
3236 1138 3447 1201 Lucas,

1797 1222 2059 1294 taliaque
2080 1222 2418 1294 frequenter
2439 1224 2724 1279 invenies.
2748 1223 3222 1295 Indignabantur
3251 1228 3451 1281 autem

1797 1311 1965 1384 quod
1993 1311 2290 1378 vellerent,
2323 1326 2394 1366 ac
2413 1311 2462 1367 si
2491 1327 2644 1383 opus
2671 1317 2845 1377 esset,
2877 1327 3001 1370 non
3023 1313 3181 1385 quod
3197 1312 3451 1369 mandu-

1797 1403 2022 1454 carent.

1868 1489 2028 1542 Vers.
2051 1487 2104 1541 3.
2156 1487 2319 1544 Iesus
2358 1493 2552 1544 autem
2589 1518 2659 1529 -—
2688 1503 2746 1546 v.
2785 1488 2838 1543 4.
2883 1487 3040 1545 solis.
3102 1487 3302 1544 Primo
3344 1490 3451 1545 Re-

1794 1591 1938 1648 gum
1968 1576 2271 1631 volumine
2290 1576 2574 1647 scriptum
2596 1583 2686 1631 est
2712 1578 2780 1642 δδ,
2811 1576 2976 1648 quod
3007 1576 3195 1632 David
3217 1575 3449 1632 insidiis

274 1662 424 1729 Σαοὺλ,
471 1669 567 1715 τοῦ
611 1658 753 1714 ἰδίου
803 1663 1066 1733 πενθεροῦ,
1117 1664 1207 1712 καὶ
1262 1662 1458 1730 φεύγων
1509 1657 1684 1723 αὐτὸν,

1860 1663 2092 1736 )petitus
2124 1664 2261 1721 Saul
2293 1664 2481 1720 soceri
2509 1663 2620 1731 sui,
2652 1680 2722 1720 ac
2738 1664 2994 1734 fugiens,
3021 1664 3226 1720 esuriit
3251 1681 3265 1731 ;
3287 1668 3343 1720 et
3363 1665 3450 1720 in-

165 1748 356 1813 ὶπείνασε,
405 1756 487 1804 καὶ
542 1751 776 1804 ἀπελθὼν
805 1750 875 1812 εἰς
915 1751 1125 1822 Νομμὰ,
1172 1748 1317 1801 πόλιν
1370 1756 1468 1799 τῶν
1519 1749 1686 1819 ἱερέων

168 1844 228 1888 τοῦ
257 1845 383 1906 Θεοῦ,
428 1844 852 1915 προσεποιήσατο
886 1841 1028 1913 παρὰ
1067 1837 1228 1890 Σαοὺλ
1275 1837 1385 1907 (63)
1434 1844 1525 1888 τοῦ
1580 1833 1686 1907 βα-

166 1931 295 1988 σιλέως
335 1926 684 1987 ἀποσταλῆναι
725 1932 850 2000 πρὸς
895 1933 1082 2002 χρείαν
1124 1927 1260 1996 τινὰ,
1299 1930 1390 1978 καὶ
1440 1923 1684 1986 ἐζήτησεν

162 2014 315 2084 ἀρτωςῖ
381 2023 462 2068 καὶ
509 2021 589 2089 μὴ
650 2018 809 2092 εὑρὼν
887 2016 1069 2077 ἄλλους
1125 2017 1262 2068 κατὰ
1337 2016 1423 2066 τὸν
1506 2017 1685 2086 καιρὸν

157 2100 312 2169 ἐκεῖνον,
361 2105 498 2159 ἔλαϐε
554 2109 701 2181 παρὰ
758 2113 848 2158 τοῦ
906 2108 1092 2180 ἱερέως,
1167 2101 1260 2156 διὰ
1310 2109 1404 2163 τὴν
1457 2103 1686 2175 ἀνάγκην

158 2199 222 2241 τοῦ
275 2193 424 2265 λιμοῦ,
480 2198 606 2258 τούς
667 2204 762 2257 τῆς
823 2197 1131 2268 προθέσεως.
1187 2194 1242 2246 Ἠ
1304 2190 1362 2246 δὲ
1417 2195 1684 2266 πρόθεσις,

155 2282 332 2352 τράπεζα
368 2284 425 2342 ἦν
472 2303 519 2335 εν
551 2290 627 2354 τῷ
684 2290 809 2352 ναῷ,
867 2281 938 2354 ἐφ’
996 2283 1058 2344 ἧς
1115 2285 1164 2335 οἱ
1189 2284 1340 2356 οἶρτοι
1375 2290 1466 2342 τῆς
1507 2283 1688 2342 θυσίας

154 2375 385 2438 προέκειντο
407 2391 419 2401 ·
470 2377 566 2426 καὶ
629 2371 800 2423 λαϐὼν
863 2374 1039 2443 ἔφαγεν
1104 2371 1259 2433 αὐτὸς
1312 2377 1401 2422 καὶ
1461 2374 1526 2423 τὰ
1577 2371 1690 2442 μετ’

153 2457 274 2509 αὑτοῦ
297 2457 564 2534 παιδάρια.
595 2461 655 2513 Ἠ
690 2461 782 2534 μὶν
811 2457 899 2512 οὖν
931 2461 1139 2534 ἱστορία
1166 2462 1401 2517 τοιαύτη.

201 2551 254 2598 Τὸ
293 2545 360 2614 δι,
415 2550 524 2602 Οὐκ
585 2547 693 2612 ἐξὸν
746 2545 828 2616 ἦν,
887 2547 998 2600 ἀντὶ
1050 2555 1165 2616 τοῦ,
1222 2547 1298 2600 Ού
1349 2566 1690 2620 συγκεχωρη-

151 2637 262 2702 μένον
302 2633 356 2694 ἦν
393 2641 535 2711 παρὰ
591 2644 685 2689 τοῦ
722 2642 899 2708 νόμου.
944 2639 1150 2694 Ταύτην
1210 2633 1268 2688 δὲ
1319 2641 1411 2694 τὴν
1459 2638 1688 2710 ἱστορίαν

151 2722 394 2794 προεϐάλετο
445 2735 554 2786 τοῖς
604 2729 907 2800 Φαρισαίοις
953 2727 979 2777 6
1031 2727 1275 2798 Χριστὸς,
1334 2727 1401 2784 εἱς
1469 2743 1690 2794 συνηγο-

145 2815 233 2880 ρίαν
268 2823 352 2865 τῶν
400 2817 652 2887 μαθητῶν
702 2815 880 2882 αὐτοῦ,
929 2812 1196 2878 δεικνύων,
1248 2815 1328 2866 ὅτι
1377 2818 1691 2885 συγγνώμης

142 2899 240 2950 εἰσιν
271 2903 412 2973 ἄξιοι,
444 2901 536 2956 διὰ
583 2907 671 2955 τὸν
717 2903 886 2974 λιμὸν,
945 2900 1015 2955 δι’
1048 2902 1100 2954 ὃν
1139 2908 1229 2954 καὶ
1268 2902 1422 2963 αὐτὸς
1451 2904 1476 2953 6
1507 2907 1689 2975 περιώο

1797 1766 2034 1825 gressus
2055 1753 2216 1808 Nobe
2237 1751 2937 1816 civitatemsacerdotum
2958 1753 3080 1817 Dei,
3101 1751 3272 1808 ﬁnxit
3287 1752 3448 1824 quod

1797 1841 2066 1913 quadam
2095 1840 2447 1896 necessitate
2489 1841 2716 1896 missus
2752 1856 2880 1896 esse
2907 1856 2944 1897 a
2979 1855 3118 1912 rege
3149 1840 3311 1910 Saul,
3343 1857 3449 1912 pa-

1797 1945 2023 2002 nesque
2048 1929 2270 2002 petivit,
2303 1943 2561 2000 cumque
2587 1944 2734 1984 casu
2762 1929 2908 1986 alios
2938 1944 3060 1985 non
3101 1929 3446 1985 invenisset.

1796 2018 2026 2089 accepit
2049 2033 2086 2074 a
2115 2017 2423 2073 sacerdote
2467 2015 2624 2072 fame
2652 2017 3001 2090 compulsus
3029 2016 3447 2090 propositionis

1796 2123 2006 2180 panes.
2048 2105 2376 2179 Propositio
2425 2109 2628 2163 autem
2659 2106 2781 2173 illa,
2812 2111 2938 2164 erat
2964 2121 3198 2170 mensa,
3270 2121 3450 2178 super

1795 2213 1983 2272 quam
2013 2211 2202 2270 panes
2244 2195 2567 2253 oblationis
2592 2196 2648 2252 in
2678 2195 2900 2268 templo
2939 2196 3118 2268 positi
3143 2199 3312 2254 erant
3345 2215 3358 2266 ;
3393 2200 3450 2254 et

1797 2291 2067 2358 acceptos
2098 2285 2361 2342 comedit
2400 2284 2553 2357 ipse,
2587 2289 2642 2341 et
2666 2285 2836 2358 pueri
2859 2285 2965 2358 qui
2995 2300 3133 2342 cum
3158 2301 3228 2342 eo
3257 2289 3446 2342 erant.

1798 2376 1933 2432 Haec
1960 2375 2162 2448 itaque
2191 2377 2279 2430 est
2305 2373 2574 2431 historia.

1869 2553 2020 2610 illud
2046 2557 2267 2619 autem,
2297 2552 2432 2609 Non
2467 2551 2698 2619 licebat,
2731 2552 2792 2608 id
2821 2556 2931 2617 est,
2956 2555 3081 2616 Non
3106 2556 3232 2610 erat
3259 2566 3298 2610 a
3322 2551 3450 2624 lege

1799 2657 2174 2700 concessum.
2191 2643 2354 2698 Hanc
2371 2656 2512 2697 vero
2527 2640 2840 2697 historiam
2867 2640 3128 2697 Christus
3148 2641 3451 2697 Pharismis

1798 2732 2017 2803 objecit
2043 2730 2103 2786 in
2135 2730 2531 2804 patrocinium
2563 2729 2996 2802 discipulorum
3026 2744 3266 2785 suorum
3298 2749 3311 2788 :
3355 2745 3449 2785 os-

1798 2821 2049 2878 tendens
2086 2820 2253 2892 quod
2280 2819 2455 2876 venia
2484 2817 2650 2888 digni
2681 2823 2877 2874 essent
2928 2821 3170 2890 propter
3200 2817 3446 2884 famem,

1798 2912 2042 2981 propter
2090 2923 2277 2980 quam
2309 2907 2438 2978 ipse
2495 2921 2739 2979 quoque
2785 2906 2972 2963 David
3017 2905 3450 2963 famatissimus

140 3005 261 3051 ννμος
294 2988 447 3043 Δαυίδ
499 2992 659 3044 ἔλυσε
709 2995 794 3043 τὸν
841 2995 993 3063 νόμον
1022 2999 1122 3042 τῶν
1151 2991 1319 3064 ἀρτων
1376 2999 1471 3052 τῆς
1501 2991 1689 3062 προθέ-

1860 2997 1978 3052 ιινὶι
2005 2996 2199 3065 legem
2229 3011 2453 3068 panum
2481 2995 2914 3067 propositionis
2948 3013 2962 3052 :
3009 3009 3202 3068 neque
3254 2995 3451 3052 solum

140 3091 251 3139 σεως,
300 3083 382 3130 καὶ
428 3080 486 3132 ού
542 3084 704 3152 μόνον
735 3079 828 3131 οὐκ
886 3081 1169 3151 ἐπετιμήθη
1216 3081 1358 3154 παρὰ
1395 3086 1485 3130 τοῦ
1541 3097 1690 3136 τηνι-

139 3179 270 3214 nuru
315 3165 712 3240 ἱφημερεύοντος
767 3169 957 3244 ἱερέως,
1013 3167 1139 3220 ἀλλὰ
1183 3172 1272 3219 καὶ
1324 3165 1514 3239 μᾶλλον
1565 3165 1688 3240 παρ’

135 3249 261 3302 αἰτοῦ
277 3257 482 3318 τούτους
511 3256 716 3310 ἔλαϐεν.

186 3338 242 3392 ’Β
289 3343 376 3394 οὐκ
426 3377 494 3386 —
553 3346 728 3411 εἰσιν;
787 3353 1019 3416 Συνεχῶς
1071 3344 1248 3406 αὐτοῖς
1302 3344 1416 3416 (64)
1475 3344 1693 3414 ἐπιλέγει

136 3430 192 3491 τό,
255 3431 352 3483 Οὐκ
430 3433 722 3504 ams-me
803 3431 1070 3496 ὀνειδίζων
1148 3436 1347 3494 τούτοις
1411 3452 1694 3506 ματαιοπο-

131 3519 234 3583 νίαν,
262 3523 323 3581 ὡς
345 3521 932 3594 μὴλέπιγινὼσκουσιν,
968 3520 1003 3574 ἀ
1041 3520 1479 3593 ἀναγινώσκουσι.
1524 3526 1693 3594 Νόμος

131 3597 177 3654 ’ἴε
202 3601 270 3671 ἦν,
297 3608 525 3678 κελεύων,
573 3607 746 3685 μηδὲν
785 3615 932 3686 ἔργον
981 3610 1030 3662 ἐν
1074 3610 1321 3682 Σαϐϐάτῷ
1373 3618 1536 3663 ποιεῖν
1564 3631 1575 3643 ·
1605 3614 1694 3661 καὶ

126 3696 250 3761 νόμος
307 3699 453 3752 πάλιν
527 3701 721 3773 ἕτερος,
803 3699 1084 3773 ἐπιτρέπων
1140 3707 1250 3760 τοῖς
1304 3702 1495 3771 ἱερεῦσι
1559 3699 1694 3749 θύειν

127 3778 163 3828 ἐν
186 3783 429 3858 Σαϐϐἑτῷ,
475 3795 571 3842 καὶ
622 3786 721 3840 διὰ
753 3793 846 3847 τὴν
879 3791 1065 3842 θυσίαν
1099 3789 1417 3854 ξυλοκοπείν,
1465 3793 1553 3839 καὶ
1593 3794 1692 3862 πῦρ

122 3867 346 3944 ἀνάπτειν,
407 3883 500 3929 καὶ
556 3885 879 3950 κρεωνομείν,
947 3882 1036 3930 καὶ
1093 3877 1224 3930 ἄλλα
1297 3879 1411 3928 τινὰ
1480 3883 1696 3928 τοιαῦτα

126 3966 280 4016 πιεῖν.
345 3969 441 4016 Καὶ
496 3967 570 4027 ὡς
653 3969 744 4038 μεν
820 3965 948 4027 ὅλως
1003 3965 1360 4039 ἐργαζόμενοι,
1423 3963 1694 4023 ἐϐεϐἠλουν

123 4048 168 4095 τὸ
214 4048 483 4123 Σοὶϐϐατον,
534 4058 731 4123 εἶτουν,
783 4053 1008 4126 ἐμίαινον
1040 4073 1050 4083 ·
1087 4058 1154 4115 ὡς
1207 4051 1266 4106 δε
1320 4055 1430 4128 ἱερὰ
1481 4052 1700 4126 ἔργοιζὸ-

120 4151 256 4201 μενοι,
300 4137 522 4194 ἀναίτιοι
566 4141 728 4201 ἦσαν.
779 4147 883 4200 Τὴν
939 4147 1029 4215 μεν
1086 4139 1172 4195 οὖν
1221 4145 1357 4195 κατὰ
1403 4147 1489 4195 τὸν
1530 4138 1696 4195 Δαυῐδ

120 4218 319 4296 ἱστορίαν
372 4233 600 4298 τέθεικε,
661 4236 976 4302 συγγνώμης
1036 4235 1160 4294 τοὺς
1223 4233 1460 4303 μαθητὰς
1518 4230 1693 4300 ἀξιῶν,

118 4311 508 4395 ξιςπροέγημει·
539 4325 604 4372 τὸ
652 4317 712 4372 δὲ
764 4324 926 4392 παρὸν
981 4319 1092 4393 (65)
1139 4321 1284 4374 ἔλαϐε
1334 4319 1694 4395 παράδειγμα,

1801 3090 2102 3156 correptus
2135 3099 2255 3140 non
2283 3089 2370 3138 est
2393 3101 2426 3138 a
2451 3085 2784 3152 sacerdote,
2837 3083 2941 3157 qui
2966 3087 3111 3140 tunc
3142 3088 3296 3141 sorte
3339 3099 3452 3141 sua

1801 3171 2198 3236 ministrabat,
2229 3172 2350 3228 imo
2382 3173 2580 3243 potius
2610 3173 2775 3244 ipsos
2807 3172 2885 3228 ab
2925 3172 3026 3228 illo
3057 3173 3304 3243 accepit.

1874 3350 2039 3406 Vers.
2080 3353 2130 3404 5.
2164 3349 2312 3404 Num
2343 3379 2411 3390 —
2463 3354 2591 3403 sunt
2623 3348 2650 3404 τ
2683 3347 2830 3419 Ipsis
2879 3347 3218 3420 frequenter
3255 3363 3454 3404 recen-

1805 3436 1971 3494 sebat
1994 3454 2008 3493 :
2034 3437 2194 3494 Num
2228 3437 2442 3508 legistis
2464 3438 2491 3492 ?
2519 3436 2884 3508 exprobrans
2916 3435 3027 3492 illis
3049 3451 3271 3492 vanum
3295 3435 3454 3493 labo-

1802 3543 1950 3593 rem,
1978 3525 2168 3599 utqui
2210 3541 2334 3582 non
2359 3525 2754 3596 intelligerent
2781 3541 2914 3595 quas
2959 3524 3257 3597 legebant.
3305 3524 3455 3582 Nam

1800 3615 1895 3672 lex
1923 3619 2068 3683 erat,
2109 3631 2245 3688 quae
2302 3615 2688 3687 praecipiebat
2739 3613 2972 3671 nullum
3015 3629 3170 3685 opus
3205 3613 3333 3669 ﬁeri
3394 3615 3457 3671 in

1807 3704 2067 3762 Sabbato
2086 3702 2114 3773 ’;
2143 3708 2198 3760 et
2234 3719 2441 3759 rursus
2471 3702 2656 3760 altera
2686 3703 2780 3759 lex
2811 3702 3160 3776 permittens
3184 3702 3458 3759 sacerdo-

1804 3792 1956 3850 tibus
1968 3799 2032 3850 ut
2045 3791 2447 3850 sacriﬁcarent
2457 3791 2742 3856 Sabbato,
2758 3796 2818 3848 et
2840 3795 3084 3864 propter
3096 3791 3461 3848 sacriﬁcium

1803 3880 1969 3952 ligna
2025 3883 2375 3948 scinderent,
2434 3882 2634 3952 ignem
2699 3881 3112 3946 accenderent,
3172 3880 3460 3938 animalia

1804 3976 2118 4042 pascerent
2143 3970 2238 4042 (g),
2274 3975 2330 4026 et
2360 3969 2476 4026 alia
2504 3970 2787 4041 quaedam
2828 3969 3046 4025 similia
3088 3969 3367 4027 facerent.
3396 3971 3464 4025 Et

1807 4061 1956 4112 certe
1971 4057 2219 4113 omnino
2237 4056 2662 4127 operabantur,
2677 4061 2734 4111 et
2749 4056 2828 4112 ita
2845 4055 3168 4112 Sabbatum
3188 4055 3461 4127 profana-

1805 4143 1954 4202 bant
1997 4145 2118 4200 sive
2146 4144 2658 4214 contaminabant,
2691 4144 2793 4199 sed
2822 4149 3107 4216 tanquam
3133 4160 3227 4200 res
3262 4159 3462 4200 sacras

1808 4239 2145 4306 aperantes,
2182 4234 2308 4289 sine
2368 4233 2618 4288 crimine
2668 4238 2856 4288 erant.
2897 4233 3213 4290 Historiam
3260 4231 3463 4302 itaque

1809 4322 1998 4379 David
2023 4321 2245 4395 posuit,
2271 4319 2596 4393 discipulos
2617 4320 2790 4377 venia
2824 4321 3038 4390 dignos
3066 4319 3367 4390 judicans,
3401 4322 3466 4374 ut

119 4394 331 4457 δεικνύων
387 4407 441 4461 ὶκ
501 4413 840 4483 περιουσίας,
899 4411 980 4462 ὅτι
1030 4410 1284 4478 παντελῶς
1345 4411 1476 4464 εἰσιν
1553 4411 1691 4464 ἁναίε

1860 4394 2213 4468 raediximus.
2256 4411 2518 4466 Praesens
2549 4413 2749 4465 autem
2780 4409 3037 4478 sumpsit
3094 4406 3460 4478 exemplum,

117 4506 226 4548 τιοι,

179 4584 260 4633 Καὶ
313 4587 406 4658 ὃρα
463 4587 574 4639 ἀπὸ
645 4591 825 4639 πόσων
878 4595 1028 4640 τοῦτο
1087 4589 1485 4649 κατασκευάζει.
1550 4597 1699 4663 Πρῶ-

115 4683 181 4717 τον
223 4670 314 4725 ἀπὸ
367 4684 461 4728 τοῦ
518 4682 814 4750 προσώπου
839 4695 852 4708 ·
916 4679 981 4728 Οἱ
1031 4675 1175 4752 ἱερεῖς
1215 4680 1316 4752 γὰρ
1359 4684 1512 4750 φησίν
1547 4697 1558 4711 ’
1592 4686 1704 4733 εἶτα

172 4848 210 4882 ⁸³
235 4851 370 4910 Luc.
403 4870 489 4925 vr,
519 4861 574 4911 t.
659 4856 707 4891 ⁸⁵
738 4854 760 4909 Ι
800 4855 941 4927 Reg.
979 4857 1148 4925 xxi,i
1193 4870 1367 4929 seqq.

1810 4499 2054 4558 abunde
2075 4498 2397 4555 ostendens
2416 4498 2575 4571 quod
2597 4495 2844 4553 omnino
2861 4497 2989 4551 sine
3012 4495 3258 4552 crimine
3273 4501 3463 4552 erant.

1880 4592 1948 4646 Et
1977 4589 2112 4645 vide
2141 4604 2178 4645 a
2209 4592 2359 4660 quot
2387 4586 2661 4659 partibus
2693 4585 2808 4642 hoc
2852 4584 3314 4641 conﬁrmaverit.
3349 4584 3468 4640 Pri-

1811 4695 1980 4736 mum
2011 4694 2048 4735 a
2077 4693 2335 4751 persona
2360 4694 2371 4733 :
2393 4675 2746 4742 Sacerdotes,
2778 4674 2990 4749 inquit.
3025 4673 3247 4731 Deinde
3275 4689 3313 4731 a
3334 4673 3467 4733 loco

1317 5035 1544 5106 Variae
1582 5034 1908 5106 lectiones
1946 5045 2012 5103 et
2033 5044 2238 5106 notae.

169 5219 270 5366 (62;
307 5224 614 5302 προσεδρίᾳ
647 5228 718 5283 Α.

169 5291 250 5360 (63
307 5303 420 5365 τοῦ,
451 5299 662 5356 abest.
693 5301 718 5354 Α

167 5291 270 5365 (63)
307 5291 420 5365 τοῦ,
451 5291 662 5356 abest.
693 5301 764 5354 A.

1909 5231 1998 5304 64)
2029 5230 2166 5304 λέγει
2190 5235 2254 5304 A.

1909 5234 1973 5290 64
2029 5231 2166 5304 λέγει
2190 5235 2254 5286 Δ.

1884 5231 2000 5376 E65;
2037 5302 2306 5378 προελαϐε,
2335 5317 2439 5376 pro
2465 5303 2628 5376 παρὸν
2656 5295 2803 5356 ἔλαϐε
2832 5303 2898 5359 Α.

164 5469 244 5542 (9)
267 5476 586 5534 Animalia
616 5485 940 5548 parcerent.
983 5477 1145 5545 Exta,
1180 5493 1418 5552 carnes,
1451 5483 1720 5540 secarent
1743 5485 1800 5538 et
1829 5479 2194 5542 dividerent.
