3906 6202
415 222 521 277 367

420 433 543 487 Non
569 429 730 486 enim
759 428 940 486 dixit:
981 430 1213 488 Irritum
1264 433 1522 490 reddunt
1581 435 1926 506 Sabbatum,
1968 436 2071 492 sed

422 519 582 592 quod
616 519 852 590 gravius
874 523 982 586 est,
1018 521 1383 588 Profanant.
1415 524 1626 579 Deinde
1652 525 1884 581 induxit
1916 524 2074 596 quod

420 607 507 666 rei
532 613 712 681 caput
740 613 884 679 erat,
913 610 1077 681 quod
1093 611 1273 668 etiam
1304 612 1428 668 sine
1452 614 1695 669 crimine
1718 625 1876 671 sunt.

499 787 1036 861 Praeposuititaque
1061 788 1332 845 leviorem
1350 791 1814 862 responsionem,
1830 807 1899 846 ac
1918 796 2076 863 post-

427 877 670 937 modum
694 877 943 934 adduxit
973 882 1028 933 et
1052 877 1383 936 fortiorem.
1414 879 1600 935 David
1626 881 1916 951 siquidem
1945 895 2075 951 pro-

427 974 559 1041 pter
574 982 774 1023 casum
805 966 1172 1038 inopinatum
1202 967 1387 1023 semel
1408 967 1593 1038 legem
1626 968 1798 1024 solvit
1823 969 1896 1024 de
1914 969 2080 1041 pani-

431 1059 542 1113 bus
579 1054 1014 1126 propositionis,
1057 1060 1112 1109 et
1140 1069 1244 1126 per
1270 1055 1507 1112 veniam
1547 1057 1858 1112 dimissum
1901 1061 1993 1112 est
2027 1055 2077 1110 ei

431 1145 670 1202 crimen.
728 1142 1073 1199 Sacerdotes
1119 1160 1261 1200 vero
1299 1145 1565 1216 quotidie
1587 1145 1711 1200 sine
1733 1143 2082 1216 hujusmodi

433 1250 571 1292 casu
597 1232 792 1302 legem
832 1231 906 1287 de
944 1231 1201 1288 Sabbato
1241 1233 1554 1303 solventes,
1599 1249 1704 1306 per
1743 1233 1925 1305 legem
1954 1248 2080 1289 suae

434 1320 924 1391 transgressionis
947 1319 1205 1376 fructum
1237 1321 1518 1377 referunt.

507 1414 669 1468 Vers.
698 1411 750 1465 6.
779 1409 994 1464 Dico—
1018 1411 1137 1466 hic.
1179 1412 1310 1482 Ipse
1339 1412 1492 1467 enim
1524 1411 1727 1483 templi
1776 1413 2081 1478 Dominus,

437 1501 535 1559 hic
561 1513 824 1572 praesens
851 1503 959 1554 est.
977 1497 1146 1565 Quod
1165 1499 1210 1554 si
1234 1501 1575 1557 sacerdotes
1610 1502 1835 1572 templi,
1864 1501 2088 1557 Sabba-

440 1597 564 1647 tum
599 1587 888 1644 solventes
915 1587 1040 1643 sine
1062 1588 1308 1644 crimine
1348 1597 1506 1656 sunt,
1542 1590 1729 1646 multo
1770 1590 1962 1660 magis
1999 1589 2086 1645 di-

1729 223 2072 280 EUTHYMII
2111 223 2439 280 ZIGABENI

419 341 562 415 quia
597 339 660 395 in
709 339 938 410 templo.
971 341 1160 399 Tertio
1207 359 1244 400 a
1272 359 1334 400 re
1365 343 1511 417 ipsa,
1543 347 1685 418 quia
1710 349 2065 417 profanant.

2223 352 2284 400 πὸ
2330 357 2418 400 τοῦ
2451 349 2562 418 (66)
2591 355 2716 399 ναοῦ
2749 367 2759 378 ο

3628 233 3715 288 368

2797 350 2877 401 Ἐν
2935 358 3005 419 τῷ
3061 353 3175 424 ἱερῷ
3232 353 3370 424 γάρ’
3419 356 3591 422 ἔπειτα,
3635 357 3718 409 ἀπὸ

2185 444 2274 488 τοῦ
2336 441 2672 511 πράγματοςο
2727 436 3010 495 Βεϐηλοῠσι
3057 444 3155 512 γάρ
3193 461 3204 472 ο
3259 438 3378 493 οὐδὲ
3441 447 3531 518 γὰρ
3590 442 3721 510 εἶπεν,

2185 526 2262 576 ὅτι
2306 524 2545 577 ἑτθετοῦσι
2601 529 2656 576 τὸ
2711 525 2991 594 Σάϐϐατον,
3048 526 3170 578 ἀλλὰ
3225 532 3279 580 τὸ
3337 528 3612 603 βαρύτερον,
3659 537 3724 585 ὁτι

2189 612 2495 669 Βεϐηλούσιν
2535 632 2545 642 ⁸
2628 612 2720 666 εἷθ’
2783 615 2945 677 οὕτως
3008 619 3239 686 ἐπήγαγε
3311 622 3366 668 το
3440 627 3522 670 τοῦ
3595 621 3724 692 λόγου

2187 701 2476 771 κεφάλαιον,
2507 704 2581 753 ὅτι
2615 707 2704 753 καὶ
2737 701 2960 755 ἀναίτιοί
2992 704 3112 756 εἰσι.

2261 790 2513 862 Προέταξε
2563 795 2652 860 μεν
2719 786 2806 842 οὖν
2874 796 2960 849 τὴν
3021 791 3384 867 εὐχερεστέραν
3441 793 3724 866 ἀπολογίανι

2189 873 2297 928 εἶτα
2343 875 2570 949 ἐπήγαγε
2620 882 2712 936 τὴν
2764 879 3130 954 ἰσχυροτέραν.
3183 880 3240 933 Ὀ
3290 885 3378 953 μὲν
3428 887 3520 955 γὰρ
3577 883 3734 951 Acciri,

2189 965 2328 1027 ἅπαξ
2359 961 2452 1017 διὰ
2477 972 2783 1038 περίστασιν
2809 968 2972 1030 λύσας
3018 973 3104 1020 τὸν
3152 975 3268 1043 περὶ
3315 968 3414 1021 τῶν
3467 974 3613 1045 ἄρτων
3656 983 3733 1035 τῆς

2188 1055 2498 1124 προθέσεως,
2537 1060 2709 1126 νόμον,
2755 1059 2890 1108 κατά
2940 1063 3251 1129 συγγνώμην
3305 1057 3480 1130 ἀφείθη
3521 1062 3619 1130 (67)
3663 1070 3737 1114 τοῦ

2191 1141 2551 1213 ἐγκλήματος’
2593 1146 2641 1195 οὶ
2703 1140 2754 1196 δ’
2814 1148 2981 1216 ἱερεῖς,
3040 1146 3156 1198 καθ’
3228 1147 3442 1199 ἕκαστον
3496 1147 3735 1210 Σάϐϐατον,

2195 1225 2332 1300 δίχα
2379 1234 2754 1303 περιστάσεως,
2785 1231 2982 1294 λύοντες
3023 1238 3109 1286 τόν
3159 1242 3250 1286 τοῦ
3304 1234 3558 1289 Σαϐϐάτου
3595 1241 3740 1306 νόμον,

2194 1321 2326 1370 κατά
2353 1323 2504 1391 νόμον
2535 1318 2869 1374 ἀπολέλυνται
2895 1329 2988 1384 τῆς
3015 1329 3361 1398 παρανομίας.

2266 1412 2416 1480 Λέγω
2468 1440 2535 1448 -
2592 1406 2716 1466 ὧδε.
2780 1411 2942 1473 Αὐτὸς
3010 1414 3111 1488 γὰρ
3172 1413 3397 1465 ἐνταῦθα
3462 1415 3744 1488 πάρεστινό

2197 1505 2286 1548 τοῦ
2333 1499 2468 1572 ἱεροῦ
2521 1504 2800 1559 Δεσπότης.
2860 1505 2958 1553 Καὶ
3015 1500 3098 1552 ἐὰν
3131 1504 3180 1554 οἱ
3223 1512 3311 1554 τον
3364 1505 3494 1576 ἱερου
3549 1507 3600 1554 τὸ
3647 1501 3748 1554 Σαϐ-

2199 1585 2348 1638 ϐατον
2391 1586 2616 1652 λύοντες,
2670 1586 2888 1641 ἀναίτιοι
2935 1587 3054 1656 ὦσι,
3115 1590 3283 1660 πολλῷ
3336 1591 3539 1662 μᾶλλον,
3591 1594 3633 1642 οἱ
3677 1598 3750 1642 τοῦ

447 1676 662 1750 scipuli
694 1676 926 1732 Domini
967 1677 1183 1747 templi.
1215 1679 1362 1734 Nam
1403 1679 1552 1734 sicut
1589 1679 1668 1734 illi
1699 1684 1934 1751 propter
1957 1695 2086 1733 cau-

2223 1681 2462 1727 lsaworou
2511 1683 2602 1726 τοῦ
2657 1677 2820 1750 ἱερου.
2882 1676 3080 1752 Ὠσπερ
3127 1681 3228 1752 γὰρ
3278 1678 3456 1731 ἐκεῖνοι
3495 1677 3563 1732 δι’
3613 1680 3754 1731 αἰτίαν

444 1785 562 1825 sam
590 1764 1001 1822 rationabilem
1039 1765 1284 1823 crimine
1313 1773 1543 1832 vacant,
1577 1783 1646 1823 eo
1686 1768 1850 1840 quod
1873 1766 2092 1823 sacriﬁ-

446 1860 599 1922 cent,
614 1859 670 1910 et
701 1869 877 1910 sacra
901 1853 1126 1909 faciant
1144 1870 1348 1926 Opera,
1369 1856 1448 1912 ita
1469 1856 1649 1912 etiam
1682 1857 1794 1912 isti.
1832 1855 2090 1911 Hebraeis

447 1943 740 2016 siquidem
770 1947 1006 2014 propter
1027 1959 1200 1999 suam
1225 1944 1683 2001 imbecillitatem
1726 1960 1915 2001 unum
1953 1944 2095 2002 heb-

447 2032 726 2090 domadas
750 2031 910 2087 diem
932 2031 1218 2101 attribuit,
1248 2049 1368 2106 quo
1385 2033 1462 2090 ab
1475 2034 1758 2106 operibus
1774 2038 2093 2102 cessarent,

448 2126 592 2196 puta
622 2119 979 2185 Sabbatum,
1017 2124 1083 2176 ut
1117 2122 1176 2177 in
1208 2137 1277 2177 eo
1324 2126 1380 2178 et
1421 2122 1533 2194 ipsi
1563 2123 1635 2179 ab
1665 2123 1793 2180 aliis
1818 2126 2099 2180 vacarent

450 2209 754 2283 operibus,
787 2213 845 2264 et
872 2209 1026 2265 servi
1071 2209 1162 2265 sui
1219 2225 1289 2266 ac
1340 2211 1608 2282 jumenta
1637 2211 2096 2285 requiescerent,

449 2296 662 2352 darent
691 2298 888 2350 autem
914 2309 1163 2365 operam
1202 2294 1347 2364 legis
1387 2296 1626 2352 lectioni
1677 2301 1735 2353 et
1777 2295 2100 2352 sacriﬁciis.

455 2382 800 2440 Christianis
825 2397 963 2438 vero
1001 2387 1286 2455 tanquam
1323 2384 1688 2451 fortioribus,
1735 2390 1858 2442 tota
1885 2385 2104 2441 hebdo-

455 2470 637 2530 mada
657 2469 839 2542 jussit
875 2486 1120 2542 operam
1147 2472 1290 2528 dare
1327 2473 1566 2529 lectioni
1601 2489 1672 2530 ac
1702 2473 2107 2546 spiritualibus

459 2559 782 2624 sacriﬁciis,
811 2563 868 2615 et
885 2558 998 2615 illis
1015 2560 1261 2632 quidem
1292 2563 1409 2618 alia
1437 2563 1760 2634 prohibuit,
1791 2568 2107 2634 utOperam

459 2650 670 2706 darent
696 2648 930 2704 lectioni
961 2663 1028 2705 ac
1075 2649 1380 2706 sacriﬁciis
1415 2670 1427 2706 :
1471 2651 1581 2707 hos
1612 2657 1803 2708 autem
1844 2651 2112 2722 spiritua-

458 2739 617 2795 libus
646 2742 944 2805 vacantes,
976 2753 1049 2793 ne
1089 2739 1167 2793 ab
1207 2738 1336 2794 aliis
1373 2739 1613 2812 quidem
1645 2739 1955 2796 abstraxit.
1991 2743 2111 2795 N0n

464 2825 879 2883 enimillorum
910 2842 1126 2882 manus
1155 2827 1382 2897 alligari
1409 2829 1742 2900 oportebat,
1773 2830 1875 2901 qui
1906 2845 2005 2883 eas
2038 2828 2114 2883 ad

463 2915 611 2972 nihil
627 2930 871 2986 pravum
903 2916 1338 2972 extendebant:
1369 2932 1562 2989 neque
1598 2918 1672 2973 de
1702 2919 1901 2989 parvis
1923 2917 2116 2986 legem

2202 1765 2406 1835 εὔλογον
2465 1763 2688 1816 ἀναίτιοί
2755 1766 2856 1818 εἰσι
2890 1785 2900 1794 ·
2959 1763 3052 1819 διὰ
3114 1771 3170 1819 τὸ
3223 1770 3357 1820 θύειν
3411 1772 3507 1842 γὰρ
3549 1773 3629 1821 καὶ
3668 1770 3755 1839 ἱερά

2201 1857 2326 1928 ἔργα
2383 1860 2542 1903 ποιεῖν
2578 1870 2589 1882 ·
2633 1853 2766 1904 οὕτω
2823 1859 2910 1906 καὶ
2965 1855 3125 1912 οὗτοι.
3206 1860 3305 1908 Καὶ
3357 1859 3458 1929 γὰρ
3531 1864 3629 1916 τοῖς
3686 1859 3756 1926 μὲν

2200 1941 2475 2015 Ἑϐραίοις,
2531 1937 2623 1992 διὰ
2673 1945 2767 2001 τὴν
2829 1941 3093 1996 ἀσθένειαν
3162 1943 3350 2010 αὐτῶν,
3428 1949 3546 2017 μίαν
3593 1946 3757 2016 ἡμέραν

2204 2040 2300 2093 τῆς
2344 2026 2640 2102 ἑϐδομάδος
2691 2032 2956 2104 ἄπρακτον
3012 2031 3375 2107 ἀπεκλήρωσεν
3417 2036 3442 2085 ὁ
3472 2039 3617 2094 Θεὸς·
3653 2031 3761 2102 λέγω

2209 2117 2276 2178 δὴ
2333 2123 2390 2172 τὸ
2449 2117 2710 2172 Σάϐϐατον
2740 2139 2750 2148 ·
2794 2123 2927 2173 ὥστε
2978 2119 3025 2172 ἐν
3065 2122 3205 2192 αὐτῷ
3244 2123 3457 2182 τούτους
3506 2122 3663 2196 ἀργεῖν
3692 2124 3760 2191 μὲν

2211 2209 2311 2262 ἀπὸ
2368 2218 2463 2260 τῶν
2513 2207 2675 2259 ἄλλων
2734 2211 2914 2283 ἔργων,
2975 2215 3065 2262 καὶ
3139 2210 3479 2264 διαναπαύειν
3533 2215 3638 2271 τοὺς
3684 2210 3763 2260 ὑπὸ

2211 2305 2387 2372 χεῖρα,
2421 2302 2508 2348 καὶ
2555 2300 2618 2348 τὰ
2671 2297 2935 2368 ὑποζύγια
2959 2315 2971 2328 ·
3008 2299 3289 2369 σχολάζειν
3322 2299 3443 2371 (68)
3481 2297 3535 2353 δὲ
3570 2307 3625 2369 τῇ
3671 2297 3767 2348 ἀνα-

2212 2394 2402 2460 γνώσει
2454 2394 2543 2437 τοῦ
2573 2392 2730 2458 νόμου
2769 2392 2860 2438 καὶ
2888 2394 3002 2448 ταῖς
3031 2390 3239 2449 θυσιαις
3266 2407 3276 2417 ’
3310 2395 3424 2448 τοῖς
3462 2385 3518 2440 δε
3555 2395 3752 2461 Χριστια

2215 2483 2336 2540 νοῐς,
2390 2477 2456 2536 ὡς
2491 2475 2872 2548 ἰσχυροτέροις,
2906 2475 3115 2528 ἅπασαν
3163 2481 3256 2534 τὴν
3313 2473 3584 2548 ἑϐδομάδα
3611 2475 3771 2546 σχολιί-

2221 2566 2322 2626 ζειν
2377 2572 2436 2637 τῇ
2520 2562 2802 2634 ἀναγνώσει
2859 2570 2946 2616 καὶ
3004 2572 3114 2624 ταῖς
3170 2573 3538 2636 πνευματικαῖς
3600 2567 3772 2620 θυσίαις

2222 2652 2446 2714 ἐπέταξε.
2520 2651 2794 2714 Κάκείνους
2849 2656 2938 2724 μὲν
2996 2653 3095 2704 ἀπὸ
3155 2664 3253 2704 τῶν
3311 2655 3476 2707 ἄλλων
3539 2653 3775 2712 ἐκώλυσεν,

2226 2743 2306 2793 ἶνα
2339 2741 2646 2811 σχολάζωσι
2675 2748 2738 2811 τῇ
2793 2741 3079 2811 ἀναγνώσει
3137 2763 3222 2793 και
3261 2749 3381 2805 ταῖς
3421 2746 3649 2803 θυσίαις·
3685 2743 3774 2792 τον·

2225 2849 2344 2891 τους
2397 2825 2474 2896 δὲ,
2536 2828 2892 2898 σχολάζοντας
2941 2838 3050 2892 τοῖς
3101 2839 3488 2902 πνευματικοῖς,
3545 2826 3646 2882 οὐδ’
3699 2828 3780 2880 ἀπὸ

2227 2927 2324 2971 τῶν
2382 2916 2542 2968 ἄλλων
2603 2916 2876 2973 ἐκώλυσεν,
2949 2917 3058 2970 Οὐκ
3116 2914 3222 2971 ἔδει
3269 2922 3375 2993 γὰρ
3431 2916 3666 2972 δεδέσθαι
3713 2920 3783 2975 τὰς

465 3005 617 3060 ferre
637 3003 732 3058 his
761 3003 862 3076 qui
894 3003 962 3058 de
980 3005 1217 3075 magnis
1231 3005 1833 3078 philosophabamur,
1874 3013 1975 3063 aut
2006 3006 2086 3061 im

2227 3014 2407 3079 χεῖρας
2456 3009 2572 3056 τοὺς
2605 3008 2715 3076 (69)
2782 3009 2910 3077 πρὸς
2959 3004 3123 3079 μηδὲν
3179 3007 3371 3078 φαῦλον
3426 3012 3612 3069 ταυτας
3656 3006 3779 3059 ἐκτεί·

468 3090 758 3164 perfectos
787 3092 1091 3165 aequaliter
1119 3110 1246 3152 sese
1301 3094 1362 3150 in
1393 3096 1576 3153 modo
1633 3096 1866 3153 vivendi
1898 3094 2118 3152 habere

470 3195 606 3237 cum
633 3181 930 3254 perfectis.

543 3359 654 3414 Nos
667 3375 810 3416 vero
841 3359 1212 3420 Dominicum
1242 3363 1402 3420 diem
1425 3362 1724 3436 praecipue
1749 3363 2121 3420 honoramus

472 3451 763 3519 tanquam
786 3450 1021 3521 proprie
1051 3452 1339 3523 requiem,
1370 3453 1430 3507 in
1457 3469 1579 3524 quo
1604 3468 1640 3508 a
1670 3452 2011 3508 mortalitate
2037 3466 2123 3507 re-

475 3537 700 3607 quievit
729 3537 778 3590 is
812 3538 915 3608 qui
969 3543 1185 3594 nostrae
1225 3556 1440 3595 massae
1471 3541 1751 3612 primitias
1787 3541 2035 3611 accepit,
2071 3543 2126 3595 et

477 3623 787 3678 innovavit
806 3624 982 3678 nobis
1013 3627 1528 3691 resurrectionem,
1549 3629 1847 3700 vitamque
1878 3629 2126 3684 immor-

479 3709 678 3765 talem.

551 3798 710 3852 Vers.
761 3801 814 3852 7.
848 3799 1016 3866 Quod
1076 3802 1128 3856 si
1154 3832 1221 3843 ——
1285 3804 1635 3859 innocentes.
1677 3803 1827 3872 Quia
1861 3803 2127 3860 odiosius

479 3885 792 3942 videbatur
820 3887 986 3960 quod
1008 3888 1254 3946 dixerat.
1300 3892 1534 3962 Templa
1548 3895 1741 3962 major
1768 3897 1849 3949 est
1868 3893 1984 3965 hic,
2012 3909 2129 3949 ser-

482 3990 722 4030 monem
755 3976 832 4031 ad
864 3976 1093 4033 veniam
1123 3967 1387 4044 mutavit,
1417 3981 1517 4037 sed
1535 3997 1671 4036 cum
1694 3981 2125 4055 increpatione;

484 4079 626 4119 nam
651 4079 883 4120 rursum
913 4064 1024 4120 illis
1048 4067 1443 4138 ignorantiam
1478 4071 1846 4142 improperat
1876 4073 2131 4144 Scriptu-

483 4168 709 4220 rarum,
743 4153 976 4210 dicens:
1005 4156 1059 4212 Si
1092 4157 1318 4212 sciretis
1341 4157 1487 4229 quid
1518 4158 1810 4227 signiﬁcet
1831 4162 2132 4233 prophetae

485 4242 708 4300 dictum
739 4245 808 4315 εδ,
836 4259 957 4316 quo
984 4245 1452 4302 misericordiam
1481 4249 1772 4321 praeponit
1794 4250 1943 4304 Deus
1960 4250 2135 4306 sacri-

2228 3115 2425 3162 νοντας,
2482 3091 2602 3145 οὐδε
2652 3096 2715 3145 τά
2766 3097 2929 3167 μικρά
2965 3093 3309 3148 παιδεύεσθαι
3352 3100 3473 3159 τοὺς
3508 3101 3572 3149 τά
3618 3095 3786 3166 μεγαλα

2230 3185 2652 3256 φιλοσοφουντας,
2718 3179 2840 3235 οὐδὲ
2896 3191 2998 3244 τοῖς
3048 3183 3276 3237 ἀτελέσιν
3334 3183 3525 3246 ἐπίσης
3584 3184 3785 3237 πολιτεύ-

2232 3276 2380 3325 εσθαι
2414 3277 2527 3331 τοὺς
2554 3271 2787 3332 τελείους.

2301 3361 2442 3433 [Τὴν
2498 3361 2606 3430 (70)
2657 3365 2828 3432 μέντοι
2877 3368 3140 3434 Κυριακην
3199 3373 3428 3436 τιμῶμεν
3466 3365 3576 3416 κατ’
3626 3364 3789 3438 ἐξαιρε-

2232 3470 2337 3517 τον,
2394 3452 2461 3510 ὡς
2513 3454 2703 3522 κυρίως
2771 3453 3191 3522 καταπαύσιμον,
3247 3451 3293 3503 ἐν
3439 3452 3628 3513 τελείως
3677 3455 3795 3502 κατί-

2233 3557 2427 3590 παυσεν
2467 3536 2567 3589 ἀπὸ
2613 3547 2704 3598 τῆς
2761 3539 3066 3600 θνητὸτητος
3095 3541 3125 3597 ἡ
3160 3539 3383 3614 ἀπαρχὴ
3440 3549 3529 3594 τοῦ
3579 3543 3790 3612 ἡμετέρου

2236 3628 2553 3699 φυράματος,
2615 3630 2703 3678 καὶ
2762 3625 3067 3680 ἐνεκαίνισεν
3147 3631 3268 3700 ἡμῖν
3346 3635 3442 3688 τὴν
3523 3629 3795 3688 ἀνάστασιν,

2235 3720 2324 3767 καὶ
2350 3719 2442 3772 τὴν
2474 3713 2522 3765 ἐν
2556 3713 2818 3786 ἀθανασίᾳ
2853 3715 3054 3789 ζωήν]

2309 3804 2368 3857 Εἰ
2413 3801 2471 3857 δὲ
2514 3835 2581 3844 -
2634 3803 2914 3866 ἀναιτίους.
2952 3803 3095 3877 [Τοῦ
3146 3807 3261 3878 (71)
3316 3813 3586 3880 προφήτου
3638 3802 3801 3872 'omj

2239 3890 2451 3951 Ἐπειδὴ
2501 3896 2742 3965 φορτικὸς
2790 3889 2982 3958 ἔδοξεν,
3025 3893 3198 3960 εἰπὼν,
3233 3897 3312 3947 ὅτι
3348 3905 3439 3948 τοῦ
3497 3899 3628 3968 ἱεροῦ
3658 3892 3801 3965 μεῖξον

2241 3982 2378 4035 ἔστιν
2423 3978 2544 4045 ὧδε,
2595 3983 2816 4052 μεθιστᾲ
2862 3985 2944 4032 τὸν
2989 3981 3137 4053 λόγον
3193 3982 3276 4036 ἐπὶ
3326 3991 3662 4056 συγγνώμην,
3707 3978 3806 4030 ἀλλὰ

2241 4071 2347 4144 μετ’
2398 4068 2732 4130 ἐπιῇ-λήξεως.
2780 4068 2940 4120 Πάλιν
3009 4073 3110 4144 γὰρ
3153 4072 3368 4142 ἄγνοιαν
3428 4073 3606 4132 αὐτοῖς
3655 4063 3806 4120 ὄνειδίο

2245 4161 2322 4220 ζει
2388 4168 2484 4210 τῶν
2539 4163 2748 4230 Γραφῶν
2781 4175 2790 4184 '
2821 4156 2880 4210 Εἰ
2936 4156 3216 4228 ἐγνώκειτε,
3273 4159 3459 4231 λέγων,
3505 4165 3556 4212 τί
3606 4157 3809 4232 σημαίνει

2245 4252 2300 4301 τὸ
2347 4249 2662 4322 προφητικὸν
2712 4246 2890 4319 ῥητὸν,
2933 4243 3005 4298 δι’
3049 4243 3108 4298 οὗ
3153 4249 3177 4299 ὁ
3227 4252 3354 4310 Θεὸς
3406 4253 3495 4302 τὸν
3545 4249 3671 4302 ἔλεον
3717 4263 3811 4313 προσ

484 4331 642 4397 ﬁcio,
677 4334 900 4389 miserti
934 4334 1132 4404 utique
1157 4334 1420 4391 fuissetis
1453 4337 1605 4393 adeo
1636 4337 2044 4404 esurientium,
2080 4357 2092 4392 ι

2245 4342 2488 4408 τετίμηκε
2546 4344 2638 4396 τῆς
2693 4336 2900 4399 θυσίας,
2964 4335 3216 4394 ἠλεήσατε
3279 4337 3338 4388 ἂν
3414 4342 3530 4399 τοὺς
3579 4341 3812 4389 πεινῶντας

488 4425 876 4480 immaturum
938 4423 1180 4479 ederent
1224 4424 1521 4481 triticum:
1567 4441 1671 4481 nec
1715 4428 1799 4482 eis
1850 4427 2138 4497 indignati

489 4511 762 4577 fuissetis,
797 4528 932 4567 cum
966 4513 1142 4585 culpa
1172 4520 1452 4571 vacarent
1485 4532 1498 4582 ;
1529 4520 1584 4571 et
1618 4516 1665 4570 si
1696 4531 1816 4570 non
1848 4516 1926 4572 ob
1957 4516 2134 4582 aliud,

492 4603 550 4653 at
575 4599 782 4653 saltem
817 4605 1060 4672 propter
1089 4602 1330 4658 famem.
1369 4604 1420 4659 Si
1457 4605 1613 4660 enim
1647 4610 1881 4676 propter
1921 4606 2140 4660 sacriﬁ-

491 4685 648 4741 cium
678 4687 920 4742 solvitur
945 4689 1297 4760 Sabbatum,
1331 4698 1392 4746 ut
1419 4693 1765 4764 praedictum
1805 4697 1912 4759 est,
1952 4694 2140 4751 multo

494 4775 687 4843 magis
717 4780 954 4845 propter
979 4777 1448 4836 misericordiam
1474 4799 1485 4836 :
1519 4782 1710 4852 major
1740 4788 1825 4838 est
1861 4783 2018 4838 enim
2046 4783 2140 4839 mi-

495 4860 810 4918 sericordia
837 4865 1145 4931 sacriﬁcio,
1181 4868 1346 4939 juxta
1372 4870 1590 4925 dictam
1635 4872 2002 4928 sententiam.

569 5043 615 5076 ⁶⁶
649 5040 794 5096 Osee
826 5059 896 5106 vr,
933 5048 983 5099 6.

2247 4433 2509 4488 τοσοῦτον,
2561 4425 2629 4484 ὡς
2693 4421 2879 4475 ἐσθίειν
2940 4423 3322 4499 ἀκατέργαστον
3387 4435 3554 4495 σῖτον,
3620 4431 3701 4477 καὶ
3742 4422 3815 4474 ex}:

2248 4514 2306 4567 ἀν
2364 4513 2664 4586 ἐμίμψασθε
2716 4515 2939 4582 τούτοις,
3002 4511 3252 4577 ἀναιτίοις
3304 4511 3480 4580 οὖσιν,
3541 4515 3583 4569 εἰ
3632 4518 3712 4564 καὶ
3762 4513 3815 4581 μὴ

2251 4601 2322 4656 δι’
2348 4604 2534 4677 ἕτερον,
2567 4601 2693 4653 ἀλλά
2729 4620 2786 4672 γε
2827 4597 2920 4653 διὰ
2949 4605 3033 4654 τὸν
3072 4602 3244 4674 λιμόν,
3293 4604 3354 4657 Εἰ
3404 4608 3507 4677 γὰρ
3543 4600 3634 4656 διὰ
3663 4605 3818 4655 θυσίαν

2247 4693 2422 4744 λύεται
2475 4695 2531 4742 τὸ
2590 4689 2869 4754 Σαϐϐατον,
2919 4693 2988 4752 ὡς
3039 4696 3364 4766 προείρηται,
3437 4693 3608 4762 πολλῷ
3661 4688 3817 4762 μᾶλλον

2252 4779 2322 4833 δι’
2376 4781 2528 4833 ἔλεον.
2583 4783 2783 4841 Μείζων
2827 4781 2927 4853 γάρ
2986 4781 3171 4840 θυσίας
3227 4783 3256 4839 η
3310 4779 3657 4853 ἐλεημοσύνη,
3714 4779 3823 4830 κατὰ

2252 4875 2343 4928 την
2369 4867 2691 4929 ὃηλωθεῖσαν
2726 4870 2862 4921 θείαν
2893 4867 3172 4939 ἀπόφασιν.

1719 5147 1934 5214 Variae
1972 5148 2294 5218 lectiones
2327 5162 2392 5219 et
2421 5163 2624 5220 nolae.

569 5335 681 5419 (ορ)
748 5334 1138 5419 ‘Cuilibetnin‘
1181 5345 1441 5396 mentem
1496 5341 1652 5398 venit
1709 5346 1891 5419 τόπου,
1946 5347 2147 5419 Atque

496 5404 957 5545 itavtjfntenius.
1011 5408 1282 5534 Forﬁtsse
1326 5429 1462 5467 mox
1508 5428 1615 5484 pro
1651 5423 1766 5487 ιερῷ
1797 5415 1982 5473 voluit
2019 5404 2144 5485 νὲιῷ.

609 5496 652 5526 Ἠ
712 5498 781 5542 ’ῳ
817 5497 1098 5545 εγκιλςματι
1177 5524 1186 5534 .

609 5496 684 5545 'H}
712 5498 781 5550 ’.ῳ
817 5497 1098 5550 εγκιλςματι
1129 5496 1186 5534 U.

573 5532 685 5622 (οδ)
719 5532 796 5616 δὲ,
827 5532 998 5607 abest
1027 5555 1093 5606 A.

2467 5345 2636 5404 Forte
2665 5355 2762 5399 τῶν
2801 5347 3140 5403 ἕκτεινόντων.

2478 5418 2706 5491 inclusa
2738 5419 2795 5474 in
2828 5434 3016 5491 marg.
3051 5419 3230 5476 habet
3259 5421 3322 5476 Α.

2472 5489 2534 5545 In
2567 5494 2834 5563 margine
2871 5494 2926 5548 Β.

2327 5346 2417 5561 Ξ69

2354 5422 2417 5470 70

2354 5491 2416 5543 71

2354 5422 2419 5470 70

2354 5491 2416 5543 71

2421 5347 2442 5548 i
