3906 6202
274 62 367 97 ,ιε

198 272 275 334 369
1036 263 1412 322 COMMENT.
1460 262 1529 319 IN
1569 258 2017 317 MATTHIEUM.
2061 288 2124 301 -—
2169 259 2329 318 CAP.
2378 260 2526 321 XXI.

3350 262 3455 320 370
3522 300 3529 309 κ

248 401 387 470 Κύριος
410 427 461 438 -—
489 393 781 469 ἀνθρώπου.
816 395 975 449 Πάλιν
1018 397 1357 469 παρεμφαίνει
1387 395 1479 449 τὴν
1509 388 1695 442 ἑαυτοῦ

1889 386 2038 442 Vers.
2092 391 2123 443 8
2164 388 2454 444 Dominus
2485 419 2552 429 —
2585 387 2859 445 hominis.
2902 389 3163 449 Rursum
3192 388 3457 451 divinita-

195 490 365 543 ϐιότητα.
419 486 534 537 nm
588 487 679 557 μὲν
732 486 833 557 γὰρ
887 483 1165 543 συσκιάζει
1207 483 1399 539 ταύτην
1454 474 1550 530 διὰ
1606 480 1694 534 τὴν

191 574 446 648 ἁμϐλνωπίαν
471 582 565 624 τῶν
597 572 986 645 μ.εμπ,ῑΙιμοίρων⁸
1033 575 1156 624 ποτε
1182 567 1241 622 δὲ
1272 573 1572 643 παρανοίγει
1605 562 1698 619 διὰ

184 667 252 721 τήν
272 662 480 724 ὀξυωπίαν
518 669 618 713 τῶν
671 661 1076 735 ἐπιεικεστέρων.
1125 661 1308 733 Κύριος
1355 660 1479 731 γὰρ,
1515 659 1693 727 φησὶν,

181 751 354 803 ierim}
400 748 648 803 Σαϐϐάτου
701 752 726 802 6
758 748 1177 821 ἐνανθρωπήσας,
1218 749 1283 807 ὡς
1330 748 1551 806 ποιητὴς
1609 748 1699 795 καὶ

183 840 393 911 νομοθέτης
452 840 627 893 αὐτοῦ.
702 844 803 891 Καὶ
864 837 1061 904 λοιπὸν,
1112 838 1361 910 παρόντος
1414 833 1538 907 ἐμοῦ
1606 838 1699 884 τοῦ

183 932 341 1000 Κυρίου,
397 932 475 980 καὶ
530 925 866 1000 ἀνεχομένου,
936 926 1104 998 μάτην
1180 924 1324 996 ὑμεῖς
1379 925 1495 983 τοὺς
1547 919 1699 994 ἐμοὺς

184 1013 496 1080 καταδικάζετε.

230 1104 289 1157 Ἐν
333 1102 383 1157 δε
438 1112 506 1177 τῷ
563 1109 700 1160 κατὰ
749 1107 961 1179 Μάρκον
1013 1103 1332 1177 Biar/clla),
1385 1106 1476 1155 καὶ
1529 1100 1699 1173 ἑτέραν

177 1191 393 1263 ἀπολογίαν
448 1195 665 1270 εὕρηται
705 1194 865 1266 λέγων
896 1198 921 1247 6
978 1195 1225 1269 Χριστός,
1269 1193 1349 1245 ὃτι
1395 1194 1465 1244 T6
1507 1190 1701 1243 Σάϐϐα-

172 1300 235 1333 τον
277 1278 355 1334 σ’ιὰ
409 1286 488 1336 τὸν
562 1286 830 1356 ἄνθρωπον
888 1283 1101 1354 ἐγένετο,
1179 1281 1284 1354 οὐχ
1334 1280 1361 1333 6
1433 1280 1701 1354 ἄνθρωπος

173 1365 242 1420 διὰ
273 1373 319 1422 τὸ
361 1370 634 1442 Σάϐϐατον,
684 1375 971 1442 τουτέστιν,
1005 1374 1035 1430 ἡ
1089 1378 1181 1424 τοῦ
1230 1366 1497 1424 Σαϐϐάτου
1546 1365 1704 1439 ἀργία

168 1453 224 1509 δι’
263 1457 470 1531 meum
549 1469 643 1513 τοῦ
699 1460 969 1535 ἀνθρώπου
1026 1461 1436 1533 νενομοθέτηται,
1485 1460 1576 1509 καὶ
1642 1455 1701 1508 οὐ

165 1549 207 1598 τὸ
237 1545 472 1601 ἀνάπαλιν.
524 1549 595 1603 ⁴Η
645 1555 736 1603 καὶ
785 1551 912 1603 αὐτό
962 1552 1020 1603 τὸ
1072 1547 1352 1616 Σάϐϐατον,
1400 1550 1488 1599 καὶ
1519 1546 1574 1597 αἱ
1602 1546 1703 1618 πρὸ

166 1637 305 1688 τούτου
347 1639 523 1712 ἡμέραι
584 1644 774 1709 πᾶσαι,
846 1635 922 1692 δι’
987 1637 1223 1711 ὠφέλειαν
1272 1646 1367 1692 τοῦ
1434 1633 1702 1710 ἀνθρώπου

156 1728 397 1794 γεγόνασιν,

211 1814 268 1865 0-5
296 1819 396 1888 χρὴ
437 1813 494 1870 δε
551 1817 859 1891 θαυμάζειν,
910 1818 955 1871 εἰ
1005 1819 1071 1870 τὰ
1239 1817 1388 1879 οὗτος
1416 1818 1443 1868 6
1492 1815 1703 1890 εὐαγγε-

157 1900 297 1967 λιστής
341 1909 685 1979 προστίθησι,
735 1909 802 1960 τὰ
840 1903 899 1960 δὲ
935 1909 1126 1967 ἐκεῖνος
1167 1906 1571 1979 παραλιμπάνει.
1604 1908 1703 1959 Καὶ

154 1994 230 2065 γὰρ
272 1993 363 2066 οὐχ
397 1995 505 2065 ἅμα
569 2004 645 2065 τῷ
704 1995 863 2068 λέγειν
919 1998 1006 2048 τὸν
1056 2000 1304 2070 Χριστὸν,
1365 1995 1584 2067 ἔγραφον
1637 1994 1702 2046 τὰ

148 2081 410 2153 Biar/ilia,
435 2086 520 2137 ἵνα
541 2090 638 2137 καὶ
655 2087 859 2137 πάντων
884 2086 1013 2156 ὁμοῦ
1040 2092 1138 2136 τῶν
1168 2084 1329 2136 αὑτοῦ
1352 2083 1516 2154 λόγων
1537 2081 1702 2155 ἀπομ-

150 2173 390 2237 νημονεύειν
411 2175 606 2245 ἔχοιεν·
642 2172 769 2226 ἀλλὰ
793 2176 921 2245 μετὰ
942 2173 1162 2236 πολλοὺς
1177 2174 1390 2247 ὕστερον
1416 2171 1698 2234 ἐνιαυτούς.

149 2260 222 2309 Καὶ
246 2257 381 2327 εἰκὸς,
413 2260 723 2338 ἀνθρώπους
754 2266 901 2325 ὄντας
933 2261 1140 2326 αὐτοὺς,
1170 2259 1506 2313 ἐπιλαθέσθαι
1528 2267 1699 2313 τινῶν.

150 2349 228 2397 Καὶ
251 2353 421 2409 ταύτην
451 2354 547 2423 ἔχε
578 2355 676 2409 τὴν
704 2350 852 2404 λύσιν
882 2349 965 2404 ἐπὶ
993 2351 1095 2403 τῶν
1118 2352 1366 2403 τοιούτων
1391 2350 1704 2421 προσθηκῶν

149 2451 191 2486 τι
224 2442 299 2489 καὶ
325 2438 707 2514 παραλειψεων.
753 2439 1004 2502 Πολλάκις
1062 2435 1123 2493 δε
1168 2442 1258 2491 καὶ
1296 2434 1390 2491 διὰ
1430 2440 1705 2510 συντομίαν

150 2525 240 2574 τινά
285 2544 407 2590 τινες
481 2527 897 2603 παρελίμπανον·
952 2530 1063 2582 ἔστι
1124 2523 1176 2581 δ’
1222 2528 1303 2580 ὅτε
1359 2531 1447 2580 καὶ
1504 2529 1567 2587 ὠ,
1615 2525 1708 2579 οὐκ

154 2622 383 2683 «vr/Min.

209 2707 288 2754 [at
336 2735 389 2744 —
426 2713 626 2760 αὐτῶν.
674 2705 733 2758 ’0
782 2701 841 2759 δε
895 2707 1104 2782 Μάρκος
1159 2702 1314 2771 εἶπεν,
1351 2705 1431 2757 ὅτι
1467 2707 1557 2757 καὶ
1601 2702 1708 2756 εἰσ-

157 2784 248 2841 ἕὶθε
288 2791 432 2845 πάλιν
475 2794 547 2856 εἰς
605 2798 695 2853 τὴν
727 2799 1037 2867 συναγωγὴν
1088 2793 1275 2846 αὐτῶν.
1303 2792 1362 2846 Ὀ
1406 2788 1465 2845 δὲ
1507 2796 1710 2851 Λουκᾶς

144 2885 445 2955 φανερώτερον
496 2887 726 2957 εἴρηκεν,
784 2884 863 2936 ὅτι
916 2884 1143 2957 Ἐγένετο
1197 2879 1257 2936 δὲ
1316 2886 1405 2934 καὶ
1451 2880 1499 2934 ἐν
1556 2880 1711 2953 ἑτέρῳ

142 2963 372 3039 Σαϐϐάτῳ,
427 2971 685 3025 εἰσελθεῖν
760 2972 914 3025 αὐτὸν
997 2972 1068 3035 εἰς
1123 2975 1217 3030 τὴν
1273 2973 1579 3042 συναγωγὴν
1621 2973 1712 3023 καὶ

140 3049 402 3112 διδάσκειν.

223 3187 360 3239 [ΕΦ.
395 3185 531 3243 KA'.
572 3192 704 3259 Περὶ
730 3193 824 3240 τοῦ
848 3186 1009 3260 ξηρὰν
1039 3188 1254 3260 ἔχοντος
1280 3190 1372 3245 τὴν
1402 3192 1580 3259 χεῖρα.

191 3310 278 3357 Καὶ
326 3304 445 3360 ἰδοὺ
478 3341 549 3351 -
587 3309 770 3385 ξηράν.
802 3309 861 3366 Ὀ
890 3307 949 3364 δί
994 3316 1201 3373 Λουκᾶς
1255 3308 1384 3378 εἷπε,
1425 3317 1513 3363 καὶ
1560 3312 1712 3362 ποίαν

132 3397 289 3467 χοῐραε
333 3396 571 3470 γράψας.
627 3399 707 3450 ὅτι
755 3403 856 3451 Καὶ
931 3402 960 3457 ἡ
1005 3403 1127 3475 χεὶρ
1178 3398 1335 3451 αὐτοῦ
1390 3400 1420 3456 ἠ
1467 3393 1617 3460 δεξιὰ
1653 3392 1713 3455 ἧν

132 3479 260 3551 imi.

192 3574 277 3622 Καὶ
308 3603 373 3612 -
405 3575 601 3630 αὑτοῦ.
647 3575 1058 3644 Ὑποπτεύοντες,
1089 3577 1171 3629 ὅτι
1205 3575 1359 3629 πάλιν
1390 3575 1437 3627 ἐν
1466 3572 1714 3647 Σαϐϐάτῳ

131 3657 406 3729 θεραπεύσει
479 3666 657 3734 τινὰς,
744 3663 1328 3739 προκαταλαμϐάνουσιν
1418 3664 1573 3717 αὐτὸν
1648 3669 1711 3736 τῇ

131 3744 376 3817 ἱρωτήσει,
410 3754 499 3806 ἵνα
522 3751 913 3825 ἀποκριθέντος,
932 3754 1009 3806 ὅτι
1026 3752 1208 3818 ἔξεστι,
1232 3752 1459 3807 λάϐωσιν
1477 3754 1714 3828 ἀφορμὴν

124 3840 201 3886 καὶ
245 3847 702 3916 κατηγορήσωσιν
777 3841 935 3895 αὐτοῦ
1004 3840 1203 3910 λοιπὸν,
1256 3843 1321 3904 ὡς
1389 3845 1710 3915 παρανόμου,

128 3927 206 3976 ui
244 3928 552 3983 κωλύσωσιν
586 3930 727 3983 οὕτω
754 3934 848 3990 τὴν
880 3933 1170 4005 θεραπείαν,
1204 3935 1293 3984 καὶ
1339 3935 1460 3993 τοὺς
1491 3929 1591 3983 ἀπὸ
1620 3936 1717 3993 τῆς

129 4012 370 4086 θεραπείας
396 4021 680 4074 πιστεύειν
706 4019 1000 4092 μέλλοντας.
1030 4020 1277 4095 Ἠροῦντο
1303 4019 1417 4091 (72)
1445 4021 1547 4092 γὰρ
1576 4020 1715 4093 φθεί-

124 4106 286 4170 ρεσθαι
312 4116 425 4171 ταῖς
471 4114 661 4169 νόσοις
704 4113 820 4170 τοὺς
860 4108 1165 4182 ὁμοφύλους,
1216 4111 1245 4167 ἤ
1281 4104 1599 4171 δοξάζεσθαι
1630 4109 1717 4159 τὸν

124 4195 348 4266 Χριστὸν,

180 4280 232 4333 ’0
253 4280 311 4336 δε
340 4316 409 4325 -
434 4285 617 4361 bigati
641 4302 656 4353 ;
679 4292 836 4359 Ὅρα,
870 4295 975 4347 πῶς
1000 4286 1117 4358 (73)
1145 4284 1504 4357 συλλογίζεται
1535 4285 1720 4346 αὐτοὺς

126 4362 208 4420 διὰ
251 4380 338 4425 τοῦ
388 4372 836 4448 παραδείγματος
896 4377 1082 4427 τούτου
1138 4378 1228 4426 καὶ
1288 4369 1527 4426 δείκνυσι
1582 4373 1720 4445 φιλο-

126 4463 415 4529 χρημάτους
459 4463 689 4536 μᾶλλον,
724 4464 753 4521 ἦ
808 4462 1217 4536 φιλανθρώπους,
1265 4466 1355 4513 καὶ
1405 4469 1601 4519 κτηνῶν
1632 4465 1720 4534 μὲν

132 4543 457 4620 μειϐομ-ρους,
495 4551 808 4624 ἀνθρώπους
860 4548 921 4602 δε
948 4551 1043 4603 οὐκ
1096 4550 1373 4611 ἐλεοῦντας.
1428 4555 1720 4624 Παρατήρει

128 4628 178 4685 δὲ
204 4642 304 4701 καὶ,
334 4649 447 4702 πῶς
492 4640 690 4692 calore
724 4642 813 4711 μὲν
842 4637 994 4699 ἄλλας
1033 4637 1317 4710 ἀπολογίας
1359 4646 1579 4691 ποιεῖται
1608 4643 1724 4713 περὶ

124 4729 201 4782 τῆς
224 4742 312 4777 του
343 4727 633 4781 Σαϐϐάτου
687 4726 901 4787 λύσεως·
933 4729 1111 4790 πάσας
1140 4723 1200 4780 δε
1243 4726 1588 4788 καταλλήλους
1618 4735 1727 4789 τοὶς

127 4815 434 4885 πράγμασιν,
492 4818 592 4869 ἵνα
621 4820 711 4868 καὶ
739 4819 826 4868 τὸν
854 4823 1006 4888 νόμον
1037 4815 1258 4887 εὐλόγως
1286 4814 1584 4889 ἀναπαύσῃ,
1635 4821 1724 4870 καὶ

131 4904 189 4964 μή
220 4902 385 4976 πλήξῃ
411 4909 546 4965 τοὺς
574 4900 890 4966 Ἰουδαίους.

186 5051 227 5086 ’τ
252 5052 431 5111 lare.
466 5069 536 5119 ιι,
571 5057 669 5110 27.
748 5055 795 5091 ⁸⁸
822 5053 996 5112 Marc.
1031 5070 1111 5121 ix,
1141 5058 1193 5111 6.
1272 5055 1319 5090 θ’
1350 5054 1464 5111 Luc
1495 5069 1568 5119 v1,
1592 5057 1645 5111 6.

1803 476 1923 531 tem
1942 491 2117 532 suam
2145 476 2729 533 ostendit.lnterdum
2753 478 3051 550 siquidem
3071 480 3230 538 hanc
3246 481 3458 539 obum-

1802 566 1937 621 brat
1975 569 2219 636 propter
2258 566 2544 623 obtusum
2584 571 2898 640 aspectum
2933 569 3018 642 (Ιι)
3060 572 3459 644 ιιυξετεηιὶαω

1807 653 2088 725 carpendi
2129 670 2340 711 ansam
2383 670 2395 709 :
2429 656 2792 729 quandoque
2836 673 2979 715 vero
3009 659 3349 720 manifestat
3377 660 3459 718 ob

1806 746 2041 798 acutum
2099 743 2298 799 visum
2353 744 2804 804 modestiorum.
2871 745 3162 805 Dominus
3217 755 3327 816 est,
3376 751 3462 806 in-

1806 831 1950 903 quit,
1998 831 2243 888 Sabbati
2280 831 2384 904 qui
2438 833 2782 891 incarnatus
2829 839 2917 893 est
2968 839 3169 908 utpote
3220 836 3460 896 effector

1807 935 1878 975 ac
1906 918 2205 988 legislator
2236 923 2363 992 ejus
2394 937 2406 976 :
2441 920 2642 993 itaque
2668 937 2763 978 me
2782 923 3036 981 Domino
3064 930 3356 996 praesente
3381 942 3451 984 ac

1808 1008 2110 1074 tolerante,
2143 1024 2251 1064 vos
2270 1008 2486 1066 frustra
2512 1025 2680 1066 meos
2709 1011 3178 1070 condemnastis.

1882 1101 1941 1151 In
1984 1097 2300 1170 Evangelio
2321 1102 2523 1157 autem
2538 1099 2711 1170 juxta
2731 1102 2991 1158 Marcum
3015 1102 3195 1160 aliam
3217 1118 3461 1178 quoque

1807 1185 2071 1242 invenire
2124 1191 2211 1242 est
2272 1187 2749 1260 responsionem,
2809 1189 2914 1247 ubi
2975 1190 3056 1247 ait
3126 1191 3392 1249 Christus
3444 1211 3458 1251 :

1807 1274 2127 1332 Sabbatum
2144 1281 2389 1346 propter
2427 1276 2714 1334 hominem
2732 1278 2961 1348 factum
2999 1284 3101 1348 est,
3139 1296 3255 1337 non
3285 1282 3459 1339 homo

1807 1370 2050 1435 propter
2068 1364 2386 1421 Sabbatum
2410 1366 2477 1432 ⁸⁷,
2496 1365 2611 1423 hoc
2631 1370 2741 1432 est,
2767 1366 3012 1425 Sabbati
3036 1369 3228 1427 otium
3249 1371 3329 1427 ad
3353 1371 3461 1429 ho-

1811 1453 1990 1509 minis
2010 1452 2319 1510 utilitatem
2342 1457 2630 1511 statutum
2659 1459 2768 1521 est,
2798 1460 2853 1512 et
2869 1472 2989 1513 non
3012 1475 3041 1513 e
3065 1458 3320 1516 diverso.
3349 1461 3464 1516 Aut

1813 1542 1882 1598 eti
1893 1557 1991 1599 am
2008 1541 2332 1599 Sabbatum
2358 1542 2580 1614 ipsum,
2605 1544 2921 1617 cunctique
2942 1545 3069 1602 dies
3087 1547 3232 1606 illud
3246 1562 3465 1622 prince-

1813 1632 2039 1696 dentes,
2072 1631 2145 1689 ad
2171 1632 2429 1689 hominis
2455 1632 2769 1691 utilitatem
2799 1633 2936 1692 facti
2960 1640 3115 1693 sunt.

1883 1810 2010 1864 Non
2040 1811 2239 1864 autem
2289 1806 2716 1867 admirandum
2765 1815 2876 1878 est,
2910 1811 2960 1867 si
2989 1814 3269 1885 quaedam
3308 1833 3466 1877 unus

1810 1896 2177 1968 evangelista
2209 1896 2508 1969 proponit,
2551 1898 2703 1955 alius
2738 1915 2874 1957 vero
2914 1906 3323 1973 praetermittit.
3357 1911 3467 1965 Ne-

1809 2002 1924 2062 que
1944 1987 2106 2042 enim
2137 1985 2334 2053 simul,
2364 1990 2426 2041 ut
2445 1984 2712 2045 Christus
2738 1989 3119 2062 loquebatur,
3143 1996 3468 2067 Evangelia

1811 2075 2192 2148 scripserunt,
2251 2078 2319 2130 ut
2375 2075 2642 2133 omnium
2703 2077 2884 2135 etiam
2935 2080 3260 2140 verborum
3307 2084 3466 2143 illius

1811 2168 2056 2237 possent
2084 2163 2448 2230 meminisse,
2496 2180 2593 2221 sec
2624 2165 2828 2223 multis
2860 2169 3237 2240 postmodum
3271 2174 3466 2241 annis,

1811 2258 1866 2311 et
1894 2253 1975 2310 ita
1994 2251 2315 2309 verisimile
2340 2256 2451 2319 est,
2484 2268 2623 2310 cum
2648 2255 2921 2313 homines
2942 2263 3160 2325 essent,
3183 2275 3470 2333 quorum-

1814 2343 1955 2399 dam
1975 2338 2386 2399 oblitosfuisse
2409 2357 2423 2396 :
2445 2340 2604 2399 hanc
2616 2359 2756 2415 ergo
2775 2360 2844 2402 ac
2861 2346 3080 2405 similia
3096 2347 3469 2409 additamen-

1815 2436 1871 2488 ta
1902 2428 2540 2503 autprastermissiones
2564 2431 2785 2490 habeto
2824 2434 3203 2494 solutionem.
3244 2440 3473 2512 Saepius

1815 2535 2053 2593 quoque
2064 2518 2370 2575 brevitatis
2386 2533 2572 2576 causa
2585 2521 2863 2593 quaedam
2878 2523 3063 2598 aliqui
3078 2526 3469 2599 reliquerunt:

1815 2607 2115 2665 interdum
2144 2608 2323 2665 etiam
2353 2611 2636 2682 tanquam
2659 2625 2782 2667 non
2811 2613 3178 2673 necessaria.
3485 2654 3495 2665 .

1887 2698 2054 2757 Vers.
2105 2703 2157 2755 9.
2188 2699 2266 2754 Et
2300 2698 2646 2756 —illorum.
2695 2702 2921 2758 Marcus
2960 2707 3163 2762 autem
3216 2704 3366 2765 dixit
3395 2708 3468 2777 ⁸⁸,

1818 2787 1983 2860 quod
2001 2802 2242 2844 rursum
2267 2787 2564 2858 ingressus
2585 2792 2675 2845 est
2698 2806 3093 2862 synagogam.
3121 2793 3313 2852 Lucas
3330 2811 3472 2855 vero

1820 2876 2195 2934 manifestius
2220 2876 2452 2933 locutus
2481 2881 2589 2945 est,
2620 2877 2826 2935 dicens
2854 2895 2867 2935 :
2891 2880 3141 2940 Factum
3171 2889 3255 2941 est
3279 2892 3472 2945 autem

1821 2972 1885 3022 ut
1901 2967 2085 3022 altera
2105 2980 2324 3039 quoque
2341 2965 2596 3024 Sabbato
2616 2967 3029 3040 ingrederetur
3048 2988 3404 3048 synagogam
3414 2982 3472 3034 et

1751 3072 1791 3129 ο
1821 3054 2039 3112 doceret
2056 3056 2126 3110 ⁵⁸.

1894 3178 2042 3236 CAP.
2075 3178 2212 3235 XXI.
2247 3177 2333 3236 De
2361 3192 2425 3236 eo
2463 3178 2569 3251 qui
2592 3194 2837 3238 manum
2870 3181 3116 3241 habebat
3143 3186 3401 3244 aridam.

1891 3305 2049 3360 Vers.
2084 3304 2169 3359 10.
2211 3303 2287 3361 Et
2320 3318 2444 3361 ecce
2473 3334 2543 3344 -
2568 3305 2824 3362 aridam.
2852 3306 3042 3364 Lucas
3082 3312 3276 3365 autem
3325 3309 3477 3368 dixit

1824 3393 2004 3451 etiam
2015 3396 2146 3449 utra
2157 3408 2373 3449 manus
2388 3397 2449 3449 at
2465 3392 2657 3458 fuerit,
2675 3408 2813 3451 cum
2840 3394 3150 3454 scriberet:
3172 3397 3249 3455 Et
3264 3414 3476 3457 manus

1824 3484 1945 3553 ejus
1975 3481 2223 3539 dextera
2260 3489 2401 3539 erat
2424 3482 2601 3539 arida
2626 3481 2697 3540 7°.

1892 3571 1969 3627 Et
1996 3600 2064 3611 -—
2101 3585 2252 3628 eum.
2309 3570 2689 3643 Suspicantes
2726 3572 2894 3646 quod
2949 3588 3158 3631 rursus
3204 3576 3481 3635 Sabbatis

1823 3661 2122 3734 quosdam
2133 3662 2448 3716 curaturus
2460 3659 3111 3733 esset,interrogatione
3122 3678 3262 3721 eum
3275 3666 3483 3723 antici-

1824 3754 1964 3825 pant
1998 3754 2060 3806 ut
2090 3765 2103 3804 ε
2130 3765 2268 3806 cum
2297 3749 2708 3821 respondisset
2734 3749 2958 3810 licitum
2998 3768 3150 3823 esse,
3181 3760 3481 3814 sumerent

1823 3838 2198 3896 occasionem
2232 3836 2401 3895 illum
2433 3837 2563 3910 jam
2601 3840 2927 3898 accusandi
2973 3849 3263 3917 tanquam
3294 3848 3482 3903 trans-

1824 3943 2159 3999 gressorem
2193 3944 2206 3983 :
2236 3930 2293 3982 et
2322 3927 2403 3984 ita
2430 3928 2830 4000 prohiberent,
2849 3935 2907 3988 et
2929 3930 3098 3989 illum
3128 3949 3198 3990 ne
3227 3940 3483 4009 curaret,

1824 4021 1882 4073 et
1904 4016 2047 4074 alios
2068 4017 2171 4089 qui
2190 4022 2433 4089 propter
2464 4018 2745 4076 sanitates
2774 4017 3029 4078 fuissent
3044 4021 3340 4080 credituri.
3364 4025 3483 4083 Ma-

1823 4106 2021 4162 lebant
2047 4105 2206 4161 enim
2232 4121 2355 4162 suae
2381 4106 2571 4177 gentis
2587 4105 2865 4167 homines
2895 4110 3121 4168 morbis
3151 4113 3478 4186 corrumpi,

1826 4208 2009 4269 quam
2028 4192 2324 4250 Christum
2350 4193 2689 4265 gloriﬁcari.

1899 4282 2061 4339 Vers.
2106 4285 2188 4337 ll.
2221 4281 2332 4339 Ille
2367 4287 2556 4339 autem
2599 4314 2670 4325 —
2707 4284 2885 4356 eriget
2915 4284 2945 4340 τ
2973 4285 3127 4354 Vide,
3170 4287 3481 4359 quomodo

1830 4369 1959 4427 illos
1994 4370 2111 4426 hoc
2158 4371 2429 4442 exemplo
2468 4371 2841 4438 concluserit,
2887 4373 3210 4430 ostendens
3246 4390 3483 4449 posses-

1832 4460 2069 4516 sionum
2098 4458 2295 4530 potius
2321 4464 2621 4517 amatores
2655 4476 2786 4518 esse
2816 4476 3002 4534 quam
3030 4461 3344 4522 hominum
3378 4481 3392 4523 :
3426 4471 3484 4524 et

1831 4547 1995 4622 quod
2016 4547 2296 4618 jumentis
2312 4553 2635 4620 parcentes,
2661 4550 2977 4607 hominum
2998 4566 3115 4609 non
3135 4552 3487 4615 misereren-

1834 4642 1948 4694 tur.
1977 4636 2237 4693 Osberva
2276 4639 2452 4694 etiam
2478 4654 2601 4710 quo
2620 4643 2794 4711 pacto
2819 4639 3087 4698 diversas
3115 4643 3292 4701 variis
3315 4645 3379 4702 in
3401 4645 3487 4704 lo-

1835 4726 1917 4781 cis
1964 4725 2194 4783 dederit
2228 4725 2304 4783 de
2350 4725 2598 4784 Sabbati
2641 4727 2934 4786 solutione
2975 4730 3255 4801 rationes,
3309 4738 3489 4807 prout

1834 4829 1930 4871 res
1961 4814 2294 4887 expetebat,
2324 4819 2388 4873 ut
2411 4816 2843 4877 rationabiliter
2859 4817 3056 4892 legem
3081 4821 3346 4891 solveret,
3374 4839 3486 4883 nec

1834 4907 2040 4962 tamen
2054 4904 2082 4959 J
2090 4903 2293 4963 udaeos
2317 4906 2702 4978 perturbaret.

1725 5054 1773 5090 7°
1799 5052 1948 5110 ibid.

1338 5173 1563 5242 Variae
1600 5173 1927 5243 lectiones
1959 5184 2023 5243 et
2053 5185 2255 5244 notae.

178 5318 290 5457 g2)
316 5320 357 5374 i.
380 5335 444 5375 θ.
481 5325 839 5396 προῃροῦντο,
872 5316 1212 5390 intelligitur
1238 5318 1392 5374 enim
1417 5316 1627 5390 μᾶλλον.

234 5393 287 5457 3)
330 5392 721 5457 συλλογίζεται
739 5395 828 5443 καὶ
863 5386 1126 5444 δείκνυσιν
1152 5389 1342 5451 αὐτοὺς
1370 5389 1627 5457 φιλοχρηρ

234 5393 287 5459 3)
330 5386 721 5465 qundecim
739 5395 828 5443 καὶ
863 5386 1126 5444 δείκνυσιν
1152 5389 1342 5451 αὐτοὺς
1370 5386 1708 5463 φιλοχρημάτ

1889 5387 2031 5445 ltell.
2073 5387 2242 5452 ὂντας.
2274 5391 2360 5450 Ita
2396 5393 2671 5456 cohteret.

184 5513 271 5583 (It)
300 5516 605 5574 Obtmm
630 5522 937 5588 aspectum.
960 5515 1209 5573 Hebetes
1239 5514 1466 5586 oculos,
1494 5515 1679 5573 hebes
1707 5514 2045 5587 ingenium.
