3906 6202
401 306 501 369 δτι

475 442 631 496 Vers.
672 439 756 495 12.
800 440 1022 506 Quanto
1050 468 1117 482 -
1155 454 1269 495 ove.
1302 440 1447 495 Cum
1484 438 1565 495 illi
1597 454 1707 496 suo
1739 440 1968 496 silentio
2007 440 2060 496 ei
2089 441 2132 495 Α

403 530 754 586 assentirent
788 545 801 586 :
842 528 902 585 id
934 530 1092 585 enim
1121 528 1281 601 quod
1314 528 1438 600 ipse
1464 528 1927 599 interrogaverat
1969 529 2058 585 lex

398 618 794 690 permittebat,
845 634 955 674 nec
998 617 1404 673 contradicere
1441 623 1757 689 poterant:
1792 618 2059 674 enuntia-

400 707 516 763 tive
549 707 714 769 dixit,
740 707 905 778 quod
938 707 1121 763 homo
1153 707 1328 776 longe
1356 706 1586 775 dignior
1617 711 1704 761 est
1733 722 1859 761 ove.

472 799 630 850 Vers.
664 796 752 852 12.
792 796 950 852 Licet
982 797 1185 866 itaque
1214 826 1271 836 ~
1303 795 1655 864 benefacere.
1686 798 1832 850 Cum
1865 810 2060 852 exem-

398 884 500 956 plo
554 885 632 939 ab
672 901 779 940 ove
819 890 1051 955 sumpto
1092 883 1314 939 illorum
1354 899 1460 939 ora
1498 883 1855 951 oblurasset,
1896 884 2060 939 dein-

401 990 542 1043 ceps
574 973 649 1028 ad
678 973 761 1037 id,
794 972 959 1043 quod
996 971 1070 1028 ab
1092 974 1173 1026 eis
1207 972 1688 1040 interrogaverat,
1716 972 2055 1042 respondet.

403 1061 710 1133 Siquidem
737 1062 966 1116 Marcus
992 1061 1065 1096 ⁷ο·
1090 1066 1145 1115 et
1170 1062 1356 1116 Lucas
1379 1062 1419 1095 τι
1440 1060 1660 1125 dicunt,
1686 1061 1849 1132 quod
1877 1061 2056 1116 etiam

400 1149 710 1205 hominem
762 1149 1026 1205 statuerit
1070 1148 1130 1204 in
1185 1149 1473 1212 medium,
1516 1153 1572 1204 et
1612 1149 2062 1217 interrogaverit

402 1254 504 1295 eos
550 1262 560 1295 :
627 1240 839 1295 Utrum
880 1238 1007 1294 licet
1051 1238 1319 1295 Sabbatis
1366 1239 1722 1307 benefacere,
1762 1254 1839 1293 an
1885 1239 2062 1294 mate-

398 1328 595 1396 facere
630 1328 658 1381 ‘I
702 1328 1019 1399 Postquam
1065 1327 1227 1383 enim
1266 1327 1351 1382 eis
1395 1327 1803 1398 responderat,
1858 1326 2062 1382 statuit

401 1416 568 1471 illum
593 1415 652 1471 in
678 1415 965 1478 medium,
992 1419 1055 1471 ut
1082 1431 1116 1470 a
1137 1414 1462 1471 miserabili
1496 1420 1742 1486 aspectu
1780 1413 2063 1471 dissolve-

400 1508 489 1560 ret
541 1504 737 1559 cordis
786 1504 1019 1559 illorum
1068 1503 1373 1567 duritiem,
1425 1503 1628 1575 eisque
1674 1504 2063 1575 persuaderet

400 1597 464 1649 ut
494 1592 783 1648 invidiam
806 1592 1151 1662 abjicerent,
1186 1592 1615 1663 conSpicientes
1638 1592 1804 1663 quod
1826 1606 2062 1664 semper

400 1682 631 1738 bonum
671 1682 743 1736 sit
782 1697 883 1735 eos
932 1681 1035 1753 qui
1066 1681 1197 1737 dira
1226 1682 1535 1752 patiuntur
1565 1696 1795 1737 curare.
1842 1680 2061 1737 Deinde

407 1775 635 1840 contra,
669 1770 846 1827 etiam
877 1769 1008 1825 illos
1032 1769 1511 1841 inexplicabilem
1554 1770 1876 1840 interrogat
1902 1784 2065 1840 quaa-
2096 1790 2140 1844 Β

403 1861 672 1917 stionem.
698 1863 767 1915 At
784 1859 861 1913 illi
878 1859 1120 1915 veritate
1142 1858 1469 1927 redarguti,
1493 1858 1773 1914 tacebant
1792 1858 2058 1930 quidem,

404 1950 509 2005 sed
540 1950 619 2005 ob
642 1964 889 2019 pravam
921 1948 1290 2004 voluntatem
1312 1963 1426 2003 non
1445 1947 1617 2019 plene
1641 1947 1693 2001 ei
1723 1947 2063 2018 acquiesce-

400 2038 549 2094 bant
579 2057 591 2105 ;
626 2037 879 2109 ideoque
918 2052 1057 2092 cum
1088 2037 1175 2092 ira
1205 2035 1719 2106 circumspiciebat
1744 2051 1867 2100 eos,
1913 2036 2064 2091 sicut

403 2127 546 2183 dicit
570 2129 794 2183 Marcus
818 2126 884 2189 ⁷³,
915 2141 1038 2197 quo
1064 2125 1194 2181 illos
1230 2125 1640 2191 confunderet,
1674 2124 2060 2180 contristatus

405 2231 585 2287 super
615 2214 830 2271 duritia
848 2214 1041 2269 cordis
1058 2214 1351 2285 ipsorum.
1371 2218 1519 2270 Nam
1537 2212 1616 2271 ab
1643 2213 1869 2269 invidia
1891 2213 2063 2268 indu-

404 2310 623 2369 ratum,
656 2319 766 2361 nec
793 2307 1037 2375 aspectu
1059 2303 1377 2360 miserabili
1398 2302 1772 2376 placabatur,
1801 2317 1911 2358 nec
1946 2316 2064 2357 ser-

406 2408 651 2449 monem
682 2392 776 2447 cui
814 2391 1216 2447 contradicere
1240 2407 1358 2447 non
1392 2396 1689 2464 poterant,
1714 2389 2059 2462 recipiebat.

476 2482 642 2537 Vers.
686 2482 770 2536 13.
823 2483 980 2535 Tunc
1027 2481 1111 2536 ait
1151 2511 1219 2520 —
1260 2482 1474 2537 altera.
1515 2479 1638 2536 Suo
1694 2479 1857 2536 hunc
1900 2480 2063 2550 jussu

406 2571 635 2627 curavit
669 2586 687 2626 :
731 2574 787 2625 et
827 2569 961 2625 illos
1007 2573 1325 2633 exterrens,
1354 2573 1408 2625 et
1447 2570 1634 2625 Deum
1686 2585 1750 2625 se
1792 2584 1918 2624 esse
1957 2584 2061 2624 os-

408 2662 672 2717 tendens.
724 2660 924 2715 Gestat
966 2663 1168 2713 autem
1210 2658 1478 2714 dextram
1525 2673 1775 2713 manum
1835 2657 2065 2713 aridam

406 2749 679 2822 quisquis
707 2748 1012 2804 dexteram
1039 2746 1445 2819 operationem
1472 2762 1593 2803 non
1620 2750 1852 2803 exercet
1884 2762 1896 2801 :
1925 2745 2062 2802 dico

409 2854 556 2897 sane
583 2838 875 2895 virtutem.

475 2928 639 2984 Vers.
672 2927 763 2981 14.
798 2924 1088 2982 Pharisaei
1111 2939 1240 2980 vero
1270 2954 1335 2964 —
1365 2927 1695 2993 perderent.
1732 2924 2065 2981 Consilium

407 3019 691 3087 ceperunt
728 3015 878 3069 inter
917 3028 979 3068 se
1018 3012 1297 3069 invicem.
1340 3013 1573 3070 Marcus
1604 3018 1807 3071 autem
1846 3014 1988 3069 dicit
2016 3012 2064 3050 ⁷³

406 3103 571 3176 quod
620 3118 758 3159 cum
808 3101 1151 3159 Herodianis
1203 3103 1631 3169 consultarunt,
1687 3103 1792 3175 qui
1845 3106 1899 3159 et
1955 3101 2063 3173 ipsi

407 3206 623 3263 genere
672 3190 916 3264 quidem
966 3194 1133 3247 erant
1178 3190 1390 3257 Judaei,
1442 3191 1816 3248 vehementer
1864 3196 2064 3247 autem

405 3280 697 3337 Herodem
743 3279 1038 3345 colebant,
1088 3284 1144 3337 et
1174 3280 1372 3351 ipsum
1411 3294 1539 3335 esse
1583 3280 1864 3337 dicebant
1900 3278 2067 3335 Chri-

408 3376 567 3426 stum
607 3386 643 3426 a
686 3369 993 3443 prophetis
1024 3370 1405 3440 promissum.
1443 3367 1592 3424 Nam
1631 3369 1772 3440 quia
1810 3368 2063 3440 prophe-

405 3463 594 3515 tatum
630 3463 755 3515 erat
791 3462 929 3514 tunc
969 3463 1288 3512 venturum
1330 3472 1456 3512 esse
1496 3457 1789 3512 Christum
1819 3458 2065 3527 quando

405 3547 680 3604 deﬁceret
708 3547 811 3618 qui
841 3562 912 3601 ex
937 3545 1155 3600 Judaeis
1181 3545 1519 3615 imperaret,
1543 3543 1837 3599 defecerat
1866 3550 2064 3601 autem

405 3634 615 3690 diebus
654 3634 898 3689 Herodis
927 3633 1029 3704 qui
1070 3631 1326 3689 infantes
1358 3636 1692 3696 necaverat,
1732 3633 1959 3704 primus
1994 3633 2067 3688 si-

405 3721 653 3793 quidem
674 3720 769 3776 hic
790 3718 1365 3789 alienigenaJudaais
1381 3719 1691 3792 imperavit
1714 3742 1724 3775 :
1749 3720 1882 3775 ideo
1906 3720 2066 3778 hunc

406 3824 535 3865 esse
574 3808 1039 3880 suspicabantur
1076 3808 1178 3881 qui
1229 3811 1517 3862 venturus
1559 3808 2059 3880 exspectabatur;

405 3904 463 3955 et
496 3897 795 3968 conjuncti
830 3896 1103 3961 invicem,
1150 3896 1454 3969 propriam
1500 3895 1768 3954 iecerunt
1816 3903 2061 3956 sectam.

405 3990 471 4043 Et
514 3987 656 4059 quia
703 3985 996 4041 Herodem
1048 3985 1368 4055 plurimum
1413 3986 1716 4051 amabant,
1750 3988 2063 4045 Herodiani

404 4073 811 4147 cognominati
842 4078 995 4128 sunt.
1024 4075 1159 4129 Haec
1199 4074 1397 4145 itaque
1428 4076 1501 4129 de
1530 4075 1875 4132 Herodianis
1906 4078 2064 4133 dicta

404 4166 536 4220 sint.
569 4165 646 4219 De
670 4162 889 4219 Iudaeis
915 4166 1115 4219 autem
1144 4162 1291 4218 dixit
1312 4163 1501 4219 Lucas
1523 4164 1594 4231 7‘,
1629 4165 1788 4235 quod
1820 4165 2063 4222 demen-

403 4256 480 4311 tia
518 4252 723 4326 repleti
755 4256 912 4318 sunt,
947 4257 1003 4308 et
1032 4257 1241 4310 mutuo
1271 4252 1785 4324 colloquebautur,
1814 4255 2060 4326 quidam

401 4345 515 4417 ipsi
566 4346 706 4399 Jesu
758 4341 1035 4398 facerent.
1089 4343 1287 4413 Neque
1348 4341 1503 4397 enim
1548 4341 1742 4397 solum
1775 4345 2062 4415 perterriti

400 4448 523 4489 non
549 4435 737 4497 erant,
770 4430 875 4485 sed
901 4434 955 4485 et
982 4429 1210 4485 invidia
1253 4429 1646 4494 obtenebrati,
1680 4436 1735 4485 et
1766 4431 2062 4488 dementia

401 4521 606 4591 repleti
636 4526 803 4576 erant
835 4536 850 4585 ;
893 4523 949 4574 et
994 4519 1253 4590 primum
1288 4518 1534 4590 quidem
1567 4518 2062 4591 colloquebantur

403 4608 695 4678 quidnam
724 4607 838 4677 ipsi
868 4606 1305 4671 facerentmali,
1336 4606 1553 4663 deinde
1581 4608 2064 4666 consultaverunt

404 4694 469 4746 ut
494 4704 632 4744 eum
662 4689 1076 4746 interﬁcerent.

474 4780 747 4833 Ver-8.15.
793 4780 959 4834 Jesus
1006 4785 1197 4836 autem
1227 4809 1297 4821 —
1324 4778 1476 4837 inde.
1522 4780 1762 4852 Oportet
1814 4781 1973 4839 enim
2027 4797 2064 4839 a

403 4865 606 4941 pravis
623 4865 895 4923 recedere
924 4885 937 4925 :
964 4882 1072 4923 nec
1096 4884 1153 4924 se
1174 4868 1450 4940 periculis
1472 4868 1833 4941 obiiciendo,
1854 4885 2061 4928 eorum

478 4992 547 5029 το·
574 4998 749 5051 Marc.
781 5006 868 5064 ιιι,
896 4992 951 5051 3.
1026 4993 1068 5029 ⁷¹
1106 4994 1243 5050 Luc.
1276 5008 1349 5059 γι,
1379 4993 1430 5047 9.
1512 4994 1558 5028 ⁷³
1589 4994 1766 5049 Marc.
1798 5009 1878 5059 ιιι,
1908 4999 1959 5048 5.

1718 313 2079 373 EUTHYMII
2115 312 2416 370 ZIGABEN
2422 312 2441 368 Ι

2034 4996 2083 5031 ⁷³
2113 4994 2260 5052 ibid.
2291 5000 2347 5053 6.

3633 319 3715 376 372

2241 444 2394 510 Πόσῳ
2452 469 2519 479 -
2598 439 2882 514 προϐάτου.
2957 441 3485 514 Συνομολογησάντων
3564 444 3713 511 αὐτῶν,

2170 525 2263 580 διὰ
2318 536 2414 589 τῆς
2463 535 2684 589 σιωπῆς
2737 533 2949 603 καὶγὰρ
2984 532 3009 581 ὁ
3061 536 3213 603 νόμος
3260 530 3720 606 ἐπέτρεπεν,όήρω-

2167 635 2313 686 τησε,
2346 622 2435 669 καὶ
2466 620 2718 670 ἀντειπεῖν
2741 618 2834 671 οὐκ
2882 616 3158 677 ἡδύνειν-ω’
3208 624 3363 691 φησὶν
3385 618 3717 692 ἀποφαντικῶς,

2169 708 2248 757 ὅτι
2289 705 2455 775 πολλῷ
2498 712 2801 779 τιμιώτερος
2826 706 2968 759 ἐστιν
3007 709 3033 759 ό
3064 709 3334 782 ἄνθρωπος
3357 716 3449 760 τοῦ
3478 708 3718 782 προϐάτου.

2236 792 2395 845 Ὠστε
2439 794 2605 855 ἔξεστι
2657 825 2726 834 -
2782 794 2944 855 καλῶς
2980 804 3171 853 ποιεῖν,
3223 798 3319 849 Διά
3370 803 3460 848 τοῦ
3517 802 3630 850 κατὰ
3675 805 3721 852 τὸ

2167 880 2424 953 πρόϐατον
2450 879 2879 955 παραδείγματος
2911 890 3151 956 φιμώσας
3177 884 3387 951 αύτούς,
3418 886 3583 937 λοιπόν
3600 887 3723 960 ὃω)

2169 970 2415 1043 ἠρωτήθη
2469 970 2593 1042 παρ’
2640 972 2823 1039 αὐτῶν,
2883 971 3234 1047 ἀποκρίνεται.
3298 976 3507 1048 Μάρκος
3568 972 3723 1029 δὲκαὶ

2170 1065 2375 1117 Λουκᾶς
2422 1079 2598 1129 φασιν,
2653 1063 2732 1112 ὅτι
2781 1066 2869 1113 καὶ
2919 1065 3108 1119 ἔστησε
3158 1065 3244 1114 τὸν
3302 1063 3560 1137 ἄνθρωπον
3592 1065 3649 1127 εἰς
3678 1070 3723 1117 τὸ

2169 1151 2345 1218 μέσον,
2377 1152 2468 1199 καὶ
2508 1150 2772 1222 ἠρώτησεν
2814 1149 3023 1217 αύτούς,
3075 1155 3127 1202 τί
3158 1150 3325 1213 ἔξεστι
3354 1160 3458 1211 τοῖς
3490 1151 3725 1219 metam,

2171 1237 2561 1305 ἀγαθοποιῆσαι
2611 1238 2641 1297 ἢ
2686 1246 3063 1297 κακοποιῆσαι.
3126 1242 3271 1293 Μετά
3306 1243 3407 1312 γὰρ
3459 1244 3517 1292 τὸ
3554 1240 3728 1315 ἀποκρι-

2177 1326 2329 1382 θῆναι
2383 1324 2577 1391 αὐτοῖς,
2630 1328 2846 1384 ἔστησεν
2896 1328 3052 1380 αὐτὸν
3110 1328 3175 1387 εἰς
3230 1332 3286 1381 τό
3325 1333 3505 1401 μέσον,
3537 1332 3608 1382 ἶνα
3652 1329 3731 1384 ἀπὸ

2177 1422 2265 1473 τῆς
2319 1412 2537 1476 ἐλεεινῆς
2596 1417 2707 1475 θέας
2788 1416 3126 1489 καταμαλάξῃ
3180 1422 3272 1475 τὴν
3354 1416 3732 1493 σκληροκαρδίαν

2173 1501 2360 1565 αὐτῶν,
2390 1507 2479 1555 καὶ
2508 1508 2664 1576 πείσῃ
2716 1508 2930 1567 τούτους
2982 1504 3271 1558 ἀποθέσθαι
3323 1509 3411 1578 μὲν
3443 1512 3535 1563 τὴν
3565 1506 3736 1579 βασκα-

2170 1594 2302 1655 νίαν,
2351 1587 2579 1643 συνιδεῖν
2635 1589 2713 1657 δὲ,
2768 1594 2849 1645 ὃτι
2895 1592 3049 1645 καλὸν
3104 1593 3182 1646 ἀεὶ
3244 1596 3605 1668 θεραπεύεσθαι
3642 1602 3739 1659 τοὺς

2171 1686 2343 1739 κακῶς
2389 1680 2628 1749 ἔχοντας·
2697 1677 2807 1732 εἶτα
2856 1679 3193 1753 ἀντηρώτησε
3242 1688 3331 1735 καὶ
3374 1683 3530 1745 αὐτὸς
3584 1685 3741 1745 αὐτούς

2172 1763 2415 1839 ἐρώτημα
2462 1769 2709 1839 ἄφυκτον·
2762 1772 2810 1821 οἱ
2886 1765 2945 1822 δὲ
2993 1769 3247 1836 ἐσιώπων,
3310 1770 3627 1844 ἐλεγχόμενοι
3669 1776 3741 1844 μιν

2171 1856 2271 1906 ὑπὸ
2330 1863 2420 1915 τῆς
2478 1854 2735 1925 ἀληθείας,
2794 1856 3214 1921 ἐθελοκακοῦντες
3261 1856 3338 1911 δέ·
3400 1857 3491 1913 διὸ
3545 1865 3627 1912 καὶ
3674 1880 3743 1913 πε·

2177 1942 2485 2017 ριεϐλέψατο
2537 1945 2724 2007 αύτούς
2755 1948 2862 2017 μετ’
2906 1947 3087 2020 ὀργῆς,
3119 1950 3255 2001 καθά
3302 1968 3463 2021 φησιν
3493 1950 3517 2000 ό
3546 1953 3740 2024 Μάρκος,

2183 2036 2316 2084 ὥστε
2371 2032 2631 2107 ἐντρεψαι,
2683 2034 3097 2106 συλλυπούμενος
3153 2035 3236 2089 ἐπὶ
3286 2045 3348 2109 τῇ
3417 2044 3644 2109 πωρώσει
3669 2046 3745 2096 τῆς

2181 2118 2409 2193 καρδίας
2460 2123 2647 2173 αὐτῶν.
2684 2125 3004 2195 Πωρωθεῖσα
3047 2124 3158 2194 ('75)
3188 2128 3287 2198 γὰρ
3319 2127 3419 2178 ύπό
3452 2133 3541 2180 τού
3569 2129 3743 2199 φθόνον,

2175 2214 2291 2261 οὔτε
2316 2210 2435 2278 ἄψιν
2462 2209 2676 2269 ἐλεεινὴν
2707 2208 3048 2281 ἐδυσωπεῖτο,
3075 2216 3193 2266 οὔτε
3220 2214 3370 2286 λόγον
3403 2214 3744 2289 ἀναντίρρητον

2174 2296 2499 2372 παρεδέχετο
2512 2341 2523 2354 .

2242 2480 2366 2529 Τότε
2415 2476 2550 2547 λέγει
2591 2507 2660 2518 -
2690 2476 2845 2534 ἄλλη.
2909 2479 3287 2550 Προστάγματι
3336 2482 3533 2536 ταύτην
3570 2480 3747 2541 ἰάσατο,

2173 2564 2543 2622 καταπλήττων
2595 2585 2648 2617 τε
2679 2566 2887 2631 αὐτούς,
2940 2571 3027 2618 καὶ
3060 2562 3328 2633 δεικνύων,
3360 2569 3444 2619 ὅτι
3495 2572 3616 2628 Θεός
3636 2570 3747 2619 ἐστι.

2173 2656 2343 2728 Ξηράν
2377 2650 2435 2706 δὲ
2463 2658 2598 2727 φέρει
2635 2658 2721 2713 τὴν
2751 2651 2924 2717 δεξιὰν
2958 2662 3138 2727 χεῖρα,
3170 2660 3259 2708 καὶ
3286 2662 3388 2718 πᾶς
3423 2659 3449 2708 ό
3480 2662 3570 2715 τὴν
3601 2653 3752 2718 δεξιαί

2173 2742 2359 2815 πρᾶξιν
2384 2746 2454 2815 μὴ
2489 2748 2887 2816 μετερχόμενος,
2909 2749 3040 2816 φημὶ
3069 2740 3161 2807 δὴ,
3195 2750 3287 2802 την
3320 2743 3525 2818 ἀρετήν.

2247 2922 2312 2972 Οἱ
2359 2916 2417 2972 δὲ
2448 2926 2724 2995 Φαρισαῖοι
2756 2951 2823 2962 —-
2870 2919 3185 2975 ἀπολέσωσι.
3237 2922 3553 2994 Συμϐούλιον
3599 2922 3754 2975 ἔλαϐον

2173 3011 2300 3084 παρ’
2328 3008 2580 3067 ἀλλήλων·
2621 3012 2647 3061 ό
2676 3008 2733 3063 δὲ
2772 3012 2983 3083 Μάρκος
3016 3017 3174 3082 φησιν
3213 3012 3292 3064 ὅτι
3322 3015 3456 3084 μετὰ
3485 3021 3582 3064 τῶν
3615 3012 3753 3083 Ἡρω-

2103 3142 2141 3198 C
2177 3095 2366 3151 διανῶν
2415 3106 2568 3151 τοῦτο
2626 3097 2990 3151 ἐϐουλεύσαντο
3038 3101 3103 3151 Οἱ
3149 3096 3208 3152 δὲ
3258 3097 3594 3174 Ἣρωδιανοὶ,
3638 3106 3759 3172 γένος

2175 3190 2264 3260 μὲν
2314 3184 2448 3259 ᾖσαν
2476 3183 2736 3240 Ἰουδαῖοι
2788 3193 2877 3240 καὶ
2910 3188 3079 3253 αὐτοὶ,
3124 3192 3209 3240 τόν
3238 3187 3483 3263 Ἡρώδην
3512 3187 3569 3242 δὲ
3594 3186 3756 3259 διαφεο

2175 3281 2366 3349 ρόντως
2418 3275 2624 3347 ἐτίμων,
2653 3282 2742 3328 καὶ
2771 3276 2921 3328 αὐτόν
2944 3276 3113 3347 ἔλεγον
3145 3274 3274 3329 εἶναι
3301 3281 3387 3330 τὸν
3410 3281 3515 3331 ὑπὸ
3536 3286 3632 3330 τῶν
3658 3296 3761 3349 προσ

2177 3372 2348 3436 φητῶν
2379 3364 2844 3437 καταγγελλόμενον
2878 3370 3124 3435 Χριστόν.
3179 3365 3318 3418 Ἐπεὶ
3348 3369 3457 3441 γὰρ
3498 3372 3610 3419 τότε
3632 3383 3760 3439 προε-

2177 3455 2419 3525 φητεύετο
2477 3453 2636 3505 ἐλθεῖν
2692 3455 2717 3505 ό
2761 3456 3013 3527 Χριστὸς,
3083 3456 3163 3506 ὅτε
3220 3452 3448 3526 ἐκλείψει
3504 3457 3766 3527 ἡγούμενος

2178 3538 2459 3603 Ἰουδαῖος·
2514 3541 2706 3605 agam
2756 3538 2815 3595 δὲ
2874 3541 2955 3595 ἐπὶ
3004 3552 3102 3595 τῶν
3151 3545 3352 3615 ἡμερῶν
3407 3540 3649 3617 Ἠρώδου
3688 3548 3765 3594 τοῦ

2178 3628 2543 3704 βρεφοκτόνου·
2596 3640 2801 3701 πρῶτος
2827 3632 2930 3704 γὰρ
2987 3631 3134 3694 οὗτος
3178 3630 3486 3705 ἀλλόφυλος,
3523 3628 3766 3685 Ἰουδαῐων

2176 3717 2523 3771 ἐϐασίλευσενο
2559 3719 2831 3789 ύπελαϐον,
2873 3719 3029 3772 αὐτόν
3060 3719 3189 3772 εἶναι
3228 3724 3315 3773 τόν
3345 3719 3767 3795 προσδοκώμενον

2177 3807 2337 3876 ἦξειν,
2394 3812 2483 3860 καὶ
2512 3810 2814 3878 συστάντες,
2874 3805 3013 3861 ἰδίαν
3069 3810 3265 3881 αἰρεσιν
3327 3809 3667 3869 ἐποιήσαντο.
3698 3808 3769 3859 Διό

2174 3900 2281 3961 καὶ,
2326 3894 2425 3947 ἀπὸ
2466 3904 2557 3948 τοῦ
2605 3894 2812 3969 σφόδρα
2837 3897 2996 3969 φιλεῖν
3046 3900 3130 3949 τὸν
3173 3894 3441 3970 Ἡρώδην,
3478 3894 3771 3971 Ἠρωδιανοὶ

2175 3984 2517 4056 ἐπωνομάσθη
2529 4004 2643 4039 σαν.
2670 3984 2825 4037 Ἀλλά
2852 3994 3017 4037 ταῦτα
3043 3989 3133 4058 μεν
3157 3992 3272 4059 περὶ
3302 3996 3404 4038 τῶν
3431 3984 3770 4062 Ἠρωδιανῶν.

2176 4078 2301 4145 Περὶ
2335 4070 2392 4125 δὲ
2418 4082 2515 4125 τῶν
2547 4070 2820 4127 Ἰουδαίων
2851 4076 2876 4125 ό
2908 4080 3113 4137 Λουκᾶς
3140 4074 3293 4139 εἶπεν,
3330 4078 3417 4128 ὅτι
3451 4075 3776 4133 ἐπλήσθησαν

2174 4162 2351 4222 ἀνοίας
2404 4167 2493 4215 καὶ
2534 4159 2799 4215 διελάλουν
2846 4167 2969 4235 πρὸς
3026 4163 3292 4230 ἀλλήλους,
3324 4169 3377 4217 τὶ
3411 4163 3477 4216 ἃν
3524 4168 3775 4220 ποιήσειαν

2173 4258 2245 4320 τῷ
2274 4252 2481 4307 Ἰησοῦ.
2526 4255 2626 4303 Καὶ
2675 4255 2776 4324 γὰρ
2808 4251 2866 4303 ού
2922 4256 3073 4322 μόνον
3101 4251 3157 4304 ού
3198 4256 3638 4325 κατεπλάγησαν,
3670 4249 3782 4301 am

2172 4344 2262 4391 xui.
2330 4342 2687 4402 σκοτισθὲντες
2753 4342 2851 4392 ὑπὸ
2916 4350 3005 4402 τῆς
3087 4339 3411 4413 βασκανίας,
3494 4341 3780 4398 ἐκλήθησαι

2098 4490 2141 4543 D
2175 4426 2470 4488 ἀσυνεσίας.
2522 4433 2620 4480 Καὶ
2646 4437 2826 4503 πρῶτοι
2882 4432 2971 4501 μὲν
3033 4430 3417 4496 συνελάλησαν,
3452 4435 3506 4482 τὶ
3564 4428 3623 4481 ἂν
3652 4434 3785 4483 ποιή-

2178 4534 2315 4543 --“m.
2397 4517 2530 4543 _1_:_
2602 4520 2757 4543 --μηλμ
2858 4515 2963 4543 ,Ὑ-μ
3055 4518 3527 4543 -μμ-ρΑ.Χ-Α.--.--
3616 4516 3782 4543 Σηφκδη

2176 4534 2316 4568 σειαν
2393 4517 2533 4587 αύτῷ
2602 4520 2781 4586 κακόν,
2854 4515 2965 4571 εἶτα
3050 4518 3533 4573 συνεϐουλεύσαντο
3613 4516 3782 4570 ἀνελεῖν

2223 4604 2234 4620 ι
2287 4610 2293 4616 .

2173 4624 2346 4659 αυτ-ον.

2242 4782 2297 4834 Ὀ
2345 4780 2401 4837 δὲ
2466 4783 2674 4845 Ἰησοῦς
2731 4816 2797 4825 -
2866 4784 3070 4837 ἐκεῖθεν.
3132 4790 3246 4857 Χρὴ
3324 4789 3438 4856 γὰρ
3504 4784 3787 4859 ἀναχωρεῖν

2173 4871 2272 4924 ἀπό
2303 4880 2400 4924 τῶν
2452 4882 2703 4946 πονηρῶν,
2752 4878 2950 4947 καὶμὴ
2996 4870 3384 4947 ῥιψοκινδύνως
3455 4874 3651 4947 ἐφιέναι
3685 4876 3787 4944 (‘76)

2432 4998 2480 5032 7‘
2513 4997 2649 5054 Luc.
2686 5014 2764 5064 vi,
2812 5000 2891 5053 tt.

1660 5143 1881 5213 Variae
1898 5144 2223 5215 lectiones
2242 5156 2307 5214 et
2324 5158 2522 5215 nota.

478 5289 699 5362 (74)Ad
722 5289 803 5354 id,
824 5290 983 5361 quod
1011 5290 1401 5362 interrogatus
1417 5291 1633 5361 fuerat,
1662 5306 1781 5349 non

408 5363 487 5418 eis
522 5363 1013 5432 interrogaverat.

484 5435 593 5503 (75)
622 5436 649 5491 ἡ
684 5432 900 5506 καρδία.
1236 5458 1239 5463 ·

478 5506 591 5575 (76)
624 5504 841 5577 ἀφιέναι.
874 5506 940 5559 Λ.
981 5507 1098 5577 Hoc
1140 5520 1379 5577 prorsus
1420 5504 1681 5562 alienum
1723 5510 1829 5562 est.
1874 5506 1935 5563 In
1964 5505 2057 5562 illo

408 5583 609 5635 autem
648 5575 984 5647 intelligitur
1034 5575 1231 5636 ἑαυτὼ.
1288 5576 1401 5634 Sed
1444 5578 1736 5635 vocabulo
1777 5581 2055 5653 uvuxwpc'w

1808 5292 1969 5365 quod
1988 5293 2062 5353 ab

2176 5293 2489 5364 respondet
2519 5294 2693 5349 etiam
2727 5294 2939 5348 ἐπιέναι.
2978 5297 3297 5353 Hentenius
3324 5304 3551 5356 tamen
3580 5301 3793 5356 videtur

2174 5366 2349 5444 etiam
2379 5365 2665 5444 reperisse
2689 5364 2897 5444 ἐξιέναι.
2933 5367 3338 5444 Aliudautem
3374 5378 3477 5427 est
3507 5376 3705 5444 ἐφιέναι
3732 5376 3793 5438 τῷ

2176 5439 2340 5515 θυμῷ]
2368 5433 2489 5515 ταῖς
2518 5433 2886 5515 ἡδυπαθείαις,
2916 5442 2972 5492 et
2993 5438 3225 5515 similia,
3251 5440 3309 5494 id
3338 5450 3445 5499 est
3468 5433 3791 5515 indulgere,

2170 5506 2328 5563 aliud
2361 5510 2551 5579 ἐφιέναι
2572 5514 2681 5568 ταῖς
2708 5507 2869 5581 ἄλλων
2895 5514 3127 5581 μανίαις,
3153 5506 3217 5567 id
3241 5516 3331 5567 est
3354 5526 3433 5570 se
3458 5506 3791 5574 immittere,

2168 5588 2576 5653 προσχωρῆσαι,
2618 5580 2913 5653 προσρίψαι
2933 5581 3130 5636 ἑαυτὸν.
