1953 3101
238 127 294 157 3⁸75
897 123 1065 155 EUTHYMII

1086 122 1250 151 ZIGABENI
1848 126 1888 154 3ἵῦ

239 190 342 220 suetus
359 191 437 220 esset
454 197 490 219 ac
508 190 663 224 mitis,non
675 190 826 218 contendit
839 189 984 217 adversus
995 193 1051 215 con

1125 187 1163 211 ιαὶ
1185 188 1339 222 πραότατος,
1369 187 1415 213 οὐκ
1444 188 1519 223 ἤριζε
1551 188 1613 223 πρὸς
1639 188 1696 217 τοὺς
1725 186 1886 223 ἀντιλέγοντας,

239 234 425 269 tredictores,
449 242 547 271 neque
561 235 700 263 clamavit
713 235 786 262 dum
806 235 832 262 ei
845 234 927 261 fieret
941 232 1061 268 injuria:

238 286 338 315 neque
353 279 424 307 foris
444 279 555 312 docuit,
572 281 604 307 ut
628 279 740 307 faciunt
760 279 790 307 hi
806 278 858 315 qui
883 277 1010 312 gloriam
1025 276 1064 304 ab

237 322 410 351 hominibus
429 326 574 352 venantur
590 332 596 351 :
614 323 665 351 sed
681 323 712 351 in
734 323 852 359 templo,
879 321 949 350 etin
975 328 1065 357 syna-

239 367 325 402 gogls
338 367 521 399 Judmorum.
535 375 571 396 ac
586 368 615 395 in
630 368 754 396 desertis
781 367 932 395 montibus
947 368 975 394 et
988 366 1063 393 litto-

238 410 330 440 ribus.
343 411 456 440 Deinde
470 412 625 448 prophetat
636 412 725 440 etiam
738 412 774 440 de
794 410 994 440 imbecillitate
1018 417 1065 439 eo-

238 463 317 491 rum,
329 455 384 492 qui
401 455 472 485 huic
481 457 676 492 omnipotenti
690 456 749 485 Deo
765 456 992 484 insidiabantur.

274 544 357 572 Vers.
367 545 411 573 20.
426 544 614 573 Arundinem
628 560 663 565 —
677 545 852 580 confringet.
881 543 1065 572 Arundinem

239 589 358 618 vooavit
369 587 499 622 Judmos,
511 591 658 625 tanquam
683 589 772 617 valde
794 588 957 617 imbecilles
970 588 1008 617 ad
1023 588 1065 616 di-

239 633 340 662 vinam
364 634 393 662 et
417 632 684 670 inexpugnabilem
710 634 775 668 ejus
806 633 969 669 potentiam
987 640 993 659 :
1010 639 1066 660 nec

240 679 342 706 tamen
363 677 535 714 simpliciter
554 677 741 713 arundinem,
768 677 822 705 sed
836 677 927 705 etiam
942 676 1065 705 commi-

238 723 355 756 nutum,
377 721 417 750 ad
431 723 627 756 augmentum
641 722 841 750 imbecilitatis
851 729 965 750 eorum.
991 721 1065 749 Dicit

240 773 312 801 ergo
338 766 422 803 quod
454 768 557 802 potens
580 766 619 794 sit
637 774 687 794 eos
713 768 859 802 tanquam
888 766 1065 794 arundinem

239 810 455 839 comminutam
465 810 604 840 facillime
612 811 814 846 confringere:
826 818 882 839 nec
897 813 996 839 tamen
1007 810 1065 838 hoc

240 855 328 884 faciet
349 856 470 891 propter
483 863 567 883 suam
581 856 769 883 tolerantiam
784 863 819 884 ac
835 855 1024 884 modestiam.

276 901 356 928 Vers.
381 900 425 928 20.
440 900 526 928 Et—
541 908 596 928 non
618 900 795 935 exstinguat.
824 900 873 928 llic
893 899 1063 927 Judmorum

239 951 401 973 accensum
415 943 557 972 adversus
572 944 718 972 Christum
747 945 883 972 animum
900 944 1061 979 signiﬁcat:

239 995 331 1024 quem
344 989 432 1016 etiam
446 988 537 1016 linum
552 989 702 1024 fumigans
715 989 857 1025 appellat,
873 991 905 1017 ut
924 989 1006 1025 quod
1019 989 1065 1016 fa-

239 1031 296 1060 cile
323 1032 473 1067 exstingui
498 1033 589 1068 possit
609 1041 626 1061 a
646 1033 751 1061 Christi
772 1034 878 1061 virtute
895 1042 902 1061 :
921 1034 995 1061 sicut
1020 1033 1065 1062 fa-

236 1076 293 1105 cile
308 1076 376 1113 quis
392 1076 553 1111 exstinguit
578 1076 672 1105 linum
692 1077 853 1112 fumigans,
879 1078 908 1105 id
939 1080 983 1105 est
1018 1085 1065 1106 ae-

239 1128 372 1149 oensum.
399 1121 507 1149 Linum
529 1124 626 1149 autem
652 1122 682 1149 in
704 1121 761 1150 hoc
782 1122 848 1150 loco
873 1122 1065 1157 intelligimus

239 1172 375 1201 pannum
403 1164 514 1193 lineum
536 1165 639 1193 :hunc
675 1168 776 1194 tamen
807 1174 867 1194 non
900 1167 1066 1202 exstinguat

239 1211 270 1238 ut
299 1209 440 1246 patiatur,
466 1211 495 1238 et
526 1210 669 1245 patiendo
698 1210 880 1240 demonstret
911 1211 1064 1244 eximium,

239 1261 329 1290 quem
342 1261 413 1290 erga
426 1262 483 1282 nos
498 1254 573 1290 gerit
586 1262 721 1283 amorem
736 1263 835 1284 suum.

275 1299 354 1326 Vers.
383 1298 428 1326 20.
455 1299 554 1327 Donec
579 1314 614 1320 —
639 1307 733 1327 suum.
768 1300 868 1328 Donec
891 1300 930 1329 sd
975 1300 1066 1330 ﬁnem

239 1342 626 1379 acpertectionemdeducat
635 1343 780 1378 justitiam
794 1352 892 1372 suam.
914 1344 1067 1381 Siquidem

239 1386 394 1414 victoriam
405 1387 573 1415 nominavit
593 1386 805 1423 perfectionem
827 1396 834 1421 ;
850 1388 998 1423 judicium
1017 1396 1069 1417 au.

239 1431 310 1463 tem,
330 1430 488 1466 justitiam.
505 1432 839 1468 Quousqueadimpleat
850 1433 998 1467 justitiam
1020 1442 1067 1461 su-

240 1482 291 1502 am
309 1482 466 1511 quousque
484 1483 554 1503 suas
577 1476 718 1505 ostendat
742 1476 981 1511 justiticationes,
1003 1478 1067 1514 qui-

239 1518 297 1546 bus
324 1519 442 1547 Judeeos
475 1520 665 1553 condemnet,
685 1522 713 1548 et
736 1528 838 1549 eorum
862 1521 1067 1557 impudentem

239 1565 374 1599 amputet
397 1564 612 1593 causationem.
642 1566 709 1592 Post
731 1564 778 1593 hie
798 1567 898 1594 autem
922 1568 1068 1603 tanquam

239 1614 314 1636 vasa
340 1608 434 1643 ﬁguli,
458 1609 626 1644 confringet
650 1609 717 1637 illos
743 1609 774 1637 in
798 1610 883 1645 virga
903 1610 998 1639 ferrea
1030 1612 1064 1645 7",

239 1652 407 1689 principatu
437 1654 642 1682 Romanorum
666 1654 841 1690 Vespasiani
862 1657 890 1683 et
917 1655 980 1688 Titi,
1017 1656 1067 1692 qui

240 1705 292 1726 eos
313 1697 492 1727 obsederunt
510 1707 544 1727 ac
560 1698 840 1727 exterminaverunt.

276 1742 356 1775 Vers.
382 1744 427 1772 21.
457 1743 497 1770 Et
518 1758 552 1763 —
581 1744 747 1778 sperabunt.
787 1743 957 1780 Sperabunt
984 1745 1067 1781 quod

241 1786 323 1815 solus
339 1786 440 1822 ipsein
456 1786 669 1816 afﬂictionibus
683 1788 850 1824 invocatus,
868 1791 1022 1825 sperantes
1036 1789 1067 1817 in

241 1837 272 1858 se
284 1829 433 1859 liberabit.

321 1919 398 1948 CAP.
413 1919 493 1948 XXII.
510 1920 553 1949 De
566 1920 743 1950 damoniaco
762 1928 835 1950 meo
852 1924 881 1950 et
894 1925 984 1950 muto.

278 2007 357 2034 Vers.
398 2007 441 2035 22.
486 2008 569 2037 Tunc
587 2024 622 2030 —
647 2010 766 2038 videret.
794 2010 887 2040 Dictio
906 2013 963 2037 τότε
986 2013 1065 2040 tunc.

241 2051 391 2080 interdum
419 2054 673 2089 consequentiam,
694 2062 854 2091 rerumque
873 2056 1010 2088 ordinem
1029 2057 1067 2085 si-

242 2096 372 2132 gnificat,
390 2097 466 2125 sicut
481 2098 570 2126 etiam
599 2099 746 2135 particula
774 2099 798 2126 ἂν
818 2099 904 2136 inrisa:
923 2104 958 2136 τῷ
973 2105 1067 2137 καιρῷ,

1119 227 1176 255 οὐδ’
1199 229 1357 266 ὶχροιύγαζιν
1379 229 1560 266 ἀδικούμενος,
1590 229 1647 258 οὐδ’
1676 231 1701 257 έν
1727 235 1780 262 τοῖς
1802 231 1889 267 ἀγοραῖς

1119 272 1269 307 ἐδίδασκεν,
1299 276 1333 305 ὡς
1370 276 1395 301 οἱ
1422 278 1469 304 τὴν
1496 276 1568 311 παρὰ
1585 279 1634 301 τῶν
1662 275 1799 312 ἀνθρώπων
1826 275 1889 307 δοξαν

1120 318 1267 354 θηρεὺοντις
1288 328 1294 335 ·
1312 318 1366 344 ἀλλ’
1393 318 1417 344 ὶν
1440 323 1476 354 τῷ
1495 319 1563 355 ἱερῷ,
1586 321 1631 345 καὶ
1656 319 1680 345 ἄν
1708 323 1765 349 ταῖς
1792 329 1889 356 συναγω-

1119 365 1176 397 γαῖς
1191 366 1239 388 τῶν
1265 361 1412 396 Ἰουδαίων,
1439 366 1483 389 καὶ
1501 363 1525 389 ὶν
1544 365 1673 400 ἐρημίαις,
1698 366 1743 390 καὶ
1758 366 1832 400 ὄρεσι,
1855 368 1889 391 καὶ

1120 407 1259 442 αἰγιαλοῖς,
1301 406 1365 434 Εἶτα
1396 409 1562 443 προφητεύει,
1593 411 1637 434 καὶ
1670 412 1729 444 περὶ
1762 412 1807 439 τῆς
1837 410 1889 444 ἄταν

1120 451 1250 482 ἀσθενείας
1272 455 1321 479 τῶν
1345 451 1557 478 ἐπιϐουλευόντων
1572 456 1608 487 τῷ
1630 450 1814 488 παντοδυνάμῳ
1825 455 1891 489 τούτῳ

1120 500 1187 531 Θεῷ.

1156 540 1275 577 Κάλαμον
1290 556 1325 561 —
1337 540 1466 572 κατίάξει.
1490 541 1609 577 Κάλομον
1624 541 1752 577 ὠνόμασε,
1776 543 1829 571 τοὺς
1841 541 1891 568 Ἰου-

1120 583 1221 618 δαίους,
1246 587 1280 617 ὡς
1293 585 1495 616 ἀσθενεστάτους
1511 587 1577 623 πρὸς
1599 587 1646 614 τήν
1667 586 1735 612 θείαν
1750 588 1793 612 καὶ
1806 586 1890 621 ἄμαχον

1119 629 1199 655 αὑτοῦ
1224 628 1344 666 δύναμιν,
1374 632 1418 656 καὶ
1433 627 1494 656 οὐδὲ
1507 629 1593 661 ἁπλῶς
1608 629 1732 665 κάλαμον,
1749 629 1809 655 ἀλλὰ
1824 639 1892 656 σνντε-

1119 676 1255 711 τριμμίνον
1271 684 1333 711 προς
1358 673 1478 700 ἐπίτασιν
1505 678 1552 705 τῆς
1579 673 1711 705 ἀσθενείας
1730 674 1818 701 αὐτῶν.
1834 677 1892 710 Λέγει

1120 716 1159 752 δὲ,
1173 720 1212 745 ὃτι
1237 717 1387 755 δυνάμενος,
1401 719 1436 749 ὡς
1452 718 1565 754 κάλαμον
1582 721 1790 754 συτετριμμένον,
1805 718 1891 744 56min-

1118 773 1183 789 τατα
1198 761 1340 789 διακλᾶσαι
1353 763 1457 795 αὐτοὺς,
1471 763 1540 799 ὅμως
1566 762 1594 789 οὐ
1610 765 1715 792 ποιήσει
1730 767 1812 795 τοῦτο,
1826 761 1893 789 διὀἰη

1119 810 1188 834 κείαν
1203 808 1395 844 μακροθυμίαν.

1085 860 1105 886 Β

1156 899 1206 923 Καὶ
1221 912 1254 916 -
1278 896 1308 922 οὐ
1325 896 1421 923 σϐέσει.
1448 898 1575 923 Ἐνταῦθα
1596 895 1673 926 δηλοί
1687 899 1729 923 τὸν
1743 897 1893 933 ἀναπτόμενον

1121 943 1201 977 ἁυμὸν
1214 946 1262 967 τῶν
1282 940 1417 968 Ἰουδαίων
1443 943 1510 967 κατὰ
1536 945 1581 967 τοῦ
1606 945 1733 977 Σωτῆρος,
1751 942 1777 968 ὃν
1792 942 1895 968 καὶλῑνον

1119 989 1257 1022 τυοομινον
1283 988 1505 1022 προσηγόρευσεν,
1532 987 1564 1016 ὡς
1590 986 1684 1023 εὐχερῆ
1711 988 1773 1023 πρὸς
1791 988 1818 1012 τὸ
1839 986 1895 1011 σϐέν-

1119 1032 1223 1062 νυσθαι,
1241 1028 1286 1056 διὰ
1301 1033 1347 1058 τὴν
1363 1032 1443 1065 ῖσχὺν
1457 1034 1502 1056 τοῦ
1518 1034 1646 1068 Χριστοῦ,
1662 1029 1803 1066 δυναμένου
1817 1039 1895 1056 κατασ-

1120 1074 1196 1101 ϐέσαι
1208 1078 1297 1101 τοῦτον
1320 1075 1386 1100 οὕτω
1400 1073 1510 1111 ῥᾳδίως,
1527 1076 1562 1105 ὡς
1575 1076 1605 1101 ἄν
1630 1075 1710 1111 σϐέσῃ
1738 1085 1778 1105 τις
1791 1075 1850 1101 λίνον
1863 1084 1896 1100 τν-

1120 1122 1236 1155 φομινον,
1254 1120 1373 1145 τούτεστι
1386 1118 1578 1154 ἀνακαιόμενον.
1596 1123 1671 1145 Λῖνον
1699 1118 1727 1145 δὲ
1743 1123 1786 1145 νῦν
1798 1123 1895 1154 νοοῦμεν,

1120 1166 1148 1189 τὸ
1161 1164 1244 1190 λινοῦν
1266 1164 1355 1200 ῥάκος.
1372 1163 1439 1189 Ἀλλ’
1452 1164 1481 1189 οὐ
1498 1162 1585 1189 σϐέσει
1600 1167 1699 1196 τοῦτον,
1715 1164 1758 1189 ἶνα
1771 1164 1844 1199 πάθῃ,
1862 1165 1896 1187 καὶ

1122 1209 1162 1234 ἱνα
1177 1209 1265 1234 παθὼν
1281 1206 1297 1233 δ
1300 1207 1352 1244 εἱξῃ
1369 1210 1415 1236 τὴν
1430 1210 1488 1244 περὶ
1509 1209 1577 1243 ἡμᾶς
1590 1207 1798 1244 ὑπερϐάλλουσαν
1811 1207 1896 1243 ἀγάπην

1122 1253 1211 1278 αὐτοῦ.

1156 1297 1219 1327 Ἐως
1232 1313 1266 1316 -
1278 1297 1368 1323 αὑτοῦ.
1379 1296 1444 1327 Ἐως
1455 1297 1485 1322 ἄν
1496 1296 1610 1332 ἐξενέγκῃ
1626 1296 1661 1326 εἰς
1672 1296 1744 1327 τελος
1757 1298 1800 1325 τὴν
1814 1294 1898 1321 δικαιο-

1124 1343 1202 1370 σύνην
1215 1341 1304 1368 αὐτοῦ,
1320 1344 1401 1372 Νῖχος
1425 1342 1469 1377 μὲν
1487 1342 1548 1377 γὰρ,
1572 1342 1600 1366 τὸ
1616 1340 1694 1371 τελος.
1709 1343 1796 1377 κρίσιν
1808 1339 1853 1375 βε,
1865 1342 1900 1367 τήν

1124 1385 1294 1414 δικαιοσύνην
1317 1386 1458 1421 ὠνόμασεν,
1480 1384 1543 1415 Ἐως
1558 1386 1588 1410 οἷν
1612 1385 1739 1420 πληρωσῃ
1756 1387 1799 1413 τὴν
1815 1383 1899 1410 δικαιο-

1126 1432 1205 1459 σύνην
1217 1430 1305 1463 αὐτοῦ,
1316 1430 1361 1461 ἓως
1373 1430 1403 1455 οἶν
1413 1427 1575 1460 ἐπιδείξηται
1587 1430 1620 1455 τὰ
1634 1430 1696 1465 παρ’
1708 1429 1799 1455 ἑαυτοῦ
1810 1427 1900 1455 δικαιὼ-

1089 1474 1108 1501 C
1123 1485 1201 1512 ματα,
1218 1476 1251 1500 τὰ
1264 1472 1476 1505 καταδικάζοντα
1495 1475 1555 1504 τοὺς
1570 1472 1725 1506 Ἰουδαίους,
1751 1477 1794 1499 καὶ
1816 1482 1899 1508 περιαι-

1121 1524 1217 1558 ροῠντα
1232 1522 1318 1545 πᾶσαν
1331 1518 1414 1544 αὐτῶν
1431 1518 1605 1554 ἀναίσχυντον
1620 1518 1831 1555 προφασινΜετὰ
1839 1519 1901 1542 τοῦτο

1123 1562 1162 1596 δί,
1188 1563 1440 1601 συντρίφειαῦτοὺς,
1466 1564 1497 1592 ὡς
1523 1564 1600 1591 σκεύη
1631 1562 1800 1600 κεραμέωςὲν
1825 1559 1901 1598 ῥάϐδῳ

1123 1606 1233 1646 σιδηρᾷ,
1259 1611 1290 1644 τῇ
1312 1606 1453 1643 δυναστείᾳ
1479 1607 1528 1633 τῶν
1547 1606 1689 1642 Ῥωμαίων,
1717 1607 1900 1632 ognimus-Iw

1121 1655 1166 1680 καὶ
1191 1655 1280 1687 Τίτου,
1301 1656 1349 1678 τῶν
1369 1651 1595 1688 πολιορκησάντων
1622 1653 1665 1677 χαὶ
1686 1650 1901 1686 ἔξολοθρεοσάντων

1121 1697 1224 1727 αὐτούς.

1157 1744 1207 1769 Καὶ
1220 1740 1424 1774 -ίλπισοῦσιν,
1445 1739 1623 1773 Ἐλπίσουσιν,
1651 1740 1691 1765 ὃτι
1706 1742 1753 1766 mli.
1772 1741 1842 1775 μόνον
1860 1740 1902 1764 ὀνο-

1121 1787 1262 1823 μαζόμενος
1278 1785 1301 1812 ἰν
1315 1788 1469 1823 πειρασμοῖς
1485 1784 1605 1816 ἓξιλεῖται
1631 1786 1688 1815 τοὺς
1714 1784 1856 1815 ἐλπίζοντας
1871 1781 1901 1807 ἔπ’

1121 1831 1201 1867 αὐτῷ.

1122 1932 1195 1957 ΚΕΦ.
1228 1929 1283 1956 ΚΒ“.
1319 1932 1381 1966 Περὶ
1412 1933 1458 1955 τοῦ
1491 1928 1707 1965 δαιμονιζομένου
1742 1927 1835 1963 τυφλου
1869 1927 1903 1950 xui

1475 1977 1571 2009 κωφοῦ.

1156 2021 1218 2045 Τότε
1238 2034 1270 2038 —
1285 2018 1396 2054 βλίπειν.
1413 2020 1447 2044 Τὸ
1472 2020 1539 2050 τότε,
1556 2018 1616 2043 ποτε
1645 2018 1688 2053 μὶν
1706 2016 1858 2042 ἀκολουθίαν
1872 2023 1906 2038 καί

1122 2064 1194 2095 τάξιν
1210 2064 1367 2100 πραγμάτων
1380 2065 1510 2098 σημαίνει,
1525 2062 1640 2097 καθάπερ
1661 2064 1706 2087 καὶ
1723 2062 1764 2093 τό,
1780 2064 1820 2094 Τῷ
1838 2056 1906 2093 καιρῶ

1123 2107 1219 2144 ίκείνῳ·
1235 2109 1296 2134 ποτὶ
1320 2106 1349 2133 δι
1364 2110 1408 2133 χαὶ
1428 2108 1505 2142 ἄμφω
1519 2108 1562 2132 τὸν
1583 2108 1677 2142 χρόνον
1701 2108 1780 2141 μόνον
1801 2102 1907 2132 delos“,

242 2142 273 2170 in
313 2142 368 2170 illo
410 2145 539 2177 tempore
568 2143 785 2180 :quandoque
829 2152 900 2173 vero
943 2148 1053 2181 utraqut

1125 2154 1181 2179 καθ’
1197 2154 1223 2178 ὃν
1239 2152 1351 2188 ὶγένοντο
1364 2154 1396 2177 τὰ
1406 2151 1517 2188 ῥηθῆναι
1528 2150 1659 2187 μέλλοντα.
1675 2151 1767 2185 ιωηφόν
1779 2147 1808 2175 δε
1817 2147 1908 2178 Nam

240 2186 350 2216 harum
379 2188 498 2224 tempus
530 2187 627 2216 solum
658 2187 788 2221 denotat,
819 2196 880 2225 quo
902 2188 981 2218 facta
1001 2192 1069 2218 sunt

241 2239 277 2260 ea
295 2239 363 2268 quae
378 2232 506 2261 dicenda
530 2235 613 2260 sunt.
638 2234 727 2269 Κωφόν
753 2235 854 2262 autem
879 2233 978 2262 hocin
1002 2233 1068 2263 loco

240 2279 355 2305 mutum
383 2278 553 2312 accipimus,
574 2285 634 2305 non
653 2278 790 2311 surdum,
814 2281 847 2306 ut
866 2278 945 2306 alibi.

278 2320 408 2348 νει-³33.
424 2321 605 2350 Et—David
619 2322 633 2350 ν
643 2323 810 2351 Audierant
820 2323 896 2351 enim
912 2322 1068 2359 prOphetas

241 2364 464 2401 annuntiantes,
494 2366 578 2402 quod
611 2367 650 2396 de
670 2368 782 2396 semine
804 2367 897 2396 David
925 2369 1068 2396 venturus

241 2413 318 2438 esset
332 2409 473 2438 Christus.

276 2454 360 2482 Vers.
387 2455 431 2483 24.
455 2455 597 2485 Pharisaei
621 2459 718 2485 autem
743 2472 778 2478 —
792 2457 1008 2485 daemoniorum.
1025 2457 1070 2485 In-

241 2499 322 2528 vidia
348 2507 479 2536 namque
508 2501 546 2529 ad
574 2501 700 2536 gloriam
724 2501 800 2529 illius
825 2501 1040 2530 mordebantur
1061 2510 1066 2529 :

242 2543 310 2574 ideo
330 2544 421 2573 etiam
449 2553 504 2574 sua
538 2554 631 2583 prava
663 2546 863 2578 mmulatione.
900 2553 960 2573 non
988 2554 1069 2574 vere-

240 2589 351 2618 bantur
370 2590 478 2618 divinae
502 2594 616 2619 natura:
644 2599 734 2627 opera
763 2590 912 2619 Beelzebul
941 2591 1069 2620 ascribe-

241 2642 282 2667 re,
309 2634 440 2662 dicentes
459 2643 466 2662 :
483 2635 532 2663 Hic
554 2644 614 2663 non
643 2636 722 2672 ejicit
763 2636 911 2665 damonis
945 2636 1068 2673 propria

241 2679 357 2715 virtute,
367 2679 418 2708 sed
434 2687 486 2716 per
501 2680 665 2713 Beclzebul,
695 2681 776 2709 illum
808 2681 863 2710 sibi
889 2681 1067 2710 familiarem

277 2770 301 2788 ⁷⁷
314 2769 393 2799 Psal.
404 2778 434 2804 ιι,
450 2772 475 2799 9.

1123 2197 1215 2224 ἀλαλον
1231 2197 1306 2233 λεγει.

1160 2326 1210 2349 Καὶ
1241 2337 1275 2342 --
1308 2320 1391 2348 Δαυῖδ
1422 2329 1429 2354 ;
1462 2321 1572 2347 Ἤκουον
1609 2321 1659 2356 γὰρ
1700 2323 1753 2345 τῶν
1786 2318 1910 2354 προφητῶν

1123 2367 1329 2403 καταγγιλόντων
1351 2365 1378 2392 ἔκ
1405 2368 1550 2401 σπέρματος
1578 2362 1660 2391 Δαυὶδ
1685 2364 1758 2395 bis"
1777 2364 1821 2388 τὸν
1843 2361 1909 2395 Χρισθ

1123 2415 1175 2441 τόν.

1160 2458 1192 2483 Οἱ
1216 2455 1245 2483 δὴ
1267 2459 1406 2492 Φαρισαιοι
1428 2470 1463 2475 -
1487 2452 1637 2489 δαιμονίων.
1673 2451 1833 2478 Ἐὶΐοὶχνοντο
1859 2450 1912 2484 γὰρ.

1124 2502 1324 2533 ζηλοτυποῦντες
1349 2502 1396 2528 τὴν
1427 2497 1505 2530 δόξαν
1533 2498 1622 2524 αὐτοῦ.
1649 2499 1691 2523 Διὸ
1720 2499 1767 2523 xui
1800 2496 1848 2521 ὑπὸ
1874 2496 1913 2521 τῆς

1124 2547 1189 2581 ἄγαν
1217 2545 1362 2581 βασκανίας
1396 2544 1442 2570 οὐχ
1469 2541 1598 2579 ὶφείδοντο
1625 2545 1660 2576 τῷ
1682 2540 1836 2571 Βοιλζεὸοὺλ
1869 2537 1913 2562 ἔπι·

1123 2593 1278 2628 γραφόμενοι
1304 2590 1335 2616 τὰ
1361 2590 1424 2624 ἔργα
1445 2592 1492 2618 τῆς
1521 2589 1591 2617 θείας
1615 2588 1725 2622 φύσεως,
1742 2587 1789 2611 καὶ
1801 2584 1911 2628 λέγοντες

1124 2636 1206 2666 Οὗτος
1232 2635 1278 2661 οὐκ
1302 2633 1417 2660 ἐκϐάλλει
1441 2633 1472 2659 τὰ
1504 2630 1628 2667 δαιμόνια
1653 2630 1676 2656 ἓν
1703 2630 1791 2665 οἰκείᾳ
1817 2627 1912 2662 δυνάμει

1124 2681 1176 2707 ἀλλ’
1204 2680 1227 2706 ἐν
1254 2684 1289 2715 τῷ
1317 2677 1474 2709 Βεελζεϐοὺλ,
1499 2678 1593 2703 ἕνοικον
1630 2677 1674 2701 καὶ
1700 2675 1775 2710 ᾳίλον
1789 2674 1854 2709 ἔχων
1877 2668 1912 2695 αὖ·
