3906 6202
171 295 258 354 3Τ1

172 428 257 475 τόν.
333 426 414 473 Καὶ
481 418 704 490 ἄλλαχοῦ
791 421 890 491 γὰρ
971 418 1161 491 ἔλεγον,
1238 421 1316 471 ὅτι
1393 414 1693 477 Βεελξεϐοὺλ
1725 414 1769 468 Α

167 517 275 582 ἔχει.

219 595 357 659 Εἰδὼς
409 628 471 637 —
517 597 704 658 αὐτοῖς.
763 599 889 651 Καθ’
957 598 1170 659 ἑαυτοὺς
1231 600 1331 671 γὰρ
1393 602 1545 648 τοῦτο
1595 592 1693 646 ἕλε·

152 706 241 756 γον,
294 686 576 759 φοϐούμενοι
625 691 710 739 τόν
769 688 961 758 ὄχλον·
1013 688 1168 748 αὐτὸς
1233 684 1292 739 δε
1349 682 1694 756 ἐδημοσίευσι

150 781 197 826 τό
277 785 359 836 τῆς
443 771 667 837 διανοίας
772 775 938 828 αὐτῶν
1029 781 1337 848 μυστήριον,

152 860 378 927 δεικνύων,
430 866 507 915 ὅτι
557 869 683 924 Θεός
714 863 876 919 ἐστιν.
907 864 1042 938 Ὀρα
1069 861 1149 933 δὲ,
1203 866 1284 916 ὃτι
1312 868 1401 916 καὶ
1451 867 1695 934 πρότερον

149 958 220 1022 μὲν
251 960 384 1004 τοῦτο
428 955 803 1026 κατηγορηθεὶς
831 953 925 1006 οὐκ
970 954 1276 1024 έπετίμοσεν
1324 953 1520 1013 αὐτοῖς,
1553 946 1696 1002 ἐνδι-

154 1039 248 1100 δούς
268 1051 442 1110 γνῶναι
479 1046 571 1098 τὴν
615 1042 777 1094 αὐτοῦ
808 1039 1047 1115 δύναμιν,
1088 1041 1190 1095 ἀπό
1235 1061 1289 1095 τε
1317 1048 1416 1093 τῶν
1459 1039 1699 1092 πλειόνων

152 1137 356 1200 σημείων,
404 1129 502 1182 ἀπὸ
548 1150 598 1182 τε
648 1139 745 1192 τῆς
796 1135 924 1203 μετὰ
971 1139 1120 1184 τοῦτο
1167 1128 1552 1190 διδασκαλίας·
1595 1127 1700 1180 ἐπεὶ

156 1215 202 1268 δε
252 1218 385 1269 πάλιν
431 1223 488 1269 τὸ
545 1219 675 1271 αὐτὸ
730 1218 955 1290 λέγοντες
1002 1219 1252 1291 ἐπέμενον,
1311 1215 1462 1272 οὐδὲν
1515 1217 1702 1269 έκεῖθεν

147 1305 475 1376 βιὶτιωθέντες,
509 1307 736 1379 ἐπιτιμᾷ
776 1307 974 1377 λοιπὸν,
1014 1315 1102 1360 καὶ
1143 1307 1402 1380 ἐξελέγχει
1439 1310 1532 1363 τὴν
1581 1307 1704 1356 τού-

142 1414 220 1445 των
246 1397 424 1451 ἄνοιαν.
455 1399 602 1450 Μετὰ
640 1401 939 1471 πραότητος
967 1394 1029 1451 δι
1060 1405 1211 1451 τοῦτο
1249 1405 1404 1466 ποιεῖ,
1441 1391 1702 1448 παιδεύων

142 1487 254 1554 ἡμᾶς
293 1487 454 1559 πράως
509 1484 747 1556 ὶλέγχειν
804 1489 920 1547 τοὺς
973 1487 1387 1559 ἁμαρτάνοντας,
1456 1485 1583 1538 Ἀπὸ
1645 1477 1704 1534 δι

143 1580 220 1622 τῶν
267 1583 398 1645 κοινῇ
452 1573 845 1646 συμϐαινόντων
905 1582 1131 1627 ποιεῖται
1190 1579 1275 1626 τόν
1343 1573 1572 1644 ἔλεγχον,
1614 1572 1702 1625 καὶ

1427 773 1694 825 κάντεῦθεν

142 1657 501 1732 παραδείγματα
566 1660 1090 1734 λαμϐάνειιγνώριμά
1147 1683 1199 1715 τε
1272 1668 1360 1715 καὶ
1427 1662 1700 1734 ὡμολογη-

142 1756 254 1818 μένα,
305 1755 433 1820 (78},
489 1759 582 1803 καὶ
623 1755 746 1823 τρία
779 1769 791 1780 ’
859 1755 916 1803 τό
982 1755 1094 1823 μεν,
1164 1753 1518 1824 ἰσχυροτάτης
1545 1747 1700 1802 δυνά·
1732 1765 1776 1822 Β

322 1842 376 1890 τὸ
437 1836 515 1910 δι,
569 1844 773 1911 μέσης’
817 1844 874 1892 τό
921 1836 999 1906 δέ,
1062 1839 1392 1911 ίλαχίστης·
1452 1839 1696 1913 βεϐαιῶν,

145 1928 216 1990 ὅτι,
266 1927 350 1978 κᾶν
395 1933 526 1999 μέγα
581 1947 634 1980 τι
690 1929 952 2001 στασιάζη
1008 1929 1124 2001 (79)
1180 1933 1311 2001 πρὸς
1379 1929 1549 1996 έαυτό,
1603 1928 1697 1981 κᾶν

140 2019 280 2084 μέσον,
317 2017 403 2066 κᾶν
434 2020 650 2090 μικρὸν,
696 2016 998 2072 ἀπόλλυται.

196 2199 322 2245 Πᾶσα
368 2227 434 2235 -
484 2193 796 2267 ἐρημοῦται,
851 2196 1238 2255 Στασιαζόντων
1299 2195 1550 2261 ἀλλήλοις,
1597 2207 1694 2249 τῶν

138 2285 457 2354 μερισθέντων.

196 2377 277 2422 Καὶ
327 2379 468 2424 πᾶσα
523 2403 594 2413 -—
655 2375 998 2430 σταθήσεται.
1069 2374 1143 2425 Οὐ
1203 2380 1547 2442 συστήσεται,
1604 2372 1697 2427 διὰ

138 2463 206 2514 τὴν
228 2459 454 2530 ῥηθεῖσαν
479 2461 684 2512 αἰτίαν.

195 2553 275 2598 Καὶ
323 2549 362 2600 εἰ
421 2579 490 2591 —
543 2549 746 2614 αὐτοῦ;
807 2550 865 2602 Εἰ
917 2553 943 2602 ὁ
983 2557 1230 2618 Σατανᾶς,
1283 2554 1308 2603 ὀ
1356 2554 1538 2626 ἄρχων
1595 2561 1694 2605 τῶν

143 2629 373 2705 δαιμόνων,
413 2642 500 2689 τὸν
548 2637 725 2698 ἁπλῶς
763 2645 987 2690 Σατανᾶν
1030 2637 1209 2692 διώκει
1249 2639 1439 2712 βιαίως
1463 2660 1474 2670 °
1508 2642 1566 2694 οὗ
1596 2644 1694 2712 γὰρ

146 2720 189 2768 ἂν
221 2723 321 2774 iam
356 2745 476 2778 ποτε
520 2732 786 2798 καταλίπῃ
831 2732 886 2779 τό
930 2724 1069 2781 ῖδιον
1119 2729 1421 2802 οἰκητήριον
1455 2747 1466 2758 ’
1510 2729 1697 2803 έχθρός

143 2811 252 2861 ἔσται
300 2817 495 2876 πάντως
544 2817 573 2867 ό
628 2812 935 2887 διωκόμενος
995 2825 1068 2887 τῷ
1121 2813 1364 2869 διώκοντι
1392 2835 1404 2846 θ
1463 2824 1553 2870 καὶ
1591 2819 1696 2870 λοι-

137 2903 208 2947 πόν
249 2904 352 2952 καθ’
397 2903 592 2956 ἑαυτοῦ
633 2906 897 2975 ἐμερίσθη,
980 2901 1339 2978 διαιρεθείσης
1407 2905 1493 2958 ἀπ’
1539 2907 1697 2959 αὑτοῦ

137 2993 208 3046 τὶς
246 2991 498 3060 ὑποταγῆς
553 3000 660 3044 τῶν
717 2989 978 3063 δαιμόνων
1022 3009 1036 3023 ⁸
1081 3000 1171 3046 καὶ
1218 3003 1327 3055 πῶς
1380 3002 1697 3053 συστήσεται

135 3073 402 3145 ἡβασιλεία
449 3080 639 3142 αὐτοῦ,
672 3083 702 3131 έν
755 3084 885 3153 πρὸς
927 3081 1147 3144 αύτούς;
1205 3080 1402 3154 [ὧστε,
1441 3083 1551 3154 (80)
1595 3087 1698 3154 εἴγε

135 3167 291 3214 τούτων
319 3168 496 3239 ἅρχων
527 3168 698 3230 ἐστὶν,
739 3169 832 3221 οὐκ
877 3167 936 3220 ἂν
985 3168 1248 3232 ἀπελάσας
1295 3173 1533 3233 τούτους,
1577 3191 1698 3224 στα-

136 3253 266 3322 τιέσῃ
315 3260 439 3326 πρὸς
493 3257 752 3327 minim]
807 3253 923 3310 οὐδ’
972 3256 1032 3310 ἄν
1077 3257 1394 3332 έπικουρήση
1444 3260 1700 3332 ἀνθρώπῳ

133 3342 242 3390 κατὰ
290 3338 556 3414 δαίμονος,
618 3341 729 3396 οὐδ’
773 3344 833 3396 ᾶν
884 3351 1083 3416 γένοιτό
1139 3366 1262 3400 ποτε
1317 3348 1699 3423 φιλάνθρωπος,

134 3424 518 3500 ἀνθρωποκτόνος
552 3433 626 3483 ὡν
659 3431 750 3484 ἀπ’
777 3432 971 3507 ἀρχῆς.

188 3688 272 3735 Καὶ
313 3686 354 3736 εἰ
413 3717 474 3726 —
536 3684 893 3753 ἐκϐάλλουσω
937 3691 1081 3740 Μετὰ
1135 3691 1231 3746 τήν
1286 3693 1494 3762 πρώτην
1555 3687 1707 3742 λύσιν

130 3778 207 3831 τῆς
247 3779 579 3848 κατηγορίας,
629 3774 714 3828 ἐπὶ
769 3771 1012 3848 δευτέραν
1076 3779 1290 3850 ἔρχεται
1342 3780 1702 3850 σαφεστέραν·

129 3857 216 3912 ἐπεὶ
259 3867 349 3936 γὰρ
398 3870 487 3917 καὶ
539 3866 597 3916 0i
638 3866 873 3936 μαθηταὶ
920 3865 1080 3918 αὐτοῦ
1132 3863 1390 3938 δαίμονας
1445 3864 1707 3928 ἐξέϐαλλον

135 3944 238 4013 ἤδη,
273 3952 382 4026 παρ’
435 3953 612 4006 αὐτοῦ
656 3951 895 4015 λαϐόντες
923 3959 1018 4012 τὴν
1069 3953 1332 4019 ἐξουσίαν,
1379 3953 1478 4007 ἀπὸ
1514 3958 1706 4007 τούτων

135 4035 296 4109 ἐλέγχει
340 4042 527 4112 μᾶλλον
595 4047 715 4102 τοὺς
784 4047 1121 4116 Φαρισαίους,
1184 4040 1278 4096 διὰ
1333 4045 1513 4116 φθόνον
1554 4047 1705 4115 μόνον

134 4134 308 4179 τοιαῦτα
390 4138 832 4205 κατηγοροῦντας
887 4131 1074 4189 αὐτοῦ.
1165 4137 1264 4186 Καὶ
1325 4134 1423 4204 γὰρ
1499 4131 1707 4194 ἐκείνοις

135 4210 253 4267 οὲδεν
297 4236 344 4270 τι
391 4229 634 4272 τοιοῦτον
704 4217 1056 4289 ἐγκαλοῦντες,
1115 4221 1275 4273 αὐτοῦ
1331 4225 1487 4292 μόνου
1544 4241 1706 4279 κατη-

633 4311 785 4370 Υίοὺς
853 4305 911 4361 δε
975 4310 1164 4374 αὐτῶν,
1211 4313 1331 4371 τοὺς
1390 4309 1704 4371 ἀποστόλους

137 4390 350 4462 ὠνόμασε,
409 4393 502 4450 διὰ
576 4401 637 4448 τό
687 4400 809 4458 τοὺς
873 4402 1188 4470 Φαρισαίους
1257 4402 1488 4472 πατέρων
1560 4399 1704 4462 τάξιν

139 4476 303 4548 ἐπέχειν
363 4485 410 4535 ἐν
489 4482 803 4551 Ἰουδαίοις,
861 4484 913 4547 ἐξ
970 4488 1036 4537 ὡν
1089 4489 1138 4538 οἱ
1211 4485 1489 4538 ἀπόστολοι
1549 4493 1705 4546 κατή-
1739 4471 1780 4524 D

141 4583 275 4632 rma,
317 4581 398 4625 καὶ
441 4571 537 4627 διὰ
589 4579 649 4626 τό
695 4578 970 4648 νεωτέρους
1025 4573 1224 4626 ἐκείνων
1283 4571 1412 4627 εἶναι
1465 4595 1700 4638 τούτους.

141 4654 299 4727 Ἐρωτᾲ
337 4663 441 4722 οὖν,
495 4666 579 4716 ὅτι
627 4664 711 4717 Ἐν
767 4668 868 4715 τίνι
914 4661 1271 4718 ἐκϐάλλουσιν.
1305 4663 1463 4738 Ἀρα
1518 4664 1564 4716 ἐν
1620 4672 1698 4718 Βε-

141 4743 371 4818 (dicit;
421 4758 511 4804 καὶ
569 4760 680 4812 πῶς
745 4751 804 4803 ού
863 4759 1197 4826 κατηγορεῖτε
1250 4758 1339 4805 καὶ
1384 4753 1593 4819 αύτῶν;
1644 4754 1704 4808 Εἰ

145 4826 187 4881 δι
217 4835 256 4884 ἐν
289 4843 466 4912 χάριτι
499 4848 658 4905 Θεοῦ,
720 4845 848 4902 Θεὸς
900 4842 1004 4914 ἄρα
1055 4839 1152 4912 ἐγώ
1182 4861 1194 4873 ·
1240 4841 1291 4894 έν
1337 4848 1408 4912 τῷ
1448 4841 1550 4914 έμῳ
1603 4845 1701 4917 γὰρ

147 4918 316 4992 ὀνόματι
351 4931 413 4980 τὰ
445 4926 703 5002 δαιμόνια
735 4925 1018 4985 διώκουσι.

198 5015 274 5064 ωε
322 5024 465 5069 τοῦτο
536 5049 605 5060 —
684 5023 876 5092 κριταί.
952 5023 1091 5070 Διότι
1161 5023 1328 5070 τοίνυν
1395 5019 1702 5073 ἐκϐάλλουσι

132 4321 284 4372 γορονν
352 4310 406 4360 οὗ
419 4318 540 4372 τῶς.

198 5186 236 5221 ⁸¹
269 5189 463 5250 Matth.
503 5210 601 5264 vn,
638 5198 724 5252 18.

1074 291 1440 349 COMMENT.
1485 289 1559 346 IN
1599 285 2042 345 ΜΑΤΤΗᾸΞΠΜ.
2081 317 2149 328 -
2189 287 2346 343 CAP.
2379 287 2554 342 XXII.

3352 283 3457 344 878

1801 411 2032 468 habens
2061 415 2118 468 et
2162 412 2446 469 amicum.
2476 415 2625 470 Nam
2677 412 2812 469 alibi
2856 427 3098 486 quoque
3127 411 3408 468 dicebant
3440 423 3454 466 :

1799 501 2105 558 Beelzebul
2139 501 2309 558 habet
2342 502 2410 557 ⁷⁸.

1876 590 2042 646 Vers.
2107 592 2201 647 24.
2289 591 2488 646 Sciens
2551 622 2620 631 —-
2673 591 2817 647 illis.
2872 592 3046 662 Apud
3098 607 3226 647 sese
3299 591 3456 646 enim

1801 679 1922 735 hinc
1950 678 2230 735 dicebant
2277 679 2549 735 timentes
2599 679 2854 746 turbam,
2940 681 3066 752 ipse
3095 696 3234 736 vero
3274 692 3467 736 secre'

1804 771 1932 823 tum
1961 767 2152 822 cordis
2181 783 2388 823 eorum
2410 767 2755 839 publicavit,
2787 770 2926 825 hinc
2951 770 3127 826 etiam
3172 771 3358 825 Deum
3400 784 3460 825 se

1806 871 1941 912 esse
1969 855 2414 912 demonstrans.
2460 856 2607 911 Vide
2633 863 2832 913 autem
2880 859 3040 929 quod
3082 859 3341 930 primum
3379 858 3459 914 ob

1806 945 1866 1000 id
1907 951 2224 1000 accusatus
2255 959 2377 999 non
2421 944 2766 1014 objurgavit
2805 946 2958 1011 illos,
2987 947 3459 1016 cegnoscendam

1807 1032 2051 1088 tradens
2083 1047 2256 1088 suam
2301 1033 2650 1103 potentiam,
2704 1038 2831 1090 tum
2861 1050 2900 1090 a
2944 1035 3216 1106 pluribus
3251 1035 3457 1104 signis,

1813 1125 1936 1177 tum
1969 1137 2004 1174 a
2047 1120 2343 1183 doctrina,
2376 1136 2511 1193 qua:
2546 1121 2684 1178 inde
2740 1127 2941 1180 secuta
2979 1128 3084 1180 est.
3143 1123 3293 1189 Quia
3318 1137 3461 1179 vero

1809 1223 2050 1264 rursum
2081 1207 2240 1264 idem
2273 1209 2559 1276 dicentes,
2583 1211 3048 1282 perseverabant
3069 1212 3128 1267 in
3149 1211 3316 1268 nullo
3340 1225 3460 1268 me‘

1811 1297 1986 1353 liores
2025 1296 2239 1364 effecti,
2289 1297 2571 1371 deinceps
2604 1315 2708 1355 eos
2734 1301 3009 1370 objurgat
3045 1315 3117 1356 ac
3158 1298 3464 1370 redarguit

1812 1385 2050 1442 illorum
2079 1385 2400 1442 insaniam.
2443 1387 2505 1442 Id
2559 1391 2760 1443 tamen
2815 1404 2950 1443 cum
3013 1388 3462 1445 mansuetudine

1813 1472 1970 1538 facit,
2003 1472 2301 1530 instruens
2328 1489 2458 1540 nos,
2492 1481 2556 1530 ut
2571 1482 2886 1548 peccantes
2907 1481 3221 1533 mansuete
3250 1491 3463 1547 argua-

1813 1577 1966 1618 mus.
1997 1563 2062 1617 Et
2083 1561 2160 1618 ab
2190 1562 2282 1617 his
2313 1579 2448 1636 quae
2481 1564 2878 1620 communiter
2916 1565 3215 1630 accidunt,
3243 1565 3463 1621 format

1810 1651 2116 1712 rationem,
2151 1652 2452 1724 sumitque
2484 1653 2596 1710 tria
2652 1653 2920 1724 exempla
2948 1654 3260 1710 notissima
3299 1657 3356 1709 et
3379 1655 3462 1708 in-

1810 1739 2100 1796 dubitata.
2131 1740 2392 1796 Primum
2441 1741 2687 1812 quidem
2718 1757 3007 1815 supremae
3046 1742 3345 1815 potentiae,
3383 1741 3464 1800 al-

1810 1832 2001 1884 terum
2014 1827 2246 1895 mediae,
2268 1830 2501 1886 tertium
2520 1847 2662 1888 vero
2675 1831 2907 1896 inﬁmae,
2923 1831 3286 1888 conﬁrmans
3297 1830 3462 1902 quod

1810 1916 1935 1972 sive
1967 1931 2257 1986 magnum
2309 1917 2642 1990 quidpiam,
2693 1920 2814 1975 sive
2853 1921 3141 1990 medium,
3171 1920 3302 1976 sive
3333 1919 3461 1976 inﬁ-

1806 2020 1977 2062 mum
1997 2006 2087 2070 sit,
2117 2005 2284 2077 quod
2310 2006 2597 2063 adversus
2622 2009 2890 2080 seipsum
2943 2013 3211 2066 exerceat
3233 2008 3463 2065 seditio-

1805 2109 1970 2163 nem,
2003 2094 2240 2167 peribit.

1874 2186 2032 2239 Vers.
2190 2184 2373 2240 Omne
2402 2215 2468 2226 —
2493 2185 2802 2243 desolatur.
2837 2187 3190 2244 Seditionem
3217 2187 3370 2243 inter
3397 2203 3460 2242 se

1800 2271 2050 2328 invicem
2077 2273 2392 2342 agentibus
2418 2274 2511 2330 his
2543 2275 2642 2346 qui
2673 2275 2848 2331 divisi
2880 2280 3036 2332 sunt.
3063 2289 3067 2296 '

1875 2363 2036 2417 Vers.
2068 2360 2160 2419 25.
2193 2363 2268 2417 Et
2293 2363 2478 2419 omnis
2506 2394 2575 2404 —-
2599 2364 2800 2420 stabit.
2845 2367 2972 2422 Non
3000 2365 3175 2423 stabit
3218 2369 3460 2438 propter

1809 2450 2026 2506 dictam
2057 2465 2324 2508 causam.

1874 2540 2035 2595 Vers.
2063 2543 2151 2595 26.
2183 2541 2333 2595 Etsi
2356 2571 2424 2582 -—
2470 2544 2597 2612 ejus
2627 2543 2658 2598 ἲ
2687 2542 2743 2600 Si
2781 2545 3028 2602 Satanas
3055 2545 3160 2618 qui
3188 2545 3464 2616 princeps

1805 2633 1890 2683 est
1921 2627 2380 2696 daemoniorum,
2409 2635 2612 2702 aperte
2629 2647 2700 2688 ac
2721 2632 3003 2690 violenter
3025 2636 3304 2690 Satanam
3330 2649 3462 2705 per-

1807 2716 2075 2789 sequitur
2107 2735 2118 2773 :
2155 2733 2348 2791 neque
2381 2719 2541 2776 enim
2573 2737 2738 2776 suum
2761 2721 3131 2778 domicilium
3175 2722 3326 2778 ultro
3356 2737 3464 2777 un-

1806 2821 1992 2877 quam
2019 2805 2376 2879 relinqueret
2407 2824 2420 2864 :
2463 2809 2707 2865 omnino
2736 2811 3009 2867 inimicus
3039 2817 3128 2867 est
3157 2811 3207 2866 is
3238 2811 3334 2882 qui
3359 2825 3462 2882 pa-

1804 2895 1964 2959 titur,
1995 2896 2475 2966 persecutionem
2508 2898 2800 2956 inferenti.
2853 2901 3059 2974 Itaque
3108 2904 3314 2956 contra
3355 2899 3464 2956 sei-

1806 2998 1973 3055 psum
2027 2982 2254 3039 divisus
2339 2990 2442 3051 est,
2511 2989 2797 3059 separatis
2875 2989 2952 3046 ab
3027 3004 3098 3046 eo
3181 2988 3463 3046 daemoni-

1806 3071 1942 3142 bus,
1997 3072 2101 3143 qui
2152 3073 2403 3144 subjecti
2463 3082 2634 3132 erant
2683 3093 2696 3132 :
2757 3083 2813 3135 et
2899 3079 3207 3152 quomodo
3288 3077 3464 3135 stabit

1805 3175 2058 3231 regnum
2083 3161 2234 3231 ejus,
2285 3163 2450 3234 quod
2498 3164 2557 3218 in
2606 3163 2739 3221 illos
2770 3166 2947 3222 habet
2973 3166 3003 3222 ‘i
3038 3167 3094 3224 Si
3123 3182 3263 3236 ergo
3306 3165 3464 3239 prin-

1807 3263 1948 3319 ceps
2003 3247 2239 3305 illorum
2289 3255 2401 3314 est,
2433 3266 2816 3324 nequaquam
2848 3269 2949 3310 eos
2995 3254 3346 3324 expellendo
3377 3269 3463 3309 se-

1807 3336 2086 3394 ditionem
2115 3344 2250 3408 aget
2278 3337 2569 3396 adversus
2600 3339 2733 3396 illos
2768 3359 2780 3396 :
2811 3356 3204 3414 nequaquam
3234 3341 3464 3397 homini

1810 3430 2018 3482 contra
2071 3425 2411 3484 daemonem
2492 3427 2929 3486 auxiliabitur:
2991 3445 3100 3486 nec
3157 3429 3464 3486 hominem

1811 3529 2082 3587 unquam
2139 3530 2343 3574 amare
2385 3517 2618 3589 poterit,
2668 3519 2766 3590 qui
2805 3518 2882 3576 ab
2934 3518 3104 3576 initio
3160 3517 3466 3577 homicida

1812 3609 1922 3660 est.

1885 3695 2042 3750 Vers.
2075 3696 2169 3752 27.
2207 3695 2282 3751 Et
2311 3694 2364 3750 si
2385 3726 2453 3736 -—
2481 3695 2746 3765 ejiciunt.
2773 3697 2804 3753 ν
2852 3696 3260 3770 Postprimam
3297 3711 3470 3754 accu-

1813 3783 2059 3840 sationis
2085 3782 2458 3849 dilutionem,
2491 3785 2569 3840 ad
2612 3785 2945 3843 secundam
2992 3786 3263 3858 procedit
3290 3786 3470 3843 mani-

1814 3871 2135 3929 festiorem.
2187 3875 2338 3928 Nam
2387 3874 2530 3946 quia
2586 3873 2866 3948 discipuli
2916 3892 3158 3950 quoque
3200 3877 3328 3948 ejus
3345 3875 3468 3948 jam

1812 3960 2120 4018 daemones
2147 3961 2460 4032 ejiciebant
2489 3968 2728 4037 sumpta
2768 3964 2846 4021 ab
2874 3965 3007 4038 ipso
3038 3970 3344 4037 potestate,
3391 3965 3469 4021 ab

1810 4049 1906 4105 his
1927 4050 2122 4120 magis
2151 4051 2478 4106 Pharisaaos
2507 4053 2718 4123 arguit,
2767 4053 2872 4126 qui
2899 4054 3024 4110 sola
3051 4055 3196 4110 moti
3246 4053 3472 4110 invidia

1812 4151 1951 4194 eum
2037 4138 2449 4195 accusabant:
2536 4140 2836 4214 siquidem
2901 4142 3047 4198 nihil
3124 4143 3471 4214 hujusmodi

1809 4225 1924 4281 illis
1979 4225 2341 4296 objicientes,
2429 4228 2627 4284 solum
2682 4230 2882 4300 ipsum
2942 4230 3026 4286 ita
3088 4231 3466 4288 accusabant.

1814 4313 1991 4370 Filios
2031 4318 2228 4370 autem
2285 4315 2722 4374 Pharisworum
2761 4317 3062 4389 apostolos
3117 4317 3468 4382 nominavit,

1818 4418 1889 4458 eo
1948 4402 2115 4474 quod
2174 4403 2451 4460 Pharisaei
2521 4411 2760 4476 patrum
2831 4406 3099 4461 ordinem
3152 4407 3473 4463 retinerent

1812 4491 1962 4548 inter
1990 4491 2254 4556 Judaeos,
2280 4508 2316 4548 a
2346 4492 2570 4564 quibus
2598 4491 3045 4549 descendebant
3065 4493 3350 4565 apostoli:
3378 4495 3472 4551 vel

1811 4580 1959 4652 quia
2009 4579 2124 4634 illis
2181 4579 2450 4650 juniores
2496 4586 2687 4638 erant.
2751 4583 3080 4650 lnterrogat
3121 4597 3294 4651 ergo:
3363 4583 3471 4640 Per

1813 4683 1993 4736 quem
2024 4668 2269 4739 ejiciunt
2293 4671 2319 4725 ?
2348 4671 2433 4725 An
2465 4669 2642 4727 etiam
2681 4685 2788 4741 per
2818 4669 3167 4727 Beelzebul?
3191 4674 3255 4728 Et
3282 4688 3465 4746 quare

1811 4756 1946 4812 illos
1994 4771 2239 4829 quoque
2278 4772 2400 4814 non
2432 4758 2727 4816 accusatis
2753 4759 2781 4816 7
2831 4758 2891 4816 Si
2919 4763 3118 4817 autem
3157 4775 3263 4834 per
3312 4761 3463 4819 divi-

1813 4859 1955 4902 nam
1981 4845 2258 4915 gratiam,
2319 4845 2520 4919 utique
2568 4849 2722 4903 Deus
2780 4862 2893 4917 ego
2924 4863 3107 4916 sum;
3161 4864 3306 4908 nam
3360 4867 3468 4924 per

1813 4949 2057 4991 nomem
2088 4951 2293 4992 meum
2311 4934 2614 4994 daamonia
2637 4936 2904 5010 ejiciunt.

1885 5025 2056 5080 Vers.
2099 5023 2185 5078 27.
2238 5024 2378 5082 Ideo
2412 5054 2474 5063 —
2518 5025 2768 5094 judices.
2804 5025 2952 5092 Quia
2981 5041 3120 5098 ergo
3163 5027 3279 5100 ipsi
3324 5043 3472 5100 quo-

1325 5321 1550 5392 Varize
1589 5323 1921 5392 lectiones
1955 5335 2020 5392 et
2040 5335 2250 5394 nota.

201 5503 298 5645 E78)
327 5511 720 5587 ὡμολογούμενα
748 5518 822 5574 Α.

224 5577 301 5645 T9)
325 5588 622 5645 ora:chta
653 5589 713 5643 Β.

224 5577 301 5650 ἶ9)
325 5577 622 5648 στασοάςεέν
653 5589 713 5643 Β.

1895 5519 2008 5590 (80)
2035 5521 2171 5586 Quae
2200 5520 2295 5578 hic
2324 5523 2556 5582 inclusa
2609 5530 2765 5592 sunt,
2798 5542 2867 5582 ea
2898 5541 2970 5582 ex
3018 5524 3148 5584 cod.
3177 5527 3223 5580 Α
3244 5523 3472 5580 excide-

1822 5595 1980 5649 runt.
2009 5593 2075 5649 In
2105 5607 2288 5650 causa
2316 5593 2426 5653 fuit
2454 5595 2675 5670 duplex
2695 5599 2824 5670 πρὸς
2851 5596 3054 5658 αὐτοῦς.
