3906 6202
469 274 575 331 379

1769 269 2119 327 EUTYHMII
2158 270 2489 330 ZIGABENI

3688 293 3777 349 380

464 410 586 472 'que
604 400 903 459 daemonia
916 402 1282 472 ejiciuntnec
1304 400 1657 455 accusantur
1695 412 1727 453 a
1756 396 1946 462 vobis,
1978 412 2113 469 pro-

2238 404 2311 451 ιαὶ
2356 399 2504 452 αὐτοὶ
2543 398 2813 475 δαιμόνια,
2864 411 2953 459 καὶ
3000 407 3111 480 (81)
3164 409 3257 462 οὐκ
3310 409 3629 483 ἕγκαλοῦνται
3674 419 3781 491 παρ’

471 495 675 559 pterea
719 490 831 558 ipsi
886 490 1117 561 iudices
1146 489 1323 545 vestri
1374 491 1589 544 erunt:
1644 491 1700 542 et
1757 486 2112 543 condemna-

470 577 621 632 bunt
654 595 759 633 vos
794 596 807 644 ;
856 594 979 634 non
1030 578 1105 634 de
1140 578 1431 644 omnibus,
1476 593 1611 650 quae
1668 576 1729 632 in
1755 576 1875 633 vita
1905 584 2113 648 perpe-

473 667 665 721 trastis
726 684 738 732 ;
824 683 958 725 nam
1010 668 1072 723 id
1120 667 1303 723 solius
1384 666 1484 723 Dei
1568 671 1675 732 est,
1724 666 1828 721 sed
1876 665 1950 721 de
2000 665 2115 722 hac

472 756 870 827 blasphemia,
918 757 1221 828 quoniam,
1266 755 1377 811 illis
1406 754 1641 816 relictis.
1693 755 1837 810 moti
1869 753 2113 822 invidia,

473 860 568 899 me
618 845 813 900 solum
859 844 1172 901 accusatis.
1206 845 1305 899 Vel
1357 848 1597 916 propter
1642 844 1775 909 hoc,
1805 842 1950 915 quia
1978 858 2116 899 cum

473 933 587 987 sint
616 933 721 990 ﬁlii
749 934 939 997 vestri,
977 937 1033 989 et
1059 933 1410 1001 agnoverint
1465 934 1786 997 veritatem,
1837 931 2117 988 condem-

472 1022 705 1078 nabunt
778 1037 887 1079 vos
946 1026 1145 1093 patres
1195 1037 1355 1091 suos,
1420 1022 1522 1094 qui
1573 1022 1728 1078 hanc
1789 1034 2117 1091 cognocere

471 1109 759 1165 noluistis.

540 1201 698 1255 Vers.
732 1201 823 1256 28.
864 1199 929 1255 Si
971 1228 1039 1240 —
1095 1215 1339 1269 regnum
1378 1199 1501 1255 Dei.
1534 1201 1575 1269 -ι-
1623 1198 1849 1269 Digitus
1897 1199 1997 1255 Dei
2021 1200 2118 1255 hic

470 1286 583 1341 dici
636 1292 828 1358 potest
885 1288 1127 1359 Spiritus
1190 1292 1454 1343 sanctus.
1511 1288 1657 1342 Cum
1714 1288 1873 1342 enim
1930 1288 2119 1343 caeteri

472 1376 854 1445 evangelistas
876 1376 1177 1433 dixerunt:
1202 1376 1267 1431 Si
1286 1392 1381 1446 ego
1392 1392 1503 1445 per
1519 1376 1813 1445 Spiritum
1840 1375 1941 1432 Dei
1954 1376 2119 1445 ejicio

468 1465 780 1533 daemonia,
802 1468 988 1521 Lucas
1017 1466 1164 1521 dixit
1192 1466 1278 1522 :Si
1290 1482 1390 1536 ego
1418 1480 1526 1536 per
1549 1466 1797 1535 digitum
1827 1465 1932 1521 Dei
1955 1467 2119 1536 ejicio

470 1554 757 1611 daemonia
788 1556 859 1611 7°.

541 1646 861 1715 Postquam
913 1643 1367 1708 demonstravit,
1417 1643 1581 1715 quod
1648 1660 1769 1700 non
1821 1659 1924 1715 per
1969 1644 2120 1701 Beel-

471 1730 639 1787 zebul
692 1733 925 1803 ejiceret
981 1731 1296 1797 daemonia,
1346 1732 1521 1787 simul
1575 1734 1751 1789 etiam
1790 1749 1860 1788 ex
1915 1748 2120 1789 conse—

2238 1727 2499 1799 δαιμόνια,
2574 1732 2954 1805 συναπέδειξεν,

470 1820 677 1891 quenti
727 1821 1008 1890 ostendit,
1061 1821 1229 1893 quod
1273 1837 1345 1877 ea
1386 1837 1492 1893 per
1533 1821 1823 1892 Spiritum
1878 1822 1981 1877 Dei
2028 1822 2124 1893 eji-

472 1914 652 1964 ceret.
696 1910 982 1980 Spiritum
1015 1916 1211 1965 autem
1236 1909 1335 1965 Dei
1376 1926 1535 1966 nunc
1570 1910 1898 1981 potentiam
1929 1915 2123 1967 vocat.

473 1999 618 2053 Nam
651 2002 707 2053 et
744 1998 974 2054 Lucas:
1003 2000 1119 2055 Per
1147 1999 1405 2069 digitum
1448 2000 1557 2055 Dei
1586 1999 1737 2055 dixit
1771 2000 1837 2065 ⁸ο,
1871 2000 1985 2055 hoc
2016 2004 2125 2056 est:

474 2101 580 2157 per
602 2102 851 2142 manum
876 2107 887 2154 ;
910 2104 1156 2143 manum
1186 2104 1323 2143 vero
1354 2088 1472 2153 Dei,
1506 2088 1833 2159 potentiam
1866 2088 1964 2143 Dei
1993 2086 2130 2144 dici'

474 2192 635 2232 mus.
676 2177 731 2233 Si
772 2192 912 2233 vero
940 2194 1052 2247 ego
1091 2193 1197 2250 per
1228 2179 1573 2249 potentiam,
1614 2178 1824 2249 inquit,
1858 2177 2125 2234 divinam

472 2264 644 2335 ejicio
723 2265 1046 2331 daemonia,
1102 2282 1225 2323 non
1277 2267 1457 2339 quasi
1508 2266 1710 2321 nudus
1762 2266 1966 2336 homo,
2021 2266 2127 2322 sed

478 2355 653 2425 quasi
688 2355 791 2411 Dei
840 2355 1045 2425 Filius,
1106 2357 1370 2429 profecto
1424 2355 1693 2429 pervenit
1748 2354 1827 2411 od
1877 2370 1981 2412 vos
2038 2369 2127 2412 re-

475 2457 663 2513 gnum
721 2444 847 2501 Dei.
918 2445 1102 2503 Suum
1196 2449 1397 2502 autem
1455 2444 1598 2501 dicit
1636 2459 1907 2515 regnum,
1959 2443 2126 2515 quod

472 2532 741 2589 videlicet
766 2549 865 2604 per
915 2534 1215 2590 Christum
1267 2551 1395 2590 esse
1433 2538 1775 2598 venturum,
1819 2532 2125 2605 prophetas

473 2624 1047 2693 praenuntiaverunt.
1071 2625 1220 2681 Nam
1242 2624 1424 2680 solius
1442 2623 1541 2678 Dei
1558 2629 1766 2695 estper
1794 2623 2123 2695 potentiam

472 2710 737 2767 divinam
776 2713 1079 2769 daemones
1113 2714 1345 2785 ejicere.
1404 2712 1669 2784 ApOstoli
1709 2726 1969 2783 namque
2001 2726 2123 2767 non

472 2800 717 2873 propria
744 2801 1026 2873 potentia,
1071 2802 1175 2857 sed
1229 2816 1333 2872 per
1390 2801 1658 2855 divinam
1699 2800 1951 2869 gratiam
1983 2798 2117 2854 illos

472 2888 808 2958 ejiciebant.
848 2892 1048 2961 Neque
1088 2891 1245 2946 enim
1273 2894 1593 2961 potuerunt
1616 2893 1905 2961 tanquam
1944 2889 2116 2953 Deus,

474 2976 579 3031 sed
606 2978 858 3046 gratiam
885 2993 914 3032 ο
969 2979 1088 3033 Deo
1126 2977 1453 3035 habebant.
1514 2977 1775 3034 Christus
1820 2977 2116 3050 siquidem

471 3065 597 3120 solo
622 3065 801 3160 jussu
832 3066 1143 3160 daemones
1173 3066 1472 3160 fugabati
1535 3067 1617 3122 illi
1672 3082 1811 3123 vero
1863 3082 1969 3160 per
2020 3081 2119 3160 no:
2160 3102 2201 3160 Ο

473 3168 609 3209 men
658 3154 789 3225 ejus
828 3155 991 3227 ipsos
1039 3156 1357 3227 expellant.
1420 3156 1476 3212 Si
1528 3172 1669 3213 vero
1729 3155 1996 3229 pervenit
2047 3155 2120 3211 ad

473 3257 581 3299 vos
632 3259 886 3316 regnum
938 3244 1058 3313 Dei,
1110 3259 1297 3317 quare
1358 3244 1505 3301 illud
1550 3244 1871 3316 repellitis‘?
1928 3245 2120 3311 Quare

475 3336 684 3389 contra
700 3339 896 3390 vestra
907 3333 1063 3389 bona
1089 3334 1371 3407 pugnatis
1391 3332 1559 3391 ?Hoc
1590 3348 1855 3406 namque
1883 3338 2120 3404 tempus

476 3428 559 3478 est
585 3427 792 3479 vestras
806 3422 1032 3487 salutis,
1046 3424 1209 3495 quod
1222 3423 1363 3479 olim
1378 3422 1774 3495 przedixerunt
1794 3422 2118 3492 prophetae,

546 3512 706 3567 Vers.
755 3513 840 3567 29.
874 3512 1112 3583 Alioqui
1150 3512 1437 3583 quomodo
1486 3541 1553 3550 -—
1584 3508 1866 3581 diripiet?
1907 3510 1994 3564 Ab
2027 3525 2121 3565 ex-

476 3600 668 3671 emplo
723 3614 1061 3654 sermonem
1115 3599 1409 3670 producit.
1462 3598 1569 3653 Per
1624 3598 1835 3653 fortem
1899 3602 2119 3663 autem,

478 3688 807 3759 principem
863 3686 1303 3743 daemoniorum
1344 3685 1728 3743 subindicat:
1788 3702 1909 3741 non
1963 3686 2125 3758 quod

477 3779 692 3831 natura
719 3774 883 3830 fortis
912 3774 1008 3839 sit,
1055 3774 1159 3829 sed
1211 3774 1376 3846 quod
1410 3789 1593 3846 usque
1636 3778 1775 3829 tunc
1822 3774 2125 3844 tyrannice

474 3862 831 3935 regnaverit,
888 3878 1108 3934 eosque
1167 3862 1263 3933 qui
1326 3877 1445 3934 prae
1502 3862 1747 3934 segnitie
1800 3862 2125 3920 imbecilles

477 3957 662 4017 erant,
711 3951 1043 4023 opresserit.
1102 3950 1259 4007 Vasa
1316 3967 1452 4009 vero
1511 3950 1639 4023 ejus
1698 3952 1964 4025 subjecta
2010 3951 2127 4008 daa-

477 4042 679 4098 monia
720 4047 907 4107 erant,
952 4057 1082 4111 quae
1128 4046 1182 4098 et
1230 4056 1401 4097 arma
1457 4040 1586 4112 ejus
1646 4040 1762 4098 dici
1827 4045 2123 4113 possunt:

476 4147 621 4187 nam
650 4133 717 4183 τὰ
741 4133 898 4190 σκεύη
940 4129 1119 4187 etiam
1178 4145 1348 4187 arma
1373 4129 1487 4187 dici
1535 4130 1746 4187 solent.
1802 4130 1940 4188 Ideo
1978 4146 2125 4204 quo-

475 4237 593 4294 que
632 4224 821 4279 Lucas
870 4236 1039 4278 arma
1094 4221 1223 4291 ejus
1269 4220 1401 4293 ipsa
1457 4222 1692 4277 vocavit
1721 4223 1763 4258 "
1792 4240 1812 4277 :
1859 4236 1965 4293 per
1996 4237 2129 4293 quae

478 4310 729 4367 miseros
769 4310 1044 4366 homines
1099 4309 1160 4365 in
1209 4307 1568 4365 servitudem
1628 4308 1953 4379 redigebat.
2015 4312 2129 4364 Hoc

478 4414 619 4470 ergo
645 4400 919 4471 exemplo
939 4398 1480 4455 considerationem
1509 4398 1755 4463 inducit,
1770 4413 1905 4470 quas
1931 4403 2130 4453 osten-

480 4489 581 4547 dat
604 4506 723 4545 non
750 4488 939 4546 solum
961 4487 1126 4561 quod
1144 4487 1475 4560 principem
1498 4486 1936 4544 daemoniorum
1983 4487 2127 4543 ami-

482 4593 619 4633 cum
658 4593 777 4633 non
808 4578 1045 4641 habeat,
1083 4579 1182 4633 sed
1231 4577 1430 4649 potius
1488 4576 1655 4648 quod
1719 4575 2126 4632 fortitudinem

482 4665 610 4734 ejus
640 4671 932 4736 tanquam
958 4666 1348 4721 inimicissimi
1384 4665 1738 4735 alligaverit.
1790 4668 1887 4721 Est
1925 4661 2125 4722 tinem

484 4752 975 4809 considerationis
1028 4769 1272 4824 scopus,
1321 4754 1487 4826 quod
1552 4754 1701 4812 sicut
1756 4769 1876 4810 non
1934 4760 2127 4826 potest

484 4842 804 4913 quisquam
856 4841 1094 4896 domum
1150 4842 1316 4898 fortis
1363 4843 1612 4915 ingredi,
1682 4858 1945 4915 vasaque
1998 4842 2123 4916 ejus

522 4930 766 5001 dirpere
824 4930 901 4985 ab
928 4930 1027 4985 illo
1058 4938 1431 4997 conservata,
1465 4932 1575 4987 nisi
1619 4933 1879 5004 primum
1932 4931 2149 4993 fortem

574 5056 624 5089 7°
661 5056 794 5110 [.uc.
828 5070 906 5120 x1,
939 5055 1026 5109 20.
1142 5054 1190 5089 ⁸ο
1220 5054 1362 5111 ibid.
1478 5056 1520 5090 ⁸¹
1554 5054 1697 5111 ibid.
1731 5056 1818 5109 21.

2224 488 2383 558 ὑμῶν,
2444 485 2539 541 διὰ
2592 499 2744 543 τοῦτο
2792 493 2942 547 αὐτοὶ
3004 498 3144 567 ὑμῶν
3198 500 3403 550 ἔσονται
3467 506 3647 573 κριταὶ,
3708 512 3781 558 καὶ

2223 585 2623 649 κατακρινοῦσιν
2703 582 2836 652 ὑμᾶς
2875 600 2887 611 ⁸
2941 584 3035 635 οῦκ
3105 584 3189 637 ἰπὶ
3258 594 3363 647 τοῖς
3424 587 3777 661 βεϐιωμένοις·

2223 671 2373 717 τοῦτο
2441 668 2542 740 γὰρ
2584 672 2775 753 ,μόνου
2836 678 2968 724 Θεοῦ
2994 690 3005 701 ·
3053 671 3158 725 ἀλλ’
3228 673 3310 727 ἐπὶ
3382 684 3443 747 τῇ
3505 676 3784 753 βλασφημίᾳ

2223 756 2410 825 ταύτῃ,
2442 756 2521 806 ὅτι
2567 752 2659 807 διὰ
2711 761 2892 829 φθόνον
2938 760 3197 832 ἐγκαλεῖτε
3238 768 3380 835 μόνῳ
3424 764 3553 836 ἐμοὶ,
3598 752 3783 830 ίκείνους

2223 840 2426 913 ἀφέντες
2457 860 2467 871 ·
2517 844 2546 902 ἦ
2598 841 2692 897 διὰ
2751 855 2923 916 τοῦτο,
2968 846 3109 902 διότι
3161 853 3266 905 υἱοὶ
3320 854 3462 924 ὑμῶν
3504 859 3646 920 ὄντες,
3688 856 3783 909 irri-

2224 950 2425 1000 γνωσαν
2496 936 2587 991 τὴν
2670 934 2933 1001 ἀλήθειαν,
3004 948 3404 1013 κατακρινοῦσιν
3473 944 3613 1013 ὑμᾶς,
3687 949 3782 1005 τοὺς

2226 1025 2446 1093 πατέρας
2502 1021 2688 1091 αὐτῶν,
2758 1029 2829 1097 μὴ
2903 1026 3217 1091 θελήσαντάς
3284 1029 3556 1102 ἐπιγνῶναι
3599 1035 3780 1091 ταύτην.

2300 1198 2457 1250 Εἰ-
2500 1207 2589 1253 τοῦ
2626 1208 2784 1256 Θεοῦ.
2828 1203 3124 1274 [Δάκτυλος
3166 1205 3277 1279 (82)
3323 1216 3478 1274 Θεοῦ,
3517 1213 3571 1263 τὸ
3612 1216 3787 1282 Πνεῦμα

2226 1289 2284 1337 τὸ
2342 1289 2511 1358 ἅγιον,
2560 1296 2670 1342 Τῶν
2712 1293 2814 1364 γὰρ
2863 1293 3026 1345 ἄλλων
3089 1294 3470 1367 εὖαγγελιστών
3526 1298 3743 1351 εἰπόντων
3774 1317 3784 1326 '

2228 1376 2287 1427 Εἰ
2352 1372 2411 1428 δι
2463 1376 2563 1448 ἐγὼ
2608 1377 2656 1430 ἓν
2713 1383 2974 1453 Πνεῦματι
3031 1390 3165 1437 θεοῦ
3224 1383 3449 1437 ἐκϐάλλω
3513 1390 3574 1438 τά
3624 1384 3787 1458 δαιμό-

2226 1483 2330 1531 νια,
2381 1467 2405 1516 6
2455 1471 2658 1527 Λουκᾶς
2712 1465 2845 1521 εἶπεν
2874 1487 2886 1499 ⁸
2940 1472 2999 1524 Εἰ
3056 1467 3115 1525 δι
3168 1472 3269 1544 ἕγώ
3313 1472 3362 1525 ἕν
3403 1471 3634 1547 δακτύλῳ
3681 1483 3791 1528 Θεοῦ

2229 1551 2455 1605 ὶκϐάλλω
2488 1558 2554 1606 τὰ
2593 1552 2903 1630 δαιμόνια.]

2301 1639 2625 1712 Ἀποδείξας,
2706 1648 2781 1698 ὅτι
2847 1647 2940 1700 οῦκ
2998 1646 3045 1700 ἕν
3115 1649 3418 1712 Βεελζεϐοῦλ
3486 1652 3696 1706 ἐκϐάλλει
3737 1656 3790 1705 τὰ

3036 1739 3115 1791 ὅτι
3188 1738 3364 1792 λοιπὸν
3452 1740 3501 1793 ἐν
3568 1745 3794 1815 Πνεῦματι

2235 1826 2366 1872 Θεοῦ
2426 1827 2591 1872 ταῦτα
2642 1819 2934 1880 ἀπελαύνει,
3005 1832 3213 1898 Πνεῦμα
3273 1824 3331 1880 δι
3386 1836 3520 1881 Θεοῦ
3572 1838 3669 1897 νῦν,
3722 1836 3791 1887 τὴν

2236 1906 2455 1981 δύναμιν
2486 1917 2577 1961 τοῦ
2609 1918 2740 1964 Θεοῦ
2782 1932 2930 1984 φησι.
2978 1917 3066 1967 Διὸ
3095 1921 3185 1968 καὶ
3232 1917 3257 1969 6
3288 1924 3519 1985 Λουκᾶς,
3573 1919 3648 1972 Ἐν
3691 1916 3794 1971 6a:-

2233 1997 2364 2068 τύλῳ
2418 2006 2550 2052 Θεοῦ
2606 1997 2730 2071 εἰπε,
2818 2007 3105 2071 τουτέστιν,
3179 2003 3227 2056 ἔν
3304 2011 3471 2081 χειρί.
3547 2015 3695 2079 Χεῖρα
3746 2004 3791 2059 δὲ

2237 2094 2389 2152 Θεοῦ,
2422 2092 2514 2145 τὴν
2564 2084 2785 2160 δύναμιν
2816 2090 2975 2143 αὑτοῦ
3018 2092 3249 2165 λέγομεν.
3297 2095 3355 2147 Εἰ
3414 2092 3478 2148 δε
3508 2094 3554 2147 ἐν
3610 2093 3793 2166 δυνάμει

2237 2177 2366 2247 θείᾳ,
2403 2182 2582 2247 φησὶν,
2633 2176 2731 2248 ἐγὼ
2779 2177 3006 2231 ἐκϐάλλω
3047 2184 3109 2233 τὰ
3161 2178 3428 2253 δαιμόνιοι,
3476 2186 3545 2245 ὡς
3571 2189 3635 2255 μὴ
3672 2184 3794 2254 ψιλὸς

2234 2265 2504 2338 ἄνθρωπος
2558 2267 2687 2337 (83),
2748 2265 2875 2320 ἀλλά
2941 2273 3030 2321 καὶ
3077 2271 3193 2331 Υἱὸς
3243 2278 3397 2337 Θεοῦ,
3466 2274 3567 2347 ἀρα
3614 2274 3796 2345 ἔφθασεν

2234 2351 2306 2424 ἐφ’
2345 2355 2477 2425 ὑμᾶς
2509 2356 2539 2412 ἡ
2572 2353 2819 2426 βασιλεία
2845 2363 2936 2408 τοῦ
2964 2364 3098 2411 Θεοῦ
3129 2372 3144 2388 ·
3194 2358 3329 2431 λέγει
3379 2357 3442 2413 δε
3486 2366 3577 2419 τήν
3626 2360 3794 2423 ἑαυτοῦ,

2234 2444 2414 2500 ἧντινα
2442 2438 2537 2494 διὰ
2564 2450 2657 2495 τοῦ
2706 2451 2940 2516 Χριστοῦ
2986 2448 3241 2518 ἔρχεσθαι
3280 2447 3357 2500 ἐπ’
3385 2450 3570 2511 αὐτοὺς
3607 2468 3792 2525 προκατ-

2232 2529 2477 2601 ήγγειλαν
2544 2533 2593 2583 οἱ
2648 2541 2931 2604 προφῆται.
2996 2539 3169 2588 Μονου
3239 2538 3340 2608 γὰρ
3419 2546 3574 2603 Θεοῦ,
3642 2542 3693 2589 τό
3759 2537 3796 2587 ἐν

2233 2616 2451 2691 δυνάμει
2497 2622 2610 2692 θείᾳ
2652 2617 2901 2693 δαίμονας
2950 2621 3225 2679 ἐκϐάλλειν.
3262 2628 3326 2678 Οἱ
3373 2628 3480 2699 γὰρ
3534 2625 3795 2689 ἀπόστολοι,

2232 2708 2323 2759 οὐκ
2386 2706 2433 2759 ἓν
2488 2704 2708 2781 δυνάμει
2752 2710 2881 2782 θείᾳ,
2938 2708 3046 2763 ἀλλ’
3091 2710 3140 2763 ἐν
3183 2716 3372 2788 χάριτι
3444 2717 3554 2787 θείᾳ
3612 2718 3795 2773 τούτους

2230 2794 2508 2857 ἐξέϐαλλον.
2545 2798 2619 2849 Οὐ
2648 2800 2745 2872 γὰρ
2800 2796 3077 2864 ἠδύναντο,
3135 2804 3204 2863 ὡς
3237 2803 3263 2854 ὀ
3310 2806 3462 2870 Θεὸς,
3498 2802 3619 2855 ἀλλὰ
3659 2805 3794 2875 χάριν

2230 2883 2373 2954 εἶχον
2422 2886 2478 2936 ἐκ
2536 2894 2624 2938 τοῦ
2684 2894 2836 2941 Θεοῦ.
2882 2887 2939 2939 Ὀ
3002 2892 3091 2960 μεν
3138 2891 3239 2961 γὰρ
3304 2889 3617 2964 ἔπιτάγματι
3681 2898 3795 2962 μόνῳ

2228 2978 2347 3035 τοὺς
2397 2970 2651 3045 δαίμονας
2690 2972 3003 3047 ἐφυγάδευεν
3032 2998 3043 3010 ·
3090 2979 3139 3029 οἱ
3171 2975 3228 3030 δε
3262 2978 3309 3030 ἐν
3346 2988 3419 3050 τῷ
3473 2980 3675 3052 ὀνόματι
3712 2979 3791 3031 αὖ·

2228 3070 2317 3115 τοῦ
2374 3065 2585 3123 τούτους
2643 3062 2909 3137 ἐξωριζον,
2986 3065 3045 3118 Εἰ
3102 3062 3160 3118 δι
3222 3069 3444 3139 ἔφθασεν
3492 3068 3565 3141 ἐφ’
3614 3068 3787 3139 ὑμᾶςή

2233 3150 2477 3224 βασιλεία
2532 3159 2623 3203 τοῦ
2679 3160 2835 3215 Θεοῦ,
2892 3149 3036 3206 διατί
3080 3157 3272 3214 ταύτην
3321 3154 3630 3222 ἀπωθεῖσθε,
3677 3153 3795 3207 διατί

2229 3248 2338 3302 τοῖς
2390 3242 2656 3313 ὑμετέροις
2718 3239 2931 3312 ἀγαθοῖς
2983 3242 3286 3315 πολεμεῖτε;
3340 3241 3513 3306 Οὗτος
3561 3247 3655 3320 γὰρ
3701 3243 3798 3296 ἐκεί-

2230 3350 2315 3391 νος
2360 3332 2387 3382 6
2434 3334 2614 3402 καιρός
2660 3339 2750 3390 τῆς
2822 3335 3084 3406 σωτηρίας
3139 3333 3302 3405 ὑμῶν,
3359 3333 3417 3386 ὃν
3475 3334 3630 3387 πάλαι
3658 3340 3801 3407 προεῖ-

2231 3440 2325 3472 πον
2358 3420 2406 3471 οἱ
2434 3428 2603 3491 προφῆ
2612 3438 2716 3473 ται.

2303 3508 2372 3563 Ἤ
2417 3517 2527 3570 πῶς
2574 3538 2638 3549 -
2683 3505 2957 3582 διαρπάσῃ
2995 3508 3150 3581 (84);
3211 3508 3708 3584 Παραδειγματικῶς
3733 3512 3802 3580 μεν

2234 3596 2404 3669 ἐξάγει
2442 3600 2528 3649 τὸν
2570 3597 2738 3669 λόγον,
2773 3593 3031 3656 ὑποδηλοῖ
3069 3594 3128 3651 δε
3178 3598 3406 3672 ἰσχυρὸν
3453 3604 3562 3672 μὲν,
3611 3599 3802 3670 1614;69-

2230 3690 2401 3758 ’χοντα
2448 3694 2546 3737 τῶν
2601 3682 2903 3757 δαιμονίων,
2962 3687 3068 3758 οὐχ
3133 3689 3203 3748 ὡς
3261 3688 3491 3763 ἰσχυρὸν
3544 3697 3603 3760 τῇ
3657 3690 3802 3759 φύσει,

2237 3774 2341 3825 ἀλλ’
2401 3776 2465 3834 ὡς
2512 3782 2861 3847 τυραννοῦντα
2912 3780 3075 3847 μέχρι
3121 3780 3256 3846 τότε,
3306 3781 3395 3828 καὶ
3449 3777 3565 3849 (85)
3610 3770 3807 3827 καταδυ·

2234 3866 2548 3916 ναστεύοντα
2594 3872 2692 3915 τῶν
2770 3862 3119 3916 ἀσθενούντων
3195 3865 3252 3916 ἐκ
3320 3866 3615 3939 ῥᾳθυμίας.
3674 3864 3805 3917 Σκεύη

2239 3949 2297 4004 δε
2335 3952 2515 4013 αὐτοῦ,
2556 3954 2622 4003 τὰ
2664 3954 3051 4024 ὑποτεταγμένα
3094 3952 3236 4023 αὐτῷ
3278 3950 3552 4026 δαιμόνια,
3597 3956 3661 4013 ὡς
3703 3949 3809 4003 ὅπλα

2238 4041 2394 4093 αὐτοῦ
2422 4058 2435 4071 ⁸
2485 4044 2641 4098 σκεύη
2698 4042 2797 4112 γὰρ
2863 4040 3228 4111 ὀνομάζονται,
3290 4047 3379 4094 καὶ
3439 4045 3510 4095 τα
3551 4042 3692 4095 ὅπλα.
3741 4042 3809 4092 Διὸ

2238 4136 2327 4182 καὶ
2363 4132 2389 4181 6
2441 4134 2668 4195 Λουκᾶς,
2716 4128 3003 4181 πανοπλίαν
3051 4130 3209 4183 αὐτοῦ
3251 4138 3421 4184 ταῦτα
3462 4131 3706 4203 ὠνόμασε,
3755 4123 3811 4178 δι’

2240 4220 2305 4269 ὧν
2357 4214 2734 4270 κατεδουλοῦτο
2792 4220 2914 4279 τοὺς
2964 4216 3175 4280 ἀθλίους
3246 4217 3575 4293 ἀνθρώπους.
3633 4218 3811 4286 Εἰσάγιι

2242 4304 2299 4359 δε
2366 4307 2635 4378 λογισμὸν,
2706 4301 2798 4357 διὰ
2853 4314 2943 4358 τοῦ
3018 4309 3257 4359 τοιούτου
3329 4303 3813 4381 παραδείγματοςό

2240 4400 2486 4468 Χριστὸς,
2557 4392 2877 4460 δεικνύοντα,
2930 4396 3008 4447 ὅτι
3068 4395 3127 4447 οὐ
3184 4400 3335 4467 μόνον
3398 4397 3496 4449 οὐκ
3555 4399 3664 4467 ἔχει
3700 4392 3813 4466 φίλον

2240 4489 2324 4536 τὸν
2369 4486 2606 4558 ἄρχοντα
2650 4492 2749 4535 τῶν
2796 4480 3099 4555 δαιμονίων,
3152 4482 3279 4536 ἀλλά
3328 4491 3416 4537 καὶ
3472 4486 3659 4557 μᾶλλον
3700 4478 3815 4533 ἐδέσ-

2238 4593 2401 4645 μησεν
2457 4573 2615 4624 αὐτοῦ
2670 4575 2762 4630 τὴν
2805 4571 2987 4643 ἰσχὺν,
3040 4574 3111 4633 ὡς
3140 4571 3415 4644 ἰχθίστου.
3473 4573 3625 4627 Ἐστι
3668 4573 3755 4643 γὰρ
3798 4567 3815 4616 ὁ

2236 4671 2327 4715 τοῦ
2387 4662 2643 4733 λογισμοῦ
2719 4664 2928 4725 σκοπὸς,
2988 4662 3068 4713 ὅτι
3136 4663 3313 4736 ὥσπερ
3383 4662 3446 4715 οῦ
3503 4660 3719 4715 δύναταί
3757 4676 3818 4714 τις

2236 4752 2475 4823 εἰσελθεῖν
2518 4750 2585 4811 εἰς
2641 4753 2734 4807 τὴν
2784 4748 2952 4801 οἰκίαν
2985 4757 3077 4802 τοῦ
3133 4749 3383 4822 ἰσχυροῦ,
3448 4751 3541 4803 καί
3587 4753 3649 4802 τὰ
3686 4746 3817 4800 σκεύη

2234 4841 2394 4894 αὐτοῦ
2447 4836 2770 4910 διαρπάσαι,
2826 4838 3182 4910 φυλαττόμενα
3235 4840 3357 4914 παρ’
3414 4839 3601 4903 αὑτοῦ,
3646 4838 3721 4891 ἐὰν
3764 4836 3820 4904 μὴ

2234 4938 2443 5003 πρῶτον
2476 4924 2617 4999 δήσῃ
2653 4930 2740 4980 τὸν
2770 4927 2995 5003 ἰσχυρόν
3033 4944 3045 4957 ·
3080 4928 3244 4991 οὕτως
3270 4925 3383 4981 οὐδ’
3418 4928 3580 4991 αὐτὸς
3618 4924 3823 4999 6039m-

1709 5179 1933 5248 Variae
1966 5179 2293 5248 lectiones
2337 5185 2401 5243 et
2435 5182 2637 5241 notae.

559 5322 670 5463 (Θίζ
702 5327 811 5387 καί,
836 5321 1005 5378 abest
1035 5324 1106 5378 A.

582 5399 645 5448 8'2
695 5394 926 5449 inclusa
946 5394 1106 5448 code:

582 5393 670 5463 8'2)
695 5394 926 5449 inclusa
946 5394 1135 5448 codex
1152 5398 1402 5464 uterque
1426 5393 1485 5449 in
1514 5395 1784 5464 margine
1800 5395 2000 5453 habet.
2037 5395 2144 5450 Re-

559 5409 670 5463 (52)
695 5409 926 5449 inclusa
946 5409 1135 5448 coaex
1152 5409 1402 5518 uterque
1426 5409 1485 5449 1n
1514 5410 1673 5464 marg

501 5464 767 5521 feruntur
800 5471 1001 5519 autem
1023 5465 1151 5520 hmc
1181 5464 1257 5521 ad
1338 5480 1433 5521 uc.
1477 5480 1552 5530 ιι,
1582 5466 1673 5529 20.

567 5536 683 5608 (82)
717 5537 783 5587 ὡν
809 5535 975 5593 addit
1014 5543 1078 5593 A.

2323 5302 2447 5393 (84)»
2461 5317 2781 5393 Hentenius
2800 5317 3033 5393 videtur
3049 5318 3338 5393 reperisse
3357 5316 3668 5393 διαρπάσει.
3699 5318 3823 5371 Uter.

2252 5386 2370 5465 que
2400 5386 2539 5465 vero
2567 5405 2735 5465 meus
2762 5389 2951 5465 habet
2981 5386 3285 5465 διαρπάσῃ,

2327 5462 2440 5535 (85)
2478 5457 2885 5516 δυναστεύοντα.
2928 5464 2993 5516 Α.
