3906 6202
168 307 242 364 381

172 452 236 486 σιν
277 434 324 484 ἄν
361 432 413 482 τὰ
457 425 724 502 δαιμόνια,
765 434 1026 498 τουτέστι,
1089 428 1474 504 διεσκόρπισεν,
1537 432 1579 485 εἰ
1624 436 1695 504 μὴ
1730 443 1774 496 Α

164 531 321 595 πρῶτον
354 516 588 590 ἐδίσμησε
618 522 707 570 τόν
739 520 979 594 ἄρχοντα
1015 522 1231 588 τούτων,
1263 524 1350 574 τὸν
1382 519 1698 593 ἐνισχύοντα

160 627 276 661 αντα.

208 702 298 770 Χρή
327 693 377 749 δε
409 702 691 766 γινώσκειν,
727 699 793 758 ὡς
821 698 881 750 οὐ
919 699 1137 751 πάντοτε
1188 701 1252 750 τὰ
1290 693 1702 772 παραδείγματα

149 788 256 838 κατὰ
300 786 448 836 πάντα
498 785 646 855 λόγον
702 787 1140 860 προσαρμόζουσι
1202 796 1317 848 ταῖς
1361 788 1693 844 ὑποθέσεσιν,

152 874 204 933 εἰς
249 873 300 935 ἃς
349 873 763 945 ἐπιλαμϐάνονται,
835 874 946 926 ἀλλ’
1027 878 1090 936 ὡς
1165 876 1244 929 ἐπὶ
1329 879 1388 928 τὸ
1453 873 1698 928 πλεῖστον

153 962 189 1013 ἐν
236 968 380 1031 μονοις
434 970 536 1024 τοῖς
599 969 962 1038 καιριωτέροις
1023 969 1113 1017 καὶ
1170 961 1696 1039 κεφαλαιωδεστέροις

151 1070 308 1123 μιρισι.

203 1142 314 1200 Tris;
361 1137 415 1192 δε
466 1144 627 1200 σκεύη
658 1152 757 1194 τῶν
801 1140 1060 1216 δαιμόνων
1113 1143 1351 1215 λέγουσιν
1403 1139 1552 1208 εἶναι,
1583 1147 1700 1196 τοὺς

152 1225 565 1302 δαιμονιζομένους,
611 1231 701 1294 οὓς
733 1234 758 1284 6
795 1237 1023 1306 Χριστὸς
1051 1230 1343 1305 διήρπασεν
1381 1231 1469 1284 ἀπ’
1505 1232 1696 1298 αὐτῶν,

151 1314 284 1379 δήσας
307 1322 385 1379 τὰς
411 1315 660 1392 δυνάμεις
690 1321 879 1376 αὐτῶν.
909 1322 1017 1375 Είεν
1041 1318 1091 1374 δ’
1113 1321 1173 1373 ἂν
1202 1324 1360 1379 σκεύη
1391 1329 1484 1373 τοῦ
1508 1317 1700 1373 διαϐό-

147 1405 232 1472 λου,
258 1414 332 1460 καὶ
374 1411 549 1470 πάντες
583 1413 634 1462 οἶ
687 1410 1021 1484 ἐργαζόμενοι
1057 1413 1124 1464 τὰ
1172 1418 1265 1464 τοῦ
1297 1407 1569 1481 διαϐόλου,
1611 1397 1701 1461 καὶ

145 1499 456 1569 ὑπηρετοῦντες
484 1506 597 1561 τοῖς
631 1508 794 1552 αὐτοῦ
823 1500 1127 1573 θελήμασιν·

199 1587 244 1636 ’0
275 1617 332 1626 -
359 1589 654 1662 σκορπίζει,
701 1595 800 1642 Καὶ
847 1587 920 1642 δι’
961 1590 1133 1665 ἐτέρου
1172 1589 1427 1661 λογισμοῦ
1470 1587 1696 1661 βεϐαιοῖ,

145 1675 204 1725 ὄτι
234 1674 397 1745 μᾶλλον
435 1679 688 1746 ἔχθιστος
725 1677 866 1748 αὐτῷ
925 1677 1064 1730 ἐστιν
1123 1679 1149 1730 6
1199 1681 1380 1752 ἄρχων
1438 1687 1535 1730 τῶν
1583 1673 1700 1729 δαι-

1013 304 1386 362 COMMENT.
1437 307 1508 360 IN
1549 303 2004 362 MATTHEUM-
2046 333 2116 348 -ι
2155 302 2323 360 CAP.
2372 303 2554 364 XXII.

3349 301 3455 359 382

1813 431 2104 488 vinxerit:
2139 431 2220 488 ita
2243 446 2438 503 neque
2482 430 2578 487 hic
2636 429 2946 502 rupuisset
3005 427 3324 497 daemonia,
3357 428 3466 487 hoc

1811 526 1899 576 est
1931 519 2329 591 dispersisset,
2364 519 2478 575 nisi
2527 519 2781 592 primum
2831 518 3124 576 vinxisset
3153 516 3465 589 principem

1807 607 2067 675 illorum,
2096 610 2198 682 qui
2231 609 2311 664 eis
2363 608 2767 665 fortitudinem
2808 607 3150 680 praestabat.

1883 698 2046 754 Scire
2092 702 2286 754 autem
2343 702 2595 770 oportet,
2653 696 2815 769 quod
2881 711 3004 752 non
3069 694 3462 767 undiqueque

1809 785 2085 858 exempla
2116 785 2194 842 ad
2224 801 2399 841 omne
2430 786 2798 857 propositum
2843 789 3125 857 aptantur
3176 783 3354 840 rebus
3385 781 3462 838 ad

1808 892 1957 946 quas
2005 880 2433 930 assumuntur:
2490 875 2594 929 sed
2643 876 2710 928 ut
2775 873 3098 944 plurimum
3154 872 3210 927 in
3267 871 3462 942 magis

1811 963 2071 1036 propriis
2111 978 2176 1019 ac
2215 961 2735 1034 principalioribus
2765 961 3047 1034 partibus.

1882 1140 2138 1207 Quidam
2167 1155 2304 1196 vero
2337 1139 2543 1195 dicunt
2565 1153 2712 1196 vasa
2733 1138 3074 1196 daemonum
3090 1152 3222 1194 esse
3244 1137 3462 1195 daemo-

1810 1228 1923 1284 niis
1979 1229 2258 1298 agitatos,
2289 1243 2441 1300 quos
2467 1225 2730 1283 Christus
2777 1228 2856 1282 ab
2911 1225 3028 1282 illis
3076 1225 3295 1298 rapuit,
3337 1225 3461 1281 vin-

1811 1317 1916 1371 ctis
1948 1333 2154 1372 eorum
2201 1315 2526 1373 virtutibus.
2577 1315 2831 1371 Possunt
2859 1329 3101 1388 quoque
3161 1314 3277 1371 dici
3320 1329 3462 1370 vasa

1810 1404 2033 1461 diaboli
2062 1420 2267 1461 omnes
2303 1403 2406 1476 qui
2428 1419 2614 1476 opera
2643 1403 2862 1460 diaboli
2893 1406 3182 1469 exercent,
3215 1402 3462 1475 ejusque

1810 1492 2214 1551 voluntatibus
2249 1493 2650 1551 subserviunt.

1881 1583 2047 1638 Vers.
2075 1582 2163 1638 30.
2193 1581 2306 1650 Qui
2330 1612 2385 1624 -
2411 1583 2662 1652 spargit.
2695 1580 2890 1637 Altera
2919 1594 3162 1651 quoque
3192 1578 3461 1636 conside-

1809 1670 2035 1728 ratione
2063 1671 2398 1736 contirmat,
2463 1671 2619 1744 quod
2659 1669 2858 1742 potius
2895 1669 2969 1725 sit
3020 1667 3073 1724 ei
3131 1667 3451 1723 inimicissi-

158 1769 318 1831 μογέων.
355 1763 468 1816 Ὀτι
524 1768 622 1837 μεν
667 1769 769 1841 γὰρ
820 1767 912 1819 οὐκ
970 1770 1083 1820 ἔστι
1135 1771 1266 1840 μετὰ
1310 1774 1402 1819 τοῦ
1441 1774 1694 1838 Χριστοῦν

1873 1776 1948 1814 ηυε
1974 1761 2254 1832 princeps
2306 1759 2763 1816 daemoniorum.
2816 1756 2985 1825 Quod
3025 1755 3181 1812 enim
3229 1771 3351 1811 non
3386 1755 3460 1811 sit

154 1848 243 1904 οὐδε
307 1855 509 1925 συνάγει
565 1855 675 1926 μετ’
731 1856 911 1919 αὐτοῦ,
977 1853 1155 1921 δῆλον,
1230 1855 1313 1929 ἀφ’
1391 1857 1458 1907 ὧν
1513 1858 1538 1908 6
1609 1859 1697 1927 μεν

148 1944 326 2012 Χριστὸς
371 1950 543 1996 πᾶσαν
596 1963 650 1996 τε
699 1943 885 2016 ἀρετὴν
935 1942 1206 2010 διδάσκει,
1267 1949 1357 1997 καὶ
1411 1944 1700 2019 φιλάνθρω-

145 2046 210 2088 πος
253 2029 327 2092 ὧν,
387 2031 526 2084 ἰᾶται
591 2038 716 2094 τοὺς
775 2042 1053 2095 νοσοῦντας
1107 2056 1120 2068 ο
1185 2036 1211 2087 6
1264 2031 1324 2088 δὲ
1381 2035 1699 2100 τούναντιον,

142 2120 274 2170 πᾶσάν
314 2139 362 2171 τε
418 2126 612 2173 κακίαν
673 2119 946 2188 διδάσκει,
1009 2129 1098 2175 καὶ
1168 2126 1540 2196 μισάνθρωπος
1610 2125 1698 2175 ὠνο

141 2205 319 2259 λωϐᾶται
363 2218 464 2270 τοῖς
520 2213 874 2282 ὑγιαίνουσιν.
944 2213 1003 2266 Εἰ
1057 2209 1116 2264 δὲ
1178 2217 1292 2266 οὔτε
1355 2214 1466 2286 μετ’
1539 2214 1700 2265 αὐτοῦ

139 2294 262 2361 ἔστιν,
306 2302 478 2368 ἤγουν,
539 2300 651 2371 οὐχ
709 2303 1059 2373 ὀμογνωμονεῖ
1101 2302 1262 2372 αὐτῷ,
1317 2305 1491 2364 καθὼς
1566 2301 1696 2355 ἀπο-

140 2379 375 2450 δέδεικται,
430 2392 550 2442 οὔτε
621 2392 832 2461 συνάγει
878 2391 987 2462 μετ’
1063 2391 1223 2443 αὐτοῦ
1310 2395 1434 2464 πρὸς
1488 2396 1692 2456 πίστιν,

137 2476 292 2534 πάντως
339 2479 452 2528 κατ’
525 2478 694 2530 αὐτοῦ
780 2477 911 2545 ἐστι,
982 2484 1071 2531 καὶ
1153 2484 1446 2554 σκορπίζει,
1533 2480 1616 2540 οὓς
1669 2481 1695 2532 ὁ

139 2567 314 2629 Χριστὸς
351 2584 585 2637 συναγει,
651 2570 772 2620 ὅσον
822 2572 879 2620 16
938 2567 1015 2620 ἐπ’
1063 2569 1223 2640 αὐτῷ.
1277 2569 1447 2621 Εἰπὼν
1508 2566 1694 2635 δε,ὃτι

139 2648 183 2700 Ὀ
221 2658 274 2722 μή
319 2655 382 2706 ὧν
419 2657 529 2726 μετ’
595 2653 738 2728 ἐμοῦ,
807 2657 917 2708 κατ’
983 2656 1104 2730 ἐμου
1175 2657 1309 2726 ἐστι,
1374 2664 1463 2710 καὶ
1532 2655 1694 2721 δόξας

145 2737 306 2811 ἀσαφῶς
363 2744 539 2811 εἰπεῖν,
626 2745 976 2819 ἐφηρμήνευσε
1039 2750 1125 2800 τὸν
1181 2747 1354 2818 λόγον,
1423 2749 1688 2822 προσθεὶς,

138 2827 196 2879 ὅτι
239 2836 322 2884 Καὶ
367 2834 392 2884 6
448 2839 521 2906 μὴ
599 2837 835 2905 συνάγων
905 2836 1015 2908 μετ’
1071 2835 1196 2908 ίμοῡ
1251 2837 1545 2910 σκορπίζει.
1609 2843 1692 2908 Τῷ

136 2913 322 2990 διαϐόλῳ
356 2917 412 2973 δε
442 2922 692 2984 συνέταξε
715 2928 803 2975 καὶ
855 2929 973 2985 τοὺς
1014 2922 1328 2989 Ἰουδαίους,
1377 2927 1490 2977 κατ’
1534 2925 1690 2978 αὐτοῦ

131 3010 326 3072 τιᾶντας,
389 3017 476 3063 καὶ
511 3011 917 3085 σκορπίζοντας,
946 3013 981 3065 ἂ
1019 3022 1271 3085 συνῆγεν,
1334 3015 1454 3067 ὅσον
1493 3018 1551 3066 τὸ
1609 3015 1688 3068 ἐπ’

131 3097 288 3158 ωᾶτοις.
1728 3119 1768 3174 C

177 3279 254 3328 Διά
279 3307 340 3318 -
361 3286 540 3338 τοῦτο.
607 3284 751 3332 Διότι
775 3287 1014 3350 τοιαῦτα,
1055 3279 1298 3353 κατ’ἐμοῦ
1324 3280 1506 3353 λέγετε.

178 3457 367 3524 Λίγω-
404 3455 609 3518 αὐτοῖς.
669 3457 791 3529 Οὐχ
841 3456 1008 3518 ἁπλῶς
1069 3464 1241 3510 πᾶσαν
1292 3457 1553 3531 ἁμαρτίαν
1593 3464 1684 3513 καὶ

101 3536 414 3613 ’βλαστημίαν
455 3545 616 3616 λέγει’
675 3542 769 3598 διὰ
833 3554 934 3598 τῶν
988 3547 1161 3618 ἑφεξῆς
1221 3551 1321 3619 γὰρ
1377 3547 1682 3620 ἐσαφήνισε,

123 3633 247 3680 ποίαν
273 3639 436 3685 πᾶσαν
465 3634 628 3706 λέγει.
665 3640 802 3693 Φησὶ
831 3638 952 3707 γάρ’

180 3881 263 3929 Καὶ
298 3909 361 3920 —
407 3880 455 3932 ἕν
495 3890 572 3952 τῷ
603 3881 862 3955 μέλλοντι.
892 3884 987 3944 ’ος
1035 3887 1124 3956 μεν
1191 3884 1250 3937 ἂν
1300 3885 1509 3960 ἁμάρτῃ
1550 3889 1686 3939 κατὰ

124 3969 200 4022 τῆς
244 3966 630 4040 ἀνθρωπὸτητὸς
687 3992 809 4044 μου,
875 3978 1026 4045 φησὶ,
1084 3979 1371 4044 τουτέστιν,
1427 3978 1574 4038 ὅστις
1623 3978 1684 4029 ἄν

122 4054 215 4124 ἄη
254 4055 557 4132 βλασφημον
610 4061 759 4133 λόγον
803 4062 914 4115 κατ’
955 4063 1133 4134 αὐτῆς,
1189 4061 1682 4138 σκωδαλιζὸμενος,

123 4141 284 4209 ἱφόἶς,
334 4152 394 4208 ὡς
448 4152 751 4225 ἄνθρωπος,
810 4151 990 4220 ἐσθίω,
1044 4159 1132 4206 καὶ
1170 4159 1322 4223 πίνω,
1367 4159 1457 4207 καὶ
1519 4159 1680 4224 ὑπνῶ,

121 4237 192 4317 καὶ
237 4245 406 4302 κοπιῶ,
448 4245 542 4291 καὶ
586 4239 764 4305 τοῖλλα,
814 4242 915 4293 ὃσα
965 4249 1060 4302 τῆς
1106 4239 1431 4315 ἀνθρωπίνης
1485 4247 1685 4317 φύσεως

121 4314 236 4387 ἴδια,
277 4323 393 4398 εἰπερ
445 4327 922 4402 ἁνθρωποπρεπῶς,
970 4333 1037 4383 τὰ
1083 4333 1172 4402 μὶν
1219 4330 1426 4406 ἐνεργῶ,
1490 4337 1557 4386 1'6:
1623 4331 1682 4387 δὲ

119 4411 296 4480 πάσχω,
327 4412 578 4486 βεϐαιῶν,
632 4419 712 4470 ὃτι
751 4422 883 4471 κατὰ
928 4418 1171 4478 ἀλήθειαν
1210 4419 1607 4494 ἐνηνθρώπησα,
1656 4423 1681 4473 6
1717 4470 1761 4524 D

123 4506 310 4562 τοιοῦτος
347 4509 820 4577 συγγνωσθήσεται
857 4511 1077 4574 πάντως,
1133 4511 1204 4570 ὡς
1247 4511 1341 4562 οὐκ
1371 4511 1679 4572 ἐθελοκακή-

125 4601 218 4672 fit,
250 4588 342 4642 ἀλλ’
381 4591 429 4645 ἐν
489 4594 676 4668 ἀγνοίᾳ
728 4605 822 4657 τῆς
866 4597 1108 4660 ἀληθείας
1172 4597 1593 4672 βλασφημήσας’
1654 4605 1679 4656 6

123 4669 168 4762 ξι
200 4674 375 4746 βλέπων
423 4688 514 4744 τὰς
574 4686 885 4757 θεοπρεπεῖς,
943 4706 1044 4760 μου
1093 4669 1484 4760 ἐνεργείας-ἂς
1519 4696 1673 4762 μόνος

126 4755 304 4817 δύναται
322 4778 480 4824 ποιεῖν
541 4774 567 4824 6
597 4777 742 4837 Θεὸς,
774 4781 864 4827 καὶ
902 4783 972 4846 τῷ
1005 4774 1306 4836 Βεελζεϐοὐλ
1335 4775 1531 4841 ταύτας
1561 4782 1679 4833 ἐπι-

126 4868 412 4925 Ἱραᾷομενος,
452 4862 524 4920 ὡς
571 4867 658 4913 καὶ
702 4866 850 4931 ὑμεῖς
895 4870 1004 4930 νῦν,
1057 4870 1147 4918 καὶ
1176 4865 1310 4918 οὕτω
1350 4864 1678 4940 βλασφημῶν

131 4950 326 4995 manu
356 4951 648 5021 Πνεύματος
699 4958 792 5003 τοῦ
843 4950 1013 5022 ἁγίου,
1067 4957 1206 5019 ἤτοι,
1256 4957 1391 5006 κατὰ
1436 4964 1532 5017 τῆς
1573 4959 1679 5009 θέο-

127 5043 250 5114 τες
271 5050 283 5061 ·
310 5038 497 5094 ταύτην
526 5040 627 5110 γὰρ
660 5045 744 5090 νῦν
771 5039 920 5093 καλεί
966 5047 1172 5113 Πνεῦμα
1210 5043 1355 5114 ἅγιον
1381 5060 1391 5071 ·
1427 5063 1572 5105 ουτος
1608 5048 1676 5109 ὡς

126 5111 455 5186 ﬁliani)“;
484 5122 782 5199 προδήλως,
823 5134 913 5182 καὶ
935 5127 983 5180 ἐν
1015 5111 1205 5200 γνωσει
1234 5111 1559 5205 καθυϐρίσας
1590 5138 1675 5187 τόν

122 5209 240 5276 Θεὸν,
269 5212 733 5286 καὶάναπολόγητα
774 5217 1174 5290 πλημμελήσας,
1215 5220 1273 5272 οὗ
1316 5225 1674 5296 συγχωρηθη-

122 5308 252 5349 σεται.

119 5554 129 5564 .
172 5476 231 5522 Τό
267 5471 338 5542 δε,
392 5481 522 5532 Οὔτε
575 5481 620 5533 ἓν
677 5491 749 5553 τῷ
802 5491 890 5536 νῦν
949 5488 1116 5554 αἰῶνι,
1169 5489 1281 5540 οὔτε
1333 5486 1381 5540 ἐν
1427 5496 1499 5559 τῷ
1558 5488 1672 5562 μίλ-

121 5575 251 5627 ιθντι,
292 5571 592 5639 προσέθηκε,
654 5569 948 5641 διδάσκων,
997 5575 1077 5627 ὅτι
1155 5580 1380 5649 μεγίστη
1445 5582 1533 5630 καὶ
1583 5598 1668 5650 φο-

1813 1865 1944 1902 cum
1975 1847 2227 1912 Christo,
2260 1863 2370 1904 nec
2405 1863 2544 1904 cum
2591 1862 2660 1903 eo
2691 1849 3031 1917 congreget,
3071 1844 3459 1901 manifestum

1813 1942 1904 1994 est
1954 1937 2032 1994 ab
2089 1937 2385 2008 utriusque
2452 1935 2756 2008 operibus.
2833 1934 3091 1992 Christus
3163 1932 3459 2004 siquidem

1812 2041 2057 2081 omnem
2098 2026 2272 2081 docet
2319 2025 2637 2080 virtutem:
2695 2039 2955 2095 cumque
3013 2036 3224 2078 omnes
3275 2026 3458 2088 amet,

1811 2119 2061 2183 aegrotos
2095 2119 2269 2170 sanat
2301 2130 2315 2180 ;
2347 2112 2443 2168 ille
2485 2127 2624 2169 vero
2649 2127 2680 2168 e
2705 2111 2942 2168 diverso
2980 2125 3227 2167 omnem
3287 2108 3461 2164 docet

1809 2202 2186 2273 pravitatem,
2219 2205 2276 2258 et
2323 2215 2462 2258 cum
2513 2199 2788 2256 homines
2833 2198 2974 2256 odio
3004 2198 3242 2265 habeat,
3276 2211 3457 2254 sanos

1809 2291 2153 2362 corrumpit.
2184 2290 2355 2356 Quod
2381 2289 2430 2346 si
2484 2304 2681 2362 neque
2711 2304 2851 2346 cum
2905 2303 2977 2344 eo
3039 2292 3147 2352 est,
3182 2285 3348 2344 nulla
3379 2286 3459 2342 vi-

1807 2379 2017 2436 delicet
2043 2379 2104 2435 in
2151 2393 2214 2435 re
2264 2377 2318 2434 ei
2370 2377 2718 2444 conformis,
2778 2378 2926 2433 sicut
2977 2376 3456 2432 demonstratum

1806 2472 1912 2534 est,
1942 2483 2129 2540 neque
2163 2483 2300 2523 cum
2332 2483 2402 2523 eo
2449 2470 2772 2537 congregat
2819 2465 2896 2524 ad
2947 2465 3166 2522 ﬁdem:
3213 2464 3457 2522 omnino

1807 2556 2094 2613 adversus
2132 2572 2271 2613 eum
2325 2560 2430 2623 est,
2472 2561 2528 2613 et
2557 2556 2783 2629 spargit
2824 2571 2977 2627 quos
3018 2553 3284 2612 Christus
3318 2570 3458 2612 con-

1805 2650 2030 2716 gregat,
2054 2649 2348 2718 quantum
2379 2645 2440 2702 in
2465 2659 2527 2700 se
2579 2648 2691 2702 est.
2757 2646 2895 2701 Cum
2930 2647 3129 2700 autem
3162 2643 3405 2699 dixisset
3441 2660 3454 2698 :

1806 2735 1912 2802 Qui
1937 2749 2056 2790 non
2087 2741 2167 2790 est
2188 2749 2437 2805 mecum,
2468 2734 2778 2790 adversum
2825 2748 2910 2789 me
2935 2739 3039 2798 est,
3103 2747 3172 2787 ac
3199 2731 3456 2788 obscure

1799 2823 1964 2896 loqui
2012 2823 2170 2879 visus
2221 2829 2392 2890 esset,
2452 2837 2794 2878 sermonem
2852 2821 3268 2892 interpretatus
3345 2825 3453 2891 est,

1803 2911 2036 2968 addens
2068 2927 2082 2966 :
2112 2912 2190 2968 Et
2235 2913 2341 2983 qui
2369 2927 2488 2968 non
2517 2917 2600 2968 est
2628 2926 2867 2976 mecum,
2919 2911 3141 2982 spargit
3167 2929 3179 2969 :
3213 2909 3456 2967 diabolo

1803 3015 1939 3057 vero
1977 3001 2284 3072 conjunxit
2317 2999 2556 3057 Iudaeos
2602 3000 2706 3073 qui
2736 3002 3055 3058 adversum
3086 3016 3147 3054 se
3174 3004 3366 3068 erant,
3399 3001 3458 3056 et

1799 3105 1931 3161 quas
1987 3089 2115 3162 ipse
2181 3089 2608 3161 congregabat,
2688 3094 2980 3162 quantum
3039 3089 3099 3146 in
3158 3092 3245 3147 eis
3303 3091 3450 3156 erat,

1804 3177 2186 3250 spargebant.

1870 3267 2028 3323 Vers.
2069 3266 2165 3324 31.
2207 3267 2466 3337 Propter
2489 3264 2618 3323 hoc.
2670 3265 2820 3332 Quia
2847 3265 2988 3324 talia
3014 3266 3336 3324 adversum
3368 3281 3454 3322 me

1799 3355 2008 3412 dicitis.

1873 3456 2025 3511 Vers.
2076 3454 2140 3509 31
2189 3453 2333 3510 Dico
2373 3482 2444 3495 —
2494 3453 2596 3511 eis.
2657 3456 2783 3511 Non
2861 3451 3206 3524 simpliciter
3271 3467 3453 3509 omne

1799 3547 2110 3614 peccatum
2131 3547 2189 3599 et
2231 3557 2476 3600 omnem
2532 3541 2970 3614 blasphemiam
3023 3541 3208 3598 dicit:
3242 3556 3343 3614 per
3380 3556 3454 3599 ea

1797 3632 1958 3688 enim
1990 3648 2120 3704 qum
2145 3636 2491 3704 sequuntur,
2516 3630 2922 3688 manifestavit
2971 3645 3154 3704 quam
3208 3647 3451 3688 omnem

1796 3722 1955 3779 dicat
1979 3721 2418 3794 blasphemiam
2447 3724 2504 3778 et
2551 3720 2710 3793 quod
2742 3736 2922 3778 omne
2971 3727 3298 3792 peccatum.
3361 3720 3453 3777 Ait

1795 3813 1958 3868 enim
1996 3828 2009 3868 ε

1867 3902 2025 3957 Vers.

1795 3989 2127 4061 peccaverit
2154 3989 2437 4045 adversus
2476 3988 2912 4045 humanitatem
2951 4004 3170 4054 meam,
3193 3989 3308 4046 hoc
3339 3993 3450 4054 est,

1793 4077 2276 4149 quisquisdixerit
2293 4077 2711 4148 blasphemum
2723 4077 2972 4134 verbum
2992 4077 3280 4134 adversus
3294 4092 3450 4144 eam,

1794 4165 2063 4221 offensus
2095 4165 2256 4236 quod
2303 4171 2590 4237 tanquam
2634 4165 2817 4221 homo
2865 4164 3063 4230 edam,
3119 4165 3330 4221 bibam
3379 4181 3449 4221 ac

1794 4253 2108 4318 dormiam,
2133 4252 2362 4323 aliaque
2387 4268 2524 4324 quae
2552 4253 2837 4308 humanm
2894 4259 3032 4309 sunt
3076 4253 3314 4324 propria
3340 4268 3470 4314 na-_

1795 4348 1960 4407 turre,
1995 4345 2056 4396 ut
2080 4341 2304 4396 homini
2331 4341 2714 4405 conveniunt,
2770 4347 2826 4394 et
2857 4339 3073 4397 faciam
3112 4345 3169 4394 et
3228 4340 3443 4410 patiar,

1793 4430 2155 4488 conﬁrmans
2193 4428 2357 4501 quod
2384 4443 2519 4484 vere
2567 4428 2896 4484 humanam
2953 4428 3314 4500 susceperim
3347 4443 3448 4482 na-

1795 4528 2004 4584 turam,
2057 4517 2195 4574 huic
2247 4515 2496 4571 omnino
2551 4518 2909 4586 ignoscetur,
2961 4517 3134 4588 quasi
3183 4531 3300 4571 non
3371 4532 3444 4572 ex

1790 4605 2080 4680 industria
2102 4603 2254 4660 male
2279 4603 2484 4674 egerit,
2511 4603 2613 4658 sed
2629 4617 2733 4673 per
2751 4603 3016 4660 veritatis
3038 4603 3446 4676 ignorantiam

1790 4692 2273 4767 blaphemaverit.
2311 4690 2422 4758 Qui
2455 4706 2590 4747 vero
2616 4691 2736 4748 Deo
2775 4691 2989 4762 dignas
3055 4692 3266 4750 videns
3299 4708 3446 4766 ope-

1789 4785 2072 4849 rationes,
2126 4797 2278 4854 quas
2332 4780 2496 4837 solus
2583 4779 2774 4837 facere
2842 4786 3038 4852 potest
3093 4783 3266 4851 Deus,
3326 4783 3438 4854 ipsi

1789 4887 2026 4945 quoque
2085 4869 2385 4926 Beelzebul
2443 4869 2578 4925 illas
2627 4870 2993 4942 ascripserit,
3022 4876 3084 4926 ut
3125 4885 3236 4927 vos
3271 4872 3451 4929 etiam

1790 4976 1950 5017 nunc
1999 4960 2210 5025 facitis,
2277 4963 2334 5015 et
2373 4959 2454 5014 ita
2515 4959 2801 5015 adversus
2847 4959 3126 5031 Spiritum
3176 4964 3448 5017 sanctum

1787 5049 2229 5122 blasphemiam
2282 5047 2506 5113 dixerit,
2556 5048 2680 5104 sive
2733 5047 3027 5105 adversus
3067 5048 3437 5106 divinitatem

1788 5139 1950 5211 (nam
1973 5139 2130 5195 hanc
2155 5141 2321 5193 vocat
2336 5151 2492 5192 nunc
2506 5136 2780 5208 Spiritum
2803 5138 3124 5208 sanctum,)
3155 5137 3249 5192 hic
3271 5136 3448 5210 quasi

1785 5245 1856 5284 ex
1903 5228 2194 5284 industria
2247 5225 2560 5282 manifeste
2610 5241 2680 5282 ac
2741 5225 2994 5283 scienter
3061 5242 3335 5298 peccans,
3393 5230 3447 5281 et

1786 5317 1972 5372 Deum
2018 5315 2236 5384 iniuria
2276 5313 2566 5380 afﬁciens,
2622 5330 2688 5370 ac
2740 5314 3230 5373 inexcusabiliter
3262 5313 3446 5371 delin-

1784 5421 1996 5477 quens,
2042 5403 2272 5459 veniam
2305 5418 2426 5460 non
2458 5409 2874 5476 consequetur.

1853 5494 2020 5559 Quod
2047 5498 2242 5549 autem
2277 5493 2564 5564 sequitur,
2596 5493 2798 5564 Neque
2813 5493 2874 5548 in
2893 5493 3172 5562 praesenti
3201 5493 3440 5556 saeculo,

1778 5597 1962 5656 neque
2007 5582 2070 5637 in
2119 5581 2354 5650 futuro,
2390 5580 2640 5647 addidit,
2695 5582 2916 5638 docens
2971 5581 3301 5642 maximam
3372 5595 3442 5634 ac

2101 3903 2193 3958 32.
2254 3899 2332 3956 Εε
2387 3930 2456 3941 -
2515 3900 2745 3972 futuro.
2806 3900 3182 3973 Quicunque,
3237 3899 3451 3973 inquit,
