3906 6202
428 200 535 287 38a
1741 233 2089 292 EUTHYMII
2129 235 2461 296 ZIGABENI
3672 243 3774 300 384

428 356 800 413 tremendam
827 372 954 412 esse
984 358 1271 414 adversus
1302 362 1487 417 Deum
1516 360 1990 433 blasphemiam:
2016 365 2072 417 et

2194 360 2439 434 ῗερωτάτη
2491 363 2627 416 ἐστὶν
2676 368 2705 423 ἡ
2758 369 2890 417 κατὰ
2949 375 3030 418 τοῦ
3089 375 3220 419 Θεοῦ
3295 367 3629 439 βλασφημία,
3692 378 3778 422 καὶ

430 443 596 516 quod
620 444 934 501 hominum
988 446 1238 518 quidam
1268 448 1363 503 hic
1420 465 1489 506 ac
1520 449 1581 505 in
1622 450 1820 506 futuro
1852 450 2071 505 saeculo

430 532 723 603 supplicia
754 534 1061 600 sustinent,
1103 541 1167 591 ut
1191 537 1508 594 Sodomitas
1567 544 1623 595 et
1652 539 1857 594 Judaei.
1904 541 1970 594 Et
1999 538 2072 593 de

434 620 751 677 Sodomitis
763 624 997 694 quidem
1012 626 1398 697 praediximus
1427 628 1661 685 decimo
1674 644 1835 684 nono
1848 626 2069 699 capite:

430 708 617 765 Judaei
668 726 805 766 vero
848 719 903 767 et
939 714 1031 768 hic
1084 730 1292 785 poenas
1344 717 1647 780 dederunt,
1703 732 1739 772 a
1792 714 2071 771 Romanis

432 798 847 857 miserabiliter
904 802 1105 859 afﬂicti
1140 824 1151 863 :
1186 805 1341 861 etibi
1394 806 1792 862 miserabilius
1834 803 2074 861 cruciati

432 885 683 943 dabunt.
734 891 988 953 Quidam
1037 908 1177 948 vero
1207 893 1299 948 hic
1361 894 1551 949 solum
1610 894 1962 966 puniuntur,
2015 895 2078 947 ut

432 973 776 1032 fornicarius
812 978 903 1034 ille
944 980 1101 1051 apud
1152 981 1478 1037 Corinthios
1530 984 1761 1038 Satanae
1800 980 2073 1038 traditus.

431 1062 647 1135 Aliquif
680 1072 878 1122 autem
921 1067 1002 1123 ibi
1035 1073 1286 1134 tantum,
1320 1075 1381 1125 ut
1426 1070 1584 1126 dives
1614 1070 1710 1125 ille
1741 1070 1797 1125 in
1831 1070 2079 1124 ﬂamma

434 1153 751 1208 cruciatus.
786 1156 1079 1214 Praeterea
1105 1158 1376 1214 nonnulli
1425 1174 1619 1231 neque
1648 1160 1743 1215 hic
1770 1173 1964 1231 neque
1982 1156 2076 1218 ibi.

436 1244 496 1293 ut
545 1244 797 1313 apostoli
866 1246 1171 1317 prophetae
1228 1264 1297 1305 ac
1372 1248 1509 1305 Job.
1565 1252 1711 1303 Nam
1776 1264 1911 1319 quae
1969 1245 2079 1317 ipsi

432 1330 827 1398 patiebantur,
870 1350 988 1389 non
1029 1334 1269 1391 ultionis
1325 1341 1491 1393 erant
1520 1353 1553 1391 a
1594 1339 1710 1392 Deo
1768 1336 2077 1399 immissae,

434 1416 542 1473 sed
578 1421 970 1477 certaminum
1028 1439 1099 1479 ac
1150 1424 1465 1480 luctarum.
1501 1425 1671 1491 Quod
1725 1439 1867 1494 ergo
1894 1424 2077 1479 mina-

432 1509 545 1573 tur,
573 1507 863 1564 adversus
889 1510 1019 1566 illos
1044 1516 1153 1577 est,
1204 1514 1308 1583 qui
1364 1513 1812 1569 immutabiliter
1862 1513 1923 1568 in
1953 1527 2071 1583 pec-

432 1600 564 1651 cato
616 1604 946 1653 remanent.
988 1600 1358 1657 Manifestum
1420 1607 1509 1658 est
1551 1608 1773 1670 autem,
1800 1602 1966 1674 quod
1996 1600 2079 1657 eis

431 1685 535 1755 qui
578 1687 952 1758 resipiscunt,
1013 1694 1068 1744 et
1118 1690 1215 1745 hic
1290 1696 1347 1747 et
1396 1692 1472 1747 ibi
1520 1692 1866 1748 remittetur.
1921 1689 2075 1748 Multi
2112 1710 2151 1761 Β

432 1774 588 1830 enim
623 1776 725 1847 qui
757 1782 890 1833 tunc
936 1778 1017 1833 ita
1072 1778 1469 1852 deliquerant,
1521 1797 1650 1836 cum
1697 1782 2080 1854 postmodum

427 1862 835 1929 credidissent,
856 1866 1092 1922 veniam
1115 1868 1363 1924 omnino
1395 1874 1531 1925 sunt
1556 1869 1775 1943 adepti.

500 2048 659 2102 vers.
702 2047 788 2099 33.
837 2044 959 2099 Aut
1007 2076 1074 2084 —
1107 2046 1496 2116 cognoscitur.
1542 2048 1750 2113 Facile,
1804 2048 1918 2105 hoc
1964 2054 2074 2114 est,

429 2133 624 2190 dicite.
676 2137 930 2188 Rursum
984 2140 1182 2189 autem
1236 2134 1543 2192 confundit
1600 2136 1732 2192 illos
1788 2141 2076 2209 tanquam

429 2238 499 2279 ea
527 2222 889 2278 deducentes
936 2222 994 2276 in
1043 2223 1499 2293 accusationem,
1534 2241 1665 2296 quae
1718 2225 1828 2280 sibi
1869 2231 2078 2282 mutuo

426 2325 549 2366 non
580 2310 956 2376 constabant,
989 2312 1091 2367 sed
1126 2316 1334 2385 praeter
1391 2318 1669 2369 naturam
1700 2318 1891 2371 erant.
1935 2318 2079 2372 Nam

429 2399 571 2471 quia
599 2415 753 2471 opus
791 2399 1071 2469 abigendi
1124 2400 1431 2457 daemones
1461 2417 1583 2457 non
1634 2402 2074 2475 improbabant,

428 2502 779 2560 quanquam
793 2488 1119 2545 admodum
1134 2489 1505 2562 impudentes
1525 2495 1745 2560 essent,
1768 2508 1907 2548 eum
1937 2508 2077 2549 vero

430 2576 952 2634 calumniabantur
982 2580 1079 2649 qui
1120 2578 1249 2635 illos
1296 2579 1624 2651 abigebat:
1680 2580 1753 2636 ab
1802 2581 2076 2654 exemplo

430 2665 560 2723 illos
580 2668 897 2739 redarguit,
930 2670 1035 2742 qui
1061 2684 1214 2740 opus
1236 2669 1473 2741 quidem
1484 2670 1821 2740 judicarent
1845 2671 2075 2727 bonum

428 2771 567 2813 eum
620 2762 819 2813 autem
873 2758 975 2829 qui
1024 2764 1323 2830 operatur,
1377 2758 1604 2815 malum
1638 2775 1651 2814 :
1684 2760 1843 2831 quod
1893 2760 2076 2831 impu-

426 2844 639 2900 dentiae
670 2850 757 2902 est
780 2862 847 2902 ac
876 2847 1301 2917 repugnantiae.

500 2935 565 2989 Et
595 2934 867 2990 arborem
881 2951 1023 2991 sane
1049 2936 1884 3008 appellatseipsumzfructum
1916 2952 2073 3002 vero,

2182 452 2261 502 ὅτι
2332 462 2427 503 τῶν
2478 452 2777 524 ἀνθρώπων,
2850 457 2899 506 οἱ
2957 460 3044 526 μὲν
3100 461 3189 507 καὶ
3250 456 3361 527 (Βεὶ)
3416 456 3639 509 ἐνταῦθα
3694 465 3780 510 καὶ

2182 539 2282 590 ἐκεῖ
2312 540 2636 609 κολάζονται,
2699 551 2760 602 ὥς
2793 545 2839 594 οἱ
2879 540 3161 613 Σοδομῖται
3207 549 3296 595 καὶ
3353 547 3420 606 ὡς
3470 543 3731 599 Ἰουδαῖοι
3766 564 3775 574 ‘

2182 633 2269 679 xui.
2321 634 2437 697 περὶ
2506 633 2593 701 μὲν
2647 639 2745 682 τὼν
2810 629 3103 703 Σοδομιτῶν
3163 637 3539 704 προειρῆκαμεν
3614 632 3666 685 ἐν
3715 643 3781 703 τῷ

3076 717 3324 773 Ἰουδαῖοι
3398 717 3455 774 δε
3508 728 3597 773 καὶ
3670 723 3780 790 (87)

3005 808 3223 871 anno);
3331 812 3425 860 ὑπὸ
3512 809 3779 881 Ῥωμαίων

2184 714 2615 789 ἐννεακαιδεκάτῳ
2682 720 2937 789 κεφαλαίῳ
2996 738 3006 747 ·

2185 803 2403 857 ἐνταῦθα
2478 803 2631 864 δίκην
2708 806 2917 875 ἔδοσαν,

2186 893 2623 965 πολιορκηθέντες,
2683 901 2769 948 καὶ
2832 896 2931 949 ἐκεῖ
2988 901 3447 971 τιμωρηθησονται
3526 898 3780 969 χαλεπω-

2186 1001 2328 1053 τερον
2388 1001 2399 1012 ⁸
2458 988 2586 1045 τινες
2632 981 2689 1037 δὲ
2742 985 2961 1037 ἐνταῦθα
3017 992 3187 1057 μόνον,
3252 987 3578 1052 κολάζονται,
3649 990 3782 1047 ὠςό

2189 1078 2541 1142 πεπορνενκὼς
2610 1077 2752 1145 παρὰ
2824 1076 3115 1146 Κορινθίοις
3169 1081 3257 1127 xui.
3331 1071 3644 1149 παραδοθεὶς
3716 1084 3783 1144 τῷ

2189 1166 2410 1229 Σατανᾷ.
2462 1165 2604 1222 Τινὲς
2653 1158 2710 1213 δὲ
2742 1161 2843 1213 ἐκεῖ
2893 1167 3064 1234 μόνον,
3120 1166 3188 1225 ὡς
3242 1165 3265 1215 ό
3331 1162 3783 1235 ἀποτηγανιζομι-

2189 1268 2265 1307 νος
2319 1248 2365 1299 ἐν
2418 1257 2477 1321 τῇ
2534 1250 2682 1321 φὶογὶ
2735 1251 2981 1312 πλούσιος
3059 1256 3201 1313 Τινὲς
3265 1249 3322 1304 δε
3374 1256 3489 1304 οὔτε
3537 1251 3783 1317 ἐνταῦθα,

2190 1340 2305 1388 οὔτε
2347 1336 2465 1401 ἐκεῖ,
2517 1342 2579 1398 ὡς
2619 1342 2667 1391 οἱ
2727 1338 3008 1392 ἀπόστολοι
3053 1346 3141 1391 καὶ
3185 1343 3232 1391 οἱ
3273 1349 3554 1412 προφῆται,
3611 1346 3706 1391 καὶ
3764 1342 3786 1389 ό

2190 1425 2306 1477 Ἰὼϐ
2372 1444 2381 1455 ⁸
2439 1427 2472 1478 ἃ
2517 1431 2617 1501 γαρ
2668 1432 2923 1499 ἔπασχον,
2983 1429 3041 1480 οὗ
3096 1437 3187 1491 τῆς
3244 1430 3296 1481 ἐκ
3348 1426 3473 1482 Θεοῦ
3522 1428 3788 1489 κολάσεως

2192 1511 2344 1577 ἦσαν,
2406 1514 2510 1566 ἀλλ’
2570 1514 2777 1587 ἀγώνων
2834 1522 2921 1569 καὶ
2986 1517 3358 1589 παλαισμάτων
3416 1533 3427 1544 ·
3470 1519 3498 1575 ἡ
3565 1521 3658 1589 μὲν
3702 1515 3787 1568 οὖν

2192 1602 2393 1665 ἀπειλὴ,
2471 1608 2602 1655 κατα
2668 1614 2766 1656 τῶν
2830 1612 3079 1676 μενόντων
3142 1604 3556 1677 ἀμεταμελήτων.
3627 1606 3789 1663 Δῆλον

2192 1688 2267 1761 δέ,
2320 1694 2395 1743 ὅτ’
2446 1700 2553 1752 τοῖς
2613 1701 2946 1763 μετανοοῦσιν
3026 1696 3334 1767 ἀφεθήσεται
3409 1699 3497 1745 καὶ
3563 1693 3790 1746 ἐνταυθα

2189 1785 2276 1832 καὶ
2337 1780 2455 1833 ἐκεῖ.
2512 1782 2695 1833 Πολλοὶ
2749 1785 2850 1855 γὰρ
2903 1791 3000 1833 τῶν
3055 1783 3186 1833 οὕτω
3246 1790 3535 1839 τηνικαῦτα
3610 1781 3787 1853 πλημ-

2188 1869 2540 1940 μελησάντων,
2606 1874 2971 1931 πιστεύσαντες
3032 1871 3264 1945 ὕστερον,
3322 1872 3493 1921 πάντα
3551 1889 3788 1940 σύνεχωο

2190 1963 2249 2014 of;
2262 1960 2446 2015 θησαν.

2258 2046 2324 2099 Ἦ
2384 2078 2449 2087 —-
2496 2068 2826 2117 γινωσκεται.
2895 2053 3175 2115 Ποιήσατε,
3232 2046 3341 2099 ἀντὶ
3410 2056 3521 2117 τοῦ,
3590 2052 3787 2101 εἴπατε.

2192 2140 2547 2207 Καταισχύνει
2601 2134 2658 2189 δὲ
2708 2137 2857 2188 πάλιν
2936 2137 3115 2210 ἑτέρως
3192 2137 3392 2201 αὐτούς,
3450 2140 3520 2195 ὡς
3595 2136 3787 2188 ἀνακο-

2188 2225 2346 2277 λουθα
2402 2230 2490 2277 καὶ
2549 2230 2690 2299 παρὰ
2768 2229 2921 2297 φύσιν
2993 2233 3428 2296 κατηγοροῦντας.
3490 2224 3639 2276 Ἐπεὶ
3688 2230 3788 2299 γαρ

2189 2318 2245 2365 τό
2289 2318 2379 2385 μὲν
2441 2314 2815 2366 ἀπελαύνεσθαι
2868 2318 2987 2374 τοὺς
3049 2311 3315 2385 δαίμονας,
3367 2314 3459 2365 ούκ
3520 2313 3787 2376 ἐκάκιζον,

2190 2403 2231 2454 εἰ
2274 2408 2362 2454 καὶ
2422 2399 2627 2474 σφόδρα
2681 2404 3067 2473 ἠναισχύντουν
3101 2420 3113 2432 ·
3178 2406 3263 2454 τόν
3322 2399 3380 2453 δε
3434 2400 3790 2453 ἀπελαύνοντα

2187 2493 2401 2551 τούτους
2455 2488 2740 2556 διέϐαλλον,
2790 2488 3281 2565 παραδειγματικῶς
3327 2490 3517 2551 αὐτούς
3557 2489 3787 2561 {Aer/lsi,

2186 2584 2247 2630 τὺ
2278 2584 2365 2651 μὲν
2403 2583 2547 2652 ἔργον
2607 2580 2717 2651 (88)
2771 2579 2925 2631 καλὸν
2972 2584 3259 2653 κρίνοντας,
3317 2582 3402 2629 τὸν
3454 2574 3514 2629 δὲ
3565 2578 3789 2649 ἐργαζο-

2185 2687 2351 2739 μενον,
2392 2674 2565 2735 κακον,
2609 2670 2728 2742 ὅπερ
2774 2667 2910 2720 ἐστὶν
2963 2667 3305 2725 ἐναντιότητος
3358 2671 3445 2718 καὶ
3493 2664 3791 2737 ἀναισχύν-

2186 2763 2314 2816 τίας.

2261 2938 2359 2986 Καὶ
2392 2930 2603 3005 δένδρον
2635 2937 2742 3005 μὲν,
2786 2934 2959 2986 ἑαυτὸν
2992 2932 3106 3003 (89)
3147 2936 3431 3005 ὑποφαίνει·
3469 2936 3675 3005 καρπόν
3710 2930 3788 2988 δε,

428 3037 583 3093 opus
641 3038 835 3078 suum.
890 3023 979 3079 Ait
1036 3039 1221 3093 ergo:
1300 3029 1414 3080 Aut
1473 3024 1646 3081 dicite
1705 3030 2075 3098 operatorem

2194 3025 2245 3073 τό
2269 3024 2413 3096 ἔργον
2436 3022 2614 3076 αὐτοῦ.
2648 3026 2801 3092 Λέγει
2826 3027 3016 3087 τοίνυν,
3043 3024 3121 3073 ὅτι
3146 3021 3213 3074 ’Ἡ
3244 3025 3416 3073 εἴπατε
3442 3025 3527 3072 τόν
3563 3020 3793 3095 ἐργάτην

427 3109 677 3174 bonum,
732 3115 790 3168 et
839 3128 992 3185 opus
1037 3114 1164 3184 ejus
1234 3113 1503 3170 bonum:
1552 3120 1655 3173 aut
1702 3121 2078 3187 operatorem

424 3197 677 3268 malum,
707 3204 764 3255 et
805 3215 958 3273 opus
1002 3205 1130 3273 ejus
1181 3203 1430 3260 malum.
1478 3204 1629 3260 Nam
1662 3203 1712 3258 si
1764 3219 1917 3275 opus
1967 3203 2075 3260 bo-

426 3301 575 3343 num
596 3292 703 3356 est,
759 3296 1037 3363 cperator
1101 3308 1333 3366 quoque
1385 3293 1517 3364 ejus
1568 3293 1759 3348 bonus
1806 3293 1931 3349 erit.
1993 3293 2074 3347 Ex

426 3391 605 3448 opere
661 3379 954 3452 siquidem
1017 3383 1397 3451 cognoscitur
1450 3388 1727 3453 operator
1769 3397 1780 3433 :
1839 3381 1887 3436 si
1938 3380 2075 3436 boni

426 3467 637 3539 operis,
680 3468 927 3536 bonus;
983 3470 1028 3523 si
1084 3471 1273 3541 pravi,
1333 3486 1581 3540 pravus.
1643 3470 1858 3535 Quinto
1916 3469 2075 3525 enim

427 3556 617 3627 capite
642 3556 842 3613 docuit
868 3558 935 3621 ⁸⁸,
969 3557 1133 3627 quod
1161 3573 1280 3613 non
1328 3562 1524 3627 potest
1561 3556 1736 3613 arbor
1768 3558 1932 3612 bona
1960 3556 2075 3613 fru-

427 3648 556 3698 ctus
587 3644 776 3699 malos
807 3645 1016 3711 facere,
1066 3650 1130 3700 ut
1159 3660 1353 3718 neque
1401 3645 1575 3703 arbor
1614 3645 1824 3702 vitiosa
1853 3645 2074 3701 fructus

426 3729 621 3786 bonos
648 3730 859 3787 facere.

498 3820 655 3873 Vers.
689 3820 778 3875 34.
802 3821 1109 3891 Progenies
1132 3852 1202 3862 —
1225 3821 1369 3877 mali
1396 3822 1423 3877 ‘I
1452 3822 1584 3877 Non
1636 3820 1860 3877 mirum
1886 3827 1973 3878 est
2002 3822 2077 3879 si-

426 3906 776 3978 hujusmodi
847 3910 1102 3967 convitia
1174 3910 1436 3980 jactatis.
1528 3913 1677 3968 Nam
1729 3926 1867 3967 cum
1928 3911 2071 3967 mali

430 3995 579 4061 sitis,
656 4010 778 4052 non
834 3999 1071 4070 potestis
1132 4000 1288 4055 bona
1346 3998 1530 4072 loqui.
1612 3999 1833 4055 Deinde
1904 4005 2075 4056 natu-

426 4084 534 4143 rali
580 4101 822 4159 quoque
869 4088 1095 4144 ratione
1147 4088 1536 4152 demonstrat,
1588 4088 1748 4160 quod
1794 4088 1908 4144 hoc
1954 4104 2075 4146 non

430 4175 682 4246 possint.

500 4266 654 4319 Vers.
712 4265 800 4322 34.
850 4266 946 4322 Ea:
997 4297 1064 4306 -—
1121 4267 1397 4337 loquitur.
1450 4266 1755 4339 Siquidem
1823 4282 1960 4324 cum
2014 4268 2076 4324 in

429 4355 604 4411 corde
652 4355 862 4411 vitium
915 4354 1237 4423 scaturiat,
1290 4357 1625 4413 necessario
1677 4357 1750 4413 ab
1798 4372 1869 4414 eo
1915 4356 2074 4430 quod

430 4442 716 4509 abundat,
750 4444 1072 4501 effunditur
1117 4446 1379 4517 pravitas
1424 4462 1553 4518 qum
1602 4452 1693 4502 est
1724 4462 1919 4503 sermo
1953 4461 2072 4502 ma-

427 4530 537 4584 lus.
574 4533 637 4585 Et
666 4534 1173 4603 quemadmodum
1222 4534 1436 4591 medici
1467 4535 1530 4603 (i)
1580 4535 1738 4589 circa
1784 4534 2077 4605 principia

430 4619 689 4688 quidem,
738 4622 1067 4679 exsilientes
1109 4624 1383 4681 humores
1444 4625 1606 4680 intus
1643 4638 1948 4679 ramanere
1982 4639 2076 4680 co-

432 4711 581 4774 gunt
613 4723 624 4761 :
657 4723 794 4764 cum
833 4716 1029 4766 autem
1058 4712 1137 4767 illi
1182 4712 1654 4782 subscaturiunt,
1674 4713 1803 4783 jam
1830 4712 2071 4769 vincun-

505 4830 550 4863 ⁸³
578 4830 771 4886 Matth.
802 4848 895 4898 vn,
931 4832 1010 4887 18.

2188 3109 2362 3177 καλὸν,
2407 3116 2495 3162 καὶ
2559 3114 2615 3162 τὸ
2669 3113 2814 3182 ἔργον
2880 3110 3039 3162 αὐτοῦ
3097 3110 3267 3161 καλόν·
3320 3111 3348 3167 ἡ
3408 3113 3494 3161 τὸν
3564 3108 3793 3183 ἐργάτην

2189 3198 2345 3250 αὐτοῦ
2384 3200 2495 3270 (90)
2527 3202 2705 3265 κακὸν,
2755 3203 2843 3250 καὶ
2869 3202 2925 3250 τὸ
2957 3201 3103 3272 ἔργον
3134 3198 3289 3250 αὐτοῦ
3342 3199 3525 3252 κακόν,
3600 3198 3662 3249 Ei
3691 3202 3790 3268 γὰρ

2186 3293 2241 3341 τὸ
2289 3292 2433 3361 ἔργον
2474 3288 2647 3354 καλόν,
2712 3288 2812 3361 ἄρα
2856 3293 2945 3339 καὶ
2989 3289 3013 3338 ό
3071 3286 3294 3360 ἐργάτης
3342 3287 3502 3337 αὐτοῦ
3568 3286 3728 3345 καλός
3772 3301 3782 3311 ‘

2186 3377 2239 3429 ἐκ
2294 3381 2394 3451 γὰρ
2459 3384 2548 3428 τού
2608 3377 2757 3448 ἔργον
2840 3376 2865 3427 ό
2931 3374 3153 3449 ἐργάτης
3212 3375 3369 3427 αὑτοῦ
3432 3383 3781 3443 γινώσκεται,

2188 3466 2246 3516 Εἰ
2276 3468 2363 3537 μὲν
2402 3465 2581 3531 καλοῦ,
2605 3466 2755 3523 καλός
2785 3482 2795 3493 ·
2830 3464 2873 3517 εἰ
2904 3460 2962 3516 δὲ
2988 3471 3169 3529 κακοῦ,
3199 3468 3374 3523 κακός.
3402 3460 3658 3525 Ἐδίδαξε
3684 3469 3787 3535 γὰρ

2186 3552 2232 3604 ἐν
2254 3563 2325 3623 τῷ
2356 3560 2570 3627 πέμπτῳ
2597 3554 2850 3625 mperium)
2872 3555 2949 3605 ὅτι
2976 3553 3033 3604 ού
3076 3549 3295 3604 δύναται
3327 3548 3543 3625 δένδρον
3588 3550 3789 3622 ἀγαθόν

2184 3646 2413 3715 καρποὺς
2443 3646 2693 3716 πονηρούς
2716 3649 2899 3710 ποιεῖν,
2926 3638 3049 3694 οὐδὲ
3072 3638 3285 3713 δένδρον
3330 3644 3525 3711 σαπρόν
3554 3645 3791 3712 καρπούς

2184 3730 2366 3790 καλοὺς
2405 3739 2588 3787 ποιεῖν.

2258 3826 2554 3892 Γεννήματα
2582 3851 2646 3861 -
2676 3824 2812 3881 ὄντες
2842 3838 2860 3890 ;
2883 3819 2991 3870 Ούκ
3018 3822 3132 3870 ἔστι
3160 3820 3479 3890 θαυμαστόν,
3506 3818 3791 3871 εἰτοιαῡτα

2190 3908 2562 3981 βλασφημεῖτε.
2594 3914 2813 3979 Πονηροὶ
2842 3912 2943 3979 γὰρ
2966 3912 3122 3972 ὄντες,
3153 3907 3209 3958 ού
3235 3904 3422 3959 δύναθε
3455 3905 3673 3975 ἁγασθὰ
3698 3907 3789 3958 λα-

2185 3997 2305 4051 λεῖν.
2346 3996 2470 4049 Εἶτα
2512 4002 2599 4049 καὶ
2631 3996 3005 4067 φυσιοὶογικώς
3036 3992 3399 4066 ἀποδείκνυσι,
3448 4004 3562 4055 πῶς
3600 3996 3665 4047 ού
3699 3993 3795 4048 δύ·

2184 4107 2381 4140 νανται.

2254 4264 2339 4317 Ἐκ
2430 4295 2496 4304 -
2584 4262 2740 4317 λαλεῖ.
2813 4260 3259 4333 ’Υπερϐλνζούσης
3325 4263 3423 4333 γὰρ
3491 4269 3590 4321 τῆς
3671 4264 3793 4331 (91)

2186 4350 2408 4424 καρδίας
2438 4355 2554 4421 (92)
2599 4351 2732 4423 ivi-{'2
2790 4347 3006 4421 καρδίᾳ,
3057 4350 3233 4401 λοιπὸν
3290 4350 3343 4411 ἐξ
3401 4350 3638 4419 ἀνάγκης
3692 4351 3794 4401 ἀπὸ

2185 4449 2273 4491 τού
2312 4443 2693 4514 περιττεύοντος
2751 4438 2986 4510 ἐκχεῖται
3041 4443 3223 4502 κακία,
3293 4440 3408 4497 ἣτις
3465 4436 3577 4489 ἐστὶ
3641 4437 3797 4509 λόγος

2189 4536 2421 4603 πονηρός.
2485 4534 2582 4581 Καὶ
2634 4530 2865 4600 καθάπερ
2937 4529 2984 4579 οἱ
3043 4527 3295 4598 ἐμούντες,
3355 4529 3496 4598 παρὰ
3551 4529 3642 4597 μεν
3696 4532 3795 4584 τὴν

2188 4619 2361 4691 ἀρχὴν
2420 4618 2692 4678 ϐιάζονται
2758 4613 2901 4668 ἔνδον
2955 4622 3195 4687 κατέχειν
3249 4611 3586 4674 ἑκπηδῶντας
3665 4620 3794 4677 τούς

2186 4711 2414 4781 χυμούς,
2473 4705 2889 4779 ύπερϐλνξόντων
2958 4701 3329 4769 δε,’νικώνται
3378 4709 3468 4754 xui.
3523 4710 3797 4775 προίενται

1632 4934 1847 5002 Variae
1888 4933 2216 5001 lectiones
2275 4936 2342 4997 et
2380 4938 2578 4995 notae.

503 5127 613 5198 (86)
642 5130 729 5178 καί
754 5125 967 5183 omittit
997 5130 1063 5183 A.

527 5200 617 5265 87)
643 5203 749 5267 καί,
777 5198 990 5254 omittit
1026 5204 1090 5254 Α.

529 5270 620 5338 88)
653 5269 821 5332 καλως
851 5271 911 5324 Β.

528 5341 616 5407 89)
645 5344 766 5395 Non
800 5340 1047 5397 sollicito
1082 5341 1195 5398 hoc
1246 5342 1623 5399 vocabulum.
1671 5342 1820 5399 Alibi
1856 5347 2077 5398 tamen.

528 5345 616 5407 89)
645 5345 766 5395 Non
800 5345 1047 5397 sollicito
1082 5345 1179 5398 h0<

503 5345 568 5484 ξι)
600 5412 813 5471 Medici
844 5414 1179 5467 Vomentes.

502 5536 565 5609 (ί)
603 5536 830 5593 Medici.
874 5534 1209 5593 Vomentes.

2192 5126 2406 5182 dicitur
2436 5123 2616 5195 etiam
2655 5122 2976 5195 ὑπεμφαίνει.

2262 5197 2372 5267 (90)
2406 5194 2559 5247 αὐτοῦ
2586 5193 2892 5267 omittit}.

2262 5261 2376 5338 (9t)
2399 5270 2580 5324 κακίας
2611 5264 2755 5330 legis
2795 5261 3133 5338 Hentenius.
3162 5262 3354 5338 Recte.

2262 5269 2348 5338 (9t
2399 5270 2580 5324 κακίας
2612 5269 2755 5330 legis
2796 5269 3133 5318 Hentenius.
3164 5269 3354 5315 Recte.

2262 5269 2376 5409 (92g
2404 5343 2457 5389 ἐκ
2485 5344 2577 5397 τῆς
2602 5341 2789 5395 κακίας
2827 5349 2935 5406 pro
2970 5331 3018 5383 ἐν
3046 5340 3107 5405 τῇ
3140 5328 3357 5407 καρδίᾳ.
3395 5333 3465 5387 Α,
