3906 6202
156 245 224 305 385
975 239 1336 302 COMMENT.
1379 245 1449 299 IN
1491 235 1916 300 MATTH/EUM.
1955 273 2021 282 —-—
2052 241 2206 296 CAP.
2251 229 2453 296 XXIII.
3269 242 3376 296 386

155 382 230 434 τοὺς
260 375 602 446 περιττεύοντας’
673 371 808 422 ούτω
873 367 940 428 δή
1000 377 1088 423 καὶ
1162 373 1210 423 οἱ
1280 373 1343 422 τὰ
1414 371 1615 442 πονηρὰ
1648 372 1687 424 A

1839 413 1844 434 ,
1888 371 1943 423 et
1982 367 2065 422 sic
2096 366 2181 424 illi
2213 366 2586 422 abundantes
2627 365 2972 437 prosiliunt:
3003 371 3082 422 ita
3131 384 3273 424 sane
3321 372 3381 426 et

153 463 379 534 βουλεύματα
417 464 685 534 τρέφοντες,
754 465 1049 532 Γεννήματα
1105 456 1163 512 δὲ
1230 455 1455 530 ἐχιδνῶν
1527 459 1613 510 αύ-

1861 471 2050 528 prava
2082 456 2346 511 nutriunt
2394 455 2658 510 consilia.
2686 455 2851 526 Ipsos
2880 471 3016 511 vero
3063 458 3378 529 progenies

150 557 230 612 τοὺς
265 554 627 621 προσηγόρευσα,
683 552 748 609 ὡς
799 554 886 600 xui
935 549 960 600 ὁ
1014 552 1315 609 Βαπτιστής
1381 547 1618 608 Ἰωάννης

1840 560 2050 598 irarum
2085 544 2413 614 appellavit,
2450 544 2599 598 sicut
2636 544 2814 600 etiam
2844 545 3103 600 Joannes
3131 548 3382 617 Baptista

146 639 178 690 ἐν
211 648 259 707 τῷ
298 644 418 710 τρίτῳ
457 636 734 708 κεφαλαίῳ.
782 641 879 690 Καὶ
923 637 1154 698 ζήτησον
1211 641 1304 695 τήν
1353 635 1400 688 ἐν
1449 634 1618 707 ἐκείνῳ

1841 633 1893 687 io
1925 633 2115 704 capite
2142 635 2208 686 ⁸³.
2260 633 2341 688 Ibi
2394 648 2534 703 ergo
2585 637 2640 686 et
2687 631 2865 703 hujus
2914 649 3108 705 quazre
3158 636 3383 707 exposi-

137 727 331 797 ἐξήγησιν.

1728 721 1965 776 tionem.

184 817 225 866 Ὀ
266 815 416 885 ἀγαθὸς
459 847 523 855 -
581 816 803 888 πονηρά.
863 811 1112 868 Διδάσκει
1163 822 1271 880 νῦν,
1335 817 1414 867 ὅτι
1462 817 1518 866 τὸ
1569 817 1622 866 ἐκ

1841 810 1960 864 'ers.
1997 810 2086 865 35.
2140 810 2338 864 Bonus
2370 839 2434 847 —
2467 807 2646 864 mala.
2706 810 2885 865 Docet
2924 826 3082 866 nunc
3112 812 3173 866 id
3226 814 3383 885 quod

138 911 198 954 τοῦ
242 905 590 975 περισσεύματος
648 913 736 963 τῆς
807 901 1027 976 καρδίας
1077 907 1136 956 τὸ
1205 906 1372 976 στόμα
1436 901 1619 966 λαλεῖν,

1841 903 1954 953 tum
1983 901 2089 966 est,
2123 904 2260 969 puta
2299 913 2368 953 os
2412 913 2483 952 ex
2547 896 2916 953 abundantia
2971 899 3164 954 cordis
3201 901 3383 974 loqui,

139 992 202 1042 οὐκ
239 991 300 1043 ἐπὶ
352 1000 432 1042 τῶν
496 1001 735 1064 πονηρῶν
809 991 1088 1064 ἀνθρώπων
1171 997 1368 1062 γίνεται
1452 996 1624 1062 μόνον,

1842 1004 1850 1039 ι
1933 987 1992 1040 in
2045 985 2216 1040 malis
2295 991 2527 1040 tantum
2574 985 2700 1040 fieri
2760 986 3124 1052 hominibus,
3177 1004 3384 1044 verum

139 1080 315 1131 ἀλλὰκαὶ
347 1079 414 1130 ἐπὶ
454 1089 553 1131 τῶν
597 1079 824 1151 ἀγαθῶν.
874 1087 974 1132 Καὶ
1023 1082 1287 1155 θησαυρὸν
1325 1083 1413 1152 μὲν
1463 1079 1626 1148 καλεῖ,

1853 1073 1998 1128 min
2026 1074 2227 1131 bonis.
2293 1076 2356 1128 Et
2401 1072 2745 1127 thesaurum
2790 1073 3034 1144 quidem
3094 1082 3265 1132 vocat
3291 1092 3390 1132 sca

137 1175 199 1224 τὴν
223 1167 366 1236 βλύσιν
406 1174 484 1219 καὶ
537 1173 710 1239 πηγὴν
763 1176 855 1229 τῆς
909 1166 1229 1240 ἀγαθότητος
1269 1175 1358 1220 καὶ
1404 1179 1495 1230 τῆς
1539 1188 1627 1221 πο⁹

1854 1162 2054 1232 ginem
2084 1162 2427 1233 fontemque
2467 1161 2738 1216 bonitatis
2771 1177 2841 1217 ac
2868 1163 3178 1234 pravitatis
3201 1183 3213 1218 :
3235 1163 3391 1222 bona

137 1261 275 1324 νηοίκς.
309 1256 474 1326 Ἀγαθὰ
514 1253 577 1310 δὶ
626 1262 714 1307 καὶ
754 1261 972 1330 πονηρὰ,
1023 1260 1140 1318 τοὺς
1188 1256 1410 1328 ἀγαθοὺς
1446 1257 1630 1328 λόγους

1596 1278 1630 1319 νς
1737 1256 1932 1306 autem
1963 1256 2019 1306 et
2051 1249 2234 1315 mala,
2259 1249 2451 1305 bonos
2476 1249 2789 1322 malosque
2818 1265 3138 1307 sermones.

133 1348 192 1392 ui
211 1347 428 1417 πονηρούς.
1812 1338 1975 1394 Vers.
2009 1338 2096 1394 36.
2124 1337 2230 1393 Sed
2263 1338 2389 1393 dico
2424 1368 2486 1378 —
2514 1339 2755 1407 judiciz'.
2809 1341 3080 1396 Otiosum
3127 1342 3270 1397 dicit
3301 1359 3394 1399 ca-

183 1436 288 1501 Λέγω
327 1429 376 1484 δὲ
412 1465 471 1473 -
508 1439 748 1508 κρίσεως.
793 1435 982 1506 Ἀργὸν
1021 1439 1111 1506 μὲν
1165 1433 1319 1507 λέγει,
1366 1439 1423 1487 τὸ
1479 1455 1632 1486 συκο-

1850 1427 2190 1482 miatorium
2222 1432 2278 1481 et
2317 1442 2564 1492 vanum,
2616 1427 2707 1481 vel
2743 1428 3116 1498 superﬂuum
3171 1446 3239 1485 ac
3289 1447 3392 1485 no-

131 1524 300 1588 ;umxriv
341 1528 417 1573 καὶ
457 1525 698 1594 μάταιον,
751 1523 779 1582 ἦ
829 1527 884 1574 τὸ
934 1528 1171 1597 περιττὸν
1225 1528 1314 1575 καὶ
1360 1522 1629 1596 βλαϐερὸν.

1849 1531 1940 1571 um
1969 1531 1983 1580 ;
2008 1515 2302 1570 rationem
2344 1531 2501 1580 vero,
2536 1530 2786 1570 examen
2819 1521 2873 1571 et
2915 1519 3391 1589 responsionem.

135 1613 246 1677 Δάνον
289 1607 352 1675 δὲ,
404 1615 487 1668 τὴν
540 1611 755 1669 εύθύνην
807 1618 894 1664 καὶ
947 1611 1248 1684 ἀπολογίαν.
1321 1613 1395 1664 Ού
1449 1616 1635 1687 μικρὸν

1853 1620 1870 1659 ι
1920 1608 2007 1660 est
2065 1609 2264 1659 autem
2310 1604 2549 1659 modica
2604 1605 2984 1660 correctionis
3045 1622 3208 1677 pars,
3274 1621 3395 1662 non

128 1692 167 1746 δέ
205 1702 324 1768 μέρος
371 1696 712 1771 διορθώσεως,
785 1704 840 1752 τὸ
893 1705 965 1772 μὴ
1039 1705 1190 1772 μόνον
1268 1699 1638 1772 ἀπολογεῖσθαι

1852 1709 1939 1748 im
1965 1693 2323 1764 respondere
2349 1691 2792 1762 etredarguere,
2819 1693 2924 1748 sed
2945 1701 2999 1750 et
3019 1695 3394 1760 comminari,

130 1790 189 1834 mi
239 1783 448 1857 ἇέσγχειν,
506 1787 637 1839 ἀλλὰ
709 1793 798 1841 καὶ
867 1789 1109 1856 ἀπειλεῖν,
1163 1789 1188 1841 ὃ
1248 1787 1315 1848 δή
1371 1790 1639 1864 πολλαχοῦ

1107 1836 1109 1850 ,
1163 1789 1188 1841 ὁ
1248 1787 1315 1848 δὴ
1371 1790 1639 1864 πολλαχοῦ
1749 1781 1910 1853 quod
1941 1797 2084 1838 sane
2113 1781 2464 1853 plerumque
2495 1781 2649 1836 facit.

132 1889 233 1926 ποίει.

172 1962 235 2011 Ἐκ
279 1994 334 2002 —-
379 1962 842 2038 καταδικασθήσῃ.
921 1966 1008 2020 Ἐκ
1079 1971 1170 2039 μὲν
1241 1976 1339 2019 τῶν
1411 1967 1641 2040 ἀγαθῶν,

1863 1959 1983 2014 'ers.
2018 1962 2110 2014 37.
2166 1959 2255 2013 Ea:
2285 1991 2345 2000 ~—
2377 1959 2883 2016 condemnaberis.
2931 1963 3009 2016 Ex
3049 1959 3230 2016 bonis
3276 1962 3405 2034 qui-

129 2043 381 2124 δικαιωθήσῃ
410 2075 420 2086 ο
445 2053 498 2105 ἐκ
533 2050 596 2106 δὲ
622 2063 720 2105 τῶν
750 2074 1006 2129 πονηρων,
1048 2053 1511 2130 καταδικασθήσῃ.

1858 2063 1894 2102 n
1939 2046 2387 2118 justiﬁcaberis,
2429 2063 2497 2102 ex
2555 2046 2727 2102 malis
2789 2063 2928 2104 vero
2959 2050 3400 2108 condemnabe-

1753 2151 1853 2191 1‘18.

265 2233 386 2282 ΚΕΦ.
427 2232 552 2288 KI".
595 2237 719 2303 Περὶ
750 2240 847 2283 τῶν
879 2232 1157 2284 αἰτούντων
1191 2242 1421 2307 σημεῖον.

1973 2225 2126 2281 CAP.
2160 2225 2327 2280 XXIII.
2357 2226 2442 2281 De
2473 2225 2903 2296 requirentibus
2949 2227 3186 2300 signum.

167 2316 264 2368 Τοτι
301 2348 357 2358 --
392 2316 537 2376 ἰδεῖν.
598 2320 721 2373 Ὀτε
754 2323 1023 2393 θαυμάσαι
1073 2327 1160 2374 καὶ
1195 2323 1460 2394 ύποκύψαι
1521 2319 1647 2388 ἔδει,

1865 2314 1998 2370 ’ers.
2051 2315 2138 2378 38,
2208 2314 2371 2370 Tunc
2417 2345 2485 2353 —
2539 2314 2751 2370 videre.
2805 2317 2950 2372 Cum
3017 2317 3297 2376 admirari
3337 2337 3407 2376 ac

122 2407 200 2452 τοτε
238 2405 365 2456 πάλιν
417 2407 854 2480 ἀναισχυντοῦσι,
902 2416 990 2462 καὶ
1041 2411 1094 2462 ὃν
1147 2416 1246 2486 πρὸ
1291 2420 1479 2484 μικροῦ
1531 2413 1651 2484 θρα-

1869 2401 2146 2457 cumbere
2182 2406 2498 2474 oporteret,
2547 2407 2682 2458 tunc
2738 2419 2981 2461 rursum
3033 2406 3408 2480 impudenter

121 2495 213 2551 ain;
254 2492 441 2547 ἐκάλουν
496 2495 848 2569 ὃαιμονῶντα,
908 2507 993 2550 νῦν
1055 2499 1432 2562 κολακευτικῶς
1497 2496 1652 2552 διδά-

1870 2495 2104 2554 uuntur,
2132 2497 2185 2545 et
2205 2506 2385 2564 quem
2407 2491 2588 2562 paulo
2614 2497 2749 2548 ante
2774 2493 3211 2552 daamoniacum
3234 2504 3412 2555 teme-

123 2579 261 2630 σιαλον
317 2583 647 2656 ὀνομάζουσι,
725 2592 812 2639 καὶ
881 2591 1015 2660 μετὰ
1087 2596 1321 2641 τοσαῦτα
1392 2591 1652 2660 θαύματα,

1868 2579 1919 2635 io
1949 2595 2102 2635 ausu
2133 2580 2425 2636 vocabant
2468 2595 2630 2636 nunc
2673 2580 3002 2638 adulatorie
3054 2586 3410 2656 magistrum

118 2677 280 2738 σημεῖον
321 2668 440 2725 ἰδεῖν
495 2676 761 2741 αἰτοῦσιν,
829 2677 933 2747 οὐχ
988 2677 1068 2728 ἵνα
1117 2680 1494 2744 πιστεύσωσιν,
1554 2675 1657 2727 ἀλλ’

1873 2672 2000 2736 lant,
2029 2674 2086 2723 et
2115 2674 2252 2740 post
2286 2673 2369 2724 tot
2403 2669 2692 2725 miracula
2744 2671 2986 2740 signum
3031 2672 3227 2729 videre
3255 2691 3415 2747 quaa-

116 2759 176 2804 ῐνα
202 2757 510 2814 ἐπιλάϐωνται
570 2764 748 2821 αὐτοῦ.
797 2770 881 2823 Μὴ
934 2761 1208 2838 δυνάμενοι
1254 2768 1355 2840 γὰρ
1405 2765 1656 2817 ἀντειπεῖν

1871 2761 2102 2813 ιιεηοιι
2151 2762 2212 2812 ut
2267 2758 2531 2823 credant,
2573 2758 2677 2814 sed
2733 2765 2789 2815 ut
2845 2776 2985 2816 eum
3054 2764 3413 2835 opprimant.

116 2844 447 2921 αὐτῴ,ραδίως
486 2854 678 2912 αὐτοὺς
719 2852 1002 2925 ἐλέγχοντι,
1049 2858 1176 2926 πρὸς
1228 2858 1289 2907 τὰ
1337 2858 1462 2928 ἔργα
1507 2873 1658 2926 μετα-

1877 2861 1919 2900 n
1959 2846 2120 2900 enim
2151 2861 2272 2901 non
2315 2851 2564 2917 possent
2611 2848 2663 2902 ei
2708 2850 3127 2922 contradicere,
3157 2851 3303 2908 dum
3337 2853 3419 2910 fa-

114 2932 346 2991 επίνουσιν.
403 2940 459 2991 Ὀ
521 2937 585 2993 δὲ
647 2947 853 3001 Λουκᾶς
903 2948 1078 3013 φησὶν,
1141 2945 1220 2996 ὅτι
1262 2945 1421 3017 ἕτεροι
1476 2945 1656 3017 πειρά-

1936 2933 2068 2988 illos
2132 2935 2466 2990 covinceret
2510 2952 2522 2990 :
2567 2936 2646 2991 ad
2704 2952 2884 3009 opera
2934 2944 3261 2996 transeunt.
3322 2945 3421 2998 Lu-

118 3026 248 3084 ξο-ιτες
314 3036 521 3100 σημεῖον
609 3032 728 3104 παρ’
809 3032 967 3084 αὐτοῦ
1039 3031 1250 3093 ἐζήτουν
1313 3032 1365 3096 ἐξ
1423 3033 1660 3107 ούρανοῦ.

1901 3026 2103 3077 autem
2141 3021 2281 3078 dicit
2305 3023 2466 3094 quod
2486 3023 2594 3079 alii
2623 3028 2910 3082 tentantes
2935 3027 3164 3098 signum
3187 3030 3260 3086 de
3289 3032 3422 3087 caelo

109 3104 432 3185 ’Υπελοὶμϐανον
517 3122 640 3190 γὰρ,
705 3121 784 3172 ὅτι
848 3123 912 3171 τὰ
987 3125 1075 3192 μὲν
1151 3121 1233 3174 ἐπὶ
1308 3129 1409 3192 γῆς
1475 3128 1651 3191 σημεῖα

1884 3110 2104 3166 arebant
2134 3112 2210 3168 ab
2253 3128 2317 3168 eo
2340 3113 2410 3166 δι.
2445 3113 2912 3184 Suspicabantur
2933 3118 3222 3190 siquidem
3262 3121 3426 3193 quod

114 3203 324 3265 γοητεύων
371 3204 630 3260 ἐπιτελεῖ·
693 3206 746 3271 ἕξ
804 3208 1022 3283 ούρανοῦ
1081 3206 1139 3262 δὲ
1192 3211 1286 3262 ούκ
1342 3210 1402 3262 ἂν
1453 3207 1656 3262 δύναιτο

1884 3215 1948 3255 1a
1972 3199 2029 3254 in
2058 3204 2232 3266 terra,
2266 3199 2570 3271 praestigiis
2600 3201 2862 3258 fallendo
2912 3206 3111 3262 ederet
3143 3224 3156 3274 ;
3186 3209 3426 3277 signum

112 3297 289 3346 mer
327 3304 561 3366 σημεῖον,
604 3301 677 3368 μή
717 3297 784 3348 ὢν
814 3296 915 3350 ἀπὸ
955 3306 1045 3350 τοῦ
1091 3303 1237 3354 Θεοῦ.
1287 3304 1388 3352 Καὶ
1433 3302 1531 3370 γὰρ
1579 3303 1654 3350 καῖ

1887 3304 1918 3344 o
1965 3288 2038 3343 de
2063 3287 2207 3344 ccelo
2247 3305 2637 3362 nequaquam
2695 3291 2887 3347 facere
2941 3300 3162 3364 posset,
3224 3313 3361 3352 cum
3393 3314 3429 3353 a

115 3375 304 3448 ἀλλαχοῦ
368 3383 554 3454 ἔλεγον.
617 3384 781 3445 Οὗτος
831 3387 856 3437 ὁ
904 3387 1168 3460 ἄνθρωπος
1222 3387 1313 3439 οὐκ
1370 3389 1508 3441 ἔστιν
1567 3386 1657 3441 ἀπε

1880 3391 2054 3433 )ῑιο[ι
2104 3384 2275 3434 esset.
2337 3381 2562 3435 Etenim
2614 3379 2755 3435 alibi
2819 3396 3062 3453 quoque
3105 3382 3422 3441 dicebant:

110 3475 177 3517 τοῦ
208 3476 346 3522 Θεοῦ.

1776 3465 1905 3520 Hic.
1937 3467 2108 3523 homo
2138 3483 2254 3523 non
2294 3472 2374 3524 est
2405 3483 2443 3524 a
2473 3471 2582 3525 Deo
2615 3471 2682 3524 ⁸³.

163 3555 211 3606 Ὀ
237 3553 288 3609 δὲ
319 3590 379 3599 -
408 3560 669 3623 ἐπιζητεῖ.
704 3562 864 3615 Ὅταν
912 3569 1000 3634 μὲν
1033 3564 1245 3639 ὕϐριζον
1282 3566 1457 3632 αύτόν,
1510 3563 1670 3618 διελέ-

1893 3554 2015 3612 'ers.
2049 3557 2136 3612 39.
2169 3556 2374 3614 Atille
2403 3589 2471 3598 -
2494 3559 2710 3629 quaerit.
2741 3559 2886 3615 Cum
2916 3559 2998 3615 illi
3025 3561 3435 3619 contumeliosi

107 3663 200 3711 Ἱετο
240 3648 342 3717 (93)
387 3654 782 3724 μακροθύμως’
831 3654 949 3704 ὅταν
991 3650 1050 3706 δὲ
1099 3653 1418 3720 ἔκολάκευον,
1463 3653 1647 3727 ἁπεκρί

1895 3651 1997 3712 ant,
2041 3648 2331 3718 patienter
2383 3663 2484 3702 eos
2520 3647 2782 3707 ferebat:
2827 3648 2970 3704 dum
2995 3654 3196 3707 autem
3226 3651 3437 3708 adula-

109 3749 197 3781 νετο
245 3744 490 3807 τραχέως,
535 3743 606 3802 ὡς
648 3747 780 3813 μήτε
839 3743 984 3814 θυμῷ
1033 3748 1326 3815 νικώμενος»
1387 3748 1517 3802 μήτε
1556 3746 1646 3815 (94

1894 3739 1999 3800 tur,
2055 3750 2266 3807 aspere
2296 3736 2627 3807 respondit,
2662 3741 2862 3808 utpote
2892 3740 2994 3810 qui
3024 3755 3221 3811 neque
3249 3741 3436 3796 animi

108 3819 312 3894 κολακεία
364 3827 798 3901 μαλακιζόμενος.
859 3834 1103 3904 Διασύρει
1157 3828 1214 3884 δε
1275 3835 1509 3900 τούτους,
1571 3832 1650 3884 ἀπε

1899 3825 2156 3880 amentia
2208 3825 2556 3889 vinceretur,
2597 3841 2792 3898 neque
2845 3826 3183 3884 adulatione
3237 3829 3441 3886 molle-

110 3914 188 3966 τῆς
229 3919 317 3961 τῶν
370 3921 642 3988 προγόνων
703 3919 868 3970 αὐτῶν
925 3925 1127 3985 κακίας,
1184 3923 1250 3982 ὡς
1300 3921 1423 3984 ἀξια
1473 3921 1652 3974 ἐκείνωτ

1897 3919 1971 3968 ret
2005 3912 2154 3969 :hoc
2186 3929 2322 3970 vero
2366 3932 2400 3969 a
2429 3915 2872 3984 progenitorum
2921 3917 3080 3989 capit
3131 3919 3439 3989 pravitate,

116 4002 382 4070 γεινήματα.
457 4011 564 4058 Καὶ
641 4009 869 4078 πονηρὰν
933 4011 1021 4080 μὲν
1091 4014 1184 4066 τὴν
1249 4013 1421 4081 γενεὰν
1480 4013 1658 4062 τούτω

1904 4017 2068 4072 ruam
2086 4002 2330 4073 dignam
2351 4002 2464 4057 illis
2478 4003 3015 4062 sobolem.Pravam
3042 4023 3284 4078 quoque
3298 4007 3446 4064 dixit

112 4104 355 4156 ωυομπσεν,
412 4096 484 4154 ὡς
549 4095 772 4146 ἔκπαλαι
847 4097 1069 4149 ἄπιστον
1141 4103 1228 4150 καὶ
1297 4100 1648 4172 πειράζουσαν

1910 4107 1940 4145 c
1956 4091 2322 4162 progeniem,
2341 4093 2515 4164 quasi
2529 4093 2648 4164 jam
2668 4093 2808 4150 olim
2834 4095 3204 4152 incredulam
3233 4113 3302 4153 ac
3318 4102 3446 4152 ten-

115 4176 225 4227 Φησὶ
267 4181 361 4251 γὰρ
409 4181 436 4231 ὀ
491 4179 666 4234 Δαυίδ
713 4205 723 4215 ·
793 4189 891 4236 Καὶ
948 4185 1043 4236 οὐκ
1099 4184 1410 4238 ἐπιστευσαν
1468 4186 1515 4239 ἓν
1573 4195 1657 4240 τοῖι

1905 4195 2029 4234 ;em.
2065 4180 2156 4234 Ait
2211 4181 2369 4236 enim
2425 4182 2607 4236 David
2635 4198 2658 4238 .·
2681 4183 2761 4238 Et
2805 4199 2917 4238 non
2969 4185 3348 4240 crediderunt
3384 4185 3447 4239 in

112 4263 382 4332 θαυμασίοις
439 4271 629 4324 αὐτοῦ.
686 4277 784 4324 Καὶ
845 4273 1037 4324 πάλιν·
1093 4279 1193 4326 Καὶ
1256 4274 1530 4348 ἐπείρασαν
1585 4296 1653 4328 κα

1902 4268 2151 4324 ἀὺὶιίὸαε
2181 4270 2303 4338 ejus
2337 4269 2404 4323 ⁸⁵.
2447 4271 2528 4324 Ac
2559 4286 2798 4325 rursum
2833 4287 2845 4325 :
2878 4271 2954 4326 Et
2985 4276 3359 4328 tentaverunt
3389 4277 3444 4328 et

113 4359 457 4427 παρεπίκραναν
527 4364 619 4411 τὸν
699 4365 825 4413 Θεὸν
896 4366 980 4413 τὸν
1054 4362 1296 4432 ὕψιστον.
1368 4362 1655 4436 Μοιχαλίδι

1903 4358 2489 4415 ceroaveruntDeum
2511 4360 2801 4414 excelsum
2832 4360 2904 4416 ⁸⁷.
2941 4359 3280 4416 Adulteram
3303 4376 3445 4417 vero

111 4434 174 4506 ἴε,
222 4438 304 4493 διὰ
343 4451 436 4502 τήν
489 4457 598 4499 τῶν
650 4454 909 4520 προγόνων
953 4450 1120 4502 αύτῶν
1166 4452 1222 4502 ἐκ
1261 4458 1394 4504 Θεοῦ
1447 4451 1653 4507 ἆποστα

1908 4452 2030 4519 pter
2055 4446 2558 4518 progenitoruma
2580 4449 2698 4502 Deo
2724 4446 3115 4503 defectionem
3143 4449 3275 4520 ;qui
3304 4448 3450 4506 olim

117 4533 229 4592 circa,
283 4534 461 4595 σὶτινες
525 4535 874 4608 ἁποζυγέντες
927 4539 1088 4591 πάλαι
1158 4547 1248 4600 τῆς
1300 4545 1522 4602 πίστεως
1587 4562 1659 4595 τοι

1935 4553 1970 4592 a
1999 4536 2117 4591 Deo
2148 4535 2446 4606 disjuncti,
2474 4534 2612 4590 ﬁdei
2651 4535 3000 4591 daemonum
3042 4537 3447 4602 adhaaserunt.

112 4620 239 4682 θεοῦ,
266 4619 627 4681 ἐκολλήθησαν
659 4633 718 4699 τῇ
757 4631 930 4679 πίστει
970 4635 1068 4679 τῶν
1100 4625 1381 4701 δαιμόνων.
1424 4637 1652 4703 Μοιχεία

1911 4625 2155 4681 ιΙιθιὶυω
2185 4624 2408 4697 quippe
2451 4625 2628 4680 etiam
2685 4623 3012 4681 nominavit
3052 4626 3453 4688 idololatriam

111 4707 191 4773 γὰρ
254 4709 516 4780 ὀνομάζει,
595 4720 684 4766 καὶ
766 4719 860 4772 τήν
921 4713 1319 4790 εἰδωλολατρίαν
1392 4721 1420 4778 ἠ
1479 4720 1653 4772 Παλαιι

1912 4715 2017 4770 aris
2054 4714 2405 4770 Testamenti
2458 4715 2774 4786 Scriptura,
2804 4714 2987 4788 idque
3017 4716 3355 4790 frequenter
3393 4720 3454 4777 in

115 4794 254 4864 Γοιρή
297 4815 308 4825 ·
364 4806 452 4853 xui
520 4810 678 4854 τοῦτο
725 4803 992 4875 πολλαχοῦ
1049 4813 1146 4857 τῶν
1203 4817 1531 4881 προφητικῶν
1593 4808 1657 4882 βί

116 4880 465 4914 Fi....._'_;_-._

1203 4817 1531 4881 προφητικῶν
1593 4808 1685 4882 βί-
1793 4804 2155 4878 propheticis
2185 4804 2375 4860 Libris
2403 4805 2688 4863 invenies.

124 4888 220 4932 ἷκεν
241 4888 487 4960 εὑρήσεις.

175 4975 256 5026 Καὶ
303 4985 520 5050 σημεῖον
586 5010 648 5021 -
703 4986 989 5054 προφήτου.
1059 4981 1134 5035 Ού
1195 4980 1480 5042 δοθήσεται
1529 4986 1682 5058 αὐτῇ,

1914 5001 1954 5040 s.
1971 4984 2056 5040 39.
2073 4983 2386 5056 Etsignum
2399 4985 2797 5056 —pr0pheta:.
2814 4987 2941 5044 Non
2956 4986 3194 5046 dabitur
3215 4988 3288 5055 ei,
3314 4988 3456 5061 quia

172 5151 209 5186 ⁸³
233 5153 432 5215 Matth.
465 5173 551 5230 tu,
587 5158 645 5212 7.
723 5158 771 5194 “
801 5158 939 5218 Luc.
970 5176 1045 5229 xx,
1082 5161 1171 5218 16.
1258 5161 1304 5198 ⁸⁸
1335 5161 1508 5220 Joan.
1539 5180 1618 5231 ix,
1651 5166 1714 5223 16

1287 5163 1304 5198 ⁵
1335 5161 1508 5220 Joan.
1539 5180 1618 5231 ix,
1651 5166 1741 5223 16.
1817 5168 1865 5203 ⁸⁵
1890 5164 2044 5237 Psal,
2077 5183 2283 5236 Lxxvn,
2315 5170 2402 5222 32.
2480 5166 2527 5202 ⁸⁷
2558 5163 2706 5222 ibid.
2739 5165 2829 5220 56.

1339 5339 1563 5412 Variae
1590 5340 1914 5410 lectiones
1932 5351 1998 5410 et
2025 5351 2205 5410 notae

170 5535 271 5605 1.9-3)
305 5537 488 5592 Intell.
534 5535 748 5597 αὐτοῖς·
1171 5507 1179 5518 ο

1874 5539 1984 5613 (94)
2023 5540 2254 5614 μαλακίᾳ
2291 5536 2682 5615 κολακευόμενος
2715 5546 2775 5595 Δ.
