3906 6202
425 194 527 257 387

1739 190 1925 253 EUTH
1939 196 2096 251 YMII
2132 194 2463 257 ZIGABENI
3684 194 3783 258 388

420 344 540 382 non
574 344 644 382 ex
675 326 810 392 ﬁde,
841 327 945 381 sed
969 342 1037 381 ex
1066 325 1227 391 dolo,
1280 323 1573 379 tentando
1601 324 1839 393 signum
1878 339 2022 394 qum:

2195 321 2334 376 διότι
2374 325 2466 377 ούκ
2516 323 2569 375 ἐκ
2614 329 2856 388 πίστεως,
2901 324 3005 377 ἀλλ’
3055 324 3109 377 ἐκ
3145 330 3411 399 πονηρίας,
3470 332 3558 379 καὶ
3615 333 3790 401 πειρά-

423 413 575 481 Quid
598 430 738 483 ergo
766 417 926 470 ?non
957 413 1379 483 fecitdeinceps
1404 413 1643 480 signum
1672 409 1901 467 ullum?
1932 412 2038 466 Fec
2067 410 2078 461 i

421 503 623 575 utique
653 508 746 571 ;at
781 517 903 558 non
960 507 1203 574 propter
1234 502 1364 556 illos
1398 518 1409 555 :
1451 516 1595 556 nam
1640 500 1752 571 ipsi
1804 499 2079 556 obdurati

414 596 600 661 erant,
661 592 767 646 sed
832 590 908 646 ad
947 590 1201 646 aliorum
1258 590 1593 645 utilitatem.
1641 589 1891 660 Signum
1942 603 2079 643 vero

416 681 581 736 Jonas
614 680 943 751 prophetas,
975 684 1149 734 vocat
1179 679 1668 733 resurrectionem
1730 693 1900 731 suam
1935 693 1966 732 e
1993 692 2076 733 se-

417 769 623 839 pulcro
648 774 780 840 post
807 773 923 823 tres
954 768 1079 823 dies
1110 772 1167 823 et
1191 772 1305 823 tres
1328 773 1556 822 noctes.
1586 767 1717 822 Jam
1737 767 1893 821 enim
1925 766 2080 821 hanc

412 856 628 911 Judazis
654 855 916 927 praedicit
943 863 1005 909 ut
1032 872 1167 909 cum
1192 856 1593 921 resurrexerit,
1614 854 1689 909 ad
1724 854 2078 910 memoriam

412 946 701 999 reducant
724 943 888 1015 quod
922 944 1077 998 hanc
1108 942 1221 997 illis
1260 942 1612 1014 prmdixerit,
1648 941 1862 998 diebus
1900 942 2077 997 etiam

415 1046 483 1086 ac
522 1032 793 1087 noctibus
825 1031 1081 1102 propria),
1122 1030 1440 1102 sepulturae
1486 1030 1564 1086 ad
1602 1032 1896 1085 minutum
1929 1030 2079 1085 desi-

416 1118 635 1189 gnatis.
668 1122 909 1190 Propter
937 1119 1050 1174 hoc
1068 1117 1509 1190 siquidemipso
1543 1117 1794 1190 sepulto,
1826 1133 2075 1187 congre-

416 1207 532 1277 gati
559 1207 932 1263 suntsummi
961 1206 1297 1262 sacerdotes
1325 1210 1381 1261 et
1410 1205 1677 1261 Pharisaei
1709 1206 1785 1261 ad
1820 1206 2074 1263 Pilatum

413 1295 698 1351 dicentes:
723 1295 1275 1358 Domine,recordati
1288 1309 1489 1349 sumus
1505 1294 1651 1365 quod
1672 1294 1955 1363 impostor
1969 1294 2075 1352 ille

412 1383 559 1439 dixit
580 1383 762 1438 adhuc
798 1384 983 1439 vivens
1018 1383 1183 1437 :Post
1204 1388 1321 1437 tres
1342 1384 1462 1438 dies
1493 1397 1794 1452 resurgam
1826 1384 1893 1437 ⁸⁸.
1916 1383 2074 1439 hanc

417 1486 573 1536 vero,
610 1472 852 1541 signum
883 1472 1047 1526 Jonas
1094 1470 1393 1541 prophetas
1447 1472 1798 1537 nominavit,
1833 1476 2074 1543 propter

419 1559 883 1623 similitudinem,
917 1574 1098 1630 quam
1124 1558 1304 1615 etiam
1336 1558 1677 1615 manifestat
1712 1559 1918 1615 dicens
1946 1577 1963 1615 :

483 1811 637 1865 Vers.
688 1810 783 1864 40.
836 1809 1012 1864 Sicut
1062 1840 1129 1849 —
1159 1808 1441 1864 noctibus.
1488 1810 1605 1864 Hoc
1645 1824 1779 1864 vere
1832 1808 2068 1877 signum

409 1904 553 1963 erat,
580 1902 636 1953 et
666 1896 977 1967 signorum
1009 1898 1283 1953 omnium
1324 1897 1582 1952 maxime
1613 1897 2071 1954 admirandum-

408 1987 630 2043 nullius
648 1987 807 2042 enim
828 1985 985 2042 facta
997 1992 1087 2041 est
1102 2001 1370 2058 unquam
1395 1985 1525 2041 talis
1547 2001 1583 2041 a
1603 1988 1853 2041 mortuis
1881 2003 2066 2044 resur:

405 2078 608 2138 rectio.
641 2076 858 2131 Datum
886 2080 973 2130 est
1004 2080 1203 2131 autem
1218 2075 1567 2145 hujusmodi
1595 2076 1834 2147 signum
1851 2076 2069 2132 Judaei-

406 2162 762 2235 inﬁdelibus,
789 2164 903 2219 hoc
942 2168 1046 2230 est,
1080 2179 1261 2235 opere
1310 2162 1613 2234 impletum
1634 2167 1723 2220 est
1769 2164 1933 2235 apud
1958 2182 2061 2221 eos

404 2254 518 2308 hoc
551 2251 929 2318 miraculum,
954 2268 1075 2323 quo
1104 2252 1376 2307 certiores
1403 2252 1517 2307 sint
1544 2252 1705 2308 hunc
1734 2255 1918 2308 Deum
1934 2269 2057 2308 esss

406 2340 1254 2413 omnipotentem,etdeinceps
1279 2340 1449 2411 quasi
1482 2341 1599 2395 Deo
1630 2347 2070 2412 repugnantese

406 2429 831 2488 conscientiam
868 2428 1130 2485 habeant
1175 2429 1388 2485 acerbe
1420 2429 1549 2486 illos
1577 2435 1980 2500 torquentem,
2015 2450 2065 2493 e,

405 2520 605 2575 futura
616 2533 752 2590 quae
772 2532 873 2573 eos
886 2517 1394 2589 comprehensura
1407 2518 1521 2572 sint
1538 2517 1698 2572 mala
1712 2521 2067 2588 prtesagient

404 2606 541 2664 tem.
577 2608 686 2662 Cor
714 2621 854 2662 vero
882 2612 1048 2661 terrae
1104 2606 1348 2674 intelligi
1389 2606 1544 2661 illius
1577 2607 2062 2676 profunditatem.

402 2699 550 2753 Nam
575 2697 634 2751 in
666 2694 1068 2767 profunditate
1088 2695 1261 2758 illius,
1290 2694 1591 2764 lapidibus
1639 2696 1899 2750 incisum
1945 2704 2067 2753 erat

404 2783 773 2856 sepulcrum.
802 2783 941 2837 Tres
955 2788 1153 2838 autem
1181 2781 1308 2836 dies
1323 2798 1458 2837 cum
1479 2782 1753 2837 noctibus
1776 2783 1883 2839 sub
1916 2789 2066 2841 terra

412 2873 759 2943 permansit,
794 2878 858 2925 ut
887 2869 1223 2924 crederetur
1252 2867 1435 2924 fuisse
1466 2876 1755 2925 mortuus.

471 2962 511 3028 -ί-
539 2962 650 3015 Cor
668 2966 854 3021 terra,
887 2957 1230 3027 sepulcrum
1275 2963 1465 3012 vocat.

473 3048 628 3101 Vers.
656 3046 746 3111 41,
792 3045 916 3100 Vari
944 3045 1210 3101 Ninivitw
1238 3075 1307 3085 -—
1358 3046 1467 3102 hoc
1498 3046 1646 3103 loco.
1704 3047 1889 3111 Simul
1940 3055 2063 3108 tan-
2096 3045 2133 3098 C

401 3150 585 3207 quam
607 3134 812 3190 omnia
824 3149 1324 3206 praecognoscens
1354 3140 1411 3191 et
1438 3135 1655 3191 horum
1680 3138 2062 3208 prasdicitim-

398 3223 832 3296 pmnitentiam,
888 3238 1026 3294 quae
1072 3221 1251 3279 etiam
1292 3229 1426 3296 post
1480 3241 1652 3281 suam
1704 3226 1903 3284 futura
1939 3233 2061 3286 erat

396 3312 881 3367 resurrectionem
917 3327 928 3366 :
963 3317 1019 3367 et
1063 3311 1240 3367 simul
1293 3314 1455 3383 ipsos
1509 3320 1780 3372 exterret.
1858 3318 2056 3373 Dicere

396 3400 658 3457 solemus
688 3401 850 3456 hunc
879 3405 979 3456 aut
1006 3400 1171 3456 illum
1204 3402 1263 3457 in
1296 3401 1739 3473 futurojudicio
1778 3421 1886 3461 nos
1917 3422 2055 3462 con-

395 3489 839 3554 demnaturum,
886 3504 1006 3544 non
1037 3490 1210 3561 quasi
1246 3489 1338 3543 ille
1366 3489 1595 3545 futurus
1622 3492 1699 3547 sit
1737 3493 1947 3560 Judex,
1981 3497 2056 3550 si-

396 3578 639 3650 quidem
653 3580 921 3634 omnium
949 3577 1134 3649 judex
1156 3592 1309 3632 unus
1328 3579 1728 3645 eritChristus,
1761 3582 1865 3637 sed
1894 3584 2051 3655 quod

395 3666 551 3721 illius
584 3666 848 3738 operatio
879 3666 1094 3721 nostris
1128 3665 1345 3721 collata
1372 3666 1696 3723 confundet
1722 3684 1850 3726 nos.
1893 3673 2058 3728 Hanc

395 3770 631 3828 quoque
661 3754 1155 3811 consuetudinem
1189 3760 1428 3810 secutus
1460 3760 1551 3811 est
1577 3756 1842 3814 Christus
1876 3776 1887 3814 2
1917 3761 2057 3817 Plus

397 3848 610 3910 autem,
646 3842 744 3910 ait,
800 3859 973 3914 quam
1003 3844 1188 3899 Jonas
1244 3849 1325 3898 est
1356 3844 1461 3900 hoc
1494 3845 1635 3901 loco.
1682 3848 1862 3904 Jonas
1894 3849 2055 3906 enim

396 3948 601 3988 servus
656 3935 798 3997 erat,
861 3931 1122 3987 Christus
1172 3946 1313 3987 vero
1355 3930 1682 3989 Dominus:
1716 3934 1811 3991 ille
1864 3953 1895 3994 θ
1926 3942 2054 3995 ceto

394 4034 673 4089 egressus
720 4024 825 4086 est,
863 4020 970 4075 iste
1024 4020 1100 4076 ab
1128 4019 1359 4076 inferno
1402 4020 1539 4087 ;ille
1577 4023 1791 4079 invitus
1844 4027 2055 4097 praadi-

394 4110 568 4179 cavit,
598 4110 706 4165 iste
728 4114 936 4181 sponte
971 4126 984 4175 ;
1011 4109 1107 4165 ille
1138 4111 1488 4182 peregrinus
1520 4120 1666 4180 erat,
1700 4114 1805 4170 iste
1836 4131 2053 4185 cogna-

396 4205 486 4254 tus
500 4198 832 4255 secundum
846 4214 1099 4265 carnem,
1116 4198 1209 4254 ille
1223 4200 1664 4255 subversionem
1684 4204 2050 4273 praedicavit,

392 4296 496 4360 iste
510 4304 759 4359 regnum
790 4288 1074 4343 caelorum
1104 4310 1114 4351 ;
1146 4288 1240 4344 ille
1257 4288 1911 4361 nullumfecitsignum,
1943 4296 2051 4351 iste

2194 414 2361 472 ζουσα
2424 421 2636 480 σημεῖον
2695 415 2856 474 ζητεῖ.
2910 419 2972 466 Τί
3030 411 3116 466 οὖν
3175 414 3417 472 ἐποίησεν
3474 419 3649 469 ἔκτοτε
3701 436 3795 474 ση-

2189 509 2367 572 μεῖον;
2411 502 2703 567 Ἐποίησεν,
2759 501 2866 554 ἀλλ’
2916 504 2973 553 ού
3030 500 3103 554 δι’
3156 503 3387 564 αύτούς·
3424 510 3791 579 πεπωρωμένοι

2188 592 2285 663 ’γὰρ
2333 586 2487 654 ἦσαν,
2552 589 2673 641 ἀλλὰ
2730 587 2823 642 διὰ
2874 594 2967 648 την
3013 600 3112 642 τῶν
3172 592 3334 644 ἄλλων
3374 592 3639 666 ὠφέλειαν.
3698 602 3792 649 Ση-

2187 685 2327 748 μεῖόν
2408 675 2467 730 δε
2539 680 2688 730 Ἰωνᾶ
2758 686 2848 731 τοῦ
2923 685 3190 751 προφήτου
3269 679 3423 752 λέγει,
3489 687 3583 739 τὴν
3666 688 3793 755 μετὰ

2189 774 2323 836 τρεῖς
2398 769 2590 840 ἡμέρας
2667 772 2755 819 καὶ
2845 776 2983 842 τρεῖς
3040 772 3230 830 νύκτας
3313 769 3366 821 ἐκ

2820 862 3185 931 Προαναφωνεῖ
3250 862 3347 931 γὰρ
3410 856 3517 916 ἤδη
3596 864 3792 916 ταύτην

3458 780 3550 822 τοὺ
3630 774 3792 843 τάφου

2189 874 2477 907 αναστασιν
2554 875 2729 911 αυτ-ου.

2188 951 2295 1003 τοῖς
2348 940 2648 1009 Ἰουδαίοις,
2715 945 2797 997 ἵνα
2872 944 3187 1006 ἀναστάντος
3244 951 3653 1019 μνημονεύωσιν,
3717 952 3792 1000 ὅτι

2185 1038 2395 1105 προεῖπε
2440 1036 2639 1093 τούτοις
2695 1038 2812 1105 περὶ
2871 1034 3053 1103 αὐτῆς,
3117 1034 3568 1109 ἐπισημηνάμενος
3616 1038 3793 1090 λεπτο-

2185 1130 2351 1193 μερῶς
2397 1127 2483 1174 καὶ
2540 1124 2630 1184 τὰς
2698 1124 2895 1195 ἡμέρας
2960 1128 3049 1175 καὶ
3104 1126 3192 1184 τὰς
3244 1128 3429 1185 νύκτας
3496 1135 3590 1188 τῆς
3652 1123 3789 1187 ἰδίας

2184 1218 2361 1281 ταφῆς.
2417 1214 2509 1262 Διά
2555 1218 2706 1263 τοῦτο
2760 1214 2863 1284 γὰρ
2917 1218 3005 1265 καὶ
3068 1213 3282 1287 ὕστερον
3332 1218 3577 1286 ταφέντος
3630 1217 3789 1268 αὐτοῦ

2187 1300 2529 1369 συνήχθησαν
2587 1301 2635 1351 οὶ
2708 1298 2974 1375 ἀρχιερεῖς
3034 1306 3123 1353 καὶ
3202 1304 3251 1354 οἱ
3309 1308 3586 1375 Φαρισαῖοι
3654 1309 3782 1378 πρὸς

2185 1386 2402 1439 Πιλάτον
2500 1388 2731 1459 λέγοντες
2785 1406 2797 1418 ⁸
2899 1392 3074 1464 Κύριε,
3160 1390 3484 1463 ἐμνήσθημεν

2180 1475 2367 1537 πλάνος
2448 1475 2636 1536 ἐκεῖνος
2700 1472 2834 1529 εἶπεν
2896 1480 2971 1530 ἔτι
3034 1482 3132 1541 ζῶν
3165 1496 3177 1508 ⁸
3239 1482 3382 1533 Μετὰ
3444 1488 3583 1555 τρεῖς
3664 1485 3784 1553 ἠμέ-

2179 1583 2274 1637 ρας
2337 1568 2617 1638 εγείρομαι.
2703 1573 2916 1637 Σημεῖον
2991 1564 3049 1619 δε
3126 1569 3271 1621 Ἰωνᾶ
3344 1577 3436 1621 τοῦ
3510 1576 3782 1645 προφήτου

2179 1654 2371 1709 ταύτην
2420 1653 2673 1725 ὠνόμασε,
2728 1650 2821 1706 διὰ
2871 1659 2965 1713 τὴν
3023 1658 3330 1728 ὁμοιότητα,
3381 1659 3440 1717 ὃν
3486 1663 3575 1711 καὶ
3632 1660 3781 1733 ἑρμη-

3594 1395 3680 1445 ὅτι
3760 1397 3782 1445 ὁ

2178 1743 2309 1792 νεύει
2341 1740 2520 1812 λέγων.

2248 1828 2446 1902 Ὠσπερ
2481 1862 2546 1871 -
2571 1833 2775 1891 νύκτας.
2806 1831 3002 1893 Ὀντως
3032 1840 3179 1885 τοῦτο
3214 1843 3427 1906 σημεῖον
3454 1834 3536 1899 ἦν,
3569 1844 3665 1889 καὶ
3694 1858 3779 1895 ση-

2178 1926 2319 1989 μεῖον
2362 1921 2563 1970 πάντων
2606 1916 3044 1995 παραδοξότερον.
3102 1918 3330 1985 Οὐδενὸς
3375 1927 3475 1997 γὰρ
3531 1922 3783 1979 οὐδέποτε

2179 2009 2392 2065 τοιαύτη
2424 2012 2627 2078 γέγονεν
2659 2008 2711 2059 ἐκ
2736 2017 2924 2082 νεκρῶν
2956 2009 3264 2073 ἀνάστασις.
3296 2008 3487 2071 Ἐδόθη
3515 2010 3573 2066 δε
3601 2018 3664 2067 τό
3694 2036 3784 2073 ση-

2179 2101 2319 2166 μεῖον
2350 2102 2499 2147 τούτο
2529 2103 2633 2156 τοῖς
2665 2095 2905 2158 ἀπίστοις
2937 2095 3238 2167 Ἰουδαίοις,
3270 2105 3559 2167 τουτέστιν,
3606 2103 3784 2177 ἑτερα-

2179 2186 2444 2259 τουργὴθη
2511 2186 2631 2259 παρ’
2699 2185 2896 2253 αὐτοῖς,
2964 2188 3045 2238 ἶνα
3123 2188 3618 2264 πληροφορηθῶσιν,
3705 2196 3782 2245 ὃτι

2181 2278 2307 2334 Θεός
2355 2272 2465 2325 ἔστι
2506 2270 2913 2345 παντοδύναμος.
2970 2279 3069 2328 Καὶ
3115 2276 3312 2343 λοιπὸν,
3366 2281 3434 2341 ὡς
3496 2281 3781 2353 θεομάχοι,

2178 2366 2236 2413 τὸ
2288 2358 2525 2422 συνειδὸς
2554 2362 2757 2424 ἕξουσιν
2790 2366 2980 2415 τύπτον
3028 2370 3117 2416 καί
3160 2374 3358 2441 πικρῶς
3387 2368 3578 2431 αύτούς
3611 2369 3784 2440 βασα-

2176 2451 2317 2511 νίζον
2390 2456 2478 2502 καὶ
2543 2460 2936 2522 προανατυποῡν
3008 2456 3074 2505 τὰ
3150 2454 3395 2526 μέλλοντα
3466 2459 3783 2512 καταλαϐεῖν

2177 2542 2391 2599 τούτους
2433 2541 2587 2590 κακά.
2647 2536 2881 2611 Καρδίαν
2936 2538 2995 2593 δε
3040 2550 3140 2612 γῆς
3191 2548 3311 2611 νόει,
3362 2549 3421 2596 τὸ
3474 2545 3648 2617 βάθος
3690 2550 3785 2601 αύ-

2174 2634 2287 2687 τῆς.
2380 2628 2459 2678 Ἐν
2524 2625 2676 2698 βάθει
2741 2631 2842 2701 γὰρ
2919 2630 2981 2686 ἦν
3054 2630 3461 2704 λελατομημένος
3515 2637 3540 2686 6
3595 2639 3783 2709 τάφος.

2174 2721 2305 2787 Τρία
2346 2712 2403 2767 δὲ
2444 2717 2791 2789 ἡμερονύκτια
2831 2714 3079 2790 διήγαγεν
3125 2722 3223 2772 ὑπὸ
3262 2731 3381 2792 γῆν,
3424 2725 3504 2775 ἴνα
3554 2745 3785 2779 πιστευο

2177 2804 2261 2873 θῇ,
2296 2804 2374 2854 ὅτι
2406 2801 2669 2859 ἀπέθανεν.

2243 2981 2284 3049 -ι-
2318 2976 2550 3053 Καρδίαν
2582 2982 2696 3052 (95)
2721 2990 2839 3054 γῆς,
2873 2987 2959 3036 τὸν
3003 2987 3157 3056 τάφον
3187 2986 3339 3058 λέγει.

2243 3065 2461 3140 Ἀνδρες
2515 3077 2781 3123 Νινευῖται
2834 3102 2902 3113 -
2950 3070 3071 3128 ὧδε.
3132 3082 3273 3148 Ἀμα
3322 3080 3431 3147 μὲν,
3490 3081 3563 3138 ὡς
3609 3084 3787 3134 πάντα

2173 3152 2343 3219 εἰδὼς,
2394 3158 2628 3229 προλέγει
2672 3164 2751 3224 τὸ,
2801 3166 2883 3212 καὶ
2937 3165 3061 3232 μετά
3092 3168 3185 3221 τὴν
3242 3168 3487 3223 τοιαύτην
3535 3165 3782 3222 ἀνάστα-

2175 3263 2275 3310 σιν,
2338 3243 2681 3317 ἀμετανόητον
2748 3248 2912 3301 αὐτῶν
2944 3268 2955 3279 ο
2988 3251 3099 3322 ἅμα
3155 3248 3214 3305 δε
3264 3258 3353 3305 καὶ
3400 3254 3614 3326 ἐκφοϐεῖ
3662 3262 3781 3310 τούς

2172 3351 2311 3393 τους.
2359 3334 2503 3387 Ἐπεὶ
2558 3330 2617 3386 δὶ
2668 3335 2913 3408 εἰώθαμεν
2965 3338 3147 3409 λέγειν,
3197 3342 3277 3392 ὅτι
3318 3340 3376 3393 Ὀ
3425 3338 3575 3396 δεῖνα
3621 3344 3674 3397 ἐν
3717 3355 3781 3409 τῇ

2170 3420 2423 3493 μελλούσῃ
2492 3428 2663 3495 κρίσει
2724 3434 3021 3498 κατακρινεῖ
3087 3429 3249 3499 ἡμᾶς,
3302 3430 3407 3500 οὐχ
3457 3434 3519 3491 ὡς
3577 3433 3783 3488 ἐκείνου

2169 3514 2463 3582 κρίνοντος’
2505 3510 2575 3572 εἷς
2630 3516 2730 3584 γὰρ
2789 3521 2971 3587 κριτῆς
3030 3518 3287 3568 πάντωνὸ
3338 3524 3613 3591 Χριστός⁰
3671 3522 3784 3574 ἀλλ’

2170 3600 2239 3659 ὡς
2284 3607 2379 3658 τῆς
2433 3598 2621 3651 ἐκείνου
2679 3602 2909 3674 πράξεως
2958 3602 3005 3653 ἐν
3036 3613 3107 3675 τῷ
3163 3607 3613 3677 παρεξετάζεσθαι
3656 3620 3780 3674 ταῖς

2168 3687 2442 3759 ἡμετέραις
2541 3694 3003 3761 καταισχυνούσης
3087 3695 3220 3765 ἡμᾶς
3262 3711 3274 3722 ⁸
3354 3703 3413 3766 τῇ
3520 3704 3787 3771 συνηθείᾳ

2167 3777 2328 3832 ταύτη
2389 3781 2476 3828 καὶ
2536 3778 2562 3828 ὁ
2628 3783 2853 3851 Χριστὸς
2915 3780 3259 3839 ἠκολούθησε.
3322 3783 3498 3837 Πλεῖον
3565 3784 3627 3839 δε
3690 3798 3787 3841 τοῦ

2171 3862 2315 3914 Ἰωνᾶ
2371 3860 2494 3929 ὦδε,
2564 3871 2712 3937 φησὶ,
2780 3867 2918 3919 dum
2966 3870 2991 3919 6
3048 3872 3136 3941 μὲν
3188 3872 3361 3934 Ἰωνᾶς
3427 3869 3487 3930 ἦν
3565 3872 3787 3948 δοῦλος,

2168 3952 2192 4000 6
2226 3948 2283 4002 δὲ
2325 3957 2552 4023 Χριστὸς
2606 3960 2863 4016 Δεσπότης
2897 3974 2908 3986 ·
2942 3962 3029 4009 καὶ
3069 3958 3215 4030 ὀμεν
3273 3959 3326 4011 ἐκ
3382 3966 3578 4024 κήτους
3630 3964 3790 4028 ἐξῆλ·

2168 4040 2270 4101 θεν,
2320 4040 2467 4101 οὗτος
2523 4040 2582 4094 6's
2630 4042 2685 4105 ἐξ
2721 4040 2853 4113 ᾅδου
2889 4062 2901 4075 '
2944 4049 3033 4097 καὶ
3087 4048 3110 4098 6
3161 4050 3250 4119 μεν
3304 4050 3440 4100 ἄκων
3498 4051 3787 4125 ἐκήρυξεν,

2166 4128 2309 4187 οὗτος
2358 4125 2415 4180 δε
2468 4130 2591 4181 ἑκών
2626 4149 2636 4159 ·
2668 4137 2757 4183 καὶ
2788 4134 2812 4183 6
2852 4137 2940 4203 μεν
2991 4134 3131 4196 ξένος
3180 4132 3263 4201 ἧν,
3313 4137 3462 4200 οὗτος
3513 4137 3574 4192 δὲ
3644 4162 3789 4215 συν-

2163 4220 2314 4284 γενὴς
2362 4222 2495 4268 κατὰ
2544 4222 2714 4293 σάρκα
2744 4241 2755 4253 ’
2800 4227 2887 4272 καὶ
2934 4223 2957 4272 6
3010 4226 3097 4293 μεν
3158 4231 3523 4298 καταστροφὴν
3576 4228 3790 4304 ἐκήρυ-

2167 4304 2263 4365 ξεν,
2320 4301 2465 4366 οὗτος
2521 4303 2579 4358 δὲ
2632 4307 2904 4379 βασιλείαν
2957 4311 3183 4382 οὐρανῶν
3219 4330 3229 4341 ·
3284 4316 3427 4365 κοιὶό
3464 4320 3555 4387 μὲν
3616 4301 3791 4373 οὐδε-ι

391 4378 710 4435 innumera
751 4376 871 4433 :de
921 4376 1019 4432 illo
1072 4376 1270 4431 nullus
1311 4378 1599 4447 praedixit,
1654 4380 1729 4435 de
1780 4382 1891 4438 isto
1922 4400 2019 4440 om

2182 4402 2378 4464 τημεῖον
2430 4393 2687 4456 ἐποίησεν,
2744 4398 2892 4459 οὗτος
2948 4396 3005 4451 δε
3044 4406 3235 4473 μυρία·
3271 4409 3513 4477 καὶπερὶ
3569 4404 3789 4461 ἐκείνου

391 4481 498 4521 nes
537 4466 866 4539 prophetae.
912 4464 1202 4519 Prieterea
1254 4466 1520 4521 Ninivitm
1574 4467 1815 4524 barbari
1860 4478 2048 4538 erant,

390 4554 582 4610 Judwi
606 4555 825 4610 divinis
856 4554 1083 4611 enutriti
1125 4553 1461 4625 Scripturis.
1498 4556 1563 4611 Et
1585 4556 1663 4611 illi
1694 4559 1940 4629 quidem
1970 4564 2054 4618 ni-

390 4641 471 4696 hil
504 4658 540 4696 a
566 4644 710 4698 Iona
740 4642 1053 4699 audierunt
1073 4648 1283 4714 praeter
1308 4643 1365 4698 id
1398 4647 1632 4699 tantum
1667 4663 1681 4713 ;
1713 4647 2052 4707 Adhuctres

392 4730 510 4785 dies
528 4735 580 4785 et
596 4730 1277 4799 Ninivesubvertetur”,
1293 4743 1346 4786 et
1360 4732 1555 4787 statim
1570 4732 1621 4789 ei
1635 4734 2049 4795 crediderunt:

390 4818 483 4875 isti
514 4833 652 4874 vero
682 4820 908 4875 variam
939 4835 975 4875 a
1014 4819 1240 4876 Christo
1279 4836 1347 4876 ac
1381 4820 1915 4891 profundissimam
1947 4844 2051 4884 au-

388 4908 617 4965 dierant
647 4907 1002 4974 doctrinam,
1039 4924 1146 4964 nec
1175 4909 1227 4965 ei
1257 4910 1656 4968 crediderunt.
1694 4913 1870 4971 Multa
1900 4931 2050 4987 quo-

462 5032 731 5102 "Matth,
752 5048 929 5104 xxvu,
966 5037 1051 5098 62,
1083 5034 1175 5091 63.
1261 5036 1307 5070 ιο
1346 5037 1479 5093 Jon.
1516 5037 1674 5109 “1,4.

2162 4484 2251 4551 μὲν
2292 4479 2459 4542 οὐδεὶς
2503 4492 2748 4556 προεῖπε·
2784 4494 2900 4560 περὶ
2930 4492 3114 4540 τούτου
3154 4486 3211 4542 δε
3255 4495 3435 4552 πάντες
3477 4495 3526 4544 οἱ
3564 4509 3793 4570 προαρξ-

2162 4588 2287 4620 ται·
2338 4576 2425 4623 καὶ
2477 4574 2523 4623 οἱ
2578 4576 2667 4644 μὲν
2716 4581 2979 4627 Νινιυῖται
3038 4576 3297 4652 βάρϐαροι
3348 4579 3670 4653 ἐτύγχανον,
3740 4592 3795 4639 οἱ

2164 4653 2221 4710 δι
2271 4656 2541 4726 Ἰουδαῖοι,
2602 4668 2711 4723 ταῖς
2770 4665 2931 4725 θείαις
2986 4662 3118 4723 ἦσαν
3182 4669 3572 4743 ἐντεθραμμένοι
3644 4680 3795 4749 Γρα-

2162 4752 2318 4816 φαῖςο
2375 4746 2601 4800 κάκεῖνοι
2660 4753 2750 4821 μεν
2808 4749 2957 4803 οὐδὲν
3034 4757 3177 4828 παρὰ
3245 4763 3336 4807 τοῦ
3406 4757 3552 4810 Ἰωνᾶ
3618 4746 3795 4815 πλέον

2162 4836 2412 4903 ἤκουσαν,
2490 4837 2533 4888 εί
2615 4842 2685 4910 μὴ
2758 4844 2948 4911 μόνον·
3006 4839 3124 4894 Ἔτι
3193 4852 3324 4917 τρεῖς
3568 4849 3775 4925 ἡμέρα

2161 4927 2249 4974 καὶ
2333 4926 2362 4981 ἡ
2450 4925 2560 4995 (97)

3752 4942 3767 4956 Ἰ

2642 4931 2820 4980 Νινευῖ
2894 4937 3234 5004 καταστραφή
3245 4951 3413 5002 σεται,
3494 4940 3581 4988 καὶ
3704 4942 3801 4993 εὖ-

1605 5192 1828 5261 Variae
1860 5193 2186 5267 lectiones
2226 5205 2293 5267 et
2330 5210 2533 5270 notae.

459 5358 577 5439 (95)_
604 5360 737 5415 Haec
767 5358 1035 5439 quinque
1068 5359 1362 5439 vocabula
1405 5362 1564 5420 solus
1614 5365 1937 5424 Hentenius
1978 5368 2037 5425 in

387 5430 659 5504 margine
691 5430 1033 5488 sui’codicis
1064 5430 1295 5503 repetit.

2222 5371 2337 5516 (96;
2367 5372 2449 5461 ita
2479 5371 2611 5431 LXX
2640 5391 2651 5431 :
2688 5375 2793 5433 sed
2816 5376 2878 5434 in
2901 5376 3189 5437 Hebraico
3216 5383 3306 5439 est
3340 5387 3794 5465 τεσσαράκοντα.

2226 5442 2314 5513 (97
2366 5463 2397 5503 η
2429 5444 2594 5503 abest
2621 5450 2691 5508 Α.

2226 5442 2337 5513 (97)
2366 5446 2397 5503 ἡ
2429 5444 2594 5503 abest
2621 5450 2691 5508 Α.
