3906 6202
141 185 218 248 389

143 317 204 376 ϐὺς
221 315 451 367 ἐπίστευσαν
469 314 624 384 αὐτῷ,
650 321 740 369 καὶ
762 322 1080 390 μετενόησαν
1100 338 1112 350 ⁸
1133 321 1275 375 οὗτοι
1293 319 1328 376 δ
1331 327 1352 376 'c
1377 331 1620 378 παντοίαν
1649 328 1695 382 Α

142 405 404 461 ξνωτίσθησαν
430 406 559 476 παρὰ
587 413 680 456 τοῦ
707 413 942 480 Χριστοῦ
964 408 1388 482 φιλοσοφωτάτην
1428 410 1463 466 δ
1469 411 1620 467 ιδασο

137 491 279 556 χιλίαν,
310 496 376 542 καὶ
417 491 500 543 οὐκ
542 491 858 546 ἐπίστευσαν
909 495 1073 567 αὐτῷ.
1127 504 1226 552 Καὶ
1276 500 1439 553 πολλὰ
1477 503 1623 576 ἔτερα

134 586 287 630 τοιαῦτα
309 579 501 650 εὕροιμεν
530 582 610 649 ἀν,
648 583 839 652 ἔχοντα
863 586 920 636 τὸ
958 584 1156 656 μεῖζον.

177 665 404 718 Basiliden:
437 697 493 707 --
550 665 674 724 ὧδε.
729 675 892 723 Νότον
941 671 1098 743 λέγει,
1152 677 1240 732 τὴν
1288 681 1490 750 χώραν.
1537 677 1619 750 ἀφ’

121 755 336 814 ξςὸνότος
381 759 520 823 πνέει,
572 755 706 826 λέγω
764 753 831 816 δὴ
881 763 974 816 τὴν
1003 760 1303 829 Αἰθιοπίαν,
1371 764 1431 822 ἣν
1485 765 1624 818 Σαϐὰ

120 841 354 898 κέκληκε·δή
401 848 538 914 τρίτη
599 843 783 916 βίϐλος
839 854 936 898 τῶν
998 848 1297 904 Βασιλειῶν.
1347 858 1524 904 Κεῖται
1564 850 1624 906 δὲ

121 931 140 985 ἡ
196 932 365 987 τοιαύτη
421 937 569 1004 χώρα
638 931 688 983 ἐν
751 942 823 1004 τῷ
889 940 1075 1010 πέρατι
1137 946 1230 1000 τῆς
1298 939 1616 1012 οἰκουμένης.

124 1015 250 1068 [litim
317 1015 367 1070 δὶ
428 1019 716 1091 Σολομῶνος
792 1019 914 1088 ὧδε,
991 1030 1170 1096 φησὶν,
1253 1028 1334 1078 ὅτι
1393 1028 1622 1102 Σολομὼν

113 1107 176 1174 μὲν
218 1103 425 1174 βασιλεὺς
468 1105 527 1166 ἦν
600 1106 866 1172 Ἰουδαίας
917 1115 1080 1184 μόνης
1128 1130 1141 1144 ⁸
1185 1115 1210 1166 6
1265 1112 1324 1167 δε
1369 1122 1619 1189 Χριστός,

114 1190 300 1261 βασιλεὺς
343 1195 544 1268 οὐρανοῦ
596 1201 685 1249 καὶ
721 1206 840 1269 γῆς.
893 1204 992 1253 Καὶ
1039 1201 1066 1252 6
1121 1204 1211 1274 μὲν
1253 1209 1372 1277 περὶ
1439 1211 1624 1278 σοφίας

110 1278 361 1351 inﬂantia;
407 1284 534 1358 αὐτῇ
589 1281 845 1358 διελέχθη
903 1310 915 1322 ·
967 1289 1116 1352 οὗτος
1159 1287 1216 1344 δε
1267 1297 1386 1366 περὶ
1439 1298 1625 1365 σοφίας

109 1369 210 1428 θείας
257 1369 446 1424 ἕποιεῖτο
483 1377 578 1434 τοίς
627 1374 856 1446 ὁμιλίας,
931 1375 1083 1430 Οὕτω
1129 1386 1474 1451 παραστήσας
1523 1381 1622 1434 ὄιπό

106 1462 358 1530 σνίκρίσεως
407 1465 494 1519 τὴν
556 1462 842 1537 ὑπερϐολην
869 1473 960 1526 τῆς
989 1470 1177 1530 κακίας
1225 1468 1415 1534 αὐτῶν,
1447 1469 1624 1523 λοιπὸν

103 1544 279 1617 προλέγει
298 1545 379 1600 διὰ
415 1547 719 1624 πὰραϐολῆς
746 1554 812 1604 τά
840 1553 1088 1626 μέλλοντα
1111 1556 1414 1610 καταλαϐεῖν
1435 1559 1626 1621 αὐτοὺς

102 1651 214 1687 κακα.

145 1721 272 1776 Ὀταν
294 1755 354 1765 -
383 1727 629 1799 εὑρίσκει.
670 1726 954 1804 Ἀνύδρους
980 1736 1170 1795 τόπους
1198 1733 1353 1806 λέγει,
1386 1738 1479 1790 τὰς
1500 1735 1624 1812 ἕρη-

98 1813 203 1878 μίας.
240 1812 376 1870 Δηλοῖ
403 1812 458 1868 δ⁴ε
502 1820 602 1879 τὰς
633 1825 732 1870 τῶν
761 1817 920 1890 ἁγίων
947 1819 1150 1892 ψυχὰς,
1177 1822 1291 1895 μηδ
1296 1829 1441 1896 εμίαν
1464 1827 1626 1896 ὑγρό-

95 1916 193 1952 τητα
211 1903 381 1963 πάθους
423 1902 678 1976 ἐχούσας,
730 1905 952 1979 έρήμους
983 1905 1044 1962 δε
1069 1914 1158 1962 καὶ
1196 1913 1414 1982 ἀγόνους
1440 1919 1622 1974 κακίας

97 1985 389 2058 ὑπαρχούσας,
420 1992 492 2055 εἷς
514 1991 582 2055 ἃς
606 1993 698 2046 οὐκ
733 1996 848 2067 ἔχει
883 1997 998 2068 (98)
1035 1995 1288 2071 πάροδον.

143 2163 239 2216 Τότε
264 2166 565 2229 -εξῆλθον.
606 2167 760 2222 Οἶκον
805 2170 964 2224 αὐτοῦ
1007 2192 1156 2245 φησι,
1211 2178 1298 2227 τόν
1337 2177 1624 2250 ἄνθρωπον,

92 2246 156 2318 ἀφ’
176 2251 225 2302 οὗ
243 2252 448 2322 ἐξῆλθεν,
482 2258 593 2328 οὐχ
634 2258 779 2327 ἑκὼν,
807 2258 992 2312 ἁλλὰκε
1011 2260 1182 2315 λεύσει
1222 2270 1376 2317 Θεοῦ.

141 2342 220 2390 Καὶ
249 2370 302 2381 -—
327 2351 734 2418 κεκοσμημένον.
767 2354 930 2402 Τοῦτο
956 2348 1091 2421 λέγει
1121 2357 1236 2425 περὶ
1263 2361 1361 2404 τῶν
1394 2351 1628 2405 ἀπαλλα-

88 2428 231 2490 γέντων
245 2433 327 2500 μὶν
365 2440 455 2484 τοῦ
479 2431 754 2507 δαίμονος,
789 2435 843 2499 ἐξ
870 2435 1185 2513 ἀπροσεξίας
1203 2435 1237 2492 δ
1241 2443 1262 2492 'c
1277 2446 1363 2492 καὶ
1393 2439 1629 2512 ἀμελείας

86 2513 427 2590 εᾶεπιχειρήτων
458 2522 623 2574 πάλιν
661 2528 752 2576 καὶ
777 2524 1042 2578 εὖαλώτων
1067 2535 1137 2598 τῷ
1177 2524 1211 2580 δ
1215 2532 1408 2600 αίμονι.
1442 2529 1630 2600 Εὑρίσ-

85 2619 139 2651 li!
166 2604 256 2675 (99)
271 2602 343 2673 δε,
375 2617 524 2680 φησὶ,
548 2615 638 2663 τὸν
665 2618 913 2687 πρότερον
939 2611 1079 2666 οἶκον
1111 2613 1270 2669 αὑτοῦ
1299 2617 1632 2688 σχολάζοντα

79 2694 144 2739 ui
169 2697 288 2744 κενόν
315 2696 466 2766 ἁγίου
499 2702 799 2772 Πνεύματος
824 2706 854 2760 ἣ
879 2701 1165 2777 ἀρετῆς,ἕτι
1192 2701 1226 2757 δ
1230 2709 1252 2757 ε
1271 2710 1629 2778 σεσαρωμένον

82 2781 146 2864 καὶ
169 2784 546 2859 κεκαθαρμένον,
590 2794 878 2856 τουτέστιν,
938 2791 1342 2864 ηὐτρεπισμένον
1388 2794 1460 2856 είς
1488 2797 1626 2848 ὑπο-

77 2859 212 2935 δοχήν
231 2871 400 2925 αὐτοῦ’
419 2880 501 2928 ναὶ
531 2881 661 2949 μὴν,
677 2882 766 2930 καὶ
786 2885 1192 2952 κεκοσμημένον,
1214 2884 1397 2954 ἤγουν,
1417 2887 1630 2957 τερπνὸν

78 2971 201 3005 τυτω.

125 3048 231 3098 Τότε
255 3078 315 3090 -
347 3048 468 3106 ἐκεῖ.
503 3059 858 3128 Πονηρότερα,
884 3054 997 3109 ἀντὶ
1015 3064 1126 3123 τοῦ,
1155 3057 1478 3135 ἰσχυρότερα
1501 3063 1634 3134 πρὸς

74 3130 131 3199 (l)
168 3137 216 3184 τὸ
244 3149 561 3195 κακοποιεῖν.
596 3139 807 3196 Δέδοικε
844 3147 942 3218 ’γὰρ
993 3146 1258 3213 εἰσελθεῖν,
1289 3130 1515 3221 μήποτε,
1539 3130 1633 3210 τὼς

69 3223 189 3287 μόνον
214 3229 294 3278 καὶ
323 3225 558 3295 ἀσθενὲς,
582 3233 740 3284 πάλιν
771 3231 1021 3307 ἁπελαθῇ.
1056 3236 1220 3288 Ἐπτὰ
1258 3233 1316 3290 δε
1338 3236 1531 3300 ἁπλῶς,
1567 3239 1634 3291 τὰ

71 3309 196 3361 πολλά
223 3334 369 3384 paen
398 3321 449 3370 οἱ
473 3318 738 3392 Ἑϐραῖοι.

125 3397 142 3467 [
166 3398 221 3452 Ἦ
365 3411 595 3481 πονηρόν
645 3416 867 3481 πνεῦμα,
921 3414 1317 3485 παραληπτικόν
1357 3421 1456 3466 τῶν
1505 3413 1633 3468 έπτὰ

68 3496 371 3563 πονηροτέρων
415 3496 586 3548 αὐτοῦ
616 3501 940 3569 πνευμάτων.
992 3503 1082 3552 εστ
1089 3521 1132 3552 ιν
1181 3503 1206 3553 ὁ
1247 3501 1500 3574 λογισμὸς
1537 3512 1631 3566 τῆς

67 3588 469 3654 γαστριμαργίας,
595 3586 774 3638 ἕπεται
831 3589 856 3640 6
909 3597 998 3648 τῆς
1027 3594 1282 3663 πορνείας,
1333 3596 1423 3642 καὶ
1475 3593 1500 3643 6
1541 3601 1632 3653 τῆς

65 3662 385 3739 φιλαργυρίας,
413 3678 508 3726 καὶ
537 3675 565 3725 6
618 3682 711 3735 τῆς
755 3674 932 3750 ὀργῆς,
967 3682 1056 3730 καὶ
1099 3662 1125 3729 6
1152 3686 1242 3739 τῆς
1266 3678 1452 3742 λύπης,
1488 3685 1574 3732 καὶ
1606 3681 1632 3732 6

65 3756 136 3809 τῆς
161 3752 390 3825 ἀηδίας,
424 3767 518 3815 καὶ
552 3764 580 3815 ό
611 3771 705 3825 τῆς
734 3761 1051 3832 κενοδοξίας,
1074 3772 1163 3820 καὶ
1197 3769 1221 3819 6
1251 3776 1347 3829 τῆς
1371 3770 1634 3841 ὑπερηφα-

58 3845 159 3900 νίας.
190 3843 207 3913 ]

123 3934 207 3982 Καὶ
232 3963 292 3974 -
319 3944 568 4011 πρώτων.
608 3943 864 4013 Πρότερον
889 3945 978 4014 μὲν
1006 3946 1109 4019 γὰρ
1139 3944 1226 4017 ὑφ’
1250 3943 1356 4008 ἕνος
1386 3941 1634 4018 δαίμονος

63 4012 375 4083 ἐϐασανιζετοσ
410 4027 643 4100 ὕστερον
668 4024 704 4080 δ
706 4033 744 4098 ε,
767 4030 866 4082 ὑπὸ
888 4030 1108 4088 πολλῶν.

121 4108 278 4171 υῦτως
333 4145 398 4154 -
458 4123 694 4190 πονηρᾷ.
765 4116 963 4191 Ὠσπερ
1017 4122 1067 4172 οἱ
1116 4117 1482 4192 δαιμονῶντες,
1543 4143 1637 4195 φη-

64 4196 146 4262 σὶν,
172 4195 279 4250 όταν
324 4199 688 4275 ἁπαλλαγῶσι
730 4213 822 4257 τοῦ
863 4203 1129 4279 δαίμονος,
1178 4208 1260 4262 ἐὰν
1309 4208 1634 4282 ἀμελήσωσι,

974 191 1344 256 COMMENT.
1383 188 1455 254 IN
1496 188 1929 258 MATTHIEUM.
1963 233 2030 241 —
2060 191 2221 258 CAP.
2261 187 2468 257 XXIII.

1665 1623 1705 1676 Β

3259 197 3368 255 390

1728 343 1846 400 que
1884 331 1939 382 et
1976 326 2091 384 alia
2129 326 2392 383 invenire
2423 325 2771 398 poterimus,
2801 339 2937 397 qua
2969 324 3225 381 Christus
3257 341 3378 381 ma-

1731 418 1860 488 iora
1897 416 2122 474 habuit.

1800 666 1959 720 Vers.
1978 667 2066 720 42.
2093 664 2323 734 Regina
2344 694 2409 704 ——
2433 663 2540 719 hoc
2573 665 2714 719 loco.
2737 663 3012 718 Austrum
3039 661 3178 718 dicit
3198 662 3379 732 regio-

1729 768 1866 809 nem
1893 770 1928 809 a
1957 769 2078 826 qua
2103 752 2205 807 ﬂat
2227 759 2444 815 auster,
2473 751 2603 808 dico
2624 767 2763 806 sane
2791 749 3172 820 Ethiopiam,
3198 766 3380 823 quam

1732 841 1889 898 Saba
1918 840 2148 896 vocavit
2171 841 2369 895 tertius
2396 843 2616 909 Regum
2641 839 2808 896 liber.
2839 841 2907 893 9°.
2938 840 3056 894 Sita
3075 843 3163 895 est
3183 847 3381 894 autem

1728 929 1858 987 hac
1887 931 2049 1000 regio
2081 929 2156 985 ad
2189 929 2368 984 ﬁnem
2399 929 2560 984 orbis
2592 928 2950 984 habitabilis.
2980 929 3140 993 Plus,
3172 928 3382 999 inquit,

1730 1019 1936 1075 esthoc
1957 1019 2080 1074 loco
2101 1033 2273 1090 quam
2296 1017 2592 1073 Solomon.
2610 1019 2756 1071 Nam
2779 1017 3061 1071 Solomon
3080 1015 3263 1071 solius
3288 1016 3384 1068 Ju-'

1729 1106 1876 1164 daa
1903 1123 2005 1162 rex
2031 1111 2174 1172 erat,
2209 1105 2472 1161 Christus
2505 1120 2646 1160 vero
2670 1120 2773 1159 rex
2802 1103 2934 1160 cali
2967 1108 3020 1160 et
3050 1111 3244 1162 terra.
3287 1103 3385 1159 llle

1729 1195 1805 1252 de
1837 1194 2132 1268 sapientia
2155 1195 2426 1251 humana
2454 1193 2571 1266 ipsi
2597 1193 2892 1263 disseruit;
2920 1191 3016 1248 hic
3041 1193 3115 1248 de
3143 1193 3387 1264 sapien-

1730 1284 1811 1340 tia
1848 1284 2054 1340 divina
2094 1299 2402 1339 sermones
2432 1281 2662 1338 habuit.
2705 1282 3025 1353 Postquam
3068 1280 3152 1337 ita
3189 1280 3384 1352 parvi-

1733 1372 1865 1428 tatis
1904 1372 2141 1428 illorum
2182 1387 2494 1426 excessum
2534 1386 2569 1426 a
2608 1370 3060 1441 comparatione
3099 1368 3385 1424 demons-

1734 1461 1929 1528 travit,
1963 1461 2226 1533 pradicit
2257 1459 2537 1530 deinceps
2578 1472 2684 1529 per
2708 1457 3063 1530 parabolam
3108 1472 3243 1529 qua
3287 1471 3388 1514 eos

1735 1549 2245 1622 comprehensura
2267 1551 2465 1604 essent
2493 1547 2677 1604 mala.

1808 1729 1948 1782 Vers
2003 1729 2090 1782 43.
2143 1725 2281 1782 Cum
2326 1755 2393 1765 —
2419 1724 2661 1781 invenit.
2693 1723 2931 1780 Arentia
2961 1723 3094 1781 loca
3124 1723 3261 1780 dicit
3291 1723 3388 1780 de.

1737 1819 1913 1873 serta.
1952 1814 2257 1884 Signiﬁcat
2287 1817 2488 1870 autem
2514 1817 2862 1868 sanctorum
2881 1811 3136 1877 animas,
3155 1811 3387 1868 nullum

1737 1903 2070 1961 affectionis
2103 1903 2415 1958 humorem
2449 1900 2752 1966 habentes,
2777 1915 2912 1971 qua
2938 1901 3117 1956 etiam
3147 1900 3389 1957 deserta

1738 1997 1890 2057 sunt,
1924 2006 2034 2047 nec
2066 1989 2240 2046 ullius
2287 1989 2410 2045 vitii
2458 1989 2748 2053 fecunda,
2799 1987 2862 2058 (1-
2890 1989 2932 2058 -ἰ-
2964 1988 3042 2044 ad
3081 2004 3234 2060 quas
3265 2003 3389 2044 non

1739 2078 1924 2138 habet
1952 2079 2224 2150 aditum.)

1807 2171 1966 2225 Vers.
1981 2169 2047 2224 44
2061 2212 2074 2225 .
2101 2167 2259 2223 Tunc
2275 2197 2344 2207 -—
2365 2167 2536 2223 exivi.
2557 2164 2810 2222 Domum
2825 2181 2997 2221 suam
3013 2171 3184 2222 vocat
3203 2167 3393 2224 homi-

1736 2273 1875 2314 nem
1892 2274 1925 2312 ο.
1938 2273 2062 2330 quo
2077 2271 2352 2328 egressus
2371 2261 2457 2311 est
2475 2271 2592 2311 non
2609 2257 2840 2318 volens,
2857 2257 2962 2313 sed
2979 2257 3151 2328 jussu
3162 2255 3389 2314 divino.

1809 2348 1972 2402 Vers.
2011 2349 2104 2401 44.
2147 2347 2283 2400 Et—
2313 2349 2604 2401 ornatam.
2640 2344 2718 2402 De
2761 2347 3027 2404 liberatis
3056 2362 3092 2402 a
3121 2347 3394 2402 damone

1735 2433 1852 2491 hoc
1879 2433 2045 2500 dixit,
2077 2435 2179 2505 qui
2211 2433 2282 2488 ob
2322 2433 2634 2502 segnitiem
2665 2451 2735 2491 ac
2772 2436 3196 2507 negligentiam
3227 2434 3394 2492 facile

1737 2537 1944 2578 rursus
1971 2538 2008 2579 a
2037 2523 2312 2578 damone
2337 2520 2696 2578 invaduntur
2712 2529 2767 2580 et
2786 2526 3120 2597 capiuntur.
3145 2524 3392 2588 Invenit,

1737 2611 1952 2683 inquit,
1975 2610 2226 2681 priorem
2246 2609 2498 2665 domum
2525 2626 2698 2668 suam
2722 2619 3036 2670 vacantem
3058 2629 3124 2668 ac
3137 2628 3394 2668 vacuam

1741 2700 1960 2772 Spiritu
1992 2703 2200 2756 sancto
2231 2714 2336 2754 seu
2365 2699 2609 2770 virtute;
2639 2707 2927 2770 praterea
2958 2702 3155 2772 scopis
3188 2715 3398 2772 purga-

1739 2794 1861 2845 tam
1899 2793 1956 2844 et
1994 2788 2366 2852 mundatam,
2399 2787 2514 2842 hoc
2545 2791 2633 2843 est.
2687 2788 3042 2845 instructam
3081 2790 3160 2845 ad
3213 2787 3399 2859 ipsius

1741 2878 2179 2950 susceptionem
2199 2893 2213 2932 :
2232 2877 2476 2950 insuper
2491 2881 2831 2936 etornatam
2847 2879 2968 2934 sive
2985 2876 3395 2935 delectabilem

1742 2966 1877 3022 sibi.

1811 3053 1978 3110 Vers.
2001 3053 2091 3109 45.
2122 3053 2459 3110 Tunc-ibi.
2487 3053 2922 3124 Sceleratiores,
2941 3056 3056 3113 hoc
3072 3060 3180 3122 est,
3213 3053 3400 3112 fortio-

1741 3155 1834 3197 res
1852 3140 1926 3198 ad
1948 3140 2476 3198 malefaciendum.
2494 3142 2881 3199 Timuitenim
2899 3145 3146 3216 ingredi,
3168 3159 3240 3200 ne
3253 3143 3398 3199 forte

1740 3235 2024 3300 tanquam
2052 3227 2218 3283 solus
2244 3243 2314 3282 ac
2336 3227 2647 3284 imbecillis
2671 3245 2880 3285 rursus
2904 3231 3232 3300 ejiceretur.
3257 3230 3400 3300 Sep-

1741 3323 1882 3385 tem,
1912 3331 2052 3373 vero
2084 3316 2311 3372 Hebrai
2338 3315 2678 3387 simpliciter
2707 3333 2811 3389 pro
2842 3318 3044 3373 multis
3076 3317 3395 3388 accipiunt.

1812 3408 1855 3476 σι’
1887 3405 2136 3478 Spiritus
2168 3405 2362 3461 malus
2390 3405 2492 3476 qui
2524 3406 2776 3462 assumit
2813 3411 3040 3478 septem
3071 3407 3306 3477 spiritus
3337 3422 3400 3462 se

1743 3493 2174 3558 sceleratiores,
2207 3498 2298 3549 est
2317 3493 2597 3564 cogitatio
2622 3493 3052 3565 gastrimargia
3071 3495 3194 3550 sive
3222 3493 3398 3564 gula,

1743 3599 1929 3656 quam
1961 3588 2290 3654 sequuntur
2329 3582 2607 3652 cogitatio
2649 3582 3078 3650 fornicationis,
3115 3583 3398 3649 avaritia,

1742 3672 2000 3738 invidia,
2027 3672 2148 3738 ira,
2182 3671 2427 3727 tristitia
2456 3671 2578 3727 sive
2608 3671 2877 3744 pigritia,
2920 3687 3088 3729 vana
3118 3672 3321 3744 gloria
3349 3677 3404 3728 et

1743 3761 2062 3834 superbia.

1818 3941 1976 3996 Vers.
1993 3939 2080 3993 45.
2101 3939 2483 4008 Et—pm‘mis.
2507 3940 2672 3996 Prius
2695 3939 2854 3996 enim
2877 3941 2955 3997 ab
2983 3956 3102 3998 uno
3128 3941 3404 3998 damone

1745 4027 2199 4100 torquebantur,
2230 4029 2620 4099 postmodum
2649 4044 2788 4084 vero
2814 4044 2850 4085 a
2878 4029 3100 4086 multis.

1817 4116 1978 4171 Vers.
2016 4117 2104 4173 45.
2146 4116 2246 4172 Sic
2274 4148 2344 4157 —
2374 4132 2681 4186 perversa.
2726 4118 2888 4174 Sicut
2928 4118 3030 4185 qui
3062 4134 3098 4174 a
3126 4119 3405 4176 damone

1746 4203 1959 4276 inquit,
1988 4203 2388 4274 agitabantur,
2413 4205 2459 4260 si
2486 4211 2808 4277 postquam
2829 4205 2904 4260 ab
2931 4221 3001 4261 eo
3023 4205 3255 4261 liberati
3277 4205 3406 4261 fue-

60 4291 389 4361 χαλιπωτέραν
458 4294 789 4364 ὑφίστανται
845 4299 938 4354 τὴν
998 4294 1260 4369 ἐπήρειανο
1328 4299 1492 4359 οὕτως
1552 4301 1639 4351 ἔσ-

1810 4299 1884 4358 nt,
1937 4292 2304 4363 negligentes
2363 4291 2498 4359 sint,
2551 4293 2724 4348 facile
2778 4309 2979 4348 rursus
3028 4293 3404 4349 vexationem

61 4382 133 4418 ται
165 4379 239 4425 καί
271 4385 327 4450 τῇ
379 4387 538 4452 γενεᾲ
569 4383 736 4439 ταύτῃ
771 4391 832 4455 τῇ
868 4381 1074 4455 ἀπίστῳ
1103 4389 1192 4437 καὶ
1241 4384 1440 4438 ἀπειθεῖ
1488 4403 1500 4416 ο
1552 4390 1642 4440 καὶ

62 4457 192 4554 εἶπωέ
240 4464 396 4528 οὕτως
466 4468 612 4541 αὐτῇ
677 4469 884 4528 συνέϐη.
955 4476 1206 4546 Πρότερον
1277 4476 1367 4546 μὶν
1427 4477 1527 4550 γὰρ
1595 4475 1644 4527 οἱ

81 4542 277 4603 leuauit):
303 4561 631 4628 κατείχοντο
687 4553 958 4629 δαίμοσιν,
999 4542 1508 4634 ἐἰδωλολατροῦντες
1556 4557 1645 4615 καὶ

66 4633 228 4725 δαῖτες
270 4643 347 4712 (3)
401 4650 532 4707 τοὺς
611 4647 757 4708 υἱοὺς
805 4647 973 4699 αὐτῶν
1039 4653 1129 4700 καὶ
1181 4633 1303 4712 τὰς
1335 4652 1642 4725 θυγατέρας.

65 4719 431 4813 ’βπελλςὲ-ιησαν
496 4731 563 4787 δὲ
615 4737 832 4804 τούτων,
881 4732 976 4788 διὰ
1017 4745 1118 4788 τῶν
1170 4747 1468 4813 προφητῶν.
1507 4739 1646 4793 Ἐπεὶ

65 4804 111 4860 δι
139 4814 378 4884 igitur!»
409 4831 516 4884 τῆς
572 4822 770 4886 οἰκείας
820 4830 1100 4901 σωτηρίας,
1157 4804 1246 4880 καὶ
1293 4831 1379 4880 τὸν
1433 4835 1648 4902 Σωτῆρα

128 4937 255 4999 "Ill
288 4945 439 5020 Reg.
474 4963 542 5015 x,
596 4949 644 5003 t.

1752 4381 2081 4439 sustinent:
2125 4381 2207 4437 ita
2256 4382 2362 4438 erit
2397 4387 2452 4437 et
2488 4382 2852 4453 generationi
2915 4382 3057 4437 huic
3088 4380 3407 4438 incredula

1753 4477 1810 4528 et
1846 4469 2336 4542 impersuadibili.
2385 4473 2451 4526 Et
2496 4485 2634 4526 vere
2678 4470 2755 4525 ita
2793 4469 2876 4526 illi
2915 4469 3181 4540 contigit.
3236 4469 3406 4526 Prius

1755 4559 2054 4633 siquidem
2085 4557 2267 4615 Judai
2300 4557 2682 4615 damonibus
2713 4558 3118 4628 agitabantur,
3153 4559 3409 4616 colentes

1756 4647 1938 4714 idola,
1953 4648 2150 4720 eisque
2173 4646 2328 4702 ﬁlios
2351 4663 2494 4702 suos
2515 4661 2585 4703 ac
2605 4645 2757 4703 ﬁlias
2779 4647 3190 4704 immolantes:
3215 4647 3291 4704 ab
3316 4647 3410 4703 his

1757 4742 1958 4794 autem
1980 4751 2082 4808 per
2113 4734 2438 4807 prophetas
2465 4733 2698 4792 liberati
2712 4739 2869 4792 sunt.
2901 4735 3013 4792 Sed
3035 4735 3180 4807 quia
3201 4735 3411 4792 salutis

1755 4826 2006 4883 domum
2069 4825 2140 4896 (j)
2200 4823 2608 4894 neglexerunt,
2678 4839 2977 4898 suumque
3043 4825 3410 4885 Salvatorem

1257 5050 1484 5122 Varia
1524 5049 1848 5120 lectiones
1882 5057 1949 5117 et
1994 5056 2195 5119 nota.

119 5177 216 5267 (θβ)
253 5183 483 5266 πρόοδον
539 5192 618 5247 Α.
677 5189 764 5247 Ab
834 5187 905 5253 εἰς
954 5191 1032 5249 ad
1081 5190 1312 5267 πάροδον
1369 5193 1650 5252 omiserat

59 5248 372 5313 Bentenius.

118 5325 220 5398 [99)
252 5322 310 5381 δέ
334 5330 568 5388 omittit
602 5331 662 5388 Β.

1948 5191 2020 5253 εἰς
2049 5206 2157 5263 pro
2184 5193 2308 5263 πρός
2338 5191 2412 5246 Α.

1948 5259 2180 5318 Inclusa
2206 5259 2269 5316 in
2298 5275 2491 5332 marg.
2524 5259 2707 5318 habet
2736 5263 2803 5320 A.

1857 5193 1877 5245 1

1827 5192 1907 5405 Et;
1948 5192 2020 5253 εἰς
2047 5206 2157 5317 ρτο
2184 5193 2308 5272 πρὸς
2338 5192 2404 5246 Α.

1851 5265 1885 5316 2
1948 5265 2044 5318 lnc
2071 5278 2180 5318 usa
2206 5277 2269 5316 in
2298 5276 2404 5318 ma

1850 5338 1904 5402 3)
1937 5333 2113 5396 αὐτοῖς
2143 5332 2310 5390 addit
2337 5334 2404 5390 Α.

121 5447 190 5520 (1')
214 5452 679 5513 Salutisdomum
711 5457 1174 5521 Salutemsuam.
1205 5461 1340 5522 Sine
1366 5463 1596 5522 videtur
1617 5462 1651 5521 lt

1810 5476 1829 5518 Ξ
1860 5459 2048 5522 οἰκίας.
