3906 6202
470 160 565 227 391

1778 156 2126 231 EUTHYMII
2167 160 2499 236 ZIGABENI
3684 173 3773 239 392

466 300 829 365 occiderunt,
853 300 1017 356 facile
1058 317 1260 356 rursus
1286 318 1321 357 a
1343 302 1721 358 daemonibus
1744 300 1899 372 capti
1933 303 2067 353 sunt
2094 314 2106 351 :

2228 298 2411 351 ἑαυτῶν
2468 302 2680 367 ἀνεῖλον,
2737 305 3122 377 εύεπιχείρητοι
3196 312 3443 378 γεγόνασι
3522 316 3615 368 τοῖς
3673 304 3775 359 δαί-

467 388 722 460 ideoque
744 389 1127 456 insanientes,
1143 396 1457 447 moverunt
1474 392 1757 447 adversus
1780 405 1843 445 se
1861 388 2110 444 invicem

464 477 803 542 seditiones,
873 478 1259 551 caedibusque
1338 496 1460 535 sua:
1529 480 1722 551 gentis
1797 477 2109 533 hominum

464 564 867 637 Hierosolyma
890 567 1305 639 impleverunt,
1339 573 1516 639 prout
1542 567 1771 639 scripsit
1793 565 2109 637 Josephus.

462 654 525 707 Et
575 654 700 724 jam
740 654 904 711 factae
948 663 1083 712 sunt
1122 656 1463 712 novissima:
1499 670 1707 712 eorum
1747 654 2112 710 calamitates

462 743 765 812 graviores
804 744 1123 815 prioribus.
1156 748 1301 801 Nam
1335 759 1470 816 quae
1511 745 1625 800 sub
1655 743 2019 816 Vespasiano
2058 745 2115 795 et

460 830 583 886 Tito
622 834 784 903 passi
834 837 992 897 sunt,
1044 833 1221 902 longe
1259 832 1692 889 miserabiliora
1722 831 1958 888 fuerunt
1997 828 2113 905 his,

460 935 597 989 qua:
626 919 705 976 ab
736 922 1030 993 Egyptiis
1060 926 1117 977 et
1143 921 1477 993 Babyloniis
1517 936 1586 977 ac
1616 920 1902 976 Antiocho
1946 918 2115 974 susti-

459 1014 734 1063 nuerant.

534 1096 671 1152 Ideo
692 1098 871 1153 etiam
907 1097 1169 1153 Christus
1199 1098 1462 1154 dicebat:
1487 1098 1622 1153 Erit
1643 1097 1881 1167 afflictio
1914 1109 2116 1166 magna

460 1186 645 1254 qualis
670 1202 973 1257 nunquam
998 1188 1107 1258 fuit
1132 1202 1296 1259 neque
1319 1189 1431 1243 erit
1462 1188 1531 1243 9‘.
1550 1186 1715 1242 Dicta
1739 1186 1915 1257 igitur
1944 1197 2116 1255 para-

457 1273 600 1329 bola
629 1289 739 1329 nos
767 1290 1009 1347 quoque
1042 1276 1346 1342 docemur,
1397 1275 1561 1347 quod
1592 1277 1849 1347 quisque
1892 1289 1925 1328 a
1955 1272 2114 1328 malo

460 1361 744 1417 liberatus
766 1368 873 1429 est,
900 1378 1009 1419 nec
1041 1364 1249 1419 melior
1273 1363 1544 1429 efficitur,
1567 1362 1781 1419 duram
1804 1360 2117 1417 sustinebit

459 1449 743 1505 ultionem
784 1468 797 1504 :
832 1458 887 1505 et
915 1452 965 1506 ei
991 1452 1093 1523 qui
1124 1458 1448 1524 postquam
1475 1467 1510 1507 a
1538 1458 1778 1524 peccato
1809 1450 2116 1522 tyrannice

459 1539 720 1611 primum
751 1541 1091 1610 imperante
1112 1540 1393 1597 liberatus
1421 1546 1512 1596 est
1540 1556 1747 1596 rursus
1770 1539 1851 1595 illi
1878 1554 2004 1594 sese
2026 1553 2120 1595 ac.

459 1645 629 1684 cessu
661 1629 893 1684 facilem
942 1629 1178 1701 praebet,
1212 1630 1486 1687 miserior
1515 1631 1621 1685 erit
1659 1629 1949 1701 posterior
1984 1641 2118 1682 con-

459 1718 762 1773 demnatio
789 1719 1004 1789 priore.
1033 1719 1152 1773 Hac
1180 1720 1338 1774 enim
1358 1734 1542 1774 causa
1563 1718 1714 1773 dixit
1734 1717 1995 1773 Christus
2015 1730 2120 1787 pa-

458 1807 709 1878 ralytico
736 1824 748 1860 :
773 1806 913 1862 Ecce
937 1822 1114 1862 sanus
1148 1808 1348 1875 factus
1380 1823 1434 1863 es
1462 1822 1581 1863 non
1609 1821 1801 1878 pecces
1829 1805 2116 1873 deinceps,

457 1910 526 1950 ne
550 1895 695 1965 quid
719 1895 978 1951 deterius
1012 1894 1119 1951 tibi
1149 1896 1448 1966 contingat
1477 1897 1544 1949 ⁹².

531 2074 691 2127 Vers.
743 2072 827 2136 46,
884 2074 970 2126 47.
1028 2070 1236 2128 Adhuc
1290 2102 1354 2111 —
1410 2072 1587 2143 loqui.
1653 2071 1835 2137 Foris,
1892 2072 1954 2126 id
2004 2075 2110 2135 est,

457 2165 620 2216 extra
667 2160 916 2215 domum
945 2160 1002 2215 in
1035 2176 1158 2232 qua
1187 2158 1459 2230 docebat,
1527 2159 1802 2216 stabant:
1839 2175 1909 2215 eo
1953 2160 2112 2232 quod

459 2254 698 2321 propter
736 2248 974 2305 turbam
1020 2248 1097 2305 ad
1145 2265 1283 2303 eum
1333 2248 1607 2305 accedere
1650 2263 1767 2304 non
1816 2253 2108 2319 poterant,

461 2338 610 2392 sicut
638 2336 787 2392 dixit
816 2337 1002 2392 Lucas
1037 2336 1102 2389 9³.
1137 2336 1418 2391 Miserunt
1453 2341 1654 2392 autem
1687 2336 1757 2394 ad
1786 2336 1975 2400 illum,
2009 2338 2113 2408 qui

457 2430 769 2482 evocarent
800 2424 987 2495 illum,
1020 2430 1085 2480 ut
1123 2424 1203 2480 ait
1232 2426 1461 2480 Marcus
1498 2427 1564 2495 9‘,
1600 2426 1719 2480 sive
1750 2429 1918 2481 extra
1947 2440 2115 2480 voca-

456 2520 605 2571 rent.
630 2515 857 2569 Fratres
879 2518 1077 2569 autem
1106 2514 1235 2585 ejus
1255 2514 1396 2569 dicit
1412 2513 1566 2570 ﬁlios
1587 2513 1826 2585 Ioseph,
1856 2529 1926 2569 eo
1948 2513 2113 2584 quod

457 2604 672 2660 horum
705 2608 872 2676 pater
900 2608 1071 2668 esset,
1100 2608 1156 2659 et
1184 2610 1436 2659 matrem
1466 2602 1619 2658 illius
1646 2602 1762 2658 sibi
1791 2602 2115 2674 desponsa‘

456 2697 639 2748 verat.

530 2784 688 2836 Vers.
731 2781 819 2836 48.
869 2781 949 2836 At
980 2781 1087 2837 ille
1115 2812 1182 2820 —
1235 2780 1353 2837 mei
1388 2780 1416 2833 ?
1446 2780 1567 2837 Hoc
1598 2780 1743 2836 dixit
1771 2794 1892 2835 non
1923 2780 2111 2836 abne-

459 2885 610 2940 gans
651 2871 887 2926 Matrem
931 2885 1123 2925 suam.
1176 2870 1287 2934 Qui
1331 2868 1491 2925 enim
1535 2869 1649 2924 hoc
1679 2868 1867 2926 facere
1898 2870 2105 2940 potuit,

459 2958 560 3029 qui
574 2957 749 3014 morti
770 2973 891 3012 suae
913 2957 1148 3013 vicinus
1167 2971 1449 3027 magnam
1468 2956 1621 3012 illius
1635 2972 1841 3013 curam
1860 2957 2101 3012 habuit:
2142 2945 2179 2997 Ο

458 3061 652 3118 neque
673 3045 1027 3118 dedignatus
1058 3048 1148 3101 est
1176 3046 1371 3118 ipsam
1394 3045 1609 3101 habere
1640 3048 1880 3102 Matrem
1902 3047 1929 3102 ?
1961 3048 2107 3111 Quo-

457 3135 659 3205 modo,
674 3135 913 3207 inquam
926 3176 937 3200 ,
959 3135 1067 3190 hoc
1080 3133 1329 3202 fecisset,
1343 3135 1444 3207 qui
1458 3138 1697 3207 propter
1711 3135 2105 3191 reverentiam

456 3240 642 3297 quam
669 3238 812 3294 erga
830 3223 992 3280 illam
1014 3223 1276 3293 gerebat,
1305 3238 1525 3295 aquam
1552 3224 1612 3278 in
1635 3225 1797 3280 Cana
1822 3222 2106 3280 convertit

457 3314 517 3369 in
556 3314 780 3379 vinum,
814 3317 870 3368 et
900 3311 1173 3369 subditus
1202 3318 1327 3369 erat
1357 3327 1475 3368 non
1504 3312 1615 3384 ipsi
1646 3312 1857 3375 solum,
1896 3327 2103 3368 verum

455 3402 630 3458 etiam
664 3404 715 3457 ei
756 3402 859 3473 qui
889 3407 1057 3472 pater
1087 3418 1227 3456 suus
1252 3400 1599 3457 dicebatur:
1631 3402 1707 3456 Et
1738 3407 1885 3467 erat,
1913 3399 2106 3473 inquit

452 3491 721 3546 subditus
743 3490 859 3545 illis
880 3490 947 3542 σε.
974 3489 1030 3543 Si
1054 3490 1213 3543 enim
1230 3494 1550 3560 negaturus
1572 3488 1735 3545 illam
1757 3489 1980 3557 fuisset,
2003 3493 2105 3545 aut

453 3578 532 3632 ob
549 3594 681 3633 eam
705 3577 935 3650 pudore
952 3576 1324 3646 afﬁciendus,
1343 3593 1728 3649 nequaquam
1745 3579 1823 3634 ab
1840 3595 1911 3635 ea
1928 3583 2103 3635 natus

450 3662 683 3720 fuisset.
728 3665 841 3722 Sed
871 3666 1014 3737 quia
1044 3670 1183 3719 tunc
1219 3665 1657 3721 multitudinem
1686 3666 1959 3736 docebat,
1993 3681 2103 3721 nec

449 3771 692 3827 aequum
724 3759 864 3818 erat,
908 3759 966 3809 ut
1002 3754 1112 3809 hos
1144 3753 1520 3825 relinqueret,
1552 3759 1608 3809 et
1637 3755 1717 3811 ad
1750 3762 2001 3813 matrem
2033 3774 2103 3813 ac

449 3843 654 3899 fratres
701 3848 1092 3915 procurreret,
1145 3843 1270 3899 ait:
1326 3844 1467 3909 Quae
1518 3845 1867 3915 hujusmodi
1917 3852 2103 3904 mater

450 3948 587 3988 mea
617 3937 723 3995 est,
769 3939 870 3987 aut
899 3931 1001 4003 qui
1038 3931 1388 4002 hujusmodi
1430 3932 1636 3989 fratres
1681 3935 1797 3990 mei
1841 3940 1997 4002 sunt,
2040 3943 2103 3989 ut

451 4027 692 4094 propter
707 4020 946 4077 illorum
966 4020 1348 4093 obsequium,
1370 4026 1545 4078 tanta:
1573 4024 1969 4080 multitudinis
1996 4026 2100 4082 uti-

447 4111 673 4167 litatem
713 4108 1338 4183 parvipendam?Non
1377 4126 1518 4181 ergo
1558 4112 1927 4184 vilipendens
1968 4113 2096 4169 illos

2220 407 2345 458 μοσι
2384 391 2553 444 πάλιν.
2600 396 2686 443 Διὸ
2738 399 2825 445 καὶ
2870 402 3108 465 μανέντες
3170 396 3487 448 ἐστασίασαν
3544 398 3645 448 κατ’
3698 395 3774 447 ἀλ-

2220 475 2402 540 λήλων,
2493 486 2580 531 καὶ
2672 480 2924 552 ἐμφυλίων
3006 494 3214 554 σφαγῶν
3310 489 3402 541 τὴν
3479 484 3777 555 Ἰερουσαλήμ

2222 566 2521 630 ἐνέπλησαν,
2576 571 2640 628 ὡς
2712 571 2961 631 Ἰώσηπος
3013 575 3277 644 ἱστόρησε.
3329 579 3425 625 Καὶ
3488 572 3649 623 λοιπὸν
3690 572 3778 642 ἐγέ-

2221 672 2365 704 νοντο
2416 658 2470 707 αἱ
2527 659 2751 727 ἔσχαται
2830 665 3090 733 συμφοραὶ
3144 661 3308 712 αὐτῶν
3372 659 3644 734 βαρύτεραι
3694 670 3780 711 τῶν

2223 742 2599 815 πρεσϐυτέρων.
2647 749 2723 798 Τὰ
2767 750 2867 820 γὰρ
2918 751 3016 800 ὑπὸ
3070 750 3466 801 Οὐεσπασιανοῦ
3513 754 3595 801 καὶ
3647 754 3779 801 Τίτον

2225 828 2561 901 ἐπενεχθέντα
2617 834 2808 904 αὐτοῖς,
2881 836 3048 907 πολλῷ
3103 837 3444 911 χαλεπώτερα
3522 845 3615 888 τῶν
3681 833 3783 888 κατ’

2227 923 2509 991 Αἴγυπτον,
2574 928 2663 975 καί
2722 926 2856 976 κατὰ
2934 923 3226 990 Βαϐυλῶνα,
3299 930 3389 977 καὶ
3457 928 3586 977 κατὰ
3641 924 3782 978 Ἄντί-

2227 1027 2373 1079 οχον.

2298 1101 2383 1150 Διὸ
2436 1104 2524 1150 καὶ
2592 1102 2617 1151 ὁ
2678 1104 2903 1175 Χριστὸς
2977 1101 3157 1173 ἔλεγεν
3232 1101 3422 1156 ’Ἑσται
3504 1101 3658 1173 alapa
3713 1102 3779 1171 (4)

2225 1186 2445 1257 μεγάλη,
2488 1189 2571 1239 ὄια
2639 1186 2885 1242 οὐδέποτε
2940 1194 3163 1260 γέγονεν,
3220 1188 3336 1242 οὐδ’
3386 1190 3444 1242 ού
3497 1196 3565 1263 μὴ
3636 1193 3781 1243 ἔσται.

2227 1278 2321 1327 Διὰ
2371 1285 2466 1337 τῆς
2512 1279 2758 1349 ῥηθείσης
2814 1275 2899 1329 οὖν
2952 1278 3251 1352 παραϐολῆς
3297 1284 3385 1331 καὶ
3432 1282 3573 1350 ἡμεῖς
3619 1281 3789 1350 μανθα-

2225 1385 2392 1435 νομεν,
2426 1367 2501 1416 ὅτι
2533 1372 2628 1425 πᾶς
2658 1368 2683 1416 ὀ
2739 1366 3051 1437 ἀπαλλαγεὶς
3105 1376 3288 1432 κακοῦ,
3348 1374 3435 1419 καὶ
3487 1373 3555 1439 μὴ
3604 1366 3789 1439 βελτίω-

2230 1455 2352 1518 θεὶς,
2419 1456 2644 1524 μεγάλην
2712 1457 3067 1513 ὑποστήσεται
3118 1462 3385 1530 τιμωρίαν,
3432 1462 3629 1525 καὶτῷ
3678 1460 3793 1527 μετά

2227 1546 2319 1598 τὴν
2377 1541 2659 1615 ἐλευθερίαν
2737 1552 2828 1603 τῆς
2901 1548 3254 1615 τυραννούσης
3322 1545 3575 1618 ἁμαρτίας
3644 1546 3797 1597 εὐεπί-

2230 1629 2381 1681 ϐατον
2448 1631 2596 1682 πάλιν
2663 1632 2793 1703 αὐτῇ
2862 1631 3040 1683 ἑαυτὸν
3104 1639 3405 1698 ποιήσαντι,
3477 1635 3791 1704 χαλεπωτέρα

2230 1728 2320 1779 τῆς
2352 1725 2599 1793 προτέρας
2649 1718 2943 1781 καταδίκης
2985 1722 3014 1777 ἠ
3045 1724 3174 1792 μετὰ
3197 1728 3366 1773 τοῦτο·
3403 1726 3493 1773 Διὰ
3524 1729 3679 1773 ταῦτα
3702 1726 3789 1794 γὰρ

2229 1813 2471 1882 καὶπρὸς
2499 1812 2583 1859 τὸν
2613 1808 2906 1880 παράλυτον
2950 1807 3080 1861 εἶπεν
3136 1811 3160 1860 ὁ
3214 1816 3455 1883 Χριστός
3505 1808 3631 1875 Ἴδε,
3662 1813 3799 1881 ὑγιὴς

2226 1897 2441 1967 γέγονας
2469 1914 2479 1926 ·
2514 1901 2701 1968 μηκέτι
2730 1898 3010 1971 ἁμάρτανε,
3045 1900 3127 1949 ἵνα
3152 1904 3222 1970 μὴ
3253 1903 3429 1973 χεῖρον
3476 1904 3529 1951 τί
3563 1918 3644 1951 σοι
3667 1902 3801 1970 γένη-

2226 2005 2331 2038 ται.

2296 2073 2408 2126 Ἐτι
2448 2106 2497 2113 —-
2534 2073 2777 2131 λαλῆσαι.
2812 2073 2944 2135 Ἐξω
2974 2082 3068 2136 τῆς
3118 2074 3325 2136 οἰκείας,
3376 2073 3423 2125 ἐν
3452 2082 3483 2145 ᾖ
3513 2070 3797 2137 ἐδίδασκεν,

2226 2164 2455 2225 ἵσταντο,
2509 2159 2649 2214 διότι
2678 2162 2771 2213 ούκ
2801 2159 3058 2220 ἠδύναντο
3089 2169 3364 2233 συντυχεῖν
3408 2163 3546 2232 αύτῷ
3586 2160 3680 2215 διὰ
3724 2168 3799 2215 τὸν

2224 2252 2399 2321 ὄχλον,
2450 2254 2513 2311 ὡς
2552 2253 2576 2302 ὁ
2618 2257 2822 2312 Λουκᾶς
2863 2254 3077 2324 εἴρηκεν.
3115 2252 3445 2306 Ἀπέστειλαν
3478 2248 3536 2303 δὲ
3564 2256 3691 2326 πρὸς
3721 2253 3804 2303 αύο

2222 2345 2325 2409 τὸν,
2359 2347 2637 2410 φωνοῦντες
2658 2339 2831 2405 αὐτὸν,
2857 2342 2924 2400 ὡς
2951 2340 3196 2411 ὁΜαρκος
3212 2336 3363 2402 εἶπεν,
3392 2344 3569 2410 ἤγουν,
3603 2340 3804 2392 καλοῦν-

2222 2448 2297 2488 τες
2325 2429 2438 2490 ἔξω.
2467 2425 2741 2499 Ἀδελφούς
2776 2424 2835 2478 δὲ
2875 2428 3058 2487 αύτούς
3089 2448 3237 2499 φησι,
3268 2432 3387 2490 τούς
3418 2431 3555 2488 υἱούς
3594 2428 3801 2499 Ἰωσήφ,

2224 2514 2317 2569 διὰ
2364 2523 2419 2569 τὸ
2461 2522 2544 2569 τὸν
2570 2521 2764 2589 πατέρα
2805 2520 2998 2567 τούτων
3025 2520 3454 2588 μνηστεύσασθαι
3493 2522 3587 2575 τὴν
3629 2520 3805 2568 τούτου

2221 2611 2439 2680 μητέρα.

2289 2783 2346 2835 Ὀ
2410 2781 2467 2835 δὲ
2532 2816 2593 2824 —
2661 2803 2758 2853 μου
2792 2801 2803 2847 ;
2836 2788 2995 2834 Τοῦτο
3056 2778 3209 2848 εἶπεν,
3246 2782 3335 2833 οὐκ
3368 2782 3672 2855 ἀρνούμενος
3723 2788 3811 2839 τὸν

2221 2872 2401 2924 ἑαυτοῦ
2444 2876 2676 2943 Μητέρα,
2737 2878 2851 2932 Πῶς
2903 2873 3001 2944 γάρ
3072 2886 3085 2931 ζ

2220 2964 2439 3012 θανάτου
2496 2960 2654 3011 αὐτοῦ
2704 2963 2882 3029 καιρὸν
2936 2958 3122 3016 πολλὴν
3155 2958 3318 3020 αὐτῆς
3346 2955 3601 3031 φροντίδα
3638 2963 3813 3010 ποιού-

3147 2874 3172 2922 ὁ
3239 2877 3320 2922 καὶ
3382 2874 3515 2922 κατὰ
3575 2876 3662 2922 τὸν
3726 2878 3811 2921 τού

2215 3070 2361 3121 μενος
2417 3068 2429 3078 ⁸
2495 3045 2605 3099 οὐδ’
2656 3048 3029 3119 αἰσχυνόμενος
3074 3051 3131 3098 τὸ
3179 3050 3316 3118 ἔχειν
3367 3047 3525 3104 αὐτὴν
3587 3052 3808 3121 μητέρα*

2214 3148 2317 3199 πῶς
2346 3142 2445 3212 γάρ
2503 3177 2517 3201 ,
2565 3139 2589 3187 ὁ
2640 3132 2732 3187 διὰ
2784 3141 2875 3193 την
2928 3139 3057 3208 πρὸς
3099 3136 3259 3193 αὐτὴν
3315 3133 3451 3186 αἰδῶ
3510 3135 3809 3206 μεταϐαλὼν

2216 3229 2286 3288 εἰς
2335 3224 2465 3279 οἶνον
2522 3230 2579 3277 τὸ
2628 3221 2771 3297 ὕδωρ
2812 3223 2857 3276 ἐν
2909 3231 3069 3291 Κανᾶ,
3129 3231 3219 3277 καὶ
3267 3226 3695 3296 ὑποτασσόμενος
3752 3224 3809 3275 οὗ

2214 3322 2373 3388 ταύτῃ
2436 3322 2607 3389 μόνον,
2666 3315 2791 3367 ἀλλὰ
2845 3318 2930 3365 καὶ
2982 3322 3051 3383 τῷ
3107 3316 3401 3385 νομισθέντι
3432 3318 3596 3387 πατρὶ
3623 3314 3807 3364 αὐτοῦ’

2216 3409 2303 3459 Ἦν
2368 3406 2491 3482 γάρ,
2559 3411 2735 3479 φησὶν,
2814 3406 3232 3475 ὑποτασσόμενος
3306 3402 3499 3461 αὐτοῖς.
3580 3402 3640 3454 Ei
3708 3404 3810 3473 γὰρ

2214 3496 2409 3567 ἔμελλεν
2468 3494 2735 3567 αρνεῖσθαι
2792 3492 2974 3557 αὐτὴν,
3022 3492 3049 3548 ἡ
3095 3493 3446 3562 αἰσχύνεσθαι
3496 3486 3569 3542 δι’
3624 3491 3815 3555 αὐτὴν,

2214 3585 2306 3636 ούκ
2362 3586 2422 3635 ἄν
2488 3584 2613 3644 ὅλως
2672 3582 2721 3643 ἐς
2786 3582 2944 3640 αὐτῆς
3002 3580 3242 3650 ἐγεννήθη
3313 3578 3451 3631 Ἀλλ’
3506 3578 3616 3631 ἐπεὶ
3672 3598 3819 3635 τηνι-

2214 3682 2379 3726 καῦτα
2422 3677 2477 3725 τὸ
2508 3672 2699 3731 πλῆθος
2730 3668 2996 3733 ἐδίδασκε,
3060 3674 3149 3720 καὶ
3179 3668 3271 3719 οὐκ
3321 3665 3379 3725 ἦν
3424 3668 3580 3731 εἰκὸς,
3631 3666 3821 3720 ἀπολι-

2214 3760 2323 3815 πεῖν
2355 3762 2537 3821 αὐτούς
2566 3766 2653 3812 καὶ
2697 3757 2912 3831 δραμεῖν
2964 3761 3092 3831 πρὸς
3140 3762 3232 3814 τὴν
3286 3762 3500 3830 Μητέρα
3554 3761 3642 3808 καὶ
3694 3760 3823 3815 τοὺς

2214 3848 2488 3920 ἀδελφούς,
2534 3850 2668 3919 λέγει
2701 3866 2712 3878 ’
2746 3853 2837 3909 Τίς
2877 3848 3160 3904 τηλικαύτη
3190 3846 3329 3898 ἐστιν
3377 3848 3405 3903 ἡ
3457 3852 3636 3917 μήτηρ
3698 3865 3825 3917 μου,

2212 3947 2299 3991 καὶ
2347 3945 2475 3999 τίνες
2522 3938 2817 3996 τηλικόῡτοί
2872 3937 2999 3987 εἰσιν
3048 3939 3094 3987 οἱ
3150 3931 3359 4005 ἀδελφοί
3407 3953 3531 4005 μου,
3584 3935 3674 3985 ἱνα
3732 3931 3830 3984 διὰ

2210 4035 2303 4087 τὴν
2355 4031 2621 4101 θεραπείαν
2682 4026 2846 4077 αὐτῶν
2877 4022 3086 4098 παρίδω
3145 4028 3235 4080 τὴν
3288 4023 3365 4094 (5)
3422 4030 3513 4074 τοῦ
3554 4026 3825 4073 τοσούτου

2208 4118 2437 4177 πλήθους
2485 4116 2721 4188 ὠφέλειαν
2766 4130 2780 4180 ;
2834 4113 2907 4165 Ού
2965 4112 3222 4184 φαυλίζων
3285 4107 3370 4162 οὖν
3429 4111 3652 4177 αὐτούς,
3717 4108 3831 4163 εἶπε

446 4200 609 4257 hunc
632 4200 863 4256 locutus
887 4203 973 4255 est
998 4214 1354 4271 sermonem,
1382 4201 1487 4256 scd
1513 4202 1731 4257 docens
1759 4204 1919 4275 quod
1947 4219 2098 4275 prte-

2228 4212 2287 4259 ’ὸν
2342 4206 2492 4277 λογον
2550 4213 2749 4267 τοῦτον,
2794 4201 2919 4253 ἀλλά
2961 4198 3252 4263 διδασκων,
3307 4202 3385 4252 ὅτι
3426 4206 3829 4273 προτιμοτέραν

448 4293 790 4361 ponendam
830 4288 1053 4359 judicet
1081 4289 1449 4360 perditorum
1482 4291 1730 4348 salutem
1783 4299 2095 4364 parentum

448 4396 518 4436 ac
547 4379 1135 4450 consanguineorum
1167 4379 1477 4452 obsequio.
1533 4382 1649 4437 Nec
1699 4382 1917 4437 mirum
1959 4398 2096 4439 cum

446 4475 684 4542 propter
713 4471 818 4526 hos
846 4474 1117 4541 parentes
1148 4484 1217 4525 ac
1247 4470 1728 4541 consanguineos
1757 4471 1976 4529 habere
2006 4488 2100 4529 su-

450 4559 736 4614 stinuerit.

522 4649 680 4701 Vers.
733 4648 819 4701 46.
862 4648 939 4703 Et
966 4677 1027 4690 -
1077 4649 1302 4717 fratres
1348 4651 1475 4706 mei.
1510 4652 1747 4707 Matrem
1782 4668 1883 4708 eos
1910 4652 2101 4709 nomi-

449 4735 629 4799 navit,
656 4736 823 4808 quasi
857 4736 1130 4790 doctrinae
1157 4737 1397 4793 verbum
1422 4740 1481 4794 in
1506 4740 1855 4812 intelligibili
1882 4743 2097 4798 animae

450 4828 618 4881 utero
675 4822 1084 4897 suscipientes,
1146 4830 1201 4881 et
1258 4842 1525 4900 congruo
1583 4834 1849 4901 tempore
1908 4832 2108 4904 ipsum

2207 4303 2367 4369 κρίνει
2400 4303 2489 4356 τῆς
2544 4304 2641 4344 των
2680 4297 2864 4362 γονέων
2913 4296 3001 4342 καὶ
3052 4300 3311 4361 συγγενῶν
3362 4291 3665 4361 θεραπείας,
3733 4296 3832 4345 την

2208 4396 2305 4438 τῶν
2358 4384 2711 4456 ἀπολλυμένων
2782 4387 3061 4453 σωτηρίαν.
3120 4385 3218 4432 Καὶ
3268 4376 3419 4431 ούδὲν
3476 4382 3830 4450 θαυμαστόν-

2212 4472 2303 4527 διὰ
2332 4476 2523 4531 ταύτην
2560 4476 2661 4545 γὰρ
2699 4476 2787 4523 καὶ
2825 4477 2992 4541 γονεῖς
3034 4474 3123 4521 καί
3178 4476 3437 4540 συγγενεῖς
3480 4469 3629 4539 ἔχειν
3662 4488 3837 4519 κατε-

2212 4561 2416 4627 δέξατο.

2285 4657 2480 4704 Καὶ-
2518 4652 2566 4701 οἱ
2610 4645 2823 4720 ἀδελφοί
2876 4667 2995 4720 μου.
3048 4649 3262 4721 Μητέρα
3306 4648 3393 4718 μὲν
3438 4645 3643 4705 αύτούς
3704 4646 3845 4696 ὠνό-

2208 4761 2390 4815 μασεν,
2453 4740 2522 4800 ὡς
2588 4734 2979 4809 ύπὸεχομένους
3042 4739 3125 4787 τὸν
3186 4735 3334 4805 λογον
3385 4742 3480 4794 τῆς
3538 4730 3849 4786 draucus:-

2215 4836 2323 4892 Χίας
2372 4828 2419 4880 ἐν
2470 4836 2529 4899 τῇ
2586 4832 2738 4899 νοερᾷ
2791 4829 2985 4898 γαστρί
3036 4833 3131 4885 τῆς
3172 4823 3378 4894 ψυχῆς,
3412 4827 3503 4875 καὶ
3557 4825 3724 4875 κατὰ
3758 4826 3853 4875 τὸν

522 5006 565 5041 ³³
594 5005 808 5062 Matth.
841 5020 995 5070 xxxv,
1028 5008 1118 5062 2t.
1174 5007 1220 5041 ⁹²
1246 5007 1418 5065 Joan.
1452 5023 1510 5074 v,
1541 5012 1630 5066 14.
1694 5012 1739 5045 ⁹³
1774 5012 1909 5066 Luc.
1942 5028 2035 5066 vui
2070 5012 2106 5065 1¹

2228 5010 2239 5045 ⁵
2267 5010 2440 5066 Marc.
2464 5025 2543 5078 iu,
2570 5009 2658 5063 3t.
2690 5005 2739 5041 ’⁸
2767 5006 2908 5061 Luc.
2936 5003 3087 5071 11,51.

1650 5184 1873 5255 Variae
1902 5186 2227 5255 lectiones
2277 5194 2341 5254 et
2379 5194 2579 5253 notae.

523 5378 595 5451 (4)
618 5382 781 5441 Unde
800 5385 996 5439 autem
1018 5380 1275 5437 varietas
1299 5382 1487 5437 textus
1509 5383 1618 5439 hor
1640 5383 1769 5442 loco
1789 5386 1816 5441 ?
1846 5388 2009 5442 Forte
2025 5400 2095 5442 ex

450 5457 756 5516 rodicibus
784 5460 846 5512 N.
896 5456 1249 5511 'l‘estamenti
1278 5454 1306 5509 7
1338 5453 1489 5512 Non.
1534 5457 1642 5512 Sed
1696 5475 1765 5513 ex
1798 5458 2092 5531 Chrysost.

2202 5388 2245 5441 t.
2276 5384 2383 5454 vn,

2302 5384 2383 5471 1‘!»
2416 5399 2481 5470 Ps
2520 5381 2622 5471 €62
2652 5382 2718 5471 P-

2278 5456 2352 5528 (ὃ)
2380 5454 2467 5508 τοῦ
2496 5454 2667 5510 abest
2703 5458 2768 5508 Α.
