3906 6202
191 284 261 351 393
1018 274 1391 340 COMMENT.
1437 276 1508 335 IN
1547 275 1995 339 MATTHEUM.
2036 311 2103 322 -—
2142 279 2298 336 CAP.
2340 279 2464 337 XII.
3308 283 3413 339 394

193 421 416 492 προσήκοντα
456 412 627 482 καιρὸν
682 409 1050 470 ἁποτίκτοντας
1070 408 1244 461 αὐτόν·
1278 402 1528 479 ἀδελφοὺς
1574 401 1654 470 δὲ,
1686 404 1735 459 Α

1874 405 2079 462 'ientes.
2121 408 2350 466 Fratres
2400 421 2537 463 vero
2574 408 2864 478 tanquam
2904 421 2942 464 a
2991 405 3155 463 Patre
3194 405 3416 463 caelesti

188 508 235 566 ὡς
259 502 555 560 νέοθετηθέντας
577 508 648 569 τῷ
675 498 896 570 οὐρανίῳ
928 502 1115 569 Πατρὶ,
1158 494 1251 548 ὀιὰ
1277 504 1366 555 τῆς
1393 495 1461 556 εἰς
1493 503 1654 566 Χρισ-

1869 500 2082 565 >ptatos
2108 512 2209 567 per
2235 497 2434 561 ﬁdem,
2470 512 2654 569 quam
2675 496 2738 551 in
2768 495 3061 552 Christum
3090 495 3411 563 habebant,

182 598 242 645 τὸν
256 596 428 653 πίστεως,
461 593 546 640 καὶ
569 593 846 659 γεγονότας
888 586 1334 660 συγκληρονόμους
1373 593 1466 644 τῆς
1496 583 1656 656 βασι-

1870 590 2077 656 tosque
2094 586 2258 655 regni
2284 586 2435 642 illius
2455 584 2811 643 cohaeredes.
2836 586 3055 642 Deinde
3073 600 3412 642 sermonem

175 680 271 740 λείας
284 678 416 731 αὐτοῦ.
440 674 553 730 Εἶτα
579 675 903 751 ἐφερμηνεόει
937 680 1023 727 τόν
1044 674 1221 745 λόγον,

841 679 903 727 ὓει
937 680 1023 727 τόν
1044 674 1221 745 λόγον.
1765 671 1927 728 hunc
1951 673 2383 746 interpretatur.

214 769 352 829 Ὀστις
372 798 427 806 --
457 765 612 817 ἐστίν,
656 765 827 826 Αὐτός
857 784 956 835 μου
983 768 1071 815 καὶ
1111 761 1347 834 ἀδελφὸς,
1389 767 1478 814 καὶ
1509 756 1656 813 ἀδελ-

1870 762 2006 817 fers.
2037 763 2122 817 50.
2168 763 2508 835 Quicunque
2548 795 2619 805 --
2673 768 2776 822 est.
2824 764 2949 835 Ipse
2993 779 3151 820 meus
3194 764 3412 833 frater,

168 862 320 927 0i,xai
341 860 500 927 μήτηρ,
554 852 671 906 ἀντὶ
700 860 813 917 τοῦ,
857 853 1006 914 αὐτός
1043 872 1141 924 μου
1185 856 1439 923 συγγενὴς
1467 855 1555 901 καὶ
1584 852 1656 902 οἱ·

1877 866 1926 905 >r
1951 857 2005 907 et
2043 859 2237 908 mater
2266 860 2344 908 est
2374 870 2387 907 :
2420 854 2535 909 hoc
2566 856 2675 917 est,
2702 853 3075 925 propinquus
3106 868 3175 908 ac
3216 851 3419 908 dome-

164 947 338 1007 κείο;,ὡς
368 946 422 995 τὰ
466 943 598 993 αὐτά
649 941 765 1014 ἐμοὶ
816 951 995 997 ποιῶν.
1033 946 1132 994 Καὶ
1178 942 1279 1014 γάρ
1310 940 1453 1010 κάγὼ
1492 943 1548 991 τό
1584 942 1658 991 θέ-

1879 956 1948 995 us
1987 956 2180 1007 meus,
2212 946 2412 1012 utpote
2442 942 2653 997 eadem
2684 942 2906 997 faciens
2946 958 3078 1012 qum
3110 956 3222 1011 ego
3265 940 3417 996 facio

163 1032 261 1104 λῆμα
298 1040 401 1084 ποιῶ
423 1051 499 1083 τον
532 1036 731 1106 Πατρός
757 1050 877 1102 μου.
921 1027 1172 1101 Ἀδελφῆς
1200 1026 1258 1081 δὲ
1289 1028 1653 1102 ἐμνημόνευσε,

1877 1033 2131 1084 ωιειθω
2161 1030 2346 1085 Patris
2380 1029 2517 1085 mei.
2561 1031 2786 1086 Sororis
2833 1033 3037 1087 autem
3057 1028 3419 1085 mentionem

161 1117 258 1172 διότι
279 1126 348 1172 καί
372 1122 641 1194 θυγατέρας
679 1116 818 1191 εἶχεν
867 1120 891 1170 ό
947 1118 1157 1190 Ἰωσήφ·
1215 1119 1246 1177 ἢ
1304 1114 1398 1169 διὰ
1448 1122 1542 1179 τὰς
1565 1137 1659 1189 γυ-

1882 1122 1917 1182 t,
1941 1117 2084 1189 quia
2112 1117 2261 1174 ﬁlias
2282 1118 2462 1174 etiam
2486 1118 2981 1190 habebatJoseph
3011 1134 3024 1172 :
3058 1122 3163 1174 aut
3185 1120 3421 1190 propter

159 1217 302 1274 ναῖκες,
346 1211 417 1268 τὰς
455 1211 504 1260 τὸ
558 1208 759 1281 θελημα
799 1215 889 1259 τοῦ
938 1215 1070 1259 Θεοῦ
1126 1208 1401 1267 ποιούσας.
1445 1206 1659 1278 Θέλημα

1878 1220 1976 1261 tres
2014 1205 2125 1261 hoc
2155 1207 2319 1263 dixit.
2352 1206 2451 1263 Dei
2480 1212 2683 1263 autem
2719 1206 3089 1263 voluntatem
3122 1206 3281 1272 facit,
3314 1204 3420 1278 qui

159 1292 202 1347 οἳ
234 1304 301 1348 τοῦ
322 1298 384 1367 (6)
408 1304 549 1365 Θεοῦ,
592 1299 650 1348 τὸ
681 1295 949 1368 φυλάττειν
1000 1298 1096 1356 τὰς
1145 1295 1480 1367 εὐαγγελικὰς
1523 1294 1658 1348 ἐντο-

1881 1293 2109 1364 ngelica
2134 1300 2432 1368 praecepta
2461 1300 2656 1352 servat
2684 1299 2742 1351 et
2770 1295 3027 1352 custodit
3064 1294 3174 1368 (lc).
3214 1294 3422 1366 Itaque

155 1384 233 1445 λὰς,
269 1389 338 1436 καὶ
370 1386 638 1445 σώζεσθαι.
686 1383 848 1437 Ὦστε
892 1380 1016 1437 οὐδὲ
1061 1386 1089 1441 ἠ
1136 1389 1308 1457 μήτηρ
1357 1383 1516 1437 αὐτοῦ
1568 1388 1659 1437 καὶ

1880 1396 1960 1452 ςιιθ
1999 1387 2189 1439 mater
2228 1384 2354 1456 ejus
2392 1388 2496 1440 aut
2532 1383 2743 1440 fratres
2778 1385 2908 1455 ejus
2940 1384 3194 1441 fuissent
3231 1385 3422 1439 mater

154 1469 373 1544 οῖὰδελροὶ
417 1474 569 1525 αὐτοῦ
600 1470 737 1531 ἦσαν
776 1473 835 1524 ἄν
886 1478 1059 1545 μήτηρ
1104 1473 1266 1524 αὐτοῦ
1314 1476 1401 1524 καὶ
1444 1469 1657 1545 ἀδελφοὶ

1878 1487 1913 1535 s,
1949 1470 2062 1525 nisi
2104 1472 2199 1527 Dei
2244 1471 2598 1528 voluntatem
2634 1472 2939 1528 fecissent.
2981 1475 3112 1529 Non
3161 1474 3250 1527 est
3279 1485 3420 1541 ergo

149 1562 279 1624 εὸτοὺ,
304 1561 420 1632 εἰμὴ
450 1561 649 1613 ἐποίουν
695 1563 754 1613 τὸ
808 1560 1003 1634 θέλημα
1054 1569 1145 1613 τοῦ
1195 1568 1350 1615 Θεοῦ.
1378 1560 1490 1614 Θύκ
1515 1563 1655 1612 ἔστιν

1915 1574 2112 1615 sermo
2142 1560 2492 1631 abnegantis
2549 1560 3133 1632 consanguinitatem
3186 1558 3421 1616 illorum

150 1645 209 1700 οὖν
238 1646 327 1701 οὐδ’
354 1650 376 1701 ό
408 1649 545 1721 λόγος
604 1649 754 1712 οὗτος
805 1647 1113 1722 ἀρνουμένου
1161 1654 1254 1707 τὴν
1304 1652 1441 1721 κατὰ
1486 1651 1658 1724 σάρκα

1880 1652 1928 1702 ta
1951 1663 2195 1704 carnem
2237 1665 2248 1704 :
2290 1664 2489 1721 neque
2527 1649 2686 1705 enim
2748 1650 2919 1707 dixit.
2960 1651 3089 1705 Non
3137 1650 3277 1704 sunt
3317 1646 3422 1703 sed

144 1742 373 1808 wnémm
400 1737 615 1790 ἐκείνων*
645 1734 770 1790 οὐδὲ
810 1741 911 1813 γὰρ
941 1734 1093 1803 εἶπεν,
1123 1739 1203 1790 ὃτι
1232 1738 1343 1791 Οὐκ
1374 1736 1454 1809 (7)
1481 1738 1611 1790 εἰσίν
1640 1759 1652 1771 ·

1883 1737 2166 1808 ιροηεηιίε
2205 1752 2342 1794 eam
2370 1753 2507 1810 qua;
2538 1738 2875 1795 secundum
2904 1738 3184 1794 virtutem
3212 1740 3322 1807 est,
3352 1750 3425 1793 ac

145 1822 234 1875 ἀλλὰ
254 1834 569 1901 προτιμῶντος
597 1831 693 1885 τὴν
746 1827 860 1878 κατ’
900 1825 1105 1903 ἀρετὴν,
1141 1826 1216 1899 (8)
1250 1832 1337 1879 καὶ
1375 1822 1657 1880 διδάσκον-

1883 1825 2033 1882 entis
2061 1825 2289 1885 nullam
2326 1825 2484 1884 illius
2517 1841 2648 1884 esse
2684 1826 3021 1896 utilitatem,
3062 1825 3182 1885 nisi
3210 1829 3268 1884 et
3292 1824 3423 1882 hmc

138 1931 213 1977 τος,
237 1915 300 1966 ότι
326 1911 461 1968 οὐδεν
502 1911 690 1989 κέρδος
733 1914 946 1986 ἐκείνης,
996 1920 1068 1988 μὴ
1113 1919 1386 1991 παρούσης
1416 1920 1507 1969 καὶ
1534 1919 1658 1969 ταύ-
1765 1913 1941 1971 adsit.

141 2019 223 2060 της.

185 2084 328 2141 Ειόὗκ
358 2095 444 2150 τὴν
472 2095 729 2145 Θεοτόκον
758 2092 852 2144 οὐκ
882 2092 1057 2165 ὠφέλει
1086 2096 1145 2145 τό
1180 2095 1419 2165 γενέσθαι
1450 2097 1663 2169 Μητέρα

1874 2090 2013 2158 μιοά
2037 2090 2085 2147 si
2104 2106 2214 2148 nec
2236 2092 2337 2148 Dei
2351 2092 2516 2151 Matri
2556 2092 2832 2167 genuisse
2859 2092 3028 2150 illum
3073 2090 3416 2165 profuisset,

138 2178 245 2241 Θεοῦ,
290 2178 327 2229 εἰ
378 2184 444 2251 μὴ
498 2180 736 2254 ἐνάρετος
792 2177 873 2249 ἦν,
922 2185 1039 2233 τίνα
1087 2180 1147 2233 ἂν
1205 2183 1371 2256 ἕτερον
1420 2182 1659 2255 ὠφεληση

1880 2226 1883 2234 .
1912 2180 2198 2237 virtutem
2220 2186 2416 2239 secuta
2440 2180 2666 2251 fuisset,
2697 2183 2794 2239 cui
2820 2181 2982 2239 alteri
3008 2180 3284 2255 proderit,
3309 2181 3422 2238 viri

140 2270 352 2335 σνῃένεια
388 2267 550 2341 ἁγίου,
590 2274 662 2341 μὴ
692 2272 885 2341 ἔχοντα
913 2268 1096 2343 ἀρετήν
1127 2288 1140 2333 ;
1172 2272 1286 2323 ἔστι
1307 2274 1409 2342 γὰρ
1430 2276 1519 2324 καὶ
1548 2274 1664 2332 τοὺς

1878 2269 1959 2326 ,οῐί
2005 2285 2134 2325 esse
2188 2276 2533 2341 cognatum,
2582 2272 2634 2327 si
2662 2270 2941 2328 virtutem
2998 2286 3120 2327 non
3180 2270 3420 2327 habeat.

134 2362 341 2422 συγγενεῖς
378 2362 446 2429 μὴ
486 2356 801 2430 λογίζεσθαι
852 2366 1132 2430 συγγενεῖς.
1166 2363 1403 2422 καὶτοὺς
1429 2364 1500 2432 μὴ
1541 2379 1664 2432 συγ-

1886 2358 2066 2429 [tingit
2096 2359 2255 2415 enim
2278 2367 2335 2415 et
2358 2364 2642 2430 cognatos
2677 2376 2799 2417 non
2824 2360 3037 2417 haberi
3064 2375 3174 2434 pro
3207 2374 3428 2431 cogna-

132 2447 247 2507 νοεῖς
268 2442 544 2514 λογίζεσθαι
592 2453 880 2517 συγγενεῖς.
910 2445 1100 2499 Ἐκεῖνο
1139 2447 1218 2517 (9)
1271 2450 1383 2520 μὲν,
1434 2445 1506 2500 δι’
1548 2447 1660 2500 ἀνο-

1886 2452 1925 2503 at
1945 2462 2067 2503 non
2099 2452 2386 2518 cognatos
2410 2464 2519 2520 pro
2549 2450 2817 2521 cognatis
2843 2449 3053 2507 haberi
3079 2473 3092 2506 :
3122 2448 3266 2506 illud
3294 2449 3428 2522 qui-

126 2532 327 2596 μοιότητα
376 2531 494 2604 βίου
568 2555 583 2567 ·
642 2542 795 2586 τοῦτο
872 2530 949 2602 δὲ,
1021 2531 1093 2587 δι’
1177 2537 1459 2607 ὁμοιότητα
1513 2536 1663 2589 πολι-

1884 2552 1912 2591 u
1940 2541 2181 2609 propter
2205 2538 2376 2593 vitam
2404 2537 2781 2608 dissimilem,
2812 2539 2929 2596 hoc
2958 2543 3159 2597 autem
3179 2543 3426 2613 propter

129 2619 247 2677 τείας.
296 2623 374 2671 Διό
427 2627 515 2674 καὶ
569 2621 834 2693 ἀλλαχοῦ,
889 2628 1134 2696 γυναικός
1169 2644 1308 2687 τινος
1364 2625 1607 2686 εἰπούσης
1651 2643 1663 2656 ⁸

1880 2625 2237 2682 ινθτεεῐὶοηὶε
2279 2626 2746 2683 similitudinem.
2795 2628 2946 2693 Quia
2986 2631 3045 2684 et
3094 2628 3237 2685 alibi
3281 2644 3422 2684 cum

122 2709 322 2781 Μακαρία
348 2711 376 2767 ἡ
432 2711 612 2763 κοιλία
657 2713 687 2769 ἡ
723 2710 1046 2784 βαστάσασά
1110 2731 1187 2779 σε,
1243 2718 1332 2766 καὶ
1361 2719 1556 2786 μαστοὶ
1577 2713 1664 2777 οὒς

1882 2713 1985 2769 lier
1999 2713 2277 2786 quaedam
2295 2714 2526 2771 dixisset
2549 2732 2563 2771 :
2583 2717 2809 2773 Beatus
2822 2732 2927 2773 ven
2935 2721 3025 2774 ter
3042 2717 3144 2789 qui
3164 2722 3218 2774 te
3227 2722 3424 2789 porta-

123 2789 329 2858 ἐθήλασας
357 2816 369 2828 ο
402 2800 495 2851 οὐκ
528 2801 817 2875 ἠρνήσατο,
874 2800 978 2853 ἀλλ’
1006 2802 1195 2873 ὁμοίως
1226 2798 1325 2855 εἴτε
1357 2844 1370 2857 .
1403 2805 1665 2876 Μακάριοι

1911 2809 1968 2859 et
2006 2803 2189 2860 ubera
2217 2818 2347 2874 quae
2381 2804 2599 2860 suxisti
2628 2806 2699 2872 9°,
2729 2819 2850 2861 non
2875 2808 3132 2877 negavit,
3165 2805 3265 2861 sed
3293 2804 3425 2877 pari

118 2882 153 2931 οἱ
177 2881 415 2949 ἀκούοντες
470 2892 559 2941 τόν
614 2887 766 2960 λόγον
817 2896 908 2941 τοῦ
965 2897 1096 2943 Θεοῦ
1149 2894 1233 2942 καὶ
1300 2889 1660 2962 φνλάσσοντες,

1884 2891 1958 2947 do
1984 2890 2131 2947 dixit
2153 2908 2163 2945 :
2185 2893 2367 2948 Beati
2390 2895 2495 2964 qui
2505 2893 2760 2949 (radiant
2780 2894 3019 2951 verbum
3038 2895 3145 2951 Dei
3156 2900 3211 2952 et
3231 2898 3426 2951 custo-

118 2968 256 3028 εὐτόν.
293 2975 445 3029 Βαϐαί
477 2987 577 3041 τῆς
612 2976 821 3052 ἀρετῆς,
853 2977 922 3040 εἰς
972 2981 1097 3036 ὅσην
1136 2983 1290 3050 τιμὴν
1339 2978 1517 3050 ἀνάγει
1546 2983 1660 3041 τοὺς

1883 2986 1943 3035 nt
1966 2980 2122 3036 illud
2145 2982 2212 3035 97.
2243 2983 2285 3037 Ο
2313 2981 2735 3038 admirandam
2758 2983 3061 3054 virtutem,
3088 3000 3225 3057 quas
3251 2984 3333 3041 ad
3362 2998 3425 3040 se

112 3065 332 3127 μετιόντας
398 3065 586 3134 αὐτὴν,
680 3074 945 3139 συγγενεῖς
1011 3067 1201 3129 αὐτούς
1264 3074 1356 3120 τοῦ
1431 3073 1654 3143 Χριστοί

1885 3068 2125 3124 edentes
2174 3068 2253 3125 ad
2290 3073 2524 3126 tantum
2558 3071 2777 3129 extollit
2812 3072 3107 3159 honorem
3147 3076 3215 3139 ut
3255 3071 3423 3145 ipsos

114 3157 293 3203 ποιοῦσα
330 3153 343 3207 l

1708 3153 1742 3159 ”
1776 3156 1981 3213 Christi
2009 3156 2186 3213 faciat
2209 3172 2337 3213 esse
2368 3164 2674 3231 cognatos.
2866 3154 2879 3173 “

167 3243 276 3294 nsi
305 3237 359 3293 δε
393 3241 511 3314 (10)
562 3245 589 3295 ό
638 3246 1029 3318 Χρυσόστομος,
1089 3247 1158 3308 ὡς
1205 3247 1236 3304 ἡ
1284 3251 1470 3322 Μήτηρ
1505 3246 1665 3299 αὐτοῦ

1889 3246 2306 3317 hrysostomus
2335 3248 2538 3302 autem
2580 3246 2729 3303 dixit
2764 3248 2928 3319 quod
2956 3252 3134 3306 Mater
3162 3249 3289 3319 ejus
3317 3254 3427 3306 hu-

112 3318 375 3398 ἁοθρὼπινὸν
436 3351 487 3384 τι
553 3337 651 3385 καί
713 3332 845 3392 αὕτη
911 3339 1024 3387 τότε
1082 3336 1347 3403 παθοῦσα,
1417 3336 1654 3394 ἠθέλησε]

1880 3349 2026 3390 num
2063 3333 2352 3405 quiddam
2392 3339 2448 3392 et
2474 3334 2608 3406 ipsa
2645 3318 2799 3391 tunc
2819 3318 3422 3407 patiebatur,ivolens

112 3409 427 3478 ἐπιδείξασθαι
501 3428 619 3484 τοῖς
688 3420 886 3493 ὄχλοις,
963 3424 1073 3475 οἰαν
1138 3433 1295 3497 τιμῆν
1355 3426 1469 3496 ἔχει
1535 3428 1654 3499 πρὸς

1881 3421 1965 3477 bis
1987 3421 2373 3479 demonstare
2399 3439 2582 3495 quem
2610 3438 2752 3494 erga
2782 3440 2847 3480 se
2887 3424 3148 3481 Christus
3174 3425 3423 3481 haberet

108 3500 553 3581 πὗτιένόῖἰριστός.
596 3513 688 3561 Διό
741 3514 832 3561 καὶ
888 3507 1237 3574 διδάσκοντος
1295 3514 1452 3565 αὐτοῦ
1500 3533 1650 3589 παραι

1879 3526 2065 3566 iorem
2098 3528 2111 3567 :
2142 3511 2278 3568 ideo
2303 3512 2483 3568 etiam
2513 3528 2652 3569 cum
2677 3513 2774 3569 ille
2800 3513 3048 3579 doceret,
3080 3514 3421 3586 importune

103 3596 262 3659 γέγονε,
331 3601 420 3649 καὶ
489 3597 772 3651 ἀπέστειλε
835 3600 1250 3673 μετακαλουμένη
1314 3610 1494 3655 τοῦτον
1553 3603 1636 3673 (11

1882 3599 2019 3655 essit
2061 3603 2116 3656 et
2165 3599 2404 3657 mittens
2445 3600 2757 3659 accersivit
2792 3617 2930 3659 eum
2973 3605 3138 3659 extra
3173 3602 3420 3669 domun,

99 3674 171 3738 ἐξω
212 3691 297 3743 τῆς
331 3686 523 3754 οἰκίας,
580 3690 655 3749 ὡς
717 3683 874 3746 δῆθεν
938 3694 1055 3764 περὶ
1104 3689 1365 3743 οἰκειακοῡ
1427 3694 1641 3765 πράγμα

1885 3703 2065 3761 quam
2085 3688 2352 3747 videlicet
2367 3706 2476 3747 sua
2495 3691 2806 3748 autoritate
2830 3691 2904 3747 ad
2923 3689 3427 3764 interpellandum

99 3782 164 3826 τῢς
188 3768 400 3843 ἐντυχεῖν
427 3776 577 3847 αὐτῷ
630 3776 914 3850 μέλλουσα,
972 3783 1058 3831 καὶ
1105 3776 1407 3849 προσεδόκα
1461 3800 1636 3854 παραυ

1883 3793 1914 3832 n
1940 3777 2247 3834 accederet
2275 3778 2344 3850 (ι)
2382 3795 2394 3832 :
2445 3795 2588 3837 nam
2621 3779 2898 3852 sperabat
2935 3779 3106 3837 illum
3143 3780 3425 3837 continuo

95 3859 193 3908 τίκα
221 3869 386 3915 τοῦτον
437 3863 668 3928 ἐξελθεῖν
723 3869 854 3939 πρὸς
906 3866 1088 3934 αὐτὴν,
1139 3871 1207 3930 ὡς
1244 3873 1373 3943 προς
1430 3873 1637 3944 Μητέρα

1868 3866 1992 3923 ictis
2017 3867 2295 3923 omnibus
2339 3868 2420 3925 ad
2460 3884 2521 3924 se
2564 3884 2942 3940 egressurum
2981 3870 3155 3943 quasi
3196 3868 3276 3927 ad
3296 3870 3410 3925 Ma-

96 3945 407 4004 καταλιπόντα
432 3956 673 4015 πάντας,
734 3954 793 4006 Ὀ
846 3952 906 4008 δὲ
968 3964 1120 4010 τοῦτο
1167 3962 1338 4029 γνοὺς,
1391 3956 1638 4032 ἀντέπραξ

1884 3972 1947 4011 n.
1975 3958 2045 4011 At
2078 3955 2175 4012 ille
2199 3957 2312 4013 hoc
2351 3957 2589 4028 cognito
2619 3959 2981 4015 contrarium
3005 3958 3213 4031 potius
3243 3957 3384 4015 fecit
3413 3973 3426 4015 :

95 4030 272 4105 μᾶλλον,
308 4044 394 4094 καὶ
447 4043 511 4095 οὗ
561 4047 729 4116 μόνον
767 4043 861 4096 οὐκ
914 4043 1093 4107 ἐξῆλθε
1138 4049 1266 4119 πρὸς
1313 4046 1495 4113 αὐτὴν,
1544 4030 1634 4099 ἄλλ

1888 4060 1984 4099 non
2014 4045 2212 4101 solum
2241 4045 2321 4102 ad
2343 4045 2502 4101 illam
2531 4062 2653 4102 non
2681 4051 2769 4103 est
2787 4030 3086 4117 egressus,
3110 4047 3216 4104 sed
3237 4048 3430 4120 magis

93 4138 169 4209 ξαι
193 4126 379 4194 μᾶλλον,
414 4127 491 4183 δι’
530 4132 607 4184 ὧν
651 4127 780 4198 εἶπε,
835 4138 1164 4207 κατῄσχυνεν
1204 4135 1373 4209 ἠρέμα
1405 4139 1492 4188 τὸν
1533 4137 1635 4208 φιλί

1888 4133 1968 4188 bis
2006 4132 2129 4189 suis
2167 4132 2555 4191 intentionem
2592 4134 2769 4207 illius,
2808 4152 2934 4208 qua
2970 4136 3285 4207 gloriolam
3328 4152 3430 4193 ve-

98 4201 222 4296 ξαξον
245 4222 429 4271 σκοπὸν
462 4220 604 4280 αὖτῆ
618 4241 663 4288 ς,
687 4226 779 4274 καὶ
807 4225 864 4274 τό
892 4226 1193 4296 τυραννικὸν
1229 4226 1387 4286 πάθος
1414 4233 1511 4287 τῆς
1537 4244 1640 4278 κενο

1890 4227 2057 4289 tatur,
2099 4223 2386 4289 confudit,
2419 4228 2477 4280 et
2500 4201 2877 4296 tyrannicum
2903 4201 3071 4282 vanae
3109 4224 3311 4295 gloriae
3340 4224 3432 4281 af-

96 4292 247 4362 δθξίας
280 4303 543 4364 ἀπήλασεν
557 4350 573 4365 .
956 4292 965 4296 -

956 4292 965 4296 ’
1781 4310 2001 4368 fectum
2027 4310 2255 4381 abegit.

92 4392 261 4500 ὮΚιῇ
320 4394 415 4451 II".
485 4398 578 4451 Ἐν
673 4394 735 4451 δε
799 4407 862 4472 τῇ
933 4401 1101 4476 ἡμέρᾳ
1160 4401 1324 4475 ἐκεινη
1383 4404 1634 4462 καθῆσθα

1889 4406 2001 4472 Lap.
2040 4401 2179 4455 XIII.
2214 4398 2378 4455 Vers.
2422 4402 2474 4455 1.
2505 4401 2578 4456 In
2607 4400 2699 4456 die
2725 4406 2921 4457 autem
2950 4399 3052 4456 illo
3085 4430 3150 4441 —
3186 4414 3342 4500 vers.
3376 4400 3431 4454 2.

106 4478 142 4523 Η
200 4478 341 4553 οἰκία,
397 4491 541 4548 τινός
611 4484 679 4545 ἦν
742 4495 842 4540 τῶν
900 4489 1321 4543 πλιστευσάντων
1369 4493 1442 4555 εἰς
1496 4492 1648 4545 αὐτόν

1889 4490 2035 4546 feret.
2059 4490 2282 4545 Domus
2310 4492 2435 4545 erat
2464 4488 2715 4560 alicujus
2740 4488 2839 4559 qui
2869 4487 2929 4544 in
2968 4488 3139 4544 illum
3178 4486 3431 4544 credide-

98 4558 327 4621 Ἐκάθισεν
354 4572 442 4625 οὖν
494 4579 653 4650 παρὰ
691 4581 787 4635 τὴν
828 4577 1116 4649 θάλασσαν,
1158 4576 1251 4633 διὰ
1292 4585 1386 4639 τήν
1433 4582 1640 4656 εὐρυχω

1892 4624 1893 4629 η
1927 4578 2180 4635 Sedebat
2205 4592 2346 4648 ergo
2374 4564 2541 4649 juxta
2571 4558 2732 4633 mare
2754 4558 2990 4649 propter
3014 4576 3131 4633 loci
3159 4575 3434 4649 amplitu-

95 4654 192 4719 ρίτδ
220 4668 303 4710 τοῦ
347 4670 534 4722 τόπου.
573 4664 785 4718 Πολλοῦ
832 4662 890 4719 δὲ
932 4667 1158 4730 πλήθους
1214 4668 1637 4743 ἐπισυναχθέντο.

1894 4684 1989 4725 em
2003 4682 2228 4741 magna
2242 4682 2383 4724 vero
2402 4665 2842 4724 multitudinem
2859 4666 3007 4725 inibi
3026 4664 3436 4739 aggregata,in

156 4830 197 4867 θ’
218 4833 349 4895 Luc-
377 4858 461 4912 xz,
486 4845 589 4900 2'7.
680 4844 726 4878 ’7
753 4841 898 4900 ibid.
930 4843 1017 4901 28.

1313 5024 1539 5100 Variae
1576 5028 1906 5098 lectiones
1937 5035 2004 5096 et
2042 5033 2246 5095 notae.

151 5210 223 5428 {gi
247 5224 349 5285 τοῦ,
378 5218 576 5278 Abest
619 5223 699 5277 A-

253 5289 433 5348 lutet].
469 5298 782 5366 music.

173 5354 203 5411 8
254 5357 440 5420 lutei].
462 5368 821 5428 συγιέκιανο

652 5228 699 5276 ι.
1897 5223 1952 5295 9)
1978 5226 2100 5277 εκεῖ.
2135 5225 2194 5278 Β.

652 5298 782 5354 ναῖς.
1873 5223 1988 5428 (10)
2192 5298 2194 5302 ⁴

652 5383 821 5417 κιανο
1899 5365 1961 5418 11
2017 5383 2171 5418 αυτόν

469 5298 782 5366 συγγενεῖς.

1875 5288 1987 5366 (1'0)
2010 5297 2169 5349 Trm.
2192 5288 2309 5366 v11,
2333 5305 2474 5366 pag.
2501 5292 2625 5349 467.
2655 5292 2719 5349 ο.

176 5223 203 5269 6
247 5224 349 5285 τοῦ,
378 5223 576 5278 Abest
619 5223 699 5277 A.

173 5223 223 5428 7i
253 5289 433 5348 lutei].
469 5298 782 5366 music.

173 5354 203 5411 8
254 5357 440 5420 lutei].
462 5368 821 5439 συγγένειαν

1897 5223 1952 5295 9)
1978 5226 2100 5277 εκεῖ.
2135 5225 2195 5278 Β.

732 5298 782 5354 ἴς.
1873 5223 1988 5437 (10)
2192 5289 2274 5348 Ἦ]

732 5383 821 5417 ανι
1899 5365 1961 5418 11
2017 5383 2171 5418 αυτόν
2199 5364 2274 5423 Α.

154 5528 229 5609 (ξε)
258 5532 504 5615 Βιὶεξιμ-
526 5537 808 5595 custodit.
837 5536 1019 5615 Dixit,
1038 5557 1169 5612 qua:
1197 5538 1565 5598 voluntatem
1584 5542 1698 5615 _De1
1842 5517 2181 5613 ’Ταηᾳιιαγη
2207 5568 2269 5578 -
2290 5542 2598 5615 accederet.
2649 5545 2957 5615 Tanquam
3008 5541 3081 5598 de
3134 5555 3196 5597 re
3243 5538 3447 5596 dome-

95 5598 310 5684 faciunt.
341 5608 635 5684 Voluntas
682 5619 885 5666 autem
925 5598 1321 5684 Deiiservare
1347 5598 1697 5684 evangelica
1810 5614 1958 5671 stica
1986 5598 2125 5670 cum
2156 5629 2227 5670 eo
2254 5598 2430 5684 agere
2469 5598 2661 5670 vellet.

94 5683 361 5750 Praecpta
386 5688 444 5737 et
471 5682 741 5738 salutem
781 5683 1092 5753 consequi.

534 5769 795 5827 Par-nou.
837 5770 945 5826 Gn.
988 5769 1231 5830 CXXIX.

2979 5769 3047 5823 13
