3906 6202
411 289 517 343 395
1747 287 2089 347 EUTHYMII
2128 287 2450 347 ZIGABENI
3663 291 3772 353 396

411 427 651 482 gressus
670 414 874 471 navim
900 430 1030 487 quae
1056 415 1116 472 in
1139 420 1379 488 portum
1399 416 1660 474 addtuca
1699 432 1819 482 era,
1841 416 2049 473 sedens

2169 417 2406 469 εἰσελθὼν
2455 417 2523 479 εἰς
2561 416 2735 470 πλοῖον
2775 418 3130 490 ὁρμιζόμενον,
3163 420 3381 478 ἐκάθητο
3419 421 3631 475 α’λιεύων
3655 428 3774 484 τοὺς

411 503 748 574 piscabatur
776 519 875 559 eos
906 504 1007 576 qui
1044 509 1208 561 erant
1248 505 1309 560 in
1339 510 1514 561 terra.

786 593 948 646 CAP.
991 596 1213 650 XXXIV.
1246 595 1328 651 De
1353 595 1672 664 parabolis.

481 681 651 738 Vers.
681 683 733 737 2.
771 682 1086 754 Omnisque
1124 716 1191 724 -—
1226 684 1550 752 parabolis.
1585 684 1693 738 Per
1730 682 2055 756 parabolas

409 784 652 827 omnem
690 771 849 826 hunc
879 773 1018 828 texit
1047 789 1384 828 sermonem
1420 789 1431 826 :
1466 789 1532 827 eo
1572 772 1734 842 quod
1778 773 2054 827 maximae

407 859 616 925 turbae,
660 860 908 916 immisti
941 866 1134 916 essent
1177 861 1376 932 plures
1409 861 1624 917 Scribae
1667 867 1721 915 et
1754 861 2051 928 Pharisaei,

407 948 624 1019 quibus
663 949 902 1005 nolebat
931 951 1211 1006 doctrinas
1241 952 1405 1006 nuda
1434 966 1767 1022 proponere
1801 956 2050 1013 secreta,

409 1042 650 1109 propter
678 1038 1014 1094 insanabile
1044 1038 1276 1094 illorum
1304 1039 1531 1094 vitium.

479 1216 642 1270 Vers.
699 1219 749 1270 3.
801 1215 1012 1272 Dicens
1060 1233 1071 1271 :
1132 1247 1200 1257 -—
1246 1216 1321 1273 ad
1370 1216 1802 1273 seminandum.
1868 1217 2053 1271 Lucas

406 1307 606 1359 autem
658 1303 902 1372 addidit,
961 1319 1170 1362 semem
1217 1322 1381 1362 suum
1444 1306 1512 1359 9⁸.
1575 1307 1683 1370 Qui
1734 1304 2054 1360 seminabat

405 1395 530 1447 erat
572 1391 834 1448 Christus
873 1395 1139 1462 docens;
1187 1409 1393 1449 semen
1435 1409 1573 1449 vero
1625 1410 1822 1461 suum,
1858 1408 2054 1448 sermo

404 1479 686 1536 doctrinm
732 1480 909 1536 illius.
963 1481 1154 1539 Exivit
1195 1497 1338 1552 ergo
1382 1482 1444 1538 in
1487 1481 1749 1538 civitates
1792 1487 1848 1537 et
1890 1481 2053 1537 vicos

402 1567 616 1624 Iudaeae
655 1567 734 1625 ad
761 1570 963 1641 ipsum
991 1570 1412 1628 seminandum
1441 1570 1502 1626 in
1541 1575 1758 1626 terram
1799 1569 2053 1624 intellec-

401 1657 626 1714 tualem
672 1657 1010 1717 animaram
1047 1659 1478 1728 humanarum,
1520 1659 1643 1715 sive
1681 1658 1743 1714 in
1783 1663 2043 1714 mentem

399 1744 657 1803 illorum.

471 1837 629 1891 Vers.
697 1839 750 1891 4.
821 1838 896 1892 Et
955 1838 1093 1894 dum
1146 1868 1216 1880 —
1279 1838 1411 1895 illa.
1476 1838 1892 1908 Interpretatus
1959 1840 2050 1891 est

401 1922 664 1979 Christus
700 1923 827 1996 ipse
861 1925 1014 1981 hanc
1051 1925 1426 1998 parabolam,
1468 1930 1524 1981 et
1560 1941 1662 1981 eas
1690 1941 1826 1996 qua:
1865 1924 1925 1980 in
1963 1939 2048 1980 se-

399 2011 724 2083 quentibus
749 2019 1054 2084 ponuntur
1095 2032 1108 2081 ;
1163 2015 1430 2070 dicemus
1470 2019 1670 2068 tamen
1719 2017 1776 2068 et
1833 2028 1940 2068 nos
1971 2012 2045 2067 de

397 2099 538 2171 ipsis
563 2101 730 2172 juxta
769 2102 938 2158 vires.
983 2106 1088 2159 Via
1126 2103 1337 2158 dicitur
1367 2105 1469 2175 qui
1509 2103 1705 2173 segnis
1745 2107 1834 2157 est
1875 2119 1887 2156 :
1941 2103 2044 2172 qui

397 2189 647 2245 verbum
687 2190 970 2247 doctrinae
1010 2191 1217 2248 auditu
1246 2192 1491 2264 quidem
1526 2191 1792 2262 percipit,
1832 2205 2039 2244 verum

396 2277 542 2333 illud
599 2279 662 2334 in
705 2280 883 2336 corde
927 2297 1036 2336 suo
1073 2297 1196 2353 prae
1245 2281 1488 2352 segnitie
1536 2295 1651 2335 non
1702 2279 2038 2345 abscondit,

397 2366 503 2421 sed
545 2367 716 2439 quasi
766 2370 856 2425 via
908 2371 1274 2436 conculcata,
1328 2370 1579 2442 ideoque
1627 2368 1798 2436 dura,
1845 2369 2043 2440 ipsum

396 2452 510 2511 fert
547 2455 750 2512 leviter
783 2458 1150 2530 impositum.
1193 2458 1469 2514 Volucres
1509 2463 1704 2513 autem
1746 2457 1877 2512 ειειὶ
1917 2456 2040 2511 dae-

396 2543 604 2600 monia
631 2550 768 2601 sunt
798 2545 858 2600 in
888 2563 1017 2603 aere
1056 2547 1384 2603 habitantia
1421 2548 1584 2617 (nam
1611 2551 1668 2603 et
1698 2561 1890 2603 aerem
1925 2561 2038 2600 cce-

396 2631 522 2687 lum
553 2633 872 2706 appellavit
905 2636 1227 2708 Scriptura)
1259 2651 1393 2707 quae
1426 2651 1604 2706 super
1641 2635 1840 2706 ipsum
1869 2633 2044 2689 devo-

393 2720 606 2789 lantes,
639 2723 804 2795 quod
831 2724 889 2779 in
919 2725 1097 2780 corde
1124 2725 1248 2796 ejus
1279 2724 1638 2780 seminatum
1663 2727 1808 2789 erat,
1835 2722 2044 2778 tollunt

395 2813 598 2880 utpote
627 2826 750 2867 non
779 2812 1142 2869 occultatum
1186 2830 1198 2867 :
1231 2813 1393 2883 quod
1431 2813 1590 2868 enim
1631 2812 1844 2867 dicitur
1885 2829 1897 2862 :
1936 2812 2042 2866 Co-

394 2901 722 2967 mederunt,
765 2900 924 2957 idem
955 2907 1046 2958 est
1098 2918 1168 2959 ac
1199 2902 1249 2958 si
1278 2903 1529 2970 dicatur,
1564 2901 1936 2960 abstulerunt
1985 2903 2042 2955 et

395 2994 808 3060 corruperunt.

467 3077 624 3132 Vers.
645 3077 699 3133 5.
728 3078 866 3135 Alia
887 3094 1016 3136 vero
1039 3095 1270 3138 --vers.
1302 3083 1352 3137 6.
1381 3083 1765 3137 exaruerunt.
1803 3082 2043 3136 Petrosa
2078 3087 2118 3166 ε

393 3163 526 3222 loca
563 3166 974 3239 pusillanimis
999 3174 1087 3226 est
1131 3174 1232 3226 aut
1284 3169 1450 3242 parvi
1498 3171 1679 3226 homo
1716 3170 1892 3226 animi
1940 3170 2040 3242 qui

395 3269 597 3311 semen
653 3256 904 3328 quidem
945 3258 1006 3313 in
1062 3259 1236 3314 corde
1294 3275 1404 3314 suo
1452 3259 1781 3325 abscondit,
1840 3275 2042 3314 verum

395 3360 507 3400 non
537 3345 718 3401 habet
747 3350 955 3402 terram
986 3348 1235 3404 multam
1275 3347 1398 3404 sive
1435 3347 1899 3419 profunditatem
1933 3364 1945 3402 :
1981 3347 2040 3402 in

394 3449 512 3504 quo
543 3433 816 3504 protinus
855 3440 1059 3492 exorta
1097 3441 1184 3491 est
1213 3436 1376 3501 ﬁdes,
1414 3451 1531 3490 non
1576 3442 1772 3491 tamen
1796 3435 2043 3490 ﬁrmiter

397 3520 669 3587 solidata,
702 3538 772 3577 eo
798 3523 961 3594 quod
990 3523 1389 3588 stabilitatem,
1425 3528 1486 3579 ut
1517 3525 1738 3578 dictum
1779 3528 1884 3588 est,
1921 3539 2040 3577 non

394 3608 632 3664 habeat.
678 3613 821 3664 Nam
872 3626 1006 3681 quas
1041 3611 1283 3666 modica
1333 3616 1484 3666 terra
1527 3610 1886 3676 ocultantur,
1947 3626 2040 3664 ve-

395 3693 592 3750 lociter
621 3696 982 3763 exoriuntur,
1037 3699 1159 3753 sole
1208 3702 1407 3754 autem
1456 3705 1677 3764 exorto,
1719 3698 1853 3752 dico
1899 3714 2042 3754 sane

395 3784 703 3854 proposita
756 3785 1099 3840 tentationis
1157 3785 1530 3856 probatione,
1588 3791 1916 3842 exuruntur
1975 3803 2043 3843 ac

396 3870 838 3928 inﬂammantur
871 3890 883 3928 :
921 3879 976 3930 et
1021 3873 1167 3946 quia
1205 3874 1464 3929 radicem
1495 3889 1614 3930 non
1649 3875 1885 3940 habent,
1922 3892 2044 3946 qua

396 3959 816 4030 refrigerentur
885 3962 1005 4019 sive
1073 3962 1464 4031 stabiliantur,
1537 3967 1911 4029 exarescunt,
1981 3963 2044 4018 ﬁ-

397 4050 655 4123 demque
690 4051 965 4125 produnt.

466 4143 624 4197 Vers.
671 4142 722 4196 7.
763 4141 909 4197 Alia
969 4148 1254 4199 autem—
1283 4143 1412 4206 illa,
1467 4141 1664 4214 Spinae
1727 4145 1864 4197 sunt
1912 4142 2044 4197 vitae

397 4230 754 4300 sollicitudo,
769 4246 1040 4303 pungens
1057 4231 1325 4288 animam
1343 4247 1412 4288 ac
1425 4231 1707 4302 dejiciens
1729 4252 1738 4296 ;
1761 4236 2045 4304 praeterea

398 4326 453 4374 et
495 4320 766 4393 deceptio
807 4320 1163 4385 divitiarum,
1216 4320 1366 4376 sicut
1405 4325 1461 4377 et
1503 4321 1727 4376 deliJiee
1777 4337 1847 4377 ac
1891 4337 2045 4377 vana

399 4409 605 4480 gloria,
650 4409 970 4466 vinolentia
1028 4409 1131 4481 (m)
1186 4411 1420 4482 aliaque
1485 4409 1855 4480 hujusmodi,
1911 4426 2045 4482 quas

398 4501 602 4555 omnia
653 4506 790 4557 sunt
827 4515 990 4556 mera
1027 4499 1292 4570 deceptio
1347 4515 1357 4553 :
1414 4499 1577 4554 bona
1631 4499 1922 4569 siquidem
1965 4499 2047 4554 vi-

399 4585 631 4651 dentur,
658 4603 866 4643 verum
905 4593 1180 4660 pungunt
1221 4593 1278 4644 et
1305 4589 1431 4643 haec
1461 4588 1520 4642 in
1553 4589 1803 4642 modum
1836 4587 2044 4657 spinae,

401 4688 471 4730 ac
494 4675 745 4732 molesta
770 4681 926 4732 sunt.
960 4679 1356 4734 Ascenderunt
1381 4679 1601 4743 autem,
1634 4676 1747 4732 hoc
1778 4679 1886 4741 est,
1927 4692 2048 4734 cre-

399 4767 630 4826 verunt,
663 4765 1024 4835 potentiores
1051 4766 1274 4824 effectae
1305 4772 1458 4822 sunt.

474 4947 522 4983 ⁸⁸
563 4947 697 5004 Luc.
727 4961 848 5013 vni,
879 4949 929 5002 5.

2330 513 2420 577 7r?-

2489 600 2632 647 ΚΕΦ.
2667 593 2781 647 ΚΔ’.
2827 600 2944 669 Περὶ
2987 604 3086 665 τῷν
3117 597 3441 672 παραϐολῶν.

2239 687 2340 733 Καὶ
2394 688 2491 742 πᾶς
2539 714 2606 722 —
2645 683 2990 758 παραϐολαῖς,
3049 688 3144 737 Διά
3205 686 3509 760 παραϐολῶν
3568 691 3770 761 ὑφαίνει

2166 772 2357 826 ταύτην
2388 776 2559 822 πᾶσαν
2617 777 2708 830 την
2749 773 2971 843 ὁμιλίαν,
3017 771 3110 825 δια
3166 778 3222 826 τὸ
3280 775 3637 848 ἀναμεμίχθαι
3679 788 3769 830 νῦν

2165 857 2382 927 μάλιοτα
2443 868 2552 922 τοῖς
2605 861 2780 930 ὄχλοις
2860 861 3076 922 πολλοὺς
3143 869 3469 937 Γραμματεῐς
3527 873 3614 919 καὶ
3664 875 3767 920 Φα-

2163 951 2418 1017 ρισαὶους,
2467 945 2543 1008 οἷς
2581 950 2674 1000 οὐκ
2729 949 2960 1002 ἐϐούλετο
2997 949 3171 1022 γυμνὰ
3237 955 3503 1026 προθεῖναι
3558 959 3622 1006 τα
3672 965 3765 1018 τῆς

2165 1032 2516 1099 διδασκαλίας
2564 1044 2853 1113 μυστήρια,
2915 1037 3008 1091 δια
3055 1046 3146 1100 τὴν
3179 1040 3377 1094 ἀνίατον
3422 1049 3608 1096 κακίαν
3664 1046 3764 1097 αὐ-

2162 1131 2281 1179 τῶν.

2235 1217 2411 1284 Λέγων
2456 1247 2521 1255 -
2585 1224 2676 1268 τοῦ
2727 1225 2956 1289 σπεῖραι.
3016 1217 3074 1270 Ὀ
3130 1216 3188 1271 δὲ
3245 1227 3448 1281 Λουκᾶς
3501 1225 3760 1294 προσέθη-

2163 1320 2264 1367 κεν,
2300 1304 2377 1354 ὅτι
2402 1307 2487 1355 τὸν
2517 1310 2708 1379 σπόρον
2752 1306 2934 1362 αὐτοῦ.
3002 1312 3101 1360 Καὶ
3161 1314 3382 1383 σπείρων
3435 1315 3524 1381 μέν
3588 1311 3759 1382 ἐστιν,

2163 1391 2189 1441 ὁ
2221 1395 2452 1465 Χριστὸς
2499 1389 2791 1446 διδάσκων
2829 1399 3016 1468 σπόρος
3075 1393 3134 1449 δὲ
3165 1397 3342 1464 αὑτοῦ,
3393 1400 3418 1450 ὁ
3469 1399 3620 1470 λόγος
3662 1409 3759 1463 τῆς

2164 1475 2517 1542 διδασκαλίας
2569 1483 2747 1538 αὐτοῦ.
2812 1488 2910 1536 Καὶ
2971 1483 3148 1547 ἐξῆλθε
3193 1489 3282 1558 μὲν
3339 1487 3407 1549 εἰς
3452 1491 3540 1548 τὰς
3584 1489 3759 1552 πόλεις

2162 1573 2251 1619 καὶ
2278 1575 2453 1641 κώμας
2482 1578 2570 1631 τῆς
2601 1568 2884 1638 Ἰουδαίας,
2933 1569 3026 1625 διὰ
3063 1577 3121 1625 τὸ
3154 1582 3363 1647 σπεῖραι
3395 1583 3575 1628 τοῦτον
3615 1577 3664 1629 ἓν
3691 1585 3753 1636 τῆ

2161 1665 2318 1729 νοητῇ
2375 1679 2440 1731 γη
2475 1667 2572 1711 τῶν
2622 1659 2950 1733 ἀνθρωπίνων
3005 1661 3218 1733 ψυχῶν,
3261 1667 3442 1735 ἤγουν,
3487 1664 3537 1717 ἐν
3575 1675 3647 1736 τῷ
3676 1671 3754 1718 νοὲ

2084 1767 2128 1824 B
2160 1747 2351 1797 τούτων
2365 1790 2377 1801 .

2235 1839 2334 1886 Καί
2383 1834 2431 1886 ἐν
2495 1867 2560 1876 -
2612 1837 2762 1890 αὐτοί.
2819 1839 3139 1913 Ἦρμήνευσε
3182 1843 3272 1912 μὲν
3321 1845 3515 1902 ταύτην
3556 1863 3610 1896 τί
3662 1849 3757 1902 τὴν

2157 1922 2454 1996 παραϐολὴν
2483 1930 2572 1977 καὶ
2611 1929 2699 1986 τὰς
2730 1925 2909 1998 ἐφεξῆς
2939 1929 2964 1978 ὁ
3009 1933 3235 2000 Χριστὸς
3286 1936 3478 2003 προῖὼν
3547 1949 3559 1960 ·
3609 1932 3759 2007 ἐροῦ-

2154 2030 2243 2082 μεν
2271 2009 2329 2064 δὲ
2359 2019 2444 2064 καὶ
2497 2015 2665 2084 ἡμεῖς,
2717 2017 2782 2074 ὡς
2831 2012 3066 2070 δυνατόν.
3109 2013 3260 2077 Ὀδός
3312 2019 3616 2090 ὠνόμασται
3667 2029 3757 2073 νῦν

2154 2100 2458 2173 ὀρᾴθυμος,
2525 2104 2548 2152 ὁ
2599 2101 2892 2166 ἐνωτισθέὶς
2939 2108 3027 2176 μὲν
3080 2109 3166 2156 τὸν
3221 2106 3369 2177 λόγον
3431 2116 3525 2170 τῆς
3595 2105 3758 2161 διδα-

2155 2188 2390 2250 σκαλίας,
2444 2187 2534 2241 διὰ
2585 2191 2846 2263 ῥᾳθυμίαν
2896 2190 2954 2244 δὲ
3024 2199 3095 2264 μὴ
3130 2195 3469 2267 κατακρύψας
3519 2196 3753 2249 αὑτὸνέν

2151 2286 2211 2348 τῇ
2273 2276 2466 2350 καρδίᾳ
2519 2279 2697 2345 αὑτοῦ,
2759 2279 2884 2332 ἀλλά
2941 2284 3170 2356 καθάπερ
3217 2282 3333 2344 ὁδὸς
3380 2305 3755 2343 καταπεπατη-

2153 2371 2298 2437 μένη,
2358 2373 2446 2418 καὶ
2492 2365 2584 2418 διὰ
2631 2377 2782 2420 τοῦτο
2842 2370 3060 2442 σκληρὰ,
3118 2377 3276 2446 φέρων
3329 2373 3479 2425 αὐτὸν
3542 2373 3756 2446 ἀκροθι-

2151 2463 2252 2525 γῶς
2301 2453 2633 2526 ἐπικείμενον.
2682 2461 2890 2509 Πετεινὰ
2949 2455 3007 2511 δὲ
3044 2469 3135 2511 τοῦ
3191 2462 3408 2534 οὐρανοῦ
3460 2464 3526 2513 τὰ
3581 2465 3633 2513 ἐν
3681 2472 3756 2532 τῷ

2154 2543 2264 2616 ἀέρι
2292 2539 2609 2616 διαιτωμένα
2648 2542 2896 2617 δαιμόνια
2931 2565 2942 2576 ·
2977 2549 3189 2622 οὐρανὸν
3219 2551 3340 2621 γὰρ,
3372 2555 3459 2601 καὶ
3489 2553 3575 2601 τὸν
3625 2555 3758 2622 ἀέρα

2153 2631 2392 2689 κέκληκεν
2419 2634 2484 2702 γὴ
2522 2639 2693 2706 Γραφη
2713 2634 2888 2686 ’ἅτινα
2917 2633 3505 2708 ἐπίκαταπτοξντααυτῷ,
3526 2642 3748 2712 αἴρουσι

2151 2722 2207 2771 τὸ
2239 2718 2552 2791 ἐσπαρμένον
2593 2722 2640 2771 ἐν
2684 2729 2745 2792 τῇ
2778 2718 2975 2796 καρδίᾳ
3017 2723 3195 2789 αὐτοῦ,
3251 2726 3318 2786 ὡς
3369 2729 3439 2797 μὴ
3482 2745 3758 2800 κατακρυο

2153 2805 2254 2860 ϐἐν.
2309 2812 2574 2879 Κατέφαγε
2614 2810 2737 2880 γὰρ,
2787 2807 2898 2861 ἀντὶ
2928 2818 3039 2879 τοῦ,
3076 2811 3331 2885 Ἀφείλετο
3381 2818 3469 2865 καὶ
3520 2810 3758 2884 διέφθει-

2150 2915 2253 2970 ρεν.

2221 3071 2383 3126 Ἀλλα
2433 3070 2490 3126 δὲ
2547 3105 2614 3114 —
2666 3073 2940 3146 ἐξηράνθη.
3003 3073 3249 3150 Πετρώδη
3303 3082 3432 3150 μέρη
3494 3078 3664 3145 ἐστὶν,
3727 3080 3755 3130 ὁ

2151 3161 2506 3236 μικρόψυχος,
2540 3164 2564 3214 ὁ
2600 3163 2937 3236 κατακρύψας
2994 3168 3084 3236 μὲν
3113 3169 3171 3217 τὸ
3228 3170 3418 3241 σπαρὲν
3445 3171 3495 3219 ἐν
3527 3176 3590 3239 τῇ
3625 3188 3758 3240 καρο

2153 3248 2246 3322 δὶα
2275 3251 2453 3316 αὐτοῦ,
2478 3256 2548 3322 μὴ
2574 3254 2708 3322 ἔχων
2741 3249 2799 3303 δέ
2819 3261 2914 3323 ’γῆν
2945 3253 3152 3324 πολλὴν,
3184 3258 3317 3326 ἤτοι,
3355 3257 3754 3329 σταθηροτητα,

2151 3339 2274 3411 παρ’
2341 3341 2485 3409 ᾧτινι
2535 3339 2806 3402 ἐξανέτειλε
2854 3344 2942 3413 μὲν
3012 3342 3201 3394 αὐτίκα
3249 3345 3278 3401 ἡ
3341 3349 3537 3408 πίστίς,
3591 3351 3757 3416 μήπω

2150 3430 2435 3502 ῥιζωθείσα
2485 3428 2728 3501 βεϐαίως,
2765 3427 2858 3482 διὰ
2895 3435 2951 3482 τὸ
3001 3436 3072 3503 μὴ
3115 3434 3254 3502 ἔχειν
3291 3433 3468 3503 αὐτὸν,
3516 3437 3584 3494 ὡς
3616 3438 3758 3507 εῖρηο

2151 3537 2258 3584 ται,
2292 3520 2680 3588 σταθηροτητα.
2713 3514 2944 3571 Τοιαῦτα
2969 3522 3066 3591 γὰρ
3100 3524 3163 3572 τὰ
3193 3523 3240 3572 ἑν
3267 3520 3413 3593 ὀλίγη
3447 3541 3762 3596 κατακρυπ-

2151 3610 2340 3678 τὸμένα
2363 3615 2454 3678 γῇ,
2486 3612 2691 3678 ταχέως
2721 3607 3156 3670 ἐξανατελλουσινο
3188 3610 3332 3668 ἡλίου
3376 3607 3433 3662 δὲ
3461 3609 3760 3663 ἀνατείλαν-

2151 3715 2256 3758 τος,
2311 3695 2438 3766 λέγω
2494 3693 2586 3761 δὴ,
2641 3702 2916 3768 πυρώσεως
2971 3706 3265 3769 πειρασμοῦ
3322 3699 3762 3771 προσϐαλούσης,

2153 3782 2509 3855 ἐκαυματίσθη
2558 3790 2645 3837 καὶ
2679 3785 2982 3857 ἐφλογίσθη,
3013 3791 3100 3838 καὶ
3132 3783 3224 3839 διὰ
3253 3792 3307 3839 τὸ
3328 3792 3398 3860 μὴ
3427 3790 3570 3860 ἐχειν
3599 3790 3764 3862 ῥίζαν

2154 3872 2265 3943 (12)
2300 3871 2701 3944 ἀναψύχουσαν,
2744 3877 2930 3941 εἰτουν,
2987 3871 3288 3948 ἐδραίωσιν,
3334 3875 3615 3949 ἐξηράνθη,
3666 3885 3763 3931 καὶ

2153 3957 2454 4034 προδέδωκε
2480 3966 2566 4019 τὴν
2589 3967 2787 4015 πίστιν.

2224 4137 2381 4190 *Αλλα
2418 4135 2475 4190 δὲ
2508 4171 2572 4180 -
2603 4139 2752 4193 αὐτοί.
2797 4138 3051 4192 Ἀκανθαί
3107 4140 3257 4206 εἰσιν,
3325 4143 3354 4200 ἠ
3412 4146 3640 4215 μέριμνα
3668 4151 3766 4196 τοῦ

2157 4225 2291 4298 βίου,
2336 4236 2584 4280 κεντοῦσα
2639 4233 2728 4280 καὶ
2785 4231 3040 4281 νύττουσα
3088 4233 3172 4281 καὶ
3221 4235 3604 4282 κατατέινουσα
3675 4239 3768 4289 τήν

2154 4314 2358 4386 ψυχήν.
2404 4314 2522 4370 "En
2570 4312 2629 4368 δὲ
2685 4321 2773 4369 καὶ
2811 4319 2840 4375 ἡ
2903 4315 3075 4376 ἀπάτη
3126 4325 3216 4370 τοῦ
3280 4318 3527 4384 πλούτου,
3591 4322 3706 4373 οἷον
3739 4323 3768 4378 ἑ

2155 4409 2346 4476 τρυφὴ,
2380 4406 2408 4462 ἡ
2452 4401 2740 4473 κενοδοξία,
2791 4407 2820 4464 η
2855 4408 3050 4470 οἴησις,
3112 4412 3201 4458 καὶ
3248 4409 3310 4458 τὰ
3359 4415 3599 4473 τοιαῦτα,
3627 4409 3770 4482 εἰπερ

2157 4491 2356 4545 ἅπαντα
2386 4497 2556 4552 απάτη
2617 4500 2770 4566 μόνον
2819 4494 2969 4546 εἰσίν.
3014 4500 3232 4546 Δοκοῦσι
3269 4498 3356 4558 μὲν
3404 4499 3504 4568 γὰρ
3563 4495 3773 4567 ἀγαθὰ,

2158 4583 2251 4633 οὐκ
2282 4583 2383 4634 εἰσὶ
2425 4583 2500 4634 ὸὲ.
2539 4589 2784 4636 Κεντοῦσι
2838 4579 2894 4635 δὲ
2932 4587 3021 4635 καὶ
3074 4592 3257 4650 ταῦτα,
3317 4580 3470 4641 δίκην
3505 4583 3774 4652 ἀκάνθης,

2157 4678 2246 4725 καὶ
2275 4672 2596 4744 ἐνοχλοῦσιν.
2632 4671 2918 4730 Ἀνέϐησαν
2963 4668 3039 4739 δὲ,
3095 4670 3209 4724 ἀντὶ
3261 4679 3374 4738 τοῦ,
3426 4672 3778 4743 ηὐξήθησαν,

2159 4764 2285 4838 ὑπερ
2294 4768 2424 4835 ίσχυ
2434 4783 2527 4816 σαν
2536 4802 2549 4817 .

1608 5066 1834 5138 Varia;
1861 5066 2190 5137 lectiones
2222 5076 2289 5135 et
2318 5075 2521 5135 notae.

473 5260 935 5352 (1.2)ΙἚδραίωσις,
976 5262 1275 5352 eleganter
1299 5263 1522 5352 dicitur
1565 5263 1640 5321 de
1683 5264 1839 5352 ρίζᾳ,
1900 5265 2043 5321 item

399 5334 713 5412 éyétogtg.__'
743 5334 1049 5412 Ἀναψύκειν
1083 5334 1088 5335 “
1121 5341 1321 5392 autem
1385 5335 1599 5412 dicitur
1670 5334 1815 5412 ﬁcu,
1902 5353 2042 5412 cum

399 5405 590 5466 eterra
601 5405 879 5464 collectos
897 5408 1180 5463 humores
1197 5421 1300 5477 per
1321 5407 1562 5465 canales
1585 5405 1826 5465 sursum
1844 5409 2038 5475 mittit,

2151 5267 2331 5330 atque
2366 5263 2448 5318 ita
2476 5258 2917 5330 inclementiam
2960 5255 3178 5330 caloris
3231 5257 3470 5328 mitigat
3504 5260 3561 5314 et
3598 5255 3779 5316 nefri-

2153 5325 2332 5407 gerat.
2362 5332 2599 5390 Alibide
2624 5347 2685 5388 re
2700 5329 2873 5387 simili
2889 5325 3125 5404 ἀρδεύειν
3142 5325 3394 5401 quoque
3409 5335 3777 5401 usurpatur.

473 5584 574 5657 (m)
602 5585 958 5642 Vinolentia.
1000 5585 1172 5643 Forte
1209 5585 1432 5656 legerat
1469 5586 1683 5647 οἶνωσιί
1721 5589 1912 5648 Οἵησις
1940 5591 2027 5643 est

2165 5601 2209 5644 να
2239 5586 2310 5644 de
2336 5601 2395 5644 se
2422 5585 2636 5657 opinio.

3903 5195 3906 5254 i
