3906 6202
171 306 245 367 397
1017 300 1371 360 COMMENT.
1416 302 1485 360 IN
1525 292 1975 362 MATTH/EUM.
2016 336 2085 347 -
2123 304 2277 362 CAP.
2310 306 2459 362 x111.
3308 308 3414 365 398

220 432 401 487 Ἀλλα-
443 427 619 485 καλήν.
662 433 732 486 Γῆ
774 427 902 484 καλή
951 426 1084 497 ἔστι,
1128 428 1283 500 ψυχὴ
1337 428 1507 500 ἀγαθὴ
1563 450 1652 483 και

1830 429 2000 490 Vers.
2046 433 2104 486 8.
2143 431 2287 488 Alia
2325 461 2394 471 —-
2429 429 2661 488 bonam.
2708 431 2885 487 Terra
2907 429 3069 486 bona
3096 430 3184 485 est
3208 429 3415 487 anima

166 524 328 593 ἐλευθέρα
368 526 452 570 τῶν
518 518 1060 591 προαπηριθμημένων
1130 519 1307 569 παθῶν
1373 523 1462 569 καὶ
1544 518 1651 571 ἐπι-

1812 534 1936 585 ma,
1967 526 2023 575 et
2052 520 2347 590 praedictis
2376 518 2687 576 affectibus
2712 518 2916 585 libera,
2953 534 3023 575 ac
3052 518 3414 576 conveniens

160 608 292 668 ηδιία
341 610 442 681 πρὸς
510 610 865 678 καρποφορίαν
936 604 1137 678 ἀρετῆς.
1209 604 1345 681 Ὅρα
1411 603 1488 674 δὲ,
1547 616 1650 668 πῶς

152 700 294 752 σπάνια
314 700 362 749 τὰ
384 694 526 764 καλὰ,
581 699 670 747 καὶ
726 694 891 765 ὀλίγοι
920 696 968 746 οἱ
1022 697 1326 766 σωζόμενοι.
1366 691 1507 748 ’ἰδοὺ
1546 698 1646 768 γὰρ

150 793 258 859 μόνον
303 790 347 838 τὸ
385 788 614 859 τέταρτον
686 787 839 856 μέρος
900 790 991 836 τοῦ
1046 788 1242 855 σπόρου
1308 791 1645 856 καρποφορεῖ,

151 880 195 930 τὰ
215 881 306 951 τρία
337 871 383 927 δὲ
422 876 730 947 φθείρονται.
788 876 887 925 Καὶ
917 873 942 923 ὁ
985 876 1074 945 μὲν
1123 877 1345 946 σπείρων
1398 871 1481 925 ἐπὶ
1523 875 1648 925 πάν-

148 986 209 1025 τας
247 970 419 1038 σπείρει,
475 967 546 1035 μὴ
612 954 891 1035 διαέρίνων
940 968 1119 1013 τοῦτον
1184 960 1271 1013 ἀπ’
1341 960 1552 1015 ἐκείνου.
1588 961 1648 1014 Ὀ

152 1058 191 1106 oi
225 1058 371 1126 σπόρος
407 1050 449 1103 ἒν
508 1049 678 1110 ἄλλοις
876 1048 1124 1113 ἀπώλετο,
1179 1050 1303 1125 παρ’
1355 1050 1527 1112 ἄλλοις
1588 1047 1648 1103 δὲ

142 1141 488 1193 ἑπολυπλασίασε.
538 1146 705 1192 Τοῦτο
754 1134 813 1190 δὲ
859 1142 1079 1210 γέγονεν,
1139 1138 1198 1191 οὐ
1251 1135 1345 1191 διὰ
1390 1143 1484 1197 τὴν
1552 1147 1645 1191 τοῦ

142 1235 280 1301 σπόρου
326 1231 458 1300 φύσιν
493 1244 506 1257 ⁸
563 1229 588 1278 ὁ
646 1226 804 1288 αὐτὸς
845 1229 944 1300 γάρ
997 1231 1087 1279 καὶ
1136 1226 1324 1290 ἐπίσης
1394 1232 1482 1279 καὶ
1558 1226 1641 1280 ἐπὶ

133 1319 310 1378 πάντας*
351 1315 464 1368 ἀλλά
529 1312 623 1367 διὰ
681 1317 774 1377 τὰς
832 1313 1102 1386 ἀνομοίους
1150 1321 1364 1389 γνώμας
1408 1324 1508 1369 τῶν
1549 1314 1640 1369 ἀν-

134 1407 306 1478 θρώπων,
329 1405 387 1466 εἰς
411 1404 494 1465 οὓς
531 1406 556 1456 ὀ
588 1408 783 1477 σπόρος
802 1401 1114 1462 κατεϐλήθη.

177 1586 249 1636 [αἱ
285 1578 410 1634 διατί
456 1584 693 1655 ἔσπειρεν
723 1577 1043 1655 ἀδιακρίτως
1096 1581 1179 1635 ἐπὶ
1211 1586 1306 1642 τὴν
1359 1580 1502 1655 ὁδὸν,
1549 1588 1638 1638 καὶ

123 1670 180 1724 ἐπὶ
222 1673 272 1723 τὰ
317 1667 567 1745 πετρώδη,
627 1674 719 1722 καὶ
771 1669 854 1722 ἐπὶ
908 1672 1001 1731 τὰς
1059 1669 1332 1742 ἀκάνθας,
1386 1675 1480 1725 Διά
1542 1678 1637 1732 τὴν

124 1758 339 1832 ὑπερϐολὴν
383 1761 587 1821 πάντως
636 1766 733 1821 τῆς
803 1758 993 1819 οἰκείας
1051 1757 1373 1830 ἀγαθότητος
1412 1765 1501 1814 καὶ
1561 1758 1637 1814 δι·
1669 1772 1712 1828 Β

128 1849 355 1912 morti-mg,
412 1852 502 1900 καὶ
553 1848 636 1898 ἶνα
704 1866 775 1918 μη
840 1843 1093 1899 δύνωνται
1138 1846 1300 1919 λέγειν
1366 1848 1414 1901 έν
1472 1850 1640 1924 ἡμέρᾳ

124 1940 302 2007 κρίσεως,
347 1937 420 1988 ὅτι
462 1934 513 1988 εἰ
559 1937 764 2009 ἔσπειρε
813 1937 897 1987 καὶ
963 1933 1042 1988 ἐπ’
1094 1934 1302 2001 αὐτοὺς,
1353 1935 1641 2010 ἐκαρποφό-

122 2041 246 2095 prora
290 2026 359 2078 ἄν.
413 2024 696 2096 Έγίνωσνιε
763 2025 853 2095 μὲν
925 2025 1028 2095 γὰρ
1094 2024 1284 2087 αὐτοὺς
1350 2024 1638 2100 ἀκάρπως,

121 2112 219 2181 ὅμως
256 2109 306 2165 δε
341 2117 392 2165 τὸ
428 2112 619 2164 ἑαυτοῦ
668 2115 964 2183 πεποίηκεν,
1019 2115 1084 2172 ὡς
1139 2112 1510 2186 φιλάνθρωπος,
1559 2116 1641 2168 ἶνα

122 2200 202 2268 ἔχοι
231 2200 369 2271 λέγειν
397 2218 409 2231 ·
439 2206 503 2259 Τί
538 2220 601 2273 με
621 2197 729 2252 ἔδει
752 2208 992 2267 ποιῆσαι,
1020 2205 1110 2271 καὶ
1134 2202 1194 2253 οὐ
1232 2208 1494 2261 πεποίηκα
1518 2225 1532 2272 ;

165 2292 328 2347 Ταύτην
389 2286 445 2341 δε
518 2294 583 2347 τη
657 2287 955 2362 παραϐολὴν
1036 2287 1161 2357 εἶπε,
1225 2300 1486 2364 παραινῶν
1548 2290 1643 2347 διὰ

115 2378 257 2437 ταύτης
299 2385 396 2438 τοῖς
463 2379 750 2449 μαθηταῖς,
814 2381 882 2449 μὴ
945 2376 1276 2451 ἀποκάμνειν,
1336 2380 1380 2432 εἰ
1437 2381 1643 2445 πλείους

112 2463 354 2536 ripamve:
393 2474 486 2518 τῶν
546 2465 850 2537 σωζομένων
895 2470 1015 2527 τοὺς
1064 2465 1456 2540 ἀπολλυμένους,
1511 2468 1642 2543 μηδ’

112 2549 371 2620 ἀφίστασθαι
427 2562 528 2607 τοῦ
599 2558 845 2627 σπείρειν,
915 2557 1134 2625 ἔχοντας
1198 2553 1498 2630 ὑπόδειγμα
1558 2563 1643 2612 τὸν

113 2634 370 2694 διδάσκαλον
411 2642 633 2711 ἑαυτῶν,
680 2641 756 2706 ὃς,
801 2646 973 2695 καίτοι
1020 2640 1276 2716 προειδὼς
1318 2650 1438 2708 τοὺς
1488 2646 1647 2721 ἀκάρ-

112 2745 221 2791 πους,
251 2732 371 2797 ὅμως
398 2733 611 2804 ἔσπειρε
641 2735 731 2783 καὶ
756 2729 830 2783 ἐπ’
851 2731 1057 2793 αὐτούς.

164 2822 239 2869 Καὶ
280 2850 341 2859 -
383 2821 495 2892 (t3)
560 2822 859 2892 τριάκοντα.
913 2819 1112 2893 Ὠσπερ
1166 2817 1503 2897 διαφέρουσιν
1557 2823 1645 2877 ἀλ-

103 2903 230 2961 λήλων
279 2910 323 2960 οἱ
366 2907 732 2981 ἀπολλύμενοι,
787 2909 920 2961 οὕτω
968 2908 1121 2961 πάλιν
1176 2906 1511 2985 διαφέρουσιν
1560 2913 1647 2966 ἀλ-

104 2991 232 3048 λήλων
262 3002 342 3048 καὶ
384 3000 431 3050 οἱ
489 3001 802 3069 σωζόμενοι.
856 3004 1005 3071 Τρεῖς
1046 3002 1137 3070 μὲν
1190 3001 1291 3073 γὰρ
1348 2999 1649 3074 ἀπηριθμή-

101 3099 197 3134 τατο
228 3085 375 3148 τάξεις
421 3094 520 3139 τῶν
569 3084 950 3159 ἀπολλυμένων,
1001 3086 1131 3158 λέγω
1171 3083 1263 3159 δὴ,
1314 3092 1430 3149 τοὺς
1479 3091 1647 3163 ρᾳθύ-
1681 3113 1721 3170 C

103 3189 215 3238 μους,
262 3179 366 3235 τοὺς
420 3174 798 3248 μικροψύχους
848 3180 936 3228 καὶ
1004 3179 1123 3237 τοὺς
1193 3184 1307 3239 ταῖς
1376 3184 1649 3252 μερίμναις

98 3264 165 3309 τοῦ
214 3258 321 3331 βίου
369 3268 456 3315 καὶ
490 3272 522 3336 ᾗ
585 3261 761 3335 ἀπάτῃ
817 3270 908 3316 τοῦ
972 3263 1196 3317 πλούτου
1252 3262 1587 3329 δουλεύοντας
1631 3291 1643 3303 ·

96 3354 202 3416 τρεῖς
228 3345 280 3401 δι
317 3351 465 3403 πάλιν
517 3351 692 3414 τάξεις
745 3357 962 3404 καὶτῶν
1013 3354 1337 3426 σωζομένων,
1371 3360 1502 3427 φημὶ
1553 3351 1645 3421 δὴ,

98 3438 187 3496 τοὺς
224 3449 679 3515 καρποφοροῦντας
746 3440 861 3511 (14)
920 3440 968 3493 έν
1023 3442 1223 3513 ἑκατὸν,
1288 3449 1377 3496 καὶ
1426 3447 1546 3506 τοὺς
1599 3442 1647 3496 ἐν

94 3521 317 3593 ἐξήκοντα,
361 3534 451 3581 καί
517 3533 646 3589 τοὺς
719 3528 770 3581 ἐν
828 3532 1119 3603 τριάκοντα.
1150 3533 1246 3583 Διά
1308 3540 1408 3584 τῶν
1447 3532 1646 3600 ἑκατὸν,

90 3629 163 3681 μίν
208 3616 314 3690 γὰρ,
380 3614 623 3676 ἐδήλωσε
701 3621 796 3676 τήν
871 3618 1063 3671 τελείαν
1139 3625 1495 3696 καρποφορίαν
1560 3629 1650 3681 τῆς

91 3698 243 3770 ἐρατῆς
268 3721 281 3734 ’
314 3701 406 3758 διὰ
446 3715 552 3759 τῶν
594 3705 847 3768 ἑξήκοντα
898 3703 978 3775 δὲ,
1022 3711 1116 3767 τὴν
1171 3713 1336 3780 μέσην
1367 3730 1380 3743 ο
1417 3705 1510 3761 διὰ
1549 3717 1650 3761 τῶν

91 3791 327 3873 τριάκοντα
376 3790 454 3860 δὲ,
507 3801 607 3855 τήν
677 3797 969 3869 ὑφειμένην.
1026 3803 1136 3850 Τῶν
1190 3801 1291 3873 γὰρ
1350 3801 1646 3871 τριάκοντα,

89 3870 310 3933 διπλάσια
491 3888 561 3937 τὰ
615 3884 884 3949 ἐξήκοντα,
928 3885 1217 3960 τριπλάσια
1246 3870 1305 3939 δὲ
1358 3870 1425 3939 τά
1450 3888 1648 3942 ἑκατὸν.

93 3963 247 4032 μᾶλλον
288 3967 344 4023 δε
367 3976 457 4024 καὶ
483 3975 619 4047 ὑπὲρ
651 3975 717 4024 τὰ
745 3973 1049 4046 τριπλάσιοι,
1098 3970 1189 4027 διὰ
1241 3979 1334 4034 τὴν
1386 3978 1652 4053 ὑπεροχὴν

89 4060 163 4112 τῆς
192 4055 518 4122 τελειότητος.
596 4064 670 4114 Τὸ
729 4057 788 4113 δὲ
845 4059 910 4118 ⁸0
980 4064 1070 4134 μὲν
1117 4062 1317 4132 ἑκατὸν,
1375 4062 1486 4117 ἀντὶ
1540 4070 1652 4134 τοῦ,

92 4144 198 4193 Ποή
241 4151 321 4216 μὲν
372 4149 584 4220 ἑκατὸν,
641 4147 690 4201 ἰν
754 4151 920 4221 τούτῳ
972 4158 1046 4221 τῷ
1109 4150 1380 4225 ἀνθρώπῳ,
1430 4156 1552 4206 ποτε
1597 4149 1655 4205 δὲ

86 4228 137 4280 τὰ
189 4230 306 4300 ἰξῆς,
364 4236 416 4289 ἰν
479 4237 628 4310 ἄλλῳ
692 4242 781 4289 καὶ
842 4237 994 4310 ἄλλῳ.
1065 4236 1416 4313 Ἀποδέχεται
1459 4236 1519 4293 δὲ
1566 4245 1656 4294 καὶ

86 4322 182 4377 τοὺς
221 4330 478 4396 πρῶτοως,
545 4331 643 4379 καὶ
714 4329 836 4389 τοὺς
910 4322 1198 4403 δευτέρους,
1253 4334 1343 4383 καὶ
1384 4333 1498 4391 τοὺς
1543 4334 1655 4404 τρί-

87 4420 203 4468 τευ-ς.
1690 4458 1737 4516 D

146 4501 217 4583 ἲςὴ
260 4507 424 4556 τοίνυν
472 4504 533 4557 ἐκ
595 4506 862 4579 ῥᾳθυμίας
914 4504 1246 4580 ἀπολέσωμεν
1296 4510 1382 4560 τὸν
1441 4512 1656 4583 σπόρον,

89 4579 205 4651 μηδὲ
250 4587 300 4641 ἐκ
352 4593 734 4669 μικροψυχίας
779 4594 933 4647 αὐτὸν
980 4579 1350 4670 προδώσομεν,
1405 4579 1553 4670 μηδὲ-
1604 4600 1660 4651 ἐκ

88 4674 333 4742 γρσδτίδων
377 4681 655 4753 βιωτικῶν
702 4686 791 4735 καὶ
841 4682 1046 4743 ἀπάτης
1084 4692 1175 4737 τοῦ
1227 4685 1453 4738 πλούτου
1482 4694 1662 4740 τοῦτον

92 4756 485 4842 ἓαποπνίξωμεν.
568 4778 658 4825 Δεῖ
741 4772 842 4847 γὰρ
904 4782 1106 4846 πρῶτον
1172 4776 1262 4846 μὲν
1329 4773 1665 4850 ἐγρηγορέναι

90 4857 289 4921 περὶτήν
328 4857 626 4933 ὑποδοχὴν
674 4857 836 4913 αὒτοῦ
865 4877 878 4891 ’
919 4858 1028 4914 ιῖτα
1066 4861 1458 4935 μεγαλοψύχως
1502 4869 1664 4940 φέρειν

94 4944 191 5002 τως
230 4952 573 5023 πειρασμούςθ
667 4952 847 5004 ἔπειτα
900 4952 1071 5013 πάσης
1124 4950 1465 5024 ἀπηλλάχθαι
1523 4956 1662 5028 μερί-

146 5120 491 5193 "bamb.

1759 606 1838 662 ad
1875 607 2132 663 fructum
2172 608 2400 664 virtutis
2439 606 2773 663 ferendum.
2815 606 2957 663 Vide
2994 611 3192 663 autem
3225 622 3410 679 quam

1759 710 1895 751 rara
1927 695 2042 751 sint
2065 695 2247 762 bona,
2275 711 2581 769 quamque
2610 695 2786 767 pauci
2819 695 2936 752 sint
2958 695 3061 767 qui
3084 695 3407 752 salventur.

1758 783 1903 839 Ecce
1928 783 2087 838 enim
2115 783 2242 839 sola
2268 788 2480 856 quarta
2502 783 2744 840 seminis
2768 799 2907 856 pars
2930 783 3261 849 fructiﬁcat,
3291 788 3407 839 tres

1759 875 1959 928 autem
1989 877 2257 944 pereunt.
2286 873 2353 926 Et
2375 870 2620 944 quidem
2646 873 2694 926 is
2718 872 2822 945 qui
2847 872 3203 937 seminabat,
3230 886 3411 945 super

1756 976 1969 1016 omnes
2011 960 2366 1025 seminabat,
2405 960 2569 1016 hunc
2604 960 2683 1016 ab
2722 960 2822 1016 illo
2852 976 2976 1017 non
3011 961 3356 1017 discernens
3388 976 3402 1015 :

1755 1053 2020 1106 attamen
2069 1064 2273 1105 semen
2300 1050 2359 1105 in
2402 1049 2772 1121 quibusdam
2817 1049 3008 1121 periit,
3051 1049 3217 1122 apud
3258 1049 3407 1105 alios

1752 1153 1892 1193 vero
1909 1137 2232 1209 plurimum
2253 1137 2713 1209 multiplicatum
2734 1141 2840 1194 est.
2865 1140 2934 1192 Et
2946 1138 3062 1193 hoc
3077 1136 3304 1193 factum
3318 1141 3406 1194 est

1750 1240 1874 1282 non
1902 1226 1982 1282 ob
2026 1225 2269 1282 seminis
2311 1231 2589 1283 naturam
2624 1241 2638 1293 ;
2676 1242 2824 1282 nam
2865 1226 3067 1298 ipsum
3098 1225 3406 1299 mqualiter

1750 1329 1821 1369 ac
1859 1330 2037 1386 super
2073 1330 2284 1371 omnes
2317 1314 2611 1385 jactatum
2649 1319 2737 1371 est
2770 1331 2782 1371 :
2826 1315 2931 1371 sed
2969 1314 3050 1372 ob
3086 1314 3402 1371 dissimiles

1749 1403 2062 1460 hominum
2105 1408 2351 1468 mentes,
2402 1418 2583 1476 super
2624 1419 2777 1476 quos
2818 1418 3023 1461 semen
3064 1403 3401 1475 projectum

1748 1495 1855 1548 est.

1819 1581 1885 1636 Et
1924 1595 2112 1653 quare
2160 1577 2565 1636 indifferenter
2609 1579 2946 1636 seminabat
2992 1593 3172 1652 super
3211 1578 3395 1650 viam,

1747 1683 1927 1739 super
1967 1671 2208 1740 petrosa
2245 1670 2303 1724 et
2342 1682 2523 1739 super
2565 1667 2817 1740 spinas?
2858 1668 3114 1724 Omnino
3156 1670 3401 1740 propter

1748 1756 2029 1813 bonitatis
2060 1772 2130 1814 ac
2150 1756 2392 1828 justiﬁes
2423 1771 2546 1812 suae
2578 1755 3076 1826 magnitudinem,
3102 1770 3179 1812 ne
3202 1755 3398 1812 dicere

1748 1849 1995 1917 possent
2039 1845 2101 1901 in
2148 1844 2243 1901 die
2287 1844 2515 1916 judicii,
2572 1844 2792 1917 quodsi
2842 1844 3020 1902 etiam
3070 1859 3251 1917 super
3293 1860 3399 1901 eos

1749 1933 2123 2002 seminasset,
2182 1931 2440 1989 fructum
2496 1932 2703 2005 utique
2758 1932 3108 1989 attulissent.
3166 1931 3401 1990 Sciebat

1745 2036 1964 2093 nempe
1988 2020 2120 2077 illos
2144 2018 2521 2090 infrugiferos
2542 2019 2667 2076 fore
2692 2036 2706 2075 :
2737 2022 3004 2077 attamen
3026 2018 3194 2092 quod
3222 2034 3401 2077 suum

1748 2114 1873 2166 erat
1902 2109 2114 2175 effecit,
2156 2112 2446 2180 tanquam
2486 2107 2803 2165 hominum
2840 2112 3075 2165 amator
3112 2112 3175 2165 ut
3206 2107 3400 2168 dicere

1745 2203 1949 2272 posset
1972 2214 1985 2253 :
2011 2196 2163 2263 Quid
2185 2211 2281 2253 me
2308 2196 2499 2253 facere
2520 2195 2782 2268 oportuit
2800 2200 2856 2254 et
2874 2211 2998 2253 non
3018 2195 3131 2253 feci
3150 2198 3220 2251 θ’.

1822 2290 1984 2343 Hanc
2026 2290 2227 2342 autem
2269 2284 2623 2358 parabolam
2668 2284 2903 2342 locutus
2949 2288 3037 2341 est
3077 2284 3402 2358 discipulos

1750 2375 2070 2433 exhortans
2100 2392 2173 2431 ne
2204 2374 2597 2445 defetigentur
2635 2374 2682 2429 si
2721 2373 2923 2446 plures
2960 2373 3271 2432 inveniant
3296 2373 3403 2447 qui

1750 2468 2017 2537 pereant,
2054 2479 2241 2536 quam
2281 2462 2387 2535 qui
2426 2462 2744 2530 salventur,
2781 2478 2971 2535 neque
3009 2463 3089 2520 ob
3125 2463 3190 2519 id
3229 2462 3405 2520 semi-

1752 2569 1896 2610 nare
1922 2554 2241 2610 desinant:
2284 2557 2712 2625 praaceptorem
2752 2567 2930 2609 suum
2968 2552 3025 2608 in
3058 2551 3403 2625 exemplum

1751 2642 2063 2708 habentes,
2113 2641 2218 2713 qui
2261 2641 2368 2697 etsi
2418 2641 2821 2697 infructuosos
2867 2643 3401 2713 prmcognosceret,

1754 2730 2091 2787 seminadat
2117 2734 2319 2785 tamen
2349 2728 2525 2785 etiam
2556 2744 2736 2801 super
2763 2728 2952 2800 ipsos.

1826 2821 1986 2875 Vers.
2016 2822 2067 2875 8.
2094 2819 2171 2874 Et
2191 2850 2259 2859 —
2275 2818 2690 2889 trigecuplum.
2711 2816 3234 2883 Quemadmodum
3256 2816 3409 2874 inter

1756 2925 1818 2965 se
1861 2907 2144 2963 differunt
2185 2906 2248 2962 hi
2294 2907 2398 2978 qui
2444 2910 2719 2978 pereunt,
2761 2906 2842 2962 ita
2877 2921 3083 2963 rursus
3127 2904 3410 2962 differunt

1755 2997 1839 3052 illi
1869 2997 1972 3069 qui
2003 2994 2329 3059 salvantur,
2383 2993 2522 3051 Tres
2568 2994 2866 3068 siquidem
2911 3010 3120 3052 eorum
3148 2995 3251 3068 qui
3280 3009 3410 3069 per—

1756 3089 1899 3142 eunt
1938 3083 2311 3140 enumeravit
2358 3084 2647 3151 ordines;
2693 3088 2839 3156 puta
2889 3100 3120 3155 segnes,
3165 3084 3412 3158 pusilla-

1755 3175 1946 3230 nimes
1966 3177 2023 3229 et
2042 3171 2246 3228 saeculi
2263 3171 2420 3227 curis
2438 3176 2783 3244 occupatos,
2805 3172 2982 3229 simul
2998 3178 3055 3229 et
3069 3173 3412 3232 divitiarum

1754 3263 2001 3321 fallaciae
2040 3261 2381 3318 servientes.
2427 3263 2494 3318 Et
2534 3276 2773 3316 rursum
2816 3265 2930 3317 tres
2967 3261 3270 3319 constituit
3314 3278 3410 3319 or-

1755 3353 1923 3409 dines
1954 3367 2162 3408 eorum
2202 3350 2306 3422 qui
2345 3348 2652 3405 salvantur
2685 3365 2698 3403 :
2731 3348 2864 3405 dico
2903 3364 3047 3405 sane
3091 3349 3411 3407 ferentium

1755 3444 2013 3499 fructum
2030 3440 2398 3512 centuplum,
2420 3437 2887 3510 sexagecuplum
2908 3443 2964 3494 et
2980 3437 3405 3511 trigecuplum.

1755 3533 1865 3587 Per
1898 3529 2246 3602 centuplum
2284 3528 2443 3584 enim
2486 3526 2843 3599 signiﬁcavit
2880 3526 3204 3599 perfectam
3234 3527 3415 3585 virtu-

1756 3620 1829 3677 tis
1860 3618 2394 3684 fructiﬁcationem,
2426 3632 2533 3689 per
2556 3615 3018 3689 sexagecuplum
3042 3616 3327 3683 mediam,
3358 3620 3416 3675 et

1756 3724 1864 3780 per
1910 3706 2305 3778 trigecuplum
2353 3708 2667 3763 minorem.
2718 3707 2864 3761 Nam
2908 3705 2985 3762 ad
3029 3703 3268 3775 triginta
3308 3704 3417 3761 du-

1758 3796 1924 3869 plum
1956 3800 2095 3853 sunt
2134 3795 2449 3865 sexaginta
2481 3814 2495 3865 ;
2537 3797 2777 3852 centum
2815 3809 2958 3850 vero
2997 3793 3261 3866 triplum,
3293 3794 3416 3851 imo

1759 3890 1816 3943 et
1837 3901 2020 3958 supra
2044 3884 2282 3956 triplum
2308 3888 2549 3956 propter
2569 3882 2945 3957 perfectionis
2968 3882 3373 3940 excellentiam
3397 3900 3414 3951 ;

1760 3978 1825 4031 ut
1851 3973 1998 4029 illud
2028 3972 2275 4045 quidem
2303 3972 2455 4029 ferat
2493 3976 2752 4039 centum,
2785 3971 2901 4028 hoc
2929 3975 3020 4028 est
3047 3970 3417 4044 quandoque

1761 4063 1825 4119 in
1864 4062 1979 4118 hoc
2020 4061 2263 4118 homine
2308 4065 2549 4118 centum
2583 4076 2596 4116 :
2643 4060 2935 4117 interdum
2977 4075 3120 4117 vero
3155 4075 3293 4132 quae
3331 4075 3419 4117 se-

1762 4154 2046 4225 quuntur,
2075 4149 2136 4205 in
2161 4149 2294 4206 aliis
2319 4155 2376 4205 et
2403 4148 2552 4206 aliis.
2585 4148 2848 4221 Suscipit
2874 4152 3078 4206 tamen
3104 4153 3161 4207 et
3189 4148 3417 4221 primos

1764 4243 1822 4298 et
1850 4238 2147 4297 secundos
2178 4244 2235 4295 et
2263 4237 2482 4295 tertios.

1836 4510 1917 4564 Ne
1947 4519 2088 4575 ergo
2114 4505 2194 4562 ob
2241 4502 2555 4575 segnitiem
2585 4516 2789 4558 semen
2826 4498 3177 4574 perdamus,
3210 4502 3315 4557 aut
3341 4499 3421 4557 ob

1766 4594 2315 4669 pusillanimitatem
2337 4594 2534 4665 ipsum
2555 4589 2886 4663 prodamus
2909 4607 2923 4646 :
2946 4589 3036 4645 vel
3056 4593 3297 4662 propter
3319 4605 3424 4646 sae-

1769 4684 1882 4741 culi
1901 4701 2076 4741 curas
2092 4700 2199 4738 seu
2210 4682 2552 4737 divitiarum
2566 4678 3008 4746 fallacias,illud
3027 4677 3417 4739 suﬁ‘ocemus.

1771 4776 2013 4847 Oportet
2037 4772 2197 4828 enim
2221 4770 2483 4842 primum
2511 4768 2747 4839 vigilem
2774 4784 2905 4825 esse
2929 4766 3009 4824 ad
3035 4767 3086 4839 ej
3097 4784 3163 4823 us
3186 4784 3428 4841 suscep-

1772 4864 2016 4927 tionem,
2053 4860 2269 4916 deinde
2295 4858 2654 4915 tentationes
2692 4857 3113 4929 longanimiter
3137 4857 3308 4924 ferre,
3338 4862 3430 4914 at-

1773 4968 1892 5025 que
1920 4951 2204 5022 deinceps
2247 4947 2326 5007 ab
2371 4946 2538 5005 omni
2576 4944 2971 5003 sollicitudine
3013 4945 3303 5014 saeculari,
3335 4960 3428 5018 ac,

1275 5281 1507 5353 Variae
1535 5280 1863 5351 lectiones
1895 5291 1961 5349 et
1993 5287 2195 5349 notae.

144 5468 244 5552 (υ)
268 5472 615 5552 Hentenins
640 5478 724 5535 ita
774 5480 1220 5552 transposuerat
1257 5478 1625 5536 in’versione
1654 5492 1672 5536 :

82 5540 241 5622 ᾼιίαά
263 5550 495 5622 quidem
516 5540 1126 5622 trigecuplum,q‘aliud
1157 5550 1344 5608 autem
1370 5566 1675 5622 sexagecu-

85 5612 371 5680 lam,a{iud
387 5637 526 5679 vero
545 5612 1285 5694 centuplumﬂepugnant
1305 5624 1419 5679 mei
1442 5612 1678 5679 codices

1782 5479 1843 5534 et
1871 5476 2225 5548 Euthymius
2256 5475 2315 5531 in
2345 5467 2616 5547 subjecto
2649 5468 2897 5548 scholia.
3097 5533 3112 5548 ι
3297 5537 3337 5548 __

1856 5549 1875 5615 (
1890 5554 1967 5617 14)
2014 5533 2121 5604 ’l‘er
2163 5533 2687 5619 deinceps"posuit
2730 5543 2801 5611 ἐν,
2848 5533 3156 5614 quomodo
3206 5537 3444 5597 codices

1787 5619 2008 5675 habent
2032 5618 2216 5677 etiam
2241 5622 2414 5676 Marc.
2442 5633 2523 5684 1v,
2557 5621 2613 5676 8.
