3906 6202
475 257 478 266 ’
1072 267 1442 326 COMMENT.
1484 265 1556 322 IN
1590 263 2032 322 MATTH/EUM.
2073 295 2141 305 -
2181 264 2338 321 CAP.
2369 265 2516 320 x111.
3360 265 3466 322 402

188 397 328 451 δαίωνο
356 395 609 467 πληροῦται
659 390 718 446 δε
770 394 1025 456 παντελῶς
1065 401 1173 457 νῦν,
1230 393 1314 446 ἐπὶ
1364 395 1578 446 τούτων.
1613 393 1708 443 Διὰ

1925 391 1950 444 ’ἱ
1979 388 2180 446 cordis
2214 389 2495 456 fuerant;
2528 404 2690 446 nunc
2744 392 2943 449 autem
3006 389 3261 462 perfecte
3311 404 3467 446 com-

185 495 302 539 τοῦτο
330 486 410 555 γὰρ
430 486 508 533 καὶ
533 482 946 557 Ἀναπληροῦται
975 480 1250 548 εἶπεν,ἀντὶ
1298 489 1409 546 τοῦ,
1442 479 1706 543 Παντελῶς

912 504 946 535 ιι
975 480 1250 548 εἶπεν,ἀντὶ
1298 489 1409 546 τοῦ,
1442 479 1706 543 Παντελῶς
1813 479 2089 550 plebatur
2117 479 2179 534 in
2203 478 2327 533 istis

179 575 429 644 πληροῦται,
456 573 482 628 ἦ
515 571 930 646 Ἀναπληροῦται
958 570 1153 639 ἁπλῶς,
1185 571 1298 623 ἀντὶ
1340 578 1429 622 τοῦ
1468 569 1702 644 πληροῦ-

169 681 252 715 ται.

217 750 263 802 Ἠ
295 746 536 807 -ἳδητε.
590 748 747 822 Ἀκοῇ
811 757 1081 822 σωματικῇ
1136 746 1384 801 ἀκούσετε
1440 752 1556 807 τοῦς
1607 746 1698 799 λό-

1921 752 2036 803 ’θι-ε.
2073 749 2164 805 14.
2207 747 2716 814 Quae—cernetis,
2755 747 2978 803 Auditu
3034 747 3330 819 corporali
3361 763 3463 806 au-

159 857 272 908 γους,
305 844 383 889 καὶ
423 838 478 890 ού
506 843 576 910 μὴ
635 847 825 898 συνῆτε
875 843 968 896 τὴν
1034 836 1294 900 ἀλήθειαν,
1347 838 1414 898 ὡς
1461 835 1698 888 ἐθελοκω-

1914 838 1974 892 tis
2031 852 2354 905 sermones,
2435 840 2491 890 et
2541 850 2663 890 non
2729 835 3063 907 intelligetis
3133 838 3456 904 veritatem,

160 935 325 998 φούντες
383 928 506 979 κατὰ
567 927 753 998 ψυχήν
826 943 837 954 ·
899 932 986 979 καὶ
1026 925 1295 999 βλέποντες
1363 933 1693 997 σωματικῶς,

1918 926 1978 980 LSi
2023 929 2230 996 sponte
2262 924 2779 988 obsurdescentes,
2845 925 3008 995 quod
3061 925 3139 980 ad
3191 927 3460 984 animam

161 1013 333 1085 βλὲψιτε
355 1016 461 1085 (16)
506 1019 572 1068 τὰ
603 1019 865 1090 θαύματα,
899 1021 986 1069 καὶ
1043 1016 1101 1068 ού
1158 1019 1228 1088 μὴ
1262 1011 1413 1073 ἴδητε
1450 1019 1543 1072 τὴν
1575 1013 1696 1072 ἀλη-

1914 1019 2066 1070 ctat:
2101 1018 2157 1070 et
2193 1012 2578 1084 corporaliter
2630 1010 2902 1068 videntes
2955 1013 3228 1070 videbitis
3281 1015 3456 1072 mira-

160 1106 283 1164 θείαν,
339 1106 514 1174 ὁμοίως
576 1108 647 1165 ὡς
717 1105 1224 1177 ἕθελοτυφλώττοντες
1287 1107 1421 1156 κατὰ
1484 1103 1691 1175 ψυχήν.

1916 1120 1957 1170 ι,
2017 1118 2126 1158 nec
2183 1108 2384 1158 tamen
2425 1100 2732 1155 veritatem
2785 1101 3058 1166 cernetis,
3110 1103 3240 1173 pari
3275 1103 3458 1159 modo

155 1189 253 1244 Εἶτα
273 1192 391 1261 Ἀγει
436 1198 522 1244 καὶ
554 1198 650 1250 τὴν
683 1194 902 1246 αἰτίανό
929 1199 1219 1266 προφήτης,
1248 1190 1320 1247 δι’
1349 1194 1408 1252 ἣν
1428 1201 1578 1246 τοῦτο
1608 1213 1692 1245 πι-

1913 1205 2091 1261 quam
2123 1189 2454 1245 voluntarie
2494 1186 2700 1259 quoad
2739 1188 3029 1252 animam,
3062 1190 3455 1246 caacutientes.

150 1282 372 1334 πονθασιν.
1802 1279 2023 1335 Deinde
2053 1279 2475 1350 additquoque
2499 1275 2794 1348 propheta
2824 1292 3097 1343 causam,
3135 1276 3214 1334 ab
3267 1293 3454 1349 quam

1800 1369 1928 1424 haec
1960 1369 2124 1439 passi
2155 1369 2289 1423 sint.

204 1459 468 1531 Ἐπαχύνθη
528 1491 599 1500 -—
646 1463 852 1514 τούτου.
897 1491 960 1501 —
1020 1462 1347 1531 Ἐπαχύνθη,
1405 1466 1516 1511 αντὶ
1573 1469 1685 1528 τοῦ,

1919 1474 2031 1513 ers.
2068 1459 2152 1513 15.
2198 1458 2592 1514 Incrassatum
2623 1465 2705 1514 est
2729 1489 2799 1498 —
2826 1456 3014 1527 hujus.
3060 1486 3128 1496 —
3159 1457 3455 1516 Incrassa—

146 1547 446 1619 Ἐσκληρύνθη
471 1548 724 1621 ἕπωρωθῆ
742 1558 811 1620 τῷ
830 1552 992 1622 φθόνῳ
1004 1554 1094 1602 καὶ
1123 1557 1237 1610 ταῖς
1261 1548 1438 1610 ἄλλαις
1458 1554 1683 1612 κακίαις.

1911 1552 2048 1612 .est,
2103 1545 2219 1601 hoc
2262 1550 2350 1600 est
2399 1545 2748 1602 Induratum
2789 1549 2894 1614 est,
2951 1548 3316 1600 exctecatum
3366 1548 3453 1602 est

148 1641 222 1686 Καὶ
255 1633 334 1688 διὰ
347 1646 490 1690 τοῦτο
520 1637 887 1696 ἀσυνετοῦσιν,

1910 1635 2043 1700 idia,
2085 1634 2333 1706 aliisque
2373 1633 2789 1707 iniquitatibus
2820 1651 2838 1689 :
2869 1638 2926 1690 et
2976 1633 3104 1689 ideo
3158 1631 3452 1691 intellectu

1719 1730 1759 1784 Β
1796 1729 2017 1781 carent.

199 1816 277 1864 Καὶ
303 1813 719 1885 -ἐκάμμυσαν.
763 1814 897 1867 Ὦτα
946 1821 1035 1867 καὶ
1076 1815 1386 1887 ὀφθαλμούς,
1435 1835 1558 1876 τους
1591 1824 1686 1879 τῆς

1907 1814 2026 1869 'ers.
2078 1813 2165 1867 15.
2207 1813 2372 1868 Ει-
2402 1814 2836 1869 concluserunl.
2883 1810 3069 1867 Aures
3119 1825 3190 1868 ac
3242 1809 3449 1867 oculos

145 1900 279 1970 ’ζανχῆς
304 1901 430 1974 λέγει
463 1919 474 1932 ⁹
507 1901 711 1979 βαρέως
749 1901 808 1956 δὲ
847 1909 1098 1968 ἥκουσαν»
1153 1903 1266 1956 ἀντὶ
1304 1913 1417 1974 τοῦ)
1468 1904 1684 1977 iw?”

1906 1907 1934 1959 .t
1984 1902 2220 1959 animae.
2274 1901 2543 1958 Graviter
2593 1905 2793 1958 autem
2828 1899 3162 1966 audierunt,
3215 1899 3331 1956 hoc
3359 1903 3448 1958 est

142 2007 228 2042 σαν,

1792 1991 2249 2046 obsurduerunt.

190 2083 362 2136 Μήποτε
411 2112 478 2122 —
536 2080 748 2142 αὐτούς.
786 2082 873 2152 [Τό
922 2082 1033 2151 (17)
1073 2087 1307 2144 Μήποτε,
1357 2085 1563 2141 νοηθείη
1597 2081 1676 2149 ἂν,

1902 2082 2028 2136 ἐιέ.
2109 2083 2190 2134 15.
2267 2078 2587 2151 Nequando
2634 2109 2706 2121 —
2761 2093 2874 2134 eos.
2922 2078 2964 2147 ~1-
3013 2074 3191 2131 Dictio
3245 2079 3444 2146 μήποτε

136 2171 203 2216 καί
243 2166 341 2220 ἀντὶ
368 2178 476 2233 τοῦ,
512 2169 557 2223 Ἰ
571 2189 696 2234 σως,
730 2172 906 2222 όποίόν
929 2173 1039 2222 ἐστι
1068 2175 1156 2222 καὶ
1205 2173 1346 2245 παρὰ
1374 2181 1444 2242 τῷ
1489 2171 1678 2225 Ἀποσ-

1905 2169 2126 2232 uando,
2162 2167 2405 2238 intelligi
2452 2170 2666 2240 potest,
2707 2170 2772 2223 ut
2815 2163 3191 2222 tantumdem
3241 2164 3445 2221 valeat

134 2255 249 2326 mle,-
267 2258 343 2311 Ἐν
366 2264 649 2331 πραότητι,
675 2280 740 2332 φη
752 2266 824 2324 σὶ,
855 2257 1170 2313 παιδεύοντα
1190 2266 1306 2322 τοὺς
1337 2260 1676 2315 ἀντιδιατιθε-

1897 2264 2109 2314 tntum:
2140 2261 2218 2313 Ne
2250 2272 2364 2328 quo
2385 2255 2788 2327 modo;quale
2808 2253 3396 2324 estetilludApostoli
3423 2267 3439 2311 :

132 2349 272 2411 μένους
305 2353 490 2416 μήποτε
531 2345 648 2419 δῴη
692 2348 867 2410 αύτοίς
899 2351 924 2400 ό
955 2353 1085 2410 Θεὸς
1115 2349 1389 2422 ἐπίγνωσιν
1417 2351 1482 2411 εἰς
1511 2371 1674 2409 σωτη-

1897 2346 2316 2403 mansuetudine
2330 2344 2608 2401 inslruite
2631 2360 2724 2401 eos
2741 2344 2843 2416 qui
2858 2343 3166 2409 obsistunt,
3183 2357 3439 2413 nequan-

128 2437 234 2500 ρίαν.
255 2439 345 2486 Τοῦ
367 2438 461 2510 γὰρ
495 2441 790 2509 προφήτου,
816 2439 987 2512 ὥσπερ
1027 2437 1382 2510 λογιζομένου,
1410 2441 1579 2510 μάτην
1609 2440 1670 2500 εἰς

1897 2437 1981 2493 det
2010 2435 2129 2492 illis
2158 2437 2310 2491 Deus
2338 2435 2708 2491 intellectum
2733 2434 2816 2489 ad
2844 2434 3090 2489 salutem
3119 2434 3163 2487 ³.
3192 2431 3439 2489 adducit

125 2529 307 2572 τοιοῦτον
355 2523 472 2576 λαόν
525 2525 778 2598 κηρύξαι,
829 2524 1078 2597 ἐπήγαγεν
1105 2529 1129 2577 ὁ
1161 2532 1289 2589 Θεὸς
1317 2533 1459 2580 τουτὶ
1488 2531 1546 2579 τὸ
1570 2529 1667 2602 ῥη-

1896 2540 1983 2580 em
2023 2526 2175 2579 Deus
2196 2523 2311 2579 hoc
2339 2523 2636 2595 prOpbetae
2661 2522 2888 2578 dictum
2918 2524 3208 2592 tanquam
3245 2520 3438 2577 existi-

126 2608 246 2681 m]
1781 2613 2000 2670 mantis
2037 2613 2253 2668 frustra
2283 2613 2362 2668 ad
2390 2611 2741 2683 hujusmodi
2792 2609 3077 2683 populum
3104 2607 3433 2680 praedicari.

178 2700 233 2748 Δι’
269 2701 543 2773 ὑπερϐολὴν
574 2700 636 2755 δὲ
668 2705 874 2774 φθόνου,
903 2708 991 2755 καὶ
1016 2712 1114 2756 τῶν
1144 2703 1324 2769 ἄλλων,
1355 2707 1418 2765 ὡς
1449 2708 1666 2778 εἴρηται,

1882 2701 2089 2758 [ιγίἀὶω
2119 2700 2552 2772 magnitudine,
2611 2699 2881 2772 aliisque,
2922 2702 2988 2754 ut
3037 2697 3264 2752 dictum
3314 2700 3424 2763 est,

125 2797 290 2856 κακιῶν,
319 2791 673 2863 ἐπωρώθησαν
729 2793 802 2852 εἰς
849 2795 1072 2857 σύνεσιν,
1119 2797 1207 2844 καὶ
1247 2793 1541 2864 ἑκώφευσὰν
1580 2797 1667 2866 μὲν

1891 2790 2192 2855 vitalibus,
2226 2790 2498 2846 excaecati
2546 2792 2681 2844 sunt
2720 2788 2797 2843 ad
2823 2786 3208 2850 intellectum,
3241 2788 3298 2841 et
3325 2785 3432 2842 ob-

118 2879 212 2944 πρὲς
243 2883 347 2940 τούς
373 2882 652 2954 ὑπερφυεῖς
671 2879 870 2951 λόγους,
895 2880 1200 2954 ἐκάμμυσαν
1233 2878 1292 2933 δὲ
1317 2885 1444 2953 πρὸς
1474 2885 1538 2934 τὰ
1572 2902 1660 2934 πα-

1888 2880 2140 2934 duerunt
2189 2878 2267 2935 ad
2316 2877 2800 2949 supernaturales
2839 2889 3146 2932 sermones
3179 2873 3430 2932 :oculos

117 2960 276 3030 ράδοξα
318 2969 460 3038 ἔργα,
515 2971 695 3040 ὥσπερ
751 2965 1052 3039 δειλιῶντες,
1110 2975 1309 3042 μήποτε
1359 2969 1659 3032 ἀκούσαντες

1890 2968 2273 3024 oclauserunt
2293 2966 2370 3022 ad
2395 2965 2694 3038 stupenda
2708 2963 3101 3037 opera,quasi
3127 2979 3244 3034 prae
3269 2962 3432 3034 igna-

116 3050 380 3116 ιαὶὶδοντες
414 3061 480 3110 τα
529 3058 658 3131 παρ’
709 3056 853 3128 ἐμοῦ,
894 3064 982 3109 καὶ
1028 3064 1226 3129 γνόντες
1276 3062 1332 3110 τὸ
1379 3056 1493 3112 δέον
1525 3058 1658 3112 ἐπισ-

1904 3056 2198 3121 timentes,
2230 3070 2305 3110 ne
2331 3070 2453 3126 quo
2489 3055 2674 3111 modo
2726 3053 2993 3120 audiant,
3046 3053 3304 3120 videant,
3374 3054 3429 3110 et

113 3142 302 3211 τρέηᾷωσι
345 3151 472 3219 πρὸς
517 3166 603 3218 με,
637 3151 727 3197 καὶ
767 3145 983 3217 ἰάσομαι
1021 3147 1208 3206 αύτούς
1240 3146 1340 3199 ἀπὸ
1371 3157 1470 3199 τῶν
1499 3149 1655 3221 πλημ-

1886 3145 2103 3215 :lligant
2129 3161 2165 3200 a
2192 3159 2286 3199 me
2308 3143 2471 3216 quod
2513 3159 2664 3214 opus
2715 3146 2824 3208 est,
2884 3141 3044 3197 unde
3087 3146 3428 3199 convertan-

111 3229 370 3300 μελημοὲτων
421 3235 615 3288 αὐτῶν.
664 3235 753 3286 Ἐκ
799 3241 1081 3307 προσώπου
1119 3238 1218 3309 γὰρ
1258 3244 1352 3288 τοῦ
1379 3245 1609 3308 Χριστοῦ
1641 3243 1653 3289 ί

1893 3239 1945 3289 et
1973 3248 2182 3290 sanem
2201 3247 2327 3288 eos.
2367 3235 2514 3287 Nam
2531 3247 2602 3287 ex
2627 3230 2836 3286 Christi
2861 3244 3117 3301 persona
3145 3229 3425 3286 dicuntur

112 3317 409 3385 3.375;.1'0‘370
439 3321 497 3375 δὲ
509 3324 828 3396 προσέθηκε,
855 3319 1120 3397 διασύρων
1136 3324 1319 3386 αύτούς
1341 3326 1410 3388 εἰς
1432 3325 1654 3397 ἐσχάτηι

1881 3322 1956 3378 ba
1975 3322 2125 3377 hinc.
2169 3319 2407 3375 Addidit
2435 3324 2630 3374 autem
2656 3318 2767 3373 ista
2797 3317 2874 3374 ad
2906 3315 3273 3388 carpendum
3297 3331 3423 3382 eos,

112 3405 266 3462 iam.
1775 3411 1936 3484 quod
1979 3411 2052 3466 ad
2077 3414 2405 3466 extremam
2443 3406 2790 3462 devenerint
2820 3404 3210 3461 dementiam.

162 3494 383 3566 ’Υμὼν-
415 3500 622 3557 ἀκούει.
679 3503 963 3573 Μακάριοι,
991 3503 1070 3553 ὅτι
1107 3499 1361 3574 βλέπουσι
1390 3508 1479 3556 καὶ
1513 3502 1666 3556 ἀκού-

1882 3501 2007 3556 'ers.
2040 3503 2122 3555 t6.
2167 3499 2355 3554 Vestri
2380 3527 2448 3538 —-
2486 3495 2760 3552 audiunt.
2812 3492 3058 3559 Felices,
3102 3492 3240 3565 quia
3267 3497 3424 3551 recte

108 3597 224 3632 ονσιν
253 3586 426 3660 ὀρθῶς,

1774 3589 1978 3645 vident
2007 3593 2063 3644 et
2083 3587 2349 3644 audiunt.

160 3669 298 3742 Ἀμὴν
344 3707 407 3717 -
457 3683 721 3736 ἥκουσαν.
777 3678 978 3746 Πολλοὶ,
1035 3684 1123 3732 καὶ
1179 3678 1237 3730 ού
1285 3681 1466 3740 πάντες
1497 3685 1662 3742 οτινες

1885 3679 2014 3734 'ers.
2041 3678 2128 3731 l7.
2164 3676 2346 3731 Amen
2372 3703 2438 3716 -—
2465 3672 2810 3730 audierunt.
2840 3670 3014 3736 Multi,
3059 3674 3116 3727 et
3144 3685 3267 3728 non
3294 3685 3427 3728 om-

105 3760 183 3826 γὲιρ
208 3771 354 3815 ταῦτα
409 3773 499 3819 καὶ
555 3763 700 3819 εἶδον
730 3772 819 3819 καὶ
852 3768 1080 3826 ἥκουσαν
1123 3785 1136 3796 ⁸
1166 3772 1434 3842 ὑπερφυῶς
1487 3765 1565 3834 δὲ,
1599 3773 1647 3820 ὡ.

1919 3785 1933 3835 ;
1964 3766 2212 3840 quidam
2251 3765 2410 3820 enim
2459 3766 2583 3819 haec
2616 3766 2673 3818 et
2702 3761 2980 3818 viderunt
3003 3764 3058 3817 et
3088 3759 3424 3828 audierunt,

101 3848 370 3923 ὀἊϐραὰμ
417 3862 509 3906 καὶ
561 3858 613 3908 οἱ
668 3854 1034 3930 ἐπισημότεροι
1076 3874 1087 3886 ⁸
1150 3855 1217 3910 ”Η
1286 3857 1490 3921 Πολλοὶ,
1547 3857 1639 3910 ἀντ

1889 3871 2115 3928 nquam
2155 3854 2215 3909 id
2247 3851 2792 3926 supernaturaliter,
2820 3855 2887 3906 ut
2914 3849 3216 3906 Abraham
3245 3852 3302 3905 et
3321 3848 3427 3922 qui

103 3942 193 3996 ταῦ,
239 3944 432 4002 Πάντες.
489 3945 581 4003 Ὠς
641 3949 702 3996 τό
771 3963 783 3976 ·
837 3949 935 3996 Καὶ
996 3943 1304 4017 ἐθεράπευσε
1368 3945 1586 4006 πολλούς

1887 3945 2122 4015 gniores
2171 3943 2426 4000 fuerunt.
2476 3943 2594 3998 Aut
2647 3940 2838 4005 multi,
2893 3940 3010 3996 hoc
3059 3943 3147 3995 est
3193 3953 3423 3995 omnes.

106 4039 262 4086 πΐιτας
306 4032 401 4102 γὰρ
446 4037 567 4084 τότε
621 4032 949 4104 ἐθεράπευσε.
1009 4040 1108 4085 Καὶ
1158 4033 1327 4095 πάλιν,
1391 4039 1480 4086 καὶ
1545 4031 1648 4087 δαι-

1885 4034 1954 4089 uti
2000 4049 2136 4088 cum
2185 4031 2440 4090 dicitur:
2475 4032 2550 4086 Et
2605 4029 2838 4086 curavit
2885 4029 3138 4084 multos’
3170 4043 3185 4094 ;
3217 4041 3427 4083 omnes

104 4130 227 4175 μςνια
267 4118 418 4171 πολλά
468 4119 698 4182 ἐξέϐαλε.
758 4124 930 4173 Πάντα
981 4123 1082 4194 γὰρ
1143 4129 1432 4179 τηνικαῦτα
1491 4122 1646 4185 ἐξέϐα-

1884 4136 2027 4192 nque
2058 4125 2199 4177 tunc
2231 4120 2476 4184 curavit,
2515 4121 2580 4173 ut
2633 4117 2818 4174 habet
2869 4117 3021 4172 alius
3065 4115 3426 4188 evangelista

103 4201 547 4278 λεν.Ἐπεθύμησαν
592 4205 652 4259 δὲ
704 4205 833 4260 ἰδεῖν
880 4213 965 4260 τόν
1011 4214 1138 4263 Θεὸν
1197 4209 1645 4284 ἐνανθρωπὴσαντσ

1882 4227 2091 4266 'ursum
2126 4209 2345 4264 ibidem
2376 4225 2387 4264 :
2423 4209 2498 4263 El
2525 4206 2813 4263 (immania
2827 4207 3019 4262 multa
3050 4206 3234 4274 ejecit.
3265 4207 3424 4260 Tunc

100 4294 169 4336 καὶ
205 4297 259 4340 τα
303 4304 386 4346 τοῦ
436 4305 680 4366 Χριστοῦ
736 4300 996 4369 θαύματα,
1056 4304 1144 4350 καὶ
1208 4305 1431 4351 ακούσαι
1498 4300 1642 4352 αὐτοι

1882 4299 2150 4355 nomnia
2185 4297 2372 4367 ejecit.
2431 4296 2927 4351 Desideraverunt
2977 4297 3176 4349 autem
3234 4293 3424 4347 Deum

105 4373 418 4478 ῗεδάσκοντος.
476 4393 611 4449 Tot);
670 4395 938 4462 προφήτας
989 4387 1047 4442 δὲ
1112 4396 1504 4464 προσηγόρευσε
1567 4397 1647 4442 καί

1881 4403 1964 4443 are
2005 4387 2400 4442 incarnatum:
2456 4383 2788 4454 Christique
2817 4381 3125 4446 miracula,
3194 4383 3250 4435 et
3294 4378 3423 4449 ejus

104 4461 318 4532 δικαίους.
380 4477 451 4530 Ἦ
519 4475 769 4538 δικαίους
825 4483 944 4542 νόει,
1026 4483 1146 4540 τοὺς
1206 4479 1390 4540 ἄλλους
1457 4479 1646 4549 ἁγίους,

1880 4476 1967 4531 .ire
1997 4474 2350 4531 doctrinam.
2380 4471 2701 4543 Prophetas
2732 4485 2873 4526 vero
2905 4468 3224 4541 appellavit
3243 4467 3422 4555 etiam

106 4570 247 4617 δίκης
269 4561 578 4627 ἀκούσαντες
604 4567 718 4636 (18)
764 4569 827 4618 τὰ
869 4572 986 4638 περὶ
1007 4576 1097 4620 τοῦ
1131 4574 1360 4639 Χριστοῦ
1385 4570 1525 4636 παρά
1553 4577 1648 4619 τῶν

1883 4581 1972 4620 os.
2003 4569 2114 4620 Aut
2153 4563 2346 4634 justos
2390 4559 2661 4630 intelligit
2711 4564 2764 4615 et
2793 4559 2939 4615 alios
3001 4561 3262 4623 sanctos,
3317 4560 3425 4629 qui

102 4660 328 4713 προοπτέον
392 4653 734 4728 ἐπεθύμησαν
800 4651 926 4707 ἰδεῖν
988 4661 1076 4708 καὶ
1145 4655 1367 4708 ἀκοῦσαι
1429 4659 1493 4708 τὰ
1547 4653 1644 4714 δη-

1881 4670 1990 4726 [uas
2046 4653 2120 4709 de
2183 4651 2412 4708 Christo
2469 4653 2636 4706 erant
2697 4666 2734 4707 a
2795 4647 3098 4722 prophetis
3169 4645 3423 4703 audien-

105 4734 298 4790 ιιι-σθέντα,
1760 4748 1867 4810 tes,
1928 4742 2418 4798 desideraverunt
2466 4738 2666 4796 videre
2727 4743 2784 4796 et
2834 4738 3041 4796 audire
3079 4752 3218 4810 quae
3256 4734 3421 4793 dicta

1763 4837 1924 4888 sunt.

161 4972 390 5039 ’llTim.
431 4999 490 5047 ιι,
533 4986 628 5039 25.
707 4986 920 5042 ³Μοι-ο.
949 4999 989 5049 ι,
1031 4987 1118 5042 34.

1284 5107 1506 5179 Variae
1536 5106 1863 5177 lectiones
1895 5115 1960 5174 et
1989 5112 2187 5174 notae.

154 5243 666 5322 jusque/parra:
693 5254 760 5307 Α.
842 5321 850 5322 7
925 5321 931 5322 γ
1836 5247 1948 5322 (18)
1979 5249 2275 5310 Ἀκούοντες
2306 5245 2371 5302 Β.

153 5313 501 5383 tl‘illnclu'sa'
519 5313 589 5377 in
617 5337 806 5392 marg.
837 5321 1019 5379 habet
1048 5323 1116 5378 A.

95 5557 100 5562 δ
148 5490 223 5556 (η)
246 5493 444 5571 Post_in
468 5499 597 5553 istis
615 5498 733 5554 haec
765 5498 1046 5554 addenda
1067 5501 1366 5571 sunt,quae
1398 5498 1647 5554 fortasse
1758 5497 1934 5571 etiam
1962 5494 2350 5571 ἀναπληροῦται
2372 5493 2632 5571 dix_i_t,_id
2663 5497 2770 5560 est,
2796 5491 3399 5571 prorsuscompletur,

91 5573 137 5614 ω
159 5577 254 5620 suo
282 5569 473 5626 codice
511 5571 835 5626 Heutenius
859 5585 981 5626 non
1018 5565 1232 5642 reperit
1248 5565 1285 5624 ἐ
1333 5572 1649 5642 PrOpterea
1759 5573 1859 5626 aut
1898 5565 2281 5641 ἀναπληροῦται
2307 5565 2649 5640 simpliciter
2675 5581 2784 5639 pro
2815 5565 3164 5636 completur.
3191 5583 3219 5618 »
