3906 6202
383 253 489 317 403
1699 251 1994 312 EUTHYM

2161 251 2422 310 GABENI
3630 258 3735 314 404

369 413 372 417 ·
453 387 620 442 Vers.
667 383 750 441 l8.
788 382 895 439 Vos
939 413 998 423 -
1041 381 1140 453 qui
1165 381 1510 439 seminabat.
1565 381 1702 446 Vos,
1758 379 1862 452 qui
1911 393 1998 434 ere

2209 379 2376 450 Ὑμεῖς
2470 404 2540 420 -
2644 379 2958 448 σπείροντος.
3054 378 3239 451 Ὑμεῖς,
3322 384 3370 433 οἱ
3463 385 3738 435 πιστεύον-

428 474 542 529 itis.
2141 484 2240 528 τες.

381 474 615 618 ὼῗνέτε.
649 562 732 617 19.
770 561 917 618 Cum
969 559 1156 632 Quivis
1209 560 1376 616 audit
1430 591 1499 598 —
1553 559 1758 629 iPSius'
1814 559 1998 613 verum

2155 484 2240 528 τες.

2215 558 2404 615 Παντὸς
2479 553 2751 616 ἀκούοντος
2815 585 2878 595 —
2938 556 3129 610 αὐτοῦ.
3191 563 3357 629 Λόγον
3412 567 3507 619 τῆς
3574 558 3738 631 βασι-

2142 644 2275 706 λείας
2323 650 2474 716 φησὶ,
2513 648 2618 696 τὸν
2680 648 2827 716 λόγον
2875 653 2966 698 τοῦ
3016 654 3169 716 Θεοῦ,
3223 649 3250 706 ἣ
3305 651 3391 699 τόν
3438 648 3588 720 λόγον
3637 657 3743 710 τῆς

2143 738 2385 795 πίστεως,
2459 732 2702 786 Βασιλεία
2787 735 2909 807 γὰρ,
2982 739 3069 788 καὶ
3149 737 3178 793 ἡ
3255 740 3449 797 πίστις.
3510 736 3568 789 Ὀ
3629 742 3737 811 γὰρ

2144 825 2399 874 πιστεύων
2454 820 2718 893 βασιλεύει
2764 825 2853 894 μὲν
2914 827 3050 875 κατὰ
3109 832 3209 876 τῶν
3264 828 3462 892 παθῶν,
3532 827 3744 898 συμϐα-

378 652 546 722 regni
577 651 718 707 dicit
745 650 995 706 verbum
1029 650 1146 715 Dei,
1183 649 1274 706 vel
1297 648 1545 704 verbum
1579 648 1735 703 fidei.
1763 651 2032 716 Regnum

375 741 539 797 enim
598 744 686 796 est
743 745 799 795 et
852 739 1020 795 ﬁdes.
1098 741 1244 796 Nam
1306 738 1408 810 qui
1465 737 1666 796 credit,
1723 735 2034 792 affectibus

379 830 651 902 imperat,
715 827 1056 898 Christoque
1125 832 1473 897 conregnat.
1564 829 1690 882 Non
1742 825 2029 896 intelligit,

378 918 494 975 hoc
524 924 611 973 est
641 918 701 972 in
727 917 915 972 cordis
947 916 1307 988 profundum
1336 930 1458 970 non
1501 914 1724 984 recipit.
1745 914 2030 969 verbum:

381 1007 489 1063 sed
519 1006 662 1061 illud
691 1006 977 1060 duntaxat
1017 1004 1257 1060 auribus
1289 1003 1559 1075 percipit.
1618 1002 1828 1059 Malum
1873 1018 2031 1068 vero,

381 1094 533 1151 dixit
587 1093 920 1160 diabolum,
990 1092 1504 1165 quemadmodum
1578 1091 1787 1162 quinto
1847 1091 2035 1162 capite

379 1183 778 1257 precationem
792 1182 1246 1254 interpretantes
1261 1181 1638 1237 tradidimus.
1655 1179 1822 1250 Rapit
1834 1185 2034 1235 autem

381 1271 548 1346 quod
561 1273 914 1328 seminatum
927 1275 1031 1337 est,
1061 1274 1346 1341 tanquam
1366 1270 1426 1325 in
1451 1268 1758 1341 superﬁcie
1780 1268 2035 1339 positum

380 1377 490 1420 nec
519 1361 904 1420 occultatum.

2148 911 2335 963 σιλεύει
2385 908 2444 963 δὲ
2494 919 2564 981 τῷ
2613 919 2847 984 Χριστῷ.
2909 918 2994 971 Μὴ
3028 918 3281 976 συνιέντος
3324 912 3402 981 δὴ,
3468 921 3580 968 αντὶ
3619 925 3738 983 τοῦ,

2144 997 2236 1056 Μὴ
2272 997 2606 1071 ἐμϐάλλοντος
2646 1004 2730 1052 τὸν
2759 1001 2909 1072 λόγον
2956 1002 3026 1064 εἰς
3054 1006 3110 1054 τό
3165 1001 3329 1074 βάθος
3357 1012 3448 1064 τῆς
3484 1002 3740 1080 καρδίας,

2147 1086 2254 1138 ἀλλ’
2320 1089 2490 1150 ἁπλῶς
2551 1089 2701 1141 αὐτὸν
2753 1088 3138 1163 ἐνωτιςομένον.
3195 1096 3422 1166 Πονηρόν
3476 1089 3533 1146 δὲ
3575 1094 3739 1165 λέγει,

2144 1179 2231 1227 τὸν
2270 1173 2530 1246 διάϐολον,
2588 1180 2757 1240 καθὼς
2815 1178 2862 1230 ἐν
2919 1189 2991 1249 τῷ
3055 1183 3270 1252 πέμπτῳ
3328 1182 3586 1253 κεφαλαίῳ
3639 1187 3744 1240 τὴν

2145 1265 2308 1336 εὐχὴν
2382 1266 2731 1340 ἑρμηνεύοντες
2807 1264 3272 1341 παραδεδώκαμεν.
3364 1271 3598 1344 Αρπάςει
3682 1267 3746 1324 δὲ

2145 1357 2202 1404 τὸ
2261 1353 2596 1426 ἐσπαρμένον,
2652 1358 2721 1417 ὡς
2785 1354 3090 1418 ἐπιπολαίως
3158 1356 3555 1431 ἀκατάκρυπτον
3628 1363 3747 1412 κεί-

2143 1461 2307 1513 ειενον.

454 1538 618 1595 Vers.
643 1539 731 1594 19.
762 1536 866 1592 Hic
883 1567 949 1576 —
977 1537 1299 1593 seminatus
1313 1535 1454 1604 fuit.
1472 1535 1808 1591 Seminatur
1832 1549 1998 1590 seme:

2216 1529 2378 1590 Οὗτος
2419 1562 2483 1570 -
2534 1536 2766 1603 σπαρείς.
2800 1536 3066 1606 Σπείρεται
3094 1538 3183 1586 καὶ
3222 1536 3246 1586 ό
3289 1539 3500 1607 σπόρος,
3551 1538 3743 1606 ἤγουν,

381 1627 497 1684 hoc
543 1631 635 1682 est
663 1627 718 1682 in
767 1631 987 1682 terram
1031 1624 1375 1697 projicitur:
1410 1625 1739 1680 seminatur
1767 1628 1824 1678 et
1862 1626 1998 1680 terra

2155 1618 2215 1680 εἰς
2239 1628 2337 1690 γῆν
2390 1619 2780 1672 καταϐάλλεται·
2826 1627 3086 1695 σπείρεται
3119 1628 3208 1675 καὶ
3256 1625 3285 1680 ἡ
3317 1632 3408 1694 γῆ,
3441 1629 3740 1692 τουτέστιν,

382 1716 441 1772 id
468 1720 555 1772 est
580 1730 784 1771 semen
836 1714 1095 1786 suscipit,
1130 1713 1267 1769 Ideo
1315 1713 1480 1784 quod
1508 1713 1603 1768 hic
1652 1711 1897 1768 dicitur:
1929 1712 1998 1779 Qa

2155 1704 2460 1778 ἓποδέχεται
2491 1712 2576 1759 τόν
2628 1714 2837 1781 σπόρον.
2897 1713 2981 1762 Διὸ
3006 1718 3092 1761 νύν
3123 1714 3202 1778 τό,
3252 1717 3486 1786 Σπαρεὶς,
3515 1713 3613 1764 οὑκ
3654 1711 3742 1764 ἐπὶ

380 1806 687 1862 seminatus
712 1805 852 1874 fuit,
904 1818 1024 1859 non
1049 1801 1124 1858 de
1150 1802 1378 1858 semine
1409 1801 1805 1872 intelligimus,
1836 1801 1937 1856 sed
1959 1801 1997 1855 d

2155 1803 2232 1847 τού
2262 1801 2456 1868 σπόρου
2479 1805 2708 1869 νοοῦμεν,
2737 1797 2842 1850 ἀλλ’
2869 1797 2951 1851 ἐπὶ
2980 1807 3070 1860 τῆς
3098 1809 3164 1870 γῆ
3177 1807 3372 1864 ς.οῐον,
3390 1801 3540 1863 οὗτος
3571 1800 3736 1868 ἐστιν,

381 1896 536 1949 terra
569 1907 678 1948 :ac
715 1891 763 1946 si
809 1890 1007 1946 dicat:
1043 1889 1143 1945 Hic
1183 1895 1270 1945 est
1315 1890 1488 1960 juxta
1541 1889 1699 1945 viam
1740 1889 1998 1945 seminat

2155 1887 2170 1943 ᾗ
2197 1887 2331 1937 κατὰ
2359 1890 2450 1943 τὴν
2477 1882 2600 1938 ὁδόν
2643 1894 2902 1960 σπαρεῖσά
2931 1895 3022 1958 γῆ.
3085 1894 3248 1941 Τοῦτο
3311 1886 3369 1942 δὲ
3399 1894 3488 1941 καὶ
3517 1891 3605 1942 ἐπὶ
3636 1899 3740 1942 τῶν

379 1984 556 2046 terra,
589 1984 645 2035 et
675 1979 835 2034 idem
866 1978 925 2034 in
956 1977 1196 2050 reliquis
1229 1977 1569 2033 dicendum.
2141 1974 2328 2031 ἄλλων,

451 2070 615 2123 Vers.
645 2070 735 2122 20.
771 2066 884 2134 Qui
929 2081 1065 2122 vero
1095 2097 1164 2106 —
1195 2073 1299 2122 est.
1359 2068 1500 2131 Quae
1553 2077 1690 2122 vero
1738 2066 1906 2136 juxta
1935 2082 1998 2137 pe

2211 2064 2268 2115 Ὀ
2300 2060 2359 2116 δὲ
2379 2093 2446 2104 -
2477 2062 2632 2119 ἐστίν.
2665 2063 2721 2116 Ἠ
2751 2061 2810 2117 δε
2831 2068 2979 2127 ⁴κατὰ
3002 2068 3068 2119 τὰ
3096 2063 3334 2141 πετρώδη
3379 2075 3645 2143 σπαρεῖσα
3665 2076 3735 2139 γῆ

379 2159 542 2214 trosa
580 2157 914 2212 seminatur
950 2159 1121 2222 terra,
1165 2154 1258 2209 hic
1289 2159 1375 2210 est
1430 2154 1499 2210 de
1551 2154 1716 2226 quod
1764 2155 2030 2211 dicturus

380 2250 614 2390 “Etiam.
638 2335 731 2391 20.
761 2333 872 2400 Qui
909 2333 1147 2390 verbum
1178 2363 1245 2372 ——
1278 2337 1360 2388 est
1412 2332 1598 2388 Antea
1642 2331 1905 2389 radicem
1951 2334 2030 2389 di-

377 2425 579 2481 ximus
621 2437 746 2478 esse
795 2422 1156 2480 ﬁrmitatem.
1199 2421 1638 2493 Temporarium
1671 2437 1812 2478 vero
1864 2422 2027 2478 dixit.

378 2512 548 2571 facile
601 2511 970 2568 mutabilem.
1032 2511 1141 2576 Qui
1190 2509 1349 2566 enim
1397 2511 1543 2566 dum
1597 2511 1837 2566 docetur
1893 2511 2033 2567 faci-

376 2603 432 2659 le
485 2600 730 2658 verbum
769 2600 1036 2673 suscipit,
1064 2599 1240 2657 etiam
1267 2614 1396 2654 cum
1437 2603 1691 2655 tentatur
1733 2599 1900 2655 facile
1947 2616 2032 2656 re-

373 2691 520 2764 jicit.

448 2780 608 2836 Vers.
663 2780 754 2838 21.
810 2779 988 2835 Facta
1034 2810 1101 2818 —
1161 2778 1483 2847 o/Tenditur.
1559 2777 1815 2832 Verbum
1870 2793 2030 2832 nunc

376 2868 518 2924 dicit
541 2867 700 2934 illud,
751 2867 916 2940 quod
948 2870 1038 2922 est
1083 2866 1156 2922 de
1183 2865 1320 2920 ﬁde.
1356 2866 1576 2921 Luccas
1608 2870 1820 2932 autem,
1880 2865 2026 2922 afﬂi-

377 2958 634 3014 ctionem
661 2971 731 3012 ac
763 2955 1257 3026 persecutionem,
1279 2970 1399 3010 uno
1429 2954 1612 3010 verbo
1643 2956 2028 3011 tentationem

377 3044 701 3118 appellavit
743 3045 765 3080 ‘
813 3061 826 3099 :

375 3134 671 3192 Recedunt

447 3224 608 3278 Vers.
639 3224 726 3277 22.
774 3221 889 3290 Qui
908 3225 1096 3278 autem
1127 3251 1191 3261 —
1222 3226 1326 3278 est.
1353 3223 1525 3277 Terra
1554 3237 1688 3294 qua:
1714 3222 1870 3279 circa
1917 3222 2030 3295 spi-

375 3325 486 3368 nas
513 3311 806 3367 seminata
843 3314 949 3375 est,
981 3309 1076 3364 hic
1106 3312 1397 3382 estquem
1435 3309 1701 3366 dicturus
1741 3314 1848 3366 est.

446 3399 609 3456 Vers.
642 3399 730 3454 22.
750 3399 1115 3466 Quiverbum
1141 3429 1208 3439 —
1228 3398 1495 3469 efﬁcitur.
1527 3397 1758 3454 Marcus
1780 3415 1920 3454 vero
1933 3398 2030 3454 de-

377 3487 634 3559 ceptioni
663 3487 890 3544 addidit
919 3492 976 3542 et
1031 3494 1376 3542 cieterarum
1425 3502 1622 3541 rerum
1653 3487 2027 3557 cupiditates,

375 3576 774 3647 complectens
790 3591 956 3630 omne
970 3575 1235 3630 nocivum
1252 3575 1611 3630 desiderium
1627 3578 1666 3629 ⁵.
1691 3579 1875 3630 Lucas
1888 3592 2030 3645 quo-

374 3681 492 3737 que
522 3664 786 3720 similiter
817 3663 1196 3721 sollicitudini
1249 3665 1620 3735 voluptatem
1650 3665 1954 3734 conjunxit
1987 3667 2026 3718 ⁸.

378 3753 586 3811 Saeculi
618 3759 816 3810 autem
846 3754 1051 3824 hujus,
1079 3753 1192 3808 hoc
1225 3756 1310 3807 est
1340 3752 1469 3808 vitae
1513 3752 1712 3822 hujus.
1745 3755 1840 3808 Est
1883 3753 2032 3808 enim

376 3852 433 3903 et
462 3845 578 3902 alia
596 3845 738 3910 vita,
773 3843 971 3900 futura
1000 3843 1142 3910 vita,
1175 3858 1310 3915 quin
1364 3842 1601 3914 prOprie
1631 3843 1751 3898 vita
1790 3843 2028 3899 dicitur,

375 3939 579 4008 utpote
604 3950 740 4007 quae
770 3948 1007 4006 semper
1043 3932 1240 3998 durat,
1267 3947 1378 3988 nec
1407 3931 1590 3988 ﬁnem
1615 3931 1812 3989 habet.

446 4109 725 4166 Vers.23.
780 4108 1089 4175 Qui-hic
1151 4114 1253 4175 est,
1305 4108 1482 4165 Terra
1521 4123 1658 4165 vero
1698 4125 1828 4182 quae
1856 4111 2027 4182 juxta

374 4203 596 4256 terram
648 4197 868 4254 bonam
937 4197 1225 4254 seminata
1280 4203 1385 4262 est,
1445 4197 1543 4253 hic
1587 4201 1681 4256 est
1715 4199 1821 4270 qui
1847 4199 2023 4269 signi-

373 4287 667 4356 ﬁcabitur,

445 4379 605 4444 Vers,
667 4376 754 4434 23.
809 4374 917 4466 Qui
966 4375 1208 4466 verbum
1234 4406 1314 4466 _5—
1371 4374 1656 4466 intelligit.
1709 4375 1816 4438 Qui
1862 4377 2027 4434 inlel-
2057 4413 2102 4466 Ι)

370 4465 516 4537 ligit,
546 4467 666 4523 sive
698 4468 758 4522 in
789 4464 1084 4539 profundo
1115 4463 1308 4520 cordis
1339 4464 1670 4531 abscondit,
1707 4466 1807 4521 ubi
1832 4466 2027 4522 nullas

371 4556 498 4626 pati
520 4555 981 4626 possitinsidias.
1001 4556 1137 4609 Ideo
1163 4569 1404 4626 quoque
1430 4555 1658 4608 Marcus
1685 4554 1822 4609 dicit
1855 4573 1867 4610 :
1915 4557 2030 4624 Qui

371 4641 609 4698 verbum
637 4645 893 4699 audiunt
923 4651 977 4699 et
1006 4643 1292 4712 recipiunt
1324 4645 1343 4677 ⁷
1375 4646 1625 4698 Rursum
1660 4646 1845 4698 Lucas
1873 4664 1883 4701 :
1918 4645 2028 4712 Qui

373 4730 435 4784 in
466 4730 642 4786 corde
673 4732 905 4786 honesto
962 4748 1031 4786 ac
1083 4732 1221 4786 bono
1273 4732 1531 4788 auditum
1584 4747 1902 4788 sermonem
1945 4749 2028 4788 re-

373 4817 560 4874 tinent
586 4819 627 4872 ⁸.
659 4818 770 4873 Cor
793 4834 928 4874 vero
955 4820 1220 4878 animam
1254 4828 1315 4876 ut
1353 4821 1679 4892 plurimum
1721 4837 1894 4878 sacra
1925 4837 2026 4892 ap-

370 4905 553 4980 pellat
579 4906 895 4980 Scriptura.

441 5084 464 5122 ⁴
491 5085 628 5143 Luc.
659 5100 777 5154 xm,
812 5085 893 5143 13.

971 5085 992 5122 ⁸
1015 5085 1196 5145 Marc.
1214 5086 1289 5156 iv,
1322 5086 1411 5145 19.
1488 5088 1509 5123 ⁸
1537 5089 1672 5144 Luc.
1713 5090 1834 5154 vui,
1861 5087 1948 5145 44.

871 3047 928 3100 et
995 3043 1127 3099 loco
1189 3042 1356 3099 verbi
1406 3043 1803 3100 Offenduntur
1861 3044 2026 3112 dixit,
2061 3065 2101 3123 ρ
2141 3060 2249 3096 σεν.

2140 2152 2312 2220 πάλιν,
2337 2152 2486 2214 οὗτος
2517 2152 2676 2220 ἐστιν,
2705 2159 2821 2226 περὶ
2843 2155 2902 2206 οὗ
2923 2154 3090 2225 μέλλει
3121 2155 3266 2230 ἐρεῖν.

2210 2329 2267 2381 ⁸0
2334 2334 2418 2382 τὸν
2486 2329 2635 2402 λόγον
2711 2362 2776 2370 -
2862 2331 2992 2385 ἐστί.
3065 2333 3405 2405 Προλαϐόντες
3458 2334 3739 2409 εἰρήκαμεν

2139 2419 2311 2492 ῥίζαν,
2366 2423 2458 2476 τὴν
2491 2421 2601 2490 (19)
2634 2416 2934 2492 ἐδραίωσιν,
2976 2427 3290 2496 πρόσκαιρον
3345 2420 3404 2474 δὲ
3444 2422 3604 2494 λέγει,
3649 2430 3740 2476 τόν

2141 2507 2558 2580 εύμετάτρεπτον,
2620 2511 2758 2569 ὅστις
2795 2514 2884 2561 καὶ
2936 2509 2984 2561 ἐν
3039 2520 3110 2581 τῷ
3163 2508 3539 2576 διδάσκεσθαι,
3585 2513 3741 2575 εὐθὺς

2139 2594 2405 2666 λαμϐάνει,
2469 2602 2555 2648 καὶ
2620 2596 2667 2649 ἐν
2740 2607 2810 2669 τῷ
2858 2599 3217 2672 πειράζεσθαι,

2138 2682 2230 2736 λει.

3301 2600 3353 2652 εύ
3362 2602 3448 2662 θύς
3501 2600 3642 2652 αποϐ
3649 2602 3742 2653 α’λ-

2211 2778 2485 2846 Γενομένης
2571 2805 2638 2816 --
2721 2772 3148 2847 σφανδαλίζεται.
3233 2782 3394 2849 Λόγον
3455 2786 3564 2844 νῦν,
3649 2784 3740 2833 τὸν

2140 2869 2232 2924 τῆς
2289 2869 2508 2924 πίστεως
2555 2864 2707 2935 λέγει.
2762 2864 2819 2916 Ὀ
2879 2862 2936 2918 δὲ
3005 2872 3210 2928 Λουκᾶς
3257 2871 3350 2925 τὴν
3421 2867 3594 2937 circa
3644 2874 3740 2921 καὶ

2137 2955 2224 3002 τόν
2273 2949 2525 3024 διωγμὸν,
2593 2953 2974 3025 περιληπτικῶς
3029 2960 3315 3028 πειρασμόν
3368 2961 3734 3030 προσηγόρευ-

2343 3041 2480 3095 Ἀντὶ
2560 3039 2618 3095 δὲ
2687 3051 2776 3094 τοῦ
2853 3040 3310 3109 Σκανδαλίζονται,
3384 3045 3738 3117 Ἀφίστανται

2138 3127 2266 3185 εἶπε.

2207 3218 2264 3271 ⁸0
2292 3216 2351 3273 δὲ
2380 3251 2443 3261 -
2466 3218 2628 3278 ἕστίν.
2649 3220 2706 3273 Ἠ
2740 3217 2798 3274 δὲ
2819 3223 2952 3274 κατὰ
2973 3223 3061 3282 τὰς
3092 3219 3315 3284 ἀκάνθας
3345 3231 3610 3298 σπαρείσα
3639 3235 3737 3298 γῆ,

2139 3309 2290 3368 οὗτός
2319 3308 2480 3379 ἔστιν,
2522 3311 2574 3361 ὃν
2605 3308 2724 3383 ἐρεῖ.

2208 3397 2266 3449 Ὀ
2309 3401 2392 3450 τὸν
2439 3397 2588 3470 λόγον
2642 3429 2710 3438 -—
2755 3403 2972 3469 γίνεται.
3028 3398 3086 3451 Ὀ
3138 3395 3195 3451 δὲ
3224 3401 3431 3472 Μάρκος
3463 3409 3524 3472 τῇ
3557 3403 3740 3474 ἀπάτῃ

2139 3489 2478 3559 προσέθηκεν,
2536 3489 2616 3539 ὅτι
2690 3492 2779 3538 καὶ
2831 3490 3040 3562 αἱπερὶ
3105 3491 3167 3540 τὰ
3221 3488 3375 3540 λοιπὰ
3436 3489 3747 3561 ἐπιθυμίαι,

3553 3585 3658 3631 Καὶ
3719 3583 3745 3631 ό

2142 3670 2345 3724 Λουκᾶς
2394 3663 2451 3717 δὲ
2481 3668 2670 3736 ὁμοίως
2722 3673 2783 3737 τῇ
2831 3671 3048 3737 μερίμνῃ
3091 3672 3178 3717 καὶ
3211 3672 3302 3724 τήν
3331 3664 3525 3725 ἡδονὴν
3587 3675 3749 3722 συνέ-

2143 3575 2535 3648 συμπεριλαϐὠν
2599 3583 2772 3629 πᾶσαν
2855 3575 3109 3648 βλαϐερὰν
3174 3576 3468 3648 ἐπιθυμίαν.

2143 3753 2287 3816 ξευξε
2311 3755 2444 3824 (20).
2486 3762 2587 3806 Τοῦ
2624 3755 2800 3815 αἰῶνος
2832 3751 2890 3806 δὲ
2927 3758 3133 3818 τούτου,
3163 3753 3273 3808 ἀντὶ
3302 3763 3412 3819 τοῦ,
3444 3763 3550 3819 Τῆς
3597 3759 3750 3820 ζωῆς

2139 3846 2347 3902 ταύτης.
2380 3842 2531 3895 Ἔστι
2573 3845 2673 3917 γὰρ
2709 3848 2798 3894 καὶ
2828 3842 2973 3902 ἀλλος
2999 3843 3145 3912 αἰὼν,
3191 3846 3220 3902 ἡ
3252 3844 3512 3910 μέλλουσα
3544 3850 3683 3912 ζωὴ,
3719 3850 3746 3898 ό

2137 3936 2326 4004 κυρίως
2363 3932 2508 3997 αἰὼν,
2561 3936 2628 3992 ὡς
2677 3930 2754 3984 ἀεὶ
2815 3933 2880 3982 ὧν
2945 3937 3033 3984 καὶ
3098 3929 3360 4004 μηδέποτε
3417 3938 3750 4008 περατούμε-

2135 4039 2233 4080 νος.

2205 4108 2262 4161 Ὀ
2324 4140 2392 4150 —
2452 4110 2593 4169 οὗτος
2669 4108 2825 4162 ἐστιν’
2891 4109 2950 4162 Ἠ
3015 4105 3074 4163 δὲ
3135 4112 3268 4162 κατὰ
3331 4115 3423 4168 τὴν
3483 4119 3583 4182 γῆν
3647 4119 3752 4172 τὴν

2135 4198 2294 4256 καλὴν
2362 4205 2624 4271 σπαρεῖσα
2706 4207 2799 4270 γῆ,
2847 4195 2991 4260 οὗτός
3047 4199 3206 4265 ἐστιν,
3272 4201 3296 4251 ό
3361 4199 3750 4275 ὸηλωθησόμε-

2135 4307 2240 4348 νος.

2206 4375 2263 4427 Ὀ
2287 4378 2373 4427 τὸν
2398 4375 2548 4447 λόγον
2572 4407 2641 4415 -
2675 4380 2861 4427 συνιών
2889 4376 3021 4446 (9.1).
3060 4381 3267 4444 Συνιὼν,
3298 4380 3480 4448 ἤγουν,
3511 4377 3756 4453 ἕγκρύπ-

2136 4485 2233 4516 των
2259 4473 2330 4534 τῷ
2361 4463 2512 4536 βάθει
2557 4472 2648 4526 τῆς
2694 4460 2919 4539 καρδίας
2972 4464 3413 4520 ἀνεπιϐούλευτον.
3458 4471 3544 4519 Διό
3593 4475 3690 4520 καὶ
3728 4471 3757 4521 ὁ

2137 4555 2347 4625 Μάρκος
2375 4550 2528 4615 εἶπεν,
2563 4554 2757 4613 Οῖτινες
2798 4551 3046 4605 ἀκούουσι
3092 4559 3178 4606 τόν
3219 4554 3369 4625 λόγον
3391 4561 3480 4608 καὶ
3497 4555 3757 4630 παραδέ-

2135 4662 2340 4713 χονται.
2399 4648 2496 4693 Καὶ
2549 4644 2573 4692 ό
2609 4648 2816 4701 Λουκᾶς
2866 4639 2923 4693 δὲ
2980 4641 3130 4693 πάλιν
3174 4663 3185 4674 ·
3223 4645 3424 4704 Οῖτινες
3469 4644 3518 4695 ἐν
3541 4643 3757 4718 καρδίᾳ

2135 4731 2262 4803 καλῇ
2289 4736 2377 4782 καὶ
2403 4730 2592 4802 ἀγαθῇ,
2627 4730 2935 4791 ἀκούσαντες
2956 4735 3039 4782 τὸν
3069 4731 3236 4801 λόγον,
3260 4738 3580 4803 κατέχουσι.
3608 4742 3755 4809 Καρ-

2138 4817 2256 4872 δίαν
2289 4816 2366 4884 δὲ,
2400 4825 2491 4878 τὴν
2516 4819 2720 4891 ψυχὴν,
2747 4822 2812 4882 ὡς
2847 4819 2928 4872 ἐπὶ
2959 4825 3015 4872 τὸ
3056 4821 3293 4873 πλεῖστον
3331 4823 3360 4879 ἡ
3403 4824 3516 4874 θεία
3557 4829 3752 4897 Γραιφή

2134 4912 2527 4983 προσαγορεύει.

2026 5089 2048 5125 ⁷
2076 5089 2249 5146 Marc.
2281 5103 2355 5153 iv,
2383 5090 2471 5143 20.
2500 5086 2521 5121 ⁸
2552 5087 2690 5142 Luc.
2733 5101 2848 5152 vni,
2882 5087 2969 5142 15.

1565 5267 1788 5338 Variae
1829 5265 2158 5336 lectiones
2206 5274 2272 5333 et
2312 5274 2513 5333 notae.

466 5461 533 5518 19
580 5460 725 5518 Vide
749 5460 1294 5534 interpretationem
1346 5477 1414 5519 ca
1472 5506 1483 5519 .
1521 5479 1635 5531 xm,
1667 5479 1820 5520 vers.
1861 5465 1896 5519 6

441 5462 554 5606 $28;
591 5532 883 5606 Συνέσμιξε.
929 5532 1022 5590 Sic
1083 5537 1248 5596 Forte
1311 5477 1568 5599 scrigere
1641 5536 1831 5594 voluit

464 5532 553 5606 28)
591 5532 1022 5610 Συνέσμιξεδδὶϐ
1083 5537 1248 5596 Forte
1311 5532 1568 5599 scribere
1641 5536 1831 5594 voluit
1905 5554 2024 5589 συν.

2132 5462 2306 5535 ἔμιξε.Δ
2321 5465 2384 5518 Α.

2208 5532 2318 5607 (21)
2352 5540 2538 5588 Συνιῶν
2564 5537 2629 5590 Α.
