3906 6202
168 252 249 309 405

1026 240 1386 302 COMMENT.
1429 242 1502 299 IN
1542 240 1984 301 MATTHJEUM.
2025 272 2096 286 —
2137 241 2297 301 CAP.
2338 242 2484 299 XIII.

3332 248 3440 308 406

222 374 292 435 ’ος
304 403 355 414 -
367 371 642 442 τριάκοντα.
668 375 848 423 Ταῦτα
862 368 1199 444 προλαϐόντες
1220 369 1426 433 ἐντελῶς
1443 365 1644 444 διηρμη

1853 369 2018 425 Vers.
2053 369 2141 424 25.
2171 367 2285 436 Qui
2311 398 2378 410 -—
2410 368 2832 439 trigecuplum.
2865 369 2991 424 Haec
3016 367 3077 424 in
3104 369 3439 442 praeceden-

168 466 356 533 νεῦσαμεν
374 457 607 532 ἀνωτέρω.

217 550 358 606 Ἄλλην
410 579 469 589 -
524 546 573 599 ἔν
632 556 705 617 τῷ
759 547 902 622 ἀγρῷ
976 549 1158 605 αὐτοῦ.
1228 548 1501 601 Βασιλείαν
1570 557 1667 601 τῶν

155 638 343 709 οὐρανῶν,
396 635 559 689 ἑαυτὸν
615 636 856 710 ὀνομάζει
910 645 1017 703 νῦν,
1077 638 1219 698 ὅστις
1270 640 1511 710 ὡμοιώθη
1574 636 1665 689 ἀν-

147 729 310 798 θρώπῳ,
355 722 758 793 ἰνανθρωπήσας.
820 726 900 780 Ἐν
952 727 1240 799 ὁμοιώματι
1304 728 1427 801 γὰρ,
1483 730 1660 798 φησὶν,

144 813 358 887 ἀνθρώπου
430 816 711 885 γενόμενος.
790 814 954 868 Καλόν
1031 811 1090 868 δὲ
1171 819 1395 889 σπέρμα,
1474 819 1661 887 τρόπον

139 901 266 972 ἕτερον
330 899 535 970 ἐκάλεσε,
618 906 740 965 τοὺς
822 904 961 963 υἱοὺς
1042 910 1133 964 τῆς
1213 901 1506 976 βασιλείας,
1592 909 1663 965 ὡς

140 989 255 1050 αὐτός
329 991 646 1062 ἡρμήνευσε-ιι,
737 990 1011 1066 ἐρωτηθεὶς
1089 994 1231 1067 παρὰ
1308 1000 1406 1044 τῶν
1486 994 1656 1063 μαθη·

136 1084 223 1142 τῶν,
287 1082 388 1150 περὶ
465 1078 533 1128 ὧν
613 1076 824 1153 ἐροῦμεν
911 1078 1014 1132 ἐκεῖ
1109 1084 1387 1153 γενόμενοι.
1476 1080 1658 1152 ’Δγρός

134 1160 177 1215 δῖ
220 1164 349 1216 αὐτοῦ
393 1164 530 1219 ἐστιν
588 1168 614 1219 ό
680 1172 897 1240 κόσμος,
961 1170 1030 1232 ὡς
1084 1173 1284 1242 κτὶσμα
1335 1174 1426 1221 καὶ
1480 1177 1658 1241 κτῆμα

132 1270 268 1307 αυτόν.

180 1340 247 1395 Ἐν
283 1336 332 1393 δέ
365 1349 430 1413 τῷ
478 1339 754 1397 καθεύδειν
794 1374 864 1387 —-
907 1343 1126 1404 ἀπῆλθε.
1168 1348 1513 1420 Προαγορεύει
1561 1343 1653 1400 διὰ

126 1434 191 1487 τῆς
249 1429 510 1503 παραϐολῆς
587 1434 803 1499 ταύτης,
882 1438 971 1492 τὴν
1053 1430 1297 1509 δευτέραν
1376 1434 1651 1495 ἐπιϐουλὴν

119 1522 186 1566 τοῦ
222 1512 455 1573 διαϐόλου.
502 1518 668 1572 Ὀταν
708 1525 810 1594 γὰρ
840 1518 930 1595 ἴδῃ
971 1526 1065 1581 τὴν
1112 1522 1271 1581 καλὴν
1312 1531 1411 1595 γῆν
1460 1545 1652 1600 καρπο-

125 1611 324 1676 φοροῦσαν
366 1605 411 1658 ἐν
463 1607 668 1673 ἑκατὸν,
719 1614 810 1662 καὶ
860 1610 909 1662 ἐν
958 1610 1223 1675 ἐξήκοντα,
1271 1617 1359 1664 καὶ
1409 1611 1458 1664 ἐν
1506 1616 1651 1687 τριά-

118 1711 250 1755 κοντα,
285 1698 350 1765 μὴ
397 1692 684 1768 δυνάμενος
728 1697 904 1750 λοιπὸν
946 1702 976 1757 ἤ
1027 1699 1263 1772 ἁρπάσαι
1309 1704 1395 1752 τόν
1434 1708 1645 1775 σπόρον,
1679 1710 1726 1767 Β

120 1780 366 1851 retr/ica:
408 1790 461 1836 τό
491 1783 832 1857 βλαστῆσαν,
877 1787 907 1847 ἦ
961 1784 1238 1851 ἀποπνίξαι
1282 1789 1428 1853 αὐτὸ,
1462 1786 1644 1844 δευτέ-

117 1885 190 1938 ραν
218 1873 387 1940 μέτεισι
437 1878 713 1945 μηχανὴν,
767 1880 857 1928 καὶ
904 1878 972 1938 ὡς
1018 1874 1209 1949 ἔχθρός
1254 1884 1345 1930 τοῦ
1386 1886 1638 1953 γεωργοῦ,

118 1955 343 2020 σπουδάζει
388 1958 692 2036 διαφθεῖραι
737 1966 827 2015 τόν
875 1968 1026 2017 πόνον
1077 1965 1257 2032 αὐτοῦ,
1311 1972 1401 2020 καὶ
1451 1988 1641 2041 κοιμω-

110 2048 230 2113 μένων
302 2057 392 2100 τῶν
476 2049 787 2123 ἀνθρώπων,
882 2052 1065 2124 ἤγουν,
1166 2053 1639 2129 ἀφροντιστούντων

108 2139 193 2203 περὶ
226 2139 299 2193 τὴν
337 2140 444 2208 (22)
495 2139 735 2213 φυλακήν
777 2148 869 2194 τοῦ
917 2140 1099 2216 ἀγροῦ
1142 2140 1371 2215 ἕμφαίνει
1419 2141 1478 2197 δὲ
1522 2150 1639 2207 τοὺς

109 2216 417 2293 διδασκάλους,
447 2232 575 2290 τοὺς
622 2228 848 2300 φύλακας
888 2238 985 2281 τῶν
1031 2228 1341 2303 όρθοδόξων·
1387 2232 1638 2308 ἔνσπείρει

106 2313 281 2397 ﬁliaiam,
331 2320 621 2383 τουτέστιν,
679 2319 990 2390 αἰρετικοὺς,
1060 2320 1252 2392 μεταξὺ
1317 2328 1412 2373 τῶν
1483 2321 1639 2397 ὀρθο-

106 2392 249 2458 δόξων,
281 2405 486 2465 Τούτους
513 2406 624 2480 γὰρ
655 2405 891 2479 ὠνόμασε
916 2414 1079 2476 σῖτον,
1112 2412 1178 2471 ὡς
1206 2392 1537 2485 εὐχρήστους
1566 2420 1637 2483 τῷ

106 2492 335 2561 σπείραντι.

154 2576 248 2630 Ὀτι
302 2609 368 2621 —
433 2582 675 2643 ζιζάνια.
728 2580 927 2657 Ὠσπερ
986 2584 1073 2637 οὖν
1138 2584 1250 2657 (23)
1314 2588 1380 2640 τά
1428 2587 1641 2650 ζιζάνια

104 2658 255 2717 ἐοίκασι
297 2670 380 2739 μὲν
446 2678 519 2740 τῷ
582 2675 728 2742 σίτῳ,
795 2674 930 2725 κατὰ
979 2677 1072 2731 τὴν
1136 2673 1394 2747 καλάμην,
1471 2675 1640 2730 ἀπεοί-

104 2768 200 2802 ιασι
221 2750 283 2817 δέ,
316 2760 446 2809 κατὰ
473 2761 569 2812 τόν
597 2763 813 2832 καρπόν·
859 2760 961 2814 εἰσὶ
1009 2758 1067 2814 δε
1097 2760 1329 2837 βλαϐερὰ
1368 2771 1440 2834 τῷ
1485 2768 1634 2837 σίτῳ⁰

100 2837 201 2891 οὕτω
221 2848 294 2896 καὶ
319 2847 365 2897 οἱ
391 2849 653 2922 αἱρετεκοὶ
681 2846 885 2901 ἐοίκασι
920 2852 1009 2922 μὲν
1047 2858 1153 2912 τοῖς
1180 2848 1476 2924 ὀρθοδόξοις
1503 2856 1639 2906 κατά

97 2932 139 2977 τό
184 2940 362 3004 σχῆμα·
425 2934 717 2989 ἀπεοίκασι
782 2933 842 2989 δὲ
894 2940 1027 2990 κατὰ
1082 2943 1174 2997 τὴν
1245 2938 1452 3007 ἀρετὴν,
1521 2944 1638 3005 ἣτις

96 3015 179 3110 ἐστὶ
198 3027 387 3093 καρπός.
424 3023 614 3099 ’Δρετὴ
652 3020 713 3078 δε
736 3030 826 3079 καὶ
854 3030 1064 3100 καρπός,
1093 3030 1194 3103 πρό
1222 3031 1445 3099 πάντων,
1472 3032 1502 3089 ἡ
1535 3039 1634 3083 τῶν
1671 3051 1714 3110 C

96 3098 319 3176 δημάτων
345 3111 436 3170 ἁλή
445 3098 586 3171 θεια.
922 3098 929 3100 ἡ
1132 3098 1142 3103 -
1431 3098 1435 3099 7
1675 3098 1729 3143 *ί

147 3199 224 3248 Καὶ
259 3202 478 3275 καθάπερ
524 3204 593 3254 τά
640 3202 853 3263 ζιζάνια
897 3207 1060 3277 μέχρι
1106 3207 1196 3277 μεν
1240 3213 1335 3268 τῆς
1371 3226 1632 3281 καρποφο-

89 3285 175 3367 {iis
253 3285 561 3343 λανθάνοντα
681 3291 1038 3355 συναύξονται,
1138 3298 1253 3347 τότε
1355 3296 1465 3367 (24)
1573 3294 1633 3349 δε

92 3364 487 3440 διτιινὼσκονται·
536 3378 704 3439 οὕτως
754 3380 858 3451 ἄρα
906 3384 995 3432 καὶ
1047 3383 1098 3433 οἷ
1150 3384 1419 3454 αἰρετικοὶ,
1467 3388 1633 3459 μέχρι

199 3470 278 3515 τοῦ
342 3462 649 3534 διδάσκειν,
707 3466 1039 3529 λανθάτοντες
1092 3467 1492 3541 συνδιάγουσιν.
1550 3475 1631 3525 ὅτε

87 3540 130 3639 ξε
186 3553 285 3618 (2'5)
343 3554 535 3613 πολλὴν
595 3554 799 3608 λάϐωσι
850 3555 1168 3632 παρρησίαν,
1239 3540 1354 3612 τοτε
1407 3565 1494 3613 τόν
1557 3562 1631 3615 ἰόν

82 3638 283 3704 αχέςυσι
334 3647 420 3695 καὶ
487 3640 954 3715 δια-γινώσκονται.
1024 3650 1122 3699 Λιό
1195 3651 1285 3699 καὶ
1367 3646 1631 3722 προλαϐὼν

83 3728 205 3789 cum,
251 3728 322 3780 ὁτι
389 3732 522 3785 ’Δπό
612 3740 714 3785 τῶν
783 3742 991 3805 καρπῶν
1062 3734 1228 3787 αὐτῶν
1284 3734 1632 3808 ἐπιγνώσεσθε

82 3810 247 3876 rimi;
278 3823 372 3871 Καὶ
417 3819 608 3895 ἑτέρως
654 3816 731 3874 δέ’
779 3822 861 3874 ὅτε
894 3824 983 3894 μεν
1032 3824 1263 3899 ἔσπειρεν
1311 3825 1336 3876 ὁ
1382 3829 1628 3898 Χριστὸς,

77 3900 153 3988 ei:
186 3902 418 3974 ἐφάνησαν
468 3911 752 3983 αἰρετιχοί’
803 3911 883 3963 ὅτε
925 3907 984 3963 δι
1031 3911 1338 3975 ηὐξήθησαν
1386 3915 1436 3965 οἱ
1480 3912 1634 3988 ὀρθό-

83 3982 213 4061 δῦξοι,
239 3999 340 4047 τότε
368 3995 595 4070 ἀνεφάνη
603 4017 725 4052 σαν.

135 4084 470 4153 Προσελθόντες
582 4118 655 4127 —
740 4086 998 4155 ζιζάνια;
1053 4086 1450 4152 Οἰκοδεσπότὴς
1540 4094 1629 4163 μέν

79 4162 189 4217 ἐστιν
228 4172 383 4237 αὐτὸς,
433 4178 506 4238 ὡς
558 4183 657 4228 τοῦ
711 4179 911 4248 κόσμου
965 4181 1251 4238 Δεσπότης.
1306 4174 1525 4240 δούλους
1573 4175 1630 4232 δὲ

74 4256 223 4318 αύτούς
240 4271 398 4316 ταῦτα
444 4265 700 4335 λέγοντας
746 4263 974 4331 πλάττει,
1025 4270 1146 4326 τοὺς
1200 4268 1531 4341 θερμοτέρους
1560 4268 1631 4329 εἰς

76 4359 144 4437 ’st
188 4348 293 4420 ὑπὲρ
359 4352 601 4413 εὐσεϐίας
678 4352 829 4413 ζῆλον
887 4351 1218 4427 ὀρθοδόξους,
1283 4356 1333 4406 οῖ
1384 4354 1632 4418 πολλάκις
1661 4387 1707 4446 D

76 4447 425 4501 α-ίτιεατοῡντες
475 4441 877 4514 ἑξαποροῦνται,
926 4451 1037 4504 πῶς
1083 4445 1109 4495 ό
1153 4446 1276 4504 Θεὸς
1323 4452 1632 4518 παραχωρεῖ

78 4530 253 4574 τοιαὶτςι
276 4532 488 4596 φύεσθαι
513 4530 753 4593 ζιζάνια.

136 4607 182 4660 Ὀ
242 4609 291 4668 ἃ
362 4649 424 4659 —
508 4617 779 4676 ἐποίησεν.
855 4617 1153 4694 Ἄνθρωπον
1227 4620 1483 4693 ὠνόμασε,
1547 4620 1629 4673 τόν

80 4692 294 4769 διάϐολον,
343 4710 409 4769 ὡς
457 4704 624 4761 οὐδὲν
678 4706 947 4781 ἀνθρώπου
1001 4705 1332 4784 διαφέροντα,
1384 4711 1519 4762 κατὰ
1570 4712 1628 4762 τὸ

136 4822 341 4901 Philipp.
370 4830 439 4898 11,
467 4836 526 4887 -ι,
614 4830 664 4867 ιο
688 4830 885 4889 Matth.
916 4830 1042 4898 vn,
1078 4835 1162 4888 to.

1778 457 1935 515 tibus
1960 457 2213 530 perfecte
2237 473 2448 513 sumus
2476 456 2868 528 interpretati.

1847 546 2009 602 Vers.
2048 546 2138 602 24.
2169 547 2368 603 Aliam
2398 576 2465 585 —
2494 560 2635 616 agro
2679 561 2804 601 suo.
2842 546 3113 617 Regnum
3140 548 3432 607 caelorum

1774 650 1931 691 nunc
1966 635 2233 708 seipsum
2261 634 2528 691 nominat
2565 634 2668 706 qui
2699 640 3014 706 assumpta
3040 652 3212 693 carne
3239 637 3428 695 homi-

1773 724 1835 779 ni
1891 723 2253 779 assimilatus
2301 727 2416 779 est.
2474 723 2548 778 In
2606 722 3016 789 similitudine,
3066 724 3282 799 inquit,
3332 728 3428 785 Ιιο-

1770 813 1997 868 minum
2023 813 2223 882 factus
2250 814 2293 865 ο.
2328 813 2540 867 Semen
2590 815 2789 866 autem
2814 811 3047 868 bonum
3091 813 3207 870 alio
3238 816 3423 874 modo

1769 900 1922 956 ﬁlios
1988 901 2157 970 regni
2215 899 2463 963 vocavit,
2520 902 2689 969 prout
2746 899 2875 971 ipse
2936 900 3331 974 interrogatus
3385 922 3423 964 ε.

1767 989 2073 1061 discipulis
2104 989 2525 1061 interpretatus
2555 991 2663 1052 est,
2691 987 3210 1060 quemadmodum
3267 993 3421 1051 dice-

1767 1094 1922 1146 mus,
1977 1094 2116 1133 cum
2174 1092 2243 1133 eo
2311 1076 2780 1148 pervenerimus.
2835 1078 2989 1149 Ager
3050 1094 3192 1135 vero
3266 1081 3417 1153 ejus,

1764 1166 2031 1223 mundus
2062 1170 2166 1232 est,
2216 1170 2500 1238 tanquam
2530 1168 2799 1222 creatura
2828 1179 2899 1221 ac
2927 1166 3227 1237 possessio
3253 1169 3408 1241 ejus.

1832 1345 1990 1399 Vers.
2014 1344 2102 1398 2'5.
2135 1340 2574 1397 Dormientibus
2598 1348 2795 1399 autem
2837 1372 2908 1385 --
2936 1343 3105 1401 abiit.
3148 1348 3277 1404 Haec
3306 1362 3414 1419 pa-

1759 1430 1966 1489 rabola
1985 1430 2197 1487 alteras
2218 1428 2437 1486 diaboli
2452 1428 2705 1485 insidias
2728 1430 3056 1488 denuntiat.
3082 1432 3228 1489 Cum
3249 1434 3411 1492 enim

1760 1526 1977 1577 terram
2004 1519 2233 1576 bonam
2268 1517 2476 1574 viderit
2499 1516 2757 1574 fructum
2787 1519 3116 1590 producere
3141 1526 3245 1579 aut
3275 1538 3409 1581 cen-

1758 1609 1992 1681 tuplum
2046 1612 2148 1665 aut
2188 1606 2673 1679 sexagecuplum,
2714 1611 2815 1664 aut
2849 1608 3256 1682 trigecuplum,
3295 1626 3407 1670 nec

1757 1714 1930 1771 posse
1969 1712 2032 1754 se
2056 1700 2159 1754 aut
2188 1710 2393 1752 semen
2420 1710 2651 1767 rapere,
2676 1700 2775 1752 aut
2805 1697 2969 1768 quod
3001 1699 3405 1767 germinatum

1753 1793 1839 1843 est
1871 1801 2037 1843 urere
2064 1784 2157 1841 vel
2196 1783 2508 1851 suﬂ‘ocare,
2546 1784 2843 1840 secundas
2880 1786 3223 1856 aggreditur
3261 1788 3404 1845 insi-

1750 1875 1902 1941 dias,
1923 1880 1980 1932 et
2010 1880 2298 1947 tanquam
2324 1872 2450 1945 ejus
2480 1872 2582 1945 qui
2616 1872 2925 1930 seminavit
2960 1874 3255 1943 inimicus,
3310 1878 3404 1934 ni-

1748 1964 1886 2021 titur
1911 1964 2048 2020 ilius
2085 1963 2356 2019 laborem
2385 1959 2673 2034 perdere:
2711 1960 3261 2036 dormientibusque
3298 1965 3402 2021 ho-

1748 2053 2011 2117 minibus,
2043 2052 2167 2107 sive
2194 2066 2403 2107 curam
2448 2049 2607 2106 circa
2632 2049 2762 2119 agri
2820 2050 3157 2107 custodiam
3202 2053 3400 2111 remit-

1747 2142 2005 2198 tentibus
2034 2140 2276 2212 (indicat
2304 2146 2501 2196 autem
2551 2142 2942 2211 praceptores
2969 2143 3028 2196 et
3054 2141 3396 2214 magistros,

1744 2230 1851 2304 qui
1880 2229 2351 2287 orthodoxorum
2381 2231 2525 2283 sunt
2548 2227 2848 2301 custodes)
2886 2228 3293 2287 interseminat
3319 2232 3400 2289 zi-

1744 2319 1937 2385 zania,
1970 2318 2085 2375 hoc
2132 2322 2224 2374 est
2262 2316 2569 2373 hereticos
2616 2316 2768 2373 inter
2801 2317 3165 2376 orthodoxos
3198 2335 3213 2375 :
3257 2336 3398 2379 nam

1744 2408 1857 2465 hos
1888 2407 2149 2464 triticum
2176 2404 2522 2471 nominavit,
2554 2407 2844 2478 tanquam
2869 2405 2924 2465 ei
2952 2404 3056 2478 qui
3082 2408 3399 2468 seminavit

1744 2494 1932 2554 utiles.

1816 2585 1979 2640 Vers.
2008 2584 2097 2639 26.
2138 2583 2284 2639 Cum
2312 2612 2383 2622 —
2410 2579 2667 2639 zizania.
2699 2580 3224 2649 Quemadmodum
3253 2584 3395 2643 ziza-

1745 2671 1848 2729 nia
1912 2672 2101 2728 tritico
2157 2670 2373 2727 similia
2445 2673 2579 2725 sunt
2634 2670 2696 2725 in
2751 2670 3056 2740 arundine,
3082 2671 3398 2733 dissimilia

1744 2775 1885 2817 vero
1909 2759 1970 2816 in
1992 2759 2206 2823 fructu,
2254 2758 2428 2830 eique
2457 2756 2666 2813 nociva
2693 2761 2870 2814 sunt:
2930 2758 3013 2815 ita
3040 2762 3098 2814 et
3134 2746 3394 2816 heretici

1744 2847 2092 2919 orthodoxis
2123 2851 2262 2903 sunt
2308 2844 2531 2902 similes
2566 2845 2799 2913 habitu,
2833 2845 2939 2902 sed
2970 2846 3179 2903 virtute
3215 2846 3394 2905 dissi-

1745 2936 1933 3005 miles,
1955 2952 2091 3009 quaa
2107 2940 2195 2991 est
2216 2934 2436 2992 fructus
2465 2953 2478 3003 ;
2497 2933 2687 2990 virtus
2712 2938 2914 2991 autem
2936 2937 2995 2990 et
3011 2935 3241 3008 primus
3266 2950 3394 2993 om-

1744 3025 1910 3082 nium
1938 3024 2160 3081 fructus
2191 3026 2296 3090 est,
2332 3022 2683 3093 dogmatum
2708 3023 2943 3081 veritas.

1814 3204 1880 3258 Et
1916 3197 2425 3273 quemadmodum
2474 3197 2699 3256 zizania
2734 3215 2926 3273 usque
2965 3190 3044 3257 ad
3072 3200 3391 3260 fructiﬁca-

1740 3292 1964 3349 tionem
1993 3288 2285 3345 occultata
2319 3291 2609 3351 crescunt,
2634 3291 2775 3343 tunc
2804 3290 3006 3344 autem
3038 3288 3394 3358 dignoscan-

1740 3384 1853 3450 tur,
1909 3379 1992 3434 ita
2052 3391 2191 3433 sane
2234 3379 2292 3431 et
2329 3373 2588 3430 haeretici
2639 3388 2950 3447 quousque
2998 3374 3253 3432 doceant
3288 3376 3385 3449 (ο),

1738 3468 1985 3527 latentes
2007 3468 2358 3539 permanent
2388 3481 2404 3520 :
2432 3463 2534 3519 ubi
2564 3478 2698 3520 vero
2728 3477 3017 3533 magnam
3057 3479 3392 3537 assumpse-

1738 3558 1856 3614 rint
1880 3555 2181 3625 ﬁduciam,
2212 3558 2353 3610 tunc
2384 3567 2683 3610 venenum
2708 3550 3023 3609 eﬂundunt
3047 3567 3118 3609 ac
3151 3552 3393 3623 dignos-

1740 3652 1972 3702 cuntur.
2032 3643 2172 3700 Ideo
2230 3657 2472 3715 quoque
2529 3640 2588 3696 in
2637 3640 3107 3713 praecedentibus
3131 3640 3386 3699 dixitzA

1734 3734 2020 3806 fructibus
2037 3748 2231 3789 eorum
2248 3729 2596 3802 cognoscetis
2622 3746 2711 3787 eos
2739 3731 2808 3788 ¹⁰.
2826 3730 3115 3787 Praeterea
3131 3733 3187 3787 et
3201 3729 3388 3797 aliter,

1739 3823 1986 3898 quando
2017 3821 2330 3878 seminavit
2359 3821 2642 3887 Christus,
2671 3824 2812 3877 tunc
2836 3834 2960 3875 non
2982 3823 3394 3892 apparuerunt

1737 3912 2040 3983 haeretici;
2090 3926 2229 3966 cum
2273 3913 2475 3966 autem
2520 3908 2837 3965 crevissent
2882 3906 3221 3978 orthodoxi,
3249 3912 3391 3966 tunc

1740 3998 2130 4057 demonstrati
2169 4001 2330 4055 sunt.

1810 4089 1983 4146 Vers.
2020 4092 2107 4142 27.
2139 4085 2483 4144 Accedenles
2509 4114 2579 4126 -—-
2618 4083 2837 4142 zizania
2864 4084 2893 4141 ?
2936 4083 3389 4142 Paterfamillias

1739 4178 1865 4250 ipse
1884 4180 1975 4233 est
2006 4175 2272 4231 Christus
2296 4178 2587 4245 tanquam
2605 4172 2812 4229 mundi
2829 4172 3118 4230 Dominus
3146 4188 3159 4227 :
3185 4187 3391 4230 servos

1741 4281 1881 4322 vero
1921 4280 2057 4319 suos
2088 4261 2189 4335 qui
2216 4262 2342 4318 haec
2367 4262 2569 4317 dicant
2594 4260 2819 4331 efﬁngit
2873 4259 3260 4329 orthodoxos,
3283 4260 3389 4332 qui

1739 4353 2152 4411 ferventiorem
2173 4365 2316 4420 erga
2342 4349 2569 4405 cultum
2598 4365 2775 4405 suum
2805 4350 3019 4418 gerunt
3037 4346 3251 4413 zelum,
3282 4347 3388 4420 qui

1738 4443 2076 4514 frequenter
2137 4439 2512 4495 admirantur
2554 4453 2693 4494 cum
2743 4435 3173 4507 indignatione,
3216 4436 3385 4509 quod

1741 4534 1895 4587 Deus
1925 4527 2148 4584 zizania
2176 4526 2340 4583 nasci
2370 4525 2692 4598 permittat.

1810 4622 1968 4675 Vers.
2023 4616 2111 4672 28.
2159 4616 2268 4673 Ille
2318 4622 2513 4672 autem
2570 4645 2638 4655 —
2672 4613 2817 4684 fecit
2874 4611 3186 4669 Hominem
3238 4612 3386 4671 dixit

1739 4706 2052 4764 diabolum
2072 4710 2363 4778 tanquam
2376 4702 2519 4761 nihil
2533 4703 2611 4761 ab
2628 4700 2977 4760 hominibus
2990 4700 3382 4771 diﬂ‘erentem,

1273 4953 1495 5024 Variae
1524 4955 1847 5024 lectiones
1879 4961 1945 5025 et
1982 4961 2180 5022 notae.

68 5141 239 5230 :_
276 5151 377 5210 τῆς
421 5147 693 5230 χξιλακῆς.
746 5146 814 5202 Α.
868 5146 1629 5230 Αφροντιστιῖνιριοτιιῳςνιιο

59 5218 285 5292 Iungitur
306 5218 589 5288 genitivo,
619 5219 744 5274 sine
768 5218 1206 5291 praepositione.
1221 5218 1304 5276 Ita
1327 5218 1491 5292 apud
1522 5218 1631 5276 Xe-

66 5229 149 5279 lﬂn
204 5229 285 5273 tur
306 5229 589 5288 genitivo,
619 5233 744 5274 sme
768 5234 790 5291 ι

66 5229 217 5421 110;.
249 5290 525 5417 Symﬁs,
550 5304 675 5359 vni,
698 5293 790 5347 33.

141 5356 217 5421 23)
238 5364 336 5413 Ουν
479 5365 537 5418 at
559 5361 632 5415 Α.

141 5356 217 5427 23)
238 5356 336 5413 Οὖν
361 5356 537 5418 abest
559 5361 632 5415 A.

1810 5147 1922 5220 (24)
1948 5151 2073 5201 Τότε
2099 5143 2158 5199 δε
2198 5142 2637 5220 διαγινώφιονται
2656 5146 2873 5220 absunt
2897 5146 2964 5220 ᾼ.

1735 5213 1927 5342 λ’ἓῖὅ)
1960 5223 2060 5273 Καί
2090 5233 2194 5291 pro
2240 5213 2392 5274 δέἈ.
2440 5217 2571 5275 Mox
2620 5215 2784 5278 idem
2828 5217 3067 5284 λείϐοντες
3120 5217 3249 5291 (sic)
3273 5230 3379 5291 pro

1766 5309 1799 5341 α
1837 5308 1960 5348 ωσι.

123 5506 505 5583 (Olpaeaque
526 5510 809 5572 doceant.
846 5509 1151 5569 Sententia
1176 5515 1283 5568 est.
1314 5514 1632 5585 antequam
1661 5508 1936 5569 doceant.
