3906 6202
453 249 560 307 407

455 465 815 536 subjectum,
850 470 905 521 et
946 470 1231 536 tanquam
1267 480 1437 537 aeque
1467 469 1531 520 ut
1560 465 1739 520 homo
1769 482 1863 521 res
1897 482 2094 521 aman-

452 559 571 610 tem
611 569 946 625 corporeas,
986 554 1346 624 terrenisque
1368 554 1694 609 admistum
1735 570 1887 609 esse.

523 643 689 698 Vers.
716 643 802 697 28.
832 644 914 697 At
940 645 1095 697 servi
1128 673 1197 683 —
1239 656 1303 698 ea
1331 643 1359 698 ‘t
1403 642 1784 714 Colligamus,
1818 643 2100 700 violenter

454 731 787 799 evellentes,
816 747 884 786 ac
916 731 1130 799 gladiis
1160 731 1553 787 demittentes.

522 823 687 875 Vers.
722 824 811 875 29.
842 820 950 876 Ille
983 826 1179 875 autem
1207 850 1271 859 —
1305 819 1587 875 triticum.
1650 821 1957 877 Prohibuit
1996 837 2099 877 au-

452 908 583 963 ferri
626 908 955 972 haereticos,
999 922 1073 963 ne
1130 908 1309 962 etiam
1357 906 1578 978 pariter
1626 908 1942 964 orthodoxi
1992 926 2099 965 au-

452 996 763 1052 ferrentur.
796 998 1077 1051 Futurum
1109 996 1268 1051 enim
1307 1001 1430 1051 erat
1456 1000 1517 1051 ut
1545 996 1702 1053 bella
1734 999 1989 1053 invicem
2027 1015 2098 1057 ac

453 1084 642 1140 caedes
673 1084 985 1139 orirentur.

523 1173 686 1226 Vers.
716 1171 805 1226 30.
855 1172 1044 1228 Sinite
1073 1202 1139 1214 —
1182 1187 1436 1228 messem.
1494 1174 1853 1245 Uutrumque
1888 1190 2093 1245 genus.

453 1264 704 1315 Messcm
730 1263 928 1315 autem
953 1260 1098 1315 dicit
1132 1260 1343 1315 mundi
1374 1262 1974 1317 consummationem.
2002 1263 2098 1317 Ju-

451 1349 704 1416 betergo
731 1352 795 1402 ut
820 1348 1119 1418 utriusque
1137 1347 1650 1417 generishomines
1679 1348 1877 1403 sinant
1904 1350 2097 1405 vivere

454 1440 800 1503 crescentes,
841 1440 1170 1507 auctosque
1226 1451 1474 1490 numero
1526 1435 1589 1489 in
1644 1437 1869 1492 mundo
1911 1454 2096 1508 usque

452 1525 531 1581 ad
583 1524 1187 1580 consummationem.
1253 1523 1579 1579 Verisimile
1642 1525 1937 1597 siquidem
1987 1531 2093 1592 est,

454 1616 590 1669 ante
620 1612 680 1668 id
722 1616 956 1685 tempus
1013 1612 1233 1669 multos
1280 1612 1708 1668 convertendos
1749 1613 2095 1670 haereticos:

1785 252 2118 309 EUTHYMII
2156 250 2484 307 ZIGABENI
3629 260 3711 318 403

452 377 513 432 in
540 391 611 432 eo
631 373 796 448 quod
826 378 912 432 est
944 374 1360 433 affectionibus
1387 390 1457 431 ac
1500 375 1907 449 voluptatibus
1960 392 2091 434 esse

2220 378 2427 448 ἐμπαθὲς
2480 378 2569 428 καὶ
2639 376 2753 448 φιλή
2764 372 2930 443 δονον,

3012 381 3103 429 καὶ
3158 378 3219 436 ὡς
3275 377 3379 449 (26)
3434 378 3590 443 ἐπὶσης
3646 384 3711 436 ἁν-

2208 468 2393 537 θρώπῳ
2451 464 2927 537 φιλοσωματοῦντα,
2990 470 3078 516 καὶ
3139 472 3243 526 τοῖς
3279 469 3457 535 γηίνοις
3513 468 3716 545 ἀνάγυρό-

2205 574 2371 626 μενον.

2280 646 2345 695 Oi
2399 640 2457 695 δὲ
2509 640 2687 694 δοῦλοι
2749 674 2817 682 -
2864 642 2994 693 αὐτά
3041 658 3053 707 ;
3098 641 3402 714 Συλλέξομεν,
3454 643 3717 710 ἀνασπῶντες

2209 731 2416 802 βιαίως,
2451 736 2539 782 καὶ
2572 731 2769 802 ξίφεσιν
2799 729 3139 803 ἔκθερίζοντες
3170 731 3298 799 (27).

2280 818 2335 870 Ο’
2392 816 2449 870 δὲ
2522 850 2590 858 —
2678 826 2839 872 σῖτον.
2921 818 3200 871 Ἐκὼλυσεν
3275 818 3563 891 ἀναιρεῖσθαι
3631 828 3720 883 τοὺς

2209 909 2518 980 αἰρετικοὺς,
2588 904 2681 959 διὰ
2743 910 2801 958 τὸ
2878 911 2949 977 μὴ
3023 910 3429 981 συναναιρεῐσθαι
3498 914 3573 960 καὶ
3633 916 3721 971 τοὺς

2208 992 2540 1067 ὀρθοὸοξους.
2616 994 2863 1066 ἾΞμελλον
2932 997 3032 1068 γὰρ
3098 995 3308 1068 πόλεμοι
3370 1000 3577 1067 γίνεσθαι
3630 1017 3718 1050 κατ’

2208 1083 2430 1141 ἀλλήλων
2456 1088 2545 1135 καὶ
2569 1088 2766 1154 σφαγαί
2774 1126 2784 1136 .

2275 1170 2461 1242 Ἄφετε
2513 1202 2580 1212 -
2640 1174 2907 1244 θερισμοῦ.
2976 1171 3265 1245 Ἀμφότεροι
3318 1174 3377 1223 τὰ
3426 1177 3552 1242 γένη.
3601 1181 3720 1243 esp:-

2210 1264 2339 1329 σμὸν
2392 1257 2449 1311 δὲ
2500 1260 2652 1329 λέγει,
2709 1266 2800 1317 τὴν
2849 1268 2939 1311 τοῦ
2995 1265 3196 1331 κόσμου
3247 1259 3527 1312 συντελειαν.
3568 1261 3726 1313 Κελεύει

2206 1344 2293 1398 οὖν
2345 1347 2427 1417 ἐᾲν
2486 1347 2746 1420 ἀμφότερα
2796 1352 2860 1399 τὰ
2910 1352 3029 1419 γένη
3094 1353 3206 1420 ζῇν,
3270 1348 3638 1419 συναυξανόμενα
3692 1348 3727 1398 ἓν

2203 1443 2277 1504 τῷ
2348 1440 2547 1507 κόσμῳ,
2608 1440 2769 1507 μέχρι
2836 1436 3142 1497 συντελείας·
3203 1437 3337 1498 εἰκὸς
3399 1439 3509 1509 γὰρ,
3559 1435 3730 1496 πολλοὺς

2206 1531 2302 1574 τῶν
2349 1527 2614 1597 αἱρετικῶν
2666 1526 2799 1597 οῖχρι
2845 1528 2958 1575 τότε
3001 1523 3418 1595 μεταϐληθῆναι·
3450 1523 3502 1574 οὗ
3545 1528 3629 1594 μὴν
3663 1520 3733 1574 διὰ

2204 1619 2355 1663 τοῦτο
2389 1614 2499 1681 (28)
2552 1615 3031 1685 συναναμίγνυσθαι
3080 1620 3184 1673 τοῖς
3227 1614 3504 1685 αἱρετικοῑς.
3537 1612 3733 1684 Εὐρύχω.

452 1718 563 1759 nec
588 1707 785 1757 tamen
816 1700 893 1757 ob
922 1701 1035 1757 hoc
1064 1700 1175 1757 illis
1221 1700 1596 1756 commisceri
1634 1705 1865 1772 oportet
1902 1717 1914 1755 :
1942 1703 2094 1771 spati

2220 1718 2288 1759 >ος
2338 1704 2438 1774 γαρ
2485 1702 2510 1751 ὁ
2561 1705 2775 1771 κόσμος,
2832 1705 2920 1750 καὶ
2982 1697 3063 1752 δεῖ
3119 1700 3231 1769 (29)
3283 1700 3456 1759 αὐτοὺς
3501 1701 3604 1750 καθ’
3641 1699 3733 1750 ἐαυ-

452 1808 595 1847 osus
633 1791 791 1847 enim
831 1794 917 1846 est
946 1790 1041 1846 hic
1072 1790 1335 1845 mundus
1370 1808 1383 1844 :
1417 1794 1474 1845 et
1510 1789 1639 1845 illos
1677 1806 1783 1861 per
1809 1806 1869 1845 se
1899 1791 2096 1848 vivere

453 1884 703 1952 oportet,
736 1894 860 1935 non
917 1878 1150 1934 ablatos
1173 1878 1252 1949 (p)
1301 1879 1569 1950 quidem,
1626 1880 1731 1935 sed
1768 1884 2091 1951 separatos,

451 1985 527 2025 ne
553 1968 827 2024 docendo
857 1970 1241 2038 corrumpant
1291 1967 1456 2038 quod
1486 1968 1843 2024 seminatum
1881 1973 1968 2024 est
2002 1970 2098 2025 tri-

453 2057 656 2112 ticum.

523 2147 680 2201 Vers.
734 2144 823 2199 30.
871 2143 953 2199 Et
974 2172 1045 2184 —
1069 2142 1420 2199 messoribus
1450 2146 1773 2201 :Messores
1801 2160 1963 2201 nunc
1991 2161 2099 2203 an-

456 2233 619 2305 gelos
648 2231 936 2288 nominat.

524 2322 689 2377 Vers.
717 2320 802 2376 30.
830 2320 1094 2391 Colligite
1117 2348 1186 2359 —
1224 2319 1475 2377 zizania.
1535 2319 1726 2376 Metite
1759 2321 1907 2378 falce
1946 2338 2099 2379 mor-

454 2412 529 2469 tis
558 2411 799 2466 inventa
828 2413 968 2464 tunc
999 2409 1236 2465 zizania.
1282 2410 1473 2475 Quare
1530 2415 1729 2466 autem
1776 2411 2040 2483 primum
2070 2414 2099 2468 ?

452 2503 535 2557 Ne
601 2500 779 2555 etiam
830 2502 970 2553 tunc
1017 2498 1276 2554 viventes
1346 2499 1664 2557 orthodoxi
1719 2500 1895 2555 simul
1961 2517 2097 2557 cum

451 2586 743 2645 haereticis
807 2586 1027 2643 mistim
1097 2586 1376 2652 demessi,
1449 2604 1702 2660 pravam
1756 2590 2101 2661 concipiunt

454 2692 645 2749 spem.

523 2766 683 2821 Vers.
711 2768 798 2820 30.
842 2765 919 2820 Et
961 2795 1028 2805 —
1074 2764 1412 2833 fascicutos.
1466 2765 1744 2835 Colligate
1798 2782 1897 2823 eos
1954 2766 2097 2821 invi-

453 2870 600 2910 cem.
635 2854 905 2910 Ostendit
930 2858 1127 2909 autem
1159 2869 1354 2909 sermo
1393 2854 1553 2925 quod
1599 2854 1660 2909 hi
1721 2855 1823 2927 qui
1877 2854 1936 2909 in
1997 2871 2096 2911 eo-

454 2944 593 2999 dem
636 2947 879 3014 peccato
943 2943 1404 3010 communicant,
1447 2942 1626 2998 etiam
1678 2944 1739 2998 in
1810 2944 2096 3015 supplicio

455 3031 937 3087 communicaturi
983 3034 1121 3086 sunt
1166 3031 1399 3099 eodem,
1469 3031 1767 3104 simulque
1813 3033 2096 3089 ultionem
2130 3065 2174 3124 ρ

457 3118 859 3176 sustinebunt.

525 3210 679 3265 Vers.
728 3209 813 3264 30.
855 3207 954 3263 Ad
993 3238 1063 3249 —
1118 3224 1331 3265 meum.
1390 3207 1613 3265 Similia
1673 3225 1915 3282 quoque
1955 3212 2101 3282 Bap-

455 3297 588 3354 tista
648 3296 996 3353 Sadducaais
1042 3313 1110 3353 ac
1192 3297 1501 3354 Pharisaeis
1549 3298 1949 3354 comminatus
2014 3302 2101 3355 est

454 3387 621 3443 tertio
652 3386 865 3459 capite,
896 3386 1100 3441 dicens
1142 3387 1215 3442 de
1270 3385 1517 3450 Christo,
1578 3387 1745 3458 quod
1774 3388 1950 3443 etiam
2003 3387 2103 3442 tri-

457 3477 637 3532 ticum
666 3491 833 3530 suum
856 3475 1224 3544 congregabit
1244 3475 1306 3528 in
1330 3475 1607 3530 horreum
1638 3491 1828 3540 suum,
1868 3479 2101 3544 paleam

456 3570 649 3619 autem
702 3562 993 3619 eomburet
1041 3562 1177 3631 igne
1242 3563 1718 3631 inexstinguibili
1774 3565 1840 3617 ¹⁰.
1898 3566 2103 3628 Quaere

457 3666 599 3719 ergo
636 3650 738 3713 ibi,
772 3653 830 3703 et
857 3650 1124 3704 invenies
1147 3649 1285 3719 quid
1317 3650 1573 3720 appellet
1604 3650 2102 3715 combustionem,

458 3737 606 3810 quid
658 3736 960 3792 horreum.
1016 3736 1395 3807 Superﬂuum
1426 3738 1575 3791 enim
1625 3742 1732 3808 est,
1776 3740 1956 3794 semel
2000 3741 2103 3795 de-

458 3826 702 3890 clarata,
736 3841 975 3882 rursum
1008 3824 1217 3882 eodem
1249 3824 1431 3882 modo
1462 3824 1844 3899 interpretari.

530 4006 692 4060 Vers.
724 4002 810 4059 31.
844 4002 1046 4060 Aliam
1091 4034 1161 4044 —
1189 4018 1314 4059 suo.
1366 4003 1409 4073 -ι-
1440 4002 1636 4060 Grano
1680 4004 1907 4077 sinapis
1956 4023 2107 4079 prte—

460 4093 819 4151 dicationem
868 4093 1260 4165 comparavit,
1315 4096 1372 4147 et
1402 4093 1480 4148 ob
1534 4109 1779 4165 pravam
1813 4110 2105 4167 apparen-

462 4183 627 4248 tiam,
655 4188 711 4239 et
737 4181 815 4238 ob
847 4180 1126 4237 vilitatem
1179 4180 1459 4236 dictionis
1490 4198 1594 4237 seu
1654 4183 1886 4253 phrasis
1916 4202 1927 4239 :
1970 4202 2104 4257 quas

460 4272 521 4328 in
589 4275 817 4330 tantum
870 4270 1069 4334 crevit,
1128 4274 1193 4326 ut
1241 4270 1427 4327 Attica
1478 4286 1547 4326 ac
1588 4270 1875 4327 mirabilis
1906 4273 1981 4328 ad
2015 4289 2105 4328 ra-

460 4360 874 4418 tiocinandum
908 4361 1239 4415 Graecorum
1278 4358 1676 4431 philosophia,
1713 4360 2003 4416 occultata
2034 4362 2106 4417 sit

461 4449 869 4520 magnitudine
896 4447 1210 4521 Evangelii,
1253 4447 1413 4520 quod
1456 4448 1839 4504 rusticitatem
1890 4465 2010 4521 prae
2046 4466 2106 4506 se

466 4538 718 4593 ferebat.
1137 4579 1145 4588 -

534 4626 805 4693 Regnum
854 4623 1138 4680 caelorum
1167 4640 1329 4681 nunc
1375 4622 1514 4680 dicit
1561 4638 1897 4680 sermonem
1945 4624 2105 4694 ﬁdei,

540 4744 589 4781 ⁷⁸
618 4747 792 4805 Marc.
824 4751 905 4817 iu,
936 4749 1028 4804 21.

2204 1792 2325 1848 τοὺς
2396 1789 2512 1859 ζῇν,
2587 1793 2657 1859 μὴ
2736 1787 3135 1861 ἀναιρουμένους
3204 1792 3315 1859 μὲν,
3393 1788 3732 1859 ἀφαιρουῴιους

2207 1873 2265 1928 δὲ
2296 1880 2353 1928 τὸ
2386 1874 2661 1929 διδάσκειν
2704 1882 2793 1929 καὶ
2844 1876 3184 1949 λυμαίνεσθαι
3226 1886 3300 1947 τῷ
3350 1881 3469 1947 σίτῳ
3512 1883 3589 1927 τοῦ
3627 1880 3735 1926 σπεί-

2205 1985 2402 2040 ραντος.

2282 2149 2379 2198 Καὶ
2436 2175 2504 2187 —
2553 2147 2831 2218 θερισταῖς.
2898 2145 3155 2218 Θεριστὰς
3215 2165 3304 2196 νυν
3363 2143 3580 2216 ὀνομάζει
3648 2143 3737 2198 τοὺς

2208 2232 2470 2305 ἀγγέλους.

2278 2322 2549 2384 Συλλέξατε
2594 2351 2659 2362 -
2705 2322 2934 2383 ζιζάνια.
2988 2325 3245 2393 Θερίσατε
3294 2330 3364 2391 τῷ
3412 2320 3517 2390 (30)
3555 2315 3740 2390 δρεπάνῳ

2206 2418 2296 2462 τοῦ
2345 2412 2563 2462 θανάτου
2611 2412 2675 2461 τὰ
2723 2412 3061 2484 εὑρισκόμενα
3104 2414 3217 2461 τότε
3269 2410 3490 2471 ζιζάνια.
3536 2408 3667 2459 Aturi
3699 2399 3743 2453 δε

2205 2498 2584 2572 πρῶτον;”1να
2652 2502 2722 2570 μὴ
2792 2503 2881 2549 καὶ
2942 2500 2990 2549 οἱ
3058 2498 3247 2558 ζῶντες
3304 2503 3574 2556 τηνικαῦτα
3630 2493 3744 2564 ὀρθο-

2209 2584 2370 2651 δοξοι,
2418 2589 2889 2661 συνεκθεριζὸμενοι
2934 2594 3037 2645 τοῖς
3078 2589 3358 2660 αἱρετικοῖς
3402 2583 3590 2655 ἀναμὶξ,
3627 2597 3741 2633 πονη-

2205 2679 2301 2749 ρὰς
2327 2675 2527 2738 ἕξουσιν
2565 2672 2799 2736 ἐλπίδας.

2279 2770 2378 2817 Καὶ
2450 2796 2517 2803 -
2595 2760 2815 2836 δεσμάς.
2896 2761 3196 2821 Συνδὴσατε
3285 2763 3471 2822 αὐτοὺς
3530 2757 3740 2813 ἀλλήλοις.

2208 2852 2469 2924 Ἐμφαίνει
2529 2849 2586 2904 δὲ
2642 2854 2666 2903 ὁ
2729 2851 2898 2924 λόγος,
2953 2854 3031 2904 ὅτι
3081 2855 3129 2903 οἱ
3204 2856 3437 2904 κοινωνοὶ
3484 2856 3569 2908 τῆς
3625 2844 3752 2901 oriri;

2206 2940 2481 3013 ἁμαρτίας,
2513 2946 2743 2992 κοινωνοὶ
2775 2946 2974 3003 καὶτῆς
3006 2942 3167 3002 αὐτῆς
3193 2942 3452 3001 κολάσεως
3478 2942 3746 3009 γενήσονται,

2206 3034 2293 3081 καὶ
2322 3030 2453 3101 ὁμοῦ
2483 3034 2575 3087 τὴν
2600 3035 2852 3102 τιμωρίαν
2880 3030 3141 3101 ὑφέξουσι.

2281 3208 2417 3280 Πρὸς
2472 3238 2540 3246 -
2588 3225 2708 3277 μου.
2769 3209 2845 3258 Τὰ
2891 3205 3237 3280 παραπλήσια
3288 3212 3379 3257 καὶ
3432 3206 3456 3256 ὁ
3512 3200 3758 3255 Βαπτιστής

2211 3295 2460 3353 ἠπείλησε
2515 3302 2623 3354 τοῖς
2676 3291 3054 3355 Σαδδουκαίοις
3110 3300 3199 3347 καὶ
3256 3298 3577 3367 Φαρισαίοις,
3628 3289 3668 3339 ἐν
3709 3292 3759 3351 τῷ

2209 3387 2365 3458 τρίτῳ
2444 3382 2720 3453 κεφαλαίῳ,
2789 3382 2941 3435 εἰπὼν
3024 3387 3140 3454 περὶ
3219 3391 3310 3435 τοῦ
3379 3385 3621 3452 Χριστοῦ,
3686 3376 3763 3425 Καὶ

2216 3472 2420 3533 συνάξει
2490 3475 2574 3522 τὸν
2648 3478 2790 3522 σῖτον
2866 3471 3025 3523 αὐτοῦ
3095 3471 3166 3531 εἰς
3223 3476 3318 3528 τὴν
3398 3470 3668 3529 ἀποθήκην,
3722 3464 3764 3509 τὸ

2216 3558 2273 3613 δὲ
2369 3562 2570 3633 ἄχυρον
2664 3562 2981 3611 κατακαύσει
3081 3564 3209 3631 πυρὶ
3355 3558 3603 3624 ἀσϐέστῳ.
3691 3550 3766 3600 Καὶ

2216 3649 2446 3708 ζήτησον
2524 3650 2573 3699 ἐν
2652 3647 2842 3718 ἐκείνῳ,
2916 3652 3004 3699 καὶ
3078 3649 3336 3720 εὑρήσεις,
3410 3652 3460 3698 τί
3525 3648 3605 3715 μὲν
3666 3640 3770 3704 λέγει

3380 3735 3612 3807 Περιττὸν
3693 3726 3769 3793 γὰρ

3308 3826 3506 3897 ὁμοίως
3596 3817 3774 3889 ἐφερμη-

2215 3739 2560 3803 κατάκαυσιν,
2659 3742 2709 3788 τί
2820 3733 2877 3788 δὲ
2976 3734 3266 3794 ἀποθήκην.

2214 3828 2281 3877 τὰ
2364 3824 2503 3887 ἂπαξ
2609 3826 2977 3898 ἑρμηνευθέντα
3061 3824 3211 3876 πάλιν

2214 3917 2391 3967 νεύειν.

2284 4002 2481 4072 ⁸Αλγην
2534 4033 2600 4041 -
2658 4001 2837 4056 αὐτοῦ.
2893 4001 3101 4073 [Κόκκῳ
3160 4002 3275 4072 (31)
3340 4016 3587 4057 σιναπεως
3637 3994 3761 4065 παρεί

2215 4111 2343 4143 κασε
2398 4095 2455 4141 τὸ
2509 4096 2769 4161 κήρυγμα,
2819 4096 2906 4141 καὶ
2961 4086 3053 4142 διὰ
3113 4095 3167 4142 τὸ
3203 4092 3557 4163 μικροπρεπὲς
3599 4088 3676 4135 καὶ
3720 4078 3775 4130 5‘3-

2216 4179 2346 4238 τελὲς
2402 4188 2498 4229 τῶν
2564 4179 2756 4241 λέξεων,
2832 4180 2856 4230 ὅ
2926 4186 3173 4230 τοσοῦτον
3241 4178 3480 4241 ηὐξήθη,
3547 4174 3670 4226 ὥστε
3707 4170 3778 4223 τήν

2216 4266 2586 4326 ἀττικίζουσαν
2643 4272 2730 4319 καὶ
2789 4264 2960 4323 δεινὴν
3016 4266 3428 4338 συλλογίζεσθαι
3488 4267 3659 4334 σοφίαν
3708 4264 3781 4307 τῶν

2212 4355 2459 4411 Ἑλλήνων
2508 4354 2862 4427 ἀποκρυϐῆναι
2901 4362 2973 4424 τῷ
3000 4357 3201 4426 μεγέθει
3245 4362 3341 4406 τοῦ
3396 4348 3782 4427 ἀγροικιζομέιῡυ

2218 4444 2577 4515 Εὖαγγελ.ίου.]

2290 4621 2559 4673 Βασιλείαν
2615 4618 2673 4673 δὲ
2729 4629 2826 4671 τῶν
2885 4620 3110 4693 οὐρανῶν
3167 4620 3301 4691 λέγει
3367 4628 3476 4685 νῦν,
3538 4620 3619 4667 τὸν
3670 4613 3791 4677 λογον

1687 4874 1903 4943 Variae
1941 4874 2270 4942 lectiones
2309 4882 2374 4940 et
2413 4882 2614 4938 notae.

564 5014 652 5075 26)
692 5020 767 5075 Ως
791 5015 883 5065 καί
912 5014 971 5069 Β.

682 5086 1063 5160 Καθαρίςοντες
1091 5085 1136 5140 Α
1151 5127 1162 5141 .

565 5154 657 5223 '28)
696 5154 1016 5231 Xpr’i'addit
1070 5160 1133 5213 A.
1181 5158 1265 5213 Ita

470 5234 694 5301 oportet
718 5228 919 5285 habet.
954 5228 1105 5301 Licet
1131 5228 1681 5301 autem’inte’lligere
1708 5229 1915 5285 κελεύει.

542 5299 653 5371 (29)
682 5306 851 5353 Δείται
880 5302 927 5354 Α
957 5299 1131 5356 male.

539 5013 561 5226 ἕ

1320 5172 1560 5231 quoque
1620 5158 1955 5231 Hentenius,
2006 5160 2110 5231 qui

2289 5017 2404 5087 (30)
2463 5019 2716 5085 Θερίσατε
2763 5021 2968 5087 πρῶτον
3028 5021 3117 5065 τοῦ
3187 5014 3421 5064 θανάτου
3480 5019 3551 5081 τῷ
3596 5004 3800 5087 δρξπίδὲλ

2216 5079 2307 5140 τάξ
2328 5079 2394 5142 ΑΖ
2426 5094 2467 5138 Π
2471 5079 2632 5157 ρῶτον
2653 5079 3029 5157 probandum
3056 5087 3114 5157 et
3133 5088 3385 5155 propter
3408 5079 3801 5139 textumva-

2219 5158 2372 5229 gelii,
2398 5163 2451 5211 et
2472 5155 2725 5229 propter
2750 5155 3295 5229 interpretationem
3310 5196 3323 5206 .

2290 5230 2401 5300 (31)
2431 5226 2664 5283 Inclusa
2693 5230 2749 5282 in
2780 5226 2969 5297 marg.
3003 5226 3187 5283 habet
3216 5226 3279 5279 Α.

542 5451 625 5525 (p)
648 5452 788 5539 Non.
810 5452 1057 5539 ablatos,
1090 5456 1198 5535 etc.
1232 5455 1316 5539 Ita
1342 5453 1609 5525 quidem,
1642 5458 1705 5511 ut
1756 5470 1877 5511 non
1919 5454 2364 5539 interﬁciuntur,
2398 5452 2503 5509 sed
2539 5456 2605 5508 ut
2642 5452 2947 5524 priventur
2992 5450 3261 5509 facultate
3323 5446 3596 5505 docendi
3623 5446 3675 5499 et
3700 5452 3803 5493 cor-

471 5523 790 5599 rumpendi
830 5524 1001 5583 tritici
1033 5523 1328 5583 seminati.
